4236 6282
255 269 327 328 9⁵
779 330 782 339 .
1632 271 1833 334 LIBER
1868 275 1937 330 pr

1912 273 2143 330 RIMCS.
3442 269 3511 327 9i

255 398 370 437 tum
406 394 644 455 tuorum,
678 389 938 460 spiritalis
988 390 1201 448 scilicet
1248 392 1602 468 intelligentia
1631 406 1684 451 et
1716 413 1833 468 my—
1862 399 1905 455 Α
1937 393 2023 449 nis
2046 392 2167 461 ejus
2186 400 2240 446 et
2262 388 2448 445 odoris
2478 389 2747 444 senserint
2770 386 3115 455 suavitatem,
3137 386 3229 443 ubi
3263 403 3510 459 unguen-

259 478 423 544 stica,
452 496 611 548 super
660 481 838 535 omnia
893 492 1138 535 aromata
1194 484 1418 541 moralis
1468 485 1840 555 naturalisque

259 569 642 639 philosophiae.
703 568 822 625 Non
879 579 1061 625 autem
1094 572 1260 628 lateat
1289 590 1389 630 nos
1420 576 1564 645 quod
1620 576 1673 630 in
1711 576 1837 645 qui-

260 659 489 715 busdam
522 658 932 728 exemplaribus
960 673 1061 729 pro
1104 673 1170 714 eo
1199 661 1343 730 quod
1395 663 1625 732 legimus
1653 680 1667 716 :
1700 661 1838 727 Quia

258 752 389 805 bona
416 760 545 804 sunt
598 750 763 804 ubera
814 762 909 804 tua
937 767 1095 821 super
1122 753 1320 819 vinum,
1369 753 1676 808 invenimus
1705 753 1841 807 scri—

259 852 402 910 ptum
442 860 456 895 :
491 841 644 907 Quia
686 840 835 896 bona:
895 851 1018 896 sunt
1046 842 1265 913 loquela:
1296 852 1401 898 tua:
1442 860 1597 907 super
1618 845 1838 908 vinum;

258 934 400 1003 quod
434 934 702 1005 quamvis
721 934 1006 991 videantur
1048 935 1387 1003 signiﬁcasse
1429 935 1734 991 evidentius
1775 949 1839 989 ea

258 1023 368 1092 ipsa
417 1039 549 1094 qua:
612 1024 770 1080 nobis
829 1024 1063 1094 spiritali
1111 1025 1555 1094 interpretatione
1606 1025 1841 1080 disserta

260 1123 414 1182 sunt,
445 1123 634 1171 tamen
679 1130 778 1170 nos
828 1114 1184 1187 Septuaginta
1231 1114 1590 1186 lnterpretum
1641 1115 1841 1182 scripta

255 1219 351 1273 per
372 1206 570 1261 omnia
600 1205 960 1270 custodimus,
986 1207 1120 1262 certi
1147 1206 1293 1276 quod
1345 1204 1582 1275 Spiritus
1621 1213 1843 1260 sanctus

255 1295 653 1366 mysteriorum
689 1296 893 1353 formas
925 1297 1172 1352 obtectas
1202 1296 1383 1351 inesse
1408 1296 1582 1351 voluit
1604 1295 1657 1350 in
1691 1294 1841 1351 Scri-

254 1388 441 1456 pturis
466 1388 688 1456 divinis,
718 1396 775 1444 et
797 1403 907 1445 non
949 1387 1130 1460 palam
1160 1397 1326 1459 atque
1354 1388 1407 1443 in
1437 1388 1723 1459 propatulo
1746 1388 1844 1444 ha-

256 1470 399 1534 beri.

328 1568 486 1628 Vers.
514 1572 568 1641 Ι,
597 1572 651 1640 5,
675 1573 730 1629 4.
749 1570 1077 1643 Unguentum
1097 1571 1427 1627 exinanitum
1454 1587 1637 1627 nomen
1669 1580 1838 1627 tuum.

1940 492 2119 537 torum
2148 480 2269 551 ejus
2293 479 2644 552 fragrantiam
2694 480 2956 550 ceperint,
3002 480 3211 536 ratione
3242 480 3510 535 duntaxat

1940 570 2210 625 adventus
2231 568 2374 638 ejus,
2408 578 2462 624 et
2491 569 2881 638 redemptionis
2907 583 2971 623 ac
2997 569 3267 638 passionis
3287 585 3506 634 causas,

1938 661 2370 727 charitatemque
2394 659 2737 729 agnoverint,
2795 674 2902 728 qua
2936 673 3033 728 pro
3073 660 3244 713 salute
3263 660 3505 714 omnium

1941 765 2116 819 usque
2141 749 2208 803 ad
2246 755 2475 804 mortem
2507 749 2689 803 crucis
2716 735 3044 802 immortalis
3071 748 3319 812 accessit,
3349 758 3403 804 et
3424 750 3509 804 his

1939 841 2196 896 omnibus
2237 840 2387 894 velut
2439 840 2612 895 divini
2643 839 2928 910 cujusdam
2982 848 3037 894 et
3092 839 3380 894 lneflabilis
3407 856 3509 894 un-

1900 942 1913 987 2
1941 932 2128 1003 guenti
2151 931 2415 988 odoribus
2432 931 2671 986 invitata:
2693 931 3127 998 adolescentulaz,
3143 932 3194 986 id
3214 941 3297 986 est
3319 931 3511 986 animae

1941 1023 2113 1092 plenae
2144 1022 2349 1092 vigoris
2384 1030 2548 1092 atque
2572 1020 2870 1077 alacritatis
2891 1020 3112 1087 ell‘ectaz,
3142 1029 3370 1077 currunt
3391 1028 3513 1091 post

1922 1112 2144 1183 tipsum,
2181 1120 2345 1182 atque
2370 1111 2438 1167 ad
2475 1112 2698 1168 odorem
2727 1111 3015 1167 suavitatis
3066 1112 3186 1181 ejus
3212 1126 3320 1167 non
3364 1112 3512 1166 lento

1943 1203 2138 1274 gradu,
2165 1218 2269 1258 nec
2313 1203 2483 1258 tardis
2514 1201 2789 1273 passibus,
2842 1202 2937 1258 sed
2992 1201 3184 1272 rapido
3236 1217 3400 1257 cursu
3457 1209 3514 1255 et

1943 1302 2056 1349 tota
2088 1294 2472 1365 properatione
2506 1293 2787 1360 festinant,
2819 1294 3279 1365 quemadmodum
3324 1303 3379 1348 et
3420 1294 3512 1348 ille

1941 1383 2037 1453 qui
2062 1383 2278 1439 dicebat
2321 1386 2384 1437 '9:
2408 1379 2498 1437 Sic
2523 1390 2756 1438 currout
2797 1383 3276 1454 comprehendam.
3305 1380 3508 1437 Verum

1940 1474 2084 1546 quod
2144 1473 2261 1528 ait:
2325 1471 2659 1544 Unguentum
2708 1473 3041 1527 exinanitum
3092 1489 3279 1527 nomen
3334 1481 3507 1537 tuum,

1940 1572 2213 1635 propterea
2270 1563 2675 1618 adolescentqu
2711 1563 3007 1619 dilexerunt
3038 1572 3108 1630 te,
3147 1573 3195 1619 et
3237 1572 3508 1618 traxerunt

253 1660 555 1731 Propterea
582 1662 987 1718 adolescentulis
1038 1662 1334 1717 dilexerunt
1365 1671 1433 1729 te,
1480 1678 1542 1715 ac
1566 1669 1840 1716 traxerunt
1871 1725 1905 1731 _
1944 1670 1992 1714 te
2021 1668 2136 1729 post
2188 1675 2279 1724 se;
2332 1659 2388 1713 in
2427 1657 2644 1713 odorem
2690 1668 3072 1729 unguentorum
3100 1667 3311 1711 tuorum
3341 1673 3512 1711 curre-

251 1757 301 1802 te
325 1725 447 1819 post
498 1767 574 1806 se.
610 1749 679 1805 In
711 1750 924 1804 odorem
982 1759 1368 1821 unguentorum
1418 1725 1628 1801 tuorum
1659 1762 1837 1801 curre—
1869 1725 1914 1782 Β
1943 1725 2349 1807 mus.Trabunt
2390 1751 2456 1807 ad
2509 1762 2571 1807 se
2611 1725 2899 1807 Christum
2955 1748 3392 1810 adulescentula,
3433 1747 3510 1802 si-

249 1855 391 1895 mus.
425 1839 703 1897 Historica
732 1841 948 1912 quidem
981 1839 1252 1911 expositio
1276 1839 1465 1895 eadem
1500 1853 1622 1908 qua:
1656 1837 1711 1892 in
1744 1853 1838 1893 su-
1937 1841 2158 1912 quidem
2201 1840 2268 1895 de
2293 1838 2555 1896 Ecclesiis
2610 1838 2963 1911 intelligatur,
2989 1855 3112 1910 quae
3151 1854 3257 1893 una
3289 1839 3506 1908 quidem

248 1930 592 1997 periei-ibus,
649 1930 918 2001 percurrit
960 1931 1123 1986 etiam
1150 1931 1204 1986 in
1227 1930 1483 2000 prmseuti
1515 1930 1635 1984 loco
1663 1928 1838 1984 donec
1934 1941 2019 1986 est
2049 1946 2175 1987 cum
2221 1932 2461 2003 perfecta
2508 1940 2613 1986 est.
2662 1929 2843 1986 Multae
2875 1946 3006 1986 vero
3043 1939 3173 1986 sunt
3195 1930 3510 1985 adolescen-

246 2021 350 2075 fiat
374 2021 567 2090 aliqua
624 2023 855 2076 mutatio
909 2036 1290 2092 personarum,
1330 2021 1407 2075 ita
1457 2019 1661 2088 quippe
1707 2020 1840 2074 ordo
1937 2020 2087 2085 tulte,
2135 2035 2261 2074 cum
2312 2021 2491 2075 adhuc
2546 2021 2895 2075 instruuntur
2942 2029 2997 2076 et
3053 2021 3363 2089 proﬁciunt.
3391 2021 3513 2075 lstte

243 2110 535 2166 dramatis
561 2111 654 2183 qui
685 2126 716 2166 a
768 2111 928 2167 nobis
955 2111 1011 2165 in
1062 2111 1167 2165 hac
1205 2109 1549 2179 expositione
1590 2117 1843 2177 receptus
1939 2123 2074 2180 ergo
2097 2109 2324 2163 trahunt
2350 2108 2416 2162 ad
2448 2124 2509 2163 se
2541 2108 2821 2163 Christum
2850 2125 2949 2180 per
2987 2111 3170 2177 tidem,
3201 2112 3327 2180 quia
3361 2112 3516 2165 Chri-

245 2210 360 2267 est,
400 2201 603 2271 poscit.
628 2200 814 2257 Potest
835 2215 966 2257 sane
993 2201 1047 2255 in
1092 2199 1179 2255 his
1220 2198 1504 2269 prophetia
1556 2196 1669 2267 (35)
1697 2212 1844 2265 quaa-
1942 2205 2085 2261 stus,
2115 2196 2209 2251 ubi
2238 2195 2434 2252 viderit
2476 2206 2833 2267 congregatos
2863 2197 3003 2253 duos
3037 2197 3117 2251 vel
3151 2206 3263 2253 tres
3303 2197 3359 2252 in
3412 2197 3515 2252 fide

250 2290 382 2346 dam
405 2289 584 2345 videri
617 2305 681 2345 ex
709 2304 944 2361 persona
976 2304 1194 2360 sponsae
1249 2288 1467 2360 prolata
1502 2288 1568 2343 de
1596 2286 1838 2351 Christo,
1942 2284 2183 2342 nominis
2208 2285 2316 2353 sui,
2341 2286 2492 2340 vadit
2521 2285 2672 2350 illuc,
2695 2296 2750 2341 et
2782 2287 2941 2342 estin
2965 2287 3143 2343 medio
3170 2303 3383 2354 eorum,
3408 2289 3514 2343 nde

252 2381 401 2452 quod
422 2380 671 2437 futurum
699 2380 927 2436 essetin
985 2380 1222 2434 adventu
1255 2378 1473 2437 Domitii
1496 2385 1551 2433 et
1589 2376 1841 2431 Salvato~
1936 2392 2129 2433 eorum
2160 2384 2368 2431 tractus
2405 2384 2459 2432 et
2512 2376 2875 2433 unanimitate
2908 2387 3259 2448 provocatus.
3293 2378 3351 2433 Si
3379 2395 3509 2435 vero

254 2473 333 2527 ris
355 2470 560 2537 nostri,
590 2479 654 2525 ut
682 2484 881 2525 nomen
915 2468 1033 2539 ejus
1053 2468 1128 2523 ita
1151 2483 1249 2538 per
1267 2468 1455 2523 orbem
1478 2475 1636 2522 terrae
1660 2475 1716 2522 et
1742 2476 1839 2537 per
1937 2468 2097 2523 tertia
2143 2465 2254 2538 42
2298 2467 2643 2536 expositione
2669 2468 2736 2524 de
2778 2468 2961 2524 anima
2993 2467 3233 2525 Verbum
3282 2469 3376 2526 Dei
3423 2486 3513 2527 se-

255 2562 576 2618 universum
629 2560 893 2616 mundum
946 2558 1360 2623 dill'underetur,
1400 2567 1458 2612 ut
1495 2557 1652 2613 fieret
1696 2558 1835 2613 odor
1933 2565 2133 2628 quente
2164 2555 2392 2625 intelligi
2420 2558 2539 2613 haec
2558 2566 2791 2627 Oportet,
2821 2574 3161 2631 quascunque
3192 2560 3374 2615 anima
3399 2561 3514 2617 lue~

256 2651 544 2707 suavitatis
573 2652 627 2706 in
679 2651 829 2705 omni
880 2651 1024 2718 loco,
1054 2650 1199 2708 sicut
1241 2657 1298 2705 et
1322 2648 1619 2721 Apostolus
1650 2649 1785 2705 dixit
1814 2662 1830 2708 :
1935 2648 2010 2703 rit
2030 2647 2243 2703 erudita
2275 2648 2456 2719 primo
2486 2648 2541 2702 in
2588 2648 2911 2712 moralibus,
2959 2650 3202 2705 secundo
3236 2649 3399 2705 etiam
3453 2652 3510 2706 in

261 2742 398 2809 Quia
436 2741 642 2798 Christi
672 2740 836 2799 bonus
862 2742 993 2797 odor
1021 2758 1203 2798 sumus
1228 2742 1285 2796 in
1333 2742 1477 2796 omni
1512 2740 1667 2805 loco;
1705 2740 1830 2799 aliis
1931 2742 2277 2798 naturalibus
2312 2741 2631 2808 exercitata,
2674 2757 2773 2813 per
2818 2743 2911 2798 illa
2944 2745 3129 2798 omnia
3155 2760 3277 2814 qua:
3311 2745 3365 2799 in
3420 2746 3506 2803 his

256 2834 461 2903 quidem
498 2833 632 2887 odor
666 2834 1012 2888 extnortein-
1034 2842 1274 2901 mortem,
1329 2833 1452 2888 aliis
1493 2842 1670 2888 autent
1699 2832 1833 2888 odor
1930 2832 2232 2905 disciplinis
2264 2833 2479 2891 edoceri
2508 2849 2672 2903 supra
2721 2834 3084 2901 ostendimus,
3114 2835 3234 2906 ipsa
3286 2851 3501 2891 morum

259 2924 321 2979 de
344 2926 451 2980 vita
497 2925 552 2979 in
580 2927 741 2979 vitam
775 2925 840 2980 ¹⁸.
895 2925 952 2980 Si
997 2926 1144 2981 enim
1178 2925 1435 2981 omnibus
1466 2922 1659 2981 fuisset
1693 2922 1831 2981 odor
1929 2924 2258 2989 emendatio,
2281 2930 2336 2978 et
2359 2922 2595 2977 eruditio
2621 2936 2828 2983 rerum,
2856 2937 2921 2977 ac
2943 2923 3185 2993 probitas
3206 2922 3508 2992 disciplinae

254 3013 318 3101 tle
340 3016 447 3071 vita
482 3016 538 3071 in
571 3017 755 3081 vitam,
787 3016 1011 3082 dixisset
1041 3016 1226 3085 utique
1254 3026 1307 3071 et
1353 3016 1475 3070 hic:
1509 3012 1713 3071 Omnes
1745 3014 1828 3071 di-
1854 3043 1896 3101 ο
1946 3012 2210 3069 trahit-ad
2240 3027 2299 3067 se
2331 3010 2565 3066 Verbum
2595 3009 2711 3077 Dei,
2739 3019 2793 3065 et
2812 3010 2987 3065 libens
3018 3010 3284 3101 trahitur;
3309 3012 3506 3101 gratis-

259 3098 505 3163 lexerunt
530 3115 584 3162 te
618 3119 672 3163 et
701 3116 983 3163 traxerunt
1035 3116 1107 3164 te.
1140 3106 1245 3163 Sed
1282 3123 1429 3163 nunc
1463 3107 1559 3171 ait,
1591 3107 1684 3163 ubi
1722 3123 1823 3164 no-

260 3207 372 3250 men
408 3208 576 3257 tuum
598 3208 682 3254 est
707 3198 909 3254 factum
944 3207 1277 3271 unguentum
1304 3198 1665 3264 exinanitum,
1692 3196 1829 3252 dile-

262 3299 444 3345 xerunt
484 3300 555 3354 te,
585 3305 691 3345 non
716 3290 821 3344 illa:
849 3289 1058 3355 vetulae,
1092 3303 1156 3344 ac
1181 3297 1415 3345 veterem
1443 3289 1717 3344 hominem
1746 3289 1828 3343 in-

259 3380 395 3436 dutae
418 3382 644 3443 animae,
695 3395 870 3451 neque
898 3394 1063 3451 rugas
1114 3379 1396 3446 habentes,
1431 3396 1608 3450 neque
1640 3396 1829 3434 macu-

262 3472 356 3538 las,
378 3474 477 3529 sed
514 3473 936 3529 adolescentulo:
986 3474 1041 3529 in
1098 3483 1391 3543 augmento
1418 3473 1624 3529 scilicet
1651 3473 1829 3528 aetatis

264 3573 316 3620 et
346 3564 772 3635 pulchritudinis
802 3564 994 3634 posita:
1023 3565 1236 3632 animi»,
1274 3581 1399 3635 qua:
1419 3581 1631 3635 semper
1666 3564 1827 3618 inno—

262 3665 475 3721 ventur,
505 3662 559 3709 et
609 3656 675 3709 de
699 3655 787 3710 die
819 3655 875 3709 in
917 3655 1059 3711 diem
1109 3665 1463 3723 renovantur,
1512 3669 1713 3711 novum
1765 3670 1825 3710 se

263 3744 532 3800 hominem
574 3745 858 3800 induentes
885 3745 977 3815 qui
1026 3748 1323 3802 secundum
1383 3746 1552 3802 Deum
1608 3755 1825 3802 creatus

261 3843 369 3907 est.
400 3836 630 3904 Propter
674 3835 809 3891 istas
858 3852 988 3909 ergo
1029 3839 1461 3896 adulescentulas
1517 3848 1571 3893 et
1622 3839 1675 3893 in
1728 3854 1827 3895 au-

261 3924 492 3993 gmentis
523 3924 646 3979 vitm
690 3923 1025 3995 profectibus
1057 3928 1284 3998 positas,
1316 3927 1617 3983 exinanivit
1653 3942 1711 3982 se
1734 3928 1825 3983 ille

260 4014 347 4082 qui
375 4024 495 4070 erat
522 4014 575 4068 in
611 4013 785 4069 forma
819 4015 934 4081 Dei,
964 4024 1024 4069 ut
1069 4017 1219 4070 lierct
1257 4025 1591 4086 unguentum
1647 4016 1828 4070 exina-

260 4104 426 4160 nitum
460 4120 657 4160 nomen
685 4104 834 4175 ejus;
864 4113 924 4159 ut
977 4121 1082 4158 non
1109 4104 1223 4174 jam
1258 4104 1594 4158 inaccessam
1648 4105 1825 4159 lucem

262 4197 633 4253 tantummodo
657 4197 927 4254 habitaret
960 4205 1010 4252 et
1038 4197 1091 4251 in
1139 4196 1315 4251 forma
1342 4194 1435 4250 Dei
1465 4206 1824 4266 permaneret,

261 4290 347 4344 sed
369 4288 607 4344 Verbum
636 4304 766 4345 caro
796 4288 966 4353 ﬁeret,
991 4303 1100 4359 quo
1128 4295 1354 4357 possent
1383 4286 1501 4342 istae
1517 4286 1829 4343 adolescen-

1932 3105 2073 3161 sime
2102 3104 2249 3159 enim
2275 3103 2343 3158 ad
2374 3102 2622 3159 eruditas
2674 3102 2886 3156 animas
2911 3101 3081 3167 venit,
3108 3110 3155 3154 el
3187 3100 3327 3154 trahi
3354 3115 3412 3154 se
3435 3099 3506 3153 ab

1931 3198 2017 3252 his
2063 3194 2403 3268 indulgenter
2461 3193 2678 3263 accipit,
2708 3193 3048 3264 benigneque
3093 3192 3361 3248 concedit.
3396 3190 3503 3243 Ro—

1929 3285 2087 3356 quiro
2110 3299 2264 3351 sane,
2291 3284 2338 3342 si
2372 3284 2549 3341 solum
2579 3297 2774 3339 nomen
2822 3282 2962 3352 ejus,
3004 3282 3133 3352 quia
3165 3290 3501 3352 unguentum

1929 3374 2134 3431 factum
2185 3384 2269 3431 est
2290 3374 2653 3441 exinanitum,
2684 3382 2895 3429 tantum
2922 3373 3102 3445 operis
3127 3373 3319 3444 egerit,
3348 3381 3402 3427 et
3429 3372 3502 3427 ita

1929 3466 2209 3523 suscitarit
2251 3467 2710 3530 adolescentulas,
2758 3474 2816 3521 ut
2849 3466 3028 3536 primo
3069 3466 3349 3520 traherent
3373 3479 3500 3518 eum

1928 3560 1994 3614 ad
2025 3574 2105 3624 se,
2131 3568 2187 3615 et
2207 3559 2471 3616 habentes
2513 3575 2641 3615 eum
2677 3561 2822 3631 apud
2867 3574 2948 3624 se,
2978 3566 3236 3628 caperent
3264 3571 3505 3625 unguen-

1928 3660 2108 3707 torum
2143 3652 2263 3722 ejus
2289 3653 2532 3720 odorem,
2567 3664 2623 3710 et
2655 3653 2844 3709 statim
2881 3657 3165 3708 currerent
3192 3656 3316 3718 post
3336 3662 3498 3713 eum;

1927 3742 1973 3799 si
2008 3743 2144 3809 haec,
2175 3743 2423 3814 inquam,
2475 3746 2659 3800 omnia
2709 3744 2829 3805 solo
2882 3742 3101 3799 nomine
3145 3739 3265 3808 ejus
3310 3737 3500 3792 cllccta

1926 3842 2076 3899 sunt,
2108 3834 2240 3905 quid
2264 3844 2427 3904 putas
2457 3835 2618 3892 faciet
2646 3836 2764 3905 ipsa
2818 3834 2938 3902 ejus
2972 3830 3314 3889 substantia?
3356 3829 3499 3901 Quid

1924 3939 1991 3980 ex
2023 3925 2116 3980 illa
2147 3926 2566 3983 adulescentula
2607 3929 2729 3983 istae
2753 3925 2994 3988 virtutis,
3025 3921 3155 3993 quid
3186 3923 3388 3993 vigoris
3415 3940 3501 3978 ac.

1926 4017 2151 4087 cipient,
2175 4017 2220 4072 si
2246 4033 2356 4087 quo
2379 4027 2535 4087 pacto
2577 4018 2857 4089 potuerint
2887 4015 3182 4087 aliquando
3209 4016 3275 4070 ad
3321 4016 3497 4086 ipsant

1927 4107 2049 4176 ejus
2077 4107 2681 4174 incomprehensibilem
2704 4118 2868 4174 atque
2895 4106 3217 4161 inetl‘abilem
3253 4106 3501 4160 Sllelall-v

1928 4196 2059 4251 tiam
2090 4196 2410 4268 pervenire?
2428 4196 2539 4266 Ego
2570 4204 2704 4269 puto
2732 4198 2877 4268 quod
2909 4197 2953 4253 si
2985 4196 3051 4250 ad
3081 4196 3185 4251 hoc
3207 4196 3499 4265 aliquando

1928 4287 2291 4358 pervenerint,
2308 4287 2422 4358 jam
2449 4305 2557 4346 non
2586 4289 2867 4345 ambulent
2910 4303 3088 4359 neque
3128 4295 3373 4352 currant,
3400 4287 3501 4347 sed.

265 4380 400 4447 tulas,
436 4390 489 4435 ct
511 4380 567 4434 in
626 4379 933 4450 augmentis
980 4377 1321 4450 profectuum
1380 4378 1572 4450 posita:
1604 4378 1819 4445 animae,
1854 4369 1900 4431 D
1926 4381 2158 4437 vinculis
2190 4379 2516 4452 quibusdam
2571 4382 2858 4439 charitatis
2889 4383 3011 4452 ejus
3041 4381 3285 4437 astricta:
3321 4380 3499 4436 adhuc.

264 4483 363 4525 non
393 4472 570 4527 solum
599 4470 846 4543 diligere,
873 4469 965 4527 sed
988 4479 1043 4525 et
1066 4470 1280 4526 trahere
1305 4485 1429 4526 eum
1459 4471 1526 4526 ad
1560 4484 1639 4526 se.
1683 4469 1819 4527 Tra-
1921 4480 2080 4527 reant
2107 4472 2181 4540 ei,
2204 4486 2275 4529 ne
2325 4473 2468 4529 ultra
2517 4475 2834 4531 mobilitatis
2886 4472 3119 4543 alicujus
3164 4473 3308 4528 ullus
3333 4473 3387 4526 in
3413 4473 3500 4528 eis
3558 4518 3567 4523 -

264 4558 337 4614 hit
365 4562 507 4617 enim
541 4576 880 4632 unaquaeque
931 4560 1112 4615 anima
1162 4571 1218 4617 et
1248 4560 1478 4617 assumit
1507 4561 1573 4616 ad
1605 4576 1664 4616 se
1692 4560 1821 4617 Ver-

1916 4563 2153 4619 resideat
2175 4564 2354 4632 locus,
2404 4565 2496 4621 sed
2546 4567 2659 4623 sint
2716 4582 2839 4622 cum
2889 4582 2956 4622 eo
2998 4582 3143 4621 unus
3169 4565 3414 4634 spiritus,
3439 4574 3497 4624 t-t

264 4645 384 4702 bum
412 4648 503 4705 Dei
532 4665 632 4721 pro
658 4650 973 4720 capacitatis
996 4660 1052 4705 et
1074 4649 1194 4705 ﬁdei
1227 4665 1341 4706 suae
1363 4666 1641 4708 mensura.
1675 4651 1813 4707 Cum
1917 4655 2260 4724 compleatur
2288 4654 2343 4709 in
2386 4657 2468 4712 eis
2496 4656 2629 4712 illud
2674 4657 2819 4727 quod
2868 4658 3129 4728 scriptum
3184 4667 3304 4714 est:
3340 4657 3490 4715 Sicut

262 4747 431 4794 autem
457 4741 722 4795 traxerint
741 4738 808 4795 ad
843 4755 901 4795 se
925 4739 1120 4795 animat
1153 4737 1392 4796 Verbum
1423 4739 1541 4806 Dei,
1567 4750 1622 4797 et
1650 4744 1818 4798 sensi-

264 4823 358 4883 bus
376 4828 488 4885 suis
521 4837 685 4900 atque
708 4828 1071 4886 intellectibus
1096 4829 1459 4896 .inseruerint,
1491 4839 1546 4887 et
1575 4832 1817 4888 dulcedi-

1920 4755 1980 4800 tu
2011 4746 2176 4802 Pater
2195 4747 2254 4802 in
2274 4764 2375 4814 me,
2401 4758 2450 4803 et
2491 4767 2584 4821 ego
2624 4751 2681 4803 in
2708 4760 2756 4803 te
2785 4766 2948 4805 unum
2972 4768 3175 4817 sumus,
3221 4753 3298 4805 ita
3325 4762 3373 4808 et
3399 4756 3492 4811 isti

1920 4837 1978 4892 in
2006 4837 2155 4893 nobis
2183 4854 2349 4893 unum
2396 4840 2507 4894 sint
2533 4842 2599 4896 “.
2641 4839 2747 4896 Sed
2788 4858 2935 4900 nunc
2979 4844 3216 4912 interim,
3250 4852 3310 4900 ιιι
3347 4847 3493 4901 νίἀοη

330 4946 370 4979 ⁸⁸
390 4947 432 5000 11
459 4948 589 5004 Cor.
616 4963 677 5017 tt,
701 4926 790 5015 f5,
817 4946 906 5003 16.
983 4947 1063 5002 "l
1087 4947 1217 5005 Cor.
1252 4966 1328 5017 ix,
1356 4951 1448 5007 24.
1524 4952 1569 4983 ²⁰
1588 4949 1747 5007 Joan.
1774 4968 1909 5022 xvn,
1939 4954 2030 5013 21.

328 5060 432 5129 (35)
471 5062 602 5119 Mss.
630 5073 794 5132 potest
817 5078 946 5116 sane
975 5063 1030 5117 in
1056 5063 1136 5134 his
1166 5065 1457 5134 prophetia.
1484 5063 1639 5134 Libb.
1662 5065 1817 5132 edit.,

1924 5069 1999 5142 μὴ
2029 5069 2244 5152 Excussit
2268 5071 2456 5145 ῥυτίδα.
2477 5074 2511 5146 ἢ
2536 5074 2740 5152 σπζλον.
2764 5073 2921 5152 Forte
2951 5078 3274 5152 vaticinatur
3291 5076 3490 5133 Christi

264 5142 464 5250 rossunt
505 5150 632 5187 sane
667 5134 722 5184 in
756 5134 1050 5201 prophetia.
1086 5132 1272 5213 ϐῆ)ςεὶ
1307 5133 1448 5203 apud
1492 5133 1816 5214 Procopium
1918 5132 2149 5196 nominis
2182 5132 2450 5208 oirlutem,
2479 5132 2582 5213 qua
2605 5146 2657 5198 in
2685 5146 2798 5214 ejus
2827 5146 3054 5202 adventu
3085 5147 3296 5209 replevit
3334 5132 3489 5199 muti;

283 5216 370 5250 tam
402 5212 528 5250 sunt
561 5221 574 5250 :
609 5201 763 5250 Τάνα
790 5201 1123 5250 «mundat
1152 5219 1245 5250 του
1277 5204 1538 5250 (induam:
1558 5219 1652 5250 του
1683 5206 1817 5250 Χοι-
1916 5208 2043 5250 dum
2093 5212 2223 5250 ηιιω
2252 5222 2308 5250 ul
2339 5222 2464 5250 ΙοεΙρ
2495 5212 2661 5250 υπηιη
2689 5216 2827 5250 nam
2855 5230 2867 5243 ο
2902 5234 2921 5250 .
2962 5217 3087 5250 am.
3120 5215 3325 5250 ηηςιιοη.
3356 5216 3489 5250 ,ιΑιηε

283 5216 370 5251 tam
402 5212 528 5257 sunt
561 5221 574 5257 :
609 5201 763 5324 Τάξα
790 5201 1123 5273 τροφητεύει
1152 5202 1245 5254 τοῦ
1277 5201 1538 5272 ὀνὸματος
1558 5202 1652 5256 τοῦ
1669 5201 1724 5257 ’Χ
1736 5221 1817 5274 ρι-
1916 5225 1937 5261 ι

283 5267 380 5321 ποῦ
411 5270 506 5324 τὴν
535 5271 627 5324 τὸν
660 5288 695 5324 κ
728 5288 863 5324 suav
897 5270 1260 5324 πληοώσασαν
1289 5271 1514 5324 δύναμιν
1546 5274 1687 5324 κατὰ
1718 5275 1816 5324 τὴν
1914 5295 1937 5324 ιι

1916 5208 2065 5275 dum,
2093 5212 2223 5267 adeo
2252 5222 2308 5265 ut
2338 5201 2464 5268 teste
2487 5201 2661 5268 Paulo
2682 5201 2867 5281 fieret:
2901 5234 2921 5268 ‹
2954 5201 3088 5269 Aliis
3119 5201 3328 5286 quidem
3356 5216 3489 5268 odor

1914 5293 1981 5324 ea:
2028 5291 2193 5324 mnrln
2245 5283 2301 5324 in
2348 5294 2565 5324 mni-[nm
2639 5285 2762 5324 nls's'a
2814 5301 2932 5324 stam
2964 5302 3027 5324 om
3077 5287 3185 5324 sn'ln
3224 5285 3278 5324 in
3324 5286 3486 5324 milnm

265 5270 506 5348 necuim
535 5271 627 5324 τὸν
660 5270 863 5341 utierva
897 5270 1260 5344 anptbaaaav
1289 5270 1514 5342 δύὺαμιν
1546 5274 1687 5353 nec}
1718 5270 1811 5344 ’ἑὴν

264 5335 437 5411 signa
462 5340 786 5411 mpoualav,
831 5340 971 5397 ὥστε
1003 5340 1254 5410 γενέσθαι
1278 5341 1431 5411 -κατὰ
1453 5341 1543 5395 τὸν
1569 5342 1811 5411 ῌαυλοψ

268 5400 484 5478 ρῖςμὲν
511 5400 712 5478 diruit?

728 5270 863 5358 σμοξ),
897 5270 1260 5358 πληρώεξαξαν
1289 5270 1514 5358 δύὺοξμιγ
1546 5270 1816 5358 κξτρλιέὴν
1914 5295 1937 5333 e

1914 5293 1981 5358 ea:
2014 5270 2193 5358 jtorte
2245 5283 2587 5358 in___tnorte_m,
2639 5270 2762 5358 aliis
2814 5301 2932 5339 vero
2963 5302 3027 5340 ea:
3077 5270 3185 5358 ui'ta
3224 5285 3278 5337 in
3324 5286 3486 5343 vitam

1916 5346 1980 5421 (ll
2006 5347 2134 5421 Cor.
2177 5367 2238 5415 ll,
2277 5352 2444 5421 15).)
2480 5352 2541 5406 Si
2583 5355 2723 5408 enim
2769 5359 2971 5409 cunctis
3019 5358 3073 5409 in
3123 5357 3283 5408 vitam
3324 5367 3482 5418 esset,

732 5405 1090 5490 efﬂardtb}:
1109 5409 1495 5490 elcﬂdtfagou,
1528 5405 1624 5490 οἷς.
1643 5411 1712 5466 δὲ
1741 5413 1813 5490 ἐκ
1911 5405 1937 5471 ὰ

1911 5405 2148 5490 uixisset
2163 5405 2376 5489 sponsa,
2398 5405 2681 5490 Propterea
2692 5405 2697 5406 ⁷
2710 5405 2888 5477 nisi.
2903 5405 3224 5480 eiuserat
3236 5405 3242 5407 ’
3253 5405 3344 5487 te:
3362 5405 3482 5477 is};

433 5471 720 5564 εὶςῗ
762 5480 825 5559 E3
860 5479 969 5564 γὰρ
993 5471 1251 5564 πᾶσιγῆγ
1276 5482 1356 5543 εἰς
1372 5471 1541 5564 ςωῆν,
1571 5471 1722 5564 eine-ii
1745 5482 1812 5564 ἂγ
1909 5502 1937 5541 υ

1911 5502 2028 5541 vero
2069 5471 2241 5542 soluin
2288 5510 2310 5541 t
2335 5471 2768 5564 a'rlolesgentulw;
2803 5512 2821 5544 ι
2857 5510 2974 5562 qua:
3009 5493 3209 5547 scilicet
3248 5471 3484 5564 quotidie

265 5543 540 5635 eum:
572 5543 883 5635 £3-72?“
902 5543 1100 5635 πάντες
1129 5543 1424 5635 suam
1464 5543 1550 5633 ée‘
1608 5552 1722 5607 ἀλλ’
1748 5551 1810 5635 οιὲ
1910 5570 1937 5611 τ

1911 5567 2245 5627 renovantur,
2275 5569 2324 5614 et
2350 5577 2454 5616 non
2468 5543 2679 5618 habent
2690 5543 2966 5617 stimuli»?
2986 5543 3081 5618 aut
3092 5543 3309 5635 iugali.

265 5613 416 5681 “nos
446 5613 524 5671 ul
568 5615 835 5687 νεάνιδες
880 5621 935 5677 αἱ
972 5613 1239 5699 senapin
1275 5613 1658 5682 d'vaveoéttsvat
1718 5622 1813 5681 καὶ
