4236 6282
912 308 996 325 ’,ρ’

635 374 707 430 95
1684 374 2004 431 ORIGENIS
2040 374 2106 428 IN
2147 373 2504 430 CAN'l'lCUM
2541 374 2816 430 CANTIC.
3176 426 3181 430 .
3804 381 3874 438 90

635 500 749 557 tur,
778 507 975 562 sponsa
1018 494 1344 550 eonsociatis
1374 495 1475 550 sibi
1531 495 1951 550 adolescentulis
1997 495 2200 557 inultis.
2239 501 2275 554 Α
2316 492 2490 548 Verbo
2520 494 2614 549 Dei
2648 495 2693 550 is
2717 494 2810 564 qui
2854 493 2919 547 ad
2962 507 3232 546 summam
3265 491 3618 562 perfectionis
3648 508 3711 548 ac
3749 496 3875 550 bea-

636 593 903 650 quantum
943 584 1732 657 inposterioribusnullusesse
1771 603 2033 642 numerus
2071 587 2207 640 diei-

638 682 746 735 tur,
778 675 846 729 ab
881 690 987 728 uno
1010 675 1127 729 solo
1156 692 1341 742 sensu,
1381 678 1432 733 ltl
1457 688 1540 733 est
1566 682 1795 732 odoratu
1830 678 2205 732 tantummodo

636 773 792 831 capta
841 779 1061 818 currere
1109 781 1169 820 se
1215 767 1270 820 in
1313 767 1532 822 odorem
1575 779 1974 839 unguentorum
2019 768 2202 838 sponsi

632 865 1051 922 commemorat;
1086 855 1201 911 sive
1233 857 1375 925 quod
1408 857 1524 927 ipsa
1566 875 1729 914 cursu
1759 859 1997 928 indigeat
2025 859 2205 913 adhuc

628 952 683 996 et
730 943 1011 1012 profectu,
1060 947 1176 1001 sive
1223 947 1369 1017 quod
1418 948 1535 1019 ipsa
1565 949 1780 1019 quidem
1812 949 2050 1019 perfecta
2096 951 2198 1017 sit,

627 1047 725 1101 pro
761 1034 845 1089 his
885 1045 1067 1090 autem
1113 1038 1533 1096 adolescentulis
1560 1056 1684 1109 qure
1730 1041 1909 1095 adhuc
1949 1057 2112 1096 cursu
2148 1053 2200 1097 et

627 1122 965 1191 profectibus
990 1127 1256 1199 indigent,
1291 1131 1455 1184 etiam
1489 1131 1607 1201 ipsa
1639 1146 1697 1186 se
1722 1148 1944 1188 currere
1976 1132 2196 1200 fatetur;

623 1214 770 1270 sicut
794 1225 847 1271 et
880 1218 969 1273 ille
992 1221 1085 1289 qui
1120 1236 1244 1275 cum
1281 1221 1395 1291 ipse
1428 1223 1531 1278 sub
1558 1224 1673 1293 lege
1703 1240 1809 1278 non
1838 1234 2002 1292 esset,
2029 1225 2087 1280 fit
2115 1218 2216 1279 ιιι-⁸

625 1320 749 1358 men
784 1307 886 1362 sub
911 1308 1045 1378 lege,
1081 1318 1140 1364 ut
1168 1327 1264 1365 eos
1291 1312 1382 1381 qui
1418 1313 1520 1368 sub
1555 1314 1670 1384 lege
1698 1322 1828 1368 sunt
1860 1315 2194 1384 lucrifaciat;

623 1405 678 1448 et
713 1395 906 1452 iterum
940 1416 1064 1455 cum
1122 1402 1175 1453 in
1224 1403 1341 1471 lege
1374 1404 1445 1457 sit
1476 1404 1711 1469 Christi,
1762 1405 1847 1460 his
1878 1414 2056 1460 tamen
2103 1409 2195 1478 qui

623 1490 743 1545 sine
776 1493 890 1562 lege
921 1503 1049 1548 sunt
1090 1495 1149 1549 lit
1183 1504 1237 1549 et
1263 1497 1377 1567 ipse
1407 1497 1526 1553 sine
1559 1498 1706 1568 lege,
1749 1510 1809 1553 ut
1833 1514 1928 1554 eos
1958 1501 2049 1569 qui
2080 1501 2197 1555 sine

622 1577 739 1648 lege
774 1592 903 1637 sunt
932 1584 1124 1638 salvet.
1165 1585 1229 1641 Et
1256 1589 1359 1641 hoc
1389 1590 1468 1649 lit,
1500 1596 1561 1642 ut
1585 1589 1846 1651 diximus,
1875 1590 1991 1645 solo
2018 1590 2196 1646 adhuc

623 1669 857 1725 odoratu
894 1672 1013 1741 ejus
1040 1682 1284 1743 accepto.
1312 1675 1457 1741 Quid
1485 1684 1641 1744 putas
1675 1686 1836 1748 agent
1861 1694 1985 1733 cum
2015 1689 2068 1733 et
2094 1695 2195 1733 au-

621 1758 794 1812 ditum
825 1777 1012 1817 earum
1046 1773 1101 1819 et
1126 1767 1302 1819 visum
1336 1779 1385 1821 et
1433 1777 1655 1833 tactum,
1678 1778 2006 1841 gustumque
2031 1786 2194 1826 occu-

619 1852 831 1923 paverit
868 1853 1101 1909 Verbum
1132 1855 1248 1921 Dei,
1273 1867 1326 1912 et
1349 1859 1578 1930 singulis
1599 1862 1904 1933 quibusque
1937 1863 2190 1919 sensibus

619 1944 848 1999 virtutes
881 1962 943 1999 ex
978 1963 1036 2001 se
1061 1958 1431 2017 competentes
1468 1961 1674 2006 natura:
1703 1968 1888 2005 carum
1920 1953 2190 2022 capacita-

620 2033 770 2101 tique
813 2037 1142 2103 praebuerit?
1176 2038 1249 2091 ita
1287 2049 1344 2092 ut
1389 2041 1582 2094 oculus
1628 2042 1671 2093 si
1722 2042 1903 2095 videre
1952 2043 2189 2110 potuerit

614 2126 842 2194 gloriam
890 2127 1010 2197 ejus
1039 2167 1053 2192 ,
1088 2130 1315 2198 gloriam
1352 2140 1609 2199 tanquam
1647 2130 1917 2201 Uuigeniti
1948 2148 1976 2185 a
2008 2132 2185 2200 Patre,

610 2216 759 2270 aliud
801 2217 940 2271 ultra
969 2218 1082 2288 jam
1114 2217 1299 2273 videre
1342 2220 1506 2287 nolit,
1561 2236 1735 2289 neque
1786 2222 2004 2277 auditus
2038 2223 2186 2277 aliud

610 2322 778 2374 quant
818 2306 1052 2361 Verbum
1087 2309 1210 2363 vitae
1254 2319 1307 2364 et
1352 2311 1544 2367 salutis
1574 2313 1781 2367 audire.
1812 2313 1914 2369 Sed
1942 2323 1996 2368 et
2027 2316 2186 2385 cujus

615 2412 812 2451 manus
849 2399 1145 2466 palpaverit
1169 2400 1235 2454 de
1265 2399 1445 2456 Verbo
1477 2404 1634 2466 vitae,
1669 2404 1803 2458 nihil
1837 2406 1977 2460 ultra
2011 2416 2185 2460 mate-

613 2487 765 2552 riale,
796 2490 929 2542 nihil
956 2489 1146 2560 fragile
1177 2492 1556 2562 caducumque
1581 2495 1839 2564 palpabit,
1870 2512 1970 2551 nec
1991 2507 2184 2567 gustus

612 2594 737 2631 eum
791 2582 1092 2650 gustaverit
1142 2583 1345 2637 bonum
1391 2582 1629 2639 Verbum
1679 2585 1807 2651 Dei,
1853 2601 2184 2658 carnemque

606 2669 726 2734 eius
777 2679 830 2725 et
864 2687 1057 2740 panem
1091 2674 1182 2742 qui
1220 2674 1287 2727 de
1324 2675 1465 2728 cmlo
1513 2675 1821 2742 descendit,
1874 2678 2018 2733 aliud
2053 2679 2182 2750 quid

609 2770 732 2829 post
764 2761 880 2816 haec
907 2773 1125 2831 gustare
1174 2766 1428 2833 patietur.
1474 2764 1593 2821 Pra:
1626 2766 1912 2824 dulcedine
1947 2786 2183 2841 namque

609 2851 784 2920 ipsius
807 2892 821 2917 ,
854 2862 908 2906 et
938 2854 1204 2909 suavitate
1242 2857 1421 2913 omnis
1454 2859 1699 2929 reliquus
1742 2862 1792 2915 ei
1827 2876 1990 2931 sapor
2023 2878 2183 2932 asper

609 2942 879 2997 videbitur
924 2954 978 2999 et
1030 2963 1285 3014 amarus,
1337 2957 1391 3003 et
1441 2949 1562 3004 ideo
1608 2951 1713 3006 hoc
1752 2952 1870 3007 solo
1910 2965 2177 3010 vescetur.

557 3049 563 3055 ’
606 3032 833 3089 Omnem
885 3052 1119 3107 namque
1179 3039 1500 3094 suavitatem
1533 3056 1916 3112 quamcunque
1951 3045 2182 3114 cupierit

2311 585 2560 639 titudinis
2586 585 2814 639 venerit.
2851 580 3006 638 Unde
3029 591 3083 636 et
3113 583 3166 637 in
3202 583 3287 638 his
3313 582 3475 652 positi
3499 583 3655 651 locis,
3687 585 3876 655 deme.

2306 691 2498 730 camur
2540 676 2813 731 auditores
2871 676 3104 739 borum,
3153 684 3211 728 ut
3262 674 3586 728 mortilicent
3630 677 3874 732 carnales

2306 782 2522 832 sensus,
2552 782 2617 821 ne
2643 767 2773 836 quid
2803 783 2868 822 ex
2896 766 2963 822 iis
2992 782 3113 836 qua:
3134 766 3389 821 dicuntur
3419 766 3716 821 secundum
3744 784 3872 822 cor-

2303 858 2454 928 poris
2478 872 2661 912 metus
2687 857 2979 928 excipiant,
3003 857 3098 912 sed
3126 857 3250 911 illos
3280 857 3577 913 diviniores
3596 858 3870 913 interioris

2304 948 2543 1004 hominis
2575 949 2641 1004 ad
2689 950 2805 1005 haec
2836 949 3098 1018 capienda
3131 962 3328 1003 sensus
3361 949 3682 1016 exhibeant;
3726 950 3872 1004 sicut

2304 1042 2564 1095 Salomon
2598 1043 2789 1098 edocet
2832 1059 2963 1109 nos,
2995 1042 3182 1099 dicens
3211 1060 3224 1097 :
3260 1041 3482 1097 Sensum
3527 1054 3699 1098 autem
3728 1046 3866 1099 divi-

2301 1146 2426 1182 num
2467 1131 2769 1187 invenies“.
2803 1130 2868 1186 Et
2907 1141 2966 1186 ιιι
3011 1132 3211 1187 Paulus
3255 1140 3472 1203 qquue
3516 1134 3582 1187 ad
3614 1131 3872 1187 Hebraeos

2299 1222 2489 1277 scribit
2512 1222 2557 1253 “
2583 1222 2650 1277 de
2680 1222 2964 1291 perfectis,
2996 1232 3054 1277 ut
3090 1239 3254 1293 supra
3286 1224 3735 1286 memoravimus,
3769 1224 3865 1292 qui

2297 1314 2624 1371 exercitatos
2654 1314 2857 1369 habent
2887 1330 3081 1370 sensus
3112 1318 3177 1371 ad
3216 1316 3601 1372 discretionem
3634 1313 3761 1368 boni
3784 1314 3867 1367 vel

2297 1410 2463 1475 mali;
2500 1408 2794 1463 ostendens
2837 1422 2960 1461 esse
2985 1407 3039 1460 in
3074 1407 3297 1465 homine
3328 1417 3520 1476 praeter
3546 1407 3646 1460 hos
3676 1417 3865 1472 corpo-

2297 1516 2421 1554 reos
2449 1514 2665 1563 sensus,
2720 1498 2960 1567 quinque
2987 1496 3123 1552 alios
3151 1497 3504 1551 nihilominus
3534 1495 3627 1565 qui
3655 1494 3864 1577 exercio

2295 1588 2373 1643 tio
2421 1596 2762 1656 qumruntur,
2793 1597 2848 1642 et
2872 1587 3152 1641 exercitati
3184 1587 3458 1653 dicuntur,
3490 1601 3612 1640 cum
3654 1585 3862 1640 scilicet

2294 1678 2702 1747 intelligentiam
2748 1693 2929 1731 rerum
2979 1677 3233 1732 acumine
3280 1680 3492 1731 acriore
3538 1676 3859 1731 discutiunt.

2293 1765 2412 1821 Non
2456 1768 2602 1823 enim
2656 1767 3025 1837 perfunctorie
3056 1775 3109 1822 et
3152 1776 3211 1821 ut
3258 1767 3389 1821 libet
3420 1768 3746 1823 audiendum
3779 1778 3863 1821 est

2294 1859 2438 1928 quod
2477 1858 2770 1927 Apostolus
2800 1859 2866 1913 de
2898 1857 3150 1927 perfectis
3178 1859 3345 1921 dicit,
3382 1859 3508 1927 quia
3536 1858 3860 1912 exercitatos

2293 1949 2493 2003 habent
2520 1964 2712 2003 sensus
2739 1949 2806 2003 ad
2835 1950 3218 2004 discretionem
3249 1950 3376 2004 boni
3410 1950 3488 2003 vel
3516 1950 3665 2003 mali.

2360 2038 2516 2105 Quod
2550 2050 2609 2093 ut
2638 2040 2840 2094 clarius
2868 2039 3178 2104 elueescat,
3209 2055 3513 2105 sumamus,
3547 2039 3593 2094 si
3624 2038 3857 2105 videtur,

2288 2130 2595 2198 exemplum
2622 2128 2690 2183 ab
2718 2129 2802 2185 his
2838 2130 3214 2198 corporalibus
3238 2130 3519 2195 sensibus,
3550 2139 3603 2184 et
3646 2130 3721 2183 ita
3757 2130 3855 2183 de-

2288 2237 2438 2275 mum
2480 2221 2663 2277 statim
2716 2221 2782 2275 ad
2820 2221 2942 2276 illos
2967 2221 3180 2276 divinos
3206 2237 3345 2290 quos
3376 2219 3657 2291 Scriptura
3681 2222 3857 2275 nomi-

2287 2316 2383 2361 nat
2436 2323 2630 2363 sensus
2675 2309 2953 2364 interioris
2982 2308 3221 2363 hominis
3251 2311 3554 2365 veniemus.
3610 2311 3665 2365 Si
3709 2311 3852 2364 enim

2286 2410 2584 2465 corporeus
2606 2398 2798 2453 oculus
2818 2398 3135 2452 exercitium
3158 2398 3307 2451 visus
3331 2399 3555 2462 habeat,
3574 2400 3722 2453 nullo
3752 2400 3849 2452 im-

2284 2489 2532 2559 pediente
2548 2491 2854 2556 obstaculo,
2867 2492 3072 2560 integre
3091 2500 3144 2544 et
3159 2491 3364 2558 absque
3383 2492 3487 2545 ulla
3510 2490 3854 2558 falsitate,ch

2284 2582 2496 2636 colores
2509 2598 2821 2651 corporum,
2834 2582 2917 2636 vel
2938 2583 3336 2652 magnitudines
3357 2583 3753 2652 qualitatesque
3766 2586 3856 2639 de-

2283 2670 2601 2741 prehendet.
2621 2670 2755 2725 Nam
2780 2672 2825 2727 si
2848 2681 2941 2727 aut
2963 2672 3318 2743 caligine,aut
3337 2673 3439 2727 alia
3454 2674 3693 2744 qualibet
3710 2675 3854 2728 infir-

2284 2764 2474 2819 mitate
2511 2764 2841 2833 impediatur
2864 2772 3139 2835 aspectus,
3164 2774 3218 2819 et
3242 2765 3468 2819 rubrum
3503 2781 3600 2836 pro
3630 2766 3774 2832 albo,
3798 2775 3852 2820 et

2282 2856 2388 2930 4.3
2437 2857 2611 2913 viride
2655 2873 2755 2927 pro
2802 2858 2981 2927 nigro,
3015 2865 3109 2912 aut
3143 2865 3348 2913 rectum
3385 2868 3539 2928 putat
3584 2873 3705 2913 esse
3745 2859 3847 2912 ali~

2281 2950 2435 3019 quid,
2470 2965 2594 3005 cum
2628 2964 2855 3004 curvum
2902 2948 2959 3003 fit
2988 2958 3041 3004 et
3077 2957 3406 3014 tortuosum,
3434 2950 3850 3005 conturbabitur

2283 3040 2401 3095 sine
2432 3040 2598 3095 dubio
2624 3040 2890 3111 judicium
2922 3041 3141 3107 mentis,
3182 3049 3236 3095 et
3274 3040 3420 3095 aliud
3453 3056 3551 3110 pro
3577 3041 3685 3094 alio
3713 3055 3844 3112 age-

607 3126 661 3179 iu
696 3125 797 3181 hoc
821 3127 1075 3194 inveniet,
1105 3129 1170 3183 ad
1205 3130 1387 3185 omnia
1421 3147 1655 3203 namque
1703 3142 1888 3203 aptum
1920 3150 1979 3189 se
2006 3136 2180 3191 reddit
2206 3152 2248 3209 ρ
2283 3140 2391 3187 tur.
2426 3131 2502 3187 Ita
2525 3147 2654 3203 ergo
2683 3141 2737 3187 et
2762 3132 2988 3187 interior
3018 3134 3190 3199 visus,
3216 3133 3320 3187 nisi
3351 3131 3657 3188 eruditione
3683 3141 3736 3187 et
3762 3133 3844 3185 iu-

602 3227 659 3273 et
705 3218 959 3274 habilem.
1015 3219 1256 3289 Dcnique
1306 3222 1391 3275 his
1422 3221 1513 3292 qui
1548 3239 1615 3277 ex
1647 3222 2042 3294 incorruptibili
2090 3242 2177 3280 se-

604 3310 752 3365 mine
782 3321 1177 3382 regencrantur
1198 3354 1214 3381 ,
1259 3314 1583 3370 rationabile
1609 3323 1664 3369 et
1701 3316 1819 3371 sine
1847 3316 1973 3372 dolo
2008 3317 2175 3373 cilici-

604 3411 693 3455 tur
741 3402 856 3468 lae;
914 3402 998 3457 his
1043 3419 1171 3458 vero
1204 3405 1297 3474 qui
1332 3405 1678 3462 inlirmantur
1711 3405 1766 3460 in
1793 3406 1997 3478 aliquo,
2028 3409 2176 3466 olera

602 3507 663 3545 se
708 3492 908 3561 pratbet
959 3492 1027 3546 ad
1073 3494 1456 3563 hospitalitatis
1497 3496 1791 3552 amicitiam
1824 3508 1878 3551 et
1921 3500 2172 3568 gratiam.

603 3580 701 3636 llis
736 3597 864 3636 vero
896 3583 988 3651 qui
1036 3598 1134 3651 pro
1182 3584 1537 3652 possibilitate
1567 3585 1818 3642 sumendi
1849 3588 2176 3645 exercitatos

603 3676 805 3730 habent
835 3691 1031 3731 sensus
1057 3676 1124 3731 ad
1159 3676 1542 3735 discretionem
1580 3679 1710 3734 boni
1734 3689 1790 3736 et
1820 3681 1968 3748 mali,
1992 3683 2172 3737 cibum

600 3782 661 3821 se
694 3767 927 3821 solidum
964 3769 1249 3837 praebet“.
1284 3767 1338 3823 Si
1362 3770 1454 3839 qui
1484 3786 1612 3825 vero
1642 3780 1770 3827 sunt
1805 3773 1900 3842 qui
1943 3773 2176 3829 exierint

604 3861 676 3914 de
720 3859 955 3930 Egypto
978 3903 992 3927 ,
1024 3870 1077 3916 et
1101 3861 1271 3917 secuti
1308 3858 1616 3917 columnam
1648 3861 1791 3932 ignis
1831 3871 1886 3918 ct
1929 3858 2091 3918 nubis
2118 3862 2173 3918 in

598 3965 841 4004 eremutn
871 3952 1143 4018 venerint,
1178 3953 1245 4006 de
1278 3950 1416 4006 caalo
1443 3950 1509 4004 ad
1553 3950 1676 4005 illos
1716 3951 2025 4017 descendit,
2074 3952 2174 4006 mi-

599 4050 791 4095 nutum
819 4050 873 4094 et
903 4042 1155 4097 subtilem
1196 4043 1278 4097 eis
1318 4041 1563 4112 praebens
1604 4041 1784 4097 cibum
1822 4045 2066 4113 angelico
2093 4045 2171 4099 si~

599 4134 803 4199 milem,
837 4133 909 4188 ita
944 4142 1004 4189 ut
1044 4150 1238 4205 panem
1278 4135 1593 4206 angelorum
1649 4133 1944 4191 manducet
1979 4135 2165 4191 homo.

597 4225 771 4281 liabet
798 4236 854 4282 et
878 4226 1013 4283 alias
1041 4228 1238 4283 multas
1266 4227 1319 4283 in
1349 4227 1644 4298 semetipso
1669 4236 1833 4299 atque
1854 4227 2170 4284 innumeras

592 4318 843 4373 ciborum
895 4318 1231 4373 diﬁ‘erentias
1256 4358 1272 4381 ,
1324 4335 1462 4388 quas
1501 4318 1720 4373 interim
1770 4319 1907 4388 pelle
1950 4320 2075 4388 quis
2112 4327 2167 4373 et

591 4421 761 4460 carne
801 4406 1127 4475 ossibusque
1173 4406 1394 4460 indutus
1420 4418 1473 4459 et
1499 4407 1679 4460 nervis
1709 4421 1905 4475 capere
1938 4421 2046 4461 non
2080 4422 2170 4475 po-

2277 3224 2488 3281 dustria
2516 3224 2678 3279 fuerit
2708 3223 3063 3289 exercitatus,
3091 3239 3200 3293 quo
3226 3240 3321 3293 per
3344 3225 3570 3279 multam
3592 3224 3842 3295 peritiam

2276 3315 2661 3371 discretionem
2691 3315 2820 3369 boni
2845 3314 3044 3370 habeat
3069 3329 3133 3369 ae
3157 3315 3307 3380 mali,
3336 3315 3428 3369 sed
3462 3316 3767 3385 ignorantia
3790 3324 3846 3371 et

2279 3406 2553 3477 imperitia
2584 3415 2843 3476 tanquam
2869 3406 3045 3477 caligo
3072 3407 3245 3461 oculis
3268 3407 3540 3475 inciderit,
3565 3416 3658 3461 aut
3679 3410 3840 3461 etiam

2275 3500 2497 3555 malitiae
2528 3499 2762 3569 alicujus
2800 3499 3029 3567 languor
3063 3507 3322 3569 tanquam
3352 3499 3512 3568 lippis
3544 3501 3720 3555 oculis
3752 3515 3842 3554 ae-

2275 3592 2519 3659 cesserit,
2553 3592 2847 3647 discrimen
2874 3591 3001 3646 boni
3028 3600 3123 3644 aut
3151 3590 3277 3644 mali
3305 3591 3504 3645 intueri
3533 3592 3841 3648 nullatenus

2273 3686 2445 3755 possit
2473 3703 2485 3739 :
2513 3692 2568 3739 et
2605 3685 2729 3739 inde
2759 3684 2849 3740 flet
2887 3690 2947 3737 nt
2981 3684 3124 3737 mala
3170 3698 3269 3752 pro
3312 3682 3471 3737 bonis
3501 3692 3647 3753 agat,
3695 3685 3835 3738 bona

2274 3791 2404 3831 vero
2430 3790 2530 3845 pro
2560 3776 2717 3831 malis
2746 3784 2983 3845 spernat.
3029 3772 3340 3828 Secundum
3384 3773 3523 3827 hanc
3556 3789 3686 3829 vero
3725 3772 3839 3827 for-

2274 3882 2419 3921 mam
2441 3881 2605 3936 quam
2635 3866 2702 3921 de
2724 3866 2842 3920 visu
2869 3865 3117 3935 corporis
3139 3865 3441 3934 animatque
3462 3865 3838 3932 tractavimus,

2271 3964 2670 4024 consequenter
2692 3956 2856 4010 etiam
2888 3954 2956 4009 de
2979 3953 3190 4018 auditu,
3216 3963 3269 4009 et
3300 3964 3483 4021 gustu,
3511 3966 3564 4010 et
3586 3955 3836 4020 odoratu,

2272 4055 2529 4115 tactuque
2561 4062 2655 4116 per
2685 4046 2926 4115 singulas
2953 4060 3198 4115 quasque
3230 4046 3315 4100 sui
3362 4048 3575 4114 generis
3608 4047 3836 4102 virtutes

2272 4154 2535 4194 sensuum
2573 4137 2937 4208 corporalium
2993 4134 3237 4190 referens
3269 4136 3337 4191 ad
3373 4138 3568 4191 anima:
3604 4152 3836 4199 sensus,

2271 4247 2393 4301 quae
2424 4231 2477 4285 in
2504 4230 2733 4301 singulis
2765 4228 3011 4284 adhiberi
3040 4228 3271 4283 debeant
3299 4229 3577 4290 exercitia,
3609 4244 3838 4298 quaeque

2270 4324 2465 4377 debeat
2487 4324 2798 4377 emendatio
2826 4323 3028 4391 parari,
3054 4321 3292 4378 dilucide
3320 4336 3678 4390 rec0gnosces
3701 4319 3834 4390 (56).

2275 4411 2401 4466 Haec
2457 4421 2637 4465 autem
2692 4412 2856 4481 paulo
2909 4414 3088 4467 latiori
3149 4429 3377 4469 excessu
3432 4413 3700 4482 prosecuti
3741 4427 3837 4466 su-

594 4506 719 4552 tcst.
772 4497 873 4564 Qui
919 4506 1098 4551 autem
1147 4496 1344 4565 dignus
1381 4495 1543 4549 fuerit
1587 4494 1766 4549 redire
1793 4505 1847 4550 et
1884 4511 2006 4550 esse
2037 4512 2158 4552 cum
2194 4496 2239 4552 D
2269 4516 2424 4566 mus,
2485 4501 2773 4556 ostendere
2842 4504 3084 4559 volentes
3156 4505 3443 4560 odoratum
3506 4518 3721 4572 sponsa;
3781 4512 3837 4559 ct

590 4588 831 4655 Christo,
859 4587 1062 4658 quique
1094 4585 1148 4639 in
1181 4599 1346 4655 parvo
1374 4583 1546 4639 fidelis
1581 4585 1832 4641 inventus
1867 4586 2168 4641 constitue-

593 4688 684 4733 tur
708 4694 867 4749 super
906 4679 1076 4732 multa
1101 4719 1118 4745 ,
1164 4677 1253 4731 ille
1282 4676 1520 4748 gustabit
1542 4687 1598 4733 et
1628 4678 1805 4748 capiet
1834 4680 2163 4750 voluptatem

594 4768 845 4832 Domini,
896 4769 1193 4838 perductus
1230 4769 1295 4824 ad
1352 4768 1534 4824 locum
1585 4770 1878 4840 quemdam
1925 4771 2019 4842 qui
2065 4787 2165 4842 pro

593 4857 904 4926 hujusmodi
938 4859 1184 4913 ciborum
1219 4860 1392 4929 copiis
1417 4869 1472 4914 et
1498 4860 1850 4917 varietatibus
1873 4903 1888 4929 ,
1942 4863 2164 4918 delicia-

594 4962 716 5001 mm
749 4947 1063 5002 nominatur
1093 4948 1265 5003 locus.
1301 4947 1527 5019 Propter
1549 4950 1694 5019 quod
1721 4958 1772 5004 et
1808 4950 1861 5004 in
1891 4949 2037 5005 Eden
2073 4967 2165 5020 po-

591 5037 733 5092 situs
765 5038 996 5103 dicitur,
1023 5041 1168 5109 quod
1199 5040 1423 5096 delicias
1476 5041 1699 5097 indicat.
1734 5041 1810 5096 Ibi
1840 5044 1986 5097 enim
2017 5045 2164 5098 dice-

590 5140 681 5186 tur
712 5130 780 5186 ad
817 5147 942 5187 eum
967 5147 982 5183 :
1013 5132 1277 5186 Deliciare
1308 5134 1363 5185 in
1395 5133 1641 5189 Domino.
1684 5134 2038 5191 Deliciabitur
2062 5151 2161 5191 au-

592 5232 700 5277 tem
737 5238 847 5277 non
879 5222 931 5276 in
971 5238 1080 5276 uno
1109 5223 1224 5277 solo
1249 5224 1443 5279 edendi
1471 5226 1833 5296 gustandique
1859 5242 2044 5288 sensu.
2065 5227 2159 5282 sed

588 5329 642 5369 et
678 5314 863 5368 auditu
892 5313 1237 5369 deliciabitur
1281 5325 1336 5370 et
1368 5316 1489 5371 visu
1523 5326 1577 5371 et
1622 5325 1767 5372 tactu
1822 5318 2161 5387 odoratuque

588 5404 953 5459 deliciabitur.
985 5404 1040 5458 In
1072 5405 1292 5460 odorem
1328 5423 1562 5477 namque
1585 5408 1845 5479 unguenti
1878 5409 2000 5477 ejus
2031 5426 2159 5463 cur-

589 5501 687 5545 mt.
736 5492 799 5547 Et
847 5493 919 5547 ita
971 5494 1227 5550 omnibus
1259 5496 1510 5551 sensibus
1560 5498 1675 5552 suis
1705 5498 2051 5553 deliciabitur
2101 5499 2155 5553 in

2268 4591 2814 4655 adolescentularum,
2844 4609 2954 4663 quo
3003 4595 3241 4650 odoratae
3288 4603 3417 4649 sunt
3461 4595 3680 4649 odorem
3729 4610 3834 4648 ιιιιι

2268 4691 2591 4755 guentorum
2645 4685 2863 4752 sponsi,
2906 4701 3012 4739 non
3057 4686 3302 4754 corporis
3348 4702 3565 4751 sensus,
3616 4684 3711 4740 sed
3752 4686 3833 4740 di~

2267 4772 2378 4827 vini
2414 4773 2600 4829 odoris
2632 4774 2776 4830 illius
2801 4784 2854 4830 et
2884 4776 3158 4831 interioris
3201 4777 3292 4845 qui
3331 4778 3628 4846 appellatur
3660 4777 3828 4831 homi-

2270 4868 2376 4932 nis,
2407 4866 2536 4922 dici.
2571 4865 2671 4922 Hic
2696 4883 2824 4937 ergo
2851 4867 3187 4923 odorationis
3219 4885 3413 4925 sensus
3443 4872 3496 4925 in
3529 4886 3637 4941 quo
3665 4885 3834 4925 sanus

2264 4968 2349 5015 est
2372 4969 2425 5014 et
2459 4959 2688 5029 integer,
2724 4959 2892 5015 odore
2925 4960 3128 5017 Christi
3160 4973 3382 5033 accepto
3425 4979 3494 5018 ex
3523 4965 3628 5016 tita
3663 4964 3834 5017 addu-

2262 5049 2337 5103 cit
2383 5049 2450 5104 ad
2500 5049 2688 5103 vitam.
2744 5048 2801 5103 Si
2851 5066 2979 5105 vero
3021 5067 3127 5106 non
3174 5054 3245 5108 sit
3293 5069 3479 5118 sanus,
3527 5054 3631 5107 hoc
3667 5054 3835 5108 odore

2262 5151 2516 5211 suscepto
2556 5142 2622 5197 de
2651 5153 2825 5198 morte
2858 5144 2912 5196 in
2951 5156 3178 5200 mortem
3209 5144 3413 5213 dcjicit.
3437 5146 3735 5200 secundum
3769 5147 3834 5199 il-

2264 5231 2379 5286 lum
2419 5231 2511 5300 qui
2552 5230 2805 5286 dicebat:
2845 5231 3110 5297 Quoniam
3142 5232 3342 5288 Christi
3374 5235 3537 5288 bonus
3581 5237 3711 5288 odor
3743 5254 3833 5289 su-

2266 5338 2406 5389 mus,
2442 5321 2565 5375 aliis
2595 5323 2802 5391 quidem
2829 5324 2892 5378 de
2921 5325 3027 5377 vita
3056 5325 3316 5384 invitam,
3344 5323 3466 5376 aliis
3494 5333 3670 5377 autem
3702 5327 3834 5379 odor

2264 5414 2328 5466 de
2384 5423 2548 5468 morte
2600 5416 2655 5467 in
2708 5424 2925 5468 mortem
2971 5415 3038 5467 “.
3106 5415 3353 5483 Denique
3407 5425 3461 5469 et
3511 5417 3568 5469 hi
3633 5419 3832 5485 quibus

2265 5504 2570 5561 intellectus
2639 5505 2927 5560 herbarum
2978 5513 3062 5561 est
3113 5505 3626 5577 pigmentorumque
3687 5514 3832 5578 pori-

661 5604 703 5634 “
732 5604 865 5660 lleb.
890 5623 942 5672 ν,
974 5607 1058 5661 14.
1137 5608 1182 5640 ²²
1205 5606 1366 5662 Prov.
1411 5623 1473 5675 tt,
1503 5610 1554 5663 5.
1630 5611 1677 5642 ”
1709 5608 1842 5666 Hel).
1870 5629 1935 5679 v,
1963 5611 2048 5667 H.
2125 5614 2171 5646 ³⁵
2204 5612 2247 5667 11
2274 5612 2334 5668 Ε(

1137 5608 1182 5640 ²²
1205 5606 1366 5662 Prov.
1411 5623 1473 5675 tt,
1503 5610 1554 5663 5.
1630 5611 1677 5642 ”
1709 5608 1842 5666 llcb.
1870 5629 1935 5679 v,
1963 5611 2048 5667 H.
2125 5614 2171 5646 ”
2204 5612 2247 5667 11
2274 5612 2398 5668 Cor.
2449 5631 2509 5679 ιι,
2540 5616 2626 5680 15,
2664 5617 2747 5670 16.

659 5692 773 5782 (ᾅϐ)
810 5693 1049 5765 Referens
1076 5700 1145 5753 ad
1173 5700 1455 5757 animm...
1488 5717 1833 5775 recognosces.
1867 5703 1958 5761 Sic
2002 5721 2165 5771 mss.;
2217 5705 2337 5762 libri
2379 5724 2505 5763 vero
2540 5708 2690 5773 editi,
2745 5709 3023 5776 referemus
3059 5709 3127 5763 ad
3166 5710 3449 5767 animm...
3499 5726 3827 5782 recognosce;

594 5776 727 5814 ηιέίδ.
