4236 6282
265 280 332 335 97
1623 275 1823 329 LIBER

1886 274 2145 333 ’iilMUS.
3429 283 3498 338 98

264 400 359 463 ἥδ,
406 398 591 455 rerum
628 397 873 469 autetiam
932 413 1054 453 esse
1103 396 1411 467 pigmenta.
1466 409 1700 466 Quorum
1774 391 1819 444 Si
1850 397 1896 451 Δ
1929 398 1982 453 in
2001 397 2737 470 [ormaDeiesset,exinaniri!
2762 399 3115 467 semetipsum,
3161 406 3212 452 et
3256 398 3486 468 formant

261 491 484 546 odorem
538 492 781 561 ceperint
827 490 1091 546 nonnulla
1149 490 1407 543 animalia
1440 489 1700 543 continuo
1744 487 1826 541 in-

262 590 500 647 tereunt;
532 582 642 637 alia
671 596 802 637 vero
825 580 1016 637 eodem
1058 579 1226 636 odore
1256 589 1592 642 recreantur,
1632 578 1828 632 vitam-

259 688 363 742 que
388 672 682 742 recipiuut.
714 670 779 727 Et
807 688 951 727 nunc
975 687 1105 742 ergo
1130 671 1183 724 in
1214 670 1299 725 his
1324 670 1454 740 ipsis
1476 668 1828 739 expositioni-

262 768 358 820 bus
413 776 468 820 et
520 765 878 821 sermonibus
924 779 1063 834 quos
1116 763 1381 818 habemus
1430 762 1484 816 in
1529 763 1822 826 manibus,

260 853 466 907 videtur
500 854 632 909 aliis
664 868 785 908 esse
820 853 928 908 vita
961 868 1028 907 ex
1064 853 1193 919 vita,
1231 853 1354 908 aliis
1396 868 1525 908 vero
1562 868 1715 908 mors
1757 868 1826 906 ex

260 948 446 993 morte.
484 937 629 993 Nam
666 941 710 994 si
748 940 859 995 haec
891 940 1087 1009 exponi
1120 940 1192 994 ita
1233 942 1416 995 audiat
1453 940 1705 995 animalis
1731 942 1826 1009 qui

258 1028 452 1081 dicitur
494 1029 688 1094 homo,
723 1031 813 1098 qui
857 1047 964 1084 non
1013 1041 1187 1099 potest
1226 1032 1505 1102 percipere
1540 1044 1594 1086 et
1629 1032 1828 1086 intelli-

256 1133 376 1185 gere
405 1135 534 1188 qua:
572 1130 702 1175 sunt
747 1118 974 1192 spiritus
1022 1121 1139 1188 Dei,
1190 1123 1435 1177 irridebit
1477 1124 1595 1178 sine
1621 1123 1825 1189 dubio,

253 1221 416 1281 atque
443 1208 631 1282 inepta
652 1214 767 1270 haec
789 1231 910 1270 esse
935 1225 988 1271 et
1010 1215 1194 1270 inania
1219 1217 1615 1286 pronuntiabit,
1641 1217 1828 1272 dicens

253 1303 472 1358 somnia
504 1307 683 1374 potius
713 1321 876 1375 quam
919 1323 1102 1362 rerum
1140 1323 1334 1365 causas
1365 1317 1419 1362 et
1448 1309 1700 1380 degmata
1744 1309 1827 1363 di-

252 1392 380 1445 vina
414 1396 661 1449 tractari.
692 1394 787 1451 His
811 1412 941 1465 ergo
974 1398 1109 1452 odor
1137 1398 1225 1453 hic
1250 1398 1461 1454 Cantici
1486 1400 1825 1454 canticorum

250 1482 485 1536 eﬂicitur
512 1485 581 1539 de
611 1496 784 1541 morte
820 1486 873 1540 in
906 1496 1157 1553 mortem,
1192 1488 1401 1544 scilicet
1430 1489 1497 1545 de
1539 1502 1714 1545 morte
1743 1491 1827 1543 in-

252 1572 553 1638 ﬁdelitatis,
604 1575 656 1628 in
701 1585 929 1631 mortem
978 1577 1167 1648 judicii
1220 1588 1273 1633 et
1329 1579 1823 1635 condemnatiouis.

252 1660 626 1730 Sequentibus
671 1682 800 1720 vero
840 1668 1135 1736 spiritalem
1175 1684 1395 1726 sensum
1446 1677 1500 1724 et.
1532 1670 1823 1732 subtilem,

1930 485 2064 539 servi
2116 487 2314 550 accepit
2361 486 2426 541 ’°.
2481 485 2794 544 Exinanivit
2840 498 3018 543 autem
3056 489 3123 545 de
3164 490 3498 561 plenitudine

1930 573 2048 628 siue
2109 574 2276 629 dubio
2345 575 2400 629 in
2470 591 2577 645 qua
2646 587 2786 632 erat.
2849 577 2928 632 llli
2974 592 3102 648 ergo
3160 581 3253 650 qui
3305 582 3496 636 dicunt

1927 665 2053 734 quia
2104 664 2168 719 de
2213 665 2537 732 plenitudine
2579 668 2693 737 ejus
2745 685 2838 723 nos
2888 685 3064 723 omnes
3106 673 3398 740 accepimus
3425 673 3496 740 ³⁸,

1928 755 2031 823 ipsi
2104 765 2233 811 sunt
2298 757 2749 823 adolescentulis,
2823 775 2947 829 quae
3006 760 3074 815 de
3127 775 3192 814 ea
3260 762 3496 830 plenitu-

1927 846 2054 901 dine
2082 862 2147 902 ex
2180 863 2287 918 qua
2336 863 2396 904 se
2430 849 2519 905 ille
2552 851 2871 919 exiuauivit,
2920 860 2977 906 et
3007 850 3213 906 factum
3250 862 3336 909 est
3387 870 3498 908 un-

1928 945 2189 1005 guentum
2256 938 2595 993 exinanitum
2661 955 2861 995 nomen
2920 939 3081 1009 ejus,
3132 940 3494 1011 percipientes

1927 1025 2117 1081 dicunt
2159 1046 2172 1081 :
2224 1027 2355 1082 Post
2399 1039 2447 1083 te
2495 1031 2551 1083 in
2594 1030 2804 1083 adorent
2854 1041 3239 1100 unguentorum
3289 1041 3500 1086 tuorum

1929 1135 2229 1174 curremus.
2277 1118 2390 1175 Nisi
2440 1121 2583 1174 enim
2615 1121 2950 1176 exinanisset
2993 1131 3353 1191 unguentum,
3398 1124 3503 1179 hoc

1927 1220 2011 1264 est
2050 1210 2443 1280 plenitudinem
2481 1210 2652 1266 divini
2683 1210 2938 1281 Spiritus,
2983 1219 3038 1267 et
3067 1212 3412 1268 humiliasset
3441 1230 3500 1268 se

1928 1315 2103 1368 usque
2141 1300 2208 1353 ad
2252 1298 2484 1354 formam
2526 1300 2689 1366 servi,
2718 1314 2913 1370 capere
2935 1316 3059 1357 eum
3107 1302 3293 1357 nullus
3315 1302 3370 1357 in
3407 1303 3498 1357 illa

1926 1390 2224 1446 divinitatis
2263 1392 2600 1461 plenitudine
2627 1392 2913 1462 potuisset,
2956 1392 3063 1449 nisi
3101 1392 3218 1449 sola
3245 1394 3499 1451 fortassis

1927 1496 2150 1550 sponsa,
2199 1499 2299 1552 pro
2332 1498 2399 1538 eo
2456 1484 2603 1555 quod
2649 1484 2862 1539 videtur
2902 1483 3167 1552 indicare,
3220 1486 3351 1557 quia
3392 1502 3497 1539 un-

1925 1580 2185 1641 guentum
2216 1573 2362 1627 istud
2394 1573 2735 1628 exinanitum
2759 1587 2868 1627 non
2892 1572 3020 1639 sibi,
3052 1574 3146 1630 sed
3182 1574 3500 1630 adolescen-

1932 1662 2062 1717 tulis
2108 1664 2415 1720 dilectionis
2458 1664 2669 1720 dederit
2712 1678 2954 1719 causam.
3004 1663 3096 1719 Sic
3140 1664 3283 1719 enim
3320 1665 3495 1720 dicit:

247 1760 415 1821 atque
462 1753 893 1827 iutelligeutibus
939 1760 1199 1828 majorem
1231 1760 1409 1815 inesse
1444 1761 1725 1814 veritatem
1770 1761 1826 1815 iu
1856 1740 1900 1796 Β
1932 1753 2266 1825 Unguentum
2296 1758 2628 1811 exinanitum
2650 1772 2839 1810 nomen
2873 1766 3043 1823 tuum,
3070 1766 3343 1826 propterea
3363 1756 3497 1811 ado-

248 1843 334 1899 his
367 1862 498 1914 quae
541 1863 646 1901 non
680 1849 952 1917 videntur,
981 1866 1147 1920 quam
1179 1851 1235 1906 in
1271 1853 1358 1908 his
1396 1868 1519 1923 qua:
1551 1854 1825 1921 videntur,

244 1942 298 1986 et
326 1937 549 1991 veriora
579 1938 764 1992 haberi
795 1940 938 2008 apud
972 1940 1141 1996 Deum
1183 1943 1481 1997 invisibilia
1513 1953 1566 1998 et
1607 1945 1831 2013 spirita~

242 2024 316 2077 lia
346 2026 536 2093 magis
563 2042 729 2094 quam
758 2029 990 2083 visibilia
1025 2040 1079 2084 et
1103 2032 1429 2101 corporalia,
1457 2033 1832 2101 amplectenda

239 2115 374 2168 sine
403 2115 579 2169 dubio
608 2118 920 2185 hujusmodi
950 2121 1301 2191 intelligentia
1346 2124 1619 2177 videbitur
1652 2133 1708 2179 et
1747 2138 1835 2178 se-

240 2204 500 2271 quenda.
530 2208 848 2276 Agnoscunt
875 2209 1019 2262 enim
1057 2211 1162 2265 tale
1187 2226 1311 2266 esse
1347 2211 1708 2281 intelligentiae
1752 2227 1836 2267 ve-

243 2294 435 2346 ritatis
465 2294 571 2347 iter
595 2311 708 2364 quo
734 2298 1048 2364 pervenitur
1090 2299 1155 2353 ad
1191 2299 1382 2355 Deum.
1422 2300 1527 2355 Sed
1562 2302 1832 2371 siquidem

246 2386 468 2439 alienus
496 2400 525 2438 a
554 2385 658 2440 ﬁde
688 2388 759 2441 sit
786 2388 854 2452 is,
890 2389 983 2457 qui
1023 2390 1135 2444 haec
1175 2392 1338 2446 stulta
1380 2392 1592 2461 judicat
1616 2402 1671 2447 et
1710 2395 1834 2446 irri-

248 2476 451 2541 denda,
488 2475 618 2529 nihil
667 2478 887 2532 mirum.
930 2476 987 2533 Si
1026 2496 1152 2534 vero
1186 2481 1385 2551 aliquis
1411 2496 1475 2536 ex
1505 2483 1595 2537 his
1639 2486 1711 2537 sit
1734 2484 1829 2553 qui

251 2569 509 2621 videnlur
533 2569 775 2635 credere,
804 2580 857 2624 ct
887 2570 1291 2640 Scripturarunt
1326 2574 1703 2628 auctoritatem
1742 2592 1827 2631 re-

250 2659 454 2724 cipere.
496 2673 604 2711 non
651 2668 829 2713 tamen
861 2662 1049 2730 recipit
1089 2663 1446 2730 expositionis
1474 2663 1638 2734 hujus
1664 2666 1828 2734 spiri-

254 2749 374 2801 talis
412 2749 669 2814 formam,
715 2751 808 2805 sed
858 2752 1044 2806 irridet
1078 2762 1131 2807 et
1156 2752 1403 2823 derogat,
1439 2765 1714 2809 tentemus
1758 2772 1827 2811 ex

252 2838 371 2891 aliis
418 2836 834 2906 Scripturarum
865 2840 999 2896 locis
1038 2841 1311 2897 instruere
1340 2859 1465 2897 eum
1508 2858 1572 2897 ac
1600 2860 1827 2913 persua-

253 2928 393 2979 dere.
436 2926 548 2992 Qui
597 2928 642 2981 si
674 2927 811 2983 forte
863 2929 1060 2997 poterit
1098 2931 1178 2985 sic
1218 2931 1566 3002 resipiscere,
1612 2942 1667 2987 ct
1702 2935 1828 2990 talia

255 3020 505 3087 quit-dant
567 3019 813 3074 dicamus
859 3020 925 3073 ad
967 3037 1112 3088 eum,
1168 3022 1431 3091 scriptum
1479 3031 1566 3077 est
1609 3041 1625 3077 :
1672 3023 1824 3079 Prte-

256 3120 454 3177 ceptum
498 3107 710 3164 Domini
744 3110 979 3163 liuidum
1004 3110 1313 3165 illuminans
1347 3111 1523 3165 oculos
1549 3113 1615 3165 ³⁸.
1674 3112 1823 3167 Dicat

257 3218 378 3269 ergo
429 3201 620 3264 nobis,
666 3202 757 3270 qui
793 3210 923 3256 sunt
952 3202 1096 3256 oculi
1131 3203 1224 3272 qui
1276 3202 1655 3257 illutuinantur
1702 3204 1823 3259 luce

261 3292 534 3362 praecepti.
579 3291 643 3345 Et
695 3294 889 3347 iterum
933 3311 947 3347 :
999 3292 1104 3358 Q.i
1152 3293 1305 3347 habet
1359 3311 1513 3348 aures
1566 3296 1817 3349 audiendi

260 3384 435 3436 audiat
466 3382 540 3437 ³⁸.
566 3381 695 3448 Qum
725 3392 852 3436 sunt
895 3397 1053 3438 aures
1077 3384 1211 3448 istae,
1248 3398 1385 3453 quas
1413 3384 1508 3453 qui
1543 3384 1817 3448 habuerit,

260 3474 368 3543 ipse
406 3474 566 3529 solus
613 3474 773 3527 verba
830 3473 1030 3527 Christi
1083 3474 1273 3528 audire
1318 3474 1566 3528 dicatur?
1606 3473 1672 3526 Et
1720 3474 1822 3528 itc-

259 3581 374 3619 runt
406 3583 419 3620 :
453 3564 722 3630 Quoniam
741 3564 942 3620 Christi
976 3566 1139 3619 bonus
1176 3566 1306 3618 odor
1330 3564 1633 3627 sumusDeo
1655 3566 1730 3631 ²⁷;
1766 3576 1821 3619 et

260 3657 310 3709 in
348 3656 472 3710 aliis
519 3673 532 3709 :
569 3654 791 3708 Custate
823 3666 870 3709 et
905 3655 1071 3709 videte
1101 3655 1351 3726 quoniam
1400 3656 1577 3709 suavis
1607 3663 1685 3708 est
1714 3653 1821 3707 Da-

260 3749 428 3801 mintts
455 3747 526 3800 ’3.
558 3745 625 3799 Et
654 3746 784 3815 quid
815 3746 953 3802 alius
988 3746 1063 3799 ait
1094 3763 1107 3799 :
1163 3744 1354 3799 Manus
1388 3755 1585 3800 nostra:
1630 3745 1824 3815 palpa-

259 3845 435 3889 verunt
485 3835 550 3887 de
594 3835 743 3888 verba
795 3836 911 3889 vita:
946 3835 1011 3890 ".
1047 3834 1282 3890 Putasne
1323 3836 1376 3889 in
1431 3836 1515 3891 his
1564 3838 1822 3893 omnibus

260 3941 364 3980 non
404 3925 732 3992 movebitur,
767 3934 826 3981 ut
867 3925 1113 3981 advertat
1156 3926 1270 3981 haec
1316 3927 1567 3982 universa
1597 3943 1705 3981 non
1756 3928 1822 3981 de
1858 3954 1872 4010 ι

262 4016 539 4087 corporeis
591 4018 839 4072 sensibus
867 4017 1034 4083 dicta,
1068 4018 1162 4071 sed
1209 4018 1276 4071 de
1317 4017 1403 4071 his
1441 4033 1580 4086 quos
1623 4034 1812 4072 secun-

263 4109 388 4165 dum
427 4111 743 4165 interiorem
777 4112 1053 4165 hominem
1096 4109 1274 4163 inesse
1314 4108 1606 4177 unicuique
1635 4108 1827 4161 docui-

266 4203 418 4257 mus?
449 4203 557 4257 nisi
587 4202 632 4257 si
677 4201 1045 4257 contentionis
1087 4210 1141 4255 et
1165 4197 1441 4268 jactantiae
1482 4197 1616 4251 vitio
1647 4197 1828 4266 agitur

265 4294 355 4362 qui
394 4294 666 4364 ejusmodi
704 4303 810 4349 est.
850 4293 1060 4360 Quibus
1091 4291 1238 4346 vitiis
1281 4288 1538 4360 quoniam
1574 4297 1629 4343 et
1677 4288 1828 4342 visus

1930 1847 2226 1903 lescentqu
2255 1848 2554 1903 dilexerunt
2585 1860 2653 1904 te.
2690 1848 2767 1905 Ac
2810 1849 2856 1905 si
2885 1850 3088 1905 diceret
3116 1867 3129 1904 :
3164 1850 3496 1905 Adolescen-

1928 1937 2056 1991 tulte
2088 1939 2306 2007 quidem
2338 1950 2622 2009 propterea
2648 1940 2952 1995 dilexerunt
2975 1949 3050 2005 te,
3084 1939 3213 2009 quia
3242 1940 3496 1994 exinanio

1932 2029 2002 2083 sti
2054 2036 2105 2083 te
2152 2029 2220 2082 de
2266 2030 2443 2084 forma
2495 2029 2613 2093 Dei,
2663 2042 2716 2084 et
2766 2030 2970 2085 factum
3023 2040 3107 2085 est
3160 2040 3497 2100 unguentum

1934 2118 2275 2172 exinanitum
2314 2134 2511 2173 nomen
2539 2128 2709 2173 tuum.
2742 2117 2855 2188 Ego
2891 2128 3073 2174 autem
3108 2135 3216 2174 non
3254 2135 3352 2188 pro
3382 2121 3503 2173 exi-

1937 2207 2128 2261 nanito
2164 2216 2462 2276 unguento,
2505 2208 2601 2263 sed
2635 2223 2734 2278 pro
2783 2207 2900 2278 ipsa
2951 2221 3354 2280 unguentorum
3394 2210 3504 2279 ple.

1934 2299 2188 2354 nitudine
2217 2301 2383 2355 dilexi
2414 2308 2484 2356 te.
2515 2298 2629 2355 Hoc
2656 2301 2800 2356 enim
2828 2301 3032 2357 indicat
3056 2302 3109 2355 in
3148 2316 3213 2357 eo
3246 2302 3367 2356 loco
3407 2301 3500 2355 uLi

1931 2387 2062 2443 dicit
2091 2406 2106 2442 :
2149 2388 2298 2443 Odor
2326 2399 2712 2460 unguentorum
2759 2400 2968 2444 tuorunt
2996 2408 3151 2458 super
3180 2389 3288 2463 44
3322 2392 3502 2445 omnia

1930 2488 2191 2533 aromata.
2221 2477 2375 2545 Quod
2409 2495 2538 2533 vero
2572 2479 2735 2534 etiam
2768 2480 2885 2550 ipsa
2918 2494 3042 2533 cum
3083 2478 3503 2534 adolescentulis

1928 2582 2054 2639 post.
2086 2570 2262 2639 ipsum
2293 2584 2351 2625 se
2382 2584 2670 2625 cursuram
2712 2571 2864 2636 dicit,
2913 2571 3054 2624 hanc
3082 2570 3170 2625 aio
3218 2585 3340 2625 esse
3379 2587 3505 2625 cau-

1929 2672 2071 2723 sam,
2099 2659 2242 2727 quod
2271 2658 2492 2726 perfecti
2525 2658 2728 2727 quique
2761 2658 2943 2712 omnia
2970 2659 3227 2714 omnibus
3253 2659 3406 2722 ﬁant,
3442 2671 3501 2716 ut

1928 2764 2118 2804 omnes
2148 2748 2512 2814 lucrifaciant,
2550 2749 2690 2805 sicut
2708 2748 2820 2819 jam
2851 2763 3017 2817 supra
3045 2749 3421 2818 exposuimus.

2003 2836 2157 2893 Vers.
2192 2839 2246 2892 4.
2284 2836 2593 2892 Introduxit
2629 2854 2709 2892 me
2741 2854 2833 2892 rex
2874 2838 2929 2892 in
2967 2838 3264 2893 cubiculum
3303 2856 3455 2894 suum
3478 2877 3496 2903 ,

1928 2928 2252 2981 exsultemus
2307 2936 2357 2981 et
2399 2928 2756 2997 jucundentur
2800 2928 2854 2981 in
2904 2939 2971 2981 te.
3022 2928 3158 2982 Cum
3206 2928 3502 2983 indicasset

1930 3032 2131 3086 sponso
2164 3032 2266 3072 suo
2290 3016 2523 3088 sponsa,
2560 3017 2699 3085 quod
2730 3016 3147 3073 adolescentulte
3176 3019 3342 3073 odore
3381 3020 3502 3088 ejus

1929 3119 2098 3178 capta!
2121 3117 2400 3163 currerent
2427 3116 2548 3177 post
2577 3108 2781 3177 ipsum,
2807 3122 2931 3162 cum
2959 3109 3157 3177 quibus
3181 3108 3343 3164 etiam
3373 3109 3491 3177 ipsa

1929 3213 2157 3254 cursura
2190 3206 2352 3262 esset,
2389 3206 2448 3252 ut
2476 3198 2556 3253 eis
2584 3199 2813 3252 formam
2850 3198 3110 3267 pra-heret
3131 3198 3184 3252 in
3212 3198 3492 3262 omnibus,

1932 3304 2078 3344 nunc
2110 3290 2267 3359 quasi
2302 3287 2506 3343 laboris
2545 3288 2629 3342 sui
2663 3294 2953 3342 consecuta
2982 3286 3095 3357 jam
3132 3288 3364 3356 palmam
3404 3302 3503 3356 pro

1929 3397 1997 3438 eo
2034 3381 2179 3452 quod
2216 3380 2557 3436 concurrerit
2594 3379 2978 3444 currentibus,
3034 3379 3397 3434 introductam
3440 3393 3500 3433 se

1930 3474 2061 3529 dicit
2090 3474 2159 3527 ab
2188 3486 2393 3543 sponso
2423 3485 2548 3541 rege
2579 3470 2632 3524 in
2676 3471 2990 3526 cubiculum
3023 3469 3165 3540 ejus,
3203 3482 3265 3525 ut
3301 3470 3373 3522 ibi
3410 3469 3496 3520 vi-

1928 3567 2079 3621 deret
2124 3573 2349 3619 cunctas
2393 3576 2525 3630 opes
2578 3560 2782 3629 regias.
2824 3564 2885 3614 tn
2933 3576 3040 3631 quo
3074 3560 3258 3630 utique
3305 3559 3503 3612 merito

1923 3655 2256 3729 jucundatur
2287 3662 2341 3711 et
2367 3652 2625 3719 exsultat,
2671 3659 2856 3722 utpote
2887 3667 3007 3720 qua:
3038 3659 3244 3706 secreta
3268 3648 3380 3717 jam
3413 3663 3504 3701 ι’,-

1928 3750 2010 3821 gis
2038 3758 2091 3804 et
2122 3763 2319 3802 arcana
2354 3743 2711 3816 prospexerit.
2759 3741 2859 3797 llic
2889 3750 3003 3807 est,
3040 3739 3347 3796 secundum
3380 3752 3503 3807 pro-

1929 3841 2163 3911 positum
2195 3836 2459 3893 dramatis
2490 3835 2758 3901 ordinem,
2804 3831 2964 3901 quasi
3002 3829 3298 3885 historicus
3345 3829 3502 3883 intel-

1930 3933 2117 3987 lectus.
2155 3929 2260 3984 Sed
2287 3928 2543 3998 quoniam
2570 3927 2730 3997 cujus
2767 3939 2855 3978 res
2886 3922 3086 3993 agitur,
3133 3919 3376 3976 Ecclesia
3418 3932 3502 3975 cst

1932 4026 1997 4079 ad
2032 4024 2308 4077 Christum
2339 4021 2583 4084 veniens,
2637 4019 2718 4075 vel
2754 4016 2938 4071 anima
2970 4014 3151 4069 Verbo
3188 4013 3281 4067 Dei
3324 4014 3502 4067 adlue-

1933 4127 2080 4176 rens,
2124 4110 2269 4178 quod
2304 4107 2449 4161 aliud
2498 4108 2810 4160 cubiculum
2840 4105 3042 4159 Christi
3086 4113 3140 4157 et
3187 4112 3505 4171 promptua.

1935 4203 2075 4257 rium
2106 4199 2198 4254 Dei
2224 4196 2552 4254 credendum
2591 4204 2674 4252 est
2705 4197 2757 4250 in
2794 4210 2904 4265 quo
2938 4194 3019 4249 vel
3060 4191 3375 4254 Ecclesium,
3419 4190 3505 4245 vel

1935 4294 2174 4350 animam
2210 4290 2569 4346 cohaerentem
2603 4287 2705 4343 sibi
2754 4285 3082 4352 introducat,
3120 4283 3225 4338 nisi
3276 4281 3388 4350 ipse
3422 4296 3505 4334 ar-

267 4377 353 4434 ille
379 4379 612 4434 interior
646 4392 970 4444 exotecatur,
1005 4391 1059 4435 et
1092 4380 1352 4434 odoratus
1384 4377 1690 4433 occluditur
1710 4417 1726 4443 ,
1772 4388 1825 4432 et

1886 4404 1905 4458 )
1934 4400 2104 4441 cauus
2132 4397 2327 4439 sensus
2359 4379 2479 4450 ejus
2520 4389 2574 4433 et
2606 4377 2941 4443 reconditus,
2973 4378 3040 4432 de
3066 4390 3176 4447 quo
3200 4383 3254 4429 et
3298 4372 3504 4427 Paulus

268 4470 564 4526 obduratur
592 4470 832 4534 auditus,
863 4471 1059 4525 merito
1080 4485 1179 4525 nec
1210 4470 1393 4525 videre
1413 4484 1535 4539 quae
1567 4470 1839 4539 spiritua-.

270 4563 337 4619 lia
366 4571 515 4628 sunt,
564 4577 665 4618 nec
698 4563 886 4618 audire
915 4570 1115 4633 potest,
1145 4563 1238 4617 sed
1269 4578 1368 4618 nec
1399 4562 1623 4617 odorem
1660 4562 1825 4617 istum

268 4652 468 4709 Christi
513 4669 728 4724 capere,
782 4668 889 4723 quo
940 4669 1085 4708 nunc
1132 4663 1350 4723 recepto
1401 4654 1827 4711 adolescentulus

271 4741 385 4797 ista:
415 4743 469 4797 in
500 4745 703 4815 quibus
738 4744 872 4799 bene
917 4759 1085 4798 sanus
1127 4752 1181 4798 et
1212 4745 1398 4814 vigens
1428 4753 1547 4799 erat
1585 4745 1674 4799 hic
1708 4761 1828 4799 sen-

269 4848 385 4902 sus,
410 4835 464 4890 in
492 4824 712 4891 odorem
748 4844 1146 4904 unguentorum
1176 4835 1295 4906 ejus
1323 4846 1555 4891 currunt
1594 4844 1719 4906 post
1744 4837 1824 4905 ip-

271 4941 413 4993 sum,
452 4943 550 4984 nec
593 4927 853 4983 deﬁciunt
897 4936 1195 4994 currentes,
1241 4937 1335 4982 aut
1379 4927 1650 4994 laborant,
1697 4929 1825 4998 quia

272 5020 532 5076 suavitate
575 5020 761 5077 odoris
811 5021 982 5090 ipsius
1029 5020 1123 5089 qui
1167 5028 1252 5075 est
1288 5020 1357 5075 de
1397 5020 1505 5075 vita
1544 5020 1599 5075 in
1634 5022 1825 5086 vitam,

272 5110 482 5167 refectae
507 5113 710 5184 jugiter
737 5113 1097 5168 invalescant.

342 5201 522 5260 Potest
551 5204 729 5259 adhuc
752 5212 806 5259 et
834 5206 936 5259 hoc
972 5203 1135 5258 modo
1161 5202 1331 5273 accipi
1361 5202 1505 5273 quod
1538 5202 1613 5257 ait
1654 5221 1667 5257 :
1716 5201 1828 5257 Un-

273 5305 512 5364 guentum
555 5298 884 5352 exinanitum
933 5311 1120 5349 nomen
1154 5303 1321 5347 tuum.
1366 5292 1656 5362 Propterea
1696 5295 1829 5348 ado-

276 5389 565 5444 lescentulte
588 5389 886 5445 dilexerunt
921 5400 989 5443 te.
1018 5387 1339 5459 Untgenitus
1367 5385 1461 5441 Dei
1489 5384 1526 5439 F
1532 5385 1681 5451 ilius,
1708 5402 1827 5440 cum

1886 4544 1892 4549 Ι
1932 4476 2143 4532 diccbat
2186 4491 2200 4528 :
2242 4470 2355 4526 Nos
2389 4479 2562 4523 autem
2611 4486 2818 4523 sensum
2869 4466 3067 4521 Christi
3114 4464 3401 4530 habemus,
3442 4475 3501 4516 ut

1931 4567 2160 4622 sciamus
2187 4579 2308 4636 quae
2336 4579 2367 4615 a
2398 4561 2504 4616 Deo
2530 4562 2731 4615 donata
2752 4569 2872 4613 sunt
2904 4560 3073 4613 nobis.
3106 4556 3231 4611 il.ec
3256 4557 3343 4610 illa
3374 4566 3502 4611 sunt

1930 4674 2051 4728 qua:
2093 4655 2277 4710 oculus
2308 4669 2407 4707 non
2440 4653 2588 4718 vidit,
2618 4668 2712 4706 nec
2737 4650 2884 4703 auris
2919 4651 3145 4715 audivit,
3189 4664 3281 4701 nec
3320 4648 3376 4700 in
3411 4664 3501 4700 cor

1929 4750 2153 4805 hominis
2181 4745 2545 4809 ascenderunt,
2584 4758 2699 4813 qua:
2726 4740 3043 4809 praeparavit
3103 4737 3240 4791 Deus
3290 4737 3370 4791 his
3410 4739 3502 4807 qui

1935 4841 2162 4910 diligunt
2214 4853 2332 4891 eum
2360 4837 2424 4889 ".
2480 4834 2613 4889 Cum
2666 4832 2829 4902 igitur
2882 4831 3135 4886 Christus
3181 4828 3416 4885 animam
3443 4831 3499 4884 in

1936 4928 2346 5000 intelligentiam
2398 4925 2481 4980 sui
2535 4938 2730 4979 sensus
2789 4922 3029 4987 inducit,
3088 4921 3141 4976 in
3189 4919 3499 4975 cubiculum

1937 5021 2081 5091 regis
2139 5016 2445 5072 introducta
2502 5013 2740 5079 dicitur,
2808 5012 2862 5064 in
2917 5026 3018 5081 quo
3085 5019 3209 5064 sunt.
3272 5008 3507 5062 thesauri

1937 5112 2209 5182 sapientia:
2264 5123 2327 5160 ac
2372 5105 2606 5159 scientia:
2668 5104 2786 5173 ejus
2836 5102 3225 5158 absconditi'”.
3294 5098 3504 5152 Nonni-

1940 5201 2011 5256 hil
2053 5207 2232 5253 autem
2266 5209 2499 5250 vacuum
2542 5193 2757 5247 videtur
2806 5191 2949 5260 quod
2978 5207 3102 5246 cum
3134 5189 3397 5261 potuisset
3424 5188 3506 5240 di-

1936 5307 2058 5347 cere
2106 5306 2120 5343 :
2153 5284 2460 5340 introduxit
2491 5298 2575 5337 me
2603 5296 2838 5351 sponsus
2879 5295 3053 5348 meus,
3101 5288 3196 5335 aut
3228 5277 3509 5332 fraternus

1940 5398 2113 5447 meus,
2148 5388 2243 5435 aut
2265 5375 2466 5446 aliquid
2492 5373 2824 5443 hujusmodi,
2854 5382 2911 5427 ut
2933 5373 2982 5428 ei
3014 5372 3181 5427 moris
3209 5379 3292 5426 est
3315 5384 3331 5434 ;
3359 5383 3508 5423 nunc

355 5593 400 5626 ”
420 5593 568 5650 Psal.
592 5612 705 5658 xix,
735 5597 789 5651 8.
868 5596 911 5628 ²⁶
933 5593 1125 5649 Matth.
1160 5607 1284 5657 xm,
1313 5590 1362 5646 9.
1466 5592 1509 5622 "
1539 5590 1581 5645 Il
1620 5591 1727 5650 Cor
1771 5611 1832 5659 ιι,

1886 5595 1952 5650 .5.
2062 5589 2107 5621 ’⁸
2148 5587 2293 5659 Psal.
2338 5600 2522 5646 xxxiv,
2554 5583 2607 5639 8.
2708 5582 2752 5615 ²⁹
2782 5583 2802 5635 ι
2829 5578 2987 5634 Joan.
3021 5594 3061 5647 ι,
3098 5580 3151 5635 1.
3222 5573 3521 5643 "Philipp.

291 5679 352 5733 tt,
375 5664 426 5729 5,
457 5666 509 5721 7.
583 5666 624 5698 ἰ
654 5665 811 5722 Joan.
854 5681 893 5730 ι,
926 5664 1009 5719 16.
1087 5663 1177 5715 "1
1207 5662 1334 5717 Cor.
1366 5662 1521 5731 11,16,
1554 5665 1640 5733 Η,
1669 5665 1720 5721 9,
1801 5658 1841 5699 ﬂ

1906 5661 2119 5719 Coloss.
2159 5673 2219 5723 ιι,
2246 5658 2299 5709 5.
