4236 6282
599 401 668 448 sm
1691 392 2018 448 ORIGENIS
2065 391 2131 444 IN
2172 389 2525 446 CANTICU.“
2564 391 2840 448 CANTIC.

3740 393 3845 449 100

600 515 728 582 quia
767 513 1076 569 cubiculum
1109 513 1322 568 dictura
1359 521 1496 579 erat,
1552 514 1694 583 regis
1724 515 1922 568 dixerit
1947 515 2175 568 cubicu-
2205 525 2246 578 Α
2276 513 2599 582 optantium,
2649 523 2703 567 et
2750 513 3045 581 petentium
3077 528 3107 566 a
3140 525 3363 582 sponso,
3395 521 3453 566 ut
3486 514 3842 583 quemadmo-

602 605 734 668 lum,
763 613 817 659 et
859 621 965 660 non
1011 605 1159 659 aliud
1196 621 1395 659 nomen
1445 607 1708 674 posuerit,
1758 608 1810 658 in
1847 623 1957 676 quo
1992 615 2176 676 posset

604 694 852 750 fortassis
883 695 1082 764 aliquis
1107 695 1270 750 etiam
1298 697 1589 752 mediocris
1624 697 1868 766 intelligi.
1915 697 2019 752 Sed
2057 712 2179 766 pro-

603 798 784 855 pterea
815 787 1052 840 arbitror
1080 788 1132 840 in
1168 788 1250 841 his
1283 803 1464 858 regem
1514 788 1876 855 nominatum,
1908 799 1967 843 ut
2003 800 2179 844 osten-

603 877 818 930 deretur
847 892 941 944 per
974 879 1076 930 hoc
1109 892 1307 930 nomen
1340 879 1604 947 prmdives
1627 880 1962 946 cubiculum,
1991 889 2178 950 utpote

602 967 833 1035 regium,
866 977 920 1021 et
948 968 1136 1022 multis
1167 979 1330 1038 atque
1361 971 1644 1026 immensis
1668 973 1864 1040 opibus
1891 974 2174 1042 repletum.

602 1059 776 1129 Prope
813 1061 958 1115 hunc
987 1063 1215 1117 omnino
1263 1062 1396 1115 mibi
1431 1061 1644 1116 videtur
1679 1065 1845 1119 fuisse
1875 1063 1929 1119 et
1957 1065 2044 1135 ille
2083 1066 2177 1134 qui

599 1151 737 1205 dixit
767 1163 980 1221 raptum
1030 1169 1087 1207 se
1116 1169 1236 1208 esse
1277 1169 1451 1222 usque
1483 1155 1549 1207 ad
1585 1156 1801 1209 tertium
1846 1156 2044 1210 ccelum
2069 1197 2084 1223 ,
2125 1167 2179 1211 et

602 1244 726 1297 inde
754 1244 807 1296 in
841 1245 1176 1312 paradisum,
1205 1253 1257 1298 et
1289 1245 1509 1298 audisse
1542 1245 1704 1299 verba
1734 1245 2028 1300 inell‘abilia
2057 1263 2180 1314 qua:

602 1343 710 1382 non
740 1329 864 1382 licet
889 1331 1094 1384 homini
1127 1331 1271 1399 loqui
1298 1331 1363 1386 ³³.
1394 1331 1532 1398 Quid
1570 1334 1714 1386 enim
1745 1347 1903 1404 putas
1929 1351 2052 1390 esse
2086 1337 2177 1390 illa

601 1421 763 1474 verba
790 1437 910 1490 quae
927 1423 1167 1477 audivit?
1197 1421 1432 1478 Nonnea
1460 1442 1579 1495 rege
1596 1427 1829 1481 audivit?
1860 1427 1924 1481 Et
1947 1428 1999 1482 in
2023 1429 2179 1483 cubi-

601 1512 754 1575 culo,
786 1521 840 1566 et
867 1528 1030 1583 prope
1056 1513 1369 1568 cubiculum
1394 1517 1602 1585 positus
1625 1518 1952 1574 audivit?Et
1975 1534 2132 1574 erant
2159 1561 2175 1588 ,

600 1600 788 1667 credo,
833 1602 922 1654 illa
959 1602 1120 1655 verba
1159 1603 1285 1657 talia
1322 1603 1593 1673 quaedam,
1651 1622 1775 1676 quae
1828 1609 2180 1664 hortarentur

601 1707 726 1744 eum
781 1692 846 1745 ad
903 1694 1164 1762 majorem
1221 1694 1566 1764 profectum,
1616 1709 1669 1751 et
1703 1700 2078 1767 promitterent
2127 1701 2178 1756 ei

602 1783 748 1849 quod
783 1783 827 1836 si
858 1795 1231 1852 perseveraret
1261 1803 1434 1857 usque
1463 1787 1516 1842 in
1553 1792 1737 1856 tinem,
1763 1800 1814 1844 et
1849 1793 1963 1860 ipse
1996 1802 2179 1862 posset

604 1874 809 1928 intrare
849 1876 1186 1944 cubiculum,
1224 1880 1526 1934 secundum
1563 1881 1707 1936 istud
1739 1884 1884 1951 quod
1930 1900 2024 1953 per
2059 1900 2178 1954 pro-
2210 1863 2250 1916 Β

601 1971 819 2036 phetam
848 1984 1064 2038 quoque
1095 1973 1429 2040 promittitur
1459 1991 1472 2027 :
1502 1971 1646 2026 Dabo
1673 1975 1768 2028 tibi
1796 1976 2068 2032 thesauros
2088 1978 2180 2030 ob-

601 2075 804 2120 scuros,
843 2060 1096 2124 occultos,
1136 2062 1448 2116 invisibiles.
1479 2067 1728 2134 Aper-iam
1758 2068 1853 2120 tibi
1889 2081 1943 2122 ut
1989 2086 2180 2138 cogno-

599 2167 717 2203 scas
761 2151 885 2220 quia
932 2168 1023 2221 ego
1071 2169 1188 2204 sum
1234 2152 1490 2208 Dominus
1529 2153 1666 2210 Deus
1716 2165 1836 2210 tuus
1867 2159 1955 2227 qui
2003 2161 2180 2214 vocavi

601 2258 784 2294 nomen
833 2252 980 2295 tuum
1024 2242 1195 2298 Israel
1235 2243 1300 2299 “.
1347 2245 1590 2301 Currunt
1622 2264 1753 2319 ergo
1801 2251 2180 2305 adolescentu-

602 2332 666 2386 lze
725 2345 843 2400 post
899 2335 1116 2402 ipsum,
1184 2345 1238 2390 et
1290 2337 1346 2390 in
1421 2339 1642 2393 odorem
1701 2341 1856 2410 ejus,
1924 2360 2183 2413 unaquae-

599 2438 706 2490 que
753 2432 932 2477 tamen
980 2441 1075 2493 pro
1111 2425 1340 2489 viribus,
1379 2427 1482 2481 alia
1515 2430 1732 2495 quidem
1780 2431 2037 2494 velocius,
2076 2432 2180 2486 alia

604 2511 763 2579 paulo
793 2514 1020 2580 tardius,
1060 2517 1163 2570 alia
1199 2518 1363 2571 etiam
1391 2517 1620 2574 inferius
1643 2521 1856 2574 czcteris
1885 2531 1940 2574 ct
1965 2523 2179 2588 ultimo,

603 2603 709 2658 alia
745 2607 921 2674 primo
957 2608 1096 2663 loco.
1136 2605 1521 2663 Verumtamen
1557 2621 1788 2665 currunt
1824 2626 2048 2676 omnes,
2088 2617 2180 2667 sed

603 2710 710 2748 una
747 2706 829 2750 est
884 2697 1143 2764 perfecta,
1193 2713 1316 2765 quae
1366 2699 1540 2752 currit
1580 2701 1658 2754 sic
1692 2711 1751 2754 ut
1785 2703 2090 2771 perveniret
2131 2712 2185 2756 et

603 2783 722 2836 sola
756 2785 1027 2851 acciperet
1061 2786 1321 2852 palmam.
1357 2785 1481 2839 Sola
1511 2788 1661 2841 enim
1711 2798 1798 2843 est
1835 2805 1959 2859 qua:
1999 2792 2132 2845 dicit
2166 2810 2180 2845 :

607 2873 916 2927 Introduxit
960 2891 1039 2928 me
1076 2892 1167 2928 rex
1212 2876 1264 2928 in
1308 2876 1610 2931 cubiculum
1657 2897 1845 2946 suum;
1879 2897 2001 2937 cum
2031 2885 2185 2953 prius

608 2978 713 3015 non
747 2964 812 3016 de
844 2978 902 3018 se
933 2965 1071 3029 sola,
1106 2967 1198 3019 sed
1249 2968 1315 3020 de
1349 2967 1596 3036 pluribus
1625 2969 1875 3038 dixisset,
1906 2983 2021 3041 post
2057 2982 2105 3027 te
2127 2976 2182 3028 in

605 3051 813 3104 odorem
844 3064 1226 3123 unguentorum
1258 3068 1467 3110 tuorum
1497 3075 1787 3114 currernus.
1819 3063 2186 3119 lntroducitur

606 3159 735 3212 ergo
777 3143 829 3198 in
868 3147 1182 3201 cubiculum
1221 3149 1387 3218 regis,
1421 3159 1476 3204 et
1499 3151 1729 3206 eﬂicitur
1756 3155 1961 3220 regina,
1992 3164 2046 3209 et
2067 3155 2181 3226 ipsa
2210 3190 2256 3252 ο

607 3245 690 3289 est
719 3235 786 3290 de
816 3251 920 3305 qua
965 3238 1166 3292 dicitur
1198 3257 1210 3293 :
1257 3239 1456 3310 Regina
1486 3243 1658 3296 astitit
1689 3261 1720 3296 a
1754 3244 1954 3298 dextris
1998 3245 2101 3300 tuis
2129 3247 2183 3300 in

605 3335 792 3377 t'eslttu
858 3326 1149 3392 deaurato,
1215 3330 1543 3384 circumdata
1599 3333 1942 3388 varietatibus
1987 3329 2052 3389 ³⁸.
2111 3331 2187 3390 De

612 3417 694 3469 nis
769 3426 950 3471 autem
1019 3419 1439 3476 adolescentulis
1489 3438 1611 3492 qua).
1665 3433 1786 3492 post
1850 3425 2024 3494 ipsam
2091 3443 2188 3481 cu-

608 3516 919 3573 currerant,
952 3516 1008 3562 et
1038 3511 1229 3578 procul
1256 3511 1324 3566 ab
1350 3527 1412 3566 ea
1448 3512 1502 3566 in
1544 3513 1678 3583 ipsis
1710 3517 1963 3570 currendi
1993 3518 2186 3586 spatiis

610 3608 1010 3665 remanserant,
1040 3599 1244 3654 dicitur
1269 3620 1283 3655 :
1318 3601 1663 3658 Adducentur
1685 3607 1793 3676 regi
1817 3609 2040 3676 virgines
2068 3619 2186 3678 post

606 3705 744 3754 eam,
780 3691 1038 3758 proxima:
1058 3691 1171 3760 ejus
1201 3693 1530 3748 adducentur
1563 3695 1656 3748 tibi
1686 3713 1704 3749 :
1756 3697 2102 3752 Adducentur
2131 3701 2187 3753 in

606 3781 796 3833 [latitia
855 3790 904 3834 et
969 3782 1362 3847 exsultatione,
1435 3785 1752 3838 inducentur
1808 3788 1863 3840 in
1927 3790 2181 3858 templum

611 3871 744 3940 regis
775 3871 840 3926 “.
899 3870 1004 3925 Sed
1056 3881 1110 3926 et
1156 3873 1287 3927 illud
1334 3874 1498 3928 etiam
1547 3875 1600 3928 in
1650 3875 1754 3930 hoc
1787 3877 2068 3932 advertere
2100 3880 2189 3933 de-

611 3961 834 4024 bemus,
865 3961 1012 4030 quod
1053 3963 1196 4018 sicut
1224 3979 1317 4017 rex
1351 3963 1513 4018 habet
1555 3965 1869 4020 cubiculum
1913 3967 2186 4036 quoddam

612 4051 666 4102 in
706 4053 850 4120 quod
886 4053 1126 4121 reginam
1164 4054 1279 4110 sive
1321 4071 1578 4126 sponsam
1634 4072 1789 4112 suam
1841 4059 2183 4115 introducit:

615 4141 689 4192 ita
730 4140 888 4195 habet
919 4149 973 4195 et
1020 4158 1217 4212 sponsa
1251 4161 1411 4201 suum
1447 4148 1758 4204 cubiculum
1805 4149 1856 4203 in
1887 4151 2031 4220 quod
2078 4167 2190 4206 mo-

613 4241 767 4284 netur
801 4247 894 4301 per
925 4230 1160 4288 Verbum
1195 4233 1288 4290 Dei
1326 4236 1569 4306 ingressa
1600 4238 1852 4294 claudere
1879 4239 2104 4304 ostium,
2135 4247 2189 4294 et

614 4322 686 4373 ita
718 4323 993 4377 conclusis
1028 4324 1134 4378 illis
1161 4328 1418 4381 omnibus
1463 4329 1670 4382 divitiis
1715 4329 1831 4384 suis
1874 4331 2014 4384 intra
2057 4330 2187 4384 illud

614 4413 927 4464 cubiculum
962 4426 1121 4465 orare
1162 4428 1288 4466 eum
1333 4417 1425 4482 qui
1459 4417 1606 4468 videt
1636 4418 1688 4469 in
1733 4419 2054 4471 abscondito
2081 4458 2094 4480 ,
2134 4429 2190 4472 et

2276 606 2404 658 dum
2437 619 2634 672 sponsa
2659 613 2951 658 consecuta
2977 615 3062 659 est
3087 623 3208 675 qua:
3236 607 3471 674 perfecta
3503 615 3652 668 sunt,
3676 615 3730 659 et
3751 621 3845 660 es-

2277 695 2464 756 sultat,
2504 693 2576 746 ita
2615 693 2745 762 ipsae
2769 694 2881 763 jam
2913 711 3072 748 suum
3110 696 3335 765 implere
3383 711 3606 750 cursum
3651 705 3704 748 et
3733 712 3848 764 per-

2280 787 2465 839 venire
2517 800 2690 854 usque
2741 786 2807 839 ad
2844 787 2984 855 regis
3033 787 3344 841 cubiculum
3395 795 3727 853 mercantur,
3786 795 3847 840 ut

2278 875 2578 945 perspectis
2629 884 2683 929 et
2736 876 2948 932 intuitis
2991 879 3245 932 omnibus
3282 878 3365 932 bis
3414 879 3480 932 de
3511 879 3710 946 quibus
3754 879 3845 932 illa

2279 968 2560 1037 gloriatur,
2592 969 2756 1022 etiam
2797 969 2927 1038 ipsae
2960 971 3234 1024 exsultent
3265 970 3408 1024 sicut
3433 979 3487 1024 ct
3519 971 3628 1035 illa,
3665 979 3718 1024 et
3758 970 3847 1040 ju-

2278 1061 2585 1114 cundentur
2629 1062 2681 1114 in
2710 1077 2796 1116 eo.
2827 1061 2922 1116 Vel
2947 1064 3109 1118 etiam
3147 1063 3212 1116 ad
3260 1079 3518 1132 sponsam
3561 1073 3738 1133 potest
3763 1063 3848 1117 di-

2279 1162 2424 1206 ctum
2463 1153 2630 1207 videri
2675 1152 2745 1207 ab
2793 1153 3213 1227 adolescentulis
3261 1155 3759 1224 congratulantibus
3796 1155 3846 1209 ei

2279 1253 2332 1298 et
2365 1244 2804 1312 promittentibus
2837 1245 3276 1314 petentibusque,
3315 1253 3374 1299 ut
3400 1245 3692 1315 participes
3711 1247 3844 1300 liant

2279 1337 2664 1391 cxsultationis
2695 1336 2814 1406 ejus
2837 1345 2892 1390 et
2913 1335 3129 1390 laetitiae.

2356 1424 2510 1481 Vcrs.
2539 1427 2596 1482 4.
2626 1426 2913 1496 Diligemus
2940 1427 3100 1480 ubera
3123 1434 3214 1480 tua
3239 1443 3395 1496 super
3414 1426 3612 1481 vinum.
3637 1425 3845 1496 Sponsa

2279 1517 2519 1586 quidem,
2554 1527 2840 1586 postquam
2867 1520 3052 1572 oscula
3082 1519 3281 1574 meruit
3310 1519 3377 1572 ab
3407 1518 3525 1588 ipso
3548 1517 3732 1586 sponsi
3754 1533 3849 1572 ore

2279 1608 2557 1677 suscipere
2618 1616 2674 1662 et
2735 1608 2994 1664 uberibus
3038 1611 3157 1680 ejus
3194 1608 3429 1679 perfrui,
3461 1609 3536 1662 ait
3574 1607 3642 1661 ad
3672 1623 3796 1662 eum
3832 1626 3844 1661 :

2278 1697 2430 1752 Bona
2476 1706 2597 1750 sun-t
2640 1697 2799 1752 ubera
2843 1709 2933 1751 tua
2981 1716 3138 1768 super
3187 1701 3380 1752 riuum.
3420 1697 3850 1752 Adolescentula:

2281 1803 2410 1844 vero
2433 1804 2553 1857 qua:
2575 1788 2814 1842 umidum
2834 1790 2898 1843 ad
2927 1789 2977 1843 id
3003 1790 3353 1845 beatitudinis
3379 1800 3635 1852 venerant
3675 1805 3849 1859 neque

2280 1894 2548 1933 suuunam
2580 1876 2927 1947 perfectionis
2953 1888 3294 1946 acceperant,
3321 1896 3494 1949 neque
3521 1882 3622 1935 usu
3652 1890 3704 1936 et
3723 1895 3853 1950 ope-

2281 1970 2434 2022 ribus
2479 1967 2690 2022 fructus
2741 1967 2995 2038 perfecta:
3038 1968 3320 2024 cbaritatis
3357 1969 3747 2038 expleverant,
3794 1983 3853 2026 ut

2281 2059 2437 2128 quasi
2470 2069 2704 2129 experta:
2758 2061 3178 2128 pronuntiarent
3226 2061 3487 2114 uberibus
3514 2061 3673 2130 ejus,
3719 2064 3848 2131 quia

2283 2152 2421 2205 bona
2450 2160 2597 2217 sunt,
2628 2151 2871 2205 videntes
2899 2159 3079 2204 tamen
3111 2151 3658 2220 sponsam'delcctari
3689 2164 3737 2206 et
3767 2171 3850 2206 τεο-

2285 2247 2368 2301 lici
2387 2262 2449 2300 ex
2479 2246 2734 2300 uberibus
2750 2245 2960 2314 sponsi,
2981 2261 3046 2299 ex
3068 2245 3310 2299 fontibus
3348 2246 3553 2300 scilicet
3575 2247 3849 2315 sapientiae

2283 2348 2337 2392 ct
2359 2338 2598 2392 scientiae
2614 2330 2735 2406 qua:
2750 2338 2816 2390 de
2840 2337 3100 2391 uberibus
3115 2337 3235 2406 ejus
3249 2337 3444 2402 ﬂuunt,
3462 2347 3515 2390 et
3539 2339 3730 2406 pocula
3749 2354 3843 2392 cm

2284 2429 2434 2482 lcstis
2463 2427 2722 2482 doctrina:
2752 2438 3030 2480 sumentes
3051 2439 3308 2496 tanquam
3328 2427 3642 2482 imitatriccs
3672 2429 3849 2496 perle-

2285 2517 2480 2571 ttionis
2499 2516 2616 2583 ejus
2635 2524 2689 2568 et
2717 2515 3091 2568 desiderantes
3118 2517 3320 2570 eisdem
3345 2517 3582 2587 vestigiis
3607 2517 3855 2572 incedere

2285 2610 2630 2675 promittunt,
2655 2605 2946 2659 etdicunt:
2977 2605 3268 2676 Diligcmus
3286 2608 3558 2677 ('57)ubera
3583 2620 3674 2662 tua
3699 2625 3854 2677 super

2285 2696 2395 2768 45
2431 2697 2628 2762 riuum,
2660 2696 2712 2750 id
2739 2704 2842 2760 est,
2876 2711 2974 2751 nos
3017 2698 3235 2766 quidem
3277 2699 3514 2752 nondum
3561 2699 3613 2752 in
3653 2701 3702 2754 id
3733 2717 3858 2770 per-

2286 2787 2534 2842 fectionis
2576 2788 2944 2851 ascendimus,
2978 2798 3036 2840 ut
3069 2789 3182 2857 jam
3225 2789 3514 2859 diligamus
3563 2790 3724 2844 ubera
3760 2802 3851 2844 tua

2285 2878 2592 2948 plusquam
2619 2881 2838 2940 vinum,
2889 2879 2972 2932 vel
3027 2889 3171 2933 certe
3211 2879 3374 2934 ubera
3422 2889 3509 2934 tua
3567 2897 3686 2949 qua:
3730 2891 3856 2935 sunt

2287 2985 2450 3040 super
2479 2970 2664 3023 vinum
2699 2969 2954 3039 (utroque
2982 2969 3126 3024 enim
3159 2971 3321 3024 modo
3363 2987 3556 3025 sensus
3604 2979 3747 3025 stare
3777 2973 3856 3024 vi-

2286 3060 2558 3126 debitur);
2597 3059 2838 3129 gerimus
2883 3069 3059 3113 tamen
3111 3075 3284 3128 spem,
3314 3069 3500 3130 utpote
3543 3062 3856 3116 adolescen-

2288 3152 2434 3217 tulze,
2470 3152 2521 3205 in
2555 3147 2604 3205 id
2633 3150 2808 3204 :etatis
2845 3150 3128 3220 proﬁcere,
3165 3167 3273 3220 quo
3303 3152 3578 3220 possimus
3624 3168 3730 3206 non
3767 3171 3855 3209 so-

2287 3243 2399 3296 lum
2427 3242 2575 3310 pasci
2607 3247 2661 3294 et
2686 3241 2756 3294 ali
2781 3256 2846 3294 ex
2881 3241 3141 3296 uberibus
3171 3238 3328 3294 Verbi
3365 3239 3481 3306 Dei,
3514 3241 3607 3296 sed
3640 3251 3694 3296 et
3734 3242 3858 3295 dili-

2287 3346 2412 3402 gere
2461 3329 2718 3384 alentem.
2762 3331 2882 3384 Ista'
2927 3337 3055 3384 sunt
3086 3337 3265 3383 autem
3313 3330 3750 3396 adolescentulus,
3798 3341 3857 3383 ut

2287 3437 2428 3492 saepe
2447 3421 2560 3490 jam
2598 3421 2858 3484 diximus,
2890 3421 3105 3484 animae,
3137 3435 3257 3488 quae
3282 3420 3473 3489 primis
3504 3427 3558 3473 et
3589 3421 3746 3474 initio
3775 3436 3859 3474 va-

2287 3513 2525 3566 lentibus
2569 3511 2972 3566 eruditionibus
3016 3512 3269 3565 videntur
3314 3511 3571 3576 imbutae,
3608 3524 3662 3568 ct
3711 3513 3858 3567 velut

2287 3609 2415 3660 vino
2444 3607 2679 3676 quodam
2719 3607 3022 3669 lzetilicatze,
3065 3605 3406 3659 institutione
3444 3615 3686 3661 tutorum
3718 3606 3858 3660 dun-

2289 3708 2460 3763 taxat,
2491 3707 2920 3766 curatorumque
2959 3707 3014 3750 et
3040 3697 3339 3766 pmdagogi,
3379 3705 3563 3765 utpote
3598 3697 3855 3765 parvula.

2285 3799 2341 3842 ct
2371 3805 2490 3859 qua:
2525 3789 2787 3842 haberent
2827 3789 3044 3858 quidem
3087 3789 3139 3842 in
3172 3789 3376 3842 viribus
3423 3803 3610 3842 amare
3641 3789 3860 3852 vinum,

2287 3895 2396 3934 ιιοιι
2442 3889 2620 3934 tamen
2673 3881 2935 3933 baberent
2977 3881 3028 3932 iu
3069 3890 3246 3943 aztate,
3299 3890 3356 3934 ut
3399 3895 3586 3934 amore
3629 3880 3857 3933 uberum

2289 3970 2474 4039 sponsi
2506 3969 2709 4022 moveri
2733 3978 2824 4023 aut
2856 3970 3083 4023 excitari
3109 3979 3352 4040 possent.
3389 3968 3492 4024 Sed
3521 3970 3608 4023 ubi
3636 3969 3855 4022 advenit

2287 4062 2568 4133 plenitudo
2614 4071 2956 4130 temporum,
3001 4069 3056 4114 et
3098 4060 3351 4116 Christus
3398 4061 3450 4114 in
3499 4062 3579 4115 eis
3629 4060 3858 4129 profecit

2288 4165 2444 4210 a-tate
2483 4166 2536 4210 et
2589 4155 2874 4226 sapientia,
2911 4163 2964 4208 ct
3001 4153 3114 4222 jam
3168 4155 3370 4208 sentire
3417 4153 3683 4223 creperint
3725 4152 3854 4222 quid

2288 4249 2399 4302 siut
2445 4249 2609 4302 ubera
2657 4247 2866 4316 sponsi,
2908 4260 3137 4313 quaeque
3183 4245 3235 4297 in
3277 4245 3362 4298 his
3392 4244 3650 4313 perfectio
3693 4243 3856 4297 Verbi

2289 4337 2408 4402 Dei,
2453 4349 2507 4392 et
2559 4337 2822 4391 doctrinae
2869 4333 3130 4404 spiritalis
3178 4333 3459 4401 plenitudo
3519 4333 3856 4403 designetur,

2287 4428 2449 4480 etiam
2479 4425 2816 4493 promittunt,
2846 4424 2972 4493 quia
3000 4423 3119 4492 plus
3141 4436 3303 4490 quam
3336 4420 3519 4474 vinum
3545 4422 3688 4490 quod
3713 4438 3858 4477 nunc

616 4503 873 4572 perspicit
901 4512 1135 4572 quantas
1160 4518 1311 4570 opes,
1336 4505 1503 4556 animi
1528 4506 1738 4560 scilicet
1766 4507 2017 4570 virtutes,
2046 4509 2186 4563 intra
2221 4537 2265 4590 ι)
2295 4525 2553 4582 tanquam
2611 4513 2846 4581 parvulae
2905 4514 3136 4577 bibunt,
3200 4509 3476 4564 dilectum
3528 4510 3635 4564 sint
3690 4510 3858 4564 ubera

613 4593 924 4646 cubiculum
957 4607 1117 4647 suum
1152 4607 1352 4662 sponsa
1386 4593 1712 4659 condiderit,
1764 4604 1822 4648 ut
1850 4597 2037 4651 videns
2070 4597 2190 4666 ejus

615 4681 833 4736 divitias
881 4683 971 4736 det
1001 4683 1049 4736 ei
1085 4683 1370 4752 petitiones
1417 4698 1566 4737 suas.
1605 4684 1763 4737 ()mni
1807 4685 1951 4738 enim
1979 4686 2191 4742 habenti

615 4771 833 4824 dabitur
849 4774 914 4825 ³⁷.

689 4860 843 4926 Quod
872 4872 1052 4916 autem
1079 4865 1156 4918 ait
1182 4883 1196 4918 :
1229 4865 1567 4920 Exsultemus
1596 4876 1646 4920 et
1659 4866 2014 4934 jucundemur
2035 4872 2089 4925 in
2117 4881 2186 4934 te,

620 4949 833 5003 videtur
894 4965 961 5005 ex
1026 4967 1258 5020 persona
1318 4955 1848 5012 adolescentularum
1904 4961 2044 5028 dici,
2104 4962 2190 5016 vel

688 5065 734 5096 ³³
758 5065 798 5117 ll
825 5065 950 5120 Cor.
987 5083 1084 5130 stt,
1125 5069 1177 5121 4.

691 5180 804 5257 (ἦξῖ)
848 5179 1168 5257 Diligentus,
1189 5190 1294 5235 etc.
1332 5181 1507 5257 Verba
1551 5184 1736 5240 Graeca
1771 5187 1852 5241 sic
1885 5203 2187 5257 reprtesen-o

621 5261 699 5326 lat
733 5251 1031 5326 Procppius
1077 5269 1089 5304 :
1127 5253 1842 5326 ﬁmzrjgogerpaatouc
1873 5251 1988 5311 σού
2037 5259 2188 5326 ὑπὲρ

619 5318 814 5398 οἶνον]
869 5319 1056 5398 ἡγρυν,
1094 5322 1156 5398 εξ
1177 5318 1268 5373 καὶ
1312 5323 1404 5398 νβν
1429 5318 1512 5398 ’δι’
1543 5318 1833 5398 ὀίοςοένειαιῖ
1883 5327 2036 5398 ῥπὲρν
2063 5318 2188 5398 troia};

622 5393 747 5452 σοὺς
773 5384 1097 5465 arundinem
1127 5384 1244 5465 ὧγυ
1255 5393 1405 5465 μφίε,
1442 5389 1705 5465 τὸνᾼοῐνον
1731 5397 1859 5465 ὅταν
1884 5384 2186 5465 βελὲιωθῷλ

625 5477 741 5528 μεν,
775 5460 914 5535 ὑπὲρ
937 5459 1342 5535 τοῦτονλαύτὸίις
1372 5463 1752 5535 ἀγαπήσομεν.
1785 5459 1938 5528 Οἷνὸς
1966 5467 2067 5535 μὲν
2092 5463 2186 5520 οὖν

620 5529 924 5605 εὐφρᾳίνων
969 5530 1212 5605 νεᾴνιξᾳς
1245 5531 1319 5605 τὸι
1356 5529 1647 5605 νρμιξιᾶίῆ
1686 5534 1741 5587 δὲ
1769 5529 2046 5605 planting
2086 5535 2182 5590 τοῦ

622 5598 849 5676 νυ-μφίου
877 5597 1248 5676 μαςτρζηΕἱτα
1275 5597 1793 5676 εἰςιὰἆτολφγίάνγτοῦ
1833 5605 1906 5676 μὴ
1928 5597 2185 5676 sellam—

625 5667 731 5741 τεᾷν
759 5682 940 5741 φησιν’
956 5670 1227 5741 Εὐθύτης
1255 5669 1534 5741 ἠγάπησέ
1555 5667 1628 5723 σε
1643 5688 1656 5700 θ
1674 5667 1906 5741 ἡμεῖς’δὲ
1923 5667 2076 5727 οὗτὶω
2091 5667 2189 5738 ἑὰς

625 5733 830 5788 ἑαυτῶν
867 5739 1091 5807 πορείας
1130 5733 1345 5801 agona;
1389 5733 1781 5810 ὲτὲοιησάμεδα.
1817 5733 1857 5795 ἰ
1903 5733 2189 5813 Diligemus

1256 5068 1302 5100 “
1327 5067 1428 5124 lsa.
1446 5087 1568 5138 XLV,
1626 5072 1680 5127 5.

2295 4598 2479 4668 Sponsi
2510 4619 2524 4654 λ
2549 4599 2600 4652 id
2632 4608 2716 4652 est
2745 4601 3124 4668 propensiores
3149 4597 3344 4653 futura:
3372 4613 3496 4668 erga
3521 4595 3782 4668 perfecta,
3807 4609 3861 4652 et

2293 4688 2441 4741 omni
2486 4688 2820 4756 plenitudine
2861 4690 3076 4744 decreta
3121 4690 3373 4760 dogmata
3420 4690 3648 4757 Christi,
3694 4706 3858 4760 quam

2287 4779 2399 4849 jam
2449 4790 2628 4844 antea,
2658 4781 2771 4833 sive
2801 4781 2853 4832 iu
2886 4782 3270 4837 communibus
3318 4783 3532 4850 studiis,
3562 4784 3674 4838 sive
3702 4783 3755 4836 in
3785 4783 3864 4837 lc-

2294 4872 2376 4942 gis
2402 4881 2456 4924 et
2485 4871 2871 4940 prophetarum
2907 4873 3037 4926 visa}
3067 4881 3195 4928 sunt
3225 4875 3658 4931 institutionibus
3687 4875 3859 4930 exsti-

2295 4963 2445 5016 tisse.

1769 5075 1813 5107 ³⁸
1843 5070 1986 5127 l’sal.
2035 5075 2278 5142 xuv,l0.
2336 5072 2548 5144 “ibid.,
2580 5077 2660 5147 l5,
2691 5077 2772 5133 16.
2845 5079 2888 5110 ³⁷
2921 5078 3056 5136 Luc'.
3078 5098 3190 5149 xtx,
3237 5084 3329 5139 26.

2291 5191 2453 5245 ubera
2489 5202 2581 5245 tua
2627 5210 2783 5268 super
2826 5196 3023 5268 uinum.
3061 5217 3079 5249 ι
3145 5198 3255 5252 Hoc
3299 5209 3395 5264 est,
3440 5201 3651 5254 tametsi
3690 5217 3859 5268 nunc,

2327 5278 2403 5314 ua:
2447 5264 2935 5337 nost_ra_i_t_t_/t'rmitas
2974 5279 3074 5328 est,
3111 5286 3140 5320 ο
3173 5285 3376 5335 sponse,
3410 5286 3520 5337 pra:
3555 5271 3658 5323 tuis
3689 5264 3862 5337 operi;

2290 5278 2403 5381 Zua:
2447 5278 2935 5330 nostrain/trmrtas
2974 5279 3074 5328 est,
3111 5286 3140 5320 ο
3173 5285 3376 5335 sponse,
3410 5286 3520 5337 pra:
3555 5278 3658 5323 tuis
3689 5279 3862 5337 operi-

2327 5349 2391 5409 us_
2422 5333 2591 5409 magis
2618 5333 2903 5409 diligamus
2928 5337 3286 5409 uinuntscnm
3329 5339 3532 5409 meliori
3564 5339 3713 5409 fruge
3755 5358 3863 5392 mu-

2292 5403 2398 5478 tali.
2415 5401 2696 5478 [uerimus_,
2721 5419 2830 5478 pra:
2848 5406 3074 5478 vinoilla
3100 5407 3400 5478 diligemus,
3437 5401 3623 5460 Vinum
3649 5401 3860 5478 quidem

2288 5471 2568 5548 la'ti/icans
2615 5472 3056 5548 adolescentulus,
3099 5471 3352 5548 "tandem
3384 5477 3578 5548 legalia
3616 5471 3678 5531 ac
3707 5495 3862 5533 caere-

2292 5542 2480 5593 monia:
2512 5552 2669 5602 sunt;
2707 5543 2954 5610 perfectio
2992 5555 3164 5597 autent
3205 5545 3404 5599 Christi
3433 5542 3619 5601 ubera.
3664 5549 3860 5602 Deinde

2292 5610 2428 5661 velut
2453 5611 2832 5731 salis/aciendo
2853 5615 2989 5680 quod
3018 5631 3118 5666 non
3141 5631 3254 5666 eam
3282 5616 3494 5685 diligat,
3513 5636 3532 5669 ι
3556 5618 3858 5684 Rectiludo,

2297 5679 2484 5731 innuit.
2514 5681 2568 5731 di
2595 5680 2700 5731 exit
2727 5693 2808 5731 te:
2850 5701 2868 5731 ι
2903 5699 2992 5731 nos
3027 5697 3202 5731 autem
3253 5687 3474 5731 necdum
3524 5697 3690 5731 rectas
3732 5689 3857 5731 feci.

2297 5679 2700 5758 inquit,.dilea:it
2727 5693 2808 5742 te;
2850 5679 2873 5734 ιθ
2903 5699 2992 5737 nos
3027 5697 3202 5738 autem
3253 5679 3474 5740 necdum
3524 5697 3690 5742 rectas
3728 5679 3857 5756 feci;

2299 5763 2412 5800 mus
2447 5765 2557 5803 mas
2591 5759 2821 5806 ιιοειναε.
