4236 6282
293 249 386 304 ΠΙ
1598 246 1796 302 LIBER
1837 249 2223 308 SECUNDUS.
3436 257 3538 311 10?.

361 361 518 417 Vera.
549 361 604 417 4.
635 361 880 430 liquitur
903 363 1094 417 ditarit
1129 373 1199 418 te.
1233 363 1405 418 Etiam
1450 366 1554 419 hoc
1599 367 1731 419 mihi
1779 366 1858 420 vi-
1887 374 1933 429 Α
1963 369 2120 440 longe
2149 371 2322 423 simus
2353 381 2382 420 a
2412 366 2699 422 dilectione
2725 367 2949 434 Christi,
2984 379 3038 424 et
3071 379 3278 425 tantum
3312 380 3537 428 manda-

286 454 490 508 deutur
518 451 931 507 adulescentulas
963 453 1237 522 proloqui,
1273 454 1420 508 velut
1457 454 1862 511 satisfacientes

286 560 392 616 pro
419 561 484 599 eo
508 546 651 615 quod
680 545 972 600 dilecturas
1005 560 1170 614 super
1193 546 1378 599 vinum
1414 561 1472 603 se
1495 547 1863 616 promiserunt

288 639 455 691 ubera
497 637 707 706 sponsi,
741 647 794 692 et
826 653 934 691 non
958 637 1070 706 jam
1108 637 1162 690 in
1194 639 1445 705 praesenti
1482 638 1727 708 diligant,
1763 655 1861 694 ne-

281 745 390 798 que
436 730 703 798 integram
751 729 858 782 vim
905 727 1186 784 charitatis
1226 729 1537 784 ostendant.
1584 729 1680 784 Est
1729 745 1859 800 ergo

284 837 387 875 vox
415 822 521 876 ista
556 821 707 874 velut
735 819 1101 876 incusantium
1139 821 1463 890 scmetipsas
1497 839 1511 875 :
1550 821 1708 891 quasi
1734 838 1858 891 quae

283 914 528 968 nondum
554 913 763 983 ahjecta
785 913 933 968 omni
955 913 1237 983 iniquitate
1250 914 1593 982 pervenerint
1611 915 1678 968 ad
1695 915 1860 983 tequi-

280 1015 472 1071 tatem,
506 1012 568 1060 ut
614 1004 824 1074 possint
861 1004 974 1074 jam
1011 1005 1235 1075 diligere
1268 1019 1432 1074 super
1472 1005 1660 1059 vinum
1693 1005 1858 1059 ubera

278 1097 495 1165 sponsi,
519 1096 753 1150 scientes
784 1096 1172 1151 inconveniens
1200 1111 1340 1160 esse,
1375 1104 1435 1150 ut
1455 1095 1657 1166 aliquid
1682 1096 1860 1151 adhuc

278 1187 521 1240 resideat
555 1187 856 1257 iniquitatis
893 1187 948 1241 in
986 1203 1052 1242 eo
1078 1187 1174 1257 qui
1211 1187 1275 1241 ad
1313 1186 1704 1256 perfectionem
1749 1188 1860 1256 spi-

275 1281 772 1352 ritalisetmysticm
851 1277 1116 1332 doctrina:
1169 1277 1493 1346 pervenerit.
1546 1276 1684 1343 Quia
1728 1292 1858 1347 ergo

275 1383 501 1422 summa
539 1368 887 1438 perfectionis
917 1370 970 1423 in
1002 1370 1270 1423 charitate
1301 1370 1572 1435 consistit,
1613 1369 1855 1425 charitas

275 1470 463 1514 autem
512 1461 644 1514 nihil
701 1461 1004 1532 iniquitatis
1051 1460 1309 1524 admittit,
1351 1461 1442 1514 ubi
1487 1475 1668 1514 autem
1717 1460 1850 1514 nihil

275 1551 585 1620 iniquitatis
628 1562 730 1617 est,
768 1553 842 1606 ibi
886 1553 1004 1608 sine
1045 1553 1212 1606 dubio
1256 1561 1338 1605 est
1378 1553 1620 1620 aequitas,
1657 1551 1850 1604 merito

272 1655 408 1710 ergo
431 1644 659 1710 aequitas
699 1658 822 1698 esse
850 1643 1066 1709 dicitur,
1107 1659 1229 1712 quae
1259 1642 1431 1712 diligit
1460 1657 1744 1711 sponsum.
1784 1640 1848 1694 Et

1966 468 2138 513 torum
2165 459 2282 528 ejus
2308 458 2680 527 praevaricatio
2707 458 2968 511 habeatur
2997 459 3050 513 in
3086 462 3264 515 nobis.
3306 460 3370 516 Et
3411 464 3534 520 ideo

1962 548 2200 618 regulam
2235 548 2526 617 quamdam
2555 546 2817 599 directam
2849 559 3117 613 ponamus
3149 564 3272 603 esse
3303 553 3530 620 aequita-

1963 649 2092 703 tem,
2120 638 2250 692 utsi
2289 637 2417 706 quid
2450 637 2500 690 in
2535 637 2692 690 nobis
2727 636 3032 704 iniquitatis
3062 647 3163 702 est,
3197 638 3340 693 hanc
3379 640 3535 694 adhi-

1960 727 2147 782 bentes
2181 735 2234 780 et
2279 725 2710 793 superducentcs
2755 725 3105 780 directoriam
3155 730 3534 782 mandatorum

1962 816 2078 880 Dei,
2106 816 2151 869 si
2179 815 2307 884 quid
2333 816 2385 869 in
2414 814 2568 868 nobis
2592 829 2840 878 curvum,
2866 814 2910 867 si
2941 814 3068 884 quid
3102 821 3403 868 tortuosum
3428 828 3528 881 est,

1962 910 2031 963 ab
2057 909 2220 977 hujus
2257 907 2455 976 regulze
2482 907 2622 960 linea
2648 915 2942 969 resecetur,
2977 913 3037 960 ut
3061 907 3234 975 possit
3271 915 3325 961 ct
3347 907 3413 960 de
3440 923 3536 961 no-

1961 997 2044 1053 bis
2071 998 2205 1052 diei:
2230 997 2482 1067 xEquitas
2513 994 2701 1048 dilexit
2733 1004 2800 1047 te.
2831 993 3132 1049 Possumus
3157 1005 3335 1048 autem
3370 996 3532 1048 etiam

1961 1090 2040 1144 sic
2077 1090 2321 1158 accipere
2368 1097 2426 1141 ut
2459 1087 2704 1140 videatur
2751 1085 2928 1139 simile
2979 1100 3103 1139 esse
3142 1086 3286 1155 quod
3331 1085 3468 1139 dixil
3516 1103 3532 1140 :

1959 1181 2212 1252 Equitas
2242 1179 2424 1233 dilexit
2459 1187 2542 1241 te;
2572 1191 2635 1229 ac
2665 1177 2711 1230 si
2756 1177 2982 1231 dixisset
3033 1193 3046 1229 :
3087 1174 3306 1228 Justitia
3349 1175 3535 1230 dilexit

1961 1283 2032 1334 te,
2072 1280 2125 1325 ct
2157 1273 2380 1334 veritas,
2413 1279 2460 1322 ct
2493 1267 2778 1335 sapientia,
2812 1277 2866 1322 et
2897 1267 3178 1338 pudicitia,
3217 1280 3269 1322 et
3305 1269 3533 1337 singulae

1960 1378 2188 1434 quaeque
2223 1362 2467 1414 virtutes.
2500 1359 2609 1414 Nec
2643 1359 2857 1412 mireris
2889 1374 3039 1424 sane,
3070 1359 3115 1412 si
3150 1359 3382 1412 dicimus
3423 1359 3534 1411 vir-

1962 1463 2103 1508 tutes
2128 1467 2248 1506 esse
2277 1459 2400 1519 quae
2421 1449 2652 1518 diligunt
2675 1449 2976 1511 Christum,
3002 1465 3127 1503 cum
3155 1451 3208 1502 in
3239 1450 3362 1503 aliis
3393 1448 3532 1519 ipsa-

1962 1559 2082 1598 rum
2116 1543 2376 1596 virtututn
2414 1540 2775 1594 substantiam
2814 1540 3091 1594 Christum
3128 1541 3402 1594 soleamus
3435 1557 3528 1593 ac-

1963 1635 2162 1704 cipere.
2199 1632 2352 1698 Quod
2404 1639 2458 1685 et
2507 1631 2821 1700 frequenter
2852 1631 3094 1685 invenies
3131 1629 3202 1683 in.
3231 1631 3330 1684 Scr
3354 1631 3527 1699 pluris

273 1730 400 1784 vide
433 1733 478 1784 si
507 1748 612 1786 non
642 1733 713 1786 ob
740 1733 844 1787 hoc
875 1733 1036 1787 etiam
1070 1711 1284 1786 videtur
1315 1711 1444 1786 illud
1472 1733 1524 1786 in
1558 1731 1849 1800 Evangelio
1882 1711 1922 1767 θ
1951 1722 2152 1777 divinis
2184 1737 2282 1791 pro
2325 1721 2458 1774 locis
2500 1732 2554 1774 et
2588 1721 3084 1789 opportunitatibus
3131 1720 3328 1790 aptari.
3371 1717 3525 1773 inve-

271 1834 304 1874 a
332 1819 620 1877 Salvatore
659 1823 863 1882 dictum
905 1841 918 1879 :
953 1823 1012 1877 Si
1041 1824 1267 1895 diligitis
1299 1840 1399 1890 me,
1441 1822 1696 1876 mandata
1733 1839 1848 1875 mea

270 1923 482 1965 servare
506 1913 571 1966 ³⁸.
599 1913 657 1966 Si
682 1928 811 1983 ergo
834 1915 924 1984 qui
952 1915 1124 1985 diligit
1146 1915 1424 1968 Christum
1452 1913 1704 1967 mandata
1729 1912 1850 1981 ejus

268 2004 540 2068 custodit,
560 2005 705 2056 nulla
732 2013 814 2058 est
841 2006 896 2058 in
925 2019 991 2058 eo
1019 2005 1300 2073 iniquitas,
1319 2005 1412 2056 sed
1443 2005 1672 2071 arquitas
1711 2003 1763 2054 in
1786 2018 1854 2055 eo

269 2102 594 2158 permanet;
629 2093 856 2160 aequitas
883 2107 1014 2162 ergo
1046 2104 1149 2155 est,
1180 2108 1302 2161 qua:
1326 2093 1578 2146 mandata
1614 2093 1735 2162 ejus
1759 2107 1855 2146 cu-

269 2183 450 2236 stodit
497 2191 551 2236 et
593 2182 769 2252 diligit
808 2183 1106 2238 Christum.
1155 2182 1220 2238 Et
1253 2199 1472 2238 rursum
1511 2203 1524 2239 :
1565 2183 1622 2237 Si
1670 2184 1717 2238 is
1762 2183 1857 2253 qui

269 2273 535 2327 mandata
568 2275 826 2340 custodit,
877 2275 992 2345 ipse
1031 2276 1204 2346 diligit
1248 2276 1547 2341 Christum,
1596 2277 1853 2331 mandata

271 2377 459 2420 autem
503 2366 556 2420 in
602 2369 1210 2437 aequitate-servantur,
1242 2377 1297 2421 et
1337 2369 1563 2436 arquitas
1600 2379 1683 2422 est
1731 2383 1852 2436 quae

271 2457 451 2526 diligit
478 2457 756 2512 Christum
783 2475 798 2526 ;
830 2457 924 2528 qui
961 2458 1206 2528 iniquum
1235 2451 1441 2528 aliquid
1481 2459 1638 2525 gerit,
1674 2473 1848 2528 neque

274 2553 530 2607 mandata
588 2553 865 2618 custodit,
924 2569 1100 2624 neque
1149 2554 1321 2625 diligit
1375 2553 1674 2609 Christum.
1733 2555 1848 2610 Erit

273 2655 405 2708 ergo
449 2651 510 2694 ut
552 2653 818 2711 quantum
861 2643 1163 2715 iniquitatis
1209 2646 1260 2698 in
1293 2642 1449 2698 nobis
1491 2653 1596 2710 est,
1635 2653 1845 2698 tantum

1951 1816 2135 1886 nimus
2170 1829 2405 1882 namque
2449 1813 2623 1881 ipsum
2659 1824 2714 1866 et
2749 1813 3016 1882 justitiam
3058 1813 3186 1875 dici,
3217 1821 3270 1864 et
3309 1827 3523 1880 pacem,

1949 1915 2003 1960 et
2036 1907 2340 1960 veritatem.
2377 1902 2442 1956 Et
2477 1919 2696 1957 rursum
2733 1906 2994 1972 scriptum
3037 1912 3120 1956 est
3159 1902 3212 1955 in
3241 1900 3476 1956 Psalmis
3509 1919 3524 1955 :

1951 1994 2175 2047 Iustitia
2205 2004 2253 2047 et
2283 2008 2390 2061 pax
2423 1992 2674 2044 osculata:
2709 2000 2862 2054 sunt;
2893 2000 2948 2044 el
2977 2009 2990 2043 :
3038 1990 3239 2043 Veritas
3285 1991 3348 2042 de
3379 2002 3522 2044 terra

1955 2092 2074 2135 orta
2108 2093 2214 2145 est,
2255 2091 2305 2134 et
2327 2081 2542 2149 justitiu
2565 2082 2628 2132 de
2657 2078 2783 2132 cwlo
2813 2081 3077 2148 prospexit
3112 2078 3313 2144 ".Quze
3345 2080 3532 2147 utique

1959 2172 2144 2227 omnia
2169 2173 2284 2241 ipse
2311 2187 2454 2236 esse,
2484 2180 2536 2225 et
2565 2185 2782 2224 rursum
2816 2171 2991 2239 ipsum
3027 2171 3288 2224 dicuntur
3318 2170 3529 2239 ample-

1957 2263 2056 2320 Cti.
2087 2261 2190 2316 Sed
2215 2275 2268 2315 et
2292 2277 2528 2331 sponsus
2553 2261 2692 2314 idem
2721 2259 2939 2326 dicitur,
2969 2260 3106 2314 idem
3139 2261 3300 2315 etiam
3325 2275 3524 2327 sponsa

1956 2354 2294 2412 nominatur,
2342 2360 2401 2404 ιιι
2449 2351 2500 2404 in
2547 2353 2825 2421 prephetia
2877 2351 3134 2420 scriptum
3187 2359 3270 2404 est
3313 2368 3327 2404 :
3375 2349 3526 2405 Sirm

1953 2456 2141 2509 sponso
2191 2440 2439 2508 imposuit
2483 2439 2610 2491 mihi
2643 2441 2880 2506 mitram,
2909 2450 2957 2493 et
2989 2441 3121 2492 sicut
3154 2455 3398 2510 sponsam
3439 2455 3528 2492 or-

1953 2531 2092 2584 navit
2123 2546 2202 2584 me
2233 2540 2540 2583 ornamento
2562 2530 2629 2584 “'.

709 3018 734 3034 ”
1361 3019 1721 3109 LIBER
1791 3018 2452 3114 SECUNDUS.

347 3359 502 3416 Vers.
531 3360 586 3415 5.
642 3358 815 3414 Fusca
861 3377 976 3415 sum
1019 3369 1069 3415 et
1111 3360 1366 3430 formosa,
1416 3359 1544 3429 ﬁlia!
1588 3359 1847 3415 Hierusa-
1875 3367 1918 3424 c
1951 3360 2231 3424 dicuntur,
2270 3359 2502 3415 inimicae
2526 3369 2706 3416 autem
2733 3372 2954 3432 propter
2989 3362 3358 3436 Evangelium.
3395 3366 3520 3424 Istat

280 3448 397 3516 lem,
430 3461 490 3504 ut
531 3451 871 3506 tabernacula
909 3450 1100 3516 Cedar,
1134 3462 1191 3503 ut
1238 3450 1398 3520 pelles
1437 3449 1757 3506 Salomonis.
1789 3451 1844 3506 In

281 3542 398 3597 aliis
431 3543 837 3612 exemplaribus
870 3543 1132 3613 legimus:
1166 3540 1339 3611 Nigra
1369 3558 1485 3595 sum
1511 3551 1560 3595 et
1587 3546 1844 3612 formosa.

281 3629 489 3688 Rursus
520 3633 574 3687 in
610 3633 715 3688 hoc
743 3647 973 3703 persona
999 3647 1210 3702 sponsa:
1245 3630 1515 3702 loquentis
1550 3633 1851 3688 introduci-

282 3733 368 3777 tur
399 3741 412 3776 :
448 3724 723 3793 loquentis
751 3732 928 3777 autem
960 3737 1068 3776 non
1112 3723 1178 3777 ad
1225 3723 1345 3777 illas
1395 3723 1844 3793 adolescentulas,

280 3828 399 3882 quae
426 3829 552 3868 cum
585 3813 701 3882 ipsa
733 3827 951 3867 currere
981 3812 1178 3879 solent,
1206 3811 1301 3867 sed
1327 3813 1392 3868 ad
1429 3813 1567 3868 filias
1593 3811 1848 3870 Hierusa-

280 3903 406 3969 lem,
430 3904 630 3974 quibus
661 3914 920 3972 tanquam
944 3903 1029 3959 his
1053 3917 1176 3973 qua)
1203 3903 1582 3973 derogavenint
1615 3904 1846 3960 fuaditati

281 3993 419 4062 ejus,
458 3995 788 4063 respondere
821 3994 1054 4056 videtur,
1081 4001 1137 4047 et
1155 3993 1336 4048 dicere
1371 4011 1385 4047 :
1426 3993 1599 4048 Fusca
1625 3995 1847 4062 quidem

281 4099 427 4150 sum,
473 4085 555 4138 vel
584 4085 736 4155 nigra
765 4095 1032 4155 quantum
1079 4082 1145 4136 ad
1179 4083 1417 4137 colorem
1469 4093 1696 4151 spectat,
1727 4084 1850 4137 filias

285 4176 655 4243 Hierusalem;
698 4176 938 4231 formosa
991 4191 1140 4238 vero,
1174 4175 1219 4230 si
1267 4173 1392 4244 quis
1426 4174 1636 4226 interna
1682 4178 1853 4226 mem-

285 4267 504 4320 brorum
531 4266 853 4319 lineamenta
878 4263 1191 4334 perspiciat.
1222 4259 1358 4315 Nam
1391 4268 1443 4314 et
1472 4259 1848 4325 tabernacula,

287 4354 477 4423 inquit,
507 4353 702 4417 Cedar,
746 4367 866 4422 qua
893 4361 976 4407 est
1007 4367 1139 4420 gens
1178 4365 1394 4420 magna,
1425 4349 1578 4419 nigra
1615 4357 1761 4413 sunt,
1797 4359 1850 4402 et

287 4443 397 4512 ipsa
442 4443 552 4516 ω
587 4459 719 4514 gens
763 4443 938 4498 Cedar
981 4444 1197 4514 nigredo
1231 4443 1313 4497 vel
1354 4443 1650 4496 obscuritas
1683 4441 1852 4494 inter-

288 4545 542 4602 pretatur.
573 4535 680 4590 Sed
717 4546 771 4588 et
814 4535 980 4604 pelles
1021 4533 1331 4589 Salomonis
1364 4534 1532 4603 nigrae
1575 4541 1724 4598 sunt,
1752 4546 1851 4586 nec

289 4634 461 4679 tamen
497 4627 566 4681 ob
597 4627 700 4681 hoc
725 4634 878 4680 tanto
907 4627 1020 4696 regi
1047 4627 1099 4680 in
1124 4625 1274 4680 omni
1307 4624 1475 4694 gloria
1503 4640 1600 4680 sua
1629 4623 1848 4692 pellium

1949 3460 2078 3505 sunt
2109 3452 2232 3506 lilia:
2265 3450 2602 3506 Hierusalem
2634 3453 2872 3508 civitatis
2909 3464 3154 3521 terrenae,
3183 3466 3305 3528 quat
3336 3460 3521 3513 viden-

1948 3547 2030 3595 tes
2059 3538 2355 3594 Ecclesiam
2391 3556 2454 3594 ex
2489 3544 2763 3612 gentibus,
2791 3546 3040 3614 quamvis
3080 3562 3179 3616 pro
3211 3563 3278 3602 eo
3305 3548 3521 3617 ignobi-

1948 3629 2074 3696 lem,
2111 3629 2255 3699 quod
2290 3633 2710 3700 generositatem
2741 3633 2844 3689 sibi
2871 3634 3168 3700 Abraham,
3191 3644 3245 3688 et
3276 3633 3448 3701 lsaac,
3468 3644 3530 3689 ct

1946 3718 2113 3775 Jacob
2163 3736 2272 3775 non
2318 3721 2493 3790 possit
2533 3724 2828 3790 ascribere,
2878 3723 3285 3778 obliviscentem
3337 3732 3518 3777 tamen

1947 3813 2208 3882 populum
2232 3828 2393 3868 suum
2421 3822 2475 3869 et
2496 3814 2717 3869 domum
2745 3815 2918 3884 patris
2950 3813 3058 3877 sui,
3079 3828 3249 3883 usque
3270 3815 3336 3868 ad
3362 3814 3526 3868 Chri-

1949 3909 2094 3956 stum
2130 3903 2457 3965 venientem,
2493 3913 2758 3972 spernunt
2781 3917 2924 3967 eam,
2956 3912 3009 3956 et
3037 3918 3136 3972 pro
3177 3902 3516 3972 ignobilitate

1949 3995 2164 4062 generis
2192 3994 2480 4050 oﬂ'uscant.
2508 3995 2662 4061 Quod
2687 4010 2886 4065 sponsa
2937 3995 3175 4050 sentiens
3208 3995 3348 4052 tilias
3374 3998 3528 4066 prio-

1950 4082 2029 4136 ris
2077 4083 2256 4149 populi
2309 4083 2574 4150 imputare
2608 4085 2734 4148 sibi,
2763 4093 2817 4138 et
2856 4100 2952 4152 pro
2983 4086 3086 4139 hoc
3115 4087 3276 4138 etiam
3313 4087 3522 4155 nigram

1953 4184 2013 4223 se
2061 4169 2343 4238 appellari,
2389 4169 2546 4238 quasi
2595 4185 2717 4240 qua:
2761 4179 3000 4240 paternae
3047 4171 3367 4224 eruditionis
3413 4187 3524 4224 non

1953 4261 2151 4317 habeat
2178 4260 2501 4325 claritatem,
2537 4262 2877 4331 respondens
2900 4261 2969 4316 ad
2997 4261 3132 4326 hate,
3167 4259 3334 4315 dicit:
3361 4259 3527 4330 Nigra

1952 4369 2074 4408 sum
2109 4354 2353 4424 quidem,
2392 4367 2427 4407 ο
2463 4353 2584 4409 lilia:
2618 4353 2978 4420 Hierusalem,
3013 4368 3113 4425 pro
3140 4367 3205 4408 eo
3237 4355 3379 4422 quod
3415 4368 3526 4406 non

1951 4443 2221 4498 descendo
2254 4443 2321 4498 de
2347 4444 2515 4513 stirpe
2557 4444 2830 4500 clarorum
2875 4443 3144 4506 virorum,
3187 4456 3363 4510 neque
3398 4442 3526 4494 illu-

1953 4532 2306 4586 minationem
2349 4531 2521 4603 Moysi
2560 4533 2694 4604 legis
2735 4532 2944 4602 accepi,
2976 4532 3151 4584 habeo
3181 4537 3362 4583 tamen
3403 4529 3528 4599 pul-

1954 4623 2320 4678 chritudinem
2370 4637 2547 4678 meam
2588 4637 2825 4677 mecum.
2861 4619 2996 4674 Nam
3041 4627 3097 4674 et
3148 4620 3202 4673 in
3257 4634 3345 4674 me
3393 4619 3526 4674 illud

289 4714 400 4770 visa
431 4726 515 4772 est
561 4717 814 4772 indecora
850 4717 1094 4786 nigredo.
1131 4715 1248 4770 Non
1280 4731 1411 4787 ergo
1457 4714 1610 4782 mihi,
1646 4729 1681 4769 o
1726 4714 1850 4768 ﬁliai
1881 4705 1926 4760 D
1954 4714 2191 4784 primum
2224 4722 2327 4777 est,
2360 4713 2503 4782 quod
2535 4713 2602 4766 ad
2632 4713 2923 4782 imaginem
2954 4709 3046 4764 Dei
3087 4708 3142 4762 in
3187 4723 3273 4764 me
3319 4707 3526 4764 factum

291 4804 641 4872 Hierusalem,
671 4809 1008 4880 exprobretis
1052 4807 1267 4877 culpam
1319 4806 1542 4869 coloris,
1571 4820 1696 4861 cum
1737 4805 1851 4860 sive

291 4900 570 4965 naturalis,
590 4902 702 4955 sive
722 4900 982 4955 exercitio
1005 4899 1232 4968 quasita
1261 4897 1478 4967 corpori
1503 4895 1850 4966 pulchritudo

294 5003 396 5042 non
429 4989 589 5044 desit.
621 4990 744 5046 llaec
775 4993 1016 5045 continet
1038 4990 1355 5044 historicum
1397 4989 1607 5052 drama,
1638 4994 1693 5040 et
1723 4999 1852 5055 pro-

293 5082 480 5148 posita:
528 5080 718 5136 fabulae
745 5083 974 5152 species.
1006 5081 1113 5135 Sed
1155 5081 1443 5136 redeamus
1489 5079 1556 5133 ad
1601 5077 1849 5132 ordinem

295 5171 598 5240 mysticum.
632 5172 752 5228 Haec
779 5189 978 5243 sponsa
1005 5189 1127 5244 quae
1164 5173 1424 5242 loquitur,
1459 5169 1713 5224 Ecclesia;
1739 5184 1854 5239 pcr-

295 5275 482 5314 sonam
525 5270 665 5318 tenet
708 5278 775 5318 ex
820 5264 1072 5334 gentibus
1117 5270 1473 5333 congregatae.
1525 5259 1674 5314 Filiae
1722 5273 1852 5314 vero

298 5348 646 5419 Hierusalem,
677 5355 744 5409 ad
777 5369 916 5424 quas
945 5353 995 5407 ei
1024 5367 1209 5408 sermo
1241 5359 1343 5416 est,
1375 5351 1480 5404 illae
1505 5358 1632 5404 sunt
1658 5348 1853 5402 animae

297 5459 414 5510 qua:
442 5453 656 5513 propter
687 5446 1001 5501 electionem
1025 5452 1242 5513 patrum
1269 5442 1606 5498 charissima:
1631 5439 1850 5509 quidem

1954 4811 2040 4858 est
2065 4819 2080 4868 ;
2112 4809 2256 4857 nunc
2277 4803 2540 4858 accedens
2568 4802 2635 4857 ad
2662 4801 2896 4857 Verbum
2926 4799 3045 4869 Dei,
3077 4800 3254 4870 recepi
3289 4803 3536 4871 speciem

1953 4907 2152 4947 meam.
2181 4893 2440 4959 Quamvis
2476 4893 2622 4948 enim
2653 4908 2752 4962 pro
2780 4892 2978 4947 coloris
3005 4893 3341 4947 obscuritate
3365 4907 3530 4948 com»

1954 4983 2158 5054 paretis
2187 4999 2273 5039 me
2313 4983 2682 5038 tabernaculis
2717 4982 2892 5037 Cedar
2924 4993 2978 5037 et
3009 4983 3240 5052 pellibus
3277 4983 3530 5038 Salomo-

1956 5075 2064 5141 nis,
2095 5083 2276 5129 tamen
2304 5083 2359 5128 et
2381 5073 2556 5128 Cedar
2579 5088 2648 5128 ex
2695 5071 2921 5126 lsmaele
2946 5072 3245 5126 descendit.
3277 5070 3540 5124 Secundo

1959 5179 2194 5236 namque
2227 5164 2346 5219 loco
2373 5180 2440 5219 ex
2470 5164 2697 5219 lsmaele
2718 5169 2882 5216 natus
2912 5172 3013 5227 est,
3043 5163 3137 5231 qui
3177 5160 3375 5216 lsmael
3418 5175 3537 5214 non

1959 5257 2062 5312 fuit
2094 5271 2291 5325 expers
2342 5255 2540 5311 divina:
2584 5253 2998 5312 benedictionis.
3050 5252 3155 5307 Sed
3201 5260 3258 5307 et
3299 5250 3541 5320 pellibus

1961 5347 2272 5403 Salomonis
2294 5347 2622 5415 comparatis
2654 5359 2762 5407 me,
2789 5359 2910 5410 quae
2938 5359 3042 5398 non
3066 5345 3184 5396 alia:
3214 5351 3341 5396 sunt
3363 5355 3534 5411 quam

1959 5441 2126 5510 pelles
2160 5437 2496 5493 tabernaculi
2530 5435 2646 5504 Dei,
2679 5444 2734 5493 et
2779 5444 2962 5490 tamen
2996 5433 3166 5488 miror
3193 5447 3318 5499 vos,
3342 5447 3376 5487 ο
3407 5433 3535 5485 ﬁliae

364 5617 410 5648 “
437 5616 596 5671 Joan.
629 5636 739 5684 xiv,
770 5619 856 5674 15.
932 5621 974 5653 ³⁸
1005 5617 1148 5676 Psal.
1181 5632 1298 5685 vtu,
1330 5617 1414 5687 l0,
1447 5617 1532 5670 ll.
1611 5613 1780 5669 “15a.
1814 5631 1922 5683 ut,
1969 5613 2054 5668 l0.

4080 3733 4093 3768 li

4077 4013 4091 4308 ἐ

4077 4395 4089 4474 ξ

4077 4475 4087 4536 ξ
