4236 6282
563 361 666 415 105

1638 354 1960 410 ORIGENIS
1999 353 2067 409 IN
2100 352 2454 411 CANTICUM
2490 349 2766 407 CANTIC.

3701 354 3804 409 104

564 472 924 537 llierusalcm,
958 471 1088 525 mihi
1122 469 1322 525 coloris
1361 468 1497 523 velle
1525 470 1859 539 exprbbrare
1892 470 2132 541 nigredi-
2162 475 2210 530 Α
2240 466 2526 530 Nunquam
2567 466 2700 520 talia
2738 472 2981 519 venerant
3021 464 3386 530 odoramsuta,
3432 481 3525 519 nec
3565 466 3621 519 in
3663 476 3810 521 tanta

565 578 710 618 nem.
738 561 1024 629 Quomodo
1059 577 1163 614 non
1199 559 1529 614 meministis
1563 562 1709 629 quod
1751 560 1803 614 in
1839 561 1955 631 lege
1994 562 2135 616 scri-

565 668 716 724 ptum
767 663 872 719 est,
928 652 1056 723 quid
1108 666 1269 721 passa
1328 650 1400 706 sil.
1449 651 1638 716 Maria,
1687 668 1808 722 qua:
1858 655 2138 724 derogavit
2194 698 2215 713 κ

567 745 737 817 Moysi
789 760 911 800 cum
963 742 1358 813 Ethiopissam
1409 743 1622 813 nigram
1673 745 1972 814 accepisset
1999 760 2139 800 uxo-

570 853 683 890 rem
734 836 796 889 ⁸¹.
829 834 1115 900 Quomodo
1165 833 1428 904 ignoratis
1480 835 1624 889 illius
1660 835 1913 906 imaginis
1945 838 2137 892 adum«

563 927 863 982 brationem
899 926 953 979 in
992 940 1078 980 me
1113 941 1257 979 nunc
1289 926 1513 980 veritate
1541 927 1799 996 compleri
1821 927 1981 999 ?‘Ego
2012 945 2135 984 sum

564 1018 651 1071 illa
685 1014 1043 1085 Ethiopissa,
1067 1029 1168 1085 ego
1199 1030 1319 1070 sum
1360 1015 1514 1086 nigra
1548 1017 1766 1084 quidem
1792 1032 1891 1086 pro
1921 1018 2135 1088 ignobi-

564 1109 714 1162 litate
743 1107 979 1178 generis,
1016 1105 1257 1162 formosa
1290 1121 1416 1161 vero
1442 1118 1662 1177 propter
1684 1108 2058 1177 paenitentiam
2081 1116 2137 1164 et

568 1202 753 1257 ﬁdem.
787 1200 1011 1271 Suscepi
1047 1200 1189 1255 enim
1220 1199 1273 1252 in
1306 1213 1393 1252 me
1427 1197 1623 1253 Filium
1652 1197 1768 1266 Dei,
1804 1200 1979 1270 recepi
2002 1199 2137 1255 Ver-

562 1294 690 1348 bum
719 1308 936 1347 carnem
972 1290 1194 1345 factum.
1220 1290 1438 1344 Accessi
1470 1289 1535 1343 ad
1564 1296 1688 1344 eum
1719 1290 1812 1360 qui
1840 1299 1926 1346 est
1956 1291 2135 1363 imago

566 1383 682 1447 Dei,
707 1383 1100 1453 primogenitus
1129 1379 1307 1435 omnis
1329 1389 1610 1444 creaturae,
1640 1389 1693 1435 et
1725 1382 1815 1450 qui
1842 1392 1925 1436 est
1948 1383 2134 1452 splen-

564 1476 666 1528 dor
694 1473 880 1542 gloriae
917 1479 970 1525 et
1007 1470 1183 1540 fulgor
1224 1469 1539 1523 substantia:
1577 1469 1718 1539 ejus,
1753 1477 1807 1524 et
1838 1469 1977 1525 facta
2010 1486 2132 1526 sum

567 1564 828 1619 formosa.
863 1563 943 1618 Tu
997 1578 1126 1633 ergo
1176 1564 1304 1632 quid
1337 1562 1673 1632 improperas
1701 1565 2033 1620 εοηνρηυηιί
2074 1579 2134 1619 se

565 1671 595 1708 a
629 1663 872 1725 peccato,
903 1654 1048 1724 quod
1081 1654 1268 1723 utique
1294 1654 1381 1708 lex
1408 1652 1524 1706 ﬁeri
1550 1655 1730 1709 vetat?
1762 1653 1828 1710 Et
1855 1656 2131 1725 quomodo

2238 558 2579 613 multitudine
2604 573 2723 628 qua;
2748 557 2892 610 dedit
2920 556 3101 625 regina
3126 554 3269 610 Saba
3304 558 3412 626 regi
3448 556 3725 613 Salomoni
3742 558 3810 613 “.

2308 648 2459 704 Hanc
2490 656 2671 704 autem
2719 647 3006 702 historiam
3042 647 3203 717 paulo
3246 647 3408 702 latius
3437 656 3685 719 repetere
3717 665 3815 705 vo-

2237 740 2461 805 luimus,
2484 748 2539 793 et
2569 739 2807 793 inserere
2833 736 2959 791 huic
2978 736 3309 805 expositioni
3333 745 3554 802 nostrae,
3577 737 3815 793 scientes

2238 830 2290 883 in
2342 838 2552 883 tantum
2605 826 2896 882 convenire
2941 826 3056 880 haec
3110 826 3179 880 ad
3227 840 3514 896 personam
3558 825 3816 882 Ecclesiae

2236 935 2358 990 quae
2388 935 2454 974 ex
2496 919 2745 989 gentibus
2772 918 2920 973 venit
2946 918 3014 971 ad
3049 917 3353 982 Christum,
3388 925 3447 971 ut
3475 917 3589 986 ipse
3626 916 3812 971 Domi-

2243 1026 2348 1067 nus
2404 1011 2460 1065 in
2517 1009 2826 1080 Evangeliis
2886 1009 3087 1078 reginae
3115 1007 3278 1078 hujus
3327 1007 3531 1063 faceret
3577 1009 3808 1062 mentio-

2236 1118 2381 1167 nem,
2410 1101 2598 1155 dicens
2634 1115 2754 1154 eam
2789 1099 3005 1155 venisse
3038 1112 3068 1152 a
3119 1098 3316 1153 ﬁnibus
3346 1107 3523 1161 terra),
3556 1104 3618 1153 ut
3645 1098 3804 1152 audi-

2237 1184 2319 1247 ret
2346 1191 2666 1261 sapientiam
2699 1189 3010 1245 Salomonis
3033 1188 3101 1244 δ”.
3133 1190 3320 1243 Austri
3356 1198 3536 1244 autem
3567 1189 3809 1259 reginam

2235 1283 2367 1338 dicit
2395 1297 2536 1347 eam,
2566 1296 2663 1351 pro
2683 1296 2749 1336 eo
2781 1279 2928 1349 quod
2960 1277 3238 1349 Ethiopia
3273 1282 3325 1334 in
3346 1280 3532 1336 Austri
3554 1280 3803 1351 partibus

2230 1373 2427 1444 jaceat,
2445 1382 2498 1426 et
2521 1387 2551 1426 a
2574 1371 2772 1426 ﬁnibus
2797 1379 2954 1426 terrae
2973 1360 3132 1442 quasi
3156 1371 3210 1425 in
3229 1373 3420 1427 ultimo
3435 1371 3633 1441 posita.
3652 1373 3800 1425 Inve-

2235 1462 2414 1517 nimus
2441 1471 2620 1515 autem
2646 1459 2809 1530 hujus
2834 1459 3008 1529 ipsius
3033 1460 3233 1532 reginae
3246 1462 3410 1517 etiam
3434 1460 3733 1531 Josephum
3753 1463 3809 1517 in

2237 1551 2476 1604 Historia
2497 1565 2595 1604 sua
2615 1548 2795 1605 facere
2822 1549 3472 1617 mentiunem,addentem
3497 1552 3659 1605 etiam
3682 1553 3809 1618 hoc,

2234 1641 2379 1710 quod
2415 1650 2767 1710 posteaquam
2796 1655 3039 1710 regressa
3070 1648 3174 1706 est,
3208 1640 3404 1711 inquit,
3428 1657 3459 1697 a
3494 1640 3807 1707 Salomone,

565 1754 623 1798 tu
658 1745 905 1815 gloriaris
933 1746 985 1799 in
1011 1745 1126 1814 lege
1154 1748 1516 1814 praevaricans
1547 1746 1751 1816 legem?
1772 1745 1973 1801 Verum
2001 1761 2133 1817 quo-
2163 1808 2202 1817 __
2234 1728 2528 1800 (Ῑθιιιδῖδθε
2555 1744 2648 1783 νει
2693 1728 2923 1783 miratus
2947 1728 3067 1797 eius
3115 1729 3461 1798 δεΡῘθηῑίθῐη»
3488 1745 3651 1800 quam
3685 1732 3805 1785 θίιιθ

565 1834 712 1889 niam
744 1835 796 1888 in
830 1836 914 1889 his
945 1835 1079 1890 locis
1113 1850 1304 1891 sumus
1336 1837 1427 1892 ubi
1472 1836 1712 1891 Ecclesia
1744 1852 1866 1906 quae
1896 1851 1959 1891 es
1997 1853 2130 1906 gen-
2163 1808 2206 1868 Β

2197 1811 2340 1889 ιω]
2369 1818 2534 1873 dubio
2564 1834 2628 1872 ex
2675 1817 2984 1873 Salomonis
3025 1819 3291 1888 sapientia
3341 1829 3672 1889 susceperat,
3710 1835 3807 1875 co-

566 1925 710 1980 tibus
759 1925 922 1990 venit,
973 1926 1180 1996 nigram
1239 1940 1296 1980 sc
1347 1940 1467 1981 esse
1517 1925 1647 1981 dicit
1707 1935 1761 1981 et
1814 1925 2130 1989 formosam,

564 2016 815 2084 quamvis
853 2015 1073 2085 longum
1110 2017 1356 2073 videatur
1385 2032 1506 2072 esse
1551 2026 1604 2072 et
1637 2032 1947 2087 operosum,
1982 2016 2135 2070 colli-

562 2120 688 2174 gere
730 2121 793 2160 ex
843 2104 1138 2175 Scripturis
1172 2108 1393 2171 divinis,
1427 2108 1481 2161 in
1529 2107 1730 2176 quibus
1770 2107 1856 2162 vel
1901 2108 2134 2177 qualiter

564 2198 891 2253 sacramenti
927 2198 1090 2267 hujus
1142 2199 1320 2254 forma
1359 2198 1697 2269 praecesserit
1733 2214 1748 2253 :
1797 2206 1976 2253 tamen
2023 2213 2130 2253 non

565 2289 695 2342 mihi
724 2289 936 2358 penitus
966 2291 1327 2344 omittendum
1360 2289 1592 2352 videtur,
1625 2289 1717 2344 sed
1749 2305 1912 2359 quam
1943 2299 2134 2360 potue-

564 2379 637 2432 rit
667 2380 901 2434 breviter
939 2381 1371 2435 memorandum.
1406 2379 1590 2436 Primo
1620 2395 1750 2450 ergo
1772 2382 1825 2436 in
1863 2380 2131 2436 Numero-

566 2485 688 2523 rum
724 2471 862 2525 libro
891 2471 957 2526 de
990 2469 1328 2541 Ethiopissa
1360 2471 1432 2526 ita
1474 2472 1737 2542 scriptum
1773 2491 1786 2528 :
1836 2471 1904 2525 Et
1949 2472 2129 2527 locuta

565 2570 645 2614 cst
687 2559 860 2614 Maria
887 2561 956 2614 ad
989 2562 1188 2625 Aaron,
1215 2572 1263 2617 et
1301 2564 1678 2632 derogaverunt
1713 2562 1886 2633 Moysi
1923 2574 2134 2634 propter

566 2651 833 2705 mulierem
887 2652 1276 2722 Ethiopissam
1326 2671 1483 2723 quam
1537 2656 1734 2723 accepit
1783 2670 2020 2718 uxorem,
2081 2663 2132 2709 et

562 2741 811 2796 dixerunt
843 2757 862 2795 :
905 2740 1160 2811 Nunquid
1199 2741 1371 2812 Moysi
1392 2744 1492 2796 soli
1512 2743 1717 2797 loculus
1747 2755 1823 2797 est
1852 2743 2135 2799 Dominus?

570 2826 756 2881 Nonne
796 2837 846 2882 et
890 2828 1037 2882 nobis
1067 2830 1272 2883 locutus
1296 2840 1372 2885 est
1420 2831 1509 2886 “2
1540 2830 1602 2884 Et
1633 2831 1825 2885 iterum
1873 2832 1925 2885 in
1975 2833 2133 2887 tertio

565 2918 874 2989 Regnorum
905 2926 1041 2974 libro
1067 2921 1328 2989 scriptum
1370 2931 1454 2977 est
1484 2924 1550 2977 de
1585 2924 1768 2995 regina
1809 2922 1974 2987 Saba,
2003 2924 2132 2993 quia

562 3009 712 3064 venit
740 3023 770 3063 a
811 3007 1008 3064 ﬁnibus
1042 3019 1197 3064 terrae
1235 3012 1424 3066 audire
1466 3013 1785 3083 sapientiam
1823 3012 2133 3068 Salomonis

564 3101 671 3157 hoc
703 3101 867 3155 modo
901 3119 916 3155 :
956 3101 1152 3173 Regina
1190 3102 1330 3157 Saba
1363 3105 1561 3157 audivit
1591 3121 1776 3158 nomen
1812 3103 2131 3169 Salomonis,

566 3201 616 3246 et
639 3208 821 3247 nomen
847 3193 1077 3255 Domini,
1097 3204 1147 3248 et
1173 3195 1305 3247 venit
1340 3204 1539 3249 tentare
1569 3213 1683 3249 eum
1702 3196 1753 3249 in
1777 3196 2064 3265 parabolis,
2082 3205 2131 3250 et

562 3287 697 3340 venit
739 3288 795 3340 in
841 3286 1174 3341 Hierusalem
1213 3290 1267 3340 in
1301 3289 1489 3340 virtute
1524 3304 1715 3355 magna
1742 3287 1935 3342 valde:
1963 3300 2011 3341 et
2039 3305 2131 3341 ca-

565 3376 688 3428 meli
718 3387 984 3442 portantes
1007 3380 1370 3443 odoramenta,
1402 3386 1449 3431 et
1481 3393 1671 3430 aurum
1699 3378 1923 3429 multum
1959 3378 2129 3443 valde,

561 3474 614 3521 ιι
640 3465 865 3533 lapidem
889 3467 1195 3534 pretiosum,
1219 3477 1266 3519 et
1310 3467 1544 3535 ingressa
1565 3475 1641 3520 est
1672 3466 1740 3518 ad
1774 3466 2131 3532 Salomonem,

561 3564 613 3611 et
636 3555 810 3608 locuta
851 3564 926 3608 est
955 3555 1003 3609 ei
1029 3556 1206 3608 omnia
1241 3557 1392 3608 verba
1420 3572 1538 3626 quin
1565 3566 1713 3609 erant
1742 3557 1797 3609 in
1826 3557 1981 3609 corde
2008 3572 2131 3621 suo,

558 3655 610 3699 et
632 3647 922 3699 enuntiavit
950 3646 997 3699 ei
1021 3642 1270 3698 Salomon
1296 3647 1475 3699 omnia
1501 3648 1652 3699 verba
1675 3647 1808 3713 ejus,
1829 3656 1877 3699 et
1900 3663 2001 3699 non
2026 3647 2130 3715 fuit

560 3737 769 3790 verbum
795 3736 931 3807 quod
961 3736 1195 3790 omiserit
1228 3751 1340 3799 rex,
1365 3746 1413 3788 et
1443 3753 1545 3789 non
1569 3738 1916 3791 enantiaverit
1940 3738 1988 3791 ei
2016 3753 2128 3791 rex.

565 3825 630 3879 Et
680 3826 809 3879 vidit
866 3830 1045 3896 regina
1093 3824 1234 3878 Saba
1278 3841 1483 3879 onmem
1525 3827 1860 3895 prudentiam
1888 3825 2134 3880 Salomo-

563 3920 665 3979 nis,
688 3928 736 3971 et
758 3918 970 3972 domum
996 3935 1149 3990 quam
1179 3918 1484 3987 aediﬁcavit,
1504 3928 1551 3971 et
1581 3917 1719 3971 cibos
1749 3916 2131 3982 Salomonis,et

561 4006 735 4060 sedem
763 4023 1039 4075 puerorum
1055 4007 1252 4076 ejus,et
1269 4007 1498 4061 ordinem
1537 4007 1895 4060 ministrorum
1926 4005 2131 4074 ejus,et

561 4106 722 4150 vestes
746 4098 880 4167 ejus,
900 4110 946 4152 et
974 4100 1078 4151 vini
1103 4099 1305 4166 [διδοῖ-ιτς
1332 4098 1466 4167 ejus,
1485 4109 1531 4151 et
1550 4097 1855 4151 holocausta
1883 4097 1998 4166 ejus
2014 4113 2133 4168 qua:

561 4188 808 4257 o/fcrebat
840 4191 892 4242 in
930 4189 1083 4243 domo
1117 4188 1349 4253 Domini,
1382 4198 1432 4242 et
1475 4189 1762 4259 obstupuit,
1795 4199 1843 4243 et
1887 4188 2029 4242 dixit
2058 4187 2128 4242 ad

559 4295 730 4348 regem
760 4277 1091 4334 Salomonem
1126 4295 1145 4332 :
1194 4279 1350 4334 Verus
1389 4291 1464 4333 est
1509 4297 1679 4334 sermo
1713 4297 1864 4350 quem
1899 4297 1991 4350 ego
2033 4297 2132 4333 au-

559 4372 666 4423 divi
698 4372 749 4421 in
780 4379 921 4422 terra
953 4387 1065 4421 mea
1096 4372 1158 4421 de
1194 4371 1342 4422 verbo
1379 4381 1489 4434 tuo,
1519 4381 1567 4422 ct
1595 4372 1877 4436 prudentia
1925 4380 2039 4432 tua,
2078 4378 2130 4422 et

561 4476 662 4513 non
697 4458 896 4512 credidi
936 4460 999 4511 iis
1029 4458 1118 4526 qui
1163 4458 1508 4526 loquebantur
1537 4460 1664 4509 mihi
1693 4474 1956 4526 usquequo
1987 4460 2130 4511 veni-

560 4568 690 4612 rem,
733 4558 783 4603 et
830 4550 1069 4603 viderunt
1109 4549 1247 4600 oculi
1291 4548 1412 4607 mei,
1446 4557 1494 4600 et
1526 4563 1640 4600 ecce
1676 4564 1767 4600 nec
1806 4546 1976 4600 media
2000 4562 2125 4616 pars

557 4646 637 4692 est
657 4655 772 4707 qua:
799 4638 1184 4692 nuntiabantur
1221 4636 1371 4688 mihi.
1400 4635 1673 4688 Addidisti
1697 4637 1834 4689 enim
1865 4638 1998 4689 bona
2039 4651 2128 4688 su-

557 4744 650 4796 per
672 4743 867 4780 omnem
901 4730 1220 4782 auditionem
1267 4743 1423 4798 quam
1461 4726 1641 4778 audivi
1685 4727 1738 4779 in
1789 4740 1930 4780 terra
1982 4743 2121 4782 mea.

558 4814 740 4868 Beata:
771 4814 1011 4867 mulieres
1042 4827 1166 4878 tute,
1205 4815 1342 4868 beati
1372 4814 1521 4883 pueri
1550 4815 1641 4866 isti
1671 4816 1761 4884 qui
1792 4816 2042 4867 assistunt
2071 4816 2127 4869 in

558 4915 835 4973 conspectu
865 4913 953 4957 tuo
985 4920 1203 4973 semper,
1228 4914 1278 4957 et
1303 4905 1526 4958 audiunt
1559 4920 1761 4958 onmem
1788 4905 2126 4974 prudentiam

558 5005 725 5049 tuam.
752 4994 834 5050 Sit
860 4994 1113 5048 Dominus
1144 4995 1281 5049 Deus
1308 5008 1426 5051 tuus
1456 4995 1774 5060 benedictus,
1804 4997 1892 5063 qui
1920 4996 2014 5050 tibi
2038 4997 2127 5051 de-

556 5087 637 5142 dit
665 5088 836 5140 sedem
873 5086 1058 5141 Israel.
1095 5086 1359 5151 Quoniam
1393 5086 1581 5140 dilexit
1631 5086 1884 5141 Dominus
1926 5085 2119 5154 Israel,

555 5189 605 5235 et
638 5177 799 5232 voluit
828 5194 945 5232 eum
971 5192 1270 5246 permanere
1297 5177 1350 5228 in
1374 5187 1649 5240 arternum,
1671 5193 1798 5246 posu
1809 5178 1850 5230 it
1876 5187 1922 5230 te
1951 5192 2119 5246 regem

554 5286 710 5341 super
736 5285 846 5335 eos,
870 5276 925 5323 ut
955 5268 1123 5336 facias
1142 5267 1407 5334 judicium
1435 5283 1550 5321 cum
1580 5267 1817 5334 justitia,
1846 5276 1897 5320 et
1914 5266 2120 5335 judices

553 5377 661 5415 eos.
693 5359 760 5414 Et
796 5360 943 5414 dedit
982 5356 1257 5412 Salomoni
1298 5365 1505 5410 centum
1534 5358 1717 5427 viginti
1751 5357 1947 5409 talenta
1978 5355 2119 5421 auri,

552 5461 603 5505 et
641 5452 980 5506 odoramenta
1019 5449 1185 5503 multa
1237 5449 1405 5514 valde,
1441 5458 1491 5502 et
1535 5448 1766 5507 lapidem
1811 5448 2121 5518 pretiosum.

626 5639 667 5712 ξ
704 5638 866 5712 Num.
915 5660 1011 5698 xu.
1141 5644 1186 5676 "
1220 5641 1379 5698 Num.
1412 5659 1512 5710 xu,
1542 5646 1594 5712 l,
1620 5646 1673 5699 ‘2.

555 5708 602 5739 “
630 5707 774 5763 Psal.
846 5728 1011 5780 um,
1042 5714 1130 5778 50,
1157 5714 1245 5768 51.
1322 5713 1369 5744 ⁵⁸
1396 5707 1558 5782 Soph.
1582 5707 1660 5779 ἠ,
1692 5716 1745 5782 8,
1771 5717 1824 5781 9,
1853 5718 1937 5783 l0,
1964 5718 2049 5771 ll.

1798 5647 1844 5679 ιι
1886 5647 1952 5701 lll
1992 5645 2123 5717 Reg.
2152 5660 2235 5717 Ax,
2262 5644 2314 5706 ί,
2343 5642 2400 5707 2,
2431 5641 2484 5704 3,
2530 5641 2588 5701 4.
2609 5637 3020 5717 §,_6,_7,A8,_9,
3060 5638 3147 5695 to.

2128 5715 2168 5746 ⁵⁷
2204 5707 2313 5768 Jer.
2350 5726 2577 5774 sum",
2604 5710 2659 5764 ϐ.
2685 5709 2736 5771 7,
2760 5711 2813 5770 8,
2845 5709 2898 5770 9,
2929 5707 3012 5762 10.

2233 1908 2587 1979 gnominavit,
2607 1908 2807 1978 inquit,
2824 1924 3016 1963 nomen
3041 1910 3159 1978 ejus
3174 1909 3413 1965 Meroen.
3431 1910 3803 1966 Refertautem

2233 2000 2377 2070 quod
2407 2014 2515 2052 non
2560 1998 2739 2053 solum
2788 1997 3102 2068 Ethiopian,
3137 2000 3229 2054 sed
3253 2008 3307 2053 et
3334 1998 3553 2071 Egypti
3578 2014 3802 2070 regnum

2235 2091 2489 2145 tenuerit.
2524 2089 2804 2145 Addemus
2831 2098 3012 2144 autem
3033 2090 3211 2146 adhuc
3228 2098 3282 2145 et
3311 2105 3373 2144 ea
3413 2105 3535 2161 quae
3565 2090 3619 2144 in
3648 2106 3806 2145 sexa-

2232 2182 2439 2251 gesimo
2484 2180 2717 2250 septimo
2740 2181 2957 2250 psalmo
2987 2181 3054 2235 de
3081 2180 3184 2236 hac
3213 2182 3401 2236 eadem
3427 2180 3598 2237 forma
3628 2181 3805 2236 conti-

2232 2279 2454 2326 nentur.
2488 2270 2579 2324 Ait
2617 2285 2746 2340 ergo
2781 2271 2853 2325 ibi
2884 2288 2896 2324 :
2928 2270 3177 2341 Disperge
3204 2281 3378 2341 gentes
3408 2288 3525 2345 quae
3551 2271 3688 2325 bella
3717 2288 3807 2325 vo-

2231 2362 2369 2426 lunt,
2410 2370 2459 2415 et
2498 2362 2708 2416 veniant
2737 2361 2900 2432 legati
2933 2378 2998 2415 ea:
3024 2361 3275 2433 zEggpto,
3304 2361 3581 2431 xEthiOpia
3607 2378 3803 2433 preve-

2233 2454 2340 2506 niet
2384 2469 2571 2506 manus
2617 2452 2732 2521 ejus
2785 2452 2912 2507 Deo.
2963 2451 3142 2521 Regna
3187 2461 3362 2516 terraz,
3415 2462 3621 2506 cantate
3675 2453 3802 2515 Deo,

2231 2545 2445 2615 psallite
2473 2544 2698 2598 Domino
2725 2541 2794 2607 Ψ.
2823 2540 2918 2595 Est
2945 2541 3124 2596 adhuc
3163 2551 3358 2612 quarto
3409 2527 3462 2596 in
3501 2544 3621 2597 loro
3659 2546 3801 2613 apud

2235 2635 2569 2705 Sophoniam
2619 2632 2937 2703 prophetam
2983 2631 3053 2686 de
3097 2630 3200 2686 hac
3241 2632 3428 2687 eadem
3477 2633 3650 2704 ﬁgura
3701 2635 3804 2688 hoc

2235 2728 2398 2783 modo
2429 2726 2690 2794 scriptum
2723 2741 2735 2778 :
2765 2721 3053 2792 Propterea
3074 2724 3279 2778 sustine
3323 2740 3424 2789 me,
3467 2725 3594 2779 dicit
3622 2724 3776 2778 Domi

2235 2835 2354 2883 nus,
2385 2819 2441 2871 in
2468 2818 2554 2871 die
2583 2814 2980 2870 resurrectionis
3012 2828 3161 2877 mete,
3186 2814 3241 2866 in
3266 2816 3544 2884 martyrio,
3569 2815 3672 2870 hoc
3697 2824 3801 2880 est,

2233 2911 2289 2964 in
2334 2908 2653 2971 tes:imouio,
2698 2910 2949 2976 quoniam
2973 2902 3239 2973 judicium
3278 2919 3449 2957 meum
3480 2912 3556 2959 est
3580 2907 3649 2957 ad
3678 2920 3802 2957 cou-

2231 3000 2555 3071 gregationes
2575 2998 2830 3066 gentium,
2862 3004 2921 3049 ut
2946 2997 3229 3066 suscipiam
3258 3012 3422 3066 reges,
3452 3006 3501 3050 et
3530 2995 3801 3064 eﬁ'undam

2235 3105 2390 3158 super
2418 3104 2505 3143 eos
2537 3101 2733 3142 onmem
2784 3087 2923 3141 iram
2979 3087 3360 3157 indignationis
3398 3101 3552 3141 mete.
3599 3084 3663 3138 In
3686 3087 3802 3155 igne

2237 3180 2339 3234 zeli
2368 3182 2468 3232 mei
2492 3187 2827 3231 consumetur
2849 3176 3018 3231 omnis
3048 3184 3211 3232 terra.
3242 3176 3503 3241 Quoniam
3535 3185 3658 3229 tunc
3684 3191 3801 3228 con-

2234 3280 2433 3325 vertam
2476 3270 2531 3323 in
2570 3268 2778 3339 populis
2816 3269 3052 3340 linguam
3081 3271 3134 3324 in
3165 3268 3551 3340 generationem
3576 3267 3710 3335 ejus,
3742 3275 3799 3318 ut

2233 3363 2470 3416 invocent
2505 3376 2681 3414 omnes
2712 3376 2900 3414 nomen
2957 3361 3190 3427 Domini,
3241 3371 3289 3414 et
3343 3359 3571 3412 serviant
3614 3358 3663 3410 ei
3704 3357 3799 3409 sub

2223 3448 2356 3518 jugo
2393 3462 2518 3502 uno.
2556 3446 2632 3500 De
2661 3446 2806 3501 ultra
2828 3448 3056 3515 [lumina
3082 3448 3374 3517 JEthiopia:
3397 3448 3683 3516 suscipiam
3713 3461 3799 3500 eos

2233 3540 2324 3606 qui
2354 3537 2577 3606 dispersi
2605 3545 2749 3600 sunt,
2773 3547 2821 3591 et
2844 3538 3064 3606 a/ferent
3085 3539 3406 3607 sacriﬁcium
3439 3538 3587 3591 mihi.
3623 3536 3686 3589 In
3717 3540 3802 3590 die

2232 3623 2330 3677 illa
2360 3640 2465 3677 non
2492 3624 2827 3692 confunderis
2869 3624 3010 3680 Saba
3041 3625 3108 3679 ab
3139 3627 3382 3680 omnibus
3417 3627 3791 3680 adint'entioni-

2234 3715 2327 3767 bus
2368 3715 2494 3779 tuis,
2529 3715 2583 3768 in
2615 3716 2803 3785 quibus
2847 3717 3004 3786 impie
3052 3717 3205 3786 egisti
3239 3718 3293 3770 in
3334 3733 3412 3770 me
3429 3717 3492 3771 “.
3526 3716 3628 3771 Sed
3656 3725 3712 3772 et
3743 3718 3799 3773 in

2231 3802 2461 3859 Ieremia
2511 3808 2772 3875 scriptum
2821 3816 2924 3873 est,
2963 3810 3107 3878 quod
3141 3809 3413 3879 principes
3447 3809 3666 3878 quidam
3698 3825 3799 3878 po-

2232 3896 2346 3965 puli
2376 3895 2545 3950 lsrael
2572 3897 2813 3950 miserint
2842 3896 3132 3952 Jcremiam
3159 3900 3214 3953 in
3234 3899 3409 3952 lacum
3444 3898 3678 3953 Melchitc
3697 3899 3802 3968 filii
3823 3973 3826 3976 ἢ

2233 3988 2391 4058 regis,
2426 3988 2515 4057 qui
2549 3997 2662 4041 erat
2695 3988 2750 4041 in
2787 3989 2941 4042 domo
2971 3994 3217 4059 carceris,
3243 4002 3291 4046 et
3316 3994 3659 4061 deposuerunt
3680 4008 3799 4045 eam

2233 4096 2351 4134 cum
2392 4081 2627 4149 funibus,
2661 4091 2711 4134 et
2740 4081 2795 4133 in
2826 4079 2947 4134 lacu
2986 4097 3090 4135 non
3117 4093 3230 4137 erat
3263 4101 3421 4155 aqua,
3454 4083 3543 4138 sed
3574 4099 3796 4144 caenum,

2230 4181 2279 4227 et
2307 4182 2419 4227 erat
2442 4172 2496 4225 in
2522 4187 2684 4225 emno.
2711 4173 2942 4227 Audiens
2969 4182 3144 4228 autem
3163 4175 3516 4238 Abdimelech,
3552 4174 3797 4243 Ethiops

2230 4264 2311 4318 vir
2334 4264 2624 4330 eunuchus,
2657 4264 2745 4333 qui
2781 4274 2895 4317 erat
2931 4264 2985 4316 in
3022 4264 3175 4316 domo
3213 4266 3366 4332 regis,
3390 4267 3516 4333 quia
3546 4268 3798 4319 miserunt

2230 4355 2516 4409 Jeremiam
2555 4356 2608 4406 in
2640 4354 2836 4413 lacum,
2881 4353 3086 4405 locutus
3132 4360 3209 4404 est
3239 4354 3367 4419 regi,
3395 4364 3445 4405 et
3482 4356 3619 4408 dixit
3647 4374 3665 4410 :
3697 4360 3801 4413 Do-

2162 4469 2206 4523 D
2232 4445 2372 4496 mine
2401 4458 2512 4507 rex,
2541 4441 2677 4493 male
2716 4441 2947 4509 fecerunt
2975 4441 3073 4493 viri
3102 4440 3192 4494 isti
3222 4442 3394 4494 omnia
3421 4459 3538 4511 qua:
3562 4445 3800 4513 fecerunt

2233 4534 2288 4585 in
2307 4530 2596 4585 Jcremiam
2619 4530 2944 4599 prophetam,
2967 4530 3091 4600 quia
3114 4532 3364 4584 miserunt
3384 4548 3501 4586 eum
3526 4534 3579 4588 in
3598 4534 3798 4603 lacum,

2233 4632 2282 4677 et
2313 4622 2568 4675 morietur
2599 4619 2674 4673 ibi
2702 4637 2735 4673 a
2765 4619 2902 4690 facie
2931 4619 3110 4689 famis,
3135 4623 3384 4690 quoniam
3410 4638 3512 4677 non
3542 4636 3661 4680 sunt
3680 4627 3798 4694 jam

2231 4729 2392 4784 panes
2427 4714 2481 4766 in
2510 4711 2742 4766 civitate.
2785 4710 2854 4766 Et
2903 4713 3146 4781 prazcepit
3188 4728 3280 4767 rex
3318 4715 3420 4784 ipsi
3462 4718 3797 4770 Abdimelecit

2232 4803 2474 4872 Ai'thiopi
2501 4802 2676 4856 dicens
2701 4818 2721 4856 .'
2748 4801 2893 4857 Tolle
2924 4804 3045 4857 hinc
3069 4804 3289 4874 triginta
3322 4806 3574 4875 homines,
3596 4817 3646 4862 et
3669 4809 3801 4861 educ

2234 4912 2353 4950 eum
2380 4895 2445 4948 de
2466 4894 2608 4959 lacu,
2648 4902 2707 4947 ut
2740 4910 2842 4947 non
2872 4893 2946 4948 ibi
2972 4896 3234 4949 moriatur
3255 4896 3322 4950 ‘7.
3358 4896 3424 4952 Et
3449 4899 3579 4968 quid
3605 4900 3801 4968 plura?

2232 4986 2581 5042 Abdimelech
2617 4984 2875 5057 Ethiops
2903 4985 3005 5041 fuit
3032 4987 3126 5054 qui
3174 4985 3467 5044 leremiam
3513 4990 3701 5045 eduxit
3731 4991 3798 5044 de

2233 5081 2374 5134 lacu.
2411 5080 2477 5133 Et
2508 5080 2670 5148 paulo
2701 5088 2823 5150 post
2870 5099 2884 5134 :
2934 5080 3135 5134 Factus
3165 5090 3242 5136 est
3273 5096 3442 5134 sermo
3484 5082 3696 5136 Domini
3727 5082 3797 5135 ad

2225 5171 2511 5226 Jeremiam
2538 5171 2714 5225 dicens
2745 5188 2764 5226 :
2798 5170 2961 5239 Vade,
2984 5181 3033 5226 et
3055 5172 3141 5225 dic
3162 5170 3493 5225 Abdimelech
3530 5170 3795 5241 ίΕιΙιὶορὶ,

2226 5263 2405 5315 dicens
2430 5275 2449 5313 :
2481 5260 2571 5314 Sic
2610 5261 2743 5316 dicit
2790 5261 3044 5318 Dominus
3093 5261 3233 5315 Deus
3284 5258 3503 5314 Israel:
3542 5258 3674 5314 Ecce
3701 5278 3795 5332 ego

2229 5353 2435 5407 adduco
2466 5350 2618 5405 verba
2644 5368 2759 5406 mea
2795 5371 2954 5424 super
2994 5352 3260 5407 civitatem
3286 5351 3445 5404 istam
3479 5351 3536 5403 in
3558 5350 3723 5419 mala,
3743 5363 3793 5406 et

2228 5460 2333 5499 non
2362 5444 2418 5497 in
2450 5443 2605 5509 bona,
2632 5453 2683 5497 et
2711 5443 2924 5498 salvabo
2960 5452 3008 5497 te
3041 5443 3099 5495 in
3126 5441 3212 5494 die
3236 5441 3352 5505 illa,
3381 5449 3430 5495 et
3457 5456 3561 5494 non
3586 5441 3722 5495 dabo
3746 5451 3795 5497 te

3265 5639 3312 5672 “
3343 5636 3534 5696 Matth.
3566 5652 3638 5694 ιιι
3658 5677 3675 5706 ,
3703 5635 3788 5692 42.
