4236 6282
319 192 420 247 105
1630 187 1832 244 LIBER
1863 185 2251 245 SECUNDUS.
3430 206 3433 207 '
3470 188 3569 246 106

319 317 374 367 in
418 325 604 364 manus
638 309 911 366 hominum
946 326 1078 382 quos
1123 317 1179 364 tu
1225 309 1399 365 times.
1450 309 1496 363 Α
1540 308 1677 378 facie
1720 274 1902 362 eorum
1929 310 1978 367 Α
2005 306 2060 360 ἰη
2114 303 2510 377 Evangeliis",
2542 302 2688 375 quod
2742 302 2798 359 in
2847 302 2934 360 die
2964 301 3154 374 iudicii
3212 301 3398 359 veniat
3445 319 3572 360 cum

316 405 532 460 calcans
562 402 778 457 saleabo
823 411 891 469 te,
930 413 978 457 et
1006 403 1063 457 in
1094 402 1273 474 gladio
1307 418 1411 456 non
1447 401 1624 466 cades,
1659 399 1750 454 sed
1791 399 1894 453 erit

321 497 504 550 anima
535 502 626 549 tua
672 494 730 547 in
772 494 1022 561 salutem,
1069 493 1317 563 quoniam
1364 492 1593 562 confisus
1621 508 1673 545 es
1706 492 1761 543 in
1791 506 1892 557 me,

320 587 453 641 dicit
484 585 740 639 Dominus
766 584 835 637 “.
887 583 1011 640 Haec
1040 585 1255 639 interim
1282 585 1352 639 ad
1379 598 1618 655 praesens
1650 583 1718 638 de
1748 582 1897 637 Scri-

318 675 497 746 ptnris
548 675 755 730 sanctis
804 687 1099 743 occurrere,
1143 679 1460 742 potuerunt,
1515 671 1713 741 quibus
1761 667 1893 723 mihi

314 767 533 822 videtur
558 766 825 837 propositi
856 765 924 820 de
964 764 1207 820 Canticis
1257 764 1591 831 canticorum
1639 761 1898 818 versiculi

313 858 641 931 mysterium
696 856 1060 927 comprobari,
1106 857 1161 911 in
1206 871 1314 924 quo
1364 855 1535 911 dicit:
1574 853 1754 909 Fusca
1779 870 1897 908 sum

315 951 449 1023 (sive
465 950 645 1019 nigra)
668 960 717 1004 et
741 949 995 1019 formosa,
1021 947 1151 1018 ﬁlia:
1175 947 1531 1014 Hierusalem,
1553 947 1688 1001 sicut
1721 949 1897 1000 taber~

315 1042 577 1099 naculum
608 1041 800 1107 Cedar,
826 1050 875 1096 et
899 1042 1036 1097 sicut
1079 1040 1239 1110 pelles
1269 1039 1592 1094 Salomonis.
1620 1037 1900 1093 Invenitur

310 1150 450 1205 ergo
499 1132 717 1205 Moyses
769 1132 826 1187 in
885 1130 1141 1186 Numeris
1196 1131 1442 1200 accipere
1503 1128 1899 1198 IEtliiopissam

315 1241 552 1281 uxorem
600 1225 837 1291 fuscam,
900 1223 986 1279 vel
1043 1222 1281 1293 nigram,
1337 1236 1439 1290 pro
1489 1235 1599 1290 qua
1639 1218 1809 1273 Maria
1846 1224 1902 1273 et

313 1320 504 1374 Aaron
534 1321 793 1389 derogant
819 1316 894 1384 ei,
935 1324 989 1372 et
1011 1315 1356 1386 indignantes
1379 1312 1567 1367 dicunt
1596 1329 1609 1365 :
1643 1308 1901 1379 Nunquid

317 1410 498 1481 Moysi
517 1410 619 1464 soli
645 1409 899 1464 Dominus
938 1407 1144 1461 locutus
1185 1406 1304 1461 est?
1336 1403 1529 1458 Nonne
1560 1411 1610 1457 et
1639 1400 1787 1456 nobis
1815 1400 1901 1455 lo-

314 1514 472 1559 cutus
502 1512 580 1559 est
603 1502 690 1557 ‘9?
732 1501 789 1557 In
838 1517 947 1573 quo
990 1501 1036 1558 si
1085 1501 1368 1571 diligenter
1407 1496 1756 1565 consideres,
1802 1508 1901 1550 nec

315 1594 773 1665 consequentiam
806 1609 988 1649 sermo
1030 1593 1302 1648 invenitur
1347 1591 1546 1646 habere
1580 1589 1891 1646 historicus.

314 1683 462 1751 Quid
499 1684 643 1739 enim
690 1683 983 1739 convenire
1031 1682 1098 1736 ad
1142 1696 1258 1736 rem
1305 1680 1598 1747 videbitur,
1649 1688 1711 1734 ut
1754 1677 1896 1733 indi-

312 1783 550 1844 gnantes
571 1788 670 1845 pro
695 1771 1033 1844 Ethiopissa
1059 1772 1245 1827 dicant
1277 1790 1290 1825 :
1321 1769 1576 1840 Nunquid
1596 1769 1695 1823 soli
1723 1763 1897 1838 Moysi

311 1866 524 1921 locutus
566 1874 643 1919 est
689 1864 983 1919 Dominus?
1014 1861 1204 1918 Nonne
1251 1872 1301 1918 et
1342 1863 1490 1918 nobis
1528 1861 1735 1916 locutus
1776 1862 1898 1915 est?

313 1952 615 2026 Oportebat
640 1956 807 2023 enim,
846 1956 893 2011 si
940 1957 1043 2010 hoc
1085 1963 1204 2010 erat
1236 1954 1291 2009 in
1321 1970 1510 2021 causa,
1544 1953 1654 2009 dici
1690 1954 1758 2008 ab
1788 1953 1893 2016 eis,

316 2062 435 2101 non
462 2048 703 2115 oportuit
733 2055 806 2112 te,
827 2062 861 2101 ο
888 2047 1124 2117 Moyses,
1157 2060 1385 2101 uxorem
1417 2046 1666 2115 accipere
1698 2043 1902 2098 {Ethio-

320 2137 556 2206 pissam,
588 2144 642 2191 et
668 2136 736 2192 de
765 2137 972 2192 semine
999 2136 1193 2202 Cham,
1228 2137 1324 2193 sed
1365 2136 1432 2191 de
1476 2151 1672 2207 genere
1702 2144 1816 2202 tuo,
1849 2143 1905 2191 et

315 2231 392 2287 de
413 2231 576 2287 domo
597 2231 746 2286 Levi.
773 2230 978 2286 Horum
1011 2232 1149 2287 nihil
1172 2233 1377 2297 dicunt,
1405 2232 1498 2287 sed
1529 2233 1684 2286 aiunt
1715 2251 1729 2286 :
1757 2230 1906 2285 Nun-

311 2321 451 2393 quid
495 2321 671 2392 lloysi
713 2322 815 2376 soli
859 2321 1064 2377 loculus
1095 2332 1170 2378 est
1207 2322 1345 2377 Deus
1364 2324 1397 2397 9⁴
1431 2321 1623 2377 Nonne
1664 2331 1713 2377 et
1751 2322 1901 2375 nobis

310 2417 532 2476 (asilus
563 2417 681 2470 est?
709 2418 766 2470 ln
799 2432 911 2487 quo
943 2426 996 2472 et
1023 2417 1157 2471 mihi
1193 2416 1412 2470 videtur
1451 2413 1750 2470 secundum
1783 2431 1900 2487 my-

318 2508 547 2565 sterium
581 2508 755 2578 magis
801 2508 1133 2564 intellexisse
1173 2506 1317 2578 quod
1355 2515 1567 2576 gestum
1595 2515 1698 2572 est,
1729 2514 1784 2562 et
1811 2507 1900 2561 vi-

319 2598 470 2654 disse
522 2599 670 2669 quod
710 2600 823 2669 jam
866 2599 1099 2671 Moyses,
1142 2600 1196 2653 id
1243 2610 1326 2656 cst
1371 2598 1629 2670 Spiritalis
1669 2596 1794 2668 lex,
1841 2599 1899 2654 in

321 2690 542 2761 nuptias
569 2699 627 2746 et
654 2691 969 2763 conjugium
1004 2701 1344 2764 congregatae
1393 2708 1459 2748 ex
1499 2692 1750 2764 gentibus
1796 2691 1900 2747 mi-

321 2791 504 2851 graret
529 2781 787 2839 Ecclesiae
815 2801 829 2837 :
852 2790 907 2839 et
926 2782 1148 2839 Mariam
1170 2799 1293 2854 quae
1309 2783 1607 2855 Synagogze
1630 2782 1901 2839 derelictae

323 2873 583 2941 formam,
631 2881 687 2929 et
727 2874 911 2929 Aaron
958 2874 1053 2944 qui
1099 2874 1389 2930 sacerdotii
1420 2874 1660 2930 carnalis
1686 2873 1901 2931 tenebat

1995 396 2130 452 viris
2176 394 2542 469 generationis
2596 394 2905 461 incredulae,
2960 403 3015 449 et
3065 394 3395 451 condemnet
3451 409 3570 461 eos,

1996 490 2126 559 quia
2158 488 2306 544 venit
2337 504 2368 543 a
2401 488 2604 544 ﬁnibus
2649 495 2807 543 terra:
2835 487 3024 543 audire
3052 488 3372 559 sapientiam
3414 487 3573 543 Salo-

1996 580 2198 645 monis,
2230 587 2285 635 et
2314 579 2485 647 addit,
2530 580 2659 649 quia
2688 578 2808 649 plus
2851 577 3134 634 Salomone
3162 580 3245 634 hic
3267 580 3336 646 ³³,
3368 579 3572 636 docens

1996 688 2094 743 per
2123 673 2230 728 hoc
2254 672 2376 742 plus
2416 687 2540 727 esse
2575 671 2859 726 veritatem
2886 685 3051 741 quam
3075 669 3317 726 veritatis
3344 670 3570 741 ﬁguras.

1998 762 2154 819 Venit
2183 777 2314 834 ergo
2345 772 2398 819 et
2420 763 2556 830 haec,
2588 763 2698 819 imo
2727 764 3027 819 secundum
3063 762 3293 834 ﬁguram
3323 762 3442 832 ejus
3462 760 3570 817 Ee-

1998 855 2164 911 clesia
2196 856 2347 909 venit
2379 870 2444 910 ex
2474 854 2725 926 gentibus
2749 854 2941 910 audire
2972 854 3296 926 sapientiam
3326 851 3566 910 Salomo-

2000 946 2086 1002 nis
2110 947 2245 1012 veri,
2267 955 2323 1002 ct
2351 947 2467 1002 veri
2497 946 2708 1017 paciﬁci
2738 946 2955 1001 Domini
2980 947 3151 1002 nostri
3181 945 3312 1002 Jesu
3345 944 3569 1002 Christi.

2002 1037 2163 1092 Venit
2207 1046 2261 1093 et
2305 1038 2420 1093 haec
2460 1038 2638 1108 primo
2671 1039 2889 1109 quidem
2924 1048 3140 1095 tentans
3169 1053 3292 1093 eum
3321 1053 3419 1109 per
3437 1037 3573 1093 aani-

2002 1138 2181 1199 gmata
2207 1136 2258 1183 et
2292 1129 2639 1199 quaestiones,
2663 1145 2783 1203 quae
2804 1130 2853 1186 ei
2884 1130 3036 1201 prius
3065 1130 3383 1187 insolubiles
3412 1132 3573 1190 vide-

2001 1219 2204 1274 bantur
2233 1238 2247 1274 :
2277 1229 2439 1290 atque
2462 1221 2530 1275 ab
2554 1221 2673 1291 ipso
2698 1223 2763 1278 de
2788 1222 3066 1294 agnitione
3088 1221 3251 1278 Verbi
3279 1221 3399 1291 Dei,
3420 1235 3475 1281 et
3501 1226 3570 1283 de

2002 1311 2268 1367 creaturis
2298 1312 2508 1380 mundi,
2542 1313 2656 1384 [‘8
2693 1312 2775 1367 vel
2809 1314 2876 1368 de
2904 1312 3313 1370 immortalitate
3349 1316 3567 1380 animae.

2000 1410 2056 1457 et
2082 1402 2289 1472 judicio
2315 1402 2521 1469 futuro,
2547 1404 2694 1474 quod
2738 1403 2879 1473 apud
2904 1419 3025 1460 eam
3054 1412 3114 1460 et
3141 1405 3285 1476 apud
3318 1406 3571 1463 doctores

2000 1493 2120 1564 ejus
2144 1496 2370 1564 gentiles
2394 1495 2660 1551 duntaxat
2680 1495 3032 1567 philosophos
3062 1496 3330 1554 incertum
3358 1514 3573 1569 semper

2002 1594 2096 1639 aut
2123 1584 2348 1641 dubium
2372 1586 2645 1653 manebat,
2670 1585 2989 1641 absolvitur.
3026 1584 3339 1659 Venit‘ergo
3370 1587 3571 1643 Hieru-

1998 1676 2190 1741 salem,
2223 1677 2290 1732 ad
2309 1676 2574 1733 visionem
2628 1678 2835 1733 scilicet
2865 1678 3037 1748 pacis,
3072 1694 3194 1734 cum
3226 1679 3573 1735 multitudine

1996 1775 2050 1823 et
2074 1768 2270 1824 virtute
2304 1769 2497 1837 multa,
2528 1784 2635 1825 non
2678 1770 2824 1824 enim
2856 1784 2980 1826 cum
3020 1785 3127 1825 una
3159 1770 3274 1826 sola
3298 1780 3477 1842 gente,
3508 1783 3570 1827 ut

1996 1859 2149 1931 prius
2171 1859 2453 1932 Synagoga
2482 1861 2628 1917 solos
2661 1860 2856 1916 habuit
2889 1860 3169 1926 Hebraeos,
3206 1864 3301 1918 sed
3325 1878 3451 1919 cum
3482 1872 3568 1917 to-

1999 1951 2108 2007 tius
2151 1951 2339 2006 mundi
2373 1952 2623 2022 gentibus
2662 1952 2830 2016 venit,
2861 1951 3111 2007 deferens
3138 1954 3302 2008 etiam
3339 1968 3570 2008 munera

2001 2041 2164 2108 digna
2187 2040 2431 2105 Christo,
2460 2042 2937 2095 odoramentorum
2961 2042 3231 2110 siquidem
3255 2044 3573 2108 suavitates,

2005 2146 2169 2200 Opera
2197 2132 2408 2187 scilicet
2439 2132 2602 2195 bona,
2632 2148 2754 2202 quae
2785 2133 2850 2187 ad
2878 2131 3045 2187 Deum
3082 2149 3175 2203 per
3203 2134 3422 2190 odorem
3447 2152 3576 2192 sua-

2004 2222 2190 2278 vitatis
2221 2223 2538 2280 ascendunt.
2566 2222 2672 2279 Sed
2700 2232 2754 2279 et
2784 2240 2920 2279 auro
2954 2226 3097 2281 venit
3132 2227 3356 2298 repleta,
3391 2230 3571 2286 sensi-

2004 2313 2108 2368 bus
2157 2314 2277 2369 sine
2311 2315 2478 2370 dubio
2511 2324 2565 2371 et
2591 2315 3007 2373 rationabilibus
3053 2318 3377 2389 disciplinis,
3433 2336 3574 2390 quas

2001 2417 2128 2464 ante
2157 2406 2316 2464 fidem
2341 2410 2519 2464 adhuc
2543 2423 2611 2464 ex
2632 2409 2907 2464 communi
2929 2418 2985 2465 et
3008 2412 3245 2467 scholari
3263 2414 3574 2470 eruditione

1999 2505 2310 2577 collegerat.
2356 2505 2559 2560 Detulit
2592 2506 2756 2561 etiam
2798 2505 3030 2576 lapidem
3061 2508 3383 2578 pretiosum,
3411 2525 3572 2580 quem

1999 2607 2321 2656 ornamenta
2349 2613 2564 2653 morum
2597 2613 2894 2669 possumus
2941 2598 3264 2673 intelligere.
3300 2600 3435 2656 Cum
3470 2601 3575 2657 hoc

1999 2707 2130 2766 ergo
2154 2699 2418 2764 apparatu
2443 2691 2610 2747 intrat
2636 2691 2701 2746 ad
2729 2691 3016 2761 paciﬁcum
3052 2707 3234 2764 regem
3269 2692 3573 2762 Christum,

1987 2795 2054 2842 'et
2076 2786 2179 2857 ipsi
2205 2785 2380 2857 aperit
2408 2800 2506 2841 cor
2538 2800 2723 2851 suum,
2763 2785 2815 2838 in
2846 2782 3193 2840 confessione
3221 2793 3277 2840 et
3301 2787 3570 2856 poeniten-

2003 2877 2075 2934 tia
2118 2878 2326 2934 scilicet
2367 2877 2786 2949 praccedentium
2819 2876 3166 2944 delictorum,
3205 2886 3259 2933 ct
3289 2879 3467 2934 locuta
3490 2890 3573 2935 est

324 2966 641 3037 imaginem,
675 2966 919 3023 videntes
947 2966 1188 3022 ablatum
1225 2980 1348 3023 esse
1387 2982 1418 3021 a
1459 2966 1767 3037 semetipsis
1807 2982 1898 3022 re-
1925 2972 1969 3031 C
2000 2967 2051 3022 ei
2082 2967 2267 3021 omnia
2312 2982 2435 3038 quae
2470 2974 2625 3021 erant
2652 2966 2707 3022 in
2739 2966 2901 3022 corde
2940 2981 3064 3030 suo.
3107 2976 3324 3037 propter
3349 2968 3492 3039 quod
3519 2980 3574 3024 et

323 3073 516 3127 gnum,
544 3065 599 3112 et
627 3058 816 3113 datum
848 3074 970 3114 esse
1003 3057 1150 3130 genti
1178 3057 1398 3115 facienti
1428 3057 1638 3117 fructus
1671 3061 1790 3131 ejus
1818 3063 1894 3118 di-

323 3163 447 3204 cere
474 3167 489 3203 :
524 3147 781 3220 Nunquid
807 3148 980 3220 Moysi
1016 3149 1118 3205 soli
1148 3150 1354 3204 locutus
1381 3158 1459 3205 est
1492 3150 1631 3206 Deus
1657 3153 1684 3206 ?
1710 3152 1899 3209 Nonne

322 3250 373 3293 et
400 3240 553 3293 nobis
587 3240 795 3294 locutus
822 3241 942 3295 est?
988 3239 1235 3311 Denique
1278 3251 1333 3296 et
1360 3239 1574 3312 Moyses
1620 3241 1735 3314 ipse
1771 3261 1896 3301 cum

330 3340 480 3386 tanta
509 3338 563 3385 et
588 3340 698 3386 tam
739 3331 1025 3403 magniﬁca
1052 3331 1172 3401 ejus
1198 3347 1363 3403 opera
1389 3332 1513 3389 ﬁdei
1540 3349 1605 3389 ac
1625 3337 1899 3405 patientiae

326 3421 654 3490 referantur,
696 3439 977 3494 nunquam
1005 3423 1170 3481 tantis
1201 3439 1230 3479 a
1260 3423 1370 3481 Deo
1405 3426 1581 3482 elatus
1605 3426 1689 3483 est
1714 3427 1897 3484 laudi-

328 3516 450 3585 bus,
482 3527 543 3572 ut
562 3533 708 3573 nunc
728 3533 853 3573 cum
876 3516 1269 3589 [Ethiopissam
1296 3518 1450 3575 duxit
1471 3524 1719 3577 uxdrem.
1742 3519 1898 3578 Nunc

327 3607 393 3663 de
417 3623 483 3663 eo
521 3609 741 3675 dicitur,
792 3610 919 3679 quia
958 3609 1161 3680 Moyses
1211 3611 1363 3665 homo
1399 3619 1701 3666 mansuetus
1744 3614 1897 3667 valde

324 3716 482 3767 super
505 3708 681 3755 omnes
711 3701 945 3755 homines
973 3702 1066 3771 qui
1091 3712 1212 3756 sunt
1246 3718 1403 3772 super
1432 3711 1630 3757 terram
1645 3703 1712 3757 ".
1742 3701 1897 3760 Nunc

324 3801 379 3845 et
404 3791 536 3846 illud
566 3791 634 3847 de
664 3808 731 3847 eo
760 3792 892 3847 dicit
921 3790 1207 3861 Dominus,
1242 3794 1371 3864 quia
1400 3795 1447 3848 si
1474 3795 1638 3864 fuerit
1670 3795 1724 3849 in
1750 3798 1893 3851 vobis

323 3883 597 3952 propheta,
626 3883 680 3935 in
705 3882 990 3937 visionibus
1014 3882 1202 3954 loquar
1221 3885 1292 3950 ei,
1323 3894 1417 3939 aut
1439 3887 1495 3940 in
1523 3888 1764 3956 somniis,
1792 3904 1896 3943 non

322 3978 400 4031 ita
436 3985 493 4031 ut
542 3975 744 4046 famulo
792 3992 904 4029 meo
951 3975 1145 4047 Moysi,
1183 3978 1275 4048 qui
1308 3978 1362 4031 in
1398 3980 1539 4032 omni
1576 3980 1732 4033 domo
1780 3997 1897 4036 mea

325 4070 498 4137 ﬁdelis
519 4076 620 4123 est.
655 4068 725 4124 0s
748 4070 816 4123 ad
846 4085 902 4123 os
941 4068 1130 4138 loquar
1161 4068 1231 4120 ad
1254 4085 1392 4135 eum,
1419 4071 1472 4122 in
1502 4073 1691 4140 specie,
1716 4080 1767 4125 et
1795 4089 1898 4126 non

325 4161 377 4214 in
423 4159 720 4228 ertigmate,
757 4159 983 4230 gloriam
1024 4157 1236 4211 Domini
1260 4158 1411 4212 vidit.
1455 4157 1526 4212 Et
1561 4176 1656 4213 cur
1692 4176 1795 4214 non
1831 4163 1900 4214 ti—

326 4252 534 4306 muistis
567 4252 840 4306 detrahere
875 4250 1076 4322 famulo
1113 4269 1224 4306 meo
1257 4249 1489 4323 Moysi“
1512 4253 1535 4306 ?
1561 4251 1688 4309 Hec
1713 4255 1896 4311 omnia

327 4355 421 4410 pro
450 4341 707 4413 conjugio
753 4342 1106 4413 IEthiopissae
1144 4342 1356 4414 Moyses
1407 4343 1596 4400 audire
1639 4345 1838 4401 meruit
1864 4362 1895 4402 a

328 4429 575 4489 Domino.
606 4433 809 4490 Verum
838 4434 904 4490 de
937 4436 1022 4490 bis
1048 4435 1262 4505 plenius
1281 4435 1337 4490 in
1362 4435 1503 4491 libro
1530 4435 1893 4494 Numerorum

328 4525 597 4592 prosecuti
637 4540 868 4582 sumus:
908 4542 1031 4596 quae
1063 4526 1109 4581 si
1137 4526 1263 4597 quis
1300 4525 1523 4597 dignum
1543 4527 1755 4599 judicat
1787 4544 1889 4585 no-

331 4627 495 4684 scere,
543 4616 637 4671 illa
685 4617 984 4687 perquirat'.
1021 4615 1178 4672 Nunc
1210 4626 1402 4673 autem
1438 4616 1667 4673 suﬂiciat
1698 4635 1895 4689 appro~

330 4702 453 4761 bare
484 4722 551 4763 ex
604 4707 691 4761 his
734 4707 882 4778 quod
924 4700 1039 4778 ipsa
1079 4719 1163 4764 est
1205 4709 1381 4780 nigra,
1429 4717 1483 4764 ct
1531 4708 1792 4778 formosa,
1840 4720 1894 4769 ct

331 4793 684 4868 Aithiopissa,
733 4813 897 4868 quam
937 4798 1182 4871 Moyses,
1227 4800 1279 4854 id
1328 4808 1430 4863 est,
1475 4801 1560 4856 lex
1607 4800 1891 4871 spiritalis,

332 4903 445 4956 quia!
467 4890 587 4946 sine
614 4892 780 4947 dubio
797 4890 1035 4947 Verbum
1059 4891 1154 4946 Dei
1170 4900 1222 4947 et
1240 4889 1492 4948 Christus
1509 4900 1611 4960 est,
1637 4894 1690 4948 in
1710 4894 1896 4964 conju-

332 4983 473 5052 gium
509 4999 671 5039 suum
689 4985 930 5050 asciscit,
957 4984 1080 5039 licet
1109 4984 1412 5040 obtrectent
1430 4985 1896 5056 etderogentlilia:

333 5070 680 5144 Hierusalem,
693 5077 848 5147 plebs
869 5076 1074 5132 scilicet
1101 5076 1203 5133 ista
1223 5092 1347 5132 cum
1366 5077 1739 5133 sacerdotibus
1755 5078 1891 5134 suis.

394 5165 687 5224 Videamus
715 5155 897 5225 autem
931 5178 985 5224 et
1027 5184 1089 5223 ea
1136 5184 1257 5239 qua:
1287 5183 1351 5223 ex
1389 5169 1549 5224 tertio
1580 5167 1891 5241 Regnorum

332 5254 463 5313 libro
486 5259 812 5328 protulimus
840 5260 917 5316 de
947 5260 1133 5329 regina
1187 5259 1351 5325 Saba,
1386 5268 1440 5314 et
1462 5260 1580 5329 ipsa
1615 5260 1893 5316 nihilomi-

332 5363 430 5405 nus
484 5350 839 5423 Ethiopissa,
891 5353 977 5407 cui
1046 5352 1418 5408 testimonium
1477 5352 1569 5405 dat
1628 5352 1899 5408 Dominus

404 5537 478 5611 “__
505 5538 704 5611 dorem.
738 5560 926 5608 xxxix,
963 5545 1047 5609 l5,
1082 5545 1166 5608 16.
1206 5546 1293 5609 l7,
1329 5547 1416 5602 l8.
1531 5549 1573 5579 ⁸⁵
1601 5546 1764 5602 Num.
1799 5565 1897 5611 xu,
1928 5550 1982 5603 2.

2000 3057 2276 3132 Christus,
2310 3059 2406 3129 qui
2444 3067 2528 3115 est
2570 3074 2671 3129 pax
2704 3068 2908 3125 nostra,
2952 3058 3253 3114 enuntiavit
3298 3060 3346 3114 ei
3389 3061 3572 3116 omnia

2001 3149 2164 3205 verba
2199 3151 2340 3222 ejus,
2366 3160 2419 3206 et
2454 3166 2561 3205 non
2593 3160 2676 3206 est
2704 3152 2928 3206 verbum
2961 3151 3107 3222 quod
3126 3152 3373 3209 omiserit.
3402 3169 3492 3208 rex
3519 3167 3574 3209 et

1999 3257 2108 3298 non
2133 3242 2498 3298 enuntiaverit
2522 3243 2593 3298 ei.
2623 3243 2867 3314 Denique
2892 3260 3018 3301 cum
3055 3245 3167 3315 jam
3202 3254 3414 3315 tempus
3447 3262 3570 3316 pas-

2001 3334 2170 3390 sionis
2205 3336 2684 3407 appropinquaret,
2718 3337 2798 3392 sic
2835 3338 3078 3408 loquitur
3117 3338 3183 3392 ad
3212 3352 3354 3405 eam,
3381 3339 3431 3395 id
3462 3351 3573 3407 est,

1999 3426 2067 3480 ad
2098 3428 2301 3485 electos
2333 3429 2632 3500 discipulos
2660 3444 2790 3486 suos
2820 3448 2833 3485 :
2861 3428 2986 3484 Jam
3013 3445 3114 3485 non
3143 3432 3319 3486 dicam
3341 3448 3429 3487 vos
3454 3447 3569 3486 ser--

1998 3535 2108 3587 vos,
2147 3520 2239 3574 sed
2273 3523 2492 3587 amicos,
2532 3523 2659 3593 quia
2699 3540 2876 3579 servus
2917 3527 3080 3580 nescit
3113 3526 3240 3597 quid
3282 3526 3447 3595 faciat
3476 3524 3571 3578 do-

1999 3609 2174 3664 minus
2199 3611 2334 3681 ejus.
2381 3610 2495 3682 Ego
2537 3622 2715 3667 autem
2748 3625 2874 3669 nota
2914 3617 3012 3683 feci
3049 3615 3193 3669 vobis
3221 3616 3399 3670 omnia
3428 3629 3572 3684 qucr-

1996 3717 2200 3775 cunque
2219 3704 2398 3760 audivi
2418 3722 2451 3758 a
2476 3704 2631 3761 Patre
2658 3723 2769 3761 meo
2786 3706 2851 3762 ".
2882 3706 2973 3763 Sic
2992 3721 3122 3776 ergo
3148 3705 3402 3776 impletur
3426 3707 3568 3776 quod

1997 3799 2155 3864 dixit,
2180 3802 2306 3870 quia
2330 3815 2438 3854 non
2463 3798 2627 3854 fuerit
2655 3801 2881 3855 verbum
2907 3800 3049 3868 quod
3081 3814 3186 3852 non
3210 3798 3574 3854 enuntiaverit

1996 3889 2257 3960 paciﬁcus
2284 3889 2552 3945 Dominus
2587 3890 2797 3960 regina!
2821 3888 2977 3943 Saba:
2999 3889 3068 3954 ",
3099 3887 3151 3943 id
3183 3895 3286 3956 est,
3319 3888 3573 3945 Ecclesiae

2000 3995 2062 4035 ex
2089 3980 2339 4050 gentibus
2370 3987 2728 4050 congregatae.
2757 3977 2913 4045 Quod
2942 3978 2986 4033 si
3024 3977 3285 4035 intuearis
3312 3977 3570 4035 Ecclesiae

1999 4081 2225 4130 statum,
2260 4078 2313 4122 et
2343 4070 2776 4130 dispensationes
2805 4069 2925 4138 ejus
2948 4070 3426 4139 ordinationesque
3452 4070 3571 4139 ejus

2002 4158 2340 4221 consideres,
2391 4164 2520 4212 tunc
2548 4156 2797 4213 advertes
2830 4158 3104 4228 quomodo
3145 4158 3329 4229 regina
3376 4159 3568 4214 mirata

2000 4250 2072 4305 sit
2094 4264 2309 4305 omnem
2337 4247 2672 4319 prudentiam
2699 4247 3027 4305 Salomonis.
3057 4247 3229 4304 Simul
3251 4258 3299 4304 et
3329 4251 3567 4320 require,

1999 4357 2098 4398 cur
2146 4356 2255 4397 non
2305 4340 2504 4396 dixerit
2546 4356 2761 4397 omnem
2814 4342 3156 4414 sapientiam,
3207 4343 3301 4399 sed
3349 4355 3566 4399 omnem

1998 4435 2338 4505 prudentiam
2386 4434 2728 4501 Salomonis;
2785 4437 3043 4506 quoniam
3102 4435 3320 4505 quidem
3369 4434 3570 4490 eruditi

2000 4528 2099 4582 viri
2139 4529 2481 4598 prudentiam
2535 4530 2602 4585 de
2648 4529 2904 4585 humanis
2943 4528 3197 4599 negotiis,
3241 4527 3562 4597 sapientiam

2000 4620 2068 4676 de
2087 4621 2287 4676 divinis
2310 4621 2533 4693 intelligi
2562 4623 2768 4677 volunt.
2797 4620 3005 4676 Idcirco
3028 4619 3278 4678 fortassis
3301 4632 3355 4678 et
3382 4622 3567 4679 Eccle-

2002 4713 2082 4767 sia
2108 4727 2256 4768 nunc
2291 4712 2508 4768 interim
2537 4712 2741 4768 Christi
2782 4711 3124 4782 prudentiam
3155 4713 3406 4781 miratur,
3435 4714 3566 4770 dum

2002 4806 2056 4860 in
2084 4805 2245 4860 terris
2271 4813 2356 4861 est
2384 4812 2436 4860 et
2459 4804 2600 4859 inter
2624 4803 2873 4859 homines
2910 4816 3280 4860 conversatur.
3307 4804 3445 4859 Cum
3460 4821 3569 4860 au-

1999 4905 2107 4951 tem
2136 4896 2345 4950 venerit
2372 4894 2513 4966 quod
2546 4894 2846 4963 perfectum
2876 4903 2981 4962 est,
3015 4904 3069 4951 et
3099 4868 3165 4952 de
3195 4896 3357 4952 terris
3389 4904 3570 4951 trans-

1997 4988 2104 5043 lata
2134 4987 2298 5042 fuerit
2343 4988 2410 5042 ad
2441 4987 2660 5054 cretum,
2697 4998 2827 5041 tunc
2856 4986 3060 5042 videbit
3092 5002 3308 5043 omnem
3351 4989 3570 5057 sapien-

1998 5081 2129 5135 tiam
2158 5079 2297 5150 ejus,
2328 5094 2451 5133 cum
2476 5078 2588 5148 jam
2622 5092 2731 5132 non
2762 5092 2858 5147 per
2883 5079 3140 5148 speciem,
3187 5093 3295 5133 non
3320 5093 3417 5147 per
3437 5078 3571 5133 teni—

1998 5181 2202 5242 gmata,
2243 5171 2336 5226 sed
2382 5167 2522 5223 facie
2570 5168 2637 5223 ad
2679 5166 2872 5224 faciem
2900 5171 2968 5224 de
2997 5170 3224 5240 singulis
3262 5169 3571 5239 quibusque

2002 5264 2290 5335 perspiciet
2316 5262 2381 5318 "°.
2412 5262 2561 5317 Vidit
2590 5271 2768 5318 autem
2807 5270 2861 5317 et
2897 5261 3114 5317 domum
3140 5276 3305 5331 quam
3335 5259 3571 5315 :ediﬂca-

2002 5355 2098 5420 vit,
2136 5357 2254 5409 sine
2283 5352 2450 5408 dubio
2484 5350 2874 5407 incarnationis
2897 5351 3017 5421 ejus
3045 5350 3319 5421 mysteria.
3345 5347 3461 5421 ipsa
3488 5359 3571 5406 rst
3646 5423 3651 5428 .

2077 5548 2373 5602 πωλεῖ.
2471 5546 2513 5577 σι
2546 5545 2758 5614 ihid.6,
2802 5548 2855 5613 7,
2889 5545 2941 5599 8.
3047 5544 3567 5611 "stant..xn,ta.

335 5605 541 5667 "sum.
614 5611 837 5667 “Joan.
872 5605 965 5680 xv,
998 5605 1085 5677 tt,
1122 5605 1212 5669 1'5.
1283 5605 1679 5691 "tum-3.x.
1756 5605 1901 5674 uti

2002 5661 2014 5675 .
2043 5634 2166 5687 xur,
2202 5618 2286 5673 1‘2.

645 5704 912 5764 Parum.
962 5707 1081 5788 Gn,
1117 5707 1286 5771 Xlll.

3218 5714 3255 5765 ιι

4100 4580 4121 4729 ὃ

4112 5146 4127 5219 ‘~.

4166 5360 4199 5469 ἡ
