4236 6282
583 294 683 351 107

1643 287 1965 346 ORIGENIS
2000 286 2066 342 IN
2101 282 2456 344 CANTICUM
2492 282 2762 338 CANTlC.

3723 283 3825 340 lOS

576 412 723 466 enim
749 409 946 467 domus
967 423 1129 480 quam
1158 408 1441 465 aediﬁcavit
1473 407 1576 464 eibi
1607 409 1889 480 sapientia.
1920 408 2066 464 Vidit
2091 416 2144 463 et
2177 410 2220 466 Α
2249 406 2356 461 snit
2381 415 2432 460 te
2465 421 2643 475 regem
2675 417 2836 473 super
2863 416 3009 458 eum.
3036 401 3248 468 Quem?
3271 400 3568 460 Paciﬁcum
3593 402 3711 459 sine
3735 406 3834 460 du-

575 502 730 558 cibos
775 501 1106 558 Salomonis.
1161 502 1284 555 Illos
1333 507 1464 570 puto
1521 500 1588 556 de
1639 501 1838 570 quibus
1881 501 2140 556 dicebat:

580 591 729 648 Meus
763 592 911 647 cibus
935 600 1031 656 est,
1059 600 1115 644 ut
1139 590 1335 660 faciam
1367 590 1693 645 voluntatem
1735 591 1848 660 ejus
1881 591 1970 662 qui
2002 592 2147 645 misit

577 697 679 748 me,
714 690 771 734 ut
798 681 1067 750 perﬁciam
1095 694 1222 748 opus
1249 678 1362 748 ejus
1382 679 1448 734 ⁸⁷.
1494 679 1638 735 Vidit
1660 686 1714 734 et
1743 681 1926 734 sedem
1950 695 2149 750 puero-

576 787 699 826 rum
725 771 863 841 ejus.
893 767 1334 826 Eeelesiastieum
1358 778 1490 840 puto
1524 770 1770 826 ordinem
1799 770 1950 837 dicit,
1975 772 2068 842 qui
2091 773 2146 826 in

575 863 917 934 episcopatus
945 861 1031 916 vel
1058 862 1376 934 presbyterii
1399 861 1621 918 sedibus
1647 863 1896 919 habetur.
1926 862 2073 920 Vidit
2095 872 2150 919 et

576 952 966 1017 ordinationes,
999 951 1114 1008 sive
1143 953 1407 1009 stationes
1435 953 1812 1010 ministrorum
1845 955 1988 1026 ejus.
2023 955 2150 1010 Dia-

555 1060 857 1111 conorum,
891 1053 951 1098 ut
974 1045 1363 1112 mihividetur,
1399 1046 1647 1102 ordinem
1678 1056 1947 1104 memorat
1969 1056 2149 1103 astan-

575 1139 711 1194 tium
759 1137 948 1194 divino
992 1138 1316 1194 ministerio.
1363 1135 1470 1192 Sed
1513 1149 1568 1194 et
1612 1146 1791 1195 vestes
1836 1139 1952 1208 ejus
1993 1140 2146 1196 vidit.

574 1229 700 1285 Illas
729 1229 893 1285 credo
924 1229 1125 1299 quibus
1171 1227 1350 1283 induit
1390 1243 1504 1296 eos,
1545 1227 1614 1284 de
1659 1229 1858 1298 quibus
1897 1229 2097 1284 dicitur
2131 1247 2144 1284 :

575 1322 884 1392 Quicunque
906 1330 1083 1376 autem
1105 1322 1161 1375 in
1184 1319 1395 1376 Christo
1424 1320 1683 1390 baptizati
1711 1321 1857 1386 estis,
1880 1317 2150 1374 Christum

574 1414 825 1468 induistis
852 1413 920 1468 ⁸⁸.
959 1411 1066 1468 Sed
1095 1421 1149 1468 et
1183 1411 1292 1466 vini
1329 1411 1542 1467 fusores
1575 1411 1718 1481 ejus,
1756 1410 1994 1466 arbitror
2043 1410 2150 1465 dici

577 1505 849 1568 doctores,
881 1503 973 1573 qui
1005 1501 1242 1557 Verbum
1272 1500 1366 1556 Dei
1388 1511 1441 1557 et
1461 1500 1764 1556 doctrinam
1787 1501 1945 1572 quasi
1963 1500 2149 1556 vinum

553 1595 792 1666 populis
843 1595 1096 1658 miscent,
1145 1593 1291 1664 quod
1333 1592 1644 1648 auditorum
1687 1593 1851 1648 corda
1897 1592 2148 1649 laetiﬁcet.

580 1687 724 1742 Vidit
754 1695 809 1742 et
837 1686 1153 1742 holocausta
1177 1686 1316 1757 ejus,
1349 1685 1660 1740 orationum
1686 1685 1804 1741 sine
1826 1685 1993 1741 dubio
2017 1699 2149 1755 sup-

577 1778 1040 1850 plicationumque
1070 1778 1347 1850 mysteria.
1373 1775 1500 1832 Haec
1526 1791 1656 1848 ergo
1688 1777 1870 1831 omnia
1901 1776 1989 1831 ubi
2019 1775 2152 1831 vidit

575 1870 631 1924 in
667 1869 831 1924 domo
871 1870 1014 1938 regis
1044 1867 1278 1938 paciﬁci,
1327 1867 1440 1924 imo
1483 1867 1712 1933 Christi,
1763 1868 1915 1937 nigra
1944 1866 2062 1922 haec
2092 1875 2150 1923 et

573 1960 820 2016 formosa
847 1959 1149 2030 obstupuit,
1182 1966 1236 2014 et
1257 1959 1333 2013 ait
1364 1954 1432 2014 ad
1461 1973 1585 2014 eum
1615 1975 1630 2013 :
1675 1956 1839 2012 Verus
1867 1967 1944 2012 est
1977 1973 2148 2012 sermo

572 2068 725 2123 quem
754 2052 935 2107 audiui
963 2052 1016 2106 in
1048 2060 1190 2105 terra
1229 2065 1343 2104 mea
1375 2051 1438 2104 de
1469 2050 1620 2104 verbo
1650 2057 1740 2104 tuo
1759 2059 1808 2104 et
1829 2050 1894 2103 de
1919 2050 2150 2118 pruden-

575 2145 653 2196 tia
683 2152 774 2196 tua
791 2143 858 2196 ⁸⁵.
887 2141 1115 2212 Propter
1146 2139 1296 2196 enim
1327 2141 1552 2195 verbum
1583 2150 1737 2196 tuum
1770 2140 1915 2211 quod
1951 2140 2148 2211 agnovi

573 2248 758 2290 verum
792 2247 914 2288 esse
935 2233 1180 2298 verbum,
1197 2232 1319 2287 veni
1347 2231 1414 2287 ad
1445 2240 1514 2286 te.
1539 2230 1733 2285 Omnia
1760 2231 1958 2286 etenim
1984 2230 2148 2285 verba

571 2339 696 2395 quae
725 2323 861 2378 mibi
881 2323 1220 2388 dicebantur,
1250 2331 1304 2378 et
1337 2337 1459 2392 quae
1487 2322 1795 2388 audiebam,
1825 2336 1950 2377 cum
1969 2335 2147 2376 essem

575 2415 631 2468 in
663 2424 806 2470 terra
846 2430 987 2482 mea,
1016 2430 1048 2469 a
1079 2414 1395 2469 doctoribus
1429 2413 1635 2469 scilicet
1671 2413 1854 2468 surculi
1887 2421 1943 2467 et
1971 2412 2148 2482 philo-

573 2503 783 2573 s0phis,
818 2517 926 2557 nou
963 2512 1119 2558 erant
1143 2518 1294 2559 vera.
1320 2503 1471 2558 lstud
1497 2513 1580 2558 est
1608 2503 1785 2558 solum
1811 2516 1994 2555 verum
2030 2513 2149 2554 ver-

462 2595 466 2598 ⁴
517 2640 519 2642 η
577 2598 700 2653 ι›ιιιιι
733 2594 878 2664 quod
915 2602 1000 2650 est
1039 2595 1094 2648 in
1129 2604 1199 2649 te.
1235 2594 1341 2649 Sed
1370 2593 1621 2648 fortassis
1677 2589 2035 2660 quaerendum
2067 2590 2147 2645 vi-

569 2685 807 2753 debitur,
848 2686 1124 2755 quomodo
1164 2685 1312 2738 dicat
1348 2683 1460 2752 regi
1497 2682 1687 2752 regina
1713 2681 1850 2746 huic,
1875 2679 2004 2751 quia
2033 2695 2144 2735 non

569 2777 773 2832 credidi
803 2775 889 2829 his
923 2790 1048 2841 quae
1079 2773 1396 2827 dicebantur
1424 2772 1562 2826 mihi
1591 2773 1657 2826 de
1695 2782 1766 2840 te,
1804 2786 1928 2826 cum
1955 2773 2145 2842 utique

2254 497 2364 550 bio.
2392 495 2646 551 Christus
2671 497 2817 550 enim
2842 503 2926 551 est
2951 508 3057 564 pax
3086 501 3298 558 nostra,
3325 495 3418 564 qui
3451 494 3581 550 fecit
3604 503 3835 566 utraque

2255 603 2449 653 unum,
2471 597 2526 642 et
2553 587 2792 643 medium
2815 589 3076 658 parietem
3101 587 3248 658 scpis
3274 587 3458 644 solvit.
3486 585 3548 642 Et
3570 596 3694 657 post
3721 589 3834 644 bare

2249 680 2454 744 omnia,
2473 679 2641 745 dedit,
2671 678 2864 749 inquit,
2897 685 3104 733 centum
3128 679 3313 749 viginti
3341 677 3544 732 talenta
3573 682 3696 734 auri
3727 683 3837 750 regi

2251 768 2530 825 Salomoni
2555 769 2602 802 “
2633 771 2826 840 regina
2863 767 3027 824 Saba.
3061 767 3335 825 Numerus
3373 769 3464 824 hic
3499 785 3603 825 cx-x
3641 785 3836 826 consc-

2249 873 2436 920 cratus
2463 871 2546 918 est
2575 862 2700 918 vita:
2732 861 3016 918 hominum
3043 875 3235 917 eorum
3259 861 3356 933 qui
3383 860 3603 919 fuerunt
3631 862 3686 918 in
3712 863 3830 919 die-

2247 955 2351 1011 bus
2381 953 2719 1027 “Nec”,
2771 954 2969 1023 quibus
3015 954 3157 1011 istud
3217 954 3533 1011 conceditur
3591 954 3829 1026 spatium

2250 1047 2375 1102 vitae
2409 1089 2425 1114 ,
2476 1062 2587 1117 quo
2646 1046 2948 1100 invitantur
2995 1045 3060 1100 ad
3109 1047 3510 1116 paenitentiam.
3559 1045 3680 1118 Ipse
3731 1063 3834 1102 au-

2250 1144 2358 1192 tem
2409 1153 2674 1193 numerus
2715 1151 2984 1192 annorum
3029 1145 3084 1192 et
3108 1137 3284 1208 Moysi
3319 1131 3444 1193 vitae
3491 1137 3612 1194 fuit.
3662 1136 3832 1194 Otl'ert

2250 1244 2381 1301 ergo
2439 1228 2660 1284 Christo
2716 1227 2958 1284 Ecclesia
3006 1227 3062 1290 in
3107 1227 3227 1282 auri
3273 1228 3454 1298 specie
3499 1237 3554 1284 et
3593 1227 3832 1299 pondere

2251 1336 2361 1377 non
2411 1321 2585 1377 solum
2631 1318 3031 1375 multitudinem
3072 1333 3333 1374 sensuum
3371 1335 3598 1375 suorum
3636 1328 3690 1375 et
3736 1319 3826 1373 in-

2251 1410 2584 1474 tellectuum,
2617 1410 2713 1465 sed
2752 1410 2855 1480 legi
2883 1408 2974 1464 Dei
3009 1418 3360 1465 consecratos
3393 1409 3598 1465 indicat
3633 1425 3831 1466 sensus

2252 1517 2384 1558 suos
2411 1515 2507 1571 per
2536 1501 2681 1555 hunc
2720 1501 2816 1571 qui
2846 1499 3016 1571 Moysi
3068 1514 3243 1555 annos
3271 1499 3397 1555 vitae
3443 1502 3686 1557 continet
3722 1515 3832 1557 nu-

2253 1609 2486 1649 merum.
2547 1591 2716 1650 Oﬂ’ert
2764 1591 2926 1649 etiam
2978 1592 3274 1648 suavitates
3320 1592 3828 1662 odoramentorum,

2257 1685 2447 1755 quales
2473 1695 2528 1741 et
2555 1692 2773 1755 quanta:
2800 1700 3079 1755 nunquam
3110 1693 3392 1742 venerant.
3423 1683 3520 1741 Vel
3553 1685 3830 1740 orationes

2252 1779 2307 1834 in
2338 1779 2461 1860 hoc,
2493 1777 2578 1833 vel
2611 1791 2775 1848 opera
2805 1776 3193 1833 misericordiae
3241 1776 3500 1846 intellige.
3533 1775 3822 1847 Nunquam

2251 1871 2394 1926 enim
2429 1869 2513 1924 vel
2543 1876 2652 1924 tam
2681 1875 2828 1924 recte
2857 1877 3130 1934 oraverat,
3166 1875 3228 1922 ut
3257 1882 3402 1922 nunc
3432 1883 3556 1922 eum
3594 1868 3829 1923 accessit

2251 1961 2319 2015 ad
2354 1959 2655 2027 Christum,
2695 1959 2780 2014 vel
2816 1966 2926 2014 tam
2971 1959 3059 2030 pie
3090 1968 3310 2030 operata
3360 1958 3556 2025 fuerat,
3603 1968 3663 2015 ut
3699 1976 3823 2016 cum

2252 2049 2510 2122 cognovit
2532 2048 2802 2120 justitiam
2827 2064 2983 2106 suam
3013 2064 3122 2104 non
3152 2048 3332 2106 facere
3369 2065 3554 2106 coram
3589 2051 3826 2106 homini-

2253 2139 2381 2205 bus,
2424 2138 2520 2193 sed
2559 2152 2745 2193 coram
2783 2136 2942 2194 Patre
2973 2139 3066 2209 qui
3105 2139 3252 2195 videt
3289 2139 3345 2194 in
3384 2141 3733 2205 abscondito,
3776 2150 3831 2196 et

2251 2231 2440 2285 reddet
2470 2231 2649 2300 palam
2679 2230 2744 2284 “.
2794 2229 2901 2285 Sed
2941 2231 3173 2286 multum
3221 2240 3305 2287 est
3345 2232 3536 2290 alienis
3585 2233 3642 2287 in
3693 2233 3829 2289 locis

2249 2321 2414 2376 simul
2441 2321 2692 2376 universa
2722 2321 2973 2392 persequi
3008 2325 3140 2388 haec,
3166 2337 3287 2393 quae
3319 2325 3615 2378 testimonii
3647 2324 3820 2395 gratia

2247 2412 2500 2466 videntur
2538 2421 2838 2481 assumpta.
2895 2410 3175 2466 Sufﬁciam
3221 2413 3323 2466 ista
3370 2412 3438 2468 de
3485 2415 3645 2469 tertio
3688 2415 3828 2470 libro

2250 2502 2586 2572 Regnorum.

2321 2589 2619 2646 Videamus
2669 2588 2855 2659 aliqua
2899 2603 2967 2643 ex
3018 2589 3104 2646 his
3131 2605 3251 2662 qua:
3297 2589 3366 2648 de
3411 2608 3560 2648 van
3612 2593 3828 2664 psalmo

2243 2680 2593 2752 protulimus,
2616 2679 2708 2734 ubi
2751 2680 2858 2735 ait:
2882 2678 3164 2751 ZEthiopia
3189 2684 3468 2752 prteveniet
3494 2700 3682 2740 manus
3713 2687 3828 2756 ejus

2251 2774 2358 2829 Deo
2397 2773 2463 2829 ⁸⁷.
2532 2770 2590 2828 Si
2651 2771 2796 2828 enim
2865 2773 3130 2830 intuearis
3180 2776 3457 2845 quomodo
3513 2791 3579 2832 ex
3629 2776 3828 2834 delicto

572 2880 681 2920 non
713 2863 949 2919 venisset
979 2863 1045 2918 ad
1076 2860 1508 2928 Cbristum,nisi
1529 2860 1868 2917 credidisset.
1895 2860 2002 2917 Sed
2023 2861 2145 2917 vide
2242 2861 2406 2919 Israel
2452 2862 2522 2920 sit
2572 2861 2722 2917 salus
2768 2862 3042 2933 gentibus,
3085 2873 3139 2919 et
3177 2865 3322 2935 quod
3375 2865 3592 2921 illorum
3639 2867 3827 2938 lapsus

569 2957 617 3014 si
641 2968 935 3025 possumus
971 2954 1074 3008 hoc
1109 2954 1269 3009 modo
1311 2953 1521 3010 solvere
1563 2955 1711 3024 quod
1740 2954 1982 3024 ponitur.
2017 2952 2142 3008 Non
2243 2954 2556 3011 introeundi
2611 2953 2756 3009 viam
2815 2955 3130 3010 nationibus
3174 2956 3354 3022 dedit,
3391 2957 3639 3015 advortes
3683 2975 3822 3030 quo-

569 3047 658 3112 iis,
684 3045 877 3117 inquit,
909 3046 1112 3101 credidi
1127 3047 1218 3117 qui
1241 3045 1591 3116 loquebantur
1614 3046 1743 3099 mihi
1757 3046 1824 3100 ⁶⁰.
1850 3043 1970 3100 Non
1992 3044 2138 3101 etaim
2169 3072 2211 3132 ρ
2243 3048 2408 3104 modo
2455 3046 2715 3118 praevenit
2745 3055 2798 3103 et
2842 3047 3100 3116 praecedit
3123 3044 3419 3118 Ethiopias
3456 3065 3652 3105 manus
3672 3091 3688 3118 ,
3725 3050 3826 3106 hoc

572 3139 732 3194 tidem
755 3153 932 3194 meam
973 3139 1027 3194 in
1065 3139 1187 3194 illos
1219 3139 1312 3208 qui
1343 3139 1510 3193 locuti
1537 3146 1666 3194 sunt
1696 3138 1763 3193 de
1791 3146 1866 3201 te,
1889 3138 1984 3194 sed
2013 3137 2066 3193 in
2092 3145 2144 3194 te

569 3230 766 3295 direxi,
800 3231 853 3285 id
883 3238 968 3286 est
997 3245 1104 3285 non
1137 3229 1472 3294 hominibus,
1519 3229 1616 3285 sed
1646 3228 1743 3284 tibi
1779 3229 1983 3285 credidi
2011 3229 2141 3286 Deo.

572 3319 637 3374 Et
673 3335 767 3391 per
791 3319 913 3376 illos
940 3320 1159 3390 quidem
1181 3319 1385 3387 audivi,
1415 3318 1485 3374 ad
1511 3327 1564 3374 te
1586 3325 1769 3374 autem
1788 3320 1937 3386 veni,
1967 3328 2021 3375 et
2047 3320 2145 3376 tibi

569 3411 796 3476 credidi,
827 3412 968 3482 apud
997 3423 1158 3480 quem
1185 3409 1358 3464 multo
1382 3409 1538 3479 plura
1563 3408 1818 3464 viderunt
1840 3409 1988 3465 oeuli
2013 3409 2142 3477 mei,

571 3517 736 3574 quam
769 3501 1233 3556 annuntiabantur
1255 3500 1411 3554 mihi.
1448 3499 1656 3556 Revera
1693 3501 1842 3557 enim
1865 3516 1989 3556 cum
2021 3515 2146 3571 per-

570 3595 779 3652 venerit
817 3595 972 3666 nigra
1012 3593 1126 3648 haec
1157 3602 1213 3648 et
1239 3591 1480 3648 formosa
1506 3593 1562 3647 in
1594 3591 1934 3648 Hierusalem
1980 3593 2146 3650 coale-

569 3694 731 3752 stcm,
755 3692 809 3739 et
835 3683 1080 3753 ingressa
1108 3680 1274 3736 fuerit
1296 3680 1561 3736 visionem
1585 3679 1758 3750 pacis,
1787 3679 1962 3735 multo
1990 3680 2147 3749 plura

568 3784 624 3830 et
663 3769 1133 3844 magniﬁcentiora
1179 3782 1342 3839 quam
1376 3782 1524 3823 nunc
1556 3768 1606 3822 ei
1640 3774 1769 3823 sunt
1801 3767 2144 3835 annuntiata,

568 3864 879 3935 perspiciet.
909 3859 1067 3917 Nune
1094 3861 1241 3917 enim
1281 3868 1543 3928 tanquam
1577 3859 1632 3912 in
1663 3857 1887 3927 speculo
1922 3865 1975 3912 et
2008 3856 2147 3912 aeni-

569 3963 770 4023 gmate,
802 3962 934 4008 tunc
963 3960 1141 4007 autem
1178 3949 1381 4004 videbit
1418 3947 1557 4003 facie
1594 3947 1662 4002 ad
1704 3946 1896 4003 faciem
1918 3946 1986 4012 ⁴¹,
2020 3961 2147 4001 cum

572 4057 936 4115 consequetur
961 4059 1024 4100 ea
1055 4059 1177 4112 quae
1199 4042 1391 4098 oculus
1415 4055 1524 4102 non
1551 4039 1707 4108 vidit,
1747 4055 1847 4094 nec
1877 4039 2024 4094 auris
2044 4054 2147 4094 au-

570 4137 726 4200 divit,
758 4151 859 4192 nec
887 4135 942 4190 in
977 4148 1074 4190 cor
1107 4133 1342 4188 hominis
1378 4131 1760 4188 ascenderunt.
1797 4129 1860 4184 Et
1895 4140 2028 4185 tunc
2067 4129 2149 4184 vi-

574 4227 743 4294 debit,
779 4226 906 4297 quia
931 4239 1031 4281 nec
1061 4225 1322 4279 medietas
1355 4238 1545 4279 eorum
1567 4231 1670 4288 est,
1695 4236 1817 4292 quae
1849 4221 2057 4277 audivit
2093 4221 2148 4276 in

569 4324 671 4373 hac
698 4333 797 4373 sua
828 4328 971 4372 terra
1001 4319 1196 4388 posita.
1235 4315 1413 4370 Beata:
1444 4329 1575 4385 ergo
1603 4325 1730 4370 sunt
1751 4315 2009 4370 mulieres
2048 4311 2148 4368 Sa-

2244 3149 2329 3198 est
2354 3140 2595 3211 gentium
2635 3139 2892 3209 populus,
2925 3137 3048 3193 illos
3084 3138 3151 3192 ad
3181 3137 3373 3208 Deum,
3404 3140 3605 3210 quibus
3631 3141 3823 3211 primis

2242 3233 2370 3290 data
2401 3239 2530 3288 sunt
2563 3231 2779 3301 eloquia
2811 3230 2927 3296 Dei,
2967 3238 3023 3286 et
3066 3230 3121 3285 in
3147 3229 3252 3286 hoc
3279 3231 3539 3301 compleri
3567 3231 3822 3286 :Ai‘thioo

2243 3325 2333 3394 pia
2361 3323 2638 3394 preveniet
2673 3338 2863 3376 manus
2887 3322 3000 3391 ejus
3030 3319 3174 3387 Deo;
3221 3331 3275 3378 et
3305 3322 3364 3377 fit
3387 3322 3539 3394 nigra
3574 3325 3674 3380 ista
3706 3323 3825 3379 for-

2246 3429 2422 3478 mosa,
2463 3412 2678 3468 etiamsi
2728 3413 2960 3480 nolunt,
3007 3412 3223 3468 etiamsi
3274 3413 3515 3470 invident
3548 3423 3602 3470 et
3646 3416 3832 3472 obtre-

2245 3513 2397 3559 ctant
2439 3503 2563 3558 filiae
2589 3501 2949 3559 Hierusalem.
3003 3501 3108 3559 Sed
3161 3513 3215 3560 et
3246 3507 3524 3576 prophetae
3571 3508 3814 3564 testimo-

2247 3595 2398 3649 nium
2429 3595 2574 3664 quod
2615 3595 2900 3666 posuimus
2922 3635 2936 3661 ,
2973 3595 3066 3650 ubi
3099 3597 3631 3667 suscepit-Dominus
3659 3600 3825 3654 etiam

2244 3702 2340 3743 eos
2367 3687 2460 3756 qui
2505 3687 2732 3743 veniunt
2773 3687 2839 3742 de
2891 3688 3026 3744 locis
3057 3705 3177 3759 quae
3225 3698 3354 3744 sunt
3406 3689 3547 3744 ultra
3600 3691 3827 3747 ﬁumina

2247 3776 2574 3848 JEtbiopum
2601 3777 2666 3843 ⁸⁸,
2697 3787 2753 3833 et
2789 3777 3024 3833 aﬁ‘erunt
3058 3778 3268 3834 hostias
3295 3777 3428 3846 Deo,
3464 3779 3626 3835 simili
3661 3795 3825 3836 sensu

2249 3869 2642 3924 advertendum
2671 3875 2823 3938 puto.
2860 3865 3088 3922 Videtur
3118 3867 3264 3922 enim
3300 3867 3435 3922 mihi
3455 3909 3470 3934 ,
3504 3869 3651 3938 quod
3682 3869 3825 3924 ultra
3853 3867 3859 3872 ’

2247 3958 2470 4014 ﬂumina
2504 3957 2795 4029 Ethiopian
2826 3972 2950 4015 esse
2998 3957 3202 4014 dicitur
3248 3958 3374 4025 ille,
3414 3959 3507 4029 qui
3560 3959 3744 4014 nimiis
3771 3972 3826 4015 et

2249 4050 2820 4122 superabundantibus
2867 4050 3104 4119 peccatis
3148 4050 3458 4107 infuscatus
3496 4059 3599 4116 est,
3625 4060 3679 4106 et
3703 4063 3825 4109 atro

2250 4141 2473 4198 malitiae
2505 4140 2632 4197 fuco
2659 4139 2892 4196 infectus
2921 4141 3074 4211 niger
3100 4149 3154 4195 et
3180 4141 3554 4198 tenebricosus
3579 4149 3665 4197 est
3699 4143 3824 4199 red-

2250 4232 2432 4300 ditus;
2472 4239 2527 4286 et
2573 4240 2754 4286 tamen
2798 4245 2868 4284 ne
2893 4229 2993 4285 hos
3027 4230 3249 4299 quidem
3299 4230 3508 4299 repellit
3538 4229 3823 4296 Dominus,

2252 4321 2346 4378 sed
2390 4335 2582 4377 omnes
2618 4320 2712 4390 qui
2764 4319 3030 4374 sacrificia
3096 4317 3445 4372 eontribulati
3497 4321 3719 4388 spiritus
3769 4329 3826 4374 et

567 4408 825 4469 lomonis,
861 4408 1059 4460 animm.
1090 4405 1210 4458 sine
1239 4405 1407 4458 dubio
1439 4419 1560 4472 quae
1595 4403 1753 4458 Verbi
1783 4404 1878 4458 Dei
1909 4414 1963 4459 et
1989 4405 2144 4473 pacis
2174 4416 2221 4470 ι)
2246 4411 2520 4466 humiliati
2556 4411 2739 4466 cordis
2779 4411 3014 4465 otl'erunt
3043 4406 3174 4475 Deo,
3207 4406 3570 4465 confessionis
3613 4411 3823 4465 scilicet

567 4498 689 4568 ejus
727 4495 1018 4567 participes
1048 4493 1206 4548 ﬁunt.
1246 4491 1394 4546 Beati
1423 4492 1578 4561 pueri
1604 4493 1724 4562 ejus
1755 4495 1847 4562 qui
1877 4495 2146 4550 assistunt

567 4591 621 4643 in
647 4597 940 4660 conspectu
971 4585 1091 4656 ejus
1113 4597 1349 4652 semper.
1375 4581 1492 4635 Non
1516 4581 1592 4635 illi
1616 4582 1708 4651 qui
1736 4583 2030 4652 aliquando
2055 4599 2146 4640 as-

565 4679 786 4742 sistunt,
831 4686 884 4732 et
913 4673 1210 4744 aliquando
1243 4687 1348 4726 non
1393 4669 1680 4734 assistunt,
1730 4671 1825 4726 sed
1866 4674 1958 4742 qui
2001 4687 2146 4728 sem-

565 4782 683 4839 per,
717 4776 770 4820 et
801 4766 918 4820 sine
946 4762 1352 4819 intermissione
1385 4760 1651 4816 assistunt
1675 4758 1852 4816 Verbo
1880 4761 1995 4828 Dei,
2019 4779 2146 4819 vere

565 4861 704 4918 beati
732 4869 877 4916 sunt.
903 4856 1051 4911 Talis
1079 4865 1195 4910 erat
1215 4866 1268 4911 et
1289 4857 1378 4910 illa
1400 4855 1570 4910 Maria
1597 4872 1720 4926 quae
1741 4857 1964 4914 sedebat
1986 4873 2144 4915 secus

567 4953 730 5026 pedes
759 4948 912 5008 Jesu.
957 4957 1013 5004 et
1056 4947 1316 5002 audiebat
1349 4963 1496 5013 eum,
1536 4948 1623 5003 cui
1664 4957 1719 5004 et
1772 4949 2145 5006 testimonium

563 5043 798 5101 reddidit
831 5040 948 5111 ipse
973 5038 1262 5101 Dominus,
1301 5037 1489 5094 dicens
1520 5039 1586 5094 ad
1627 5038 1892 5096 Martbam
1925 5059 1939 5097 :
1966 5040 2145 5096 Maria

535 5119 815 5208 foptimam
848 5143 1052 5204 partem
1084 5129 1259 5200 elegit,
1286 5146 1403 5200 qua:
1437 5148 1544 5184 non
1579 5132 1854 5203 auferetur
1897 5133 1961 5187 ab
1989 5149 2051 5188 ea
2073 5133 2139 5190 ⁶¹.

531 5203 754 5286 ⁴Ᾰόιιιιιι
777 5203 932 5296 nigra
959 5223 1074 5277 haec
1099 5230 1152 5275 et
1169 5218 1406 5277 formosa
1421 5220 1553 5276 dicit
1571 5240 1584 5277 :
1601 5221 1920 5279 Benedictus
1934 5225 2025 5293 qui
2043 5240 2138 5280 υο-

565 5324 662 5378 luit
681 5322 807 5376 dare
822 5328 871 5373 te
886 5330 1041 5384 super
1061 5313 1233 5368 sedem
1257 5311 1430 5368 Israel
1455 5313 1518 5368 ⁸³.
1546 5313 1685 5371 Vere
1701 5316 1847 5372 enim
1864 5317 1991 5387 quia
2007 5317 2142 5372 dile-

565 5416 636 5471 xit
658 5411 920 5470 Dominus
933 5406 1122 5472 Israel,
1144 5414 1199 5462 et
1219 5403 1387 5460 voluit
1404 5411 1466 5460 ut
1476 5413 1645 5463 staret
1661 5406 1716 5463 in
1736 5415 2027 5477 aeternum,
2046 5422 2140 5478 po-

639 5566 858 5624 "Joan.
896 5580 968 5633 tv,
1003 5559 1096 5621 54.
1174 5558 1372 5636 ιομςιι.
1402 5552 1486 5636 ιιι,
1515 5545 1645 5636 27έῃ
1678 5560 1728 5636 ξ’
1763 5560 1826 5616 lll
1861 5561 1994 5636 Reg.
2024 5560 2172 5636 3L6.

1577 5629 1645 5706 f'
1668 5631 1804 5690 Gen.
1831 5647 1906 5691 v1.
1928 5629 1968 5707 _'
1995 5633 2062 5712 ﬂ“
2082 5630 2296 5706 Mattb._
2323 5645 2399 5702 vi,
2441 5629 2528 5688 l8.

566 5640 609 5671 σε
639 5641 700 5692 ιιι
733 5640 860 5709 Reg.
897 5631 1040 5709 eis.
1149 5634 1195 5670 οι
1229 5633 1358 5688 ibid.
1395 5631 1482 5688 to.

568 5712 610 5742 ‘9
631 5709 787 5765 Juan.
814 5705 896 5771 'vz,
945 5705 1034 5760 57.

2245 4516 2309 4556 ac
2337 4499 2668 4569 poenitentiae
2707 4499 2867 4555 titulo
2907 4499 2975 4553 ad
3009 4513 3132 4553 eum
3162 4498 3444 4563 conversi,
3490 4514 3598 4554 non
3649 4502 3824 4571 repel-

2243 4592 2431 4647 luntur
2463 4591 2532 4646 ab
2558 4605 2646 4646 eo.
2684 4590 2774 4645 Sic
2807 4590 2951 4646 enim
2986 4591 3246 4660 paciﬁcus
3273 4589 3403 4646 dicit
3426 4589 3690 4648 Dominus
3720 4606 3826 4646 no-

2244 4691 2356 4740 ster
2384 4701 2398 4737 :
2431 4682 2539 4753 Ego
2587 4682 2876 4737 venientem
2921 4681 2992 4734 ad
3038 4697 3116 4735 me
3163 4697 3265 4736 non
3305 4681 3498 4751 repello
3524 4683 3588 4736 ⁸³.
3635 4681 3824 4738 Potest

2244 4783 2426 4828 autem
2459 4780 2514 4828 et
2541 4772 2607 4828 de
2638 4771 2746 4826 illis
2772 4772 2976 4826 dictum
3007 4770 3200 4834 videri,
3232 4774 3378 4842 quod
3420 4773 3559 4828 ultra
3591 4773 3816 4830 ﬁumina

2243 4863 2564 4934 Ethiopum
2605 4862 2767 4932 positi
2815 4862 3031 4918 venient
3073 4863 3238 4918 etiam
3282 4864 3386 4934 ipsi
3421 4864 3490 4920 ad
3518 4864 3686 4920 Deum
3717 4867 3820 4921 bo-

2244 4954 2379 5010 stias
2420 4952 2750 5019 deferentes,
2795 4952 2888 5022 qui
2917 4961 3273 5024 posteaquam
3320 4955 3604 5012 intraverit
3643 4959 3822 5011 omnis

2240 5045 2518 5118 plenitudo
2542 5044 2806 5115 gentium,
2829 5058 2951 5114 quae
2976 5042 3294 5100 ﬂuminibus
3317 5043 3636 5114 Ethiopum
3671 5062 3823 5100 cum-

2243 5144 2490 5205 paratur,
2530 5133 2750 5189 venient
2794 5133 2957 5187 etiam
3003 5133 3126 5204 ipsi,
3175 5143 3230 5190 et
3270 5143 3401 5188 tunc
3445 5132 3628 5187 omnis
3661 5133 3824 5187 Israrl

2247 5225 2577 5287 salrabitur;
2623 5233 2677 5281 et
2718 5239 2818 5296 pro
2849 5239 2916 5281 eo
2955 5225 3096 5281 ultra
3133 5224 3358 5280 flumina
3377 5221 3698 5294 Ethiopum
3734 5225 3821 5280 di-

2245 5323 2462 5384 cantur,
2494 5314 2654 5385 quasi
2695 5314 2791 5386 qui
2826 5314 3115 5372 ulteriores
3147 5321 3201 5369 et
3225 5315 3555 5384 posteriores
3593 5313 3707 5370 sint
3734 5313 3822 5370 his

2246 5406 2458 5477 spatiis,
2493 5406 2547 5461 in
2579 5405 2780 5478 quibus
2811 5405 2984 5463 currit
3027 5413 3083 5460 et
3111 5403 3409 5461 inundatur
3445 5404 3689 5476 gentium
3726 5421 3821 5461 sa-

2282 5561 2326 5592 ⁸⁸
2357 5559 2489 5617 ibid.
2520 5561 2573 5616 7.
2617 5561 2660 5594 ⁶¹
2694 5557 2713 5613 l
2741 5558 2870 5614 Cor.
2901 5573 3026 5626 xm,
3057 5559 3155 5626 ης
3187 5575 3250 5626 tt,
3281 5557 3336 5617 9.
3411 5559 3456 5591 “
3486 5557 3620 5614 Luc.
3652 5559 3824 5626 x,42.

2640 5631 2683 5664 ⁸⁷
2710 5628 3073 5704 Ρεαμιιγιι,
3127 5629 3219 5688 3!.
3329 5631 3375 5665 “
3401 5627 3570 5703 Seph.
3603 5644 3688 5698 ιιι,
3729 5629 3819 5691 ll).
