4236 6282
339 271 432 328 {09
1645 268 1843 325 LIBER
1889 267 2273 328 SECUNDUS.
2376 310 2378 313 -
3479 279 3578 334 ‘llO

335 387 436 443 lus.
473 385 537 441 Et
578 385 647 441 ita
693 384 836 442 forte
868 385 1129 458 compleri
1165 385 1375 444 videtur
1409 386 1514 446 hoc
1554 389 1702 459 quod
1745 388 1896 454 dicit,
1928 392 1976 449 Α
2002 388 2257 446 lateribus
2299 387 2420 443 hinc
2471 396 2520 443 et
2568 389 2686 444 inde
2713 387 2777 444 ⁷⁸.
2826 388 2964 447 Puto
3013 406 3146 464 ergo
3177 392 3328 464 quod
3373 395 3573 453 harum

336 481 459 552 quia
504 481 555 533 in
594 480 679 534 die
726 480 827 534 illa
867 497 969 534 non
1003 481 1342 551 confunderis
1393 481 1573 538 omnis
1627 480 1788 538 Israel
1838 497 1904 538 ea:

336 573 568 628 omnibus
602 572 1061 628 adinventionibus
1100 575 1230 642 tuis,
1256 573 1444 644 quibus
1474 575 1634 644 impie
1663 575 1817 646 egisti
1847 577 1902 635 in

335 670 498 718 me”.

394 752 661 824 Superest
692 764 752 811 ut
792 755 924 815 illud
967 755 1366 820 testimonium,
1397 756 1543 827 quod
1575 757 1641 814 de
1665 757 1902 815 Jeremia

327 847 758 915 assumpsimus,
807 847 1132 918 explicetur,
1190 848 1285 904 ubi
1313 847 1907 906 Abdimclech'niltilo-

328 935 513 992 minus
536 935 790 1008 Ethiops
843 940 927 993 vir
960 939 1270 1006 eunuchus,
1310 953 1436 995 cum
1488 941 1730 999 audisset
1774 943 1902 1013 quia

327 1025 595 1085 leremias
623 1028 680 1084 in
707 1029 882 1086 lacum
915 1031 1117 1087 missus
1145 1040 1231 1088 est
1266 1047 1298 1086 a
1332 1031 1668 1104 principibus
1697 1036 1902 1106 populi,

325 1119 512 1177 educit
554 1133 679 1176 eum
730 1120 944 1177 inde“.
984 1121 1048 1178 Et
1077 1130 1211 1193 puto
1247 1124 1637 1180 inconveniens
1672 1141 1782 1181 non
1821 1128 1905 1181 vi-

327 1210 446 1268 deri
487 1210 535 1267 si
569 1211 839 1279 dicamus,
883 1228 1043 1283 quem
1071 1212 1346 1284 principes
1381 1213 1548 1271 Israel
1577 1215 1908 1272 condemns.

329 1311 544 1367 verunt,
563 1310 618 1360 et
645 1303 701 1359 in
725 1303 905 1359 lacum
931 1305 1125 1361 mortis
1157 1305 1442 1372 miserunt,
1471 1305 1574 1361 iste
1603 1305 1905 1377 alienigena

327 1405 381 1451 et
411 1396 661 1454 obscura:
689 1398 867 1468 gentis
890 1397 1058 1453 homo
1087 1406 1143 1454 et
1169 1398 1474 1469 degeneris,
1512 1398 1564 1454 id
1607 1407 1692 1455 est
1732 1414 1907 1471 popu—

330 1479 430 1543 lus'
461 1487 736 1558 gentium,
781 1489 966 1546 educit
1011 1501 1135 1544 eum
1166 1488 1234 1545 de
1259 1490 1380 1546 lacu
1411 1490 1626 1556 mortis,
1657 1505 1904 1548 resurre-

327 1579 564 1635 ctionem
595 1579 804 1636 scilicet
833 1580 951 1652 ejus
984 1595 1016 1636 a
1045 1582 1278 1638 mortuis
1305 1581 1552 1648 credens,
1581 1590 1636 1638 et
1673 1581 1776 1637 ﬁde
1805 1597 1905 1640 sua

334 1670 480 1726 hunc
508 1687 668 1742 quem
706 1671 784 1727 illi
817 1671 874 1728 in
911 1681 1138 1730 mortem
1192 1673 1556 1742 tradiderant,
1587 1674 1688 1731 iste
1715 1674 1783 1729 de
1821 1674 1903 1730 in-

330 1759 498 1818 fernis
525 1737 775 1818 revocat
835 1779 901 1820 ac
950 1764 1183 1824 reducit.
1245 1763 1351 1820 Sed
1401 1774 1456 1820 et
1497 1765 1780 1824 eunuchbs
1812 1765 1902 1821 hic
1934 1737 1976 1814 Β

330 1851 585 1924 lEthiops
627 1869 750 1912 esse
785 1855 1004 1924 dicitur,
1053 1856 1221 1913 credo
1269 1856 1416 1928 quod
1446 1857 1771 1914 castraverit
1816 1873 1902 1914 se-

331 1944 622 2016 metipsum
671 1955 893 2017 propter
941 1963 1168 2019 regnum
1221 1947 1350 2015 Dei,
1412 1949 1498 2005 vel
1549 1949 1713 2005 etiam
1755 1949 1902 2019 quod

329 2049 518 2090 semen
573 2037 796 2092 malitiae
834 2038 891 2092 itt
924 2039 1222 2108 semetipso
1274 2053 1386 2093 non
1431 2039 1648 2093 habeat.
1703 2037 1907 2095 Servus

333 2128 557 2194 quoque
580 2135 664 2181 est
693 2127 858 2197 regis,
889 2128 1017 2197 quia
1041 2143 1233 2183 servus
1259 2128 1476 2197 sapiens
1504 2128 1736 2198 imperat
1771 2128 1909 2184 stul-

333 2215 411 2270 tis
443 2215 697 2273 dominis.
737 2216 1123 2288 Interpretatur
1151 2227 1331 2275 autem
1351 2218 1702 2275 Abdimelech
1731 2236 1909 2274 seruus

332 2323 536 2378 regum.
572 2307 640 2364 Et
668 2309 788 2366 ideo
809 2309 1074 2367 Dominus
1111 2311 1423 2382 relinquens
1453 2312 1711 2382 populum
1745 2311 1908 2368 Israel

329 2411 433 2467 pro
479 2398 715 2467 peccatis
761 2399 900 2465 suis,
956 2401 1024 2455 ad
1046 2399 1361 2471 Ethiopem
1411 2401 1572 2457 verba
1621 2401 1823 2474 dirigit,
1855 2412 1909 2458 et

333 2488 401 2544 ad
437 2488 616 2558 ipsum
665 2489 832 2545 mittit
860 2491 1179 2561 praphetam
1213 2501 1264 2550 et
1303 2492 1407 2561 ipsi
1441 2493 1612 2548 dicit:
1651 2492 1787 2548 Ecce
1813 2511 1906 2566 ego

330 2579 539 2634 adduco
583 2579 739 2636 verba
779 2597 896 2635 mea
944 2599 1102 2654 super
1141 2584 1411 2640 ciuitatem
1460 2586 1620 2641 istam
1668 2589 1723 2642 in
1758 2590 1905 2644 mala

328 2679 382 2724 et
415 2686 520 2726 non
551 2671 607 2725 in
645 2671 821 2737 bona;
854 2679 904 2726 et
930 2672 1142 2728 saluabo
1185 2683 1234 2730 te
1270 2673 1322 2730 in
1353 2675 1438 2730 die
1474 2675 1592 2742 illa,
1627 2685 1679 2731 et
1711 2693 1816 2733 non
1855 2687 1905 2733 te

327 2759 470 2815 dabo
499 2762 553 2815 in
582 2777 770 2816 manus
800 2762 1103 2833 hominum,
1135 2765 1227 2821 sed
1263 2764 1477 2822 saluans
1514 2767 1729 2822 salvabo
1765 2780 1815 2825 te
1835 2771 1900 2823 τ’.

332 2850 541 2908 Salutis
589 2861 770 2909 autem
805 2869 975 2914 causa
1002 2857 1119 2912 haec
1150 2865 1236 2914 est
1275 2859 1347 2926 ei,
1377 2860 1506 2930 quia
1540 2860 1731 2917 eduxit
1778 2876 1906 2932 pro-

329 2943 549 3014 phetam
575 2944 641 3000 de
669 2944 812 3013 lacu,
845 2946 898 3001 id
919 2956 1024 3012 est,
1057 2948 1204 3017 quod
1231 2947 1335 3006 fide
1361 2965 1462 3006 sua
1493 2967 1602 3020 qua
1622 2951 1903 3009 Christum

327 3036 700 3094 resurrexisse
725 3037 898 3098 credit
920 3053 956 3092 ι
981 3041 1232 3106 mortuis,
1259 3041 1511 3099 eduxisse
1537 3057 1660 3099 eum
1687 3059 1756 3099 ex
1778 3043 1899 3102 lacu
1925 3062 1970 3122 α

329 3126 568 3184 videtur.
606 3125 783 3184 Habet
813 3141 942 3198 ergo
968 3129 1200 3198 plurMa
1230 3131 1539 3190 testimonia
1567 3132 1724 3190 fusca
1763 3134 1898 3202 haec,

329 3217 608 3288 velnigra,
641 3227 694 3274 et
721 3219 984 3286 formosa,
1016 3220 1292 3293 inquibus
1322 3223 1490 3281 libere
1513 3233 1662 3296 agat,
1692 3235 1748 3281 et
1775 3241 1903 3282 cum

329 3310 532 3366 ﬁducia
562 3309 707 3366 dicat
743 3310 810 3367 ad
842 3310 978 3366 tilias
1017 3309 1384 3380 Hierusalem,
1417 3314 1546 3384 quia
1587 3314 1742 3373 lusca
1780 3331 1904 3374 sum

328 3402 575 3474 quidem,
605 3402 689 3458 vel
717 3404 869 3473 nigra
896 3403 1037 3462 sicut
1062 3404 1410 3462 tabernacula
1437 3404 1632 3472 Cedar,
1663 3405 1904 3463 formosa

329 3502 510 3549 autem
538 3493 862 3571 sicutpelles
875 3493 1208 3551 Salomonis.
1241 3493 1316 3554 De
1343 3495 1575 3566 pellibus
1593 3497 1903 3554 Salomonis

330 3584 593 3656 scriptum
629 3584 834 3656 aliquid
868 3586 1084 3657 proprie
1109 3600 1218 3642 non
1243 3587 1488 3643 memini.
1535 3586 1673 3645 Puto
1721 3598 1902 3647 autem

333 3675 521 3733 referri
541 3692 702 3748 posse
729 3678 795 3735 ad
821 3678 1044 3749 gloriam
1073 3678 1211 3748 ejus,
1236 3678 1304 3736 de
1331 3695 1438 3750 qua
1458 3680 1588 3738 dicit
1618 3681 1902 3737 Salvator:

333 3769 474 3835 Quia
529 3785 620 3824 nec
656 3767 905 3828 Salomon
958 3773 1012 3827 in
1054 3772 1198 3826 omni
1242 3772 1544 3843 gloriasua
1582 3783 1796 3842 apertus
1825 3783 1902 3829 est

331 3861 467 3916 sicut
505 3877 671 3916 unum
698 3863 885 3916 horum
911 3863 975 3917 ⁷³.
1003 3861 1211 3919 Nomen
1248 3872 1427 3920 tamen
1473 3863 1649 3934 ipsum
1680 3865 1901 3934 pellium

333 3950 386 4005 in
425 3951 774 4009 tabernaculo
807 3953 1100 4010 testimonii
1136 3952 1445 4011 invenimus
1474 3953 1788 4024 frequenter
1819 3970 1904 4010 re-

331 4041 486 4108 ferri,
521 4044 664 4100 sicut
693 4059 818 4100 cum
842 4045 977 4100 dicit
1002 4063 1015 4102 :
1043 4044 1112 4098 Et
1139 4045 1301 4114 lacies
1336 4044 1493 4112 pelles
1526 4060 1590 4099 ea:
1619 4059 1904 4113 caprarum

331 4135 460 4204 pilis
516 4137 896 4206 operimentum
942 4152 1101 4205 super
1145 4135 1545 4189 tabernaculum
1594 4135 1903 4201 testimonii,

335 4227 577 4284 undecim
600 4229 756 4298 pelles
785 4231 971 4300 facies,
1009 4225 1283 4299 longitudo
1305 4225 1456 4296 pellis
1486 4227 1645 4282 unius
1685 4227 1906 4297 triginta

333 4317 669 4385 cubitorum,
728 4318 959 4374 latitudo
1035 4326 1266 4388 quatuor
1316 4315 1634 4371 cubitorum.
1701 4314 1907 4371 Eadem

2005 481 2224 553 pellium
2284 480 2490 538 mentio
2535 479 2628 536 ﬁat
2659 481 2714 536 in
2739 479 2964 540 Cantieo
2994 484 3355 557 canticorum,
3383 499 3438 544 et
3460 489 3580 545 istae

2004 573 2258 628 dicantur
2276 586 2398 629 esse
2425 571 2757 639 Salomonis,
2790 573 2884 644 qui
2915 573 3181 644 accipitur
3205 577 3259 632 in
3289 579 3576 648 paciticum

2005 662 2114 734 50
2139 664 2438 720 Christum.
2486 664 2666 734 Ipsius
2694 678 2824 734 ergo
2851 671 2938 720 est
2968 664 3398 736 tabernaculum,
3430 679 3486 726 et
3512 687 3576 726 ea

2003 769 2127 823 quae
2172 754 2239 809 ad
2283 754 2696 811 tabernaculum
2748 755 3062 825 pertinent;
3111 764 3169 815 et
3212 759 3482 833 praecipue
3527 763 3573 815 si

2007 845 2140 902 illud
2177 845 2587 901 tabernaculum
2619 845 3053 916 consideremus,
3083 847 3229 918 quod
3263 849 3461 906 dicitur
3497 859 3578 906 ta—

2008 936 2364 992 bernaculum
2403 951 2616 1002 verum,
2649 936 2797 1006 quod
2825 935 2944 994 fixit
2972 938 3118 997 Deus
3147 946 3204 995 et
3240 955 3350 997 non
3389 941 3575 1008 homo,

2005 1036 2060 1084 ct
2086 1027 2229 1097 quod
2256 1028 2362 1082 ait:
2421 1025 2544 1081 Non
2569 1028 2708 1082 enim
2729 1029 2784 1084 in
2807 1030 3118 1100 manufacta
3142 1039 3332 1087 sancta
3358 1033 3580 1088 intrarit

2005 1116 2160 1174 Iesus
2197 1118 2519 1188 exemplaria
2555 1136 2792 1175 verorum
2819 1121 2886 1178 ⁷³.
2946 1119 3005 1176 Si
3045 1136 3175 1193 ergo
3217 1123 3580 1193 pulchritudi—

2006 1225 2130 1266 nem
2178 1225 2335 1266 suam
2384 1224 2584 1280 sponsa
2634 1211 2870 1281 pellibus
2914 1223 3195 1284 comparat
3243 1213 3577 1282 Salomonis,

2005 1303 2219 1358 illarum
2262 1301 2380 1358 Sine
2409 1301 2575 1357 dubio
2621 1303 2840 1371 pellium
2882 1304 3108 1375 gloriam
3140 1315 3193 1364 et
3219 1306 3581 1376 pulchritudi-

2005 1409 2127 1448 nem
2159 1392 2320 1460 dicit,
2352 1408 2475 1462 quae
2506 1394 2759 1462 operiunt
2805 1393 2937 1450 illud
2984 1395 3396 1455 tabernaculum
3429 1398 3576 1469 quod

2002 1483 2120 1543 ﬁxit
2146 1483 2288 1544 Deus
2318 1494 2372 1540 et
2401 1499 2510 1541 non
2541 1486 2726 1542 homo.
2785 1485 2846 1541 Si
2876 1501 3005 1542 vero
3044 1488 3378 1559 nigredinem
3411 1505 3568 1545 suam

2005 1591 2125 1646 quae
2165 1577 2480 1647 exprobrari
2536 1593 2567 1632 a
2614 1578 2829 1634 ﬁliabus
2877 1577 3218 1636 Hierusalem
3262 1581 3574 1645 videbatur,

2006 1666 2233 1736 pellibus
2267 1669 2498 1724 contulit
2527 1667 2856 1736 Salomonis,
2879 1669 3044 1739 hujus
3063 1671 3401 1729 tabernaculi
3428 1674 3576 1741 quod

2001 1758 2279 1828 exemplar
2308 1759 2421 1816 veri
2451 1759 2785 1818 tabernaculi
2814 1769 3062 1830 vocatur,
3096 1764 3423 1834 accipiendae
3447 1773 3578 1820 sunt

2002 1845 2202 1917 pelles;
2241 1848 2399 1918 quasi
2429 1849 2576 1919 quod
2608 1859 2662 1905 et
2705 1849 2837 1920 ipsa:
2873 1850 3041 1922 nigrae
3081 1852 3461 1923 sint’quidem,
3488 1862 3579 1908 ut-

2002 1949 2130 2011 pote
2166 1956 2454 2012 caprarum
2503 1943 2628 2011 pilis
2683 1951 2863 2008 text-1e,
2896 1953 2949 1999 et
2992 1952 3174 2000 tamen
3217 1961 3378 2001 usum
3412 1960 3577 2000 orna-

2007 2040 2230 2100 tumque
2255 2031 2549 2088 exhibeant
2575 2031 2759 2087 divino
2799 2032 3170 2088 tabernaculo.
3205 2032 3363 2099 Quod
3393 2044 3577 2090 autem

2009 2120 2222 2176 videtur
2249 2135 2372 2176 esse
2401 2134 2632 2188 persona
2661 2137 2768 2176 una
2799 2136 2918 2192 quae
2957 2123 3221 2192 loquitur,
3250 2133 3305 2180 et
3329 2124 3582 2194 pluribus

2009 2227 2071 2268 se
2112 2211 2197 2268 vel
2246 2211 2613 2268 tabernaculis
2639 2211 2815 2268 Cedar
2856 2211 2910 2268 in
2944 2213 3254 2284 nigredine,
3299 2215 3382 2271 vel
3424 2215 3581 2271 Salo.

2011 2302 2193 2358 monis
2236 2302 2468 2372 pellibus
2513 2302 2880 2373 comparavit,
2930 2301 3006 2357 ita
3048 2303 3424 2375 accipiendum
3469 2315 3578 2373 est,

2007 2395 2136 2465 quia
2169 2410 2275 2449 una
2320 2395 2537 2466 quidem
2581 2408 2809 2468 persona
2846 2395 3083 2460 videtur.
3112 2393 3367 2452 Ecclesia
3414 2396 3579 2452 innu-

2007 2501 2171 2543 merae
2221 2495 2404 2545 tamen
2457 2484 2585 2543 sunt
2626 2501 2750 2558 qua!
2791 2502 2888 2558 per
2936 2487 3124 2544 orbem
3172 2495 3330 2544 terrae
3370 2488 3581 2545 diil‘usae

2003 2587 2152 2645 sunt,
2183 2587 2346 2648 atque
2390 2577 2673 2636 immensa:
2715 2579 3164 2650 congregationes
3189 2595 3253 2635 ac
3277 2582 3579 2636 multitudi-

2005 2686 2103 2728 nes
2147 2670 2509 2741 p0pulorum;
2561 2669 2707 2726 sicut
2733 2676 2788 2726 et
2833 2685 3062 2741 regnum
3105 2671 3369 2727 calorum
3410 2689 3578 2728 unum

2003 2761 2223 2833 quidem
2254 2762 2476 2829 dicitur,
2507 2761 2602 2817 sed
2633 2760 2818 2817 multa:
2853 2769 3036 2817 tamen
3083 2761 3138 2816 in
3167 2777 3234 2819 eo
3265 2763 3582 2820 mansiones

2007 2860 2385 2916 memorantur
2410 2867 2531 2910 esse
2565 2853 2707 2923 apud
2738 2851 2952 2908 Patrem
2975 2853 3041 2905 ⁷⁸.
3097 2851 3283 2910 Potest
3309 2864 3488 2910 autem
3525 2865 3580 2908 et

2003 2945 2073 3001 de
2119 2959 2450 3015 unaquaque
2510 2944 2694 2999 anima
2741 2957 2861 3012 qua:
2904 2953 3027 3013 post
3075 2951 3296 3014 peccata
3343 2945 3578 3016 plurima

2005 3035 2348 3093 convertitur
2393 3035 2461 3092 ad
2507 3035 2908 3106 paenitentiam,
2957 3035 3087 3102 dici,
3132 3035 3282 3105 quod
3312 3037 3466 3107 nigra
3509 3039 3582 3093 sit

2004 3128 2224 3201 quidem
2251 3141 2352 3198 pro
2377 3125 2652 3197 peccatis,
2681 3123 2920 3180 formosa
2955 3133 3175 3194 propter
3206 3126 3576 3195 paenitentiam

2004 3231 2058 3280 et
2083 3221 2293 3280 fructus
2316 3219 2666 3292 poenitentiae.
2699 3217 2937 3287 Denique
2968 3226 3022 3274 et
3064 3218 3131 3274 de
3165 3219 3268 3275 hac
3305 3219 3420 3290 ipsa
3459 3236 3584 3291 quae

2005 3330 2152 3373 nunc
2199 3313 2331 3372 dicit
2368 3331 2380 3368 :
2422 3311 2595 3381 Nigra
2633 3326 2750 3366 sum
2781 3319 2830 3365 et
2867 3309 3138 3379 formosa,
3189 3311 3318 3381 quia
3366 3327 3474 3368 non
3525 3312 3580 3367 in

2005 3407 2164 3462 finem
2202 3406 2258 3463 in
2292 3403 2576 3476 nigredine
2602 3401 2707 3459 ista
2737 3390 3054 3473 permansit,
3089 3412 3214 3473 post
3243 3403 3360 3460 haec
3389 3404 3584 3459 dicunt

2006 3497 2069 3554 de
2089 3511 2152 3552 ea
2178 3497 2292 3566 ipsa
2321 3495 2446 3550 tiliae
2467 3492 2798 3552 Ilierusalem
2823 3511 2837 3547 :
2866 3493 2997 3559 Qua:
3017 3503 3094 3548 est
3122 3495 3227 3551 ista
3249 3510 3368 3565 qua:
3393 3511 3582 3548 ascen-

2002 3589 2081 3644 dit
2115 3587 2365 3644 dealbata
2399 3584 2700 3644 incumbens
2734 3602 2890 3656 super
2919 3588 3217 3656 fraternum
3243 3601 3399 3639 suum
3421 3584 3585 3638 7""?

2073 3679 2228 3738 Vers.
2270 3681 2324 3737 6.
2369 3680 2450 3736 Ne
2479 3680 2697 3736 videatis
2743 3697 2843 3746 me,
2879 3680 3129 3750 quoniam
3163 3677 3432 3747 infuscata
3462 3695 3582 3732 sum

2002 3787 2115 3841 ego,
2141 3773 2268 3842 quia
2293 3773 2530 3842 despexit
2558 3787 2637 3828 me
2660 3771 2760 3825 sol.
2808 3770 3084 3828 Inluscata
3125 3770 3239 3826 sive
3277 3770 3579 3841 denigrata.

2003 3863 2046 3919 si
2078 3873 2448 3934 competenter
2478 3865 2634 3920 nobis
2660 3865 2871 3919 videtur
2899 3867 3080 3930 aptata
3105 3860 3376 3932 expositio
3412 3877 3578 3933 quam

2005 3957 2058 4011 in
2095 3960 2470 4028 superioribus
2522 3962 2606 4014 vel
2659 3959 2728 4016 de
2760 3958 3100 4028 IEthiopissa
3155 3975 3277 4030 quae
3334 3960 3581 4033 alloyse

2006 4057 2257 4115 suscepta
2305 4056 2390 4102 est
2437 4047 2493 4101 in
2548 4048 2902 4119 coniugium,
2953 4050 3036 4104 vel
3080 4051 3148 4105 de
3196 4050 3384 4120 regina
3437 4050 3581 4106 Saba

2009 4136 2328 4206 .Ethiopum
2353 4151 2476 4206 quae
2505 4137 2826 4206 sapientiam
2857 4139 3169 4195 Salomonis
3195 4142 3342 4195 venit
3369 4140 3580 4207 audirc',

2011 4223 2320 4280 texuimus:
2351 4225 2545 4282 merito
2589 4243 2736 4284 nunc
2785 4229 2900 4286 haec
2944 4245 3067 4301 quae
3104 4229 3257 4286 fusca
3309 4231 3394 4286 vel
3427 4231 3579 4302 nigra

2008 4324 2096 4373 est
2127 4325 2181 4383 et
2217 4314 2496 4384 formosa,
2550 4318 2865 4379 satisfacere
2910 4322 3124 4378 videtur
3169 4337 3269 4393 pro
3303 4323 3582 4393 nigredine

336 4423 579 4464 mensura
615 4410 715 4463 erit
746 4408 984 4465 undecim
1013 4407 1260 4477 pellibus,
1285 4415 1335 4463 et
1365 4407 1648 4478 conjunges
1676 4407 1902 4478 quinque
1935 4403 1979 4460 D
2008 4409 2092 4465 vel
2121 4407 2428 4466 fuscatiane
2455 4425 2576 4479 Sua,
2603 4426 2908 4485 causasque
2949 4415 3174 4470 reddere
3198 4414 3580 4484 exprobrantiv

338 4500 489 4569 pelles
521 4499 701 4564 simul,
731 4509 782 4556 et
809 4500 946 4555 alias
979 4515 1070 4554 sea:
1107 4497 1289 4564 simul,
1316 4506 1364 4552 et
1393 4497 1671 4566 replicabis
1697 4506 1902 4552 sextam

339 4591 518 4659 pellens
555 4608 588 4646 α
615 4591 790 4662 fronte
819 4590 1145 4645 tabernaculi
1173 4607 1193 4646 :
1229 4598 1280 4644 et
1324 4588 1484 4659 facies
1515 4588 1902 4660 quinquaginta

340 4682 550 4736 ansulas
588 4699 682 4751 per
717 4697 864 4735 oram
893 4681 1046 4750 pellis
1083 4681 1270 4747 unius,
1317 4689 1367 4734 et
1389 4679 1773 4750 quinquaginta
1807 4695 1903 4733 an-

338 4773 477 4827 sulas
501 4789 593 4842 per
618 4789 768 4826 orant
802 4770 953 4842 pellis
977 4771 1219 4838 alterius,
1246 4787 1338 4841 per
1357 4787 1490 4841 quas
1513 4770 1903 4842 conjungantur

339 4879 439 4919 una
462 4865 532 4918 ad
561 4865 822 4930 alteram;
854 4876 902 4922 et
931 4865 1095 4934 facies
1131 4863 1357 4920 circulos
1387 4878 1549 4918 meos
1577 4861 1901 4932 quinquage-

339 4971 448 5022 nos,
476 4965 524 5009 et
551 4956 832 5028 conjunges
858 4971 924 5012 ea:
947 4956 1076 5025 ipsis
1103 4953 1286 5022 pelles,
1312 4963 1362 5010 et
1391 4954 1490 5009 erit
1517 4969 1680 5009 unum
1711 4962 1902 5020 totum;

339 5057 382 5100 et
416 5047 690 5117 replicabis
722 5047 861 5119 quod
897 5056 1130 5117 superest
1173 5062 1240 5102 ea:
1271 5044 1494 5115 pellibus
1515 5086 1530 5112 ,
1569 5043 1904 5100 medietate»:

339 5139 482 5206 pellis
506 5141 662 5196 unius
691 5157 724 5194 a
749 5140 921 5210 fronte
951 5138 1300 5206 tabernaculi,
1323 5147 1372 5193 et
1403 5153 1468 5192 ea:
1492 5136 1604 5190 alia
1631 5136 1907 5191 medietate

340 5233 471 5302 quod
495 5242 749 5302 superest,
779 5231 975 5287 celabis
1002 5231 1294 5300 posteriora
1321 5227 1648 5282 tabernaculi
1669 5228 1906 5281 cubitum

341 5325 476 5391 hinc,
505 5334 554 5378 et
578 5327 810 5380 cubitum
838 5326 980 5389 inde,
999 5339 1062 5378 ea:
1084 5338 1142 5377 eo
1167 5321 1305 5390 quod
1332 5319 1567 5375 abundat
1594 5320 1647 5373 in
1671 5317 1905 5390 longitu-

342 5413 454 5469 dine
496 5416 713 5482 pellium
738 5456 752 5480 ,
795 5427 844 5472 et
893 5416 992 5470 erit
1033 5415 1350 5482 adapertum
1395 5410 1796 5467 tabernaculum
1836 5426 1900 5466 es:

407 5618 454 5650 "
486 5618 727 5687 Sophon.
754 5634 838 5684 ιιι,
875 5618 976 5687 ll.
1035 5616 1211 5673 “Jer.
1249 5634 1475 5675 xxxvtn.

348 5685 433 5756 to,
458 5689 546 5757 tt,
565 5685 764 5756 12,15.

2009 4502 2147 4568 bus,
2175 4503 2332 4573 quasi
2362 4518 2483 4573 qua:
2524 4519 2632 4560 non
2664 4516 2856 4561 natura
2894 4507 3042 4570 talis,
3075 4521 3176 4561 nec
3207 4506 3281 4561 ita
3319 4520 3350 4560 ιι
3379 4504 3576 4560 Condi-

2009 4602 2128 4650 tore
2163 4604 2344 4650 creata
2384 4595 2478 4662 sit,
2520 4597 2612 4653 sed
2650 4612 2719 4652 ex
2755 4598 3129 4654 accidentibus
3157 4599 3260 4654 hoc
3294 4614 3456 4670 passa
3485 4599 3577 4655 sit.

2007 4687 2086 4742 Ex
2121 4702 2208 4754 eo,
2237 4688 2432 4758 inquit,
2463 4688 2593 4760 quia
2619 4689 2703 4743 sol
2727 4688 2975 4759 despexit
3003 4704 3110 4745 me.
3157 4687 3213 4743 In
3244 4704 3353 4760 quo
3387 4698 3576 4746 osten-

2009 4777 2088 4834 dit
2107 4793 2215 4833 non
2246 4778 2313 4834 de
2341 4779 2619 4848 nigredine
2647 4779 2892 4848 corporis
2918 4779 3034 4834 lieri
3072 4795 3403 4848 sermonem,
3434 4780 3581 4851 quod

2010 4869 2197 4940 utique
2223 4869 2306 4925 sol
2337 4869 2633 4925 obscurare
2661 4877 2715 4923 et
2742 4869 3027 4940 denigrare
3065 4871 3222 4938 solet,
3253 4887 3378 4928 cum
3407 4872 3581 4942 respi-

2008 4958 2085 5014 cit
2114 4959 2287 5029 magis
2321 4974 2480 5028 quam
2519 4973 2643 5014 cum
2675 4958 2924 5029 despicit.
2973 4959 3053 5015 Ita
3083 4961 3318 5031 denique
3345 4970 3398 5016 et
3432 4963 3574 5031 apud

2010 5050 2157 5104 illam
2176 5065 2391 5105 omnem
2410 5057 2620 5120 gentem
2637 5047 2954 5123 Ethiopum
2975 5052 3176 5116 ferunt,
3203 5054 3290 5108 cui
3315 5053 3582 5108 naturalis

2011 5140 2260 5211 quaulam
2298 5139 2440 5195 inest
2470 5154 2537 5194 cx
2563 5139 2790 5196 seminis
2829 5143 3066 5198 carnalis
3097 5141 3444 5198 successione
3491 5141 3576 5194 ni-

2008 5233 2196 5305 gredo,
2227 5231 2371 5304 quod
2411 5231 2464 5286 in
2505 5231 2614 5286 illis
2659 5232 2792 5290 locis
2822 5234 2905 5289 sol
2935 5234 3100 5290 radiis
3132 5233 3441 5289 acrioribus
3471 5231 3577 5288 fer-

2007 5333 2150 5390 veat,
2173 5333 2228 5380 et
2247 5324 2440 5379 adusta
2474 5323 2584 5394 iam
2645 5324 2812 5379 semel
2851 5334 3014 5396 atque
3053 5324 3320 5381 infuscata
3348 5338 3576 5394 corpora

2008 5416 2227 5488 genuini
2277 5415 2396 5470 vitii
2447 5415 2798 5473 successione
2858 5425 3234 5488 permaneant.
3298 5415 3576 5473 Contrarii

1574 5619 1618 5651 "
1638 5615 1836 5694 Jerem.
1867 5617 2172 5694 xsxtxtw,
2205 5617 2291 5674 l7.
2363 5617 2621 5694 "nMatth.
2649 5637 2725 5691 vi,
2750 5623 2842 5679 9.9.
2917 5623 2966 5656 ⁷⁵
2989 5620 3162 5680 Exod.
3188 5638 3336 5690 xxvi,
3364 5624 3414 5691 7,
3441 5624 3495 5693 8,
3522 5628 3577 5694 9,

875 5688 920 5720 ⁷⁸
943 5685 1104 5743 Hebr.
1131 5703 1204 5753 ιιι,
1228 5687 1318 5743 ῆι.
1359 5689 1404 5721 ⁷⁸
1428 5690 1589 5747 Joan.
1624 5705 1734 5758 xw,
1764 5690 1818 5746 2.
1897 5691 2019 5734 ⁷⁷-⁷⁸
2041 5689 2201 5745 Cant.
2239 5704 2357 5756 vui,
2394 5690 2447 5745 5.

4057 1923 4073 1955 Ἦ

4071 2051 4073 2070 i

4041 2171 4075 2232 ἓ

4061 2233 4075 2262 ι

4063 2267 4077 2324 ξ

4069 2331 4079 2382 ἱ

4067 2395 4077 2436 ξ

4064 2439 4076 2460 Ὗ

4121 4699 4236 5502 \\
