4236 6282
578 349 671 404 ill

1629 342 1950 402 ORlGENlS
1987 342 2056 399 ΙΝ
2092 341 2448 400 CANTICUM
2487 343 2760 402 CANTIC.

3721 350 3821 408 ΗΞ

573 477 704 518 vero
743 462 951 518 ordinis
987 471 1071 519 est
1103 462 1296 517 animae
1339 458 1583 531 nigredo.
1613 459 1748 516 Nam
1781 477 1956 533 neque
1988 476 2147 531 aspe-
2177 469 2219 524 Α
2250 471 2339 514 tur
2399 476 2429 514 a
2482 476 2572 515 me
2621 475 2784 530 quam
2832 475 2978 516 nunc
3021 460 3358 533 exprobratis
3416 462 3519 520 ista
3569 462 3822 534 nigredo,

573 564 686 623 ctu,
711 558 803 612 sed
834 556 1087 626 despectu
1129 554 1261 609 solis
1312 554 1570 618 inuritur,
1621 569 1799 625 neque
1848 555 2143 622 nascendo,

573 646 670 702 sed
717 645 1035 716 negligenda
1085 643 1461 713 conquiritur;
1512 652 1567 698 et
1608 644 1728 698 ideo
1761 643 1902 699 sicut
1931 645 2145 715 ignavia

572 739 892 804 assumitur,
934 736 1010 789 ita
1044 744 1098 792 et
1125 734 1393 790 industria
1429 735 1708 805 repellitur
1738 744 1793 790 et
1817 736 2140 806 repulsatur.

573 829 830 899 Denique,
864 834 922 880 ut
949 826 1200 896 superius
1224 826 1359 893 dixi,
1388 827 1504 881 haec
1528 827 1645 896 ipsa
1667 817 1788 896 qua:
1812 843 1958 882 nunc
1989 828 2142 898 nigra

569 920 770 974 dicitur
793 931 936 984 esse,
977 917 1036 971 in
1069 916 1175 972 line
1203 917 1415 972 Cantici
1451 917 1617 987 hujus
1651 917 1897 972 dealbata
1933 933 2142 973 memo-

570 1017 722 1063 ratur
753 1008 1048 1063 ascendere
1083 1008 1404 1064 incumbens
1432 1024 1596 1079 super
1623 1007 1920 1063 fraternum
1957 1025 2138 1063 suum.

567 1100 769 1156 Eﬂecta
808 1107 894 1155 est
936 1115 1066 1171 ergo
1108 1099 1298 1170 nigra,
1338 1099 1468 1170 quia
1509 1098 1818 1165 descendit;
1870 1099 1914 1154 si
1957 1107 2138 1153 autem

564 1193 793 1264 coeperit
839 1192 1134 1248 ascendere
1167 1199 1232 1246 et
1276 1191 1590 1246 incumbere
1645 1205 1812 1259 super
1838 1189 2137 1244 fraternum

565 1301 747 1351 suum,
784 1295 839 1342 et
867 1285 1141 1340 adhaerere
1158 1283 1252 1350 ~ei,
1289 1299 1391 1338 nec
1420 1283 1644 1338 omnino
1677 1281 1922 1352 separari
1957 1281 2026 1336 ab
2049 1296 2135 1346 eo,

561 1377 668 1431 erit
709 1376 956 1431 dealbata
988 1385 1043 1431 et
1078 1374 1344 1441 candida;
1391 1374 1714 1444 abjectaque
1759 1372 1908 1428 omni
1955 1374 2136 1439 nigre-

564 1468 712 1533 dine,
758 1467 870 1522 veri
908 1466 1132 1523 luminis
1167 1467 1290 1523 luce
1325 1464 1660 1522 circumfusa
1703 1463 1953 1518 radiabit.
1999 1462 2139 1518 Dicit

563 1572 694 1626 ergo
731 1573 878 1612 nunc
917 1558 985 1612 ad
1025 1556 1164 1613 ﬁlias
1209 1555 1546 1612 Hierusalem
1588 1570 1686 1625 pro
1725 1553 2005 1624 nigredine
2037 1568 2136 1608 sua

562 1648 908 1704 satisfaciens
934 1663 948 1701 :
978 1646 1097 1703 Non
1133 1648 1356 1718 putetis,
1387 1662 1422 1702 θ
1449 1646 1570 1701 lilia:
1594 1644 1954 1711 Hierusalem,
1989 1643 2135 1714 quod

563 1741 830 1797 naturalis
873 1749 956 1796 est
998 1740 1102 1796 ista
1146 1740 1373 1812 nigredo
1418 1755 1584 1810 quam
1638 1738 1833 1800 videtis
1881 1737 1934 1791 in
1979 1736 2132 1790 vultu

561 1848 720 1900 meo;
756 1832 848 1889 sed
881 1833 1073 1889 scitote
1112 1833 1371 1904 quoniam
1403 1831 1658 1900 despectu
1696 1829 1827 1884 solis
1857 1840 1939 1883 est
1962 1827 2125 1883 facta.

565 1923 658 1979 Sol
687 1927 831 1980 enim
863 1926 1087 1996 justitize
1133 1928 1261 1996 quia
1305 1939 1391 1978 me
1421 1938 1529 1976 non
1579 1922 1785 1976 invenit
1815 1928 1958 1976 recte
1983 1931 2135 1976 stan-

561 2023 690 2077 tem,
719 2028 820 2068 nec
847 2013 962 2082 ipse
990 2014 1043 2067 in
1075 2028 1162 2068 me
1188 2021 1364 2068 rectos
1389 2011 1586 2067 direxit
1610 2010 1752 2065 "lucis
1783 2025 1895 2064 suae
1927 2011 2131 2066 radios.

559 2102 674 2173 Ego
723 2103 868 2157 enim
916 2119 1036 2159 sum
1083 2104 1317 2174 populus
1365 2102 1631 2173 gentium,
1685 2100 1778 2170 qui
1821 2100 1974 2170 prius
2024 2116 2132 2156 non

558 2193 745 2263 aspexi
781 2195 848 2249 ad
889 2195 1059 2260 solem
1095 2195 1322 2264 justiti-ae
1364 2208 1463 2248 nec
1495 2192 1618 2248 steti
1657 2199 1781 2246 ante
1811 2190 2132 2258 Dominum;

556 2295 612 2338 et
657 2285 779 2339 ideo
813 2300 914 2340 nec
957 2285 1047 2340 ille
1091 2300 1178 2339 me
1221 2285 1462 2354 aspexit,
1500 2282 1594 2338 sed
1632 2281 1908 2350 despexit,
1957 2296 2134 2352 neque

557 2375 730 2430 astitit
753 2376 908 2442 mihi,
942 2375 1035 2431 sed
1059 2377 1334 2445 praeteriit.
1363 2373 1477 2429 Hoc
1504 2380 1684 2428 autem
1716 2375 1789 2427 ita
1822 2389 1941 2429 esse
1967 2373 2130 2428 etiam

559 2475 616 2522 tu
652 2468 743 2536 qui
781 2466 945 2522 Israel
989 2467 1206 2533 diceris,
1245 2466 1420 2535 reipsa
1466 2476 1722 2535 expertus
1762 2465 1875 2534 jam
1910 2465 2133 2533 jamque

559 2575 855 2630 cognosces
885 2567 940 2614 et
964 2560 1113 2615 dices
1145 2577 1158 2614 :
1192 2559 1344 2615 Sicut
1373 2559 1518 2614 enim
1553 2573 1639 2613 me
1685 2557 1976 2628 aliquando
2021 2570 2131 2610 non

557 2653 812 2707 credente
853 2661 907 2706 tu
945 2661 1258 2721 assumptus
1313 2667 1391 2715 cs,
1426 2660 1478 2706 et
1525 2648 1954 2706 misericordiam
1999 2663 2129 2704 con-

557 2753 800 2808 secutus,
827 2753 881 2798 et
910 2752 961 2797 te
988 2743 1224 2812 respexit
1256 2743 1337 2798 sol
1360 2741 1608 2812 justitiae,
1631 2757 1717 2796 me
1745 2749 1925 2795 autem
1945 2749 2130 2810 utpote

557 2836 957 2890 inobedicntem
1003 2843 1058 2890 et
1099 2835 1435 2889 incredulum
1483 2833 1750 2904 despexit,
1793 2841 1846 2887 et
1886 2832 2126 2903 sprevit;

557 2927 632 2981 ita
659 2935 712 2981 et
742 2941 888 2980 nunc
914 2926 1042 2998 quia
1074 2935 1130 2980 tu
1172 2925 1483 2981 incredulus
1527 2937 1579 2980 et
1609 2925 2129 2982 inobediens'l‘actus

555 3033 636 3083 es,
665 3033 766 3088 ego
798 3029 957 3086 spero
1000 3017 1194 3086 respici
1243 3032 1274 3069 a
1317 3017 1431 3070 sole
1457 3015 1685 3085 justitize
1728 3025 1781 3071 et
1817 3017 2130 3071 misericor-

555 3110 701 3163 diam
746 3107 1028 3178 consequi.
1077 3106 1234 3173 Quod
1279 3115 1460 3162 autem
1494 3114 1684 3162 mutua
1715 3110 1870 3164 nobis
1898 3110 1970 3164 sit
1995 3109 2128 3165 solis

555 3203 658 3257 ista
694 3201 990 3270 despectio,
1032 3208 1085 3254 et
1123 3214 1224 3270 ego
1263 3200 1440 3269 primo
1475 3215 1574 3269 pro
1610 3200 1975 3256 iuobedientia
2007 3217 2128 3258 mea

551 3296 842 3364 despectus
888 3309 1050 3358 sum,
1102 3301 1159 3347 tu
1206 3307 1332 3347 vero
1386 3302 1693 3362 respectus;
1752 3308 1897 3349 nunc
1945 3304 2127 3349 autem

552 3387 717 3442 etiam
746 3386 839 3440 tibi
865 3401 970 3441 non
998 3385 1176 3440 solum
1207 3386 1494 3454 despectus
1523 3384 1674 3449 solis,
1702 3384 1795 3439 sed
1825 3393 1879 3438 et
1910 3386 2126 3443 caecitas

553 3475 803 3546 quaedam
843 3476 966 3530 licet
1005 3491 1071 3530 ex
1105 3485 1256 3544 parte
1289 3474 1597 3546 contigerit,
1631 3483 1824 3529 testem
1862 3477 1959 3530 tibi
1996 3493 2125 3546 pro-

553 3570 751 3624 ducam
804 3568 1176 3637 magnilicum,
1225 3575 1279 3620 et
1326 3567 1563 3622 caelestis
1606 3567 1799 3622 secreti
1843 3569 2125 3623 conscium

554 3660 811 3726 Paulum,
840 3660 938 3730 qui
985 3660 1058 3714 ita
1088 3659 1257 3714 dicit:
1293 3656 1443 3712 Sicut
1477 3660 1615 3712 enim
1631 3674 1730 3712 .uos
1759 3659 1847 3728 (de
1876 3659 2128 3730 gentibus

553 3754 672 3808 sine
707 3753 873 3808 dubio
897 3750 1159 3822 loquens)
1198 3750 1484 3820 aliquando
1535 3765 1635 3802 non
1663 3751 1959 3803 credidistis
1997 3749 2126 3816 Deo,

555 3861 692 3898 nunc
739 3857 914 3900 autem
964 3844 1386 3899 misericordiam
1436 3843 1701 3896 consecuti
1750 3841 1875 3894 estis
1919 3849 2129 3911 propter

555 3939 781 3990 istorum
823 3935 1288 4000 incredulitatem;
1333 3935 1413 3987 ita
1441 3944 1490 3988 et
1519 3934 1610 3987 isti
1653 3949 1754 3985 non
1793 3933 2128 3987 crediderunt

554 4029 613 4081 in
650 4036 820 4081 vestra
852 4027 1235 4094 misericordia,
1268 4036 1324 4079 ut
1351 4026 1451 4092 ipsi
1476 4024 1895 4078 misericordiam
1941 4039 2127 4076 conse-

553 4128 789 4190 quantur
811 4119 878 4173 ⁷³.
912 4117 978 4173 Et
1017 4119 1142 4173 item
1195 4117 1250 4171 in
1279 4116 1401 4171 aliis
1425 4115 1600 4171 dicit:
1638 4113 1778 4180 Quia
1814 4115 2027 4168 cwcitas
2065 4130 2130 4168 ea:

551 4219 707 4279 parte
753 4211 972 4281 contigit
1013 4211 1069 4262 in
1112 4206 1326 4272 Israel,
1365 4206 1528 4260 donec
1577 4204 1850 4276 plenitudo
1895 4203 2126 4275 gentium

550 4305 775 4357 intraret
794 4303 859 4354 ⁸ο.
887 4300 1026 4354 Hinc
1054 4315 1184 4367 ergo
1205 4297 1368 4364 estin
1393 4312 1477 4350 me
1497 4311 1664 4364 quam
1692 4295 1992 4363 exprobras
2025 4293 2126 4347 ista

553 4393 803 4463 nigredo,
836 4390 964 4458 quia
1009 4387 1255 4453 despexit
1293 4399 1378 4436 me
1414 4386 1495 4437 sol
1532 4395 1750 4452 propter
1784 4383 2129 4438 incredulita-

2249 551 2352 622 51
2386 553 2635 607 utetiam
2671 553 2760 607 lux
2797 553 2987 606 mundi
3018 567 3234 608 merear
3263 554 3544 623 appellari.
3580 553 3670 608 Sic
3695 569 3823 624 ergo

2246 645 2328 699 sol
2393 645 2494 700 iste
2559 645 2779 714 quidem
2833 645 3068 701 visibilis
3118 661 3181 700 ea
3245 661 3476 715 corpora
3535 646 3738 715 quibus
3791 661 3822 700 a

2246 751 2464 792 summo
2506 737 2794 792 libramine
2843 737 3143 804 insederit,
3185 737 3427 794 infuscat
3462 750 3518 793 et
3559 738 3706 806 urit;
3757 753 3823 794 ea

2244 839 2376 879 vero
2405 842 2524 895 quae
2551 829 2742 896 procul
2779 836 2909 880 sunt
2943 835 2996 881 et
3029 827 3098 881 ab
3141 828 3243 882 ista
3285 827 3667 884 collibratione
3698 829 3819 884 lon-

2245 917 2365 987 gius
2399 919 2597 986 posita,
2634 927 2925 972 conservat
2955 919 3008 972 in
3038 920 3277 975 candore
3303 935 3427 985 suo,
3461 935 3562 975 nec
3590 923 3817 978 omnino

2243 1011 2356 1064 urit
2385 1025 2479 1076 ea,
2516 1011 2608 1066 sed
2642 1013 2931 1067 illuminat.
2979 1013 3070 1068 Sol
3117 1029 3245 1070 vero
3274 1016 3572 1086 spiritalis,
3605 1017 3695 1087 qui
3733 1027 3817 1073 est

2241 1101 2322 1156 sol
2359 1103 2617 1172 justitiae,
2672 1104 2725 1158 in
2760 1105 2921 1175 cujus
2952 1107 3147 1176 pennis
3178 1108 3384 1163 sanitas
3422 1123 3543 1163 esse
3591 1109 3812 1176 dicitur,

2239 1194 2548 1250 econtrario
2586 1209 2680 1251 eos
2711 1196 2931 1266 quidem
2961 1211 3101 1267 quos
3139 1197 3270 1252 recti
3299 1199 3482 1253 cordis
3522 1199 3811 1265 invenerit,

2237 1291 2291 1336 et
2318 1281 2382 1336 ad
2419 1283 2613 1338 libram
2641 1286 2725 1340 sui
2759 1286 3068 1356 Splendoris
3100 1289 3482 1353 consistentes,
3517 1289 3811 1357 illuminat,

2237 1382 2291 1428 et
2319 1375 2469 1428 omni
2503 1375 2715 1447 fulgore
2747 1378 3089 1446 circumdat;
3121 1394 3216 1436 eos
3250 1388 3428 1435 autem
3460 1381 3554 1450 qui
3597 1383 3815 1453 oblique

2237 1465 2495 1522 incedunt
2538 1484 2662 1524 cum
2706 1484 2805 1536 eo,
2858 1471 3168 1526 necessario
3213 1472 3375 1526 etiam
3423 1472 3538 1541 ipse
3593 1474 3814 1544 oblique

2237 1572 2345 1612 non
2376 1567 2486 1611 tam
2516 1559 2738 1628 respicit
2776 1577 2940 1630 quam
2974 1563 3240 1633 despicit,
3272 1565 3375 1620 hoc
3412 1564 3491 1620 eis
3518 1576 3815 1636 praestante

2236 1647 2600 1703 inconstantia
2653 1666 2755 1706 sua
2809 1662 2864 1708 et
2909 1655 3282 1714 instabilitate.
3329 1655 3614 1723 Quomodo
3664 1659 3812 1714 enim

2234 1738 2328 1807 qui
2356 1739 2593 1807 perversi
2626 1749 2786 1807 sunt,
2825 1753 3057 1812 possunt
3087 1746 3367 1816 suscipere
3400 1747 3548 1817 quod
3600 1757 3810 1802 rectum

2234 1827 2350 1882 est?
2375 1827 2537 1883 Velut
2579 1830 2626 1884 si
2661 1847 2829 1885 curvo
2857 1832 3003 1903 ligno
3031 1834 3294 1892 adhibeas
3326 1837 3690 1892 rectissimam
3724 1854 3813 1893 re-

2235 1919 2416 1988 gulam
2436 1960 2452 1987 ,
2482 1920 2756 1976 videbitur
2779 1923 2997 1992 quidem
3054 1940 3150 1994 per
3180 1927 3419 1997 regulam
3459 1929 3612 1998 argui
3641 1939 3812 1985 mate-

2239 2009 2334 2064 rite
2367 2012 2630 2080 pravitas,
2671 2029 2781 2067 non
2815 2021 2996 2068 tamen
3027 2017 3211 2086 regula
3242 2024 3325 2072 est
3349 2032 3472 2087 qua:
3500 2018 3648 2088 ligno
3671 2033 3808 2073 cau-

2235 2117 2354 2157 sam
2405 2104 2778 2170 perversitatis
2830 2103 3111 2172 imposuit.
3164 2105 3232 2160 Et
3265 2105 3390 2162 ideo
3435 2106 3806 2162 festinandum

2235 2201 2318 2248 est
2346 2194 2412 2248 ad
2441 2194 2554 2248 vias
2586 2204 2787 2259 rectas,
2814 2206 2867 2251 et
2897 2197 3150 2251 standum
3181 2199 3234 2251 in
3263 2199 3474 2254 semitis
3507 2200 3770 2255 virtutum
3791 2241 3806 2265 ,

2244 2297 2316 2336 ne
2356 2274 2497 2336 forte
2532 2283 2613 2337 sol
2647 2283 2869 2353 justitiae
2910 2294 3091 2340 rectus
3122 2286 3413 2352 incedens,
3448 2288 3494 2343 si
3528 2303 3627 2343 nos
3667 2288 3806 2341 obli-

2233 2387 2372 2442 quos
2405 2381 2550 2426 stare
2602 2372 2844 2428 inveniat
2881 2381 2935 2428 et
2969 2389 3255 2444 perversos
3277 2414 3292 2441 ,
3327 2375 3592 2445 deSpiciat
3625 2391 3727 2430 nos
3755 2387 3810 2431 et

2233 2463 2535 2520 elliciamur
2583 2464 2874 2535 denigrati.
2923 2465 2980 2518 in
3013 2475 3278 2534 quantum
3329 2467 3475 2520 enim
3519 2467 3806 2536 incapaces

2233 2555 2500 2611 fuerimus
2526 2557 2664 2610 lucis
2693 2557 2834 2626 ejus,
2858 2557 2913 2610 in
2939 2565 3150 2612 tantum
3185 2560 3424 2616 tenebris
3451 2570 3503 2615 et
3536 2561 3805 2632 nigredini

2227 2646 2486 2703 dabimus
2519 2648 2717 2706 locum.
2766 2648 2866 2704 Hic
2899 2649 3048 2704 enim
3096 2659 3181 2705 est
3217 2652 3334 2722 ipse
3369 2653 3448 2708 sol
3485 2654 3578 2724 qui
3615 2663 3670 2709 et
3710 2654 3806 2708 lux

2236 2753 2399 2805 vera,
2452 2738 2767 2795 illuminans
2803 2755 3021 2796 onmem
3073 2741 3346 2798 hominem
3391 2745 3695 2799 venientem
3750 2745 3804 2800 in

2233 2830 2381 2886 hunc
2429 2829 2729 2897 mundum,
2779 2839 2833 2886 et
2879 2831 2972 2901 qui
3036 2832 3090 2885 in
3147 2833 3250 2887 hoc
3291 2834 3494 2889 mundo
3550 2843 3698 2898 erat,
3752 2845 3806 2889 et

2230 2922 2468 2978 mundus
2504 2936 2604 2993 per
2636 2923 2815 2993 ipsum
2843 2921 3024 2978 factus
3052 2932 3154 2978 est.
3193 2922 3310 2978 Non
3338 2925 3483 2980 enim
3534 2941 3628 2995 per
3659 2926 3802 2981 istud

2233 3014 2448 3070 visibile
2493 3014 2677 3068 lumen
2721 3013 2959 3069 mundus
2989 3013 3168 3069 factus
3199 3023 3319 3083 est,
3347 3030 3471 3070 cum
3521 3025 3575 3071 et
3623 3017 3799 3086 ipsum

2154 3140 2199 3199 Ο
2230 3107 2409 3176 portio
2435 3107 2507 3163 sit
2536 3106 2748 3174 mundi,
2773 3107 2866 3162 sed
2890 3121 2987 3177 per
3018 3107 3161 3162 istud
3191 3122 3379 3162 verum
3410 3108 3612 3175 lumen,
3638 3124 3667 3162 a
3693 3124 3803 3180 quo

2234 3197 2442 3254 lumine
2476 3199 2523 3253 si
2555 3213 2657 3252 nos
2683 3197 2923 3268 perversi
2973 3199 3360 3254 incesserimus
3386 3239 3401 3264 ,
3432 3199 3636 3269 despici
3663 3199 3801 3256 dici-

2231 3307 2375 3346 mur.
2425 3291 2492 3346 Et
2522 3291 2699 3360 ipsum
2728 3290 2874 3346 enim
2922 3290 3080 3346 nobis
3116 3305 3370 3359 perverse
3399 3291 3804 3358 incedentibus,

2229 3397 2544 3452 perversum
2589 3397 2808 3453 quoque
2857 3381 3086 3448 incedit,
3133 3382 3278 3438 sicut
3325 3383 3590 3453 scriptum
3631 3391 3714 3440 est
3744 3383 3800 3438 in

2228 3473 2705 3529 maledictionibus
2736 3472 2961 3528 Levitici
2989 3489 3002 3525 :
3038 3472 3108 3528 Et
3141 3475 3188 3527 si
3226 3473 3568 3539 incesseritis,
3597 3472 3798 3543 inquit,

2230 3579 2432 3618 mecum
2460 3565 2689 3634 perversi
2707 3603 2721 3629 ,
2752 3574 2798 3618 et
2827 3563 3101 3618 nolueritis
3133 3563 3339 3617 obedire
3365 3564 3522 3631 mihi,
3551 3564 3800 3634 adjiciam

2227 3652 2370 3708 vobis
2399 3654 2583 3725 plagas
2613 3664 2806 3724 septem
2824 3655 2892 3708 ⁸⁸.
2921 3652 2986 3708 Et
3014 3663 3136 3723 post
3164 3669 3338 3724 pauca
3372 3672 3386 3708 :
3423 3651 3492 3707 Et
3516 3655 3582 3721 si,
3606 3655 3798 3725 inquit,

2228 3760 2331 3798 non
2365 3746 2576 3815 fueritis
2623 3745 2919 3813 emendati,
2949 3745 3038 3800 sed
3082 3747 3397 3800 incesseritis
3436 3763 3635 3801 mecum
3679 3763 3800 3816 per-

2228 3840 2386 3902 uersi,
2419 3837 2658 3890 incedam
2693 3844 2744 3890 et
2776 3851 2869 3907 ego
2906 3836 3170 3890 uobiscum
3195 3854 3465 3906 perversae
3479 3837 3561 3905 ⁸¹;
3591 3838 3707 3892 sive
3741 3845 3801 3891 ut

2229 3931 2285 3985 in
2320 3929 2443 3984 aliis
2487 3926 2891 3997 exemplaribus
2930 3928 3163 3998 legimus
3193 3947 3207 3985 :
3242 3929 3303 3983 Si
3335 3931 3651 3985 iucesseritis
3694 3945 3802 3982 meo

2229 4037 2347 4075 cum
2379 4018 2615 4088 obliqui,
2650 4017 2889 4071 incedam
2921 4028 2969 4072 et
2998 4034 3090 4088 ego
3121 4020 3391 4074 uobiscum
3440 4021 3698 4090 obliquus.
3736 4019 3800 4072 Et

2227 4120 2352 4182 post
2389 4110 2668 4179 aliquanta
2698 4108 2904 4178 ,iterum
2948 4108 3084 4165 dicit
3119 4111 3187 4166 ad
3222 4111 3472 4167 ultimum
3508 4131 3521 4166 :
3557 4111 3624 4164 Et
3668 4125 3799 4181 quo-

2227 4205 2373 4258 niam
2398 4200 2796 4256 ambulaverunt
2830 4201 2884 4254 in
2913 4213 3191 4272 conspectu
3229 4219 3342 4256 meo
3374 4204 3599 4273 obliqui,
3629 4213 3678 4256 et
3706 4216 3799 4273 ego

2229 4293 2508 4350 ambulabo
2538 4311 2655 4347 cum
2679 4294 2754 4348 eis
2787 4294 2842 4346 in
2878 4293 3056 4359 furore
3084 4293 3405 4361 obliquus“.
3437 4293 3562 4348 Haec
3586 4309 3800 4348 assum-

2226 4388 2440 4457 psimus
2462 4425 2477 4451 ,
2509 4400 2576 4438 ex
2607 4383 2808 4452 quibus
2837 4383 3194 4450 probaremus
3224 4381 3456 4449 qualiter
3484 4381 3762 4450 despicere
3781 4420 3796 4446 ,

551 4491 662 4537 tem
698 4489 754 4536 et
799 4473 1223 4532 iuobedientiam
1272 4485 1448 4524 meam
1476 4470 1613 4539 (58).
1658 4469 1796 4523 Cum
1826 4486 1954 4526 vero
1979 4479 2124 4524 recte
2157 4489 2199 4544 υ
2228 4476 2332 4530 hoc
2379 4483 2461 4529 est
2501 4472 2722 4541 oblique
2762 4471 3006 4540 aspicere
3035 4469 3117 4524 sol
3152 4469 3384 4524 dicatur.
3429 4469 3496 4523 Et
3524 4469 3800 4524 evidenter

556 4584 758 4630 stetero
789 4582 915 4628 ante
951 4584 1099 4635 eum,
1133 4573 1187 4621 et
1218 4577 1326 4618 non
1363 4559 1517 4614 fuero
1546 4561 1802 4630 obliquus
1833 4561 1886 4614 in
1921 4561 2123 4630 aliquo,

555 4677 733 4731 neque
775 4662 1119 4716 declimvero
1171 4654 1240 4711 ad
1287 4653 1591 4714 dexteram,
1639 4665 1815 4720 neque
1863 4649 1934 4704 ad
1987 4651 2125 4705 sini-

554 4762 764 4818 stram,
812 4753 907 4807 sed
960 4753 1140 4807 fecero
1195 4759 1376 4807 rectas
1430 4744 1652 4801 semitas
1699 4743 1930 4812 pedibus
1990 4743 2128 4798 meis

552 4855 745 4903 contra
784 4843 951 4900 solem
997 4844 1225 4914 justitia:
1257 4840 1513 4896 incedens
1544 4839 1598 4892 in
1631 4836 1889 4892 omnibus
1923 4834 2128 4904 justifi-

552 4938 864 4996 cationibus
905 4937 1025 5006 ejus
1053 4935 1172 4989 sine
1200 4933 1457 5003 querela;
1497 4939 1625 4985 tunc
1675 4936 1731 4982 et
1783 4927 1901 4996 ipsc
1944 4933 2125 4980 rectus

553 5047 644 5087 me
683 5029 974 5099 respiciet,
1034 5037 1089 5082 et
1138 5025 1286 5080 nulla
1335 5025 1440 5080 erit
1493 5022 1809 5092 obliquitas,
1869 5032 1969 5072 nec
2018 5016 2124 5070 erit

552 5135 721 5179 causa
761 5119 870 5174 ulla
917 5117 1234 5186 despectus,
1277 5123 1333 5168 et
1372 5121 1502 5168 tunc
1551 5111 1805 5166 reddetur
1845 5105 1979 5161 mihi
2030 5105 2123 5159 lux

552 5229 674 5269 mea
735 5221 791 5267 et
854 5207 1111 5280 splendor
1155 5221 1347 5272 meus;
1383 5205 1440 5259 in
1475 5211 1798 5273 tantumque
1853 5199 2123 5271 propelle-

622 5349 667 5381 "’
695 5347 854 5402 Rom.
884 5361 961 5410 χι,
983 5341 1074 5406 '50,
1101 5342 1191 5396 3|.
1265 5340 1311 5372 ⁸ο
1342 5339 1476 5395 ibid.
1507 5339 1600 5393 25.

624 5492 735 5562 (58)
779 5488 1078 5559 ProcOpius
1105 5501 1172 5542 ex
1209 5484 1441 5554 Origene
1473 5502 1486 5538 :
1529 5481 1912 5537 Σκοτισθεῖσάν
1949 5497 2016 5552 με
2049 5483 2115 5550 τῇ

563 5563 794 5602 Fruar/ria
830 5560 1062 5602 Xma-chc
1119 5555 1342 5602 παρεῖδε
1391 5553 1481 5602 διὰ
1531 5555 1630 5602 τὴν
1685 5551 1994 5602 ἁιιαοτίαν·
2061 5551 2115 5602 ὃν

553 5553 797 5632 ἁμὸιρσὶτίπι
829 5553 1062 5642 Χρισίῖὺς
1119 5555 1342 5627 παρεῖδε
1391 5553 1481 5638 sit;
1531 5555 1630 5624 τὴν
1685 5553 1994 5637 ἁμαρτίακί·
2061 5553 2120 5602 ὃν

551 5633 702 5703 ἥλιον
762 5618 1103 5703 δικαιοᾳρνης
1134 5629 1580 5703 μάναγορευςλρριγ
1635 5625 1692 5676 αἱ
1753 5623 1988 5703 Γραφαξ.
2038 5619 2121 5674 Ex

551 5691 766 5771 peccato
813 5700 1035 5753 tenebris
1061 5691 1677 5771 '_oﬂ‘ttscatant_Cltristus
1721 5691 1807 5771 me
1848 5691 1926 5771 ob.
1951 5692 2123 5771 incre-

554 5761 834 5828 dulitatem
877 5761 1159 5837 despexit":
1193 5779 1344 5837 quem
1378 5761 1668 5829 Scriptura:
1703 5761 1878 5840 solent
1899 5762 2124 5832 justitia

1694 5338 1741 5370 ἐι
1774 5334 1959 5391 Ιιθνίῑ.
1992 5349 2142 5401 xxvi,
2171 5332 2263 5386 ςὶΙ.

2233 4567 2428 4621 claruit
2457 4565 2602 4634 quod
2650 4564 2752 4618 hos
2792 4562 2998 4632 despici
3033 4561 3142 4626 ait,
3181 4570 3236 4617 et
3280 4577 3406 4617 cum
3448 4563 3534 4617 his
3579 4561 3800 4632 oblique

2233 4656 2465 4724 incedat,
2501 4671 2568 4711 ac
2594 4669 2868 4726 perverse,
2896 4655 2987 4724 qui
3018 4653 3237 4724 oblique
3267 4653 3524 4708 incedunt
3553 4669 3678 4709 cum
3707 4669 3795 4708 eo.

3122 4833 3364 4905 Πρόσχες
3410 4833 3468 4886 δὲ
3523 4832 3665 4905 ('59)
3708 4833 3803 4885 καὶ⁹

3051 4925 3281 4993 τούτοις,
3311 4925 3391 4978 ὅτι
3425 4927 3452 4978 ὁ
3481 4925 3652 4995 ἥλιος,
3681 4925 3803 4977 λευ-

3053 5020 3148 5085 κὸς
3183 5021 3275 5074 καὶ
3301 5018 3549 5089 λαμπρὸς
3576 5018 3682 5082 ὢν,
3716 5018 3803 5070 δο-

3052 5117 3140 5169 κεῖ
3173 5113 3269 5184 τὴν
3309 5111 3484 5165 αἰτίαν
3526 5110 3666 5180 ἔχειν
3707 5109 3800 5162 τοῦ

3054 5204 3316 5280 μελανοῖΝ
3343 5206 3404 5258 οὐ
3432 5205 3561 5273 παρ’
3586 5203 3798 5266 ἑαυτὸν,

2305 4836 2408 4892 Sed
2453 4843 2507 4890 et
2547 4835 2652 4891 hoc
2690 4834 2835 4904 quod
2879 4833 2978 4888 ad-

2233 4931 2448 4986 monuit
2497 4945 2736 5000 praesens
2791 4929 2944 4983 locus
2963 4968 2978 4989 .

2233 5023 2600 5078 indiscussum
2631 5036 2740 5075 non
2764 5019 2984 5074 omitta-

2232 5136 2375 5187 mus,
2392 5119 2520 5189 quia
2546 5118 2628 5173 scl
2652 5115 2882 5185 duplicis
2900 5115 2980 5169 vi-

2231 5217 2389 5272 detur
2413 5229 2533 5270 esse
2558 5210 2980 5278 virtutis,~unius

2339 5330 2384 5363 ⁸⁸
2411 5327 2659 5397 il)id._‘25,
2686 5325 2777 5380 24.
2853 5324 2900 5357 ⁸³
2934 5323 3067 5380 ibid.
3094 5323 3184 5386 40,
3219 5322 3306 5377 41.

2221 5488 2720 5615 ῑ’0ῖὲἓῖΠρόονχες
2778 5543 2845 5597 δέ
2866 5583 2880 5606 ,
2922 5549 3033 5615 etc_._
3079 5539 3264 5594 Grazca
3287 5540 3434 5615 _hzec
3463 5537 3799 5615 _Plriloc_aliz

2224 5607 2401 5686 capite
2443 5607 2653 5686 ul'timo'
2682 5607 2945 5686 excerpta
2983 5611 3238 5686 dicuntur
3284 5610 3348 5662 ἐκ
3397 5609 3489 5663 τοῦ
3537 5609 3580 5680 β’
3627 5607 3796 5678 τόμον

2225 5677 2334 5740 τῶν
2365 5689 2443 5749 εἰς
2471 5687 2530 5738 τὸ
2558 5681 2744 5755 τᾼςςμει
2781 5677 2885 5735 τῶν
2923 5677 3200 5751 ᾀσμάτων.
