  <div class='ocr_page' id='page_1' title='image "/cluster/home/n/w/nwhite01/storage/ocr_20150623/13/mdp.39015007036059/060.png"; bbox 0 0 4236 6282; ppageno 0'>
   <div class='ocr_carea' id='block_1_1' title="bbox 424 374 525 430">
    <p class='ocr_par' dir='ltr' id='par_1_1' title="bbox 424 374 525 430">
     <span class='ocr_line' id='line_1_1' title="bbox 424 374 525 430; baseline 0.01 -1"><span class='ocrx_word' id='word_1_1' title='bbox 424 374 525 430; x_wconf 77' lang='lat' dir='ltr'><strong>H3</strong></span> 
     </span>
    </p>
   </div>
   <div class='ocr_carea' id='block_1_2' title="bbox 417 484 1176 559">
    <p class='ocr_par' dir='ltr' id='par_1_2' title="bbox 417 484 1176 559">
     <span class='ocr_line' id='line_1_2' title="bbox 417 484 1176 559; baseline -0.003 -17"><span class='ocrx_word' id='word_1_2' title='bbox 417 486 557 542; x_wconf 68' lang='lat' dir='ltr'><strong>ma</strong></span> <span class='ocrx_word' id='word_1_3' title='bbox 598 484 744 559; x_wconf 75' lang='grc' dir='ltr'>παρὰ</span> <span class='ocrx_word' id='word_1_4' title='bbox 780 485 877 541; x_wconf 78' lang='grc' dir='ltr'><strong>τὸν</strong></span> <span class='ocrx_word' id='word_1_5' title='bbox 921 485 998 552; x_wconf 87' lang='grc' dir='ltr'>ὡς</span> <span class='ocrx_word' id='word_1_6' title='bbox 1040 486 1176 542; x_wconf 80' lang='grc' dir='ltr'><strong>ἀπο-</strong></span> 
     </span>
    </p>
   </div>
   <div class='ocr_carea' id='block_1_3' title="bbox 420 581 1173 654">
    <p class='ocr_par' dir='ltr' id='par_1_3' title="bbox 420 581 1173 654">
     <span class='ocr_line' id='line_1_3' title="bbox 420 581 1173 654; baseline -0.003 -17"><span class='ocrx_word' id='word_1_7' title='bbox 420 581 726 653; x_wconf 76' lang='grc' dir='ltr'><strong>δεδώκαμεν</strong></span> <span class='ocrx_word' id='word_1_8' title='bbox 750 581 1173 654; x_wconf 79' lang='grc' dir='ltr'>μελανούμενον.</span> 
     </span>
    </p>
   </div>
   <div class='ocr_carea' id='block_1_4' title="bbox 419 662 1180 746">
    <p class='ocr_par' dir='ltr' id='par_1_4' title="bbox 419 662 1180 746">
     <span class='ocr_line' id='line_1_4' title="bbox 419 662 1180 746; baseline -0.003 -18"><span class='ocrx_word' id='word_1_9' title='bbox 419 673 577 728; x_wconf 84' lang='grc' dir='ltr'><strong>Οὕτω</strong></span> <span class='ocrx_word' id='word_1_10' title='bbox 590 673 648 727; x_wconf 79' lang='grc' dir='ltr'>δὲ</span> <span class='ocrx_word' id='word_1_11' title='bbox 664 675 876 746; x_wconf 75' lang='grc' dir='ltr'><strong>μήποτε</strong></span> <span class='ocrx_word' id='word_1_12' title='bbox 897 662 994 728; x_wconf 76' lang='grc' dir='ltr'><strong>καὶ</strong></span> <span class='ocrx_word' id='word_1_13' title='bbox 1015 673 1180 746; x_wconf 80' lang='grc' dir='ltr'><strong>σκλη-</strong></span> 
     </span>
    </p>
   </div>
   <div class='ocr_carea' id='block_1_5' title="bbox 417 768 1181 841">
    <p class='ocr_par' dir='ltr' id='par_1_5' title="bbox 417 768 1181 841">
     <span class='ocr_line' id='line_1_5' title="bbox 417 768 1181 841; baseline -0.004 -17"><span class='ocrx_word' id='word_1_14' title='bbox 417 768 571 840; x_wconf 79' lang='grc' dir='ltr'>ρύνει</span> <span class='ocrx_word' id='word_1_15' title='bbox 630 768 837 841; x_wconf 81' lang='grc' dir='ltr'><strong>Κύριος</strong></span> <span class='ocrx_word' id='word_1_16' title='bbox 892 769 993 840; x_wconf 82' lang='grc' dir='ltr'><strong>τὴν</strong></span> <span class='ocrx_word' id='word_1_17' title='bbox 1041 786 1181 840; x_wconf 79' lang='grc' dir='ltr'>καρ-</span> 
     </span>
    </p>
   </div>
   <div class='ocr_carea' id='block_1_6' title="bbox 416 860 1180 933">
    <p class='ocr_par' dir='ltr' id='par_1_6' title="bbox 416 860 1180 933">
     <span class='ocr_line' id='line_1_6' title="bbox 416 860 1180 933; baseline 0.003 -19"><span class='ocrx_word' id='word_1_18' title='bbox 416 860 540 916; x_wconf 78' lang='grc' dir='ltr'>δίαν</span> <span class='ocrx_word' id='word_1_19' title='bbox 582 860 816 933; x_wconf 70' lang='grc' dir='ltr'>Φαραὼ,</span> <span class='ocrx_word' id='word_1_20' title='bbox 863 861 965 932; x_wconf 79' lang='grc' dir='ltr'><strong>τῆς</strong></span> <span class='ocrx_word' id='word_1_21' title='bbox 1000 860 1180 924; x_wconf 82' lang='grc' dir='ltr'><strong>αἰτίας</strong></span> 
     </span>
    </p>
   </div>
   <div class='ocr_carea' id='block_1_7' title="bbox 416 951 1181 1024">
    <p class='ocr_par' dir='ltr' id='par_1_7' title="bbox 416 951 1181 1024">
     <span class='ocr_line' id='line_1_7' title="bbox 416 951 1181 1024; baseline -0.001 -18"><span class='ocrx_word' id='word_1_22' title='bbox 416 952 614 1007; x_wconf 82' lang='grc' dir='ltr'><strong>τούτου</strong></span> <span class='ocrx_word' id='word_1_23' title='bbox 663 951 831 1023; x_wconf 71' lang='grc' dir='ltr'>οὔσης</span> <span class='ocrx_word' id='word_1_24' title='bbox 863 952 991 1024; x_wconf 81' lang='grc' dir='ltr'><strong>περὶ</strong></span> <span class='ocrx_word' id='word_1_25' title='bbox 1019 952 1181 1006; x_wconf 82' lang='grc' dir='ltr'>αὐτὸν</span> 
     </span>
    </p>
   </div>
   <div class='ocr_carea' id='block_1_8' title="bbox 420 1045 1183 1117">
    <p class='ocr_par' dir='ltr' id='par_1_8' title="bbox 420 1045 1183 1117">
     <span class='ocr_line' id='line_1_8' title="bbox 420 1045 1183 1117; baseline -0.001 -17"><span class='ocrx_word' id='word_1_26' title='bbox 420 1046 801 1100; x_wconf 78' lang='grc' dir='ltr'>κατοδυνῶντα</span> <span class='ocrx_word' id='word_1_27' title='bbox 830 1045 927 1117; x_wconf 75' lang='grc' dir='ltr'><strong>τὴν</strong></span> <span class='ocrx_word' id='word_1_28' title='bbox 957 1046 1065 1099; x_wconf 86' lang='grc' dir='ltr'><strong>τῶν</strong></span> <span class='ocrx_word' id='word_1_29' title='bbox 1105 1047 1183 1099; x_wconf 85' lang='grc' dir='ltr'><strong><em>Ἐ-</em></strong></span> 
     </span>
    </p>
   </div>
   <div class='ocr_carea' id='block_1_9' title="bbox 419 1136 1185 1210">
    <p class='ocr_par' dir='ltr' id='par_1_9' title="bbox 419 1136 1185 1210">
     <span class='ocr_line' id='line_1_9' title="bbox 419 1136 1185 1210; baseline -0.001 -19"><span class='ocrx_word' id='word_1_30' title='bbox 419 1138 633 1210; x_wconf 70' lang='grc' dir='ltr'>ὕραίων</span> <span class='ocrx_word' id='word_1_31' title='bbox 674 1136 818 1210; x_wconf 80' lang='grc' dir='ltr'><strong>ζωὴν</strong></span> <span class='ocrx_word' id='word_1_32' title='bbox 861 1140 919 1191; x_wconf 80' lang='grc' dir='ltr'>ὲν</span> <span class='ocrx_word' id='word_1_33' title='bbox 950 1141 1063 1202; x_wconf 85' lang='grc' dir='ltr'><strong>τοῖς</strong></span> <span class='ocrx_word' id='word_1_34' title='bbox 1094 1137 1185 1209; x_wconf 81' lang='grc' dir='ltr'><strong>ἔρ-</strong></span> 
     </span>
    </p>
   </div>
   <div class='ocr_carea' id='block_1_10' title="bbox 420 1229 1184 1301">
    <p class='ocr_par' dir='ltr' id='par_1_10' title="bbox 420 1229 1184 1301">
     <span class='ocr_line' id='line_1_10' title="bbox 420 1229 1184 1301; baseline -0.003 -17"><span class='ocrx_word' id='word_1_35' title='bbox 420 1248 544 1301; x_wconf 80' lang='grc' dir='ltr'>γοις</span> <span class='ocrx_word' id='word_1_36' title='bbox 596 1233 707 1294; x_wconf 78' lang='grc' dir='ltr'><strong>τοῖς</strong></span> <span class='ocrx_word' id='word_1_37' title='bbox 755 1230 1040 1301; x_wconf 81' lang='grc' dir='ltr'>σκληροῖς,</span> <span class='ocrx_word' id='word_1_38' title='bbox 1106 1229 1184 1301; x_wconf 84' lang='grc' dir='ltr'><strong>τῷ</strong></span> 
     </span>
    </p>
   </div>
   <div class='ocr_carea' id='block_1_11' title="bbox 423 1321 1185 1394">
    <p class='ocr_par' dir='ltr' id='par_1_11' title="bbox 423 1321 1185 1394">
     <span class='ocr_line' id='line_1_11' title="bbox 423 1321 1185 1394; baseline -0.003 -19"><span class='ocrx_word' id='word_1_39' title='bbox 423 1321 586 1394; x_wconf 85' lang='grc' dir='ltr'><strong>πηλῷ</strong></span> <span class='ocrx_word' id='word_1_40' title='bbox 605 1323 700 1377; x_wconf 81' lang='grc' dir='ltr'>καὶ</span> <span class='ocrx_word' id='word_1_41' title='bbox 717 1324 783 1393; x_wconf 80' lang='grc' dir='ltr'><strong>τῇ</strong></span> <span class='ocrx_word' id='word_1_42' title='bbox 815 1321 1064 1393; x_wconf 81' lang='grc' dir='ltr'>πλινθείᾳ</span> <span class='ocrx_word' id='word_1_43' title='bbox 1089 1321 1185 1374; x_wconf 58' lang='grc' dir='ltr'><strong>καὶ¹</strong></span> 
     </span>
    </p>
   </div>
   <div class='ocr_carea' id='block_1_12' title="bbox 423 1413 1186 1485">
    <p class='ocr_par' dir='ltr' id='par_1_12' title="bbox 423 1413 1186 1485">
     <span class='ocr_line' id='line_1_12' title="bbox 423 1413 1186 1485; baseline -0.007 -15"><span class='ocrx_word' id='word_1_44' title='bbox 423 1416 565 1470; x_wconf 82' lang='grc' dir='ltr'>πᾶσι</span> <span class='ocrx_word' id='word_1_45' title='bbox 594 1417 707 1477; x_wconf 82' lang='grc' dir='ltr'><strong>τοῖς</strong></span> <span class='ocrx_word' id='word_1_46' title='bbox 727 1413 911 1485; x_wconf 75' lang='grc' dir='ltr'>ἔργοις</span> <span class='ocrx_word' id='word_1_47' title='bbox 944 1413 1066 1483; x_wconf 78' lang='grc' dir='ltr'><strong>οὐχὶ</strong></span> <span class='ocrx_word' id='word_1_48' title='bbox 1092 1413 1186 1465; x_wconf 80' lang='grc' dir='ltr'><strong>καὶ</strong></span> 
     </span>
    </p>
   </div>
   <div class='ocr_carea' id='block_1_13' title="bbox 420 1500 1184 1578">
    <p class='ocr_par' dir='ltr' id='par_1_13' title="bbox 420 1500 1184 1578">
     <span class='ocr_line' id='line_1_13' title="bbox 420 1500 1184 1578; baseline 0 -19"><span class='ocrx_word' id='word_1_49' title='bbox 420 1510 538 1570; x_wconf 84' lang='grc' dir='ltr'>τοῖς</span> <span class='ocrx_word' id='word_1_50' title='bbox 563 1509 623 1560; x_wconf 84' lang='grc' dir='ltr'>ὲν</span> <span class='ocrx_word' id='word_1_51' title='bbox 647 1506 799 1578; x_wconf 80' lang='grc' dir='ltr'>ὄρεσι</span> <span class='ocrx_word' id='word_1_52' title='bbox 823 1506 919 1559; x_wconf 74' lang='grc' dir='ltr'>καὶ</span> <span class='ocrx_word' id='word_1_53' title='bbox 953 1500 1184 1576; x_wconf 76' lang='grc' dir='ltr'><strong>βουνοῖς,</strong></span> 
     </span>
    </p>
   </div>
   <div class='ocr_carea' id='block_1_14' title="bbox 422 1600 1188 1666">
    <p class='ocr_par' dir='ltr' id='par_1_14' title="bbox 422 1600 1188 1666">
     <span class='ocr_line' id='line_1_14' title="bbox 422 1600 1188 1666; baseline -0.003 -9"><span class='ocrx_word' id='word_1_54' title='bbox 422 1602 563 1657; x_wconf 74' lang='grc' dir='ltr'>ἀλλὰ</span> <span class='ocrx_word' id='word_1_55' title='bbox 579 1605 692 1666; x_wconf 84' lang='grc' dir='ltr'><strong>τοῖς</strong></span> <span class='ocrx_word' id='word_1_56' title='bbox 720 1604 777 1656; x_wconf 78' lang='grc' dir='ltr'>ἐν</span> <span class='ocrx_word' id='word_1_57' title='bbox 801 1600 1026 1664; x_wconf 81' lang='grc' dir='ltr'><strong>πεδίοις.</strong></span> <span class='ocrx_word' id='word_1_58' title='bbox 1046 1600 1188 1655; x_wconf 80' lang='grc' dir='ltr'><strong>Ὑλι-</strong></span> 
     </span>
    </p>
   </div>
   <div class='ocr_carea' id='block_1_15' title="bbox 424 1694 1188 1767">
    <p class='ocr_par' dir='ltr' id='par_1_15' title="bbox 424 1694 1188 1767">
     <span class='ocr_line' id='line_1_15' title="bbox 424 1694 1188 1767; baseline -0.004 -18"><span class='ocrx_word' id='word_1_59' title='bbox 424 1695 522 1759; x_wconf 69' lang='lat' dir='ltr'><strong>ub;</strong></span> <span class='ocrx_word' id='word_1_60' title='bbox 553 1695 662 1767; x_wconf 90' lang='grc' dir='ltr'><strong>γάρ</strong></span> <span class='ocrx_word' id='word_1_61' title='bbox 692 1712 776 1759; x_wconf 87' lang='grc' dir='ltr'><strong>τις</strong></span> <span class='ocrx_word' id='word_1_62' title='bbox 802 1694 911 1749; x_wconf 80' lang='grc' dir='ltr'><strong>ἀπὸ</strong></span> <span class='ocrx_word' id='word_1_63' title='bbox 934 1695 1033 1765; x_wconf 84' lang='grc' dir='ltr'><strong>τῆς</strong></span> <span class='ocrx_word' id='word_1_64' title='bbox 1061 1695 1188 1747; x_wconf 77' lang='grc' dir='ltr'><strong>ἑαυ-</strong></span> 
     </span>
    </p>
   </div>
   <div class='ocr_carea' id='block_1_16' title="bbox 423 1790 1185 1863">
    <p class='ocr_par' dir='ltr' id='par_1_16' title="bbox 423 1790 1185 1863">
     <span class='ocr_line' id='line_1_16' title="bbox 423 1790 1185 1863; baseline 0.001 -20"><span class='ocrx_word' id='word_1_65' title='bbox 423 1790 521 1845; x_wconf 80' lang='grc' dir='ltr'><strong>τοῦ</strong></span> <span class='ocrx_word' id='word_1_66' title='bbox 554 1791 752 1855; x_wconf 80' lang='grc' dir='ltr'><strong>κακίας</strong></span> <span class='ocrx_word' id='word_1_67' title='bbox 786 1790 1152 1863; x_wconf 83' lang='grc' dir='ltr'>γεγενημένος</span> <span class='ocrx_word' id='word_1_68' title='bbox 1169 1829 1185 1855; x_wconf 90' lang='grc'><strong>,</strong></span> 
     </span>
    </p>
   </div>
   <div class='ocr_carea' id='block_1_17' title="bbox 426 1882 1188 1955">
    <p class='ocr_par' dir='ltr' id='par_1_17' title="bbox 426 1882 1188 1955">
     <span class='ocr_line' id='line_1_17' title="bbox 426 1882 1188 1955; baseline -0.003 -17"><span class='ocrx_word' id='word_1_69' title='bbox 426 1885 524 1937; x_wconf 75' lang='grc' dir='ltr'><strong>καὶ</strong></span> <span class='ocrx_word' id='word_1_70' title='bbox 589 1883 730 1938; x_wconf 74' lang='grc' dir='ltr'>κατὰ</span> <span class='ocrx_word' id='word_1_71' title='bbox 803 1885 984 1955; x_wconf 81' lang='grc' dir='ltr'>σάρκα</span> <span class='ocrx_word' id='word_1_72' title='bbox 1044 1882 1188 1938; x_wconf 82' lang='grc' dir='ltr'><strong>κατὰ</strong></span> 
     </span>
    </p>
   </div>
   <div class='ocr_carea' id='block_1_18' title="bbox 426 1977 1190 2049">
    <p class='ocr_par' dir='ltr' id='par_1_18' title="bbox 426 1977 1190 2049">
     <span class='ocr_line' id='line_1_18' title="bbox 426 1977 1190 2049; baseline 0.001 -19"><span class='ocrx_word' id='word_1_73' title='bbox 426 1980 607 2033; x_wconf 86' lang='grc' dir='ltr'>πάντα</span> <span class='ocrx_word' id='word_1_74' title='bbox 646 1978 756 2044; x_wconf 79' lang='grc' dir='ltr'>ζῶν</span> <span class='ocrx_word' id='word_1_75' title='bbox 775 2018 791 2044; x_wconf 88' lang='grc'><strong>,</strong></span> <span class='ocrx_word' id='word_1_76' title='bbox 837 1978 995 2049; x_wconf 83' lang='grc' dir='ltr'><strong>πηλῷ</strong></span> <span class='ocrx_word' id='word_1_77' title='bbox 1037 1977 1190 2048; x_wconf 80' lang='grc' dir='ltr'><strong>φίλος</strong></span> 
     </span>
    </p>
   </div>
   <div class='ocr_carea' id='block_1_19' title="bbox 427 2074 1191 2144">
    <p class='ocr_par' dir='ltr' id='par_1_19' title="bbox 427 2074 1191 2144">
     <span class='ocr_line' id='line_1_19' title="bbox 427 2074 1191 2144; baseline 0 -18"><span class='ocrx_word' id='word_1_78' title='bbox 427 2075 712 2144; x_wconf 77' lang='grc' dir='ltr'><strong>τυγχάνων</strong></span> <span class='ocrx_word' id='word_1_79' title='bbox 732 2113 747 2138; x_wconf 93' lang='grc'><strong>,</strong></span> <span class='ocrx_word' id='word_1_80' title='bbox 795 2074 1046 2143; x_wconf 80' lang='grc' dir='ltr'><strong>βούλεται</strong></span> <span class='ocrx_word' id='word_1_81' title='bbox 1095 2074 1191 2127; x_wconf 66' lang='grc' dir='ltr'><strong>καὶ</strong></span> 
     </span>
    </p>
   </div>
   <div class='ocr_carea' id='block_1_20' title="bbox 431 2167 1195 2238">
    <p class='ocr_par' dir='ltr' id='par_1_20' title="bbox 431 2167 1195 2238">
     <span class='ocr_line' id='line_1_20' title="bbox 431 2167 1195 2238; baseline -0.001 -18"><span class='ocrx_word' id='word_1_82' title='bbox 431 2168 563 2231; x_wconf 79' lang='grc' dir='ltr'>τοὺς</span> <span class='ocrx_word' id='word_1_83' title='bbox 599 2167 885 2238; x_wconf 78' lang='grc' dir='ltr'>Ἐϐραίους</span> <span class='ocrx_word' id='word_1_84' title='bbox 930 2167 1195 2238; x_wconf 63' lang='grc' dir='ltr'><strong>πηλοποιο</strong></span> 
     </span>
    </p>
   </div>
   <div class='ocr_carea' id='block_1_21' title="bbox 431 2257 1198 2330">
    <p class='ocr_par' dir='ltr' id='par_1_21' title="bbox 431 2257 1198 2330">
     <span class='ocr_line' id='line_1_21' title="bbox 431 2257 1198 2330; baseline 0 -18"><span class='ocrx_word' id='word_1_85' title='bbox 431 2261 547 2325; x_wconf 75' lang='grc' dir='ltr'>εἴν,</span> <span class='ocrx_word' id='word_1_86' title='bbox 586 2259 648 2313; x_wconf 83' lang='grc' dir='ltr'><strong>τὸ</strong></span> <span class='ocrx_word' id='word_1_87' title='bbox 689 2258 1016 2330; x_wconf 76' lang='grc' dir='ltr'><strong>ἡγεμονικὸν</strong></span> <span class='ocrx_word' id='word_1_88' title='bbox 1056 2257 1198 2329; x_wconf 75' lang='grc' dir='ltr'><strong>ἔχων</strong></span> 
     </span>
    </p>
   </div>
   <div class='ocr_carea' id='block_1_22' title="bbox 428 2352 1197 2425">
    <p class='ocr_par' dir='ltr' id='par_1_22' title="bbox 428 2352 1197 2425">
     <span class='ocr_line' id='line_1_22' title="bbox 428 2352 1197 2425; baseline 0 -18"><span class='ocrx_word' id='word_1_89' title='bbox 428 2353 497 2407; x_wconf 83' lang='grc' dir='ltr'>οὐ</span> <span class='ocrx_word' id='word_1_90' title='bbox 539 2353 781 2425; x_wconf 81' lang='grc' dir='ltr'>καθαρὸν</span> <span class='ocrx_word' id='word_1_91' title='bbox 814 2352 988 2425; x_wconf 86' lang='grc' dir='ltr'><strong>πηλοῦ</strong></span> <span class='ocrx_word' id='word_1_92' title='bbox 1009 2370 1025 2384; x_wconf 89' lang='grc'><strong>·</strong></span> <span class='ocrx_word' id='word_1_93' title='bbox 1058 2354 1197 2425; x_wconf 87' lang='grc' dir='ltr'><strong>ὅπερ</strong></span> 
     </span>
    </p>
   </div>
   <div class='ocr_carea' id='block_1_23' title="bbox 428 2446 1197 2519">
    <p class='ocr_par' dir='ltr' id='par_1_23' title="bbox 428 2446 1197 2519">
     <span class='ocr_line' id='line_1_23' title="bbox 428 2446 1197 2519; baseline -0.004 -17"><span class='ocrx_word' id='word_1_94' title='bbox 428 2447 510 2512; x_wconf 82' lang='grc' dir='ltr'><strong>ὡς</strong></span> <span class='ocrx_word' id='word_1_95' title='bbox 533 2447 706 2519; x_wconf 80' lang='grc' dir='ltr'><strong>πηλὸς</strong></span> <span class='ocrx_word' id='word_1_96' title='bbox 727 2447 832 2501; x_wconf 78' lang='grc' dir='ltr'><strong>ὑπὸ</strong></span> <span class='ocrx_word' id='word_1_97' title='bbox 857 2446 1009 2518; x_wconf 80' lang='grc' dir='ltr'>ἡλίου</span> <span class='ocrx_word' id='word_1_98' title='bbox 1036 2447 1197 2519; x_wconf 83' lang='grc' dir='ltr'>σκλη-</span> 
     </span>
    </p>
   </div>
   <div class='ocr_carea' id='block_1_24' title="bbox 434 2539 1192 2614">
    <p class='ocr_par' dir='ltr' id='par_1_24' title="bbox 434 2539 1192 2614">
     <span class='ocr_line' id='line_1_24' title="bbox 434 2539 1192 2614; baseline -0.001 -19"><span class='ocrx_word' id='word_1_99' title='bbox 434 2541 651 2614; x_wconf 62' lang='grc' dir='ltr'>ρύνεται</span> <span class='ocrx_word' id='word_1_100' title='bbox 673 2582 688 2607; x_wconf 93' lang='grc'><strong>,</strong></span> <span class='ocrx_word' id='word_1_101' title='bbox 737 2539 914 2606; x_wconf 79' lang='grc' dir='ltr'>οὕτως</span> <span class='ocrx_word' id='word_1_102' title='bbox 946 2540 1051 2595; x_wconf 82' lang='grc' dir='ltr'><strong>ὑπὸ</strong></span> <span class='ocrx_word' id='word_1_103' title='bbox 1082 2541 1192 2595; x_wconf 83' lang='grc' dir='ltr'><strong>τῶν</strong></span> 
     </span>
    </p>
   </div>
   <div class='ocr_carea' id='block_1_25' title="bbox 431 2637 1193 2707">
    <p class='ocr_par' dir='ltr' id='par_1_25' title="bbox 431 2637 1193 2707">
     <span class='ocr_line' id='line_1_25' title="bbox 431 2637 1193 2707; baseline -0.005 -13"><span class='ocrx_word' id='word_1_104' title='bbox 431 2637 616 2707; x_wconf 79' lang='grc' dir='ltr'>αὐγῶν</span> <span class='ocrx_word' id='word_1_105' title='bbox 647 2637 742 2691; x_wconf 80' lang='grc' dir='ltr'><strong>τοῦ</strong></span> <span class='ocrx_word' id='word_1_106' title='bbox 773 2637 910 2691; x_wconf 78' lang='grc' dir='ltr'>Θεοῦ</span> <span class='ocrx_word' id='word_1_107' title='bbox 962 2638 1193 2691; x_wconf 72' lang='grc' dir='ltr'><strong>ἐπισκοσ-</strong></span> 
     </span>
    </p>
   </div>
   <div class='ocr_carea' id='block_1_26' title="bbox 433 2729 1196 2802">
    <p class='ocr_par' dir='ltr' id='par_1_26' title="bbox 433 2729 1196 2802">
     <span class='ocr_line' id='line_1_26' title="bbox 433 2729 1196 2802; baseline -0.004 -17"><span class='ocrx_word' id='word_1_108' title='bbox 433 2730 651 2785; x_wconf 81' lang='grc' dir='ltr'>πουσῶν</span> <span class='ocrx_word' id='word_1_109' title='bbox 670 2729 750 2801; x_wconf 83' lang='grc' dir='ltr'><strong>τῷ</strong></span> <span class='ocrx_word' id='word_1_110' title='bbox 764 2730 982 2802; x_wconf 77' lang='grc' dir='ltr'>Ἰσραὴλ</span> <span class='ocrx_word' id='word_1_111' title='bbox 1004 2731 1196 2802; x_wconf 72' lang='grc' dir='ltr'>ἐσκλη-</span> 
     </span>
    </p>
   </div>
   <div class='ocr_carea' id='block_1_27' title="bbox 438 2821 1197 2897">
    <p class='ocr_par' dir='ltr' id='par_1_27' title="bbox 438 2821 1197 2897">
     <span class='ocr_line' id='line_1_27' title="bbox 438 2821 1197 2897; baseline -0.001 -19"><span class='ocrx_word' id='word_1_112' title='bbox 438 2823 627 2897; x_wconf 76' lang='grc' dir='ltr'>ρύνθη.</span> <span class='ocrx_word' id='word_1_113' title='bbox 681 2824 804 2876; x_wconf 85' lang='grc' dir='ltr'><strong>Ὅτι</strong></span> <span class='ocrx_word' id='word_1_114' title='bbox 856 2821 915 2876; x_wconf 83' lang='grc' dir='ltr'>δὲ</span> <span class='ocrx_word' id='word_1_115' title='bbox 968 2823 1197 2877; x_wconf 86' lang='grc' dir='ltr'><strong>τοιαῦτά</strong></span> 
     </span>
    </p>
   </div>
   <div class='ocr_carea' id='block_1_28' title="bbox 436 2913 1193 2981">
    <p class='ocr_par' dir='ltr' id='par_1_28' title="bbox 436 2913 1193 2981">
     <span class='ocr_line' id='line_1_28' title="bbox 436 2913 1193 2981; baseline 0 -13"><span class='ocrx_word' id='word_1_116' title='bbox 436 2918 585 2969; x_wconf 77' lang='grc' dir='ltr'>ἐστιν</span> <span class='ocrx_word' id='word_1_117' title='bbox 610 2916 666 2969; x_wconf 79' lang='grc' dir='ltr'>ὲν</span> <span class='ocrx_word' id='word_1_118' title='bbox 694 2917 808 2979; x_wconf 84' lang='grc' dir='ltr'>τοῖς</span> <span class='ocrx_word' id='word_1_119' title='bbox 835 2913 979 2968; x_wconf 78' lang='grc' dir='ltr'><strong>κατὰ</strong></span> <span class='ocrx_word' id='word_1_120' title='bbox 1008 2915 1193 2981; x_wconf 77' lang='grc' dir='ltr'>τόπον,</span> 
     </span>
    </p>
   </div>
   <div class='ocr_carea' id='block_1_29' title="bbox 437 3008 1197 3082">
    <p class='ocr_par' dir='ltr' id='par_1_29' title="bbox 437 3008 1197 3082">
     <span class='ocr_line' id='line_1_29' title="bbox 437 3008 1197 3082; baseline -0.001 -17"><span class='ocrx_word' id='word_1_121' title='bbox 437 3010 533 3065; x_wconf 68' lang='grc' dir='ltr'><strong>καὶ</strong></span> <span class='ocrx_word' id='word_1_122' title='bbox 584 3010 685 3081; x_wconf 82' lang='grc' dir='ltr'><strong>οὐχ</strong></span> <span class='ocrx_word' id='word_1_123' title='bbox 742 3009 984 3081; x_wconf 81' lang='grc' dir='ltr'><strong>ἱστορίαν</strong></span> <span class='ocrx_word' id='word_1_124' title='bbox 1034 3008 1197 3082; x_wconf 80' lang='grc' dir='ltr'>ψιλὴν</span> 
     </span>
    </p>
   </div>
   <div class='ocr_carea' id='block_1_30' title="bbox 437 3104 1200 3177">
    <p class='ocr_par' dir='ltr' id='par_1_30' title="bbox 437 3104 1200 3177">
     <span class='ocr_line' id='line_1_30' title="bbox 437 3104 1200 3177; baseline -0.007 -18"><span class='ocrx_word' id='word_1_125' title='bbox 437 3105 727 3177; x_wconf 83' lang='grc' dir='ltr'>πρόκειται</span> <span class='ocrx_word' id='word_1_126' title='bbox 742 3104 1099 3175; x_wconf 73' lang='grc' dir='ltr'><strong>ἀναγράφειν,</strong></span> <span class='ocrx_word' id='word_1_127' title='bbox 1112 3104 1200 3174; x_wconf 84' lang='grc' dir='ltr'><strong>δῆ-</strong></span> 
     </span>
    </p>
   </div>
   <div class='ocr_carea' id='block_1_31' title="bbox 435 3199 1206 3271">
    <p class='ocr_par' dir='ltr' id='par_1_31' title="bbox 435 3199 1206 3271">
     <span class='ocr_line' id='line_1_31' title="bbox 435 3199 1206 3271; baseline -0.001 -18"><span class='ocrx_word' id='word_1_128' title='bbox 435 3200 526 3256; x_wconf 88' lang='grc' dir='ltr'>λον</span> <span class='ocrx_word' id='word_1_129' title='bbox 563 3200 714 3253; x_wconf 76' lang='grc' dir='ltr'>ἔσται</span> <span class='ocrx_word' id='word_1_130' title='bbox 748 3199 827 3271; x_wconf 80' lang='grc' dir='ltr'><strong>τῷ</strong></span> <span class='ocrx_word' id='word_1_131' title='bbox 862 3200 1158 3270; x_wconf 84' lang='grc' dir='ltr'>συνορῶντι</span> <span class='ocrx_word' id='word_1_132' title='bbox 1181 3239 1206 3264; x_wconf 76' lang='lat'><strong>,</strong></span> 
     </span>
    </p>
   </div>
   <div class='ocr_carea' id='block_1_32' title="bbox 435 3290 1198 3364">
    <p class='ocr_par' dir='ltr' id='par_1_32' title="bbox 435 3290 1198 3364">
     <span class='ocr_line' id='line_1_32' title="bbox 435 3290 1198 3364; baseline -0.001 -18"><span class='ocrx_word' id='word_1_133' title='bbox 435 3294 540 3357; x_wconf 85' lang='grc' dir='ltr'>ὅτι,</span> <span class='ocrx_word' id='word_1_134' title='bbox 583 3291 746 3364; x_wconf 84' lang='grc' dir='ltr'>ἡνίκα</span> <span class='ocrx_word' id='word_1_135' title='bbox 795 3290 1198 3356; x_wconf 80' lang='grc' dir='ltr'><strong>κατεστέναξαν</strong></span> 
     </span>
    </p>
   </div>
   <div class='ocr_carea' id='block_1_33' title="bbox 437 3385 1200 3459">
    <p class='ocr_par' dir='ltr' id='par_1_33' title="bbox 437 3385 1200 3459">
     <span class='ocr_line' id='line_1_33' title="bbox 437 3385 1200 3459; baseline -0.001 -18"><span class='ocrx_word' id='word_1_136' title='bbox 437 3391 484 3443; x_wconf 83' lang='grc' dir='ltr'>οἱ</span> <span class='ocrx_word' id='word_1_137' title='bbox 517 3388 629 3441; x_wconf 66' lang='grc' dir='ltr'>υἱοὶ</span> <span class='ocrx_word' id='word_1_138' title='bbox 666 3385 903 3459; x_wconf 80' lang='grc' dir='ltr'>Ἰσραὴλ,</span> <span class='ocrx_word' id='word_1_139' title='bbox 939 3385 1061 3440; x_wconf 76' lang='grc' dir='ltr'><strong>οὔτε</strong></span> <span class='ocrx_word' id='word_1_140' title='bbox 1091 3387 1200 3441; x_wconf 83' lang='grc' dir='ltr'>ἀπὸ</span> 
     </span>
    </p>
   </div>
   <div class='ocr_carea' id='block_1_34' title="bbox 438 3480 1200 3555">
    <p class='ocr_par' dir='ltr' id='par_1_34' title="bbox 438 3480 1200 3555">
     <span class='ocr_line' id='line_1_34' title="bbox 438 3480 1200 3555; baseline 0 -19"><span class='ocrx_word' id='word_1_141' title='bbox 438 3484 540 3555; x_wconf 78' lang='grc' dir='ltr'><strong>τῆς</strong></span> <span class='ocrx_word' id='word_1_142' title='bbox 572 3482 850 3546; x_wconf 82' lang='grc' dir='ltr'>πλινθείας</span> <span class='ocrx_word' id='word_1_143' title='bbox 871 3521 885 3547; x_wconf 92' lang='grc'><strong>,</strong></span> <span class='ocrx_word' id='word_1_144' title='bbox 933 3480 1058 3536; x_wconf 76' lang='grc' dir='ltr'>οὗτε</span> <span class='ocrx_word' id='word_1_145' title='bbox 1092 3484 1200 3536; x_wconf 82' lang='grc' dir='ltr'>ἀπὸ</span> 
     </span>
    </p>
   </div>
   <div class='ocr_carea' id='block_1_35' title="bbox 440 3573 1200 3647">
    <p class='ocr_par' dir='ltr' id='par_1_35' title="bbox 440 3573 1200 3647">
     <span class='ocr_line' id='line_1_35' title="bbox 440 3573 1200 3647; baseline 0 -18"><span class='ocrx_word' id='word_1_146' title='bbox 440 3575 535 3631; x_wconf 77' lang='grc' dir='ltr'><strong>τοῦ</strong></span> <span class='ocrx_word' id='word_1_147' title='bbox 613 3573 787 3647; x_wconf 82' lang='grc' dir='ltr'><strong>πηλοῦ</strong></span> <span class='ocrx_word' id='word_1_148' title='bbox 819 3614 835 3641; x_wconf 90' lang='grc'><strong>,</strong></span> <span class='ocrx_word' id='word_1_149' title='bbox 892 3573 1017 3628; x_wconf 74' lang='grc' dir='ltr'><strong>οὔτε</strong></span> <span class='ocrx_word' id='word_1_150' title='bbox 1092 3575 1200 3629; x_wconf 83' lang='grc' dir='ltr'>ἀπὸ</span> 
     </span>
    </p>
   </div>
   <div class='ocr_carea' id='block_1_36' title="bbox 442 3669 1201 3743">
    <p class='ocr_par' dir='ltr' id='par_1_36' title="bbox 442 3669 1201 3743">
     <span class='ocr_line' id='line_1_36' title="bbox 442 3669 1201 3743; baseline -0.003 -18"><span class='ocrx_word' id='word_1_151' title='bbox 442 3670 551 3726; x_wconf 82' lang='grc' dir='ltr'><strong>τῶν</strong></span> <span class='ocrx_word' id='word_1_152' title='bbox 589 3669 807 3743; x_wconf 74' lang='grc' dir='ltr'>ἀχύρων</span> <span class='ocrx_word' id='word_1_153' title='bbox 859 3670 1157 3724; x_wconf 83' lang='grc' dir='ltr'><strong>κατεστένα</strong></span> <span class='ocrx_word' id='word_1_154' title='bbox 1183 3699 1201 3711; x_wconf 87' lang='lat'><strong>-</strong></span> 
     </span>
    </p>
   </div>
   <div class='ocr_carea' id='block_1_37' title="bbox 445 3763 1203 3835">
    <p class='ocr_par' dir='ltr' id='par_1_37' title="bbox 445 3763 1203 3835">
     <span class='ocr_line' id='line_1_37' title="bbox 445 3763 1203 3835; baseline -0.001 -14"><span class='ocrx_word' id='word_1_155' title='bbox 445 3765 543 3833; x_wconf 81' lang='grc' dir='ltr'>ξαν</span> <span class='ocrx_word' id='word_1_156' title='bbox 562 3806 578 3831; x_wconf 89' lang='grc'><strong>,</strong></span> <span class='ocrx_word' id='word_1_157' title='bbox 626 3766 745 3821; x_wconf 81' lang='grc' dir='ltr'>ἀλλ’</span> <span class='ocrx_word' id='word_1_158' title='bbox 790 3764 909 3821; x_wconf 81' lang='grc' dir='ltr'><strong>ἀπὸ</strong></span> <span class='ocrx_word' id='word_1_159' title='bbox 961 3763 1078 3819; x_wconf 79' lang='grc' dir='ltr'><strong>τῶν</strong></span> <span class='ocrx_word' id='word_1_160' title='bbox 1109 3766 1203 3835; x_wconf 83' lang='grc' dir='ltr'><strong>ἔρ-</strong></span> 
     </span>
    </p>
   </div>
   <div class='ocr_carea' id='block_1_38' title="bbox 445 3858 1197 3932">
    <p class='ocr_par' dir='ltr' id='par_1_38' title="bbox 445 3858 1197 3932">
     <span class='ocr_line' id='line_1_38' title="bbox 445 3858 1197 3932; baseline -0.003 -16"><span class='ocrx_word' id='word_1_161' title='bbox 445 3878 597 3932; x_wconf 68' lang='grc' dir='ltr'><strong>γων·</strong></span> <span class='ocrx_word' id='word_1_162' title='bbox 636 3860 747 3916; x_wconf 84' lang='lat' dir='ltr'><strong>Kal</strong></span> <span class='ocrx_word' id='word_1_163' title='bbox 777 3859 959 3927; x_wconf 71' lang='grc' dir='ltr'><strong>ἀνέϐη</strong></span> <span class='ocrx_word' id='word_1_164' title='bbox 998 3861 1035 3929; x_wconf 81' lang='grc' dir='ltr'><strong><em>ἠ</em></strong></span> <span class='ocrx_word' id='word_1_165' title='bbox 1073 3858 1197 3928; x_wconf 81' lang='grc' dir='ltr'>,Βοὴ</span> 
     </span>
    </p>
   </div>
   <div class='ocr_carea' id='block_1_39' title="bbox 445 3951 1202 4022">
    <p class='ocr_par' dir='ltr' id='par_1_39' title="bbox 445 3951 1202 4022">
     <span class='ocr_line' id='line_1_39' title="bbox 445 3951 1202 4022; baseline -0.004 -14"><span class='ocrx_word' id='word_1_166' title='bbox 445 3954 644 4008; x_wconf 79' lang='grc' dir='ltr'><strong>αὐτῶν</strong></span> <span class='ocrx_word' id='word_1_167' title='bbox 679 3953 828 4022; x_wconf 74' lang='grc' dir='ltr'><strong>πρὸς</strong></span> <span class='ocrx_word' id='word_1_168' title='bbox 871 3951 1056 4019; x_wconf 84' lang='grc' dir='ltr'><strong>Θεὸν,</strong></span> <span class='ocrx_word' id='word_1_169' title='bbox 1101 3952 1202 4005; x_wconf 86' lang='grc' dir='ltr'>οὐκ</span> 
     </span>
    </p>
   </div>
   <div class='ocr_carea' id='block_1_40' title="bbox 448 4047 1202 4120">
    <p class='ocr_par' dir='ltr' id='par_1_40' title="bbox 448 4047 1202 4120">
     <span class='ocr_line' id='line_1_40' title="bbox 448 4047 1202 4120; baseline -0.007 -15"><span class='ocrx_word' id='word_1_170' title='bbox 448 4049 558 4105; x_wconf 78' lang='grc' dir='ltr'><strong>ἀπὸ</strong></span> <span class='ocrx_word' id='word_1_171' title='bbox 607 4048 777 4120; x_wconf 80' lang='grc' dir='ltr'><strong>πηλοῦ</strong></span> <span class='ocrx_word' id='word_1_172' title='bbox 801 4088 817 4113; x_wconf 94' lang='grc'><strong>,</strong></span> <span class='ocrx_word' id='word_1_173' title='bbox 857 4047 992 4103; x_wconf 83' lang='grc' dir='ltr'><strong>ἀλλὰ</strong></span> <span class='ocrx_word' id='word_1_174' title='bbox 1039 4047 1202 4101; x_wconf 83' lang='grc' dir='ltr'>πάλιν</span> 
     </span>
    </p>
   </div>
   <div class='ocr_carea' id='block_1_41' title="bbox 448 4141 1206 4216">
    <p class='ocr_par' dir='ltr' id='par_1_41' title="bbox 448 4141 1206 4216">
     <span class='ocr_line' id='line_1_41' title="bbox 448 4141 1206 4216; baseline -0.008 -16"><span class='ocrx_word' id='word_1_175' title='bbox 448 4143 570 4200; x_wconf 80' lang='grc' dir='ltr'><strong>ἀπὸ</strong></span> <span class='ocrx_word' id='word_1_176' title='bbox 592 4143 708 4197; x_wconf 80' lang='grc' dir='ltr'><strong>τῶν</strong></span> <span class='ocrx_word' id='word_1_177' title='bbox 735 4143 943 4216; x_wconf 80' lang='grc' dir='ltr'><strong>ἔργων.</strong></span> <span class='ocrx_word' id='word_1_178' title='bbox 984 4141 1076 4195; x_wconf 80' lang='grc' dir='ltr'><strong>Διὸ</strong></span> <span class='ocrx_word' id='word_1_179' title='bbox 1104 4141 1206 4196; x_wconf 79' lang='grc' dir='ltr'><strong>καὶ</strong></span> 
     </span>
    </p>
   </div>
   <div class='ocr_carea' id='block_1_42' title="bbox 451 4235 1208 4310">
    <p class='ocr_par' dir='ltr' id='par_1_42' title="bbox 451 4235 1208 4310">
     <span class='ocr_line' id='line_1_42' title="bbox 451 4235 1208 4310; baseline -0.007 -15"><span class='ocrx_word' id='word_1_180' title='bbox 451 4238 776 4310; x_wconf 78' lang='grc' dir='ltr'><strong>εὶσήκουσε</strong></span> <span class='ocrx_word' id='word_1_181' title='bbox 827 4239 1045 4307; x_wconf 80' lang='grc' dir='ltr'><strong>Κύριος</strong></span> <span class='ocrx_word' id='word_1_182' title='bbox 1089 4235 1208 4291; x_wconf 83' lang='grc' dir='ltr'><strong>τῶν</strong></span> 
     </span>
    </p>
   </div>
   <div class='ocr_carea' id='block_1_43' title="bbox 452 4331 1209 4406">
    <p class='ocr_par' dir='ltr' id='par_1_43' title="bbox 452 4331 1209 4406">
     <span class='ocr_line' id='line_1_43' title="bbox 452 4331 1209 4406; baseline -0.007 -15"><span class='ocrx_word' id='word_1_183' title='bbox 452 4334 801 4406; x_wconf 75' lang='grc' dir='ltr'><strong>στεναγμῶν</strong></span> <span class='ocrx_word' id='word_1_184' title='bbox 829 4331 1028 4388; x_wconf 82' lang='grc' dir='ltr'>αὐτῶν</span> <span class='ocrx_word' id='word_1_185' title='bbox 1051 4350 1062 4362; x_wconf 93' lang='grc'><strong>·</strong></span> <span class='ocrx_word' id='word_1_186' title='bbox 1106 4332 1209 4386; x_wconf 78' lang='grc' dir='ltr'>οὐκ</span> 
     </span>
    </p>
   </div>
   <div class='ocr_carea' id='block_1_44' title="bbox 455 4426 1207 4499">
    <p class='ocr_par' dir='ltr' id='par_1_44' title="bbox 455 4426 1207 4499">
     <span class='ocr_line' id='line_1_44' title="bbox 455 4426 1207 4499; baseline -0.003 -15"><span class='ocrx_word' id='word_1_187' title='bbox 455 4431 751 4485; x_wconf 79' lang='grc' dir='ltr'><strong>εἰσακοὺων</strong></span> <span class='ocrx_word' id='word_1_188' title='bbox 772 4426 1079 4499; x_wconf 79' lang='grc' dir='ltr'><strong>στεναγμοῦ</strong></span> <span class='ocrx_word' id='word_1_189' title='bbox 1098 4427 1207 4482; x_wconf 87' lang='grc' dir='ltr'>τῶν</span> 
     </span>
    </p>
   </div>
   <div class='ocr_carea' id='block_1_45' title="bbox 454 4521 1209 4597">
    <p class='ocr_par' dir='ltr' id='par_1_45' title="bbox 454 4521 1209 4597">
     <span class='ocr_line' id='line_1_45' title="bbox 454 4521 1209 4597; baseline -0.004 -18"><span class='ocrx_word' id='word_1_190' title='bbox 454 4525 553 4579; x_wconf 80' lang='grc' dir='ltr'><strong>οὐκ</strong></span> <span class='ocrx_word' id='word_1_191' title='bbox 589 4526 699 4581; x_wconf 81' lang='grc' dir='ltr'><strong>ἀπὸ</strong></span> <span class='ocrx_word' id='word_1_192' title='bbox 735 4524 913 4597; x_wconf 76' lang='grc' dir='ltr'>ἔργων</span> <span class='ocrx_word' id='word_1_193' title='bbox 963 4521 1209 4593; x_wconf 82' lang='grc' dir='ltr'>βοώντων</span> 
     </span>
    </p>
   </div>
   <div class='ocr_carea' id='block_1_46' title="bbox 456 4616 1211 4693">
    <p class='ocr_par' dir='ltr' id='par_1_46' title="bbox 456 4616 1211 4693">
     <span class='ocr_line' id='line_1_46' title="bbox 456 4616 1211 4693; baseline -0.005 -18"><span class='ocrx_word' id='word_1_194' title='bbox 456 4621 591 4693; x_wconf 73' lang='grc' dir='ltr'>πρὸς</span> <span class='ocrx_word' id='word_1_195' title='bbox 620 4617 957 4686; x_wconf 82' lang='grc' dir='ltr'>αὐτὸν,άλλὰ</span> <span class='ocrx_word' id='word_1_196' title='bbox 975 4616 1084 4674; x_wconf 80' lang='grc' dir='ltr'><strong>ἀπὸ</strong></span> <span class='ocrx_word' id='word_1_197' title='bbox 1113 4635 1211 4689; x_wconf 76' lang='grc' dir='ltr'><strong>πη·</strong></span> 
     </span>
    </p>
   </div>
   <div class='ocr_carea' id='block_1_47' title="bbox 461 4715 1215 4788">
    <p class='ocr_par' dir='ltr' id='par_1_47' title="bbox 461 4715 1215 4788">
     <span class='ocr_line' id='line_1_47' title="bbox 461 4715 1215 4788; baseline -0.001 -17"><span class='ocrx_word' id='word_1_198' title='bbox 461 4717 548 4772; x_wconf 79' lang='grc' dir='ltr'><strong>λοῦ</strong></span> <span class='ocrx_word' id='word_1_199' title='bbox 575 4719 671 4773; x_wconf 74' lang='grc' dir='ltr'><strong>καὶ</strong></span> <span class='ocrx_word' id='word_1_200' title='bbox 700 4718 812 4772; x_wconf 82' lang='grc' dir='ltr'>τῶν</span> <span class='ocrx_word' id='word_1_201' title='bbox 842 4716 1049 4788; x_wconf 80' lang='grc' dir='ltr'>γηΐνων</span> <span class='ocrx_word' id='word_1_202' title='bbox 1078 4715 1215 4787; x_wconf 84' lang='grc' dir='ltr'>πρά-</span> 
     </span>
    </p>
   </div>
   <div class='ocr_carea' id='block_1_48' title="bbox 1729 363 2359 442">
    <p class='ocr_par' dir='ltr' id='par_1_48' title="bbox 1729 363 2359 442">
     <span class='ocr_line' id='line_1_48' title="bbox 1729 363 2359 442; baseline -0.011 -16"><span class='ocrx_word' id='word_1_203' title='bbox 1729 368 1933 442; x_wconf 74' lang='lat' dir='ltr'><strong>uasn</strong></span> <span class='ocrx_word' id='word_1_204' title='bbox 1972 363 2359 425; x_wconf 78' lang='lat' dir='ltr'><strong>SECUNDUS.</strong></span> 
     </span>
    </p>
   </div>
   <div class='ocr_carea' id='block_1_49' title="bbox 3567 360 3669 416">
    <p class='ocr_par' dir='ltr' id='par_1_49' title="bbox 3567 360 3669 416">
     <span class='ocr_line' id='line_1_49' title="bbox 3567 360 3669 416; baseline 0.01 -1"><span class='ocrx_word' id='word_1_205' title='bbox 3567 360 3669 416; x_wconf 76' lang='grc' dir='ltr'>ιιι</span> 
     </span>
    </p>
   </div>
   <div class='ocr_carea' id='block_1_50' title="bbox 1242 476 3667 561">
    <p class='ocr_par' dir='ltr' id='par_1_50' title="bbox 1242 476 3667 561">
     <span class='ocr_line' id='line_1_50' title="bbox 1242 476 3667 561; baseline -0.002 -17"><span class='ocrx_word' id='word_1_206' title='bbox 1242 505 1373 561; x_wconf 87' lang='lat' dir='ltr'><strong>qua-</strong></span> <span class='ocrx_word' id='word_1_207' title='bbox 1404 488 1707 554; x_wconf 75' lang='lat' dir='ltr'><strong>illuminat,</strong></span> <span class='ocrx_word' id='word_1_208' title='bbox 1769 488 1994 543; x_wconf 75' lang='lat' dir='ltr'><strong>alterius</strong></span> <span class='ocrx_word' id='word_1_209' title='bbox 2022 491 2070 550; x_wconf 78' lang='grc' dir='ltr'><strong>Α</strong></span> <span class='ocrx_word' id='word_1_210' title='bbox 2097 483 2362 556; x_wconf 77' lang='lat' dir='ltr'><strong>gemitum</strong></span> <span class='ocrx_word' id='word_1_211' title='bbox 2388 520 2404 547; x_wconf 91' lang='lat'><strong>,</strong></span> <span class='ocrx_word' id='word_1_212' title='bbox 2439 478 2535 551; x_wconf 86' lang='lat' dir='ltr'><strong>qui</strong></span> <span class='ocrx_word' id='word_1_213' title='bbox 2581 492 2691 534; x_wconf 89' lang='lat' dir='ltr'><strong>non</strong></span> <span class='ocrx_word' id='word_1_214' title='bbox 2735 492 2804 534; x_wconf 91' lang='lat' dir='ltr'><strong>ex</strong></span> <span class='ocrx_word' id='word_1_215' title='bbox 2851 476 3104 548; x_wconf 85' lang='lat' dir='ltr'><strong>Operibus</strong></span> <span class='ocrx_word' id='word_1_216' title='bbox 3153 476 3271 536; x_wconf 85' lang='lat' dir='ltr'><strong>suis</strong></span> <span class='ocrx_word' id='word_1_217' title='bbox 3312 477 3553 536; x_wconf 86' lang='lat' dir='ltr'><strong>clamant</strong></span> <span class='ocrx_word' id='word_1_218' title='bbox 3599 481 3667 538; x_wconf 86' lang='lat' dir='ltr'><strong>ad</strong></span> 
     </span>
    </p>
   </div>
   <div class='ocr_carea' id='block_1_51' title="bbox 1242 580 1995 655">
    <p class='ocr_par' dir='ltr' id='par_1_51' title="bbox 1242 580 1995 655">
     <span class='ocr_line' id='line_1_51' title="bbox 1242 580 1995 655; baseline -0.005 -15"><span class='ocrx_word' id='word_1_219' title='bbox 1242 600 1352 655; x_wconf 83' lang='lat' dir='ltr'><strong>qua</strong></span> <span class='ocrx_word' id='word_1_220' title='bbox 1391 582 1593 638; x_wconf 77' lang='lat' dir='ltr'><strong>adurit.</strong></span> <span class='ocrx_word' id='word_1_221' title='bbox 1637 580 1744 640; x_wconf 87' lang='lat' dir='ltr'><strong>Sed</strong></span> <span class='ocrx_word' id='word_1_222' title='bbox 1774 595 1875 651; x_wconf 89' lang='lat' dir='ltr'><strong>pro</strong></span> <span class='ocrx_word' id='word_1_223' title='bbox 1909 596 1995 636; x_wconf 82' lang='lat' dir='ltr'><strong>re-</strong></span> 
     </span>
    </p>
   </div>
   <div class='ocr_carea' id='block_1_52' title="bbox 1244 673 1994 749">
    <p class='ocr_par' dir='ltr' id='par_1_52' title="bbox 1244 673 1994 749">
     <span class='ocr_line' id='line_1_52' title="bbox 1244 673 1994 749; baseline -0.011 -15"><span class='ocrx_word' id='word_1_224' title='bbox 1244 678 1349 734; x_wconf 89' lang='lat' dir='ltr'><strong>bus</strong></span> <span class='ocrx_word' id='word_1_225' title='bbox 1381 685 1475 732; x_wconf 88' lang='lat' dir='ltr'><strong>aut</strong></span> <span class='ocrx_word' id='word_1_226' title='bbox 1514 674 1762 749; x_wconf 84' lang='lat' dir='ltr'><strong>materiis</strong></span> <span class='ocrx_word' id='word_1_227' title='bbox 1805 673 1994 742; x_wconf 76' lang='lat' dir='ltr'><strong>subia-</strong></span> 
     </span>
    </p>
   </div>
   <div class='ocr_carea' id='block_1_53' title="bbox 1246 764 1998 837">
    <p class='ocr_par' dir='ltr' id='par_1_53' title="bbox 1246 764 1998 837">
     <span class='ocr_line' id='line_1_53' title="bbox 1246 764 1998 837; baseline -0.007 -12"><span class='ocrx_word' id='word_1_228' title='bbox 1246 769 1528 837; x_wconf 83' lang='lat' dir='ltr'><strong>centibus,</strong></span> <span class='ocrx_word' id='word_1_229' title='bbox 1582 774 1679 823; x_wconf 85' lang='lat' dir='ltr'><strong>aut</strong></span> <span class='ocrx_word' id='word_1_230' title='bbox 1725 764 1998 821; x_wconf 76' lang='lat' dir='ltr'><strong>illuminat</strong></span> 
     </span>
    </p>
   </div>
   <div class='ocr_carea' id='block_1_54' title="bbox 1248 857 1999 937">
    <p class='ocr_par' dir='ltr' id='par_1_54' title="bbox 1248 857 1999 937">
     <span class='ocr_line' id='line_1_54' title="bbox 1248 857 1999 937; baseline -0.007 -20"><span class='ocrx_word' id='word_1_231' title='bbox 1248 862 1453 933; x_wconf 89' lang='lat' dir='ltr'><strong>aliquid</strong></span> <span class='ocrx_word' id='word_1_232' title='bbox 1476 861 1619 927; x_wconf 90' lang='lat' dir='ltr'><strong>luce,</strong></span> <span class='ocrx_word' id='word_1_233' title='bbox 1639 869 1739 937; x_wconf 82' lang='lat' dir='ltr'><strong>aut</strong></span> <span class='ocrx_word' id='word_1_234' title='bbox 1760 857 1999 914; x_wconf 85' lang='lat' dir='ltr'><strong>infuscat</strong></span> 
     </span>
    </p>
   </div>
   <div class='ocr_carea' id='block_1_55' title="bbox 1247 950 2000 1022">
    <p class='ocr_par' dir='ltr' id='par_1_55' title="bbox 1247 950 2000 1022">
     <span class='ocr_line' id='line_1_55' title="bbox 1247 950 2000 1022; baseline -0.011 -11"><span class='ocrx_word' id='word_1_235' title='bbox 1247 964 1301 1010; x_wconf 87' lang='lat' dir='ltr'><strong>et</strong></span> <span class='ocrx_word' id='word_1_236' title='bbox 1326 954 1560 1011; x_wconf 82' lang='lat' dir='ltr'><strong>obdurat</strong></span> <span class='ocrx_word' id='word_1_237' title='bbox 1591 951 1797 1022; x_wconf 87' lang='lat' dir='ltr'><strong>aliquid</strong></span> <span class='ocrx_word' id='word_1_238' title='bbox 1839 950 2000 1005; x_wconf 83' lang='lat' dir='ltr'><strong>ardo—</strong></span> 
     </span>
    </p>
   </div>
   <div class='ocr_carea' id='block_1_56' title="bbox 1250 1043 2000 1110">
    <p class='ocr_par' dir='ltr' id='par_1_56' title="bbox 1250 1043 2000 1110">
     <span class='ocr_line' id='line_1_56' title="bbox 1250 1043 2000 1110; baseline -0.011 -8"><span class='ocrx_word' id='word_1_239' title='bbox 1250 1062 1328 1102; x_wconf 90' lang='lat' dir='ltr'><strong>re.</strong></span> <span class='ocrx_word' id='word_1_240' title='bbox 1380 1044 1693 1101; x_wconf 90' lang='lat' dir='ltr'><strong>Secundum</strong></span> <span class='ocrx_word' id='word_1_241' title='bbox 1725 1043 1841 1097; x_wconf 81' lang='lat' dir='ltr'><strong>haec</strong></span> <span class='ocrx_word' id='word_1_242' title='bbox 1870 1054 2000 1110; x_wconf 87' lang='lat' dir='ltr'><strong>ergo</strong></span> 
     </span>
    </p>
   </div>
   <div class='ocr_carea' id='block_1_57' title="bbox 1252 1135 2006 1206">
    <p class='ocr_par' dir='ltr' id='par_1_57' title="bbox 1252 1135 2006 1206">
     <span class='ocr_line' id='line_1_57' title="bbox 1252 1135 2006 1206; baseline -0.009 -9"><span class='ocrx_word' id='word_1_243' title='bbox 1252 1141 1504 1206; x_wconf 79' lang='lat' dir='ltr'><strong>fertassis</strong></span> <span class='ocrx_word' id='word_1_244' title='bbox 1526 1148 1582 1197; x_wconf 92' lang='lat' dir='ltr'><strong>et</strong></span> <span class='ocrx_word' id='word_1_245' title='bbox 1609 1139 1896 1194; x_wconf 88' lang='lat' dir='ltr'><strong>indurasse</strong></span> <span class='ocrx_word' id='word_1_246' title='bbox 1919 1135 2006 1192; x_wconf 82' lang='lat' dir='ltr'><strong>di—-</strong></span> 
     </span>
    </p>
   </div>
   <div class='ocr_carea' id='block_1_58' title="bbox 1252 1230 2002 1293">
    <p class='ocr_par' dir='ltr' id='par_1_58' title="bbox 1252 1230 2002 1293">
     <span class='ocr_line' id='line_1_58' title="bbox 1252 1230 2002 1293; baseline -0.015 0"><span class='ocrx_word' id='word_1_247' title='bbox 1252 1238 1396 1293; x_wconf 89' lang='lat' dir='ltr'><strong>citur</strong></span> <span class='ocrx_word' id='word_1_248' title='bbox 1435 1234 1581 1289; x_wconf 87' lang='lat' dir='ltr'><strong>Deus</strong></span> <span class='ocrx_word' id='word_1_249' title='bbox 1619 1247 1717 1287; x_wconf 92' lang='lat' dir='ltr'><strong>cor</strong></span> <span class='ocrx_word' id='word_1_250' title='bbox 1757 1230 2002 1285; x_wconf 87' lang='lat' dir='ltr'><strong>Pharao-</strong></span> 
     </span>
    </p>
   </div>
   <div class='ocr_carea' id='block_1_59' title="bbox 1255 1320 2007 1396">
    <p class='ocr_par' dir='ltr' id='par_1_59' title="bbox 1255 1320 2007 1396">
     <span class='ocr_line' id='line_1_59' title="bbox 1255 1320 2007 1396; baseline -0.011 -14"><span class='ocrx_word' id='word_1_251' title='bbox 1255 1329 1342 1383; x_wconf 85' lang='lat' dir='ltr'><strong>nis</strong></span> <span class='ocrx_word' id='word_1_252' title='bbox 1369 1328 1438 1393; x_wconf 70' lang='lat'><strong>“,</strong></span> <span class='ocrx_word' id='word_1_253' title='bbox 1470 1325 1615 1396; x_wconf 89' lang='lat' dir='ltr'><strong>quod</strong></span> <span class='ocrx_word' id='word_1_254' title='bbox 1650 1323 1777 1379; x_wconf 90' lang='lat' dir='ltr'><strong>talis</strong></span> <span class='ocrx_word' id='word_1_255' title='bbox 1828 1320 2007 1377; x_wconf 80' lang='lat' dir='ltr'><strong>fuerat</strong></span> 
     </span>
    </p>
   </div>
   <div class='ocr_carea' id='block_1_60' title="bbox 1256 1414 2004 1485">
    <p class='ocr_par' dir='ltr' id='par_1_60' title="bbox 1256 1414 2004 1485">
     <span class='ocr_line' id='line_1_60' title="bbox 1256 1414 2004 1485; baseline -0.012 -9"><span class='ocrx_word' id='word_1_256' title='bbox 1256 1420 1483 1476; x_wconf 83' lang='lat' dir='ltr'><strong>materia</strong></span> <span class='ocrx_word' id='word_1_257' title='bbox 1546 1417 1728 1473; x_wconf 86' lang='lat' dir='ltr'><strong>cordis</strong></span> <span class='ocrx_word' id='word_1_258' title='bbox 1795 1414 2004 1485; x_wconf 88' lang='lat' dir='ltr'><strong>ipsius,</strong></span> 
     </span>
    </p>
   </div>
   <div class='ocr_carea' id='block_1_61' title="bbox 1255 1507 2007 1585">
    <p class='ocr_par' dir='ltr' id='par_1_61' title="bbox 1255 1507 2007 1585">
     <span class='ocr_line' id='line_1_61' title="bbox 1255 1507 2007 1585; baseline -0.012 -14"><span class='ocrx_word' id='word_1_259' title='bbox 1255 1529 1378 1585; x_wconf 66' lang='lat' dir='ltr'><strong>quae</strong></span> <span class='ocrx_word' id='word_1_260' title='bbox 1446 1509 1794 1582; x_wconf 81' lang='lat' dir='ltr'><strong>praesentiam</strong></span> <span class='ocrx_word' id='word_1_261' title='bbox 1874 1507 2007 1562; x_wconf 89' lang='lat' dir='ltr'><strong>solis</strong></span> 
     </span>
    </p>
   </div>
   <div class='ocr_carea' id='block_1_62' title="bbox 1251 1605 2008 1678">
    <p class='ocr_par' dir='ltr' id='par_1_62' title="bbox 1251 1605 2008 1678">
     <span class='ocr_line' id='line_1_62' title="bbox 1251 1605 2008 1678; baseline -0.011 -17"><span class='ocrx_word' id='word_1_262' title='bbox 1251 1605 1479 1678; x_wconf 76' lang='lat' dir='ltr'><strong>iustitiae</strong></span> <span class='ocrx_word' id='word_1_263' title='bbox 1555 1618 1666 1658; x_wconf 90' lang='lat' dir='ltr'><strong>non</strong></span> <span class='ocrx_word' id='word_1_264' title='bbox 1725 1616 1789 1657; x_wconf 91' lang='lat' dir='ltr'><strong>ea</strong></span> <span class='ocrx_word' id='word_1_265' title='bbox 1851 1607 2008 1670; x_wconf 88' lang='lat' dir='ltr'><strong>parte</strong></span> 
     </span>
    </p>
   </div>
   <div class='ocr_carea' id='block_1_63' title="bbox 1256 1692 2009 1770">
    <p class='ocr_par' dir='ltr' id='par_1_63' title="bbox 1256 1692 2009 1770">
     <span class='ocr_line' id='line_1_63' title="bbox 1256 1692 2009 1770; baseline -0.013 -16"><span class='ocrx_word' id='word_1_266' title='bbox 1256 1714 1363 1770; x_wconf 90' lang='lat' dir='ltr'><strong>qua</strong></span> <span class='ocrx_word' id='word_1_267' title='bbox 1415 1696 1730 1762; x_wconf 87' lang='lat' dir='ltr'><strong>illuminat,</strong></span> <span class='ocrx_word' id='word_1_268' title='bbox 1786 1692 1880 1748; x_wconf 92' lang='lat' dir='ltr'><strong>sed</strong></span> <span class='ocrx_word' id='word_1_269' title='bbox 1942 1703 2009 1745; x_wconf 91' lang='lat' dir='ltr'><strong>ea</strong></span> 
     </span>
    </p>
   </div>
   <div class='ocr_carea' id='block_1_64' title="bbox 1255 1785 2082 1882">
    <p class='ocr_par' dir='ltr' id='par_1_64' title="bbox 1255 1785 2082 1882">
     <span class='ocr_line' id='line_1_64' title="bbox 1255 1785 2082 1882; baseline -0.011 -36"><span class='ocrx_word' id='word_1_270' title='bbox 1255 1807 1365 1862; x_wconf 92' lang='lat' dir='ltr'><strong>qua</strong></span> <span class='ocrx_word' id='word_1_271' title='bbox 1414 1789 1597 1845; x_wconf 87' lang='lat' dir='ltr'><strong>adurit</strong></span> <span class='ocrx_word' id='word_1_272' title='bbox 1647 1796 1703 1843; x_wconf 86' lang='lat' dir='ltr'><strong>et</strong></span> <span class='ocrx_word' id='word_1_273' title='bbox 1750 1785 2005 1882; x_wconf 75' lang='lat' dir='ltr'><strong>indurat,</strong></span> <span class='ocrx_word' id='word_1_274' title='bbox 2039 1827 2082 1882; x_wconf 78' lang='grc' dir='ltr'>Β</span> 
     </span>
    </p>
   </div>
   <div class='ocr_carea' id='block_1_65' title="bbox 1254 1877 2009 1953">
    <p class='ocr_par' dir='ltr' id='par_1_65' title="bbox 1254 1877 2009 1953">
     <span class='ocr_line' id='line_1_65' title="bbox 1254 1877 2009 1953; baseline -0.011 -14"><span class='ocrx_word' id='word_1_275' title='bbox 1254 1882 1534 1953; x_wconf 80' lang='lat' dir='ltr'><strong>exceperit</strong></span> <span class='ocrx_word' id='word_1_276' title='bbox 1578 1895 1591 1932; x_wconf 92' lang='lat'>:</span> <span class='ocrx_word' id='word_1_277' title='bbox 1642 1886 1862 1950; x_wconf 88' lang='lat' dir='ltr'><strong>propter</strong></span> <span class='ocrx_word' id='word_1_278' title='bbox 1905 1877 2009 1932; x_wconf 91' lang='lat' dir='ltr'><strong>hoc</strong></span> 
     </span>
    </p>
   </div>
   <div class='ocr_carea' id='block_1_66' title="bbox 1258 1969 2010 2042">
    <p class='ocr_par' dir='ltr' id='par_1_66' title="bbox 1258 1969 2010 2042">
     <span class='ocr_line' id='line_1_66' title="bbox 1258 1969 2010 2042; baseline -0.009 -11"><span class='ocrx_word' id='word_1_279' title='bbox 1258 1977 1378 2031; x_wconf 89' lang='lat' dir='ltr'><strong>sine</strong></span> <span class='ocrx_word' id='word_1_280' title='bbox 1406 1975 1576 2030; x_wconf 86' lang='lat' dir='ltr'><strong>dubio</strong></span> <span class='ocrx_word' id='word_1_281' title='bbox 1606 1972 1846 2042; x_wconf 83' lang='lat' dir='ltr'><strong>quod-et</strong></span> <span class='ocrx_word' id='word_1_282' title='bbox 1892 1969 2010 2038; x_wconf 91' lang='lat' dir='ltr'><strong>ipse</strong></span> 
     </span>
    </p>
   </div>
   <div class='ocr_carea' id='block_1_67' title="bbox 1260 2062 2015 2140">
    <p class='ocr_par' dir='ltr' id='par_1_67' title="bbox 1260 2062 2015 2140">
     <span class='ocr_line' id='line_1_67' title="bbox 1260 2062 2015 2140; baseline -0.013 -15"><span class='ocrx_word' id='word_1_283' title='bbox 1260 2069 1529 2140; x_wconf 73' lang='lat' dir='ltr'><strong>afﬂigebat</strong></span> <span class='ocrx_word' id='word_1_284' title='bbox 1551 2065 1904 2119; x_wconf 73' lang='lat' dir='ltr'><strong>Hebraeorum</strong></span> <span class='ocrx_word' id='word_1_285' title='bbox 1934 2062 2015 2115; x_wconf 88' lang='lat' dir='ltr'><strong>vi-</strong></span> 
     </span>
    </p>
   </div>
   <div class='ocr_carea' id='block_1_68' title="bbox 1265 2153 2029 2229">
    <p class='ocr_par' dir='ltr' id='par_1_68' title="bbox 1265 2153 2029 2229">
     <span class='ocr_line' id='line_1_68' title="bbox 1265 2153 2029 2229; baseline -0.01 -12"><span class='ocrx_word' id='word_1_286' title='bbox 1265 2170 1376 2217; x_wconf 85' lang='lat' dir='ltr'><strong>tam</strong></span> <span class='ocrx_word' id='word_1_287' title='bbox 1404 2162 1458 2215; x_wconf 90' lang='lat' dir='ltr'><strong>in</strong></span> <span class='ocrx_word' id='word_1_288' title='bbox 1487 2157 1749 2229; x_wconf 84' lang='lat' dir='ltr'><strong>operibus</strong></span> <span class='ocrx_word' id='word_1_289' title='bbox 1780 2153 2029 2218; x_wconf 48' lang='lat' dir='ltr'><strong>duris“;</strong></span> 
     </span>
    </p>
   </div>
   <div class='ocr_carea' id='block_1_69' title="bbox 1265 2246 2018 2324">
    <p class='ocr_par' dir='ltr' id='par_1_69' title="bbox 1265 2246 2018 2324">
     <span class='ocr_line' id='line_1_69' title="bbox 1265 2246 2018 2324; baseline -0.011 -15"><span class='ocrx_word' id='word_1_290' title='bbox 1265 2262 1321 2309; x_wconf 91' lang='lat' dir='ltr'><strong>et</strong></span> <span class='ocrx_word' id='word_1_291' title='bbox 1365 2253 1511 2324; x_wconf 89' lang='lat' dir='ltr'><strong>quod</strong></span> <span class='ocrx_word' id='word_1_292' title='bbox 1564 2250 1681 2305; x_wconf 92' lang='lat' dir='ltr'><strong>luto</strong></span> <span class='ocrx_word' id='word_1_293' title='bbox 1744 2256 1799 2301; x_wconf 93' lang='lat' dir='ltr'><strong>et</strong></span> <span class='ocrx_word' id='word_1_294' title='bbox 1850 2246 2018 2301; x_wconf 83' lang='lat' dir='ltr'><strong>latere</strong></span> 
     </span>
    </p>
   </div>
   <div class='ocr_carea' id='block_1_70' title="bbox 1262 2339 2017 2402">
    <p class='ocr_par' dir='ltr' id='par_1_70' title="bbox 1262 2339 2017 2402">
     <span class='ocr_line' id='line_1_70' title="bbox 1262 2339 2017 2402; baseline -0.013 0"><span class='ocrx_word' id='word_1_295' title='bbox 1262 2344 1589 2402; x_wconf 79' lang='lat' dir='ltr'><strong>conficiebat</strong></span> <span class='ocrx_word' id='word_1_296' title='bbox 1629 2357 1744 2398; x_wconf 92' lang='lat' dir='ltr'><strong>eos.</strong></span> <span class='ocrx_word' id='word_1_297' title='bbox 1800 2339 1867 2395; x_wconf 89' lang='lat' dir='ltr'><strong>Et</strong></span> <span class='ocrx_word' id='word_1_298' title='bbox 1899 2346 2017 2393; x_wconf 87' lang='lat' dir='ltr'><strong>erat</strong></span> 
     </span>
    </p>
   </div>
   <div class='ocr_carea' id='block_1_71' title="bbox 1261 2434 2014 2507">
    <p class='ocr_par' dir='ltr' id='par_1_71' title="bbox 1261 2434 2014 2507">
     <span class='ocr_line' id='line_1_71' title="bbox 1261 2434 2014 2507; baseline -0.009 -14"><span class='ocrx_word' id='word_1_299' title='bbox 1261 2439 1449 2507; x_wconf 89' lang='lat' dir='ltr'><strong>utique</strong></span> <span class='ocrx_word' id='word_1_300' title='bbox 1496 2450 1593 2492; x_wconf 91' lang='lat' dir='ltr'><strong>cor</strong></span> <span class='ocrx_word' id='word_1_301' title='bbox 1639 2434 1764 2504; x_wconf 89' lang='lat' dir='ltr'><strong>ejus</strong></span> <span class='ocrx_word' id='word_1_302' title='bbox 1784 2470 1785 2473; x_wconf 60' lang='grc' dir='ltr'><strong>η</strong></span> <span class='ocrx_word' id='word_1_303' title='bbox 1813 2447 2014 2488; x_wconf 70' lang='grc' dir='ltr'>δορυηά</span> 
     </span>
    </p>
   </div>
   <div class='ocr_carea' id='block_1_72' title="bbox 1258 2524 2016 2597">
    <p class='ocr_par' dir='ltr' id='par_1_72' title="bbox 1258 2524 2016 2597">
     <span class='ocr_line' id='line_1_72' title="bbox 1258 2524 2016 2597; baseline -0.011 -11"><span class='ocrx_word' id='word_1_304' title='bbox 1258 2530 1388 2586; x_wconf 88' lang='lat' dir='ltr'><strong>dum</strong></span> <span class='ocrx_word' id='word_1_305' title='bbox 1441 2542 1505 2582; x_wconf 87' lang='lat' dir='ltr'><strong>ea</strong></span> <span class='ocrx_word' id='word_1_306' title='bbox 1565 2541 1688 2597; x_wconf 70' lang='lat' dir='ltr'><strong>quae</strong></span> <span class='ocrx_word' id='word_1_307' title='bbox 1739 2524 2016 2595; x_wconf 80' lang='lat' dir='ltr'><strong>cogitabat</strong></span> 
     </span>
    </p>
   </div>
   <div class='ocr_carea' id='block_1_73' title="bbox 1259 2617 2014 2679">
    <p class='ocr_par' dir='ltr' id='par_1_73' title="bbox 1259 2617 2014 2679">
     <span class='ocr_line' id='line_1_73' title="bbox 1259 2617 2014 2679; baseline -0.007 0"><span class='ocrx_word' id='word_1_308' title='bbox 1259 2623 1464 2679; x_wconf 88' lang='lat' dir='ltr'><strong>luteum</strong></span> <span class='ocrx_word' id='word_1_309' title='bbox 1511 2628 1565 2675; x_wconf 94' lang='lat' dir='ltr'><strong>et</strong></span> <span class='ocrx_word' id='word_1_310' title='bbox 1614 2621 1895 2674; x_wconf 88' lang='lat' dir='ltr'><strong>limosum.</strong></span> <span class='ocrx_word' id='word_1_311' title='bbox 1947 2617 2014 2674; x_wconf 90' lang='lat' dir='ltr'><strong>Et</strong></span> 
     </span>
    </p>
   </div>
   <div class='ocr_carea' id='block_1_74' title="bbox 1261 2711 2013 2773">
    <p class='ocr_par' dir='ltr' id='par_1_74' title="bbox 1261 2711 2013 2773">
     <span class='ocr_line' id='line_1_74' title="bbox 1261 2711 2013 2773; baseline -0.008 0"><span class='ocrx_word' id='word_1_312' title='bbox 1261 2719 1404 2773; x_wconf 89' lang='lat' dir='ltr'><strong>sicut</strong></span> <span class='ocrx_word' id='word_1_313' title='bbox 1446 2713 1732 2770; x_wconf 84' lang='lat' dir='ltr'><strong>materiam</strong></span> <span class='ocrx_word' id='word_1_314' title='bbox 1775 2712 1875 2766; x_wconf 92' lang='lat' dir='ltr'><strong>luti</strong></span> <span class='ocrx_word' id='word_1_315' title='bbox 1929 2711 2013 2767; x_wconf 89' lang='lat' dir='ltr'><strong>sol</strong></span> 
     </span>
    </p>
   </div>
   <div class='ocr_carea' id='block_1_75' title="bbox 1261 2806 2016 2877">
    <p class='ocr_par' dir='ltr' id='par_1_75' title="bbox 1261 2806 2016 2877">
     <span class='ocr_line' id='line_1_75' title="bbox 1261 2806 2016 2877; baseline -0.009 -10"><span class='ocrx_word' id='word_1_316' title='bbox 1261 2812 1362 2867; x_wconf 91' lang='lat' dir='ltr'><strong>iste</strong></span> <span class='ocrx_word' id='word_1_317' title='bbox 1407 2808 1640 2866; x_wconf 82' lang='lat' dir='ltr'><strong>visibilis</strong></span> <span class='ocrx_word' id='word_1_318' title='bbox 1696 2806 1916 2877; x_wconf 82' lang='lat' dir='ltr'><strong>stringit</strong></span> <span class='ocrx_word' id='word_1_319' title='bbox 1960 2813 2016 2861; x_wconf 90' lang='lat' dir='ltr'><strong>et</strong></span> 
     </span>
    </p>
   </div>
   <div class='ocr_carea' id='block_1_76' title="bbox 1261 2898 2014 2969">
    <p class='ocr_par' dir='ltr' id='par_1_76' title="bbox 1261 2898 2014 2969">
     <span class='ocr_line' id='line_1_76' title="bbox 1261 2898 2014 2969; baseline -0.007 -10"><span class='ocrx_word' id='word_1_320' title='bbox 1261 2904 1511 2969; x_wconf 87' lang='lat' dir='ltr'><strong>indurat,</strong></span> <span class='ocrx_word' id='word_1_321' title='bbox 1557 2900 1632 2957; x_wconf 86' lang='lat' dir='ltr'><strong>ita</strong></span> <span class='ocrx_word' id='word_1_322' title='bbox 1665 2900 1747 2955; x_wconf 92' lang='lat' dir='ltr'><strong>sol</strong></span> <span class='ocrx_word' id='word_1_323' title='bbox 1785 2898 2014 2969; x_wconf 71' lang='lat' dir='ltr'><strong>iustitiae</strong></span> 
     </span>
    </p>
   </div>
   <div class='ocr_carea' id='block_1_77' title="bbox 1264 2991 2015 3061">
    <p class='ocr_par' dir='ltr' id='par_1_77' title="bbox 1264 2991 2015 3061">
     <span class='ocr_line' id='line_1_77' title="bbox 1264 2991 2015 3061; baseline -0.005 -11"><span class='ocrx_word' id='word_1_324' title='bbox 1264 2996 1348 3052; x_wconf 88' lang='lat' dir='ltr'><strong>his</strong></span> <span class='ocrx_word' id='word_1_325' title='bbox 1377 2994 1583 3050; x_wconf 88' lang='lat' dir='ltr'><strong>eisdem</strong></span> <span class='ocrx_word' id='word_1_326' title='bbox 1612 2991 1780 3047; x_wconf 90' lang='lat' dir='ltr'><strong>radiis</strong></span> <span class='ocrx_word' id='word_1_327' title='bbox 1813 2991 2015 3061; x_wconf 79' lang='lat' dir='ltr'><strong>quibus</strong></span> 
     </span>
    </p>
   </div>
   <div class='ocr_carea' id='block_1_78' title="bbox 1263 3083 2017 3154">
    <p class='ocr_par' dir='ltr' id='par_1_78' title="bbox 1263 3083 2017 3154">
     <span class='ocr_line' id='line_1_78' title="bbox 1263 3083 2017 3154; baseline -0.008 -12"><span class='ocrx_word' id='word_1_328' title='bbox 1263 3085 1608 3142; x_wconf 87' lang='lat' dir='ltr'><strong>illuminabat</strong></span> <span class='ocrx_word' id='word_1_329' title='bbox 1650 3083 1791 3153; x_wconf 74' lang='grc'><strong>(40)</strong></span> <span class='ocrx_word' id='word_1_330' title='bbox 1841 3097 2017 3154; x_wconf 88' lang='lat' dir='ltr'><strong>popu-</strong></span> 
     </span>
    </p>
   </div>
   <div class='ocr_carea' id='block_1_79' title="bbox 1264 3159 2087 3243">
    <p class='ocr_par' dir='ltr' id='par_1_79' title="bbox 1264 3159 2087 3243">
     <span class='ocr_line' id='line_1_79' title="bbox 1264 3159 2087 3243; baseline -0.001 -11"><span class='ocrx_word' id='word_1_331' title='bbox 1264 3180 1377 3233; x_wconf 90' lang='lat' dir='ltr'><strong>lum</strong></span> <span class='ocrx_word' id='word_1_332' title='bbox 1444 3177 1648 3243; x_wconf 87' lang='lat' dir='ltr'><strong>lsrael,</strong></span> <span class='ocrx_word' id='word_1_333' title='bbox 1713 3159 2087 3231; x_wconf 77' lang='lat' dir='ltr'><strong>Pharaonisc</strong></span> 
     </span>
    </p>
   </div>
   <div class='ocr_carea' id='block_1_80' title="bbox 1264 3270 2017 3330">
    <p class='ocr_par' dir='ltr' id='par_1_80' title="bbox 1264 3270 2017 3330">
     <span class='ocr_line' id='line_1_80' title="bbox 1264 3270 2017 3330; baseline -0.009 0"><span class='ocrx_word' id='word_1_334' title='bbox 1264 3290 1361 3330; x_wconf 90' lang='lat' dir='ltr'><strong>cor</strong></span> <span class='ocrx_word' id='word_1_335' title='bbox 1385 3274 1472 3328; x_wconf 90' lang='lat' dir='ltr'><strong>cui</strong></span> <span class='ocrx_word' id='word_1_336' title='bbox 1498 3273 1715 3327; x_wconf 88' lang='lat' dir='ltr'><strong>inerant</strong></span> <span class='ocrx_word' id='word_1_337' title='bbox 1742 3270 1900 3325; x_wconf 73' lang='lat' dir='ltr'><strong>luteae</strong></span> <span class='ocrx_word' id='word_1_338' title='bbox 1921 3283 2017 3324; x_wconf 91' lang='lat' dir='ltr'><strong>co-</strong></span> 
     </span>
    </p>
   </div>
   <div class='ocr_carea' id='block_1_81' title="bbox 1266 3362 2020 3438">
    <p class='ocr_par' dir='ltr' id='par_1_81' title="bbox 1266 3362 2020 3438">
     <span class='ocr_line' id='line_1_81' title="bbox 1266 3362 2020 3438; baseline -0.007 -17"><span class='ocrx_word' id='word_1_339' title='bbox 1266 3367 1555 3438; x_wconf 89' lang='lat' dir='ltr'><strong>gitationes</strong></span> <span class='ocrx_word' id='word_1_340' title='bbox 1597 3379 1693 3435; x_wconf 89' lang='lat' dir='ltr'><strong>pro</strong></span> <span class='ocrx_word' id='word_1_341' title='bbox 1736 3362 1867 3433; x_wconf 88' lang='lat' dir='ltr'><strong>ipsis</strong></span> <span class='ocrx_word' id='word_1_342' title='bbox 1903 3378 2020 3417; x_wconf 82' lang='lat' dir='ltr'><strong>mo-</strong></span> 
     </span>
    </p>
   </div>
   <div class='ocr_carea' id='block_1_82' title="bbox 1269 3457 2021 3529">
    <p class='ocr_par' dir='ltr' id='par_1_82' title="bbox 1269 3457 2021 3529">
     <span class='ocr_line' id='line_1_82' title="bbox 1269 3457 2021 3529; baseline -0.009 -12"><span class='ocrx_word' id='word_1_343' title='bbox 1269 3474 1422 3517; x_wconf 90' lang='lat' dir='ltr'><strong>tuum</strong></span> <span class='ocrx_word' id='word_1_344' title='bbox 1467 3474 1693 3515; x_wconf 88' lang='lat' dir='ltr'><strong>suorum</strong></span> <span class='ocrx_word' id='word_1_345' title='bbox 1739 3457 2021 3529; x_wconf 79' lang='lat' dir='ltr'><strong>qualitati--</strong></span> 
     </span>
    </p>
   </div>
   <div class='ocr_carea' id='block_1_83' title="bbox 1270 3548 2022 3610">
    <p class='ocr_par' dir='ltr' id='par_1_83' title="bbox 1270 3548 2022 3610">
     <span class='ocr_line' id='line_1_83' title="bbox 1270 3548 2022 3610; baseline -0.012 0"><span class='ocrx_word' id='word_1_346' title='bbox 1270 3555 1371 3610; x_wconf 88' lang='lat' dir='ltr'><strong>bus</strong></span> <span class='ocrx_word' id='word_1_347' title='bbox 1408 3552 1721 3608; x_wconf 89' lang='lat' dir='ltr'><strong>indurabat.</strong></span> <span class='ocrx_word' id='word_1_348' title='bbox 1765 3548 1892 3604; x_wconf 66' lang='lat' dir='ltr'><strong>Haec</strong></span> <span class='ocrx_word' id='word_1_349' title='bbox 1923 3563 2022 3602; x_wconf 85' lang='lat' dir='ltr'><strong>au-</strong></span> 
     </span>
    </p>
   </div>
   <div class='ocr_carea' id='block_1_84' title="bbox 1271 3641 2019 3716">
    <p class='ocr_par' dir='ltr' id='par_1_84' title="bbox 1271 3641 2019 3716">
     <span class='ocr_line' id='line_1_84' title="bbox 1271 3641 2019 3716; baseline -0.011 -16"><span class='ocrx_word' id='word_1_350' title='bbox 1271 3655 1378 3702; x_wconf 89' lang='lat' dir='ltr'><strong>tem</strong></span> <span class='ocrx_word' id='word_1_351' title='bbox 1400 3644 1546 3716; x_wconf 85' lang='lat' dir='ltr'><strong>quod</strong></span> <span class='ocrx_word' id='word_1_352' title='bbox 1578 3643 1652 3699; x_wconf 88' lang='lat' dir='ltr'><strong>ita</strong></span> <span class='ocrx_word' id='word_1_353' title='bbox 1671 3657 1732 3699; x_wconf 90' lang='lat' dir='ltr'><strong>se</strong></span> <span class='ocrx_word' id='word_1_354' title='bbox 1761 3641 2019 3705; x_wconf 80' lang='lat' dir='ltr'><strong>habeant,</strong></span> 
     </span>
    </p>
   </div>
   <div class='ocr_carea' id='block_1_85' title="bbox 1269 3738 2024 3800">
    <p class='ocr_par' dir='ltr' id='par_1_85' title="bbox 1269 3738 2024 3800">
     <span class='ocr_line' id='line_1_85' title="bbox 1269 3738 2024 3800; baseline -0.013 -5"><span class='ocrx_word' id='word_1_355' title='bbox 1269 3748 1325 3794; x_wconf 69' lang='grc' dir='ltr'><strong>ει</strong></span> <span class='ocrx_word' id='word_1_356' title='bbox 1371 3752 1481 3794; x_wconf 90' lang='lat' dir='ltr'><strong>non</strong></span> <span class='ocrx_word' id='word_1_357' title='bbox 1527 3748 1913 3800; x_wconf 75' lang='lat' dir='ltr'><strong>communem,</strong></span> <span class='ocrx_word' id='word_1_358' title='bbox 1965 3738 2024 3786; x_wconf 88' lang='lat' dir='ltr'><strong>ut</strong></span> 
     </span>
    </p>
   </div>
   <div class='ocr_carea' id='block_1_86' title="bbox 1272 3824 2023 3892">
    <p class='ocr_par' dir='ltr' id='par_1_86' title="bbox 1272 3824 2023 3892">
     <span class='ocr_line' id='line_1_86' title="bbox 1272 3824 2023 3892; baseline -0.012 -3"><span class='ocrx_word' id='word_1_359' title='bbox 1272 3830 1591 3889; x_wconf 84' lang='lat' dir='ltr'><strong>hominibus</strong></span> <span class='ocrx_word' id='word_1_360' title='bbox 1636 3827 1870 3892; x_wconf 87' lang='lat' dir='ltr'><strong>videtur,</strong></span> <span class='ocrx_word' id='word_1_361' title='bbox 1936 3824 2023 3881; x_wconf 91' lang='lat' dir='ltr'><strong>hi-</strong></span> 
     </span>
    </p>
   </div>
   <div class='ocr_carea' id='block_1_87' title="bbox 1274 3920 2025 3990">
    <p class='ocr_par' dir='ltr' id='par_1_87' title="bbox 1274 3920 2025 3990">
     <span class='ocr_line' id='line_1_87' title="bbox 1274 3920 2025 3990; baseline -0.017 -5"><span class='ocrx_word' id='word_1_362' title='bbox 1274 3927 1500 3985; x_wconf 90' lang='lat' dir='ltr'><strong>storiam</strong></span> <span class='ocrx_word' id='word_1_363' title='bbox 1539 3922 1777 3979; x_wconf 84' lang='lat' dir='ltr'><strong>famulus</strong></span> <span class='ocrx_word' id='word_1_364' title='bbox 1802 3920 1898 3975; x_wconf 92' lang='lat' dir='ltr'><strong>Dei</strong></span> <span class='ocrx_word' id='word_1_365' title='bbox 1930 3934 2025 3990; x_wconf 91' lang='lat' dir='ltr'><strong>per</strong></span> 
     </span>
    </p>
   </div>
   <div class='ocr_carea' id='block_1_88' title="bbox 1275 4013 2023 4092">
    <p class='ocr_par' dir='ltr' id='par_1_88' title="bbox 1275 4013 2023 4092">
     <span class='ocr_line' id='line_1_88' title="bbox 1275 4013 2023 4092; baseline -0.016 -15"><span class='ocrx_word' id='word_1_366' title='bbox 1275 4021 1546 4092; x_wconf 85' lang='lat' dir='ltr'><strong>Spiritum</strong></span> <span class='ocrx_word' id='word_1_367' title='bbox 1595 4024 1847 4074; x_wconf 89' lang='lat' dir='ltr'><strong>sanctum</strong></span> <span class='ocrx_word' id='word_1_368' title='bbox 1885 4013 2023 4068; x_wconf 88' lang='lat' dir='ltr'><strong>scri-</strong></span> 
     </span>
    </p>
   </div>
   <div class='ocr_carea' id='block_1_89' title="bbox 1274 4104 2025 4178">
    <p class='ocr_par' dir='ltr' id='par_1_89' title="bbox 1274 4104 2025 4178">
     <span class='ocr_line' id='line_1_89' title="bbox 1274 4104 2025 4178; baseline -0.015 -11"><span class='ocrx_word' id='word_1_369' title='bbox 1274 4113 1391 4178; x_wconf 88' lang='lat' dir='ltr'><strong>bat,</strong></span> <span class='ocrx_word' id='word_1_370' title='bbox 1420 4109 1727 4165; x_wconf 87' lang='lat' dir='ltr'><strong>ostenditur</strong></span> <span class='ocrx_word' id='word_1_371' title='bbox 1748 4106 1911 4161; x_wconf 88' lang='lat' dir='ltr'><strong>etiam</strong></span> <span class='ocrx_word' id='word_1_372' title='bbox 1939 4104 2025 4157; x_wconf 79' lang='lat' dir='ltr'><strong>in-</strong></span> 
     </span>
    </p>
   </div>
   <div class='ocr_carea' id='block_1_90' title="bbox 1280 4184 2032 4276">
    <p class='ocr_par' dir='ltr' id='par_1_90' title="bbox 1280 4184 2032 4276">
     <span class='ocr_line' id='line_1_90' title="bbox 1280 4184 2032 4276; baseline -0.019 -13"><span class='ocrx_word' id='word_1_373' title='bbox 1280 4207 1384 4274; x_wconf 91' lang='lat' dir='ltr'><strong>de,</strong></span> <span class='ocrx_word' id='word_1_374' title='bbox 1419 4203 1566 4276; x_wconf 87' lang='lat' dir='ltr'><strong>quod</strong></span> <span class='ocrx_word' id='word_1_375' title='bbox 1615 4201 1710 4257; x_wconf 90' lang='lat' dir='ltr'><strong>ubi</strong></span> <span class='ocrx_word' id='word_1_376' title='bbox 1743 4197 1910 4255; x_wconf 79' lang='lat' dir='ltr'><strong>refert</strong></span> <span class='ocrx_word' id='word_1_377' title='bbox 1938 4184 2032 4250; x_wconf 87' lang='lat' dir='ltr'><strong>in-</strong></span> 
     </span>
    </p>
   </div>
   <div class='ocr_carea' id='block_1_91' title="bbox 1281 4289 2029 4372">
    <p class='ocr_par' dir='ltr' id='par_1_91' title="bbox 1281 4289 2029 4372">
     <span class='ocr_line' id='line_1_91' title="bbox 1281 4289 2029 4372; baseline -0.02 -16"><span class='ocrx_word' id='word_1_378' title='bbox 1281 4297 1556 4372; x_wconf 80' lang='lat' dir='ltr'><strong>gemuisse</strong></span> <span class='ocrx_word' id='word_1_379' title='bbox 1616 4293 1759 4349; x_wconf 88' lang='lat' dir='ltr'><strong>lilios</strong></span> <span class='ocrx_word' id='word_1_380' title='bbox 1830 4289 1997 4345; x_wconf 88' lang='lat' dir='ltr'><strong>Israel</strong></span> <span class='ocrx_word' id='word_1_381' title='bbox 2014 4326 2029 4350; x_wconf 93' lang='lat'><strong>,</strong></span> 
     </span>
    </p>
   </div>
   <div class='ocr_carea' id='block_1_92' title="bbox 2098 575 2410 645">
    <p class='ocr_par' dir='ltr' id='par_1_92' title="bbox 2098 575 2410 645">
     <span class='ocr_line' id='line_1_92' title="bbox 2098 575 2410 645; baseline -0.019 -13"><span class='ocrx_word' id='word_1_382' title='bbox 2098 575 2410 645; x_wconf 88' lang='lat' dir='ltr'><strong>Dominum.</strong></span> 
     </span>
    </p>
   </div>
   <div class='ocr_carea' id='block_1_93' title="bbox 2706 697 3076 738">
    <p class='ocr_par' dir='ltr' id='par_1_93' title="bbox 2706 697 3076 738">
     <span class='ocr_line' id='line_1_93' title="bbox 2706 697 3076 738; baseline -0.008 0"><span class='ocrx_word' id='word_1_383' title='bbox 2706 697 2915 738; x_wconf 73' lang='lat' dir='ltr'><strong>INTEBP.</strong></span> <span class='ocrx_word' id='word_1_384' title='bbox 2954 697 3076 737; x_wconf 77' lang='lat' dir='ltr'><strong>NOV.</strong></span> 
     </span>
    </p>
   </div>
   <div class='ocr_carea' id='block_1_94' title="bbox 2173 850 3673 929">
    <p class='ocr_par' dir='ltr' id='par_1_94' title="bbox 2173 850 3673 929">
     <span class='ocr_line' id='line_1_94' title="bbox 2173 850 3673 929; baseline -0.001 -22"><span class='ocrx_word' id='word_1_385' title='bbox 2173 855 2256 929; x_wconf 68' lang='lat' dir='ltr'><strong>Ad</strong></span> <span class='ocrx_word' id='word_1_386' title='bbox 2273 855 2397 929; x_wconf 76' lang='lat' dir='ltr'><strong>_h_tec</strong></span> <span class='ocrx_word' id='word_1_387' title='bbox 2422 868 2624 929; x_wconf 70' lang='lat' dir='ltr'><strong>quoque</strong></span> <span class='ocrx_word' id='word_1_388' title='bbox 2667 851 2908 929; x_wconf 74' lang='lat' dir='ltr'><strong>attende,</strong></span> <span class='ocrx_word' id='word_1_389' title='bbox 2935 850 3073 929; x_wconf 70' lang='lat' dir='ltr'><strong>quod</strong></span> <span class='ocrx_word' id='word_1_390' title='bbox 3102 853 3363 929; x_wconf 83' lang='lat' dir='ltr'><strong>sol,_cu_m</strong></span> <span class='ocrx_word' id='word_1_391' title='bbox 3389 850 3561 929; x_wconf 66' lang='lat' dir='ltr'><strong>clarus</strong></span> <span class='ocrx_word' id='word_1_392' title='bbox 3595 862 3673 907; x_wconf 81' lang='lat' dir='ltr'><strong>est</strong></span> 
     </span>
    </p>
   </div>
   <div class='ocr_carea' id='block_1_95' title="bbox 2100 919 3675 991">
    <p class='ocr_par' dir='ltr' id='par_1_95' title="bbox 2100 919 3675 991">
     <span class='ocr_line' id='line_1_95' title="bbox 2100 919 3675 991; baseline -0.002 -12"><span class='ocrx_word' id='word_1_393' title='bbox 2100 934 2150 979; x_wconf 89' lang='lat' dir='ltr'><strong>et</strong></span> <span class='ocrx_word' id='word_1_394' title='bbox 2179 924 2388 978; x_wconf 87' lang='lat' dir='ltr'><strong>lucidus</strong></span> <span class='ocrx_word' id='word_1_395' title='bbox 2412 919 2444 987; x_wconf 65' lang='grc'>,⁷</span> <span class='ocrx_word' id='word_1_396' title='bbox 2471 919 2687 977; x_wconf 76' lang='lat' dir='ltr'><strong>causam</strong></span> <span class='ocrx_word' id='word_1_397' title='bbox 2734 921 2925 976; x_wconf 88' lang='lat' dir='ltr'><strong>habere</strong></span> <span class='ocrx_word' id='word_1_398' title='bbox 2950 919 3168 991; x_wconf 78' lang='lat' dir='ltr'><strong>videtur</strong></span> <span class='ocrx_word' id='word_1_399' title='bbox 3194 919 3505 991; x_wconf 82' lang='lat' dir='ltr'><strong>denigrandi</strong></span> <span class='ocrx_word' id='word_1_400' title='bbox 3525 964 3541 984; x_wconf 85' lang='lat'><strong>,</strong></span> <span class='ocrx_word' id='word_1_401' title='bbox 3570 938 3675 976; x_wconf 87' lang='lat' dir='ltr'><strong>non</strong></span> 
     </span>
    </p>
   </div>
   <div class='ocr_carea' id='block_1_96' title="bbox 2100 990 3670 1064">
    <p class='ocr_par' dir='ltr' id='par_1_96' title="bbox 2100 990 3670 1064">
     <span class='ocr_line' id='line_1_96' title="bbox 2100 990 3670 1064; baseline -0.001 -16"><span class='ocrx_word' id='word_1_402' title='bbox 2100 1011 2193 1064; x_wconf 81' lang='lat' dir='ltr'><strong>per</strong></span> <span class='ocrx_word' id='word_1_403' title='bbox 2219 1010 2294 1060; x_wconf 91' lang='lat' dir='ltr'><strong>se,</strong></span> <span class='ocrx_word' id='word_1_404' title='bbox 2320 994 2410 1048; x_wconf 88' lang='lat' dir='ltr'><strong>sed</strong></span> <span class='ocrx_word' id='word_1_405' title='bbox 2439 1005 2650 1063; x_wconf 82' lang='lat' dir='ltr'><strong>propter</strong></span> <span class='ocrx_word' id='word_1_406' title='bbox 2678 1008 2797 1047; x_wconf 88' lang='lat' dir='ltr'><strong>eum</strong></span> <span class='ocrx_word' id='word_1_407' title='bbox 2818 992 2928 1064; x_wconf 79' lang='lat' dir='ltr'><strong>q_ui,</strong></span> <span class='ocrx_word' id='word_1_408' title='bbox 2970 999 3030 1064; x_wconf 77' lang='lat' dir='ltr'><strong>ut</strong></span> <span class='ocrx_word' id='word_1_409' title='bbox 3054 990 3670 1064; x_wconf 45' lang='lat' dir='ltr'><strong>diximggdenigratur.</strong></span> 
     </span>
    </p>
   </div>
   <div class='ocr_carea' id='block_1_97' title="bbox 2105 1059 3678 1132">
    <p class='ocr_par' dir='ltr' id='par_1_97' title="bbox 2105 1059 3678 1132">
     <span class='ocr_line' id='line_1_97' title="bbox 2105 1059 3678 1132; baseline -0.003 -15"><span class='ocrx_word' id='word_1_410' title='bbox 2105 1059 2195 1118; x_wconf 72' lang='lat' dir='ltr'><strong>lt&#39;a</strong></span> <span class='ocrx_word' id='word_1_411' title='bbox 2226 1064 2363 1132; x_wconf 83' lang='lat' dir='ltr'><strong>forte</strong></span> <span class='ocrx_word' id='word_1_412' title='bbox 2390 1059 2550 1117; x_wconf 79' lang='lat' dir='ltr'><strong>etiam</strong></span> <span class='ocrx_word' id='word_1_413' title='bbox 2577 1064 2792 1116; x_wconf 82' lang='lat' dir='ltr'><strong>indurat</strong></span> <span class='ocrx_word' id='word_1_414' title='bbox 2823 1059 3081 1132; x_wconf 82' lang='lat' dir='ltr'><strong>Dominus</strong></span> <span class='ocrx_word' id='word_1_415' title='bbox 3111 1076 3201 1114; x_wconf 89' lang='lat' dir='ltr'><strong>cor</strong></span> <span class='ocrx_word' id='word_1_416' title='bbox 3221 1059 3540 1132; x_wconf 63' lang='lat' dir='ltr'><strong>Pharaonis,</strong></span> <span class='ocrx_word' id='word_1_417' title='bbox 3560 1076 3678 1132; x_wconf 72' lang='lat' dir='ltr'><strong>cum</strong></span> 
     </span>
    </p>
   </div>
   <div class='ocr_carea' id='block_1_98' title="bbox 2104 1129 3681 1203">
    <p class='ocr_par' dir='ltr' id='par_1_98' title="bbox 2104 1129 3681 1203">
     <span class='ocr_line' id='line_1_98' title="bbox 2104 1129 3681 1203; baseline -0.002 -16"><span class='ocrx_word' id='word_1_418' title='bbox 2104 1129 2262 1203; x_wconf 82' lang='lat' dir='ltr'><strong>hujus</strong></span> <span class='ocrx_word' id='word_1_419' title='bbox 2290 1133 2648 1186; x_wconf 88' lang='lat' dir='ltr'><strong>indurationis</strong></span> <span class='ocrx_word' id='word_1_420' title='bbox 2672 1148 2836 1203; x_wconf 84' lang='lat' dir='ltr'><strong>causa</strong></span> <span class='ocrx_word' id='word_1_421' title='bbox 2875 1131 2947 1203; x_wconf 74' lang='lat' dir='ltr'><strong>sit</strong></span> <span class='ocrx_word' id='word_1_422' title='bbox 2976 1130 3027 1183; x_wconf 83' lang='lat' dir='ltr'><strong>in</strong></span> <span class='ocrx_word' id='word_1_423' title='bbox 3064 1146 3123 1203; x_wconf 84' lang='lat' dir='ltr'><strong>eo</strong></span> <span class='ocrx_word' id='word_1_424' title='bbox 3149 1129 3417 1203; x_wconf 72' lang='lat' dir='ltr'><strong>quiduris</strong></span> <span class='ocrx_word' id='word_1_425' title='bbox 3440 1129 3681 1203; x_wconf 81' lang='lat' dir='ltr'><strong>operibus</strong></span> 
     </span>
    </p>
   </div>
   <div class='ocr_carea' id='block_1_99' title="bbox 2109 1199 3677 1271">
    <p class='ocr_par' dir='ltr' id='par_1_99' title="bbox 2109 1199 3677 1271">
     <span class='ocr_line' id='line_1_99' title="bbox 2109 1199 3677 1271; baseline -0.003 -14"><span class='ocrx_word' id='word_1_426' title='bbox 2109 1199 2455 1257; x_wconf 77' lang='lat' dir='ltr'><strong>Hebrtemum</strong></span> <span class='ocrx_word' id='word_1_427' title='bbox 2487 1203 2648 1255; x_wconf 88' lang='lat' dir='ltr'><strong>vitam</strong></span> <span class='ocrx_word' id='word_1_428' title='bbox 2683 1202 2896 1271; x_wconf 80' lang='lat' dir='ltr'><strong>fatigat,</strong></span> <span class='ocrx_word' id='word_1_429' title='bbox 2927 1199 3063 1271; x_wconf 84' lang='lat' dir='ltr'><strong>luto,</strong></span> <span class='ocrx_word' id='word_1_430' title='bbox 3083 1199 3338 1271; x_wconf 72' lang='lat' dir='ltr'><strong>lateribus</strong></span> <span class='ocrx_word' id='word_1_431' title='bbox 3369 1199 3677 1271; x_wconf 81' lang='lat' dir='ltr'><strong>coquendis,</strong></span> 
     </span>
    </p>
   </div>
   <div class='ocr_carea' id='block_1_100' title="bbox 2106 1268 3677 1341">
    <p class='ocr_par' dir='ltr' id='par_1_100' title="bbox 2106 1268 3677 1341">
     <span class='ocr_line' id='line_1_100' title="bbox 2106 1268 3677 1341; baseline -0.003 -13"><span class='ocrx_word' id='word_1_432' title='bbox 2106 1282 2155 1328; x_wconf 88' lang='lat' dir='ltr'><strong>et</strong></span> <span class='ocrx_word' id='word_1_433' title='bbox 2183 1273 2385 1326; x_wconf 80' lang='lat' dir='ltr'><strong>cunctis</strong></span> <span class='ocrx_word' id='word_1_434' title='bbox 2408 1273 2650 1341; x_wconf 80' lang='lat' dir='ltr'><strong>operibus</strong></span> <span class='ocrx_word' id='word_1_435' title='bbox 2678 1268 2875 1324; x_wconf 57' lang='lat' dir='ltr'><strong>natiiis</strong></span> <span class='ocrx_word' id='word_1_436' title='bbox 2906 1269 3080 1333; x_wconf 86' lang='lat' dir='ltr'><strong>modo,</strong></span> <span class='ocrx_word' id='word_1_437' title='bbox 3104 1284 3232 1341; x_wconf 71' lang='lat' dir='ltr'><strong>qua:</strong></span> <span class='ocrx_word' id='word_1_438' title='bbox 3254 1270 3308 1322; x_wconf 89' lang='lat' dir='ltr'><strong>in</strong></span> <span class='ocrx_word' id='word_1_439' title='bbox 3329 1268 3608 1341; x_wconf 52' lang='lat' dir='ltr'><strong>montibus</strong></span> <span class='ocrx_word' id='word_1_440' title='bbox 3622 1276 3677 1323; x_wconf 89' lang='lat' dir='ltr'><strong>et</strong></span> 
     </span>
    </p>
   </div>
   <div class='ocr_carea' id='block_1_101' title="bbox 2108 1336 3682 1411">
    <p class='ocr_par' dir='ltr' id='par_1_101' title="bbox 2108 1336 3682 1411">
     <span class='ocr_line' id='line_1_101' title="bbox 2108 1336 3682 1411; baseline -0.003 -14"><span class='ocrx_word' id='word_1_441' title='bbox 2108 1342 2331 1398; x_wconf 82' lang='lat' dir='ltr'><strong>collibus</strong></span> <span class='ocrx_word' id='word_1_442' title='bbox 2356 1383 2371 1409; x_wconf 97' lang='lat'><strong>,</strong></span> <span class='ocrx_word' id='word_1_443' title='bbox 2409 1336 2499 1395; x_wconf 81' lang='lat' dir='ltr'><strong>sed</strong></span> <span class='ocrx_word' id='word_1_444' title='bbox 2524 1342 2685 1395; x_wconf 85' lang='lat' dir='ltr'><strong>etiam</strong></span> <span class='ocrx_word' id='word_1_445' title='bbox 2712 1356 2829 1411; x_wconf 65' lang='lat' dir='ltr'><strong>qua</strong></span> <span class='ocrx_word' id='word_1_446' title='bbox 2858 1341 2913 1393; x_wconf 87' lang='lat' dir='ltr'><strong>in</strong></span> <span class='ocrx_word' id='word_1_447' title='bbox 2940 1336 3139 1411; x_wconf 78' lang='lat' dir='ltr'><strong>campis</strong></span> <span class='ocrx_word' id='word_1_448' title='bbox 3184 1349 3527 1411; x_wconf 76' lang='lat' dir='ltr'><strong>peraguntur.</strong></span> <span class='ocrx_word' id='word_1_449' title='bbox 3570 1336 3682 1393; x_wconf 88' lang='lat' dir='ltr'><strong>Suo</strong></span> 
     </span>
    </p>
   </div>
   <div class='ocr_carea' id='block_1_102' title="bbox 2107 1409 3682 1481">
    <p class='ocr_par' dir='ltr' id='par_1_102' title="bbox 2107 1409 3682 1481">
     <span class='ocr_line' id='line_1_102' title="bbox 2107 1409 3682 1481; baseline -0.004 -15"><span class='ocrx_word' id='word_1_450' title='bbox 2107 1415 2245 1467; x_wconf 86' lang='lat' dir='ltr'><strong>enim</strong></span> <span class='ocrx_word' id='word_1_451' title='bbox 2277 1413 2402 1466; x_wconf 83' lang='lat' dir='ltr'><strong>vitio</strong></span> <span class='ocrx_word' id='word_1_452' title='bbox 2445 1412 2620 1481; x_wconf 77' lang='lat' dir='ltr'><strong>[actus</strong></span> <span class='ocrx_word' id='word_1_453' title='bbox 2650 1409 3038 1481; x_wconf 83' lang='lat' dir='ltr'><strong>quodammodo</strong></span> <span class='ocrx_word' id='word_1_454' title='bbox 3069 1409 3364 1481; x_wconf 71' lang='lat' dir='ltr'><strong>materiatio</strong></span> <span class='ocrx_word' id='word_1_455' title='bbox 3399 1417 3471 1481; x_wconf 87' lang='lat' dir='ltr'><strong>et_</strong></span> <span class='ocrx_word' id='word_1_456' title='bbox 3495 1423 3682 1481; x_wconf 73' lang='lat' dir='ltr'><strong>secun—</strong></span> 
     </span>
    </p>
   </div>
   <div class='ocr_carea' id='block_1_103' title="bbox 2108 1477 3681 1544">
    <p class='ocr_par' dir='ltr' id='par_1_103' title="bbox 2108 1477 3681 1544">
     <span class='ocr_line' id='line_1_103' title="bbox 2108 1477 3681 1544; baseline -0.003 -9"><span class='ocrx_word' id='word_1_457' title='bbox 2108 1484 2233 1536; x_wconf 84' lang='lat' dir='ltr'><strong>dum</strong></span> <span class='ocrx_word' id='word_1_458' title='bbox 2264 1477 2474 1535; x_wconf 71' lang='lat' dir='ltr'><strong>carnem</strong></span> <span class='ocrx_word' id='word_1_459' title='bbox 2511 1477 2722 1535; x_wconf 81' lang='lat' dir='ltr'><strong>omnino</strong></span> <span class='ocrx_word' id='word_1_460' title='bbox 2766 1481 2960 1544; x_wconf 78' lang='lat' dir='ltr'><strong>vivens,</strong></span> <span class='ocrx_word' id='word_1_461' title='bbox 2987 1478 3099 1531; x_wconf 86' lang='lat' dir='ltr'><strong>luto</strong></span> <span class='ocrx_word' id='word_1_462' title='bbox 3129 1479 3352 1541; x_wconf 87' lang='lat' dir='ltr'><strong>amicus,</strong></span> <span class='ocrx_word' id='word_1_463' title='bbox 3382 1477 3493 1531; x_wconf 88' lang='lat' dir='ltr'><strong>vult</strong></span> <span class='ocrx_word' id='word_1_464' title='bbox 3517 1478 3681 1531; x_wconf 85' lang='lat' dir='ltr'><strong>etiam</strong></span> 
     </span>
    </p>
   </div>
   <div class='ocr_carea' id='block_1_104' title="bbox 2110 1546 3680 1620">
    <p class='ocr_par' dir='ltr' id='par_1_104' title="bbox 2110 1546 3680 1620">
     <span class='ocr_line' id='line_1_104' title="bbox 2110 1546 3680 1620; baseline -0.004 -14"><span class='ocrx_word' id='word_1_465' title='bbox 2110 1551 2362 1607; x_wconf 66' lang='lat' dir='ltr'><strong>Hebraeos</strong></span> <span class='ocrx_word' id='word_1_466' title='bbox 2406 1550 2576 1604; x_wconf 88' lang='lat' dir='ltr'><strong>lutum</strong></span> <span class='ocrx_word' id='word_1_467' title='bbox 2629 1551 2839 1620; x_wconf 80' lang='lat' dir='ltr'><strong>facere,</strong></span> <span class='ocrx_word' id='word_1_468' title='bbox 2890 1557 3069 1618; x_wconf 83' lang='lat' dir='ltr'><strong>utpote</strong></span> <span class='ocrx_word' id='word_1_469' title='bbox 3114 1546 3465 1620; x_wconf 81' lang='lat' dir='ltr'><strong>principalem</strong></span> <span class='ocrx_word' id='word_1_470' title='bbox 3515 1548 3680 1600; x_wconf 88' lang='lat' dir='ltr'><strong>animi</strong></span> 
     </span>
    </p>
   </div>
   <div class='ocr_carea' id='block_1_105' title="bbox 2108 1618 3681 1691">
    <p class='ocr_par' dir='ltr' id='par_1_105' title="bbox 2108 1618 3681 1691">
     <span class='ocr_line' id='line_1_105' title="bbox 2108 1618 3681 1691; baseline -0.005 -14"><span class='ocrx_word' id='word_1_471' title='bbox 2108 1632 2311 1691; x_wconf 85' lang='lat' dir='ltr'><strong>partem</strong></span> <span class='ocrx_word' id='word_1_472' title='bbox 2352 1637 2464 1691; x_wconf 10' lang='lat' dir='ltr'><strong>non?</strong></span> <span class='ocrx_word' id='word_1_473' title='bbox 2504 1618 2695 1675; x_wconf 32' lang='lat' dir='ltr'><strong>habe—ns</strong></span> <span class='ocrx_word' id='word_1_474' title='bbox 2729 1637 2763 1673; x_wconf 92' lang='lat' dir='ltr'><strong>a</strong></span> <span class='ocrx_word' id='word_1_475' title='bbox 2793 1620 2905 1673; x_wconf 90' lang='lat' dir='ltr'><strong>luto</strong></span> <span class='ocrx_word' id='word_1_476' title='bbox 2939 1633 3169 1691; x_wconf 74' lang='lat' dir='ltr'><strong>puram;</strong></span> <span class='ocrx_word' id='word_1_477' title='bbox 3198 1618 3681 1691; x_wconf 32' lang='lat' dir='ltr'><strong>quiequidemtut</strong></span> 
     </span>
    </p>
   </div>
   <div class='ocr_carea' id='block_1_106' title="bbox 2110 1685 3682 1755">
    <p class='ocr_par' dir='ltr' id='par_1_106' title="bbox 2110 1685 3682 1755">
     <span class='ocr_line' id='line_1_106' title="bbox 2110 1685 3682 1755; baseline -0.004 -9"><span class='ocrx_word' id='word_1_478' title='bbox 2110 1685 2283 1746; x_wconf 85' lang='lat' dir='ltr'><strong>lutum</strong></span> <span class='ocrx_word' id='word_1_479' title='bbox 2314 1708 2346 1745; x_wconf 93' lang='lat' dir='ltr'><strong>a</strong></span> <span class='ocrx_word' id='word_1_480' title='bbox 2385 1690 2493 1745; x_wconf 87' lang='lat' dir='ltr'><strong>sole</strong></span> <span class='ocrx_word' id='word_1_481' title='bbox 2523 1692 2843 1755; x_wconf 83' lang='lat' dir='ltr'><strong>induratur,</strong></span> <span class='ocrx_word' id='word_1_482' title='bbox 2885 1685 2962 1743; x_wconf 79' lang='lat' dir='ltr'><strong>sic</strong></span> <span class='ocrx_word' id='word_1_483' title='bbox 2992 1705 3025 1741; x_wconf 89' lang='lat' dir='ltr'><strong>a</strong></span> <span class='ocrx_word' id='word_1_484' title='bbox 3059 1687 3154 1741; x_wconf 85' lang='lat' dir='ltr'><strong>Dei</strong></span> <span class='ocrx_word' id='word_1_485' title='bbox 3194 1685 3361 1742; x_wconf 74' lang='lat' dir='ltr'><strong>radiis</strong></span> <span class='ocrx_word' id='word_1_486' title='bbox 3396 1685 3568 1741; x_wconf 84' lang='lat' dir='ltr'><strong>Israel</strong></span> <span class='ocrx_word' id='word_1_487' title='bbox 3600 1687 3682 1740; x_wconf 87' lang='lat' dir='ltr'><strong>in-</strong></span> 
     </span>
    </p>
   </div>
   <div class='ocr_carea' id='block_1_107' title="bbox 2112 1756 3680 1832">
    <p class='ocr_par' dir='ltr' id='par_1_107' title="bbox 2112 1756 3680 1832">
     <span class='ocr_line' id='line_1_107' title="bbox 2112 1756 3680 1832; baseline -0.004 -16"><span class='ocrx_word' id='word_1_488' title='bbox 2112 1760 2452 1832; x_wconf 77' lang='lat' dir='ltr'><strong>spicientibus</strong></span> <span class='ocrx_word' id='word_1_489' title='bbox 2496 1761 2749 1832; x_wconf 81' lang='lat' dir='ltr'><strong>indurata</strong></span> <span class='ocrx_word' id='word_1_490' title='bbox 2778 1772 2874 1832; x_wconf 70' lang='lat' dir='ltr'><strong>est.</strong></span> <span class='ocrx_word' id='word_1_491' title='bbox 2916 1758 3044 1832; x_wconf 61' lang='lat' dir='ltr'><strong>Haec</strong></span> <span class='ocrx_word' id='word_1_492' title='bbox 3077 1768 3253 1832; x_wconf 80' lang='lat' dir='ltr'><strong>autem</strong></span> <span class='ocrx_word' id='word_1_493' title='bbox 3288 1759 3366 1812; x_wconf 87' lang='lat' dir='ltr'><strong>ita</strong></span> <span class='ocrx_word' id='word_1_494' title='bbox 3396 1775 3450 1813; x_wconf 83' lang='lat' dir='ltr'><strong>se</strong></span> <span class='ocrx_word' id='word_1_495' title='bbox 3488 1756 3680 1832; x_wconf 76' lang='lat' dir='ltr'><strong>habere</strong></span> 
     </span>
    </p>
   </div>
   <div class='ocr_carea' id='block_1_108' title="bbox 2111 1827 3683 1897">
    <p class='ocr_par' dir='ltr' id='par_1_108' title="bbox 2111 1827 3683 1897">
     <span class='ocr_line' id='line_1_108' title="bbox 2111 1827 3683 1897; baseline -0.004 -11"><span class='ocrx_word' id='word_1_496' title='bbox 2111 1827 2167 1886; x_wconf 82' lang='lat' dir='ltr'><strong>in</strong></span> <span class='ocrx_word' id='word_1_497' title='bbox 2189 1833 2285 1884; x_wconf 80' lang='lat' dir='ltr'><strong>hoc</strong></span> <span class='ocrx_word' id='word_1_498' title='bbox 2306 1830 2441 1895; x_wconf 84' lang='lat' dir='ltr'><strong>loco,</strong></span> <span class='ocrx_word' id='word_1_499' title='bbox 2468 1847 2560 1885; x_wconf 86' lang='lat' dir='ltr'><strong>nec</strong></span> <span class='ocrx_word' id='word_1_500' title='bbox 2585 1831 2783 1884; x_wconf 88' lang='lat' dir='ltr'><strong>nudam</strong></span> <span class='ocrx_word' id='word_1_501' title='bbox 2808 1830 3086 1883; x_wconf 72' lang='lat' dir='ltr'><strong>historiam</strong></span> <span class='ocrx_word' id='word_1_502' title='bbox 3107 1829 3330 1883; x_wconf 79' lang='lat' dir='ltr'><strong>scribere</strong></span> <span class='ocrx_word' id='word_1_503' title='bbox 3353 1827 3683 1897; x_wconf 82' lang='lat' dir='ltr'><strong>propositum</strong></span> 
     </span>
    </p>
   </div>
   <div class='ocr_carea' id='block_1_109' title="bbox 2110 1898 3685 1971">
    <p class='ocr_par' dir='ltr' id='par_1_109' title="bbox 2110 1898 3685 1971">
     <span class='ocr_line' id='line_1_109' title="bbox 2110 1898 3685 1971; baseline -0.005 -15"><span class='ocrx_word' id='word_1_504' title='bbox 2110 1902 2277 1971; x_wconf 81' lang='lat' dir='ltr'><strong>fuisse</strong></span> <span class='ocrx_word' id='word_1_505' title='bbox 2305 1901 2523 1970; x_wconf 86' lang='lat' dir='ltr'><strong>planum</strong></span> <span class='ocrx_word' id='word_1_506' title='bbox 2544 1901 2676 1971; x_wconf 76' lang='lat' dir='ltr'><strong>erit,</strong></span> <span class='ocrx_word' id='word_1_507' title='bbox 2696 1900 2761 1971; x_wconf 75' lang='lat' dir='ltr'><strong>si</strong></span> <span class='ocrx_word' id='word_1_508' title='bbox 2784 1900 2900 1968; x_wconf 85' lang='lat' dir='ltr'><strong>quis</strong></span> <span class='ocrx_word' id='word_1_509' title='bbox 2935 1899 3322 1971; x_wconf 76' lang='lat' dir='ltr'><strong>animadvertat</strong></span> <span class='ocrx_word' id='word_1_510' title='bbox 3345 1937 3360 1961; x_wconf 92' lang='lat'><strong>,</strong></span> <span class='ocrx_word' id='word_1_511' title='bbox 3392 1898 3685 1971; x_wconf 73' lang='lat' dir='ltr'><strong>cuminge-</strong></span> 
     </span>
    </p>
   </div>
   <div class='ocr_carea' id='block_1_110' title="bbox 2109 1968 3683 2040">
    <p class='ocr_par' dir='ltr' id='par_1_110' title="bbox 2109 1968 3683 2040">
     <span class='ocr_line' id='line_1_110' title="bbox 2109 1968 3683 2040; baseline -0.004 -16"><span class='ocrx_word' id='word_1_512' title='bbox 2109 1968 2383 2026; x_wconf 79' lang='lat' dir='ltr'><strong>miscerent</strong></span> <span class='ocrx_word' id='word_1_513' title='bbox 2407 1970 2508 2040; x_wconf 79' lang='lat' dir='ltr'><strong>ﬁlii</strong></span> <span class='ocrx_word' id='word_1_514' title='bbox 2530 1969 2724 2033; x_wconf 78' lang='lat' dir='ltr'><strong>Israel,</strong></span> <span class='ocrx_word' id='word_1_515' title='bbox 2743 1985 2904 2038; x_wconf 83' lang='lat' dir='ltr'><strong>neque</strong></span> <span class='ocrx_word' id='word_1_516' title='bbox 2924 1977 3133 2037; x_wconf 88' lang='lat' dir='ltr'><strong>propter</strong></span> <span class='ocrx_word' id='word_1_517' title='bbox 3153 1968 3377 2040; x_wconf 85' lang='lat' dir='ltr'><strong>laterum</strong></span> <span class='ocrx_word' id='word_1_518' title='bbox 3401 1968 3683 2040; x_wconf 76' lang='lat' dir='ltr'><strong>ofﬁcinam,</strong></span> 
     </span>
    </p>
   </div>
   <div class='ocr_carea' id='block_1_111' title="bbox 2112 2036 3685 2109">
    <p class='ocr_par' dir='ltr' id='par_1_111' title="bbox 2112 2036 3685 2109">
     <span class='ocr_line' id='line_1_111' title="bbox 2112 2036 3685 2109; baseline -0.004 -15"><span class='ocrx_word' id='word_1_519' title='bbox 2112 2056 2275 2109; x_wconf 75' lang='lat' dir='ltr'><strong>neque</strong></span> <span class='ocrx_word' id='word_1_520' title='bbox 2305 2036 2516 2108; x_wconf 83' lang='lat' dir='ltr'><strong>propter</strong></span> <span class='ocrx_word' id='word_1_521' title='bbox 2544 2040 2717 2109; x_wconf 82' lang='lat' dir='ltr'><strong>lutum</strong></span> <span class='ocrx_word' id='word_1_522' title='bbox 2737 2077 2752 2101; x_wconf 90' lang='lat'><strong>,</strong></span> <span class='ocrx_word' id='word_1_523' title='bbox 2780 2036 2941 2109; x_wconf 57' lang='lat' dir='ltr'><strong>neque</strong></span> <span class='ocrx_word' id='word_1_524' title='bbox 2968 2037 3412 2109; x_wconf 76' lang='lat' dir='ltr'><strong>propterpnleas,</strong></span> <span class='ocrx_word' id='word_1_525' title='bbox 3442 2036 3530 2088; x_wconf 85' lang='lat' dir='ltr'><strong>sed</strong></span> <span class='ocrx_word' id='word_1_526' title='bbox 3557 2051 3685 2103; x_wconf 87' lang='lat' dir='ltr'><strong>pro-</strong></span> 
     </span>
    </p>
   </div>
   <div class='ocr_carea' id='block_1_112' title="bbox 2112 2103 3688 2176">
    <p class='ocr_par' dir='ltr' id='par_1_112' title="bbox 2112 2103 3688 2176">
     <span class='ocr_line' id='line_1_112' title="bbox 2112 2103 3688 2176; baseline -0.002 -17"><span class='ocrx_word' id='word_1_527' title='bbox 2112 2103 2241 2176; x_wconf 15' lang='lat' dir='ltr'><strong>pter,</strong></span> <span class='ocrx_word' id='word_1_528' title='bbox 2256 2103 2412 2175; x_wconf 82' lang='lat' dir='ltr'><strong>opera</strong></span> <span class='ocrx_word' id='word_1_529' title='bbox 2444 2107 2758 2176; x_wconf 79' lang='lat' dir='ltr'><strong>ingemuisse</strong></span> <span class='ocrx_word' id='word_1_530' title='bbox 2785 2120 2804 2156; x_wconf 91' lang='lat'><strong><em>:</em></strong></span> <span class='ocrx_word' id='word_1_531' title='bbox 2841 2103 2865 2154; x_wconf 61' lang='grc' dir='ltr'><strong>ι’</strong></span> <span class='ocrx_word' id='word_1_532' title='bbox 2898 2103 2975 2176; x_wconf 73' lang='lat' dir='ltr'><strong>Et</strong></span> <span class='ocrx_word' id='word_1_533' title='bbox 2996 2105 3230 2156; x_wconf 83' lang='lat' dir='ltr'><strong>ascendit</strong></span> <span class='ocrx_word' id='word_1_534' title='bbox 3269 2103 3472 2176; x_wconf 70' lang='lat' dir='ltr'><strong>clamor</strong></span> <span class='ocrx_word' id='word_1_535' title='bbox 3494 2120 3688 2176; x_wconf 70' lang='lat' dir='ltr'><strong>eorum</strong></span> 
     </span>
    </p>
   </div>
   <div class='ocr_carea' id='block_1_113' title="bbox 2114 2172 3685 2241">
    <p class='ocr_par' dir='ltr' id='par_1_113' title="bbox 2114 2172 3685 2241">
     <span class='ocr_line' id='line_1_113' title="bbox 2114 2172 3685 2241; baseline -0.002 -12"><span class='ocrx_word' id='word_1_536' title='bbox 2114 2172 2186 2229; x_wconf 82' lang='lat' dir='ltr'><strong>‘ad</strong></span> <span class='ocrx_word' id='word_1_537' title='bbox 2215 2172 2403 2240; x_wconf 75' lang='lat' dir='ltr'><strong>Deum,</strong></span> <span class='ocrx_word' id='word_1_538' title='bbox 2436 2193 2454 2227; x_wconf 74' lang='grc' dir='ltr'>ι</span> <span class='ocrx_word' id='word_1_539' title='bbox 2494 2172 2596 2228; x_wconf 73' lang='lat' dir='ltr'><strong>non</strong></span> <span class='ocrx_word' id='word_1_540' title='bbox 2629 2191 2662 2227; x_wconf 90' lang='lat' dir='ltr'><strong>a</strong></span> <span class='ocrx_word' id='word_1_541' title='bbox 2694 2175 2827 2237; x_wconf 87' lang='lat' dir='ltr'><strong>luto,</strong></span> <span class='ocrx_word' id='word_1_542' title='bbox 2857 2172 2947 2225; x_wconf 86' lang='lat' dir='ltr'><strong>sed</strong></span> <span class='ocrx_word' id='word_1_543' title='bbox 2977 2188 3190 2226; x_wconf 81' lang='lat' dir='ltr'><strong>rursum</strong></span> <span class='ocrx_word' id='word_1_544' title='bbox 3227 2191 3245 2223; x_wconf 84' lang='grc' dir='ltr'>ι</span> <span class='ocrx_word' id='word_1_545' title='bbox 3273 2172 3338 2225; x_wconf 91' lang='lat' dir='ltr'><strong>ab</strong></span> <span class='ocrx_word' id='word_1_546' title='bbox 3363 2173 3625 2241; x_wconf 85' lang='lat' dir='ltr'><strong>operibus.</strong></span> <span class='ocrx_word' id='word_1_547' title='bbox 3664 2191 3685 2226; x_wconf 75' lang='grc' dir='ltr'>ι</span> 
     </span>
    </p>
   </div>
   <div class='ocr_carea' id='block_1_114' title="bbox 2113 2242 3689 2315">
    <p class='ocr_par' dir='ltr' id='par_1_114' title="bbox 2113 2242 3689 2315">
     <span class='ocr_line' id='line_1_114' title="bbox 2113 2242 3689 2315; baseline -0.001 -16"><span class='ocrx_word' id='word_1_548' title='bbox 2113 2245 2451 2315; x_wconf 79' lang='lat' dir='ltr'><strong>Quapropter</strong></span> <span class='ocrx_word' id='word_1_549' title='bbox 2478 2246 2704 2315; x_wconf 73' lang='lat' dir='ltr'><strong>etiant_«</strong></span> <span class='ocrx_word' id='word_1_550' title='bbox 2733 2242 2939 2315; x_wconf 82' lang='lat' dir='ltr'><strong>audivit</strong></span> <span class='ocrx_word' id='word_1_551' title='bbox 2979 2242 3235 2296; x_wconf 83' lang='lat' dir='ltr'><strong>Dominus</strong></span> <span class='ocrx_word' id='word_1_552' title='bbox 3286 2244 3508 2315; x_wconf 75' lang='lat' dir='ltr'><strong>gemitus</strong></span> <span class='ocrx_word' id='word_1_553' title='bbox 3548 2245 3689 2315; x_wconf 49' lang='lat' dir='ltr'><strong>ipso:-</strong></span> 
     </span>
    </p>
   </div>
   <div class='ocr_carea' id='block_1_115' title="bbox 2118 2311 3689 2382">
    <p class='ocr_par' dir='ltr' id='par_1_115' title="bbox 2118 2311 3689 2382">
     <span class='ocr_line' id='line_1_115' title="bbox 2118 2311 3689 2382; baseline 0 -14"><span class='ocrx_word' id='word_1_554' title='bbox 2118 2311 2266 2377; x_wconf 73' lang='lat' dir='ltr'><strong>mm,</strong></span> <span class='ocrx_word' id='word_1_555' title='bbox 2325 2335 2343 2365; x_wconf 70' lang='grc' dir='ltr'>ι</span> <span class='ocrx_word' id='word_1_556' title='bbox 2385 2331 2490 2368; x_wconf 88' lang='lat' dir='ltr'><strong>non</strong></span> <span class='ocrx_word' id='word_1_557' title='bbox 2539 2313 2759 2368; x_wconf 86' lang='lat' dir='ltr'><strong>audiens</strong></span> <span class='ocrx_word' id='word_1_558' title='bbox 2805 2313 3053 2380; x_wconf 84' lang='lat' dir='ltr'><strong>gemitum</strong></span> <span class='ocrx_word' id='word_1_559' title='bbox 3087 2311 3306 2382; x_wconf 76' lang='lat' dir='ltr'><strong>eorum,</strong></span> <span class='ocrx_word' id='word_1_560' title='bbox 3357 2312 3448 2382; x_wconf 87' lang='lat' dir='ltr'><strong>qui</strong></span> <span class='ocrx_word' id='word_1_561' title='bbox 3486 2328 3591 2366; x_wconf 88' lang='lat' dir='ltr'><strong>non</strong></span> <span class='ocrx_word' id='word_1_562' title='bbox 3622 2311 3689 2368; x_wconf 84' lang='lat' dir='ltr'><strong>ab</strong></span> 
     </span>
    </p>
   </div>
   <div class='ocr_carea' id='block_1_116' title="bbox 2115 2381 3691 2508">
    <p class='ocr_par' dir='ltr' id='par_1_116' title="bbox 2115 2381 3691 2508">
     <span class='ocr_line' id='line_1_116' title="bbox 2115 2381 3691 2508; baseline 0 -71"><span class='ocrx_word' id='word_1_563' title='bbox 2115 2384 2356 2508; x_wconf 55' lang='lat' dir='ltr'><strong>operibgs</strong></span> <span class='ocrx_word' id='word_1_564' title='bbox 2378 2384 2513 2506; x_wconf 51' lang='lat' dir='ltr'><strong>,‘sed</strong></span> <span class='ocrx_word' id='word_1_565' title='bbox 2542 2401 2575 2438; x_wconf 89' lang='lat' dir='ltr'><strong>a</strong></span> <span class='ocrx_word' id='word_1_566' title='bbox 2606 2383 2717 2438; x_wconf 84' lang='lat' dir='ltr'><strong>luto</strong></span> <span class='ocrx_word' id='word_1_567' title='bbox 2753 2390 2804 2437; x_wconf 87' lang='lat' dir='ltr'><strong>et</strong></span> <span class='ocrx_word' id='word_1_568' title='bbox 2833 2382 3051 2437; x_wconf 85' lang='lat' dir='ltr'><strong>terrenis</strong></span> <span class='ocrx_word' id='word_1_569' title='bbox 3081 2381 3372 2437; x_wconf 84' lang='lat' dir='ltr'><strong>actionibus</strong></span> <span class='ocrx_word' id='word_1_570' title='bbox 3409 2382 3477 2435; x_wconf 85' lang='lat' dir='ltr'><strong>ad</strong></span> <span class='ocrx_word' id='word_1_571' title='bbox 3513 2384 3691 2453; x_wconf 84' lang='lat' dir='ltr'><strong>ipsum</strong></span> 
     </span>
     <span class='ocr_line' id='line_1_117' title="bbox 2115 2469 2706 2508; baseline -0.005 0"><span class='ocrx_word' id='word_1_572' title='bbox 2115 2470 2141 2508; x_wconf 86' lang='lat' dir='ltr'><strong>c</strong></span> <span class='ocrx_word' id='word_1_573' title='bbox 2167 2470 2292 2508; x_wconf 90' lang='lat' dir='ltr'><strong>ama</strong></span> <span class='ocrx_word' id='word_1_574' title='bbox 2324 2469 2394 2507; x_wconf 83' lang='lat' dir='ltr'><strong>an</strong></span> <span class='ocrx_word' id='word_1_575' title='bbox 2422 2494 2437 2508; x_wconf 93' lang='lat'><strong>.</strong></span> <span class='ocrx_word' id='word_1_576' title='bbox 2699 2499 2706 2505; x_wconf 93' lang='lat'><strong>.</strong></span> 
     </span>
    </p>
   </div>
   <div class='ocr_carea' id='block_1_117' title="bbox 2113 2469 2437 2509">
    <p class='ocr_par' dir='ltr' id='par_1_117' title="bbox 2113 2469 2437 2509">
     <span class='ocr_line' id='line_1_118' title="bbox 2113 2469 2437 2509; baseline 0.003 -1"><span class='ocrx_word' id='word_1_577' title='bbox 2113 2469 2437 2509; x_wconf 72' lang='lat' dir='ltr'><strong>Clamabam.</strong></span> 
     </span>
    </p>
   </div>
   <div class='ocr_carea' id='block_1_118' title="bbox 2112 2587 3762 2664">
    <p class='ocr_par' dir='ltr' id='par_1_118' title="bbox 2112 2587 3762 2664">
     <span class='ocr_line' id='line_1_119' title="bbox 2112 2587 3762 2664; baseline -0.002 -16"><span class='ocrx_word' id='word_1_578' title='bbox 2112 2592 2240 2649; x_wconf 70' lang='lat' dir='ltr'><strong>llaec</strong></span> <span class='ocrx_word' id='word_1_579' title='bbox 2289 2592 2542 2664; x_wconf 84' lang='lat' dir='ltr'><strong>quamvis</strong></span> <span class='ocrx_word' id='word_1_580' title='bbox 2578 2607 2675 2664; x_wconf 87' lang='lat' dir='ltr'><strong>per</strong></span> <span class='ocrx_word' id='word_1_581' title='bbox 2729 2606 3020 2647; x_wconf 83' lang='lat' dir='ltr'><strong>excessum</strong></span> <span class='ocrx_word' id='word_1_582' title='bbox 3057 2587 3203 2645; x_wconf 88' lang='lat' dir='ltr'><strong>dicta</strong></span> <span class='ocrx_word' id='word_1_583' title='bbox 3248 2588 3555 2655; x_wconf 85' lang='lat' dir='ltr'><strong>vidcantur,</strong></span> <span class='ocrx_word' id='word_1_584' title='bbox 3603 2596 3689 2644; x_wconf 83' lang='lat' dir='ltr'><strong>ta-</strong></span> <span class='ocrx_word' id='word_1_585' title='bbox 3746 2589 3762 2602; x_wconf 84' lang='lat'>&#39;</span> 
     </span>
    </p>
   </div>
   <div class='ocr_carea' id='block_1_119' title="bbox 2113 2680 3692 2755">
    <p class='ocr_par' dir='ltr' id='par_1_119' title="bbox 2113 2680 3692 2755">
     <span class='ocr_line' id='line_1_120' title="bbox 2113 2680 3692 2755; baseline -0.003 -15"><span class='ocrx_word' id='word_1_586' title='bbox 2113 2700 2236 2741; x_wconf 91' lang='lat' dir='ltr'><strong>men</strong></span> <span class='ocrx_word' id='word_1_587' title='bbox 2262 2685 2509 2740; x_wconf 88' lang='lat' dir='ltr'><strong>locorum</strong></span> <span class='ocrx_word' id='word_1_588' title='bbox 2537 2683 2946 2755; x_wconf 89' lang='lat' dir='ltr'><strong>opportunitate</strong></span> <span class='ocrx_word' id='word_1_589' title='bbox 2980 2680 3299 2737; x_wconf 86' lang='lat' dir='ltr'><strong>commoniti</strong></span> <span class='ocrx_word' id='word_1_590' title='bbox 3344 2695 3692 2752; x_wconf 82' lang='lat' dir='ltr'><strong>nequaquam</strong></span> 
     </span>
    </p>
   </div>
   <div class='ocr_carea' id='block_1_120' title="bbox 2108 2773 3696 2849">
    <p class='ocr_par' dir='ltr' id='par_1_120' title="bbox 2108 2773 3696 2849">
     <span class='ocr_line' id='line_1_121' title="bbox 2108 2773 3696 2849; baseline -0.003 -16"><span class='ocrx_word' id='word_1_591' title='bbox 2108 2777 2474 2849; x_wconf 86' lang='lat' dir='ltr'><strong>judicavimus</strong></span> <span class='ocrx_word' id='word_1_592' title='bbox 2507 2776 2837 2840; x_wconf 88' lang='lat' dir='ltr'><strong>omittenda,</strong></span> <span class='ocrx_word' id='word_1_593' title='bbox 2871 2774 3113 2830; x_wconf 83' lang='lat' dir='ltr'><strong>maxime</strong></span> <span class='ocrx_word' id='word_1_594' title='bbox 3155 2788 3279 2829; x_wconf 87' lang='lat' dir='ltr'><strong>cum</strong></span> <span class='ocrx_word' id='word_1_595' title='bbox 3328 2773 3566 2828; x_wconf 86' lang='lat' dir='ltr'><strong>habeant</strong></span> <span class='ocrx_word' id='word_1_596' title='bbox 3595 2773 3696 2828; x_wconf 85' lang='lat' dir='ltr'><strong>ali-</strong></span> 
     </span>
    </p>
   </div>
   <div class='ocr_carea' id='block_1_121' title="bbox 2115 2865 3691 2942">
    <p class='ocr_par' dir='ltr' id='par_1_121' title="bbox 2115 2865 3691 2942">
     <span class='ocr_line' id='line_1_122' title="bbox 2115 2865 3691 2942; baseline -0.004 -16"><span class='ocrx_word' id='word_1_597' title='bbox 2115 2871 2246 2942; x_wconf 87' lang='lat' dir='ltr'><strong>quid</strong></span> <span class='ocrx_word' id='word_1_598' title='bbox 2292 2870 2669 2927; x_wconf 90' lang='lat' dir='ltr'><strong>similitudinis</strong></span> <span class='ocrx_word' id='word_1_599' title='bbox 2700 2868 2769 2924; x_wconf 88' lang='lat' dir='ltr'><strong>ad</strong></span> <span class='ocrx_word' id='word_1_600' title='bbox 2797 2870 2904 2924; x_wconf 84' lang='lat' dir='ltr'><strong>hoc</strong></span> <span class='ocrx_word' id='word_1_601' title='bbox 2932 2867 3078 2939; x_wconf 80' lang='lat' dir='ltr'><strong>quod</strong></span> <span class='ocrx_word' id='word_1_602' title='bbox 3122 2866 3254 2921; x_wconf 87' lang='lat' dir='ltr'><strong>dicit</strong></span> <span class='ocrx_word' id='word_1_603' title='bbox 3294 2866 3410 2920; x_wconf 69' lang='lat' dir='ltr'><strong>haec</strong></span> <span class='ocrx_word' id='word_1_604' title='bbox 3438 2880 3561 2937; x_wconf 68' lang='lat' dir='ltr'><strong>qum</strong></span> <span class='ocrx_word' id='word_1_605' title='bbox 3606 2865 3691 2920; x_wconf 90' lang='lat' dir='ltr'><strong>in-</strong></span> 
     </span>
    </p>
   </div>
   <div class='ocr_carea' id='block_1_122' title="bbox 2116 2956 3696 3033">
    <p class='ocr_par' dir='ltr' id='par_1_122' title="bbox 2116 2956 3696 3033">
     <span class='ocr_line' id='line_1_123' title="bbox 2116 2956 3696 3033; baseline -0.006 -12"><span class='ocrx_word' id='word_1_606' title='bbox 2116 2965 2328 3021; x_wconf 80' lang='lat' dir='ltr'><strong>fuscata</strong></span> <span class='ocrx_word' id='word_1_607' title='bbox 2356 2972 2440 3019; x_wconf 90' lang='lat' dir='ltr'><strong>est</strong></span> <span class='ocrx_word' id='word_1_608' title='bbox 2469 2963 2596 3033; x_wconf 87' lang='lat' dir='ltr'><strong>quia</strong></span> <span class='ocrx_word' id='word_1_609' title='bbox 2632 2960 2944 3032; x_wconf 78' lang='lat' dir='ltr'><strong>despexerit</strong></span> <span class='ocrx_word' id='word_1_610' title='bbox 2987 2974 3108 3015; x_wconf 88' lang='lat' dir='ltr'><strong>eam</strong></span> <span class='ocrx_word' id='word_1_611' title='bbox 3146 2958 3268 3025; x_wconf 90' lang='lat' dir='ltr'><strong>sol,</strong></span> <span class='ocrx_word' id='word_1_612' title='bbox 3315 2957 3464 3028; x_wconf 91' lang='lat' dir='ltr'><strong>quod</strong></span> <span class='ocrx_word' id='word_1_613' title='bbox 3506 2956 3696 3027; x_wconf 86' lang='lat' dir='ltr'><strong>utique</strong></span> 
     </span>
    </p>
   </div>
   <div class='ocr_carea' id='block_1_123' title="bbox 2118 3052 3694 3121">
    <p class='ocr_par' dir='ltr' id='par_1_123' title="bbox 2118 3052 3694 3121">
     <span class='ocr_line' id='line_1_124' title="bbox 2118 3052 3694 3121; baseline -0.007 -7"><span class='ocrx_word' id='word_1_614' title='bbox 2118 3058 2425 3114; x_wconf 88' lang='lat' dir='ltr'><strong>ostenditur</strong></span> <span class='ocrx_word' id='word_1_615' title='bbox 2448 3056 2520 3111; x_wconf 90' lang='lat' dir='ltr'><strong>ibi</strong></span> <span class='ocrx_word' id='word_1_616' title='bbox 2547 3055 2812 3120; x_wconf 88' lang='lat' dir='ltr'><strong>accidere,</strong></span> <span class='ocrx_word' id='word_1_617' title='bbox 2854 3052 2946 3107; x_wconf 92' lang='lat' dir='ltr'><strong>ubi</strong></span> <span class='ocrx_word' id='word_1_618' title='bbox 2984 3062 3327 3121; x_wconf 87' lang='lat' dir='ltr'><strong>peccatorum</strong></span> <span class='ocrx_word' id='word_1_619' title='bbox 3355 3063 3521 3104; x_wconf 90' lang='lat' dir='ltr'><strong>causa</strong></span> <span class='ocrx_word' id='word_1_620' title='bbox 3557 3063 3694 3119; x_wconf 72' lang='lat' dir='ltr'><strong>pra:-</strong></span> 
     </span>
    </p>
   </div>
   <div class='ocr_carea' id='block_1_124' title="bbox 2120 3138 3696 3215">
    <p class='ocr_par' dir='ltr' id='par_1_124' title="bbox 2120 3138 3696 3215">
     <span class='ocr_line' id='line_1_125' title="bbox 2120 3138 3696 3215; baseline -0.006 -10"><span class='ocrx_word' id='word_1_621' title='bbox 2120 3149 2298 3215; x_wconf 89' lang='lat' dir='ltr'><strong>ccdit;</strong></span> <span class='ocrx_word' id='word_1_622' title='bbox 2328 3155 2383 3203; x_wconf 91' lang='lat' dir='ltr'><strong>ct</strong></span> <span class='ocrx_word' id='word_1_623' title='bbox 2411 3146 2487 3202; x_wconf 91' lang='lat' dir='ltr'><strong>ibi</strong></span> <span class='ocrx_word' id='word_1_624' title='bbox 2526 3143 2790 3201; x_wconf 89' lang='lat' dir='ltr'><strong>infuscari</strong></span> <span class='ocrx_word' id='word_1_625' title='bbox 2816 3143 2900 3198; x_wconf 88' lang='lat' dir='ltr'><strong>vel</strong></span> <span class='ocrx_word' id='word_1_626' title='bbox 2926 3141 3082 3197; x_wconf 89' lang='lat' dir='ltr'><strong>aduri</strong></span> <span class='ocrx_word' id='word_1_627' title='bbox 3136 3140 3374 3210; x_wconf 87' lang='lat' dir='ltr'><strong>aliquem</strong></span> <span class='ocrx_word' id='word_1_628' title='bbox 3418 3138 3566 3206; x_wconf 90' lang='lat' dir='ltr'><strong>sole,</strong></span> <span class='ocrx_word' id='word_1_629' title='bbox 3603 3138 3696 3197; x_wconf 81' lang='lat' dir='ltr'><strong>ubi</strong></span> 
     </span>
    </p>
   </div>
   <div class='ocr_carea' id='block_1_125' title="bbox 2120 3230 3700 3310">
    <p class='ocr_par' dir='ltr' id='par_1_125' title="bbox 2120 3230 3700 3310">
     <span class='ocr_line' id='line_1_126' title="bbox 2120 3230 3700 3310; baseline -0.006 -15"><span class='ocrx_word' id='word_1_630' title='bbox 2120 3239 2330 3310; x_wconf 88' lang='lat' dir='ltr'><strong>peccati</strong></span> <span class='ocrx_word' id='word_1_631' title='bbox 2363 3235 2589 3292; x_wconf 89' lang='lat' dir='ltr'><strong>materia</strong></span> <span class='ocrx_word' id='word_1_632' title='bbox 2633 3233 2905 3305; x_wconf 82' lang='lat' dir='ltr'><strong>subsistit.</strong></span> <span class='ocrx_word' id='word_1_633' title='bbox 2950 3230 3051 3286; x_wconf 88' lang='lat' dir='ltr'><strong>Ubi</strong></span> <span class='ocrx_word' id='word_1_634' title='bbox 3084 3246 3212 3285; x_wconf 88' lang='lat' dir='ltr'><strong>vero</strong></span> <span class='ocrx_word' id='word_1_635' title='bbox 3244 3245 3355 3285; x_wconf 89' lang='lat' dir='ltr'><strong>non</strong></span> <span class='ocrx_word' id='word_1_636' title='bbox 3391 3238 3475 3284; x_wconf 89' lang='lat' dir='ltr'><strong>est</strong></span> <span class='ocrx_word' id='word_1_637' title='bbox 3505 3244 3700 3300; x_wconf 78' lang='lat' dir='ltr'><strong>pecca-</strong></span> 
     </span>
    </p>
   </div>
   <div class='ocr_carea' id='block_1_126' title="bbox 2122 3319 3697 3398">
    <p class='ocr_par' dir='ltr' id='par_1_126' title="bbox 2122 3319 3697 3398">
     <span class='ocr_line' id='line_1_127' title="bbox 2122 3319 3697 3398; baseline -0.007 -13"><span class='ocrx_word' id='word_1_638' title='bbox 2122 3338 2266 3397; x_wconf 88' lang='lat' dir='ltr'><strong>tum,</strong></span> <span class='ocrx_word' id='word_1_639' title='bbox 2312 3329 2396 3384; x_wconf 89' lang='lat' dir='ltr'><strong>sol</strong></span> <span class='ocrx_word' id='word_1_640' title='bbox 2423 3341 2600 3398; x_wconf 89' lang='lat' dir='ltr'><strong>neque</strong></span> <span class='ocrx_word' id='word_1_641' title='bbox 2632 3326 2864 3381; x_wconf 87' lang='lat' dir='ltr'><strong>adurere</strong></span> <span class='ocrx_word' id='word_1_642' title='bbox 2907 3322 3135 3390; x_wconf 87' lang='lat' dir='ltr'><strong>dicitur,</strong></span> <span class='ocrx_word' id='word_1_643' title='bbox 3185 3335 3364 3391; x_wconf 88' lang='lat' dir='ltr'><strong>neque</strong></span> <span class='ocrx_word' id='word_1_644' title='bbox 3401 3319 3697 3387; x_wconf 86' lang='lat' dir='ltr'><strong>infuscare,</strong></span> 
     </span>
    </p>
   </div>
   <div class='ocr_carea' id='block_1_127' title="bbox 2127 3410 3702 3492">
    <p class='ocr_par' dir='ltr' id='par_1_127' title="bbox 2127 3410 3702 3492">
     <span class='ocr_line' id='line_1_128' title="bbox 2127 3410 3702 3492; baseline -0.008 -12"><span class='ocrx_word' id='word_1_645' title='bbox 2127 3423 2271 3480; x_wconf 89' lang='lat' dir='ltr'><strong>sicut</strong></span> <span class='ocrx_word' id='word_1_646' title='bbox 2312 3422 2380 3479; x_wconf 88' lang='lat' dir='ltr'><strong>de</strong></span> <span class='ocrx_word' id='word_1_647' title='bbox 2413 3422 2566 3492; x_wconf 89' lang='lat' dir='ltr'><strong>justo</strong></span> <span class='ocrx_word' id='word_1_648' title='bbox 2602 3416 2839 3474; x_wconf 87' lang='lat' dir='ltr'><strong>refertur</strong></span> <span class='ocrx_word' id='word_1_649' title='bbox 2884 3416 2941 3471; x_wconf 91' lang='lat' dir='ltr'><strong>in</strong></span> <span class='ocrx_word' id='word_1_650' title='bbox 2972 3413 3209 3471; x_wconf 84' lang='lat' dir='ltr'><strong>Psalmis</strong></span> <span class='ocrx_word' id='word_1_651' title='bbox 3242 3431 3257 3469; x_wconf 89' lang='lat'><strong>:</strong></span> <span class='ocrx_word' id='word_1_652' title='bbox 3292 3412 3401 3468; x_wconf 87' lang='lat' dir='ltr'><strong>Per</strong></span> <span class='ocrx_word' id='word_1_653' title='bbox 3439 3412 3577 3467; x_wconf 88' lang='lat' dir='ltr'><strong>diem</strong></span> <span class='ocrx_word' id='word_1_654' title='bbox 3618 3410 3702 3468; x_wconf 83' lang='lat' dir='ltr'><strong>sol</strong></span> 
     </span>
    </p>
   </div>
   <div class='ocr_carea' id='block_1_128' title="bbox 2124 3502 3703 3582">
    <p class='ocr_par' dir='ltr' id='par_1_128' title="bbox 2124 3502 3703 3582">
     <span class='ocr_line' id='line_1_129' title="bbox 2124 3502 3703 3582; baseline -0.007 -13"><span class='ocrx_word' id='word_1_655' title='bbox 2124 3532 2227 3570; x_wconf 91' lang='lat' dir='ltr'><strong>non</strong></span> <span class='ocrx_word' id='word_1_656' title='bbox 2278 3523 2391 3569; x_wconf 86' lang='lat' dir='ltr'><strong>uret</strong></span> <span class='ocrx_word' id='word_1_657' title='bbox 2437 3523 2518 3580; x_wconf 88' lang='lat' dir='ltr'><strong>te,</strong></span> <span class='ocrx_word' id='word_1_658' title='bbox 2567 3527 2727 3582; x_wconf 84' lang='lat' dir='ltr'><strong>neque</strong></span> <span class='ocrx_word' id='word_1_659' title='bbox 2755 3508 2884 3563; x_wconf 88' lang='lat' dir='ltr'><strong>luna</strong></span> <span class='ocrx_word' id='word_1_660' title='bbox 2936 3522 3026 3576; x_wconf 88' lang='lat' dir='ltr'><strong>per</strong></span> <span class='ocrx_word' id='word_1_661' title='bbox 3055 3505 3339 3563; x_wconf 69' lang='lat' dir='ltr'><strong>noctem”.</strong></span> <span class='ocrx_word' id='word_1_662' title='bbox 3381 3502 3544 3558; x_wconf 79' lang='lat' dir='ltr'><strong>Vides</strong></span> <span class='ocrx_word' id='word_1_663' title='bbox 3569 3516 3703 3573; x_wconf 86' lang='lat' dir='ltr'><strong>ergo</strong></span> 
     </span>
    </p>
   </div>
   <div class='ocr_carea' id='block_1_129' title="bbox 2124 3595 3700 3678">
    <p class='ocr_par' dir='ltr' id='par_1_129' title="bbox 2124 3595 3700 3678">
     <span class='ocr_line' id='line_1_130' title="bbox 2124 3595 3700 3678; baseline -0.01 -16"><span class='ocrx_word' id='word_1_664' title='bbox 2124 3607 2253 3678; x_wconf 89' lang='lat' dir='ltr'><strong>quia</strong></span> <span class='ocrx_word' id='word_1_665' title='bbox 2278 3613 2500 3661; x_wconf 89' lang='lat' dir='ltr'><strong>sanctos</strong></span> <span class='ocrx_word' id='word_1_666' title='bbox 2529 3603 2583 3658; x_wconf 93' lang='lat' dir='ltr'><strong>in</strong></span> <span class='ocrx_word' id='word_1_667' title='bbox 2609 3602 2811 3673; x_wconf 91' lang='lat' dir='ltr'><strong>quibus</strong></span> <span class='ocrx_word' id='word_1_668' title='bbox 2846 3608 3193 3670; x_wconf 87' lang='lat' dir='ltr'><strong>peccatorum</strong></span> <span class='ocrx_word' id='word_1_669' title='bbox 3223 3595 3376 3655; x_wconf 83' lang='lat' dir='ltr'><strong>nulla</strong></span> <span class='ocrx_word' id='word_1_670' title='bbox 3395 3608 3562 3649; x_wconf 89' lang='lat' dir='ltr'><strong>causa</strong></span> <span class='ocrx_word' id='word_1_671' title='bbox 3593 3602 3700 3659; x_wconf 84' lang='lat' dir='ltr'><strong>est,</strong></span> 
     </span>
    </p>
   </div>
   <div class='ocr_carea' id='block_1_130' title="bbox 2125 3684 3703 3768">
    <p class='ocr_par' dir='ltr' id='par_1_130' title="bbox 2125 3684 3703 3768">
     <span class='ocr_line' id='line_1_131' title="bbox 2125 3684 3703 3768; baseline -0.009 -12"><span class='ocrx_word' id='word_1_672' title='bbox 2125 3700 2208 3757; x_wconf 88' lang='lat' dir='ltr'><strong>sol</strong></span> <span class='ocrx_word' id='word_1_673' title='bbox 2254 3711 2533 3768; x_wconf 90' lang='lat' dir='ltr'><strong>nunquam</strong></span> <span class='ocrx_word' id='word_1_674' title='bbox 2593 3694 2792 3751; x_wconf 89' lang='lat' dir='ltr'><strong>adurit.</strong></span> <span class='ocrx_word' id='word_1_675' title='bbox 2842 3691 2915 3749; x_wconf 89' lang='lat' dir='ltr'><strong>Ut</strong></span> <span class='ocrx_word' id='word_1_676' title='bbox 2952 3691 3098 3749; x_wconf 91' lang='lat' dir='ltr'><strong>cnim</strong></span> <span class='ocrx_word' id='word_1_677' title='bbox 3138 3688 3418 3754; x_wconf 78' lang='lat' dir='ltr'><strong>diximus,</strong></span> <span class='ocrx_word' id='word_1_678' title='bbox 3472 3684 3703 3755; x_wconf 88' lang='lat' dir='ltr'><strong>duplicis</strong></span> 
     </span>
    </p>
   </div>
   <div class='ocr_carea' id='block_1_131' title="bbox 2126 3779 3704 3859">
    <p class='ocr_par' dir='ltr' id='par_1_131' title="bbox 2126 3779 3704 3859">
     <span class='ocr_line' id='line_1_132' title="bbox 2126 3779 3704 3859; baseline -0.012 -11"><span class='ocrx_word' id='word_1_679' title='bbox 2126 3791 2346 3848; x_wconf 88' lang='lat' dir='ltr'><strong>virtutis</strong></span> <span class='ocrx_word' id='word_1_680' title='bbox 2383 3800 2468 3845; x_wconf 86' lang='lat' dir='ltr'><strong>est</strong></span> <span class='ocrx_word' id='word_1_681' title='bbox 2496 3788 2615 3859; x_wconf 86' lang='lat' dir='ltr'><strong>sol:</strong></span> <span class='ocrx_word' id='word_1_682' title='bbox 2644 3786 2826 3858; x_wconf 85' lang='lat' dir='ltr'><strong>justos</strong></span> <span class='ocrx_word' id='word_1_683' title='bbox 2855 3784 3079 3856; x_wconf 88' lang='lat' dir='ltr'><strong>quidem</strong></span> <span class='ocrx_word' id='word_1_684' title='bbox 3117 3779 3416 3844; x_wconf 87' lang='lat' dir='ltr'><strong>illuminat,</strong></span> <span class='ocrx_word' id='word_1_685' title='bbox 3451 3785 3704 3847; x_wconf 86' lang='lat' dir='ltr'><strong>peccato-</strong></span> 
     </span>
    </p>
   </div>
   <div class='ocr_carea' id='block_1_132' title="bbox 2123 3867 3703 3938">
    <p class='ocr_par' dir='ltr' id='par_1_132' title="bbox 2123 3867 3703 3938">
     <span class='ocr_line' id='line_1_133' title="bbox 2123 3867 3703 3938; baseline -0.008 -3"><span class='ocrx_word' id='word_1_686' title='bbox 2123 3894 2213 3937; x_wconf 90' lang='lat' dir='ltr'><strong>res</strong></span> <span class='ocrx_word' id='word_1_687' title='bbox 2249 3892 2376 3934; x_wconf 86' lang='lat' dir='ltr'><strong>vcro</strong></span> <span class='ocrx_word' id='word_1_688' title='bbox 2417 3892 2527 3932; x_wconf 89' lang='lat' dir='ltr'><strong>non</strong></span> <span class='ocrx_word' id='word_1_689' title='bbox 2571 3876 2878 3938; x_wconf 87' lang='lat' dir='ltr'><strong>illuminat,</strong></span> <span class='ocrx_word' id='word_1_690' title='bbox 2931 3872 3028 3927; x_wconf 90' lang='lat' dir='ltr'><strong>sed</strong></span> <span class='ocrx_word' id='word_1_691' title='bbox 3079 3868 3294 3935; x_wconf 89' lang='lat' dir='ltr'><strong>adurit,</strong></span> <span class='ocrx_word' id='word_1_692' title='bbox 3340 3867 3601 3938; x_wconf 84' lang='lat' dir='ltr'><strong>quoniam</strong></span> <span class='ocrx_word' id='word_1_693' title='bbox 3649 3878 3703 3924; x_wconf 90' lang='lat' dir='ltr'><strong>ct</strong></span> 
     </span>
    </p>
   </div>
   <div class='ocr_carea' id='block_1_133' title="bbox 2126 3958 3706 4041">
    <p class='ocr_par' dir='ltr' id='par_1_133' title="bbox 2126 3958 3706 4041">
     <span class='ocr_line' id='line_1_134' title="bbox 2126 3958 3706 4041; baseline -0.008 -15"><span class='ocrx_word' id='word_1_694' title='bbox 2126 3970 2231 4041; x_wconf 90' lang='lat' dir='ltr'><strong>ipsi</strong></span> <span class='ocrx_word' id='word_1_695' title='bbox 2280 3969 2514 4024; x_wconf 88' lang='lat' dir='ltr'><strong>oderunt</strong></span> <span class='ocrx_word' id='word_1_696' title='bbox 2562 3966 2770 4031; x_wconf 86' lang='lat' dir='ltr'><strong>lucem,</strong></span> <span class='ocrx_word' id='word_1_697' title='bbox 2806 3961 2933 4033; x_wconf 84' lang='lat' dir='ltr'><strong>quia</strong></span> <span class='ocrx_word' id='word_1_698' title='bbox 2966 3959 3107 4019; x_wconf 80' lang='lat' dir='ltr'><strong>male</strong></span> <span class='ocrx_word' id='word_1_699' title='bbox 3136 3966 3319 4030; x_wconf 84' lang='lat' dir='ltr'><strong>agunt.</strong></span> <span class='ocrx_word' id='word_1_700' title='bbox 3357 3958 3601 4030; x_wconf 89' lang='lat' dir='ltr'><strong>Denique</strong></span> <span class='ocrx_word' id='word_1_701' title='bbox 3632 3960 3706 4015; x_wconf 91' lang='lat' dir='ltr'><strong>ob</strong></span> 
     </span>
    </p>
   </div>
   <div class='ocr_carea' id='block_1_134' title="bbox 2128 4051 3708 4129">
    <p class='ocr_par' dir='ltr' id='par_1_134' title="bbox 2128 4051 3708 4129">
     <span class='ocr_line' id='line_1_135' title="bbox 2128 4051 3708 4129; baseline -0.006 -14"><span class='ocrx_word' id='word_1_702' title='bbox 2128 4062 2234 4116; x_wconf 90' lang='lat' dir='ltr'><strong>boc</strong></span> <span class='ocrx_word' id='word_1_703' title='bbox 2257 4060 2400 4114; x_wconf 90' lang='lat' dir='ltr'><strong>Deus</strong></span> <span class='ocrx_word' id='word_1_704' title='bbox 2433 4067 2617 4115; x_wconf 88' lang='lat' dir='ltr'><strong>noster</strong></span> <span class='ocrx_word' id='word_1_705' title='bbox 2647 4056 2789 4126; x_wconf 80' lang='lat' dir='ltr'><strong>ignis</strong></span> <span class='ocrx_word' id='word_1_706' title='bbox 2814 4052 3018 4129; x_wconf 85' lang='lat' dir='ltr'><strong>dicitur</strong></span> <span class='ocrx_word' id='word_1_707' title='bbox 3051 4066 3174 4111; x_wconf 89' lang='lat' dir='ltr'><strong>esse</strong></span> <span class='ocrx_word' id='word_1_708' title='bbox 3206 4051 3620 4119; x_wconf 77' lang='lat' dir='ltr'><strong>consumens”,</strong></span> <span class='ocrx_word' id='word_1_709' title='bbox 3651 4059 3708 4107; x_wconf 88' lang='lat' dir='ltr'><strong>et</strong></span> 
     </span>
    </p>
   </div>
   <div class='ocr_carea' id='block_1_135' title="bbox 2131 4140 3708 4214">
    <p class='ocr_par' dir='ltr' id='par_1_135' title="bbox 2131 4140 3708 4214">
     <span class='ocr_line' id='line_1_136' title="bbox 2131 4140 3708 4214; baseline -0.004 -11"><span class='ocrx_word' id='word_1_710' title='bbox 2131 4147 2488 4203; x_wconf 84' lang='lat' dir='ltr'><strong>nihilominus</strong></span> <span class='ocrx_word' id='word_1_711' title='bbox 2511 4146 2608 4202; x_wconf 89' lang='lat' dir='ltr'><strong>lux</strong></span> <span class='ocrx_word' id='word_1_712' title='bbox 2637 4147 2692 4199; x_wconf 90' lang='lat' dir='ltr'><strong>in</strong></span> <span class='ocrx_word' id='word_1_713' title='bbox 2720 4159 2829 4214; x_wconf 81' lang='lat' dir='ltr'><strong>quo</strong></span> <span class='ocrx_word' id='word_1_714' title='bbox 2861 4143 3100 4199; x_wconf 63' lang='lat' dir='ltr'><strong>tenebrae</strong></span> <span class='ocrx_word' id='word_1_715' title='bbox 3124 4156 3237 4197; x_wconf 90' lang='lat' dir='ltr'><strong>non</strong></span> <span class='ocrx_word' id='word_1_716' title='bbox 3265 4149 3414 4202; x_wconf 83' lang='lat' dir='ltr'><strong>sunt.</strong></span> <span class='ocrx_word' id='word_1_717' title='bbox 3441 4140 3557 4201; x_wconf 76' lang='lat' dir='ltr'><strong>Lux</strong></span> <span class='ocrx_word' id='word_1_718' title='bbox 3588 4141 3708 4196; x_wconf 90' lang='lat' dir='ltr'><strong>sine</strong></span> 
     </span>
    </p>
   </div>
   <div class='ocr_carea' id='block_1_136' title="bbox 2133 4228 3706 4303">
    <p class='ocr_par' dir='ltr' id='par_1_136' title="bbox 2133 4228 3706 4303">
     <span class='ocr_line' id='line_1_137' title="bbox 2133 4228 3706 4303; baseline -0.003 -13"><span class='ocrx_word' id='word_1_719' title='bbox 2133 4233 2301 4290; x_wconf 89' lang='lat' dir='ltr'><strong>dubio</strong></span> <span class='ocrx_word' id='word_1_720' title='bbox 2322 4232 2509 4303; x_wconf 84' lang='lat' dir='ltr'><strong>justis,</strong></span> <span class='ocrx_word' id='word_1_721' title='bbox 2536 4240 2592 4288; x_wconf 90' lang='lat' dir='ltr'><strong>et</strong></span> <span class='ocrx_word' id='word_1_722' title='bbox 2613 4231 2755 4302; x_wconf 89' lang='lat' dir='ltr'><strong>ignis</strong></span> <span class='ocrx_word' id='word_1_723' title='bbox 2780 4228 3014 4291; x_wconf 78' lang='lat' dir='ltr'><strong>efﬁcitur</strong></span> <span class='ocrx_word' id='word_1_724' title='bbox 3043 4230 3463 4302; x_wconf 83' lang='lat' dir='ltr'><strong>peccatoribus,</strong></span> <span class='ocrx_word' id='word_1_725' title='bbox 3486 4238 3546 4287; x_wconf 91' lang='lat' dir='ltr'><strong>ut</strong></span> <span class='ocrx_word' id='word_1_726' title='bbox 3575 4245 3706 4285; x_wconf 89' lang='lat' dir='ltr'><strong>con-</strong></span> 
     </span>
    </p>
   </div>
   <div class='ocr_carea' id='block_1_137' title="bbox 2135 4321 3711 4396">
    <p class='ocr_par' dir='ltr' id='par_1_137' title="bbox 2135 4321 3711 4396">
     <span class='ocr_line' id='line_1_138' title="bbox 2135 4321 3711 4396; baseline -0.005 -12"><span class='ocrx_word' id='word_1_727' title='bbox 2135 4332 2321 4384; x_wconf 86' lang='lat' dir='ltr'><strong>sumat</strong></span> <span class='ocrx_word' id='word_1_728' title='bbox 2352 4324 2411 4379; x_wconf 87' lang='lat' dir='ltr'><strong>in</strong></span> <span class='ocrx_word' id='word_1_729' title='bbox 2440 4324 2521 4380; x_wconf 91' lang='lat' dir='ltr'><strong>eis</strong></span> <span class='ocrx_word' id='word_1_730' title='bbox 2549 4338 2712 4381; x_wconf 88' lang='lat' dir='ltr'><strong>omne</strong></span> <span class='ocrx_word' id='word_1_731' title='bbox 2744 4321 2891 4396; x_wconf 76' lang='lat' dir='ltr'><strong>quod</strong></span> <span class='ocrx_word' id='word_1_732' title='bbox 2920 4321 2975 4376; x_wconf 89' lang='lat' dir='ltr'><strong>in</strong></span> <span class='ocrx_word' id='word_1_733' title='bbox 3005 4321 3189 4377; x_wconf 86' lang='lat' dir='ltr'><strong>anima</strong></span> <span class='ocrx_word' id='word_1_734' title='bbox 3206 4336 3410 4379; x_wconf 83' lang='lat' dir='ltr'><strong>eorum</strong></span> <span class='ocrx_word' id='word_1_735' title='bbox 3439 4321 3711 4393; x_wconf 81' lang='lat' dir='ltr'><strong>corrupti-</strong></span> 
     </span>
    </p>
   </div>
   <div class='ocr_carea' id='block_1_138' title="bbox 1281 4389 3711 4488">
    <p class='ocr_par' dir='ltr' id='par_1_138' title="bbox 1281 4389 3711 4488">
     <span class='ocr_line' id='line_1_139' title="bbox 1281 4389 3711 4488; baseline 0 -21"><span class='ocrx_word' id='word_1_736' title='bbox 1281 4411 1391 4452; x_wconf 80' lang='grc' dir='ltr'><strong>ηοιι</strong></span> <span class='ocrx_word' id='word_1_737' title='bbox 1432 4392 1564 4449; x_wconf 63' lang='lat' dir='ltr'><strong>die“</strong></span> <span class='ocrx_word' id='word_1_738' title='bbox 1592 4406 1623 4446; x_wconf 75' lang='grc'><strong>³</strong></span> <span class='ocrx_word' id='word_1_739' title='bbox 1654 4389 1805 4455; x_wconf 75' lang='grc'><strong>¹¹¹¹⁰’</strong></span> <span class='ocrx_word' id='word_1_740' title='bbox 1855 4398 2033 4456; x_wconf 67' lang='lat' dir='ltr'><strong>neque</strong></span> <span class='ocrx_word' id='word_1_741' title='bbox 2136 4417 2364 4475; x_wconf 87' lang='lat' dir='ltr'><strong>bilitatis</strong></span> <span class='ocrx_word' id='word_1_742' title='bbox 2397 4424 2490 4471; x_wconf 88' lang='lat' dir='ltr'><strong>aut</strong></span> <span class='ocrx_word' id='word_1_743' title='bbox 2539 4389 2852 4488; x_wconf 63' lang='lat' dir='ltr'><strong>fragilitatis</strong></span> <span class='ocrx_word' id='word_1_744' title='bbox 2901 4413 3189 4470; x_wconf 89' lang='lat' dir='ltr'><strong>invenerit.</strong></span> <span class='ocrx_word' id='word_1_745' title='bbox 3231 4412 3387 4486; x_wconf 87' lang='lat' dir='ltr'><strong>Quod</strong></span> <span class='ocrx_word' id='word_1_746' title='bbox 3421 4389 3623 4470; x_wconf 41' lang='lat' dir='ltr'><strong>autem&#39;</strong></span> <span class='ocrx_word' id='word_1_747' title='bbox 3652 4413 3711 4468; x_wconf 90' lang='lat' dir='ltr'><strong>in</strong></span> 
     </span>
    </p>
   </div>
   <div class='ocr_carea' id='block_1_139' title="bbox 1280 4489 3710 4594">
    <p class='ocr_par' dir='ltr' id='par_1_139' title="bbox 1280 4489 3710 4594">
     <span class='ocr_line' id='line_1_140' title="bbox 1280 4489 3710 4594; baseline -0.003 -25"><span class='ocrx_word' id='word_1_748' title='bbox 1280 4508 1311 4594; x_wconf 64' lang='lat' dir='ltr'><strong>f‘</strong></span> <span class='ocrx_word' id='word_1_749' title='bbox 1468 4489 1655 4594; x_wconf 58' lang='lat' dir='ltr'><strong>me”:</strong></span> <span class='ocrx_word' id='word_1_750' title='bbox 1678 4496 1857 4555; x_wconf 58' lang='lat' dir='ltr'><strong>“eq”</strong></span> <span class='ocrx_word' id='word_1_751' title='bbox 1879 4496 1909 4536; x_wconf 77' lang='grc'><strong>³</strong></span> <span class='ocrx_word' id='word_1_752' title='bbox 2060 4492 2104 4549; x_wconf 74' lang='grc' dir='ltr'>υ</span> <span class='ocrx_word' id='word_1_753' title='bbox 2135 4511 2327 4569; x_wconf 87' lang='lat' dir='ltr'><strong>multis</strong></span> <span class='ocrx_word' id='word_1_754' title='bbox 2361 4509 2656 4586; x_wconf 61' lang='lat' dir='ltr'><strong>Scriptura:</strong></span> <span class='ocrx_word' id='word_1_755' title='bbox 2683 4508 2903 4571; x_wconf 78' lang='lat' dir='ltr'><strong>locis,et</strong></span> <span class='ocrx_word' id='word_1_756' title='bbox 2932 4507 3095 4567; x_wconf 24' lang='lat' dir='ltr'><strong>solvet</strong></span> <span class='ocrx_word' id='word_1_757' title='bbox 3124 4508 3265 4579; x_wconf 87' lang='lat' dir='ltr'><strong>ignis</strong></span> <span class='ocrx_word' id='word_1_758' title='bbox 3297 4524 3404 4564; x_wconf 86' lang='lat' dir='ltr'><strong>non</strong></span> <span class='ocrx_word' id='word_1_759' title='bbox 3441 4508 3544 4568; x_wconf 88' lang='lat' dir='ltr'><strong>iste</strong></span> <span class='ocrx_word' id='word_1_760' title='bbox 3573 4506 3710 4562; x_wconf 85' lang='lat' dir='ltr'><strong>visi-</strong></span> 
     </span>
    </p>
   </div>
   <div class='ocr_carea' id='block_1_140' title="bbox 1282 4579 2955 4687">
    <p class='ocr_par' dir='ltr' id='par_1_140' title="bbox 1282 4579 2955 4687">
     <span class='ocr_line' id='line_1_141' title="bbox 1282 4579 2955 4687; baseline -0.002 -32"><span class='ocrx_word' id='word_1_761' title='bbox 1282 4587 1380 4687; x_wconf 8' lang='lat' dir='ltr'><strong>Iegis</strong></span> <span class='ocrx_word' id='word_1_762' title='bbox 1414 4582 1746 4687; x_wconf 50' lang='lat' dir='ltr'><strong>ingemuisse</strong></span> <span class='ocrx_word' id='word_1_763' title='bbox 1768 4594 1901 4687; x_wconf 65' lang='grc' dir='ltr'><strong>θυῖεν</strong></span> <span class='ocrx_word' id='word_1_764' title='bbox 1937 4579 2034 4687; x_wconf 57' lang='lat' dir='ltr'><strong>53d</strong></span> <span class='ocrx_word' id='word_1_765' title='bbox 2135 4601 2300 4669; x_wconf 89' lang='lat' dir='ltr'><strong>bilis,</strong></span> <span class='ocrx_word' id='word_1_766' title='bbox 2330 4599 2427 4657; x_wconf 86' lang='lat' dir='ltr'><strong>sed</strong></span> <span class='ocrx_word' id='word_1_767' title='bbox 2460 4579 2550 4656; x_wconf 70' lang='lat' dir='ltr'><strong>uie</strong></span> <span class='ocrx_word' id='word_1_768' title='bbox 2597 4596 2891 4658; x_wconf 79' lang='lat' dir='ltr'><strong>invisibilis</strong></span> <span class='ocrx_word' id='word_1_769' title='bbox 2936 4613 2955 4652; x_wconf 80' lang='grc' dir='ltr'>ε</span> 
     </span>
    </p>
   </div>
   <div class='ocr_carea' id='block_1_141' title="bbox 2037 4579 3710 4687">
    <p class='ocr_par' dir='ltr' id='par_1_141' title="bbox 2135 4579 3710 4670">
     <span class='ocr_line' id='line_1_142' title="bbox 2135 4579 3710 4670; baseline -0.003 -13"><span class='ocrx_word' id='word_1_770' title='bbox 2135 4601 2262 4658; x_wconf 88' lang='lat' dir='ltr'><strong>bilis</strong></span> <span class='ocrx_word' id='word_1_771' title='bbox 2284 4641 2300 4669; x_wconf 95' lang='lat'><strong>,</strong></span> <span class='ocrx_word' id='word_1_772' title='bbox 2330 4599 2427 4657; x_wconf 86' lang='lat' dir='ltr'><strong>sed</strong></span> <span class='ocrx_word' id='word_1_773' title='bbox 2460 4579 2550 4656; x_wconf 69' lang='lat' dir='ltr'><strong>ille</strong></span> <span class='ocrx_word' id='word_1_774' title='bbox 2597 4596 2891 4658; x_wconf 81' lang='lat' dir='ltr'><strong>invisibilis</strong></span> <span class='ocrx_word' id='word_1_775' title='bbox 2936 4607 2992 4652; x_wconf 89' lang='lat' dir='ltr'><strong>et</strong></span> <span class='ocrx_word' id='word_1_776' title='bbox 3025 4597 3289 4670; x_wconf 76' lang='lat' dir='ltr'><strong>spiritalis</strong></span> <span class='ocrx_word' id='word_1_777' title='bbox 3324 4598 3560 4666; x_wconf 84' lang='lat' dir='ltr'><strong>dicatur,</strong></span> <span class='ocrx_word' id='word_1_778' title='bbox 3594 4598 3710 4668; x_wconf 87' lang='lat' dir='ltr'><strong>ipse</strong></span> 
     </span>
    </p>
   </div>
   <div class='ocr_carea' id='block_1_142' title="bbox 1283 4676 2956 4762">
    <p class='ocr_par' dir='ltr' id='par_1_142' title="bbox 1283 4676 2956 4762">
     <span class='ocr_line' id='line_1_143' title="bbox 1283 4676 2956 4762; baseline 0.01 -23"><span class='ocrx_word' id='word_1_779' title='bbox 1283 4684 1348 4740; x_wconf 89' lang='lat' dir='ltr'><strong>ab</strong></span> <span class='ocrx_word' id='word_1_780' title='bbox 1379 4679 1620 4753; x_wconf 79' lang='lat' dir='ltr'><strong>operibus</strong></span> <span class='ocrx_word' id='word_1_781' title='bbox 1646 4676 1789 4741; x_wconf 86' lang='lat' dir='ltr'><strong>suis,</strong></span> <span class='ocrx_word' id='word_1_782' title='bbox 1831 4676 2034 4744; x_wconf 88' lang='lat' dir='ltr'><strong>inquit.</strong></span> <span class='ocrx_word' id='word_1_783' title='bbox 2114 4693 2299 4762; x_wconf 5' lang='lat' dir='ltr'><strong>getiam</strong></span> <span class='ocrx_word' id='word_1_784' title='bbox 2319 4693 2415 4761; x_wconf 76' lang='lat' dir='ltr'><strong>,_si</strong></span> <span class='ocrx_word' id='word_1_785' title='bbox 2446 4707 2761 4758; x_wconf 81' lang='lat' dir='ltr'><strong>recenseas.</strong></span> <span class='ocrx_word' id='word_1_786' title='bbox 2797 4690 2956 4745; x_wconf 73' lang='lat' dir='ltr'><strong>abum</strong></span> 
     </span>
    </p>
   </div>
   <div class='ocr_carea' id='block_1_143' title="bbox 1763 4676 3436 4762">
    <p class='ocr_par' dir='ltr' id='par_1_143' title="bbox 1773 4676 3436 4762">
     <span class='ocr_line' id='line_1_144' title="bbox 1773 4676 3436 4762; baseline 0.002 -21"><span class='ocrx_word' id='word_1_787' title='bbox 1773 4715 1789 4741; x_wconf 70' lang='grc' dir='ltr'><strong><em>υ</em></strong></span> <span class='ocrx_word' id='word_1_788' title='bbox 1831 4676 2034 4744; x_wconf 70' lang='grc' dir='ltr'><strong>ἰηιιυίι·</strong></span> <span class='ocrx_word' id='word_1_789' title='bbox 2114 4693 2415 4762; x_wconf 29' lang='grc' dir='ltr'><strong>,οιίιιιιιμεὶ</strong></span> <span class='ocrx_word' id='word_1_790' title='bbox 2446 4707 2761 4758; x_wconf 83' lang='lat' dir='ltr'><strong>recenseas,</strong></span> <span class='ocrx_word' id='word_1_791' title='bbox 2797 4689 3140 4746; x_wconf 87' lang='lat' dir='ltr'><strong>abundanter</strong></span> <span class='ocrx_word' id='word_1_792' title='bbox 3174 4689 3436 4749; x_wconf 86' lang='lat' dir='ltr'><strong>invenies.</strong></span> 
     </span>
    </p>
   </div>
   <div class='ocr_carea' id='block_1_144' title="bbox 1283 4766 3710 4852">
    <p class='ocr_par' dir='ltr' id='par_1_144' title="bbox 1283 4766 3710 4852">
     <span class='ocr_line' id='line_1_145' title="bbox 1283 4766 3710 4852; baseline 0 -15"><span class='ocrx_word' id='word_1_793' title='bbox 1283 4776 1350 4832; x_wconf 78' lang='grc' dir='ltr'><strong>Ει</strong></span> <span class='ocrx_word' id='word_1_794' title='bbox 1384 4788 1604 4831; x_wconf 72' lang='lat' dir='ltr'><strong>rursum</strong></span> <span class='ocrx_word' id='word_1_795' title='bbox 1631 4786 1644 4823; x_wconf 76' lang='grc'>³</span> <span class='ocrx_word' id='word_1_796' title='bbox 1675 4767 1745 4823; x_wconf 68' lang='grc' dir='ltr'><strong><em>Εε</em></strong></span> <span class='ocrx_word' id='word_1_797' title='bbox 1776 4766 2034 4829; x_wconf 55' lang='lat' dir='ltr'><strong>“and”,</strong></span> <span class='ocrx_word' id='word_1_798' title='bbox 2207 4784 2365 4845; x_wconf 82' lang='lat' dir='ltr'><strong>Vcrs.</strong></span> <span class='ocrx_word' id='word_1_799' title='bbox 2409 4783 2465 4840; x_wconf 83' lang='lat'><strong>6.</strong></span> <span class='ocrx_word' id='word_1_800' title='bbox 2504 4782 2641 4838; x_wconf 84' lang='lat' dir='ltr'><strong>Filii</strong></span> <span class='ocrx_word' id='word_1_801' title='bbox 2676 4782 2864 4838; x_wconf 85' lang='lat' dir='ltr'><strong>matris</strong></span> <span class='ocrx_word' id='word_1_802' title='bbox 2905 4796 3033 4839; x_wconf 79' lang='lat' dir='ltr'><strong>mea:</strong></span> <span class='ocrx_word' id='word_1_803' title='bbox 3067 4780 3453 4841; x_wconf 78' lang='lat' dir='ltr'><strong>dimicaverunt</strong></span> <span class='ocrx_word' id='word_1_804' title='bbox 3490 4784 3545 4839; x_wconf 87' lang='lat' dir='ltr'><strong>in</strong></span> <span class='ocrx_word' id='word_1_805' title='bbox 3594 4799 3710 4852; x_wconf 89' lang='lat' dir='ltr'><strong>me,</strong></span> 
     </span>
    </p>
   </div>
   <div class='ocr_carea' id='block_1_145' title="bbox 463 4885 2036 4976">
    <p class='ocr_par' dir='ltr' id='par_1_145' title="bbox 463 4885 2036 4976">
     <span class='ocr_line' id='line_1_146' title="bbox 463 4885 2036 4976; baseline -0.015 -16"><span class='ocrx_word' id='word_1_806' title='bbox 463 4906 671 4976; x_wconf 87' lang='lat' dir='ltr'><strong>inquit,</strong></span> <span class='ocrx_word' id='word_1_807' title='bbox 707 4907 913 4962; x_wconf 87' lang='lat' dir='ltr'><strong>clamor</strong></span> <span class='ocrx_word' id='word_1_808' title='bbox 948 4919 1130 4960; x_wconf 87' lang='lat' dir='ltr'><strong>eorum</strong></span> <span class='ocrx_word' id='word_1_809' title='bbox 1159 4898 1228 4956; x_wconf 79' lang='lat' dir='ltr'><strong>ad</strong></span> <span class='ocrx_word' id='word_1_810' title='bbox 1260 4895 1506 4953; x_wconf 83' lang='lat' dir='ltr'><strong>Deum“.</strong></span> <span class='ocrx_word' id='word_1_811' title='bbox 1538 4890 1659 4946; x_wconf 88' lang='lat' dir='ltr'><strong>Non</strong></span> <span class='ocrx_word' id='word_1_812' title='bbox 1684 4887 1823 4944; x_wconf 80' lang='lat' dir='ltr'><strong>dixit</strong></span> <span class='ocrx_word' id='word_1_813' title='bbox 1860 4901 1893 4940; x_wconf 91' lang='lat' dir='ltr'><strong>a</strong></span> <span class='ocrx_word' id='word_1_814' title='bbox 1920 4885 2036 4976; x_wconf 87' lang='lat' dir='ltr'><strong>luto</strong></span> 
     </span>
    </p>
   </div>
   <div class='ocr_carea' id='block_1_146' title="bbox 463 4974 2037 5064">
    <p class='ocr_par' dir='ltr' id='par_1_146' title="bbox 463 4974 2037 5064">
     <span class='ocr_line' id='line_1_147' title="bbox 463 4974 2037 5064; baseline -0.014 -14"><span class='ocrx_word' id='word_1_815' title='bbox 463 5003 518 5051; x_wconf 91' lang='lat' dir='ltr'><strong>et</strong></span> <span class='ocrx_word' id='word_1_816' title='bbox 540 4974 730 5064; x_wconf 81' lang='lat' dir='ltr'><strong>latere,</strong></span> <span class='ocrx_word' id='word_1_817' title='bbox 759 4995 854 5053; x_wconf 84' lang='lat' dir='ltr'><strong>sed</strong></span> <span class='ocrx_word' id='word_1_818' title='bbox 885 4996 1104 5061; x_wconf 90' lang='lat' dir='ltr'><strong>iterum,</strong></span> <span class='ocrx_word' id='word_1_819' title='bbox 1130 4991 1193 5046; x_wconf 90' lang='lat' dir='ltr'><strong>ob</strong></span> <span class='ocrx_word' id='word_1_820' title='bbox 1215 4986 1456 5061; x_wconf 83' lang='lat' dir='ltr'><strong>operibus</strong></span> <span class='ocrx_word' id='word_1_821' title='bbox 1476 4983 1609 5038; x_wconf 82' lang='lat' dir='ltr'><strong>suis.</strong></span> <span class='ocrx_word' id='word_1_822' title='bbox 1635 4979 1863 5049; x_wconf 88' lang='lat' dir='ltr'><strong>Propter</strong></span> <span class='ocrx_word' id='word_1_823' title='bbox 1887 4974 2037 5046; x_wconf 89' lang='lat' dir='ltr'><strong>quod</strong></span> 
     </span>
    </p>
   </div>
   <div class='ocr_carea' id='block_1_147' title="bbox 464 5069 2036 5162">
    <p class='ocr_par' dir='ltr' id='par_1_147' title="bbox 464 5069 2036 5162">
     <span class='ocr_line' id='line_1_148' title="bbox 464 5069 2036 5162; baseline -0.015 -18"><span class='ocrx_word' id='word_1_824' title='bbox 464 5098 521 5144; x_wconf 88' lang='lat' dir='ltr'><strong>ct</strong></span> <span class='ocrx_word' id='word_1_825' title='bbox 577 5089 856 5162; x_wconf 72' lang='lat' dir='ltr'><strong>subiungit</strong></span> <span class='ocrx_word' id='word_1_826' title='bbox 901 5106 917 5146; x_wconf 89' lang='lat'><strong>:</strong></span> <span class='ocrx_word' id='word_1_827' title='bbox 957 5086 1114 5155; x_wconf 85' lang='lat' dir='ltr'><strong>&#39;Quia</strong></span> <span class='ocrx_word' id='word_1_828' title='bbox 1174 5081 1443 5140; x_wconf 72' lang='lat' dir='ltr'><strong>exaudivit</strong></span> <span class='ocrx_word' id='word_1_829' title='bbox 1490 5074 1749 5131; x_wconf 86' lang='lat' dir='ltr'><strong>Dominus</strong></span> <span class='ocrx_word' id='word_1_830' title='bbox 1812 5069 2036 5142; x_wconf 82' lang='lat' dir='ltr'><strong>gemitus</strong></span> 
     </span>
    </p>
   </div>
   <div class='ocr_carea' id='block_1_148' title="bbox 467 5161 2037 5251">
    <p class='ocr_par' dir='ltr' id='par_1_148' title="bbox 467 5161 2037 5251">
     <span class='ocr_line' id='line_1_149' title="bbox 467 5161 2037 5251; baseline -0.017 -12"><span class='ocrx_word' id='word_1_831' title='bbox 467 5161 788 5251; x_wconf 76' lang='lat' dir='ltr'><strong>ipsorum&quot;,</strong></span> <span class='ocrx_word' id='word_1_832' title='bbox 833 5195 960 5238; x_wconf 88' lang='lat' dir='ltr'><strong>cum</strong></span> <span class='ocrx_word' id='word_1_833' title='bbox 1004 5178 1195 5248; x_wconf 80' lang='lat' dir='ltr'><strong>utique</strong></span> <span class='ocrx_word' id='word_1_834' title='bbox 1239 5188 1347 5230; x_wconf 92' lang='lat' dir='ltr'><strong>non</strong></span> <span class='ocrx_word' id='word_1_835' title='bbox 1395 5167 1651 5226; x_wconf 80' lang='lat' dir='ltr'><strong>exaudiat</strong></span> <span class='ocrx_word' id='word_1_836' title='bbox 1684 5161 1799 5237; x_wconf 79' lang='grc'><strong>(41)</strong></span> <span class='ocrx_word' id='word_1_837' title='bbox 1845 5174 2037 5217; x_wconf 88' lang='lat' dir='ltr'><strong>eorum</strong></span> 
     </span>
    </p>
   </div>
   <div class='ocr_carea' id='block_1_149' title="bbox 2136 4871 3716 4949">
    <p class='ocr_par' dir='ltr' id='par_1_149' title="bbox 2136 4871 3716 4949">
     <span class='ocr_line' id='line_1_150' title="bbox 2136 4871 3716 4949; baseline -0.004 -17"><span class='ocrx_word' id='word_1_838' title='bbox 2136 4884 2421 4949; x_wconf 85' lang='lat' dir='ltr'><strong>posuerunt</strong></span> <span class='ocrx_word' id='word_1_839' title='bbox 2455 4891 2533 4929; x_wconf 88' lang='lat' dir='ltr'><strong>me</strong></span> <span class='ocrx_word' id='word_1_840' title='bbox 2560 4871 2830 4932; x_wconf 84' lang='lat' dir='ltr'><strong>custodem</strong></span> <span class='ocrx_word' id='word_1_841' title='bbox 2860 4871 2914 4925; x_wconf 85' lang='lat' dir='ltr'><strong>in</strong></span> <span class='ocrx_word' id='word_1_842' title='bbox 2944 4872 3106 4930; x_wconf 82' lang='lat' dir='ltr'><strong>vineis</strong></span> <span class='ocrx_word' id='word_1_843' title='bbox 3130 4913 3146 4939; x_wconf 91' lang='lat'><strong>,</strong></span> <span class='ocrx_word' id='word_1_844' title='bbox 3177 4873 3382 4928; x_wconf 85' lang='lat' dir='ltr'><strong>vineam</strong></span> <span class='ocrx_word' id='word_1_845' title='bbox 3410 4890 3579 4928; x_wconf 82' lang='lat' dir='ltr'><strong>meum</strong></span> <span class='ocrx_word' id='word_1_846' title='bbox 3610 4888 3716 4927; x_wconf 71' lang='lat' dir='ltr'><strong>non</strong></span> 
     </span>
    </p>
   </div>
   <div class='ocr_carea' id='block_1_150' title="bbox 2142 4962 3717 5035">
    <p class='ocr_par' dir='ltr' id='par_1_150' title="bbox 2142 4962 3717 5035">
     <span class='ocr_line' id='line_1_151' title="bbox 2142 4962 3717 5035; baseline -0.003 -11"><span class='ocrx_word' id='word_1_847' title='bbox 2142 4969 2423 5024; x_wconf 78' lang='lat' dir='ltr'><strong>custodiui.</strong></span> <span class='ocrx_word' id='word_1_848' title='bbox 2473 4966 2665 5020; x_wconf 84' lang='lat' dir='ltr'><strong>Adhuc</strong></span> <span class='ocrx_word' id='word_1_849' title='bbox 2696 4964 2810 5035; x_wconf 87' lang='lat' dir='ltr'><strong>ipsa</strong></span> <span class='ocrx_word' id='word_1_850' title='bbox 2856 4978 2979 5035; x_wconf 79' lang='lat' dir='ltr'><strong>qua:</strong></span> <span class='ocrx_word' id='word_1_851' title='bbox 3024 4962 3180 5019; x_wconf 88' lang='lat' dir='ltr'><strong>fusca</strong></span> <span class='ocrx_word' id='word_1_852' title='bbox 3218 4965 3438 5035; x_wconf 85' lang='lat' dir='ltr'><strong>quidem</strong></span> <span class='ocrx_word' id='word_1_853' title='bbox 3477 4978 3577 5035; x_wconf 91' lang='lat' dir='ltr'><strong>pro</strong></span> <span class='ocrx_word' id='word_1_854' title='bbox 3621 4964 3717 5020; x_wconf 89' lang='lat' dir='ltr'><strong>de-</strong></span> 
     </span>
    </p>
   </div>
   <div class='ocr_carea' id='block_1_151' title="bbox 2144 5054 3720 5130">
    <p class='ocr_par' dir='ltr' id='par_1_151' title="bbox 2144 5054 3720 5130">
     <span class='ocr_line' id='line_1_152' title="bbox 2144 5054 3720 5130; baseline -0.006 -13"><span class='ocrx_word' id='word_1_855' title='bbox 2144 5060 2288 5116; x_wconf 89' lang='lat' dir='ltr'><strong>lictis</strong></span> <span class='ocrx_word' id='word_1_856' title='bbox 2319 5058 2624 5130; x_wconf 80' lang='lat' dir='ltr'><strong>prioribus,</strong></span> <span class='ocrx_word' id='word_1_857' title='bbox 2659 5054 2902 5111; x_wconf 84' lang='lat' dir='ltr'><strong>formosa</strong></span> <span class='ocrx_word' id='word_1_858' title='bbox 2937 5068 3068 5111; x_wconf 84' lang='lat' dir='ltr'><strong>vere</strong></span> <span class='ocrx_word' id='word_1_859' title='bbox 3095 5063 3180 5112; x_wconf 84' lang='lat' dir='ltr'><strong>est</strong></span> <span class='ocrx_word' id='word_1_860' title='bbox 3227 5070 3327 5126; x_wconf 91' lang='lat' dir='ltr'><strong>pro</strong></span> <span class='ocrx_word' id='word_1_861' title='bbox 3369 5054 3474 5109; x_wconf 88' lang='lat' dir='ltr'><strong>ﬁde</strong></span> <span class='ocrx_word' id='word_1_862' title='bbox 3500 5062 3555 5108; x_wconf 93' lang='lat' dir='ltr'><strong>et</strong></span> <span class='ocrx_word' id='word_1_863' title='bbox 3585 5068 3720 5108; x_wconf 88' lang='lat' dir='ltr'><strong>con-</strong></span> 
     </span>
    </p>
   </div>
   <div class='ocr_carea' id='block_1_152' title="bbox 2143 5143 3718 5219">
    <p class='ocr_par' dir='ltr' id='par_1_152' title="bbox 2143 5143 3718 5219">
     <span class='ocr_line' id='line_1_153' title="bbox 2143 5143 3718 5219; baseline -0.008 -8"><span class='ocrx_word' id='word_1_864' title='bbox 2143 5154 2453 5211; x_wconf 84' lang='lat' dir='ltr'><strong>versatione</strong></span> <span class='ocrx_word' id='word_1_865' title='bbox 2473 5191 2488 5217; x_wconf 92' lang='lat'><strong>,</strong></span> <span class='ocrx_word' id='word_1_866' title='bbox 2518 5151 2683 5206; x_wconf 86' lang='lat' dir='ltr'><strong>etiam</strong></span> <span class='ocrx_word' id='word_1_867' title='bbox 2722 5148 2838 5203; x_wconf 71' lang='lat' dir='ltr'><strong>haec</strong></span> <span class='ocrx_word' id='word_1_868' title='bbox 2874 5146 3007 5204; x_wconf 88' lang='lat' dir='ltr'><strong>dicit</strong></span> <span class='ocrx_word' id='word_1_869' title='bbox 3035 5146 3150 5219; x_wconf 65' lang='grc' dir='ltr'>(ιιι)</span> <span class='ocrx_word' id='word_1_870' title='bbox 3172 5187 3186 5211; x_wconf 88' lang='grc'><strong>,</strong></span> <span class='ocrx_word' id='word_1_871' title='bbox 3220 5158 3542 5203; x_wconf 84' lang='lat' dir='ltr'><strong>asseverans</strong></span> <span class='ocrx_word' id='word_1_872' title='bbox 3571 5143 3718 5215; x_wconf 87' lang='lat' dir='ltr'><strong>quod</strong></span> 
     </span>
    </p>
   </div>
   <div class='ocr_carea' id='block_1_153' title="bbox 538 5290 2211 5384">
    <p class='ocr_par' dir='ltr' id='par_1_153' title="bbox 538 5303 2187 5384">
     <span class='ocr_line' id='line_1_154' title="bbox 538 5303 2187 5384; baseline -0.018 3"><span class='ocrx_word' id='word_1_873' title='bbox 538 5326 582 5360; x_wconf 77' lang='lat'><strong>“</strong></span> <span class='ocrx_word' id='word_1_874' title='bbox 615 5327 788 5384; x_wconf 86' lang='lat' dir='ltr'><strong>Exod.</strong></span> <span class='ocrx_word' id='word_1_875' title='bbox 819 5341 898 5383; x_wconf 70' lang='grc' dir='ltr'><strong>ιι.</strong></span> <span class='ocrx_word' id='word_1_876' title='bbox 972 5323 1020 5358; x_wconf 82' lang='grc'><strong>⁸³</strong></span> <span class='ocrx_word' id='word_1_877' title='bbox 1056 5319 1230 5378; x_wconf 85' lang='lat' dir='ltr'><strong>Exod.</strong></span> <span class='ocrx_word' id='word_1_878' title='bbox 1263 5334 1338 5373; x_wconf 73' lang='grc' dir='ltr'><strong>ιγ.</strong></span> <span class='ocrx_word' id='word_1_879' title='bbox 1413 5315 1460 5347; x_wconf 79' lang='grc'>⁸⁸</span> <span class='ocrx_word' id='word_1_880' title='bbox 1495 5310 1669 5369; x_wconf 88' lang='lat' dir='ltr'><strong>Exod.</strong></span> <span class='ocrx_word' id='word_1_881' title='bbox 1707 5325 1784 5377; x_wconf 87' lang='lat' dir='ltr'><strong>ll,</strong></span> <span class='ocrx_word' id='word_1_882' title='bbox 1813 5307 1903 5361; x_wconf 73' lang='lat'><strong>25.</strong></span> <span class='ocrx_word' id='word_1_883' title='bbox 1980 5305 2024 5338; x_wconf 86' lang='grc'><strong>⁸⁷</strong></span> <span class='ocrx_word' id='word_1_884' title='bbox 2055 5303 2187 5359; x_wconf 87' lang='lat' dir='ltr'><strong>ibid.</strong></span> 
     </span>
    </p>
   </div>
   <div class='ocr_carea' id='block_1_154' title="bbox 1667 5290 3340 5384">
    <p class='ocr_par' dir='ltr' id='par_1_154' title="bbox 1667 5290 3340 5377">
     <span class='ocr_line' id='line_1_155' title="bbox 1667 5290 3340 5377; baseline -0.01 -14"><span class='ocrx_word' id='word_1_885' title='bbox 1667 5354 1669 5363; x_wconf 76' lang='lat'><strong>,</strong></span> <span class='ocrx_word' id='word_1_886' title='bbox 1707 5325 1784 5377; x_wconf 92' lang='grc' dir='ltr'><strong>ιι,</strong></span> <span class='ocrx_word' id='word_1_887' title='bbox 1813 5307 1903 5361; x_wconf 73' lang='grc'><strong>25.</strong></span> <span class='ocrx_word' id='word_1_888' title='bbox 1980 5305 2024 5338; x_wconf 86' lang='grc'><strong>⁸⁷</strong></span> <span class='ocrx_word' id='word_1_889' title='bbox 2055 5303 2187 5359; x_wconf 86' lang='lat' dir='ltr'><strong>ibid.</strong></span> <span class='ocrx_word' id='word_1_890' title='bbox 2214 5302 2269 5357; x_wconf 69' lang='grc'>4.</span> <span class='ocrx_word' id='word_1_891' title='bbox 2347 5300 2393 5333; x_wconf 78' lang='grc'><strong>⁸⁸</strong></span> <span class='ocrx_word' id='word_1_892' title='bbox 2433 5297 2577 5354; x_wconf 88' lang='lat' dir='ltr'><strong>Psal.</strong></span> <span class='ocrx_word' id='word_1_893' title='bbox 2612 5309 2709 5363; x_wconf 81' lang='lat' dir='ltr'><strong>xu,</strong></span> <span class='ocrx_word' id='word_1_894' title='bbox 2738 5292 2793 5350; x_wconf 86' lang='lat'><strong>6.</strong></span> <span class='ocrx_word' id='word_1_895' title='bbox 2871 5292 2915 5328; x_wconf 80' lang='lat'><strong>&quot;</strong></span> <span class='ocrx_word' id='word_1_896' title='bbox 2955 5292 3113 5349; x_wconf 88' lang='lat' dir='ltr'><strong>Deut.</strong></span> <span class='ocrx_word' id='word_1_897' title='bbox 3146 5307 3222 5359; x_wconf 83' lang='lat' dir='ltr'><strong>IV,</strong></span> <span class='ocrx_word' id='word_1_898' title='bbox 3247 5290 3340 5346; x_wconf 70' lang='lat'><strong>24.</strong></span> 
     </span>
    </p>
   </div>
   <div class='ocr_carea' id='block_1_155' title="bbox 542 5445 1935 5531">
    <p class='ocr_par' dir='ltr' id='par_1_155' title="bbox 542 5445 1935 5531">
     <span class='ocr_line' id='line_1_156' title="bbox 542 5445 1935 5531; baseline -0.017 -11"><span class='ocrx_word' id='word_1_899' title='bbox 542 5462 647 5531; x_wconf 65' lang='lat'><strong>(40)</strong></span> <span class='ocrx_word' id='word_1_900' title='bbox 682 5463 843 5531; x_wconf 81' lang='lat' dir='ltr'><strong>Mss.-,</strong></span> <span class='ocrx_word' id='word_1_901' title='bbox 873 5449 1609 5531; x_wconf 61' lang='lat' dir='ltr'><strong>illuminabat._l_..ibb._editi,</strong></span> <span class='ocrx_word' id='word_1_902' title='bbox 1639 5445 1935 5531; x_wconf 61' lang='lat' dir='ltr'><strong>illuminat.</strong></span> 
     </span>
    </p>
   </div>
   <div class='ocr_carea' id='block_1_156' title="bbox 563 5517 1930 5597">
    <p class='ocr_par' dir='ltr' id='par_1_156' title="bbox 563 5517 1930 5597">
     <span class='ocr_line' id='line_1_157' title="bbox 563 5517 1930 5597; baseline -0.02 -6"><span class='ocrx_word' id='word_1_903' title='bbox 563 5517 648 5597; x_wconf 50' lang='lat' dir='ltr'><strong>ill</strong></span> <span class='ocrx_word' id='word_1_904' title='bbox 688 5517 845 5597; x_wconf 44' lang='lat' dir='ltr'><strong>Mss;</strong></span> <span class='ocrx_word' id='word_1_905' title='bbox 871 5530 1145 5587; x_wconf 75' lang='lat' dir='ltr'><strong>exaudiat.</strong></span> <span class='ocrx_word' id='word_1_906' title='bbox 1170 5526 1325 5597; x_wconf 88' lang='lat' dir='ltr'><strong>Libb.</strong></span> <span class='ocrx_word' id='word_1_907' title='bbox 1358 5522 1511 5585; x_wconf 89' lang='lat' dir='ltr'><strong>editi,</strong></span> <span class='ocrx_word' id='word_1_908' title='bbox 1542 5517 1829 5597; x_wconf 58' lang='lat' dir='ltr'><strong>exaudivit:</strong></span> <span class='ocrx_word' id='word_1_909' title='bbox 1918 5581 1930 5595; x_wconf 47' lang='lat'><em>.</em></span> 
     </span>
    </p>
   </div>
   <div class='ocr_carea' id='block_1_157' title="bbox 541 5534 2035 5673">
    <p class='ocr_par' dir='ltr' id='par_1_157' title="bbox 541 5534 2035 5673">
     <span class='ocr_line' id='line_1_158' title="bbox 563 5534 1930 5602; baseline -0.022 -9"><span class='ocrx_word' id='word_1_910' title='bbox 563 5534 648 5602; x_wconf 72' lang='grc'><strong>41)</strong></span> <span class='ocrx_word' id='word_1_911' title='bbox 688 5534 845 5597; x_wconf 54' lang='lat' dir='ltr'><strong>Mss»,</strong></span> <span class='ocrx_word' id='word_1_912' title='bbox 871 5534 1145 5587; x_wconf 75' lang='lat' dir='ltr'><strong>exaudiat.</strong></span> <span class='ocrx_word' id='word_1_913' title='bbox 1172 5534 1325 5581; x_wconf 84' lang='lat' dir='ltr'><strong>Libb.</strong></span> <span class='ocrx_word' id='word_1_914' title='bbox 1358 5534 1511 5585; x_wconf 79' lang='grc' dir='ltr'>οιιιιι,</span> <span class='ocrx_word' id='word_1_915' title='bbox 1542 5534 1829 5575; x_wconf 71' lang='lat' dir='ltr'><strong>exauatvu.</strong></span> <span class='ocrx_word' id='word_1_916' title='bbox 1918 5581 1930 5595; x_wconf 38' lang='grc'><strong><em>⁸</em></strong></span> 
     </span>
     <span class='ocr_line' id='line_1_159' title="bbox 541 5534 2035 5673; baseline -0.015 -14"><span class='ocrx_word' id='word_1_917' title='bbox 541 5534 654 5673; x_wconf 41' lang='grc' dir='ltr'><strong>ξιξ)</strong></span> <span class='ocrx_word' id='word_1_918' title='bbox 694 5602 994 5673; x_wconf 85' lang='lat' dir='ltr'><strong>Procopius</strong></span> <span class='ocrx_word' id='word_1_919' title='bbox 1041 5595 1289 5673; x_wconf 81' lang='lat' dir='ltr'><strong>Origenis</strong></span> <span class='ocrx_word' id='word_1_920' title='bbox 1332 5606 1553 5673; x_wconf 75' lang='lat' dir='ltr'><strong>sensum</strong></span> <span class='ocrx_word' id='word_1_921' title='bbox 1588 5587 1674 5643; x_wconf 88' lang='lat' dir='ltr'><strong>vel</strong></span> <span class='ocrx_word' id='word_1_922' title='bbox 1714 5585 2035 5673; x_wconf 14' lang='lat' dir='ltr'><strong>verbaﬂt&#39;psa</strong></span> 
     </span>
    </p>
   </div>
   <div class='ocr_carea' id='block_1_158' title="bbox 475 5653 2032 5740">
    <p class='ocr_par' dir='ltr' id='par_1_158' title="bbox 475 5653 2032 5740">
     <span class='ocr_line' id='line_1_160' title="bbox 475 5653 2032 5740; baseline -0.017 -12"><span class='ocrx_word' id='word_1_923' title='bbox 475 5653 754 5729; x_wconf 53' lang='lat' dir='ltr'><strong>sic‘</strong></span> <span class='ocrx_word' id='word_1_924' title='bbox 773 5653 989 5725; x_wconf 48' lang='lat' dir='ltr'><strong>{Tini</strong></span> <span class='ocrx_word' id='word_1_925' title='bbox 1016 5653 1217 5740; x_wconf 63' lang='grc' dir='ltr'><strong>μητὸός</strong></span> <span class='ocrx_word' id='word_1_926' title='bbox 1250 5682 1351 5740; x_wconf 75' lang='grc' dir='ltr'><strong>μου</strong></span> <span class='ocrx_word' id='word_1_927' title='bbox 1378 5660 1719 5740; x_wconf 45' lang='grc' dir='ltr'><strong>ἐμαχέσαντο</strong></span> <span class='ocrx_word' id='word_1_928' title='bbox 1739 5653 2032 5740; x_wconf 15' lang='grc' dir='ltr'><strong>ὲναὲμοιέηι</strong></span> 
     </span>
    </p>
   </div>
   <div class='ocr_carea' id='block_1_159' title="bbox 478 5722 2042 5812">
    <p class='ocr_par' dir='ltr' id='par_1_159' title="bbox 478 5722 2042 5812">
     <span class='ocr_line' id='line_1_161' title="bbox 478 5722 2042 5812; baseline 0.001 0"><span class='ocrx_word' id='word_1_929' title='bbox 478 5722 1092 5812; x_wconf 50' lang='grc' dir='ltr'><strong>ῆῖοὑῐῑιϊάιδάῐτέφνπξέξ</strong></span> <span class='ocrx_word' id='word_1_930' title='bbox 1111 5722 1457 5812; x_wconf 43' lang='lat' dir='ltr'><strong>tamen</strong></span> <span class='ocrx_word' id='word_1_931' title='bbox 1475 5722 1570 5787; x_wconf 64' lang='grc' dir='ltr'><strong>έὸῦ</strong></span> <span class='ocrx_word' id='word_1_932' title='bbox 1594 5722 2042 5812; x_wconf 50' lang='lat' dir='ltr'><strong>mmihi???-</strong></span> 
     </span>
    </p>
   </div>
   <div class='ocr_carea' id='block_1_160' title="bbox 486 5793 2041 5887">
    <p class='ocr_par' dir='ltr' id='par_1_160' title="bbox 486 5793 2041 5887">
     <span class='ocr_line' id='line_1_162' title="bbox 486 5793 2041 5887; baseline -0.014 -21"><span class='ocrx_word' id='word_1_933' title='bbox 890 5808 995 5880; x_wconf 81' lang='grc' dir='ltr'><strong>πρὸ</strong></span> <span class='ocrx_word' id='word_1_934' title='bbox 1035 5793 1234 5862; x_wconf 51' lang='grc' dir='ltr'><strong>’σοῦσοιί</strong></span> <span class='ocrx_word' id='word_1_935' title='bbox 1260 5793 1573 5876; x_wconf 56' lang='grc' dir='ltr'><strong>βουλόμενοι</strong></span> <span class='ocrx_word' id='word_1_936' title='bbox 1610 5793 1861 5868; x_wconf 66' lang='grc' dir='ltr'>πονηρῶν</span> <span class='ocrx_word' id='word_1_937' title='bbox 1890 5793 2041 5863; x_wconf 85' lang='grc' dir='ltr'>λογι-</span> 
     </span>
    </p>
   </div>
   <div class='ocr_carea' id='block_1_161' title="bbox 2143 5424 3721 5510">
    <p class='ocr_par' dir='ltr' id='par_1_161' title="bbox 2143 5424 3721 5510">
     <span class='ocr_line' id='line_1_163' title="bbox 2143 5424 3721 5510; baseline -0.015 -18"><span class='ocrx_word' id='word_1_938' title='bbox 2143 5437 2295 5510; x_wconf 80' lang='grc' dir='ltr'>σμῶν</span> <span class='ocrx_word' id='word_1_939' title='bbox 2320 5435 2420 5510; x_wconf 57' lang='grc' dir='ltr'><strong>καὶἒ</strong></span> <span class='ocrx_word' id='word_1_940' title='bbox 2452 5432 2562 5487; x_wconf 83' lang='grc' dir='ltr'>τῶν</span> <span class='ocrx_word' id='word_1_941' title='bbox 2577 5429 2988 5510; x_wconf 51' lang='grc' dir='ltr'><strong>Δσιινεργούνίιὶων</strong></span> <span class='ocrx_word' id='word_1_942' title='bbox 3018 5426 3193 5510; x_wconf 60' lang='grc' dir='ltr'>ῖαξτα</span> <span class='ocrx_word' id='word_1_943' title='bbox 3224 5424 3494 5510; x_wconf 76' lang='grc' dir='ltr'><strong>δαιμόνων</strong></span> <span class='ocrx_word' id='word_1_944' title='bbox 3518 5425 3721 5510; x_wconf 58' lang='grc' dir='ltr'><strong>ὲεεαχέ.</strong></span> 
     </span>
    </p>
   </div>
   <div class='ocr_carea' id='block_1_162' title="bbox 2144 5494 3721 5573">
    <p class='ocr_par' dir='ltr' id='par_1_162' title="bbox 2144 5494 3721 5573">
     <span class='ocr_line' id='line_1_164' title="bbox 2144 5494 3721 5573; baseline -0.006 -12"><span class='ocrx_word' id='word_1_945' title='bbox 2144 5494 2305 5561; x_wconf 55' lang='lat' dir='ltr'><strong>caveo</strong></span> <span class='ocrx_word' id='word_1_946' title='bbox 2330 5504 2540 5567; x_wconf 73' lang='grc' dir='ltr'><strong>τούτοις</strong></span> <span class='ocrx_word' id='word_1_947' title='bbox 2572 5506 2630 5557; x_wconf 81' lang='grc' dir='ltr'>ὲν</span> <span class='ocrx_word' id='word_1_948' title='bbox 2659 5494 2813 5573; x_wconf 49' lang='lat' dir='ltr'><strong>spici,</strong></span> <span class='ocrx_word' id='word_1_949' title='bbox 2854 5500 2953 5573; x_wconf 74' lang='grc' dir='ltr'><strong>τῆς</strong></span> <span class='ocrx_word' id='word_1_950' title='bbox 2986 5497 3162 5573; x_wconf 64' lang='grc' dir='ltr'><strong>αρτῆς</strong></span> <span class='ocrx_word' id='word_1_951' title='bbox 3194 5513 3285 5573; x_wconf 82' lang='grc' dir='ltr'>μοι</span> <span class='ocrx_word' id='word_1_952' title='bbox 3320 5494 3535 5573; x_wconf 35' lang='grc' dir='ltr'><strong>μητρὸς.</strong></span> 
     </span>
    </p>
   </div>
   <div class='ocr_carea' id='block_1_163' title="bbox 2142 5566 3722 5649">
    <p class='ocr_par' dir='ltr' id='par_1_163' title="bbox 2142 5566 3722 5649">
     <span class='ocr_line' id='line_1_165' title="bbox 2142 5566 3722 5649; baseline -0.009 -16"><span class='ocrx_word' id='word_1_953' title='bbox 2142 5579 2281 5632; x_wconf 75' lang='grc' dir='ltr'><strong>υἱοί·</strong></span> <span class='ocrx_word' id='word_1_954' title='bbox 2325 5576 2426 5649; x_wconf 67' lang='grc' dir='ltr'><strong>τῆς</strong></span> <span class='ocrx_word' id='word_1_955' title='bbox 2470 5566 2760 5649; x_wconf 51' lang='grc' dir='ltr'><strong>ἔχεο-δέρας</strong></span> <span class='ocrx_word' id='word_1_956' title='bbox 2997 5570 3048 5649; x_wconf 58' lang='grc' dir='ltr'><strong>οἱ</strong></span> <span class='ocrx_word' id='word_1_957' title='bbox 3090 5566 3295 5649; x_wconf 15' lang='grc' dir='ltr'><strong>μξὲνήεῑς</strong></span> <span class='ocrx_word' id='word_1_958' title='bbox 3326 5566 3722 5649; x_wconf 37' lang='grc' dir='ltr'><strong>τδδιατξιὲκλο-</strong></span> 
     </span>
    </p>
   </div>
   <div class='ocr_carea' id='block_1_164' title="bbox 2144 5634 3722 5718">
    <p class='ocr_par' dir='ltr' id='par_1_164' title="bbox 2144 5634 3722 5718">
     <span class='ocr_line' id='line_1_166' title="bbox 2144 5634 3722 5718; baseline 0.001 -2"><span class='ocrx_word' id='word_1_959' title='bbox 2144 5649 2273 5718; x_wconf 79' lang='grc' dir='ltr'>γὴν,</span> <span class='ocrx_word' id='word_1_960' title='bbox 2294 5634 2517 5718; x_wconf 69' lang='grc' dir='ltr'><strong>χάρῐτρς</strong></span> <span class='ocrx_word' id='word_1_961' title='bbox 2557 5634 2753 5718; x_wconf 46' lang='lat' dir='ltr'><strong>killed</strong></span> <span class='ocrx_word' id='word_1_962' title='bbox 2788 5634 3326 5718; x_wconf 57' lang='grc' dir='ltr'><strong>ἇῖξλαμβαὲόμενοιξ</strong></span> <span class='ocrx_word' id='word_1_963' title='bbox 3368 5634 3481 5718; x_wconf 63' lang='grc' dir='ltr'><strong>ἔτει)</strong></span> <span class='ocrx_word' id='word_1_964' title='bbox 3517 5637 3577 5692; x_wconf 68' lang='grc' dir='ltr'>δὲ</span> <span class='ocrx_word' id='word_1_965' title='bbox 3620 5636 3722 5718; x_wconf 62' lang='grc' dir='ltr'><strong>τὴν</strong></span> 
     </span>
    </p>
   </div>
   <div class='ocr_carea' id='block_1_165' title="bbox 2148 5662 3723 5786">
    <p class='ocr_par' dir='ltr' id='par_1_165' title="bbox 2148 5662 3723 5786">
     <span class='ocr_line' id='line_1_167' title="bbox 2148 5662 3722 5786; baseline -0.005 -86"><span class='ocrx_word' id='word_1_966' title='bbox 2148 5662 2248 5718; x_wconf 83' lang='grc' dir='ltr'>γην</span> <span class='ocrx_word' id='word_1_967' title='bbox 2294 5662 2517 5786; x_wconf 45' lang='lat' dir='ltr'><strong>magno;</strong></span> <span class='ocrx_word' id='word_1_968' title='bbox 2558 5662 2753 5730; x_wconf 67' lang='grc' dir='ltr'><strong>Λῃμμα</strong></span> <span class='ocrx_word' id='word_1_969' title='bbox 2788 5662 3326 5726; x_wconf 70' lang='grc' dir='ltr'>αναλαμυανυμενυι-</span> <span class='ocrx_word' id='word_1_970' title='bbox 3368 5662 3481 5717; x_wconf 53' lang='grc' dir='ltr'>εγιρ</span> <span class='ocrx_word' id='word_1_971' title='bbox 3517 5662 3577 5692; x_wconf 79' lang='grc' dir='ltr'>οε</span> <span class='ocrx_word' id='word_1_972' title='bbox 3620 5662 3722 5710; x_wconf 82' lang='grc' dir='ltr'><strong>την</strong></span> 
     </span>
     <span class='ocr_line' id='line_1_168' title="bbox 2148 5706 3723 5786; baseline -0.006 -16"><span class='ocrx_word' id='word_1_973' title='bbox 2148 5715 2291 5770; x_wconf 80' lang='grc' dir='ltr'>κατὰ</span> <span class='ocrx_word' id='word_1_974' title='bbox 2324 5732 2355 5768; x_wconf 79' lang='grc' dir='ltr'><strong><em>τ</em></strong></span> <span class='ocrx_word' id='word_1_975' title='bbox 2393 5731 2422 5768; x_wconf 96' lang='grc' dir='ltr'><strong>ν</strong></span> <span class='ocrx_word' id='word_1_976' title='bbox 2448 5714 2560 5786; x_wconf 70' lang='grc' dir='ltr'><strong>ἅνω</strong></span> <span class='ocrx_word' id='word_1_977' title='bbox 2613 5711 2953 5786; x_wconf 52' lang='grc' dir='ltr'><strong>ἱερουσαληρτ</strong></span> <span class='ocrx_word' id='word_1_978' title='bbox 2992 5707 3265 5786; x_wconf 52' lang='lat' dir='ltr'><strong>Audi;an</strong></span> <span class='ocrx_word' id='word_1_979' title='bbox 3299 5706 3582 5786; x_wconf 56' lang='grc' dir='ltr'>λαϐουσα,</span> <span class='ocrx_word' id='word_1_980' title='bbox 3626 5709 3723 5786; x_wconf 68' lang='grc' dir='ltr'><strong>καὶ</strong></span> 
     </span>
    </p>
   </div>
   <div class='ocr_carea' id='block_1_166' title="bbox 2146 5775 3724 5857">
    <p class='ocr_par' dir='ltr' id='par_1_166' title="bbox 2146 5775 3724 5857">
     <span class='ocr_line' id='line_1_169' title="bbox 2146 5775 3724 5857; baseline -0.008 -16"><span class='ocrx_word' id='word_1_981' title='bbox 2146 5786 2210 5853; x_wconf 69' lang='grc' dir='ltr'><strong>ἐξ</strong></span> <span class='ocrx_word' id='word_1_982' title='bbox 2235 5775 2569 5857; x_wconf 65' lang='grc' dir='ltr'>ἐπαγγελίας</span> <span class='ocrx_word' id='word_1_983' title='bbox 2602 5775 3039 5854; x_wconf 64' lang='grc' dir='ltr'>ἀνὰγεννωιῖένη.</span> <span class='ocrx_word' id='word_1_984' title='bbox 3089 5775 3164 5836; x_wconf 80' lang='grc' dir='ltr'><strong>οὗ</strong></span> <span class='ocrx_word' id='word_1_985' title='bbox 3208 5775 3473 5851; x_wconf 62' lang='grc' dir='ltr'>πρότερον</span> <span class='ocrx_word' id='word_1_986' title='bbox 3505 5777 3565 5834; x_wconf 73' lang='grc' dir='ltr'>δὲ</span> <span class='ocrx_word' id='word_1_987' title='bbox 3593 5775 3724 5830; x_wconf 62' lang='lat' dir='ltr'><strong>ratio</strong></span> 
     </span>
    </p>
   </div>
  </div>
