4236 6282
501 415 610 478 “5

1569 414 1891 475 ORIGENIS
1928 415 1998 473 IN
2034 414 2391 476 CANTICUM
2425 413 2700 476 CANTIC.

3665 419 3760 478 116

501 531 601 588 ﬁlii
635 531 826 588 matris
852 543 964 589 suae
993 529 1390 588 dimicaverunt
1437 547 1544 588 non
1574 543 1770 591 contra
1806 549 1960 604 eam,
1991 534 2087 592 sed
2115 543 2162 600 Α
2191 544 2292 590 tem
2333 551 2389 590 se
2433 535 2684 591 adversus
2727 533 3002 590 scientiam
3043 534 3242 591 Christi
3275 537 3343 592 θ’.
3382 534 3769 607 Pugnaverunt

502 625 558 678 in
601 638 664 679 ea
693 642 706 678 :
737 631 792 679 et
821 632 944 693 post
989 623 1095 678 hoc
1146 623 1346 683 bellum
1378 627 1522 696 quod
1565 626 1621 681 in
1658 642 1722 683 ea
1757 637 2078 699 gesserunt,

501 715 900 771 constituerunt
929 730 1049 770 eam
1087 715 1374 772 vinearum
1429 719 1744 784 custodem,
1777 736 1886 777 non
1916 721 2082 778 unius

501 807 708 871 vineae,
754 806 848 863 sed
882 807 1202 863 multarum.
1236 809 1448 865 Astruit
1483 817 1666 866 autem
1701 811 1816 866 haec
1855 813 2078 878 eadem,

499 898 648 968 quod
695 907 888 969 prater
932 899 1054 954 illas
1093 899 1282 955 vineas
1325 915 1464 971 quas
1505 917 1536 956 a
1570 901 1696 958 ﬁliis
1739 905 1934 960 matris
1965 920 2082 962 suae

498 985 772 1044 custodire
821 989 1000 1060 posita
1046 998 1164 1057 est,
1215 990 1466 1046 habuerit
1499 993 1660 1050 aliam
1691 994 1966 1065 propriam
1997 997 2081 1051 vi-

500 1094 655 1134 neam
697 1094 864 1151 quam
918 1095 1027 1136 non
1085 1082 1428 1138 custodierit.
1497 1083 1624 1140 Haec
1669 1094 1756 1142 est
1810 1085 2079 1159 propositi

394 1215 403 1224 .
495 1171 757 1228 dramatis
783 1169 988 1228 fabula.
1019 1171 1126 1229 Sed
1154 1189 1302 1230 nunc
1328 1175 1672 1247 inquiramus
1708 1192 1832 1250 quae
1863 1181 1935 1238 sit
1961 1196 2078 1237 ina-

495 1272 579 1318 ter
601 1277 817 1334 sponsa:
847 1263 1010 1336 hujus
1039 1278 1202 1339 quam
1245 1267 1362 1325 haec
1387 1268 1619 1343 allegat,
1646 1273 1740 1343 qui
1774 1274 1884 1329 sint
1911 1275 2077 1331 etiam

493 1354 589 1409 ﬁlii
617 1355 738 1425 ejus
781 1358 872 1427 qui
917 1358 1316 1417 dimicaverunt
1345 1362 1398 1416 in
1429 1379 1525 1428 ea,
1571 1373 1627 1420 et
1657 1364 1907 1422 confecto
1934 1366 2077 1424 bello

497 1447 838 1504 tradiderunt
880 1450 930 1506 ei
978 1451 1164 1509 vineas
1211 1470 1350 1524 quas
1389 1457 1720 1525 custodiret,
1756 1460 1912 1531 quasi
1955 1476 2078 1532 quae

494 1555 604 1596 non
634 1541 904 1612 potuisset
950 1559 1170 1602 servare
1204 1561 1334 1614 eas,
1369 1549 1476 1605 nisi
1509 1550 1579 1605 ab
1617 1547 1725 1608 illis
1753 1551 2075 1609 dimicatum

494 1632 705 1688 luisset.
754 1632 905 1689 illam
937 1649 1068 1690 vero
1099 1648 1352 1708 suscepta
1387 1641 1620 1698 aliarum
1651 1643 1936 1700 vinearum
1977 1659 2076 1701 cu-

493 1725 670 1781 studia
709 1727 989 1797 propriam
1025 1729 1240 1785 vineam
1284 1733 1526 1790 noluisse
1555 1735 1641 1790 vel
1675 1751 1782 1794 non
1828 1737 2074 1807 potuisse

492 1831 744 1884 servare;
789 1819 856 1873 ad
898 1818 1122 1877 Galatas
1165 1820 1368 1880 Paulus
1414 1826 1690 1896 scribens,
1741 1828 1861 1884 ait:
1898 1827 2072 1884 Dicite

491 1907 623 1961 mihi
662 1909 753 1979 qui
797 1911 892 1964 sub
923 1912 1031 1982 lege
1073 1914 1235 1969 vultis
1268 1932 1408 1982 esse,
1456 1918 1621 1988 legem
1668 1936 1774 1974 non
1805 1921 2075 1975 audistis?

491 1996 759 2068 Scriptum
802 2010 877 2055 est
906 2003 1077 2068 enim,
1122 2008 1374 2076 quoniam
1418 2009 1687 2064 Abraham
1719 2012 1850 2066 duos
1891 2012 2076 2068 habuit

488 2089 664 2159 ﬁlios,
693 2106 856 2146 unum
889 2110 955 2148 ea:
984 2097 1210 2164 ancilla,
1254 2107 1302 2152 et
1347 2114 1516 2153 unum
1555 2102 1620 2156 de
1649 2102 1837 2158 libera.
1887 2103 1988 2159 Sed
2029 2105 2074 2160 is

484 2183 694 2253 quidem
725 2185 818 2256 qui
849 2184 913 2240 de
941 2188 1164 2258 ancilla,
1195 2193 1480 2247 secundant
1513 2211 1723 2250 carnem
1764 2205 1922 2253 natus
1951 2206 2074 2266 est;

485 2277 578 2347 qui
614 2293 732 2332 vero
779 2279 844 2333 de
876 2280 1077 2348 libera,
1109 2285 1395 2338 secundum
1426 2288 1886 2356 repromissionem
1913 2306 1932 2346 :
1955 2305 2074 2361 qui:

487 2375 612 2422 sunt
665 2367 974 2440 allegorica.
1031 2370 1161 2429 Htec
1205 2377 1346 2428 enim
1395 2385 1517 2430 sunt
1566 2379 1672 2431 duo
1722 2386 2071 2448 testamenta,

489 2473 653 2513 unum
675 2463 883 2531 quidem
921 2461 974 2518 in
1011 2473 1183 2520 monte
1217 2463 1350 2522 Sina
1381 2467 1434 2521 in
1464 2470 1769 2524 servitutem
1793 2488 2069 2542 generans,

423 2627 432 2632 α
489 2564 607 2618 qua:
633 2559 710 2604 est
750 2552 914 2623 Agar.
957 2552 1093 2610 Sina
1133 2557 1273 2611 enim
1311 2573 1460 2612 mons
1506 2567 1582 2612 est
1617 2559 1675 2613 in
1709 2559 1948 2628 Arabia,
1979 2562 2071 2632 qui

487 2641 760 2712 confertur
800 2644 923 2700 huic
965 2663 1083 2717 quia
1123 2664 1262 2702 nunc
1292 2657 1371 2704 est
1413 2647 1786 2717 Hierusalem,
1829 2661 1878 2707 et
1909 2654 2070 2709 servit

487 2749 604 2788 cum
635 2734 765 2806 ﬁliis
794 2739 930 2793 suis.
979 2738 1111 2805 Qua:
1137 2749 1313 2796 autem
1346 2756 1556 2797 sursum
1586 2753 1664 2798 est
1695 2743 2028 2801 Hierusalem
2053 2787 2068 2816 ,

431 2847 435 2851 ν
485 2826 654 2882 libera
683 2837 760 2883 est
779 2870 794 2895 ,
825 2845 943 2900 qute
966 2839 1045 2886 est
1073 2841 1243 2888 mater
1269 2837 1504 2890 omnium
1539 2845 1777 2892 nostrum
1798 2838 1866 2894 ’°.
1919 2837 2072 2898 Hanc

485 2933 619 2989 ergo
664 2916 1008 2978 Hierusalem
1055 2924 1332 2981 cmlestem
1388 2927 1522 2984 dicit
1563 2943 1684 2986 esse
1726 2929 1965 2998 Paulus,
2015 2937 2072 2990 et

488 3023 648 3064 suam
677 3011 922 3066 omnium
952 3021 1201 3069 nostrum
1247 3015 1588 3073 credentium
1621 3028 1875 3075 matrem.
1908 3019 2071 3076 Deni-

487 3115 596 3171 que
626 3101 775 3158 addit
808 3103 864 3158 in
903 3105 1308 3176 posterioribus
1354 3115 1408 3163 et
1447 3109 1578 3166 dicit
1610 3126 1623 3163 :
1658 3108 1888 3182 Propter
1929 3111 2069 3182 quod

489 3196 681 3262 fratres
722 3211 826 3250 non
859 3212 1044 3254 sumus
1077 3199 1290 3256 ancilla:
1316 3199 1420 3270 ﬁlii
1438 3241 1454 3270 ,
1501 3199 1592 3256 sed
1619 3201 1834 3270 liberte,
1865 3218 1969 3275 qua
2001 3203 2070 3257 li-

489 3289 688 3340 bertate
748 3286 989 3344 liberavit
1041 3305 1137 3346 nos
1198 3289 1527 3347 Christus“.
1588 3291 1878 3349 Evidenter
1939 3307 2071 3366 ergo

487 3375 692 3433 Paulus
725 3380 1082 3448 pronuntiat,
1139 3382 1288 3453 quod
1336 3384 1518 3441 omnis
1566 3385 1660 3456 qui
1694 3400 1789 3456 per
1834 3385 1996 3442 ﬁdem
2037 3399 2070 3443 a

488 3465 711 3523 Christo
739 3471 1094 3541 consequitur
1121 3473 1448 3542 libertatem,
1487 3475 1633 3532 ﬁlius
1667 3477 1738 3532 sit
1766 3476 1984 3546 liberae;
2014 3487 2072 3534 et

492 3559 633 3616 hanc
661 3561 792 3617 dicit
819 3577 942 3618 esse
969 3578 1189 3620 sursum
1217 3563 1582 3634 Hierusalem,
1615 3583 1738 3638 quas
1765 3568 1936 3624 libera
1963 3581 2068 3637 est,

488 3667 612 3722 qua:
629 3662 712 3709 est
738 3663 913 3709 mater
937 3655 1184 3710 omnium
1211 3665 1480 3715 nostrum.
1511 3658 1687 3730 llujus
1715 3675 1848 3731 ergo
1876 3661 2070 3718 matris

488 3755 545 3802 et
586 3745 705 3817 ipsa
733 3748 847 3804 haec
885 3762 1088 3819 sponsa
1113 3749 1222 3806 ﬁlia
1251 3766 1374 3806 esse
1409 3751 1731 3823 intelligitur
1769 3753 1822 3806 in
1854 3751 1940 3808 his
1973 3752 2070 3823 qui

490 3839 887 3897 dimicaverunt
914 3842 968 3896 in
999 3855 1085 3906 ea,
1111 3850 1166 3898 et
1193 3841 1596 3900 constituerunt
1623 3857 1745 3898 eam
1785 3845 2068 3900 custodem

488 3934 796 3989 vinearum.
838 3933 989 3992 Unde
1018 3935 1274 3992 videntur
1321 3935 1409 3993 isti
1437 3936 1531 4006 qui
1577 3945 1783 3993 tantam
1825 3945 2070 4007 potesta-

492 4033 600 4077 tcm
640 4025 958 4097 habuerint,
1005 4039 1065 4084 ut
1093 4037 1148 4084 et
1181 4029 1386 4085 bellum
1413 4039 1663 4100 gererent
1692 4030 1744 4084 in
1777 4042 1842 4086 ea
1863 4071 1878 4097 ,
1899 4038 1953 4086 et
1980 4047 2071 4087 or-

491 4117 746 4174 dinarent
771 4133 892 4176 eam
921 4120 1204 4176 vinearum
1226 4123 1528 4189 custodem,
1557 4135 1666 4180 non
1692 4123 2071 4195 cujuscunque
2105 4135 2110 4138 '

493 4212 750 4278 humilis,
802 4222 900 4270 aut
939 4216 1321 4272 contemnendi
1369 4215 1475 4273 loci
1524 4215 1717 4275 fuisse.
1765 4215 2070 4274 Possumus

490 4319 620 4376 ergo
668 4316 722 4362 et
777 4309 1053 4377 apostolos
1113 4307 1319 4366 Christi
1377 4310 1626 4380 accipere
1683 4310 1825 4367 ﬁlios
1877 4311 2071 4368 matris

490 4409 729 4466 sponsae,
765 4395 872 4451 hoc
902 4405 987 4450 est
1014 4396 1355 4452 Hierusalem
1385 4399 1528 4452 ﬁlios
1556 4400 1818 4464 caelestis,
1851 4403 1944 4470 qui
1970 4414 2071 4470 pu-

491 4495 794 4558 gnaverunt
829 4485 984 4556 prius
1016 4484 1070 4540 in
1098 4485 1203 4541 ista
1226 4499 1349 4557 quae
1377 4501 1444 4542 ex
1477 4487 1730 4558 gentibus
1773 4502 2074 4560 congregao

2187 640 2320 699 ergo
2345 641 2456 683 non
2481 623 2748 684 adversus
2773 641 2916 697 eam,
2949 628 3044 683 sed
3071 628 3126 683 in
3154 643 3239 695 ea,
3263 629 3367 684 hoc
3396 639 3480 685 est
3503 630 3558 683 in
3591 627 3769 684 sensi-

2183 718 2289 775 bus
2338 728 2392 775 et
2431 719 2597 776 corde
2638 719 2790 790 ejus,
2837 728 2898 775 ut
2937 721 3283 777 destruerent
3334 729 3389 776 et
3436 719 3768 791 depellerent

2183 819 2401 864 omnem
2427 808 2826 878 inﬁdelitatem,
2861 823 3024 866 omne
3056 810 3273 875 vitium,
3325 822 3626 879 omnesque
3667 809 3766 863 do-

2183 900 2392 956 ctrinas
2436 915 2560 971 qua:
2591 899 2642 955 ei
2677 900 2818 955 inter
2845 911 3035 972 gentes
3061 901 3252 972 positae
3295 899 3448 956 falsis
3491 899 3764 970 sophista-

2182 1005 2307 1047 rum
2345 990 2747 1048 assertionibus
2778 992 3136 1048 inoleverant.
3190 989 3317 1048 Fuit
3344 1006 3474 1063 ergo
3499 990 3763 1062 apostolis

2179 1083 2386 1141 Christi
2415 1085 2620 1156 grande
2645 1084 2878 1154 bellum,
2922 1085 3099 1141 donec
3129 1100 3322 1141 omnes
3346 1099 3415 1140 ex
3439 1099 3503 1140 ea
3534 1083 3762 1139 menda.

2177 1175 2249 1233 cii
2282 1185 2459 1234 turres
2484 1186 2539 1233 et
2564 1192 2754 1235 muros
2800 1193 3071 1248 perversae
3113 1177 3374 1235 doctrinae
3415 1176 3760 1243 subruerent,

2179 1269 2360 1325 donec
2391 1267 2702 1340 iniquitatis
2737 1279 3058 1339 argumenta
3087 1278 3525 1341 prosternerent,
3559 1279 3614 1323 et
3635 1283 3762 1338 ope-

2177 1370 2361 1417 rantes
2394 1360 2512 1417 haec
2535 1369 2698 1433 atque
2730 1363 3127 1418 succendentes
3149 1362 3205 1418 in
3232 1362 3396 1418 corde
3421 1363 3542 1432 ejus
3565 1361 3762 1416 daemo-

2176 1466 2275 1508 nes
2307 1450 2665 1509 debellarent.
2709 1451 2815 1510 Ubi
2838 1469 2970 1526 ergo
2991 1453 3369 1525 eﬁ‘ugaverunt
3395 1452 3464 1508 ab
3485 1467 3548 1508 ea
3571 1467 3763 1507 omnes

2175 1558 2370 1600 sensus
2419 1544 2761 1602 inﬁdelitatis
2813 1548 3091 1618 antiquas,
3128 1561 3240 1602 non
3281 1560 3401 1602 eam
3443 1545 3762 1615 relinquunt

2175 1634 2444 1702 otiosam,
2497 1650 2566 1690 ne
2593 1635 2733 1692 forte
2759 1651 2856 1708 per
2891 1637 3066 1692 otium
3093 1649 3288 1692 rursus
3312 1637 3534 1706 antiqua
3564 1636 3761 1692 subre-

2174 1733 2326 1794 pant,
2353 1733 2407 1780 et
2432 1725 2658 1782 redeant
2684 1743 2806 1798 quae
2833 1729 3048 1798 repulsa
3075 1737 3201 1784 sunt
3227 1745 3242 1782 :
3279 1729 3371 1784 sed
3396 1729 3528 1784 dant
3549 1729 3598 1783 ei
3623 1743 3762 1798 opus

2176 1815 2326 1884 quod
2374 1825 2539 1888 agat,
2585 1826 2641 1872 et
2687 1819 3013 1890 consignant
3039 1819 3089 1874 ei
3113 1820 3416 1875 custodiam
3451 1820 3754 1874 vinearum.

2101 1890 2146 1944 Β
2176 1904 2376 1962 Vincas
2427 1908 2764 1979 accipiamus
2811 1911 3027 1980 singula
3082 1925 3426 1980 quascunque
3477 1911 3756 1966 volumina

2175 1997 2309 2069 legis
2329 2013 2396 2055 ac
2415 2000 2830 2070 prophetarum.
2850 2000 2980 2056 Erat
2999 2001 3144 2056 enim
3167 2002 3542 2072 unusquisque
3568 2017 3756 2056 eorum

2173 2089 2317 2146 sicut
2342 2105 2470 2160 ager
2495 2089 2690 2160 plenus
2713 2106 2875 2161 quem
2911 2091 3185 2146 benedixit
3215 2090 3481 2146 Dominus
3508 2092 3576 2147 ”.
3629 2090 3757 2147 Haec

2173 2193 2307 2253 ergo
2335 2181 2425 2236 isti
2456 2181 2558 2236 viri
2586 2180 2753 2237 fortes
2793 2189 2918 2253 post
2943 2181 3227 2238 victoriam
3259 2181 3386 2236 belli
3413 2181 3682 2238 servanda
3706 2183 3759 2238 ci

2171 2287 2227 2330 et
2272 2273 2630 2330 custodienda
2677 2276 3024 2345 consignant.
3087 2273 3209 2330 Non
3240 2274 3387 2331 enim
3438 2275 3757 2345 relinquunt

2172 2381 2292 2423 eam
2317 2407 2334 2432 ,
2367 2373 2428 2422 ut
2451 2365 2731 2435 diximus,
2763 2367 3019 2423 otiosam.
3083 2366 3189 2422 Sed
3217 2376 3271 2422 et
3297 2367 3754 2438 evangelistarum

2171 2459 2408 2528 scripta,
2438 2466 2602 2528 atque
2633 2457 2879 2528 ipsorum
2923 2458 3294 2527 apostolorum
3327 2458 3538 2513 litteras
3564 2473 3758 2528 possuv

2170 2565 2296 2605 mus
2339 2549 2592 2605 similiter
2625 2550 2817 2604 vineas
2862 2549 3108 2619 accipere
3133 2588 3149 2616 ,
3193 2564 3332 2620 quas
3375 2550 3502 2605 huic
3530 2565 3654 2620 qua:
3687 2565 3756 2607 ex

2172 2641 2432 2714 gentibus
2462 2648 2846 2712 congregatur,
2878 2654 2978 2710 pro
3008 2655 3114 2711 qua
3145 2640 3309 2696 etiam
3336 2641 3754 2708 dimicaverunt,

2170 2730 2557 2794 custodiendas
2605 2731 2973 2803 colendasque
3016 2731 3376 2788 tradiderunt.
3429 2732 3584 2800 Quod
3616 2748 3748 2788 vero

2169 2825 2268 2894 ait,
2316 2825 2444 2897 quia
2481 2841 2637 2883 suam
2683 2822 2961 2896 propriam
3007 2823 3220 2880 vineam
3269 2839 3380 2880 non
3408 2825 3752 2892 custodierit,

2171 2921 2324 2979 illam
2368 2933 2666 2992 possumus
2709 2917 3075 2975 eruditionem
3102 2917 3307 2986 dicere,
3325 2933 3432 2990 qua
3457 2919 3756 2988 unusquis-

2169 3027 2280 3084 que
2311 3015 2667 3070 exercebatur
2723 3022 2849 3069 ante
2873 3013 3070 3081 ﬁdem;
3107 3028 3272 3084 quam
3297 3013 3416 3069 sine
3443 3013 3611 3069 dubio
3634 3027 3755 3067 cre-

2171 3105 2313 3162 dens
2338 3104 2563 3161 Christo
2583 3143 2600 3171 ,
2652 3103 2912 3175 relinquit
2940 3119 3005 3160 ac
3031 3103 3270 3168 deserit,
3321 3110 3378 3157 et
3414 3117 3476 3157 ea
3505 3117 3628 3172 quae
3649 3101 3752 3157 sibi

2173 3195 2328 3252 lucra
2355 3197 2700 3263 videbantur,
2725 3195 2875 3253 ducit
2899 3205 3122 3267 propter
3147 3193 3426 3250 Christum
3457 3194 3755 3250 detrimen-

2170 3297 2248 3345 ta.
2307 3289 2461 3346 Sicut
2482 3300 2536 3346 et
2560 3290 2762 3346 Paulus
2788 3289 3053 3361 gloriatur
3089 3288 3225 3358 legis
3249 3287 3628 3344 observantias
3645 3326 3663 3356 ,
3692 3295 3746 3342 et

2171 3397 2388 3440 omnem
2417 3381 2662 3439 Iudaica:
2687 3380 3050 3438 institutionis
3095 3379 3326 3452 gloriam
3360 3377 3532 3435 fuisse
3554 3377 3658 3434 sibi
3692 3386 3756 3435 ut

2170 3486 2414 3532 stercora
2470 3482 2683 3528 tantum
2711 3481 2767 3528 ut
2813 3473 2869 3527 in
2905 3472 3129 3528 Christo
3153 3471 3489 3527 inveniretur
3521 3486 3628 3526 non
3656 3470 3755 3524 ha-

2169 3567 2304 3622 bens
2327 3581 2483 3621 suam
2505 3565 2779 3636 justitiam
2807 3579 2929 3634 quas
2955 3577 3019 3618 ex
3051 3563 3169 3633 lege
3191 3571 3296 3630 est,
3346 3563 3440 3618 sed
3480 3562 3749 3632 justitiam

2170 3673 2292 3729 quae
2318 3673 2384 3714 ex
2414 3657 2525 3712 Deo
2547 3665 2631 3713 est
2658 3657 2726 3712 “.
2779 3656 2930 3711 Sicut
2957 3671 3088 3728 ergo
3115 3655 3320 3711 Paulus
3342 3663 3562 3724 accepta
3594 3653 3753 3710 Chri-

2171 3748 2241 3804 sti
2269 3747 2395 3815 ﬁde,
2428 3762 2536 3802 non
2563 3743 2861 3802 custodivit
2887 3747 3100 3800 vineam
3127 3761 3306 3811 suam,
3335 3743 3575 3800 Judaicac
3605 3744 3784 3800 scili-~

2171 3848 2258 3896 cet
2287 3838 2597 3894 traditionis
2621 3837 2919 3907 obsequia;
2953 3847 3006 3893 et
3030 3838 3236 3894 idcirco
3262 3836 3495 3893 fortasse
3523 3852 3630 3892 non
3660 3851 3756 3892 cu-

2171 3932 2412 4000 stodivit,
2446 3933 2576 4002 quia
2607 3949 2733 3988 cum
2779 3933 3027 4004 plantata
3059 3941 3206 3989 esset
3248 3946 3280 3986 a
3307 3929 3419 3986 Deo
3458 3931 3576 3984 vitis
3612 3947 3754 3996 vera,

2171 4040 2422 4080 conversa
2458 4033 2542 4079 est
2569 4025 2620 4078 in
2653 4024 3068 4079 amaritudinem
3097 4023 3218 4079 uitis
3247 4022 3435 4078 aliena:
3461 4023 3532 4088 ",
3565 4031 3618 4076 et
3639 4031 3755 4076 erat

2166 4123 2280 4194 jam
2315 4123 2434 4177 uitis
2469 4120 2822 4176 Sodomorum
2845 4121 2996 4175 vinea
3026 4137 3228 4186 eorum,
3265 4127 3315 4174 et
3353 4119 3550 4188 palmes
3572 4133 3754 4172 eorum

2170 4230 2235 4270 ea:
2269 4213 2582 4278 Gomorrha,
2617 4225 2672 4269 et
2693 4212 2874 4267 botrus
2910 4211 3290 4266 amaritudinis
3327 4211 3382 4263 in
3404 4209 3502 4275 eis,
3529 4217 3581 4263 et
3604 4208 3756 4277 furor

2171 4309 2462 4362 draconum
2491 4308 2667 4362 uinum
2693 4321 2896 4371 eorum,
2926 4313 2976 4358 et
3003 4303 3156 4372 furor
3193 4301 3438 4370 aspidum
3483 4297 3756 4352 insanabi-

2172 4397 2239 4451 lis
2272 4399 2338 4450 ’°.
2393 4397 2472 4451 lla
2503 4405 2556 4451 et
2581 4397 2723 4466 apud
2753 4404 2942 4466 gentes
2970 4401 3124 4448 erant
3155 4392 3402 4462 plurima:
3437 4388 3753 4459 hujusmodi

2171 4487 2451 4554 doctrinm,
2477 4503 2610 4557 quas
2633 4494 2753 4558 post
2780 4488 2869 4542 illa
2889 4485 3026 4542 bella
3045 4485 3244 4556 quibus
3269 4497 3368 4553 pro
3391 4481 3496 4536 ﬁde
3521 4489 3574 4536 et
3597 4481 3755 4550 agni-

493 4589 602 4633 tnr.
647 4577 1039 4650 Pugnaverunt
1079 4584 1260 4632 autem
1299 4585 1361 4632 ut
1405 4575 1687 4632 vincerent
1731 4577 1786 4632 in
1829 4593 1891 4632 ea
1948 4577 2074 4634 illos
2105 4598 2150 4654 ι)
2181 4579 2329 4634 tione
2351 4577 2556 4634 Christi
2587 4595 2617 4633 a
2645 4579 2961 4635 doctoribus
2990 4576 3310 4634 dimicatum
3339 4583 3446 4641 est,
3469 4580 3755 4643 superatas

491 4685 630 4740 quos
659 4671 811 4741 prius
840 4670 1031 4726 habuit
1061 4667 1396 4726 inﬁdelitatis
1435 4675 1490 4724 et
1531 4667 1915 4726 inobedientia:
1943 4683 2070 4726 sen-

493 4777 622 4828 sus,
670 4770 726 4816 et
772 4775 991 4817 omnem
1038 4760 1329 4818 elationem
1377 4759 1726 4818 extollentem
1777 4775 1836 4817 se
1878 4761 2073 4816 adver-

493 4869 589 4908 sus
621 4851 728 4924 53
752 4854 1034 4910 scientfam
1048 4851 1273 4919 Christi,
1294 4851 1652 4910 sicutPaulus
1673 4853 1831 4909 dicit:
1850 4852 2071 4925 Cogita-

494 4948 662 5002 tiones
695 4947 1052 5015 destruentes,
1094 4955 1145 5002 et
1183 4963 1388 5002 omnem
1435 4945 1773 5001 altitudinem
1813 4944 2070 5002 extollen-

2177 4667 2332 4724 dicit.
2395 4667 2536 4725 Puto
2564 4668 2712 4740 quod
2735 4669 2962 4726 omnino
2985 4668 3232 4724 criminis
3266 4666 3388 4722 loco
3414 4663 3667 4731 ducatur,
3707 4663 3753 4718 si

2178 4761 2499 4818 custodierit
2521 4762 2720 4832 aliquis
2749 4761 3066 4833 hujusmodi
3094 4761 3319 4824 vineas,
3362 4767 3416 4814 et
3441 4773 3630 4829 agrum
3662 4771 3757 4810 co-

2176 4849 2254 4908 lat
2297 4853 2438 4908 ultra
2488 4853 2767 4908 venenatis
2815 4861 2869 4907 et
2901 4852 3082 4908 noxiis
3110 4853 3383 4908 consitum
3429 4849 3758 4918 disciplinis.

2177 4941 2288 5000 Nec
2316 4944 2532 4998 mireris
2557 4943 2600 4998 si
2629 4942 2713 4998 his
2744 4943 2921 5012 culpis
2966 4943 3265 5012 aliquando
3301 4941 3472 4996 fuisse
3509 4939 3760 4994 videatur

577 5095 622 5129 ⁹⁰
661 5095 835 5153 Galat.
874 5111 949 5159 iv,
985 5096 1077 5161 2i,
1105 5096 1199 5160 22,
1228 5095 1318 5160 2'5,
1347 5095 1440 5160 2i,
1465 5095 1557 5151 25.
1633 5097 1678 5130 οι
1706 5095 1837 5151 ibid.
1866 5095 1956 5151 5i.
2030 5095 2079 5127 "
2117 5092 2163 5149 ll
2189 5092 2316 5150 Cor.
2348 5110 2402 5160 x,
2430 5093 2484 5158 4,
2510 5091 2564 5146 5.
2639 5089 2683 5122 ⁰³
2713 5088 2847 5144 Gen.
2887 5105 3058 5159 xxvii,
3086 5088 3179 5143 27.
3243 5087 3288 5120 ⁸⁸
3324 5081 3557 5153 Philipp.
3585 5098 3668 5149 ιιι,
3702 5081 3757 5140 9.

493 5169 539 5200 ’⁸
577 5166 777 5223 Jercin.
812 5182 888 5235 ιι,
911 5169 1003 5222 21.
1095 5168 1143 5200 ’⁸
1181 5167 1340 5223 Deut.
1375 5183 1550 5237 ιχκιι,
1583 5167 1674 5238 32,
1704 5167 1794 5222 35.

491 5331 594 5383 την
621 5313 803 5367 ἔθεντο
837 5309 1393 5383 φυλάττουσανεΕἶτα
1419 5310 2073 5383 ἐμαχέσαντοηΜαχξσά-

498 5381 647 5453 μένοι
679 5384 750 5456 δὲξ
781 5383 996 5456 ⁸ιιτρῶαιτον
1016 5421 1030 5445 ,
1067 5381 1680 5456 ὲτιιτηᾷείςιγγὲποξήσᾳλν
1721 5381 1812 5456 ἐοὖ
1849 5381 2072 5456 τεθῆναι.

494 5447 552 5505 ἐν
588 5447 906 5525 annnon
937 5453 1016 5525 ei;
1048 5447 1583 5525 quiauijwajio-ﬁi;
1613 5453 1671 5506 δὲ
1704 5447 1858 5525 οὗτος
1899 5447 1995 5525 κσιῖ1
2021 5451 2072 5525 oi

495 5518 804 5596 προιρῆτᾳι,
831 5518 906 5578 ὧν
953 5518 1388 5596 Escae—cogar»;
1429 5518 1496 5596 qv
1527 5518 1777 5596 itkﬁp'qg,
1817 5521 1876 5576 ὃν
1919 5521 2072 5596 εὐλάς

495 5592 895 5682 vacabis“:
912 5595 1009 5682 ἐει
1039 5592 1409 5682 irrisa.“
1427 5592 2076 5682 οῖςξιςιένέμεείτλξιὲφι

1515 5663 1541 5677 ά

493 5662 599 5736 τὴν
628 5662 898 5734 προιέἑραν
930 5664 1042 5736 ἕξιν
1067 5662 1369 5736 ξαυτοῦῃμὴ
1398 5663 1602 5736 τηρῶν,
1632 5662 1709 5736 ὡς
1736 5662 1801 5717 ἐκ
1825 5662 2074 5736 Σοδόμων

495 5683 596 5733 την
628 5683 898 5734 προτεραν
930 5683 1042 5731 egw
1067 5683 1260 5719 εαυτου
1296 5683 1369 5736 μη
1398 5683 1466 5736 τη
1553 5683 1602 5729 ν,
1632 5683 1709 5726 ως
1736 5683 1801 5717 εκ
1826 5683 1952 5716 meo
2045 5683 2070 5716 ν

495 5734 845 5814 bit-apposui)
876 5734 1195 5814 ᾲμπελῶνα,
1226 5735 1304 5804 τῷ
1344 5683 1572 5814 παρέῗὲι
1605 5734 1867 5814 κέχρη-τᾳι
1907 5683 2070 5814 12:3).-

503 5827 520 5856 ι
557 5804 688 5858 Μιϋ
733 5804 918 5875 matris
956 5820 1082 5857 mea:
1114 5804 1473 5875 pugnaverunt
1506 5807 1561 5858 in
1592 5821 1692 5870 me,
1725 5822 1742 5855 ι
1765 5805 1819 5875 id
1851 5814 1949 5866 est,
1978 5805 2071 5873 qui

500 5894 578 5931 me
605 5879 787 5932 docent
821 5873 1018 5932 Christi
1043 5873 1312 5946 discipuli,
1351 5891 1469 5930 eum
1509 5891 1586 5931 me
1613 5892 1645 5929 a
1675 5874 1828 5929 malis
1864 5876 2067 5946 cogita-

2177 5306 2426 5375 tionibus,
2454 5322 2570 5375 quee
2598 5312 2751 5360 antea
2774 5314 2946 5372 erant,
2971 5314 3018 5359 et
3043 5322 3076 5357 a
3101 5299 3423 5375 dienwnibus
3447 5313 3535 5350 eas
3567 5297 3751 5366 aman-

2177 5377 2337 5442 tibus,
2370 5374 2557 5432 vellent
2585 5379 2829 5448 expiare,
2852 5385 3036 5448 contra
3060 5390 3147 5427 eos
3164 5374 3231 5448 in
3253 5385 3342 5448 _i_ne
3368 5377 3752 5448 pugnaverunt,

2175 5437 2411 5517 ejusdem
2440 5437 2881 5519 mecum'matr'is,
2902 5445 3095 5519 liberte
3126 5437 3387 5519 uidelicet,
3414 5437 3536 5519 ﬁlii.
3568 5437 3756 5519 Pugna

2177 5513 2354 5573 dutem
2391 5519 2621 5588 primum
2650 5514 2945 5585 perfuncti,
2997 5514 3242 5588 idoneam
3288 5513 3518 5588 fecerunt
3557 5524 3672 5588 qua:
3703 5513 3756 5588 in

2176 5589 2340 5643 uineis
2367 5579 2437 5642 (id
2465 5579 2765 5642 custodiam
2794 5593 3094 5656 poneretur.
3124 5581 3332 5656 Moyses
3363 5587 3542 5633 autem
3569 5579 3653 5631 hic
3678 5586 3758 5631 est

2177 5668 2227 5713 et
2257 5658 2541 5730 praphetag,
2566 5651 3025 5730 quorum'singuli
3040 5668 3163 5722 ager
3192 5651 3581 5730 plenuserant,
3603 5662 3755 5718 quem

2183 5721 2447 5782 benedixit
2480 5721 2736 5782 Dominus
2759 5765 2772 5789 ,
2799 5721 2954 5796 atque
2976 5721 3124 5776 vinea
3147 5737 3164 5774 :
3190 5725 3245 5774 in
3279 5721 3464 5790 quibus
3491 5721 3606 5796 quis
3639 5732 3756 5771 ver-

2178 5815 2326 5862 sans,
2353 5815 2442 5852 nec
2476 5800 2703 5867 priorem
2732 5791 2969 5848 habitum
3003 5809 3234 5867 servans,
3261 5801 3438 5862 utpote
3467 5791 3669 5846 vincam
3694 5798 3758 5841 ex

2179 5868 2444 5938 Sodomis,
2476 5863 2723 5938 praesenti
2750 5881 2984 5921 sermone
3013 5863 3269 5918 abutitur.
