4236 6282
305 364 408 423 ΗΊ
1609 361 1811 420 LIBER
1851 359 2228 420 SECUNDUS.
2636 410 2639 411 ν
3451 361 3551 416 HS

305 482 547 540 obnoxia
573 482 689 538 haec
714 497 838 554 quae
863 495 932 538 ex
963 478 1246 537 nationum
1283 480 1625 552 dispersione
1673 482 1884 552 colligi-
1913 489 1956 546 Α
1985 482 2086 538 bus
2112 481 2248 547 suis,
2276 479 2679 551 constitutaque
2700 488 2784 538 est
2813 479 2881 536 ab
2912 480 2994 538 eis
3023 482 3308 537 vinearum
3337 486 3547 546 custos,

309 585 420 640 tur,
446 583 499 630 et
518 574 631 646 jam
659 572 881 630 Christo
927 587 1130 643 sponsa
1163 582 1516 644 praeparatur.
1574 573 1882 630 Recordare

302 665 583 736 quomodo
629 665 804 733 prima
837 664 1035 720 mulier
1059 662 1283 718 seducta
1304 671 1432 735 est“
1457 670 1511 719 et
1539 664 1591 718 in
1624 663 1882 734 praevari-

300 754 518 810 catione
565 753 709 809 facta
743 771 756 808 :
791 768 916 824 qua:
961 768 1070 808 non
1118 752 1278 808 aliter
1321 753 1472 808 salva
1512 752 1881 821 ﬁeridicitur,

299 847 406 902 nisi
460 861 558 913 per
603 845 838 900 ﬁliorum
886 843 1312 915 generationem,
1344 844 1564 899 illorum
1613 844 1884 899 duntaxat

297 939 396 1008 qui
420 946 743 1008 permanent
765 937 819 990 in
846 935 950 991 ﬁde
971 945 1026 991 et
1051 937 1316 992 charitate
1345 952 1470 992 cum
1496 937 1784 994 sanctitate
1812 938 1880 990 ’⁷.

301 1027 424 1083 lloc
452 1043 582 1097 ergo
607 1029 751 1097 quod
781 1028 848 1084 de
873 1028 1045 1083 Adam
1079 1036 1132 1081 et
1163 1026 1273 1080 Eva
1304 1027 1582 1093 scribitur,
1632 1027 1714 1081 sic
1733 1041 1886 1082 asse-

299 1129 461 1176 verat
485 1121 778 1192 Apostolus
811 1139 826 1176 :
863 1119 1176 1190 Hysterium
1209 1135 1460 1189 magnum
1479 1128 1557 1173 est
1589 1119 1643 1171 in
1674 1118 1885 1174 Christo

296 1224 350 1268 et
387 1216 439 1268 iu
471 1213 705 1268 Ecclesia
735 1214 778 1246 ⁸⁸
800 1229 818 1280 ;
853 1213 944 1284 qui
974 1227 1095 1282 eam
1127 1211 1203 1265 ita
1227 1211 1417 1266 dilexit
1447 1220 1507 1266 ut
1529 1212 1882 1282 semetipsum

301 1305 547 1361 traderet
591 1319 692 1375 pro
724 1319 810 1370 ea,
853 1319 981 1358 cum
1015 1309 1164 1358 esset
1190 1302 1370 1358 adhuc
1410 1303 1574 1374 impia
1605 1304 1720 1359 haec
1744 1305 1882 1373 ipsa,

304 1396 456 1450 sicut
485 1395 600 1464 ipse
623 1394 763 1449 dixit
790 1412 803 1448 :
841 1393 974 1449 Cum
1006 1392 1142 1446 enim
1169 1390 1341 1445 adhuc
1365 1392 1650 1447 secundum
1684 1402 1885 1460 tempus

304 1487 464 1555 impii
493 1501 744 1552 essemus,
775 1467 1022 1540 Christus
1049 1499 1146 1552 pro
1172 1483 1321 1536 nobis
1348 1493 1586 1537 mortuus
1608 1492 1685 1536 est
1708 1482 1774 1535 ’9.
1821 1481 1888 1536 Et

304 1580 509 1634 iterum
542 1598 555 1633 :
594 1577 736 1643 Quia
763 1592 881 1629 cum
911 1575 1082 1628 adhuc
1108 1590 1336 1628 essemus
1361 1575 1617 1644 inﬁdeles,
1641 1573 1884 1628 Christus

303 1685 404 1741 pro
429 1668 578 1722 nobis
601 1677 841 1722 mortuus
866 1675 942 1720 est
969 1667 1010 1720 ί.
1045 1662 1162 1719 Νοη
1193 1681 1323 1736 ergo
1348 1665 1544 1719 mirum
1569 1673 1672 1731 est,
1697 1665 1742 1719 si
1770 1662 1889 1719 haec

306 1777 434 1831 qua:
460 1761 684 1816 seducta
717 1766 772 1813 et
804 1759 857 1813 in
886 1757 1333 1828 praevaricatione
1364 1756 1526 1821 facta,
1561 1773 1682 1826 quae
1721 1757 1884 1826 impia

1986 589 2246 630 sensuum
2278 573 2486 628 scilicet
2517 581 2573 627 et
2610 572 2926 643 dogmatum
2974 572 3282 629 divinorum
3319 587 3383 626 ex
3429 570 3552 640 qui-

1985 667 2089 722 bus
2116 664 2290 737 possit
2317 665 2502 719 vinum
2533 665 2741 731 bibere,
2767 665 2916 735 quod
2949 663 3183 720 laetiﬁcet
3209 679 3304 718 cor
3327 663 3468 732 ejus.

2058 756 2210 812 Vers.
2230 757 2283 810 7.
2303 757 2572 810 Aunuutia
2589 757 2717 810 mihi
2731 748 2879 827 quem
2897 756 3090 810 dilexit
3104 755 3282 810 anima
3305 772 3438 820 mea,
3463 755 3550 808 ubi

1987 849 2094 923 54
2112 851 2304 920 pascis,
2323 849 2413 903 ubi
2439 849 2610 904 cubile
2626 849 2780 904 habes
2798 850 2852 903 in
2882 849 3120 917 meridie,
3139 865 3201 902 ne
3219 848 3352 918 forte
3362 849 3549 917 efﬁciat

1985 941 2121 995 sicut
2145 939 2401 1009 adoperta
2425 954 2581 1008 super
2601 953 2776 1008 greges
2803 937 3068 992 sodalium
3093 947 3326 992 tuorum.
3367 935 3553 990 Adhuc

1988 1044 2189 1101 sponsa
2213 1030 2452 1101 loquitur
2482 1030 2646 1084 etiam
2683 1030 2817 1095 haec,
2841 1028 2938 1084 sed
2967 1029 3034 1085 ad
3058 1043 3343 1099 sponsum,
3374 1039 3427 1082 et
3449 1042 3556 1081 non

1989 1125 2100 1197 jam
2133 1124 2202 1179 ad
2231 1123 2369 1179 ﬁlias
2399 1122 2757 1178 Hierusalem.
2820 1121 2988 1195 Igitur
3018 1123 3087 1179 ab
3121 1122 3278 1177 initio
3308 1120 3400 1176 ubi
3432 1120 3508 1177 ait
3539 1138 3554 1176 :

1993 1217 2274 1274 Osculetur
2303 1233 2382 1270 me
2401 1257 2416 1283 ,
2449 1231 2625 1286 usque
2657 1216 2724 1271 ad
2751 1217 2897 1271 hunc
2925 1217 3102 1272 locum
3137 1233 3150 1270 :
3185 1214 3355 1286 Super
3380 1232 3558 1286 greges

1988 1309 2271 1374 sodalium,
2303 1317 2498 1362 cuncta
2526 1323 2650 1378 quae
2675 1309 2821 1363 dicta
2852 1317 3014 1376 sunt,
3041 1309 3205 1364 verba
3236 1315 3364 1364 sunt
3393 1322 3557 1378 spon-

1985 1415 2081 1455 sae.
2117 1399 2221 1454 Sed
2261 1399 2436 1468 primo
2463 1413 2644 1454 sermo
2671 1400 2792 1469 ejus
2820 1401 2888 1454 ad
2918 1399 3092 1455 Deum
3117 1399 3294 1456 factus
3319 1409 3397 1455 est
3415 1438 3431 1465 ,
3470 1413 3559 1454 sc-

1984 1492 2166 1547 cundo
2196 1491 2262 1545 ad
2293 1505 2554 1560 sponsum
2576 1534 2590 1557 ,
2619 1491 2778 1546 tertio
2801 1492 2867 1545 ad
2899 1491 3365 1557 adolescentulas;
3418 1491 3568 1545 inter

1985 1600 2126 1654 quas
2146 1592 2202 1640 et
2230 1600 2491 1655 sponsum
2517 1585 2694 1639 media
2721 1584 2994 1655 quaedam,
3025 1593 3079 1639 et
3111 1593 3171 1640 ut
3203 1599 3262 1639 se
3291 1582 3556 1638 dramatis

1990 1677 2156 1747 hujus
2185 1677 2392 1748 species
2417 1679 2579 1733 habet
2601 1676 2760 1748 quasi
2788 1677 3144 1732 mesochorus
3171 1675 3380 1741 ell‘ecta,
3413 1689 3558 1728 nunc

1993 1769 2060 1823 ad
2087 1769 2289 1838 ipsum,
2317 1784 2463 1824 nunc
2493 1769 2657 1825 etiam
2691 1767 2761 1823 ad
2793 1767 2934 1824 ﬁlias
2962 1766 3298 1823 Hierusalem
3327 1780 3558 1835 respon-

305 1851 608 1908 secundum
655 1859 866 1920 tempus
890 1847 993 1903 fuit
1039 1857 1093 1904 et
1139 1847 1410 1918 peccatrix
1439 1891 1453 1913 ,
1487 1849 1646 1903 talem
1677 1849 1888 1904 dicatur
1923 1835 1964 1891 Β

1885 1866 1888 1873 ’
1923 1835 1964 1891 Β
1992 1861 2150 1925 deus,
2179 1860 2364 1932 dirigit
2387 1863 2571 1918 verba.
2632 1859 2744 1916 Hos
2773 1875 2902 1930 ergo
2935 1875 3080 1916 nunc
3106 1861 3324 1915 ultimos
3348 1873 3558 1914 sermo-

307 1944 526 1996 vineam
560 1942 798 1996 coluisse
825 1955 891 1995 eo
920 1949 1180 2010 tempore,
1212 1955 1338 1995 cum
1360 1939 1540 1994 adhuc
1562 1939 1726 2008 impia
1747 1946 1885 2003 erat,

305 2049 481 2105 quam
525 2032 834 2101 relinquere
865 2030 1145 2096 debuerit,
1187 2037 1242 2084 et
1281 2043 1625 2098 nequaquam
1668 2028 1892 2084 omnino

312 2139 478 2180 serva
486 2137 564 2178 re.

391 2215 552 2283 Quod
581 2215 624 2271 si
657 2215 822 2271 etiam
871 2215 1088 2270 tertium
1124 2212 1521 2285 explanationis
1563 2212 1742 2269 locum
1774 2211 1893 2283 pla-

306 2308 673 2377 cctexsequi,
710 2305 1015 2363 referamus
1056 2306 1172 2362 haec
1209 2306 1278 2361 ad
1312 2321 1751 2376 unamquamque
1776 2305 1894 2360 ani-

311 2417 487 2465 mam,
517 2416 639 2471 quae
669 2415 935 2456 conversa
959 2401 1024 2456 ad
1056 2400 1248 2465 Deum,
1283 2409 1338 2454 et
1366 2399 1433 2454 ad
1456 2398 1614 2452 ﬁdem
1648 2397 1891 2464 veniens,

312 2493 522 2566 patitur
545 2491 662 2548 sine
688 2491 855 2546 dubio
880 2491 1270 2562 cogitationum
1296 2503 1530 2559 pugnas,
1565 2497 1620 2543 et
1649 2487 1893 2541 oblucta-

314 2586 498 2641 tiones
539 2584 846 2640 daemonum
893 2597 1148 2638 revocare
1177 2596 1296 2636 eam
1330 2577 1617 2634 nitentium
1644 2578 1711 2632 ad
1743 2578 1891 2648 prio-

312 2676 394 2732 ris
424 2675 549 2730 vitaa
577 2674 881 2741 illecebras,
912 2674 998 2729 vel
1025 2671 1358 2728 inﬁdelitatis
1384 2684 1650 2726 errorem.
1692 2669 1796 2726 Sed
1821 2684 1891 2724 ne

312 2769 422 2825 hoc
460 2772 588 2835 ﬁat,
631 2782 770 2823 neve
816 2781 1033 2822 rursum
1063 2764 1402 2822 daemonibus
1437 2761 1492 2816 in
1527 2777 1646 2817 eam
1677 2769 1888 2816 tantum

313 2863 497 2924 liceat,
522 2859 800 2930 prospexit
827 2857 1015 2914 divina
1044 2856 1390 2913 Providentia
1419 2865 1478 2912 ut
1504 2854 1747 2929 parvulis
1775 2852 1894 2924 qui-

313 2955 550 3023 busque,
585 2960 638 3008 et
670 2951 758 3007 his
780 2948 874 3021 qui
909 2965 1010 3021 pro
1039 2949 1344 3020 semetipsis
1377 2948 1636 3005 adversus
1660 2945 1892 3002 astutias

311 3043 521 3101 diaboli
551 3053 604 3100 et
633 3042 943 3099 daemonum
975 3057 1184 3114 pugnas
1223 3042 1485 3097 dimicare
1518 3056 1624 3096 non
1663 3047 1894 3110 possunt

314 3144 507 3207 utpote
545 3133 782 3190 infantes
807 3135 986 3190 adhuc
1008 3145 1061 3190 et
1083 3135 1345 3189 lactentes
1372 3133 1425 3187 in
1466 3131 1687 3188 Christo
1712 3171 1726 3198 ,
1760 3131 1891 3185 dare

314 3227 543 3300 angelos
574 3235 1013 3298 propugnatores
1039 3235 1093 3281 et
1118 3223 1434 3281 defensores
1462 3243 1476 3279 :
1508 3223 1603 3294 qui
1630 3223 1779 3278 velut
1808 3232 1892 3276 tu-

315 3331 464 3376 tores
491 3328 548 3375 et
570 3327 956 3390 procuratores
997 3318 1281 3374 constituti
1319 3327 1448 3374 sunt
1477 3333 1508 3372 a
1536 3315 1644 3372 Deo
1681 3331 1890 3381 eorum,

315 3411 408 3481 qui
440 3411 498 3465 in
535 3409 750 3464 inﬁrma
778 3418 934 3464 aetate
969 3408 1129 3479 positi
1162 3423 1262 3479 pro
1297 3407 1604 3478 semetipsis
1645 3409 1727 3478 (ut
1751 3405 1894 3460 dixi-

321 3505 468 3571 mus)
498 3519 743 3574 pugnare
773 3518 880 3558 non
921 3513 1170 3574 possunt.
1225 3500 1292 3556 Et
1324 3511 1382 3556 ut
1407 3502 1511 3557 hoc
1535 3517 1664 3557 cum
1698 3500 1892 3571 majori

323 3595 522 3650 fiducia
552 3603 734 3666 agant,
785 3595 1104 3650 conceditur
1129 3595 1209 3650 eis
1243 3609 1458 3664 semper
1486 3593 1667 3649 videre
1699 3591 1890 3648 faciem

320 3685 496 3743 Patris
520 3687 614 3757 qui
649 3687 703 3742 in
734 3686 891 3744 caelis
921 3695 1006 3742 est
1031 3688 1055 3719 ²
1087 3705 1102 3742 :
1136 3696 1191 3742 et
1223 3687 1357 3742 istos
1389 3694 1520 3757 puto
1543 3700 1666 3742 esse
1694 3700 1892 3756 parvu-

319 3777 403 3832 los
427 3794 570 3846 quos
602 3779 786 3834 venire
828 3778 894 3834 ad
941 3793 1001 3835 se
1047 3779 1300 3834 Christus
1326 3778 1524 3848 jussit,
1547 3787 1601 3833 et
1634 3792 1744 3832 non
1770 3777 1894 3832 sivit

283 3897 286 3901 -
320 3870 622 3939 prohiberi,
673 3880 728 3925 et
766 3886 906 3942 quos
949 3886 1164 3942 semper
1201 3871 1340 3925 dixit
1363 3871 1544 3926 videre
1575 3868 1766 3925 faciem
1793 3867 1897 3924 Pa-

323 3961 447 4016 tris.
512 3958 620 4017 Nec
651 3960 746 4016 tibi
776 3961 1112 4021 contrarium
1140 3959 1408 4026 videatur,
1440 3960 1484 4014 si
1512 3975 1608 4014 eos
1635 3960 1748 4015 haec
1772 3957 1894 4012 ani-

325 4067 414 4106 ma
436 4067 556 4122 qua:
579 4051 644 4107 ad
671 4051 839 4108 Deum
865 4051 1059 4117 tendit,
1096 4051 1288 4104 matris
1311 4065 1425 4104 sua:
1467 4049 1609 4104 ﬁlios
1641 4049 1894 4118 appellat.

327 4141 387 4198 Si
414 4144 558 4198 enim
588 4144 893 4200 animarum
920 4151 1098 4197 mater
1145 4138 1490 4195 Hierusalem
1530 4139 1770 4193 caelestis
1794 4147 1898 4201 est,

1991 1962 2088 2002 nes
2119 1962 2252 2003 suos
2270 1949 2344 2004 ad
2369 1964 2632 2018 sponsum
2663 1948 2816 2015 facit,
2846 1951 3132 2018 requirens
3157 1949 3226 2003 ab
3256 1963 3322 2002 eo
3348 1948 3442 2001 ubi
3471 1963 3562 2017 pa-

1992 2048 2114 2093 scat
2140 2039 2194 2093 in
2221 2039 2445 2094 meridie
2465 2078 2484 2108 ,
2512 2049 2566 2094 et
2591 2039 2685 2094 ubi
2719 2040 2948 2094 collucet
2975 2055 3188 2109 gregem
3211 2079 3226 2102 ,
3267 2054 3461 2093 verens
3495 2055 3564 2094 ne

1992 2127 2126 2182 dum
2159 2128 2387 2197 requirit
2429 2143 2578 2193 eum,
2609 2128 2853 2182 incurrat
2878 2129 2934 2182 in
2977 2143 3040 2183 ea
3084 2129 3200 2183 loca
3232 2127 3321 2181 ubi
3349 2127 3563 2184 sodales

1996 2217 2186 2286 sponsi
2212 2217 2418 2272 locatos
2450 2231 2546 2287 per
2580 2217 2860 2272 meridiem
2882 2233 3071 2288 greges
3105 2227 3339 2274 servant.
3369 2221 3566 2276 Osteno

1991 2309 2144 2363 ditur
2174 2316 2356 2363 autem
2381 2324 2479 2378 per
2507 2308 2622 2364 hac
2649 2309 2777 2380 quia
2809 2325 3048 2380 sponsus
3081 2311 3168 2367 hic
3190 2312 3350 2367 etiam
3381 2323 3564 2383 pastor

1991 2400 2084 2456 sit.
2123 2399 2182 2454 In
2209 2400 2586 2468 superioribus
2609 2408 2789 2454 autem
2818 2401 3186 2458 didiceramus
3210 2420 3333 2459 eum
3364 2419 3486 2461 esse
3511 2414 3567 2460 et

1991 2507 2194 2562 regem,
2226 2507 2326 2562 pro
2353 2507 2418 2547 eo
2448 2493 2569 2548 sine
2600 2493 2768 2548 dubio
2795 2493 2941 2564 quod
2973 2495 3224 2551 homines
3252 2505 3434 2568 regat;
3479 2512 3568 2567 pa-

1991 2590 2196 2637 storem
2230 2597 2358 2636 vero
2389 2597 2488 2652 pro
2516 2596 2583 2636 eo
2609 2584 2755 2651 quod
2790 2599 2920 2640 oves
2940 2593 3161 2654 pascat;
3193 2600 3452 2655 sponsum
3477 2601 3569 2640 au-

1990 2679 2096 2727 tem
2131 2685 2229 2743 pro
2253 2687 2320 2727 eo
2351 2671 2497 2743 quod
2527 2670 2726 2728 habeat
2754 2686 3013 2743 sponsam
3045 2689 3168 2743 qua:
3203 2689 3328 2730 cum
3369 2691 3437 2730 eo
3474 2693 3565 2732 re-

1989 2772 2150 2835 gnet,
2179 2765 2480 2821 secundum
2509 2766 2653 2835 quod
2705 2766 2966 2836 scriptum
2994 2775 3079 2822 est
3111 2785 3124 2820 :
3161 2767 3349 2822 Astitit
3379 2770 3563 2839 regina

1993 2870 2026 2907 a
2064 2853 2270 2909 dextris
2315 2855 2420 2908 tuis
2465 2860 2520 2908 in
2567 2855 2757 2910 vestitu
2801 2855 3058 2910 deaurato
3087 2856 3128 2909 ³.
3183 2854 3307 2912 Haec
3338 2857 3559 2914 interim

1991 2943 2234 3000 continet
2276 2943 2540 3000 dramatis
2591 2944 2764 3015 ipsius
2812 2945 2908 3016 qui
2949 2952 3034 3001 est
3081 2945 3240 3016 quasi
3267 2945 3566 3004 historicus

1990 3037 2152 3093 ordo.
3207 3082 3244 3096 ς.

2062 3127 2219 3183 Nunc
2237 3134 2417 3182 autem
2443 3126 2786 3196 requiramus
2804 3125 3212 3198 intelligentiam
3237 3129 3523 3200 mysticam
3550 3148 3564 3185 :

1993 3231 2047 3278 ct
2075 3223 2121 3278 si
2149 3229 2366 3292 oportet
2394 3220 2691 3291 praevenire
2738 3222 3015 3290 paululum
3049 3237 3114 3277 ea
3142 3237 3263 3292 quae
3294 3224 3349 3276 in
3383 3233 3566 3292 poste-

1993 3314 2236 3369 rioribus
2281 3311 2561 3368 referenda
2595 3320 2723 3368 sunt
2751 3312 2884 3383 (44),
2933 3327 3044 3382 quo
3089 3313 3215 3382 quis
3245 3312 3472 3370 affectus
3497 3315 3570 3370 sit

1995 3404 2192 3458 horum
2244 3403 2512 3459 sodalium
2559 3409 2776 3472 pateat,
2834 3419 3203 3460 memoremus
3245 3404 3376 3460 illud
3423 3406 3568 3475 quod

1993 3497 2257 3566 scriptum
2294 3505 2407 3564 est;
2457 3495 2583 3565 quia
2629 3496 2830 3566 reginae
2861 3505 2990 3552 sunt
3033 3497 3335 3567 sexaginta,
3381 3498 3474 3553 sed
3502 3513 3569 3551 ex

1996 3589 2082 3644 bis
2115 3587 2374 3644 omnibus
2409 3601 2517 3642 una
2561 3586 2633 3641 sit
2659 3587 2910 3642 columba
2935 3628 2951 3655 ,
2993 3596 3048 3642 et
3069 3601 3176 3641 una
3203 3586 3471 3656 perfecta,
3507 3602 3572 3642 ac

1993 3678 2263 3748 particeps
2308 3677 2493 3748 regni;
2539 3685 2744 3733 caetera:
2785 3692 2916 3732 vero
2958 3678 3069 3748 jam
3107 3676 3398 3731 inferiores
3445 3685 3572 3732 sunt

1993 3785 2116 3841 quae
2147 3767 2261 3839 (45)
2288 3767 2560 3838 octoginta
2609 3767 2950 3838 appellantur
2988 3767 3336 3833 concubina};
3384 3767 3570 3823 adole-

1994 3861 2254 3917 scentula:
2283 3875 2410 3915 vero
2433 3875 2668 3930 quarum
2692 3873 2956 3913 numerus
2985 3859 3168 3914 nullus
3196 3867 3297 3927 est,
3329 3870 3449 3930 post
3481 3876 3571 3916 or-

1994 3953 2174 4007 dinem
2201 3951 2630 4006 concubinarum
2662 3957 2958 4020 ponuntur.
3017 3951 3138 4006 Istae
3171 3961 3351 4007 autem
3381 3968 3572 4009 omnes

1995 4041 2316 4096 diﬁ'erentiae
2366 4054 2554 4094 eorum
2605 4048 2769 4103 sunt,
2804 4041 2896 4110 qui
2922 4041 2976 4095 in
3006 4041 3224 4096 Christo
3266 4043 3568 4108 credentes,

1998 4129 2228 4184 diversis
2272 4128 2320 4182 ei
2349 4127 2632 4182 affectibus
2663 4128 2976 4195 sociantur;
3013 4138 3072 4184 ut
3100 4132 3248 4185 verbi
3296 4133 3466 4201 gratia
3490 4133 3573 4186 di-

324 4243 379 4293 et
408 4233 582 4306 angeli
629 4233 987 4291 nihilominus
1039 4233 1291 4289 caelestes
1342 4229 1732 4292 nominantur,
1766 4229 1902 4283 nihil
2000 4233 2212 4285 camUS,
2235 4232 2451 4272 omnem
2485 4215 2785 4272 Ecclesiam
2810 4233 2906 4287 per
2924 4218 3163 4288 aliquam
3192 4219 3420 4291 ﬁguram
3458 4237 3576 4277 cor-

326 4324 617 4381 dissonans
639 4326 932 4393 videbitur,
986 4327 1031 4382 si
1064 4326 1118 4380 hi
1150 4324 1244 4396 qui
1274 4323 1526 4380 similiter
1551 4333 1612 4378 ut
1644 4322 1760 4393 ipsa
1789 4336 1901 4377 caa-

1900 4353 1901 4358 η
1999 4326 2101 4382 pus
2127 4324 2249 4366 esse
2268 4309 2492 4375 Christi,
2513 4308 2810 4380 Apostolus
2834 4307 2946 4381 (46)
2971 4311 3105 4366 dicit
3130 4311 3190 4379 Ι’;
3224 4312 3279 4366 in
3312 4327 3423 4381 quo
3448 4327 3573 4368 cor-

330 4416 488 4473 lestes
535 4403 663 4472 sum
687 4457 702 4482 ,
747 4417 816 4473 ab
856 4433 918 4472 ea
949 4417 1042 4471 ﬁlii
1074 4416 1264 4472 matris
1300 4415 1657 4486 appellamur.
1725 4412 1898 4484 super
1996 4419 2129 4477 pore
2157 4402 2369 4458 diversa
2401 4417 2524 4457 esse
2554 4401 2796 4458 membra
2831 4405 3181 4473 pronuntiat,
3213 4413 3267 4460 et
3289 4403 3427 4459 alios
3451 4420 3572 4461 esse

331 4506 511 4562 omnia
538 4517 718 4562 autem
755 4521 1056 4578 congruum
1087 4506 1359 4562 videbitur
1386 4515 1442 4560 et
1461 4503 1812 4568 conveniens,
1840 4510 1898 4558 ut
1929 4537 1972 4592 ι)
2000 4497 2209 4564 oculos,
2235 4504 2290 4551 et
2320 4495 2458 4552 alios
2483 4511 2702 4563 manus,
2737 4495 2873 4551 alios
2896 4496 3062 4552 etiam
3093 4497 3276 4566 pedes,
3307 4505 3360 4551 et
3390 4496 3573 4568 singu-

333 4597 528 4666 quibus
560 4613 704 4655 unus
727 4607 814 4655 est
843 4598 1005 4655 Pater
1038 4598 1215 4664 Deus,
1252 4612 1358 4652 una
1381 4597 1452 4652 sit
1482 4604 1537 4653 et
1559 4593 1898 4652 Hierusalem

336 4696 524 4743 mater.

403 4773 555 4843 Quod
586 4792 716 4833 vero
748 4775 863 4832 ait:
907 4773 1122 4831 Vineam
1156 4789 1323 4830 meam
1357 4791 1460 4830 non
1501 4773 1758 4829 custodivi
1776 4815 1792 4840 ,
1823 4772 1902 4827 in-

337 4869 517 4925 stituta
549 4871 639 4926 illa
663 4885 730 4926 ac
759 4883 942 4924 mores
980 4875 1034 4923 et
1074 4867 1416 4939 propositum
1457 4865 1512 4922 in
1538 4882 1649 4938 quo
1678 4879 1899 4922 exerce-

336 4957 491 5014 batur
520 4959 816 5016 secundum
850 4966 1085 5013 veterem
1117 4957 1392 5014 hominem
1417 4957 1626 5022 vivens,
1658 4956 1899 5012 indicare

343 5047 547 5102 videtur
573 5049 917 5104 laudabiliter
945 5064 976 5102 a
1010 5062 1069 5104 se
1098 5063 1207 5103 non
1243 5064 1364 5105 esse
1391 5057 1622 5104 servata.
1679 5046 1753 5102 Ex
1787 5062 1899 5117 quo

342 5149 517 5193 autem
564 5140 839 5212 adjutorio
868 5139 1189 5211 angelorum
1215 5138 1521 5207 dimicavit,
1553 5139 1684 5196 vicit
1715 5155 1780 5195 ac
1803 5153 1897 5209 pe-

337 5228 482 5284 nitus
505 5228 615 5304 (45)
644 5248 674 5287 a
698 5247 758 5288 se
783 5230 1040 5303 effugavit
1067 5239 1303 5286 veterem
1327 5230 1605 5287 hominem
1625 5246 1748 5286 cum
1773 5228 1900 5286 acti-

405 5340 676 5413 ”,l‘Tim.
709 5358 786 5409 ll,
815 5343 904 5413 l5.
976 5343 1022 5375 ⁵⁸
1059 5340 1258 5413 Ephes.
1289 5356 1344 5409 ν,
1369 5342 1459 5397 32.
1534 5341 1580 5374 ⁹⁹
1619 5341 1778 5396 Rom.
1807 5357 1880 5407 v,
1917 5340 1972 5397 6.

335 5409 384 5465 9.
458 5412 481 5442 ⁸
516 5409 538 5464 l
562 5415 690 5470 Cor.
718 5429 817 5480 xu,
841 5412 932 5467 27.

401 5506 511 5575 (43)
559 5511 712 5566 Libb.
755 5518 915 5564 antea
963 5507 1132 5577 editi,
1178 5518 1228 5565 et
1265 5507 1388 5566 uicit
1424 5526 1538 5565 eam
1568 5525 1631 5564 ac
1662 5508 1887 5580 penitus.

333 5573 456 5630 Mss.
489 5573 559 5632 ul.
579 5580 634 5633 in
663 5589 851 5635 nostro
877 5587 1047 5634 textu.

394 5646 514 5784 (μζ
561 5649 728 5716 Mss.,
758 5649 1064 5718 referenda;
1112 5649 1315 5720 vulgati
1353 5650 1512 5718 libri,
1542 5649 1890 5720 praeferenda.

402 5716 492 5784 liii
560 5718 691 5775 Mss.
714 5760 728 5784 ,
761 5729 883 5774 sunt
904 5759 920 5782 ,
963 5735 1099 5784 quat.
1131 5720 1268 5774 Editi
1291 5762 1305 5784 ,
1335 5730 1489 5784 sunt,
1522 5722 1670 5784 quia.
1728 5719 1890 5774 Paulo

402 5716 514 5784 liii)
560 5718 691 5775 Mss.
714 5760 728 5784 ,
761 5716 883 5774 sunt
904 5759 920 5782 ,
963 5735 1099 5788 quat.
1131 5716 1268 5774 Editi
1291 5762 1305 5784 ,
1335 5730 1454 5774 sunt
1475 5716 1670 5791 ,guia.
1728 5719 1895 5774 Paulo

346 5795 463 5854 post
488 5803 648 5856 mss.,
681 5791 798 5845 istm
822 5800 994 5844 autem
1019 5805 1192 5845 omnes
1220 5791 1531 5861 (lt/Ieremia:
1555 5805 1737 5848 eorum
1774 5803 1892 5847 sunt

2002 4589 2083 4646 los
2132 4603 2229 4658 pro
2269 4601 2493 4657 Operum
2538 4587 2954 4656 studiorumque
3000 4601 3228 4642 suorum
3278 4587 3487 4644 meritis
3515 4588 3570 4643 in

2002 4681 2244 4738 membra
2268 4680 2514 4750 corporis
2536 4679 2698 4748 hujus
2720 4678 2914 4749 aptari.
2949 4679 3256 4736 Secundum
3281 4681 3422 4737 hanc
3439 4696 3571 4752 ergo

2003 4768 2236 4838 speciem
2265 4776 2320 4822 et
2350 4767 2465 4822 haec
2493 4765 2841 4836 intelligenda
2883 4777 3046 4835 sunt;
3095 4775 3149 4824 et
3189 4770 3326 4826 alias
3351 4771 3570 4841 quidem

2003 4860 2216 4915 animas
2245 4859 2542 4929 putandum
2576 4867 2659 4914 est
2694 4857 2749 4911 in
2777 4857 2881 4913 hoc
2906 4860 3146 4930 sponsali
3175 4861 3418 4916 dramate
3448 4876 3572 4932 quae

1999 4951 2466 5022 magniﬁcentiora
2506 4948 2698 5004 aﬁ'cctu
2740 4965 2942 5021 sponso
2969 4960 3132 5023 atque
3155 4952 3452 5008 illustriore
3475 4967 3570 5006 so—

1999 5045 2235 5109 ciantur,
2283 5043 2426 5115 apud
2457 5058 2581 5097 eum
2634 5043 2950 5115 reginarum
2986 5043 3108 5100 loco
3149 5053 3204 5099 et
3241 5043 3434 5099 aﬁ'ectu
3474 5043 3572 5096 ha-

1999 5137 2151 5206 beri;
2181 5136 2318 5192 alias
2348 5150 2581 5206 quarum
2611 5133 2836 5190 inferior
2851 5135 2968 5191 sine
2981 5135 3149 5190 dubio
3165 5135 3218 5189 in
3235 5131 3571 5203 profectibus

1998 5239 2054 5286 et
2079 5228 2373 5285 virtutibus
2416 5228 2593 5283 honor
2624 5235 2729 5292 est,
2779 5226 3212 5283 concubinarum
3245 5225 3363 5280 loco
3406 5223 3568 5288 duci;

2025 5340 2045 5372 ⁸
2085 5341 2216 5397 ibid.
2251 5339 2319 5408 8,
2345 5339 2400 5396 9.
2497 5339 2518 5370 ’
2555 5336 2745 5392 Matth.
2776 5351 2945 5407 xvm,
2989 5339 3076 5393 10.
3170 5337 3191 5368 ³
3228 5335 3373 5390 Psal.
3407 5351 3568 5401 xuv,

1996 5507 2107 5578 qui.
2140 5505 2302 5572 Editi,
2326 5506 2446 5560 ista:
2471 5512 2647 5558 autem
2677 5518 2849 5558 omnes
2880 5502 3182 5557 animarum
3211 5515 3392 5554 earum
3412 5501 3571 5573 diﬁ'e-

1999 5578 2182 5633 rentia:
2207 5585 2349 5640 sunt,
2381 5589 2516 5644 quat.

2075 5647 2185 5716 (46)
2225 5642 2568 5716 Liba-antea
2595 5644 2760 5716 editi.
2789 5642 2940 5696 illam
2966 5642 3200 5716 ﬁguram
3239 5655 3427 5709 corpus
3455 5646 3571 5698 esse

2005 5713 2223 5783 Christi,
2255 5732 2355 5783 qua
2389 5714 2687 5784 Apostolus.
2717 5713 2844 5770 Mss.
2877 5723 2934 5769 ut
2965 5714 3016 5768 iu
3047 5722 3233 5768 nostro
3256 5718 3428 5766 textu.

4065 36 4069 99 l

4065 174 4067 218 I

4065 232 4069 288 ὲ

4065 549 4071 609 l

4081 2908 4087 3007 ⁴
