4236 6282
528 470 628 527 119

1586 458 1909 520 ORIGENIS
1942 460 2010 516 lN
2050 458 2406 521 CANTICUM
2443 457 2720 515 CANTIC.

3677 445 3779 502 1Ξο

522 601 577 648 et
598 592 734 648 alias
752 587 1281 647 adolescentularum
1312 597 1434 653 quae
1457 581 1710 637 videntur
1735 579 2096 637 extra-aulam
2127 584 2171 640 A
2201 576 2307 647 55
2350 575 2637 630 secundum
2671 586 2970 636 numerum,
3012 578 3072 625 ut
3110 568 3219 634 ait,
3266 566 3570 636 angelorum
3605 562 3776 631 Dei’;

523 683 743 753 quidem
793 683 1004 753 positae,
1041 694 1151 734 non
1194 687 1376 733 tamen
1421 686 1572 731 extra
1622 674 1814 730 urbem
1844 673 2046 743 regiam
2081 690 2095 725 :

522 775 854 846 posteriores
881 786 1010 826 vero
1041 780 1097 826 et
1140 778 1266 842 post
1290 783 1484 825 omnes
1522 783 1643 838 quae
1674 781 1839 837 supra
1894 780 2102 820 memo-

521 877 657 926 rata:
687 875 834 932 sunt,
873 879 998 921 esse
1038 879 1133 919 eas
1164 878 1287 933 quae
1307 876 1437 918 oves
1466 861 1826 931 appellantur.
1887 858 1945 912 Si
1973 872 2101 912 vero

527 957 925 1028 perspiciamus
956 955 1248 1021 attentius,
1293 953 1473 1007 adhuc
1513 949 1765 1008 fortassis
1806 950 1970 1004 etiam
2006 948 2103 1003 ha--

525 1063 646 1103 rum
680 1046 924 1101 omnium
959 1044 1271 1100 invenimus
1298 1040 1589 1097 inferiores
1613 1039 1771 1104 alias,
1799 1048 1854 1093 et
1883 1036 2102 1091 ultimas

525 1139 770 1193 omnium
805 1156 818 1193 :
850 1138 973 1193 illas
1002 1135 1216 1193 scilicet
1236 1149 1359 1205 quae
1389 1133 1443 1187 in
1488 1132 1757 1188 sodalium
1783 1129 1905 1200 ejus
1927 1127 2104 1199 gregi-

525 1230 628 1284 bus
661 1236 1043 1283 numerantur.
1078 1224 1161 1287 ,Ει
1186 1225 1291 1295 ipsi
1322 1223 1465 1279 enim
1494 1222 1693 1276 habere
1722 1232 1912 1291 greges
1937 1231 2105 1287 quos—

523 1318 651 1372 dam
679 1317 974 1385 dicuntur,
1014 1317 1071 1372 in
1116 1331 1256 1386 quos
1286 1329 1396 1369 non
1427 1312 1541 1368 vult
1568 1325 1769 1381 sponsa
1800 1309 2101 1371 incurrere,

523 1416 580 1463 et
615 1408 686 1463 ob
727 1409 831 1464 hoc
872 1409 1004 1479 petit
1041 1422 1073 1461 a
1113 1420 1318 1476 sponso
1351 1413 1409 1459 ut
1437 1402 1723 1458 annuntiet
1745 1399 1848 1455 sibi
1888 1398 1978 1453 ubi
2006 1411 2103 1466 pa-

525 1511 674 1568 scat,
710 1500 802 1555 ubi
846 1500 1127 1556 meridiem
1157 1498 1355 1562 faciat,
1391 1513 1490 1564 ne,
1512 1495 1711 1565 inquit,
1741 1493 1938 1562 eﬂiciar
1967 1491 2105 1544 sicut

526 1592 785 1663 adoperta
828 1608 989 1662 super
1038 1607 1216 1662 greges
1242 1589 1510 1644 sodalium
1547 1598 1782 1642 tuorum.
1833 1582 2106 1650 Quaritur

526 1698 658 1754 ergo
685 1682 898 1738 sodales
921 1681 1013 1736 isti
1043 1682 1138 1752 qui
1172 1681 1372 1736 habere
1402 1679 1671 1751 quosdam
1702 1690 1892 1748 greges
1914 1674 2106 1730 dicun-

526 1783 637 1839 tur,
661 1782 845 1828 utrum
878 1787 1082 1843 sponso
1108 1786 1331 1842 operam
1358 1771 1584 1833 dantes,
1607 1777 1660 1824 et
1685 1768 1788 1824 sub
1813 1766 1933 1836 ipso
1959 1765 2107 1820 velut

529 1873 808 1934 pastorum
832 1862 1078 1933 principe
1109 1868 1334 1929 agentes
1360 1861 1466 1915 hoc
1490 1857 1713 1925 faciant,
1762 1854 2106 1927 quandoquio

527 1956 650 2011 dem
676 1953 892 2011 sodales
918 1954 1038 2025 ejus
1062 1953 1415 2008 nominantur
1442 1969 1455 2006 :
1479 1966 1547 2006 an
1572 1948 1851 2021 proprium
1877 1946 2105 2015 aliquid,

528 2055 585 2103 et
616 2055 1024 2118 sequestratum
1057 2045 1342 2111 habentes,
1369 2052 1422 2098 et
1443 2043 1590 2113 quod
1618 2056 1727 2096 non
1752 2040 1824 2097 sit
1843 2055 1966 2095 eum
1990 2039 2110 2093 ani-

531 2156 624 2197 mo
653 2141 839 2211 sponsi
870 2159 883 2195 :
920 2137 1365 2210 quandoquidem
1393 2133 1593 2204 refugit
1615 2147 1839 2203 sponsa,
1876 2140 1930 2185 et
1954 2144 2111 2185 vere-

531 2243 621 2289 tur
646 2247 713 2288 ne
739 2233 875 2288 forte
907 2231 1153 2287 incurrat
1179 2228 1448 2285 sodalium
1479 2238 1669 2297 greges
1691 2224 1819 2280 dum
1847 2236 2110 2294 sponsum

530 2340 692 2381 suum
724 2324 972 2394 requirit.
1007 2323 1113 2377 Sed
1144 2332 1199 2376 et
1227 2321 1374 2391 quod
1396 2319 1536 2374 dixit
1569 2337 1583 2375 τ
1618 2316 1701 2372 Ne
1728 2318 1865 2387 forte
1894 2314 2111 2385 eﬁiciar,

531 2432 640 2471 non
670 2416 951 2485 adoperta,
1000 2414 1097 2470 sed
1133 2415 1271 2468 sicut
1317 2413 1593 2483 adoperta,
1625 2412 1847 2482 require
1873 2424 1943 2463 ne
1973 2408 2115 2462 forte

535 2510 728 2563 innuat
759 2521 857 2576 per
894 2505 999 2560 hoc
1022 2518 1143 2560 esse
1174 2503 1417 2574 aliquam
1457 2502 1543 2557 vel
1586 2500 1801 2571 aliquas
1844 2497 2114 2553 sodalium

533 2600 693 2671 quasi
724 2613 956 2670 sponsas
985 2596 1249 2652 habentes
1283 2595 1454 2651 etiam
1502 2595 1650 2663 ipsas
1676 2591 1920 2645 habitum
1951 2601 2116 2658 spon-

535 2693 730 2755 salem,
762 2697 816 2745 et
842 2704 965 2744 esse
991 2688 1285 2756 adopertas
1304 2727 1319 2748 ,
1345 2693 1400 2738 et
1420 2724 1436 2749 ,
1471 2683 1615 2737 sicut
1638 2680 1935 2750 Apostolus
1960 2678 2111 2743 dicit,
2208 2698 2209 2701 η

536 2783 772 2839 uelamen
799 2788 848 2833 et
872 2787 1186 2847 potestatem
1219 2776 1482 2831 habentes
1516 2788 1672 2842 super
1699 2779 1857 2842 caput
1879 2770 1924 2824 ⁸.
1963 2768 2030 2823 Ει
2059 2776 2119 2823 ιιι

534 2870 877 2928 manifestior
922 2866 1195 2924 sermonis
1224 2866 1392 2937 hujus
1414 2863 1725 2936 explanatio
1767 2861 1880 2929 fiat,
1919 2861 2118 2916 iterum

536 2964 696 3035 quasi
741 2961 1007 3017 dramatis
1055 2960 1250 3016 ordine
1295 2959 1441 3030 quod
1489 2957 1688 3013 dicitur
1728 2967 2117 3024 exsequamur.

448 3048 460 3061 ”
536 3053 794 3125 Exposcit
839 3053 910 3107 ab
954 3051 1074 3122 ipso
1107 3066 1311 3123 sponso
1362 3063 1467 3106 suo
1495 3063 1731 3119 sponsa,
1773 3054 1834 3101 ut
1861 3046 1911 3101 ei
1938 3045 2119 3100 locum

539 3150 735 3205 secreti
762 3146 845 3201 sui
872 3144 1075 3201 indicet
1097 3153 1150 3200 et
1171 3144 1371 3216 quietis
1401 3161 1414 3198 :
1449 3140 1889 3213 quandoquidem
1917 3136 2121 3193 amoris

538 3242 830 3314 impatiens
873 3241 1035 3297 etiam
1082 3254 1180 3311 per
1214 3237 1496 3293 meridiem
1536 3235 1687 3305 cupit
1725 3233 1914 3289 audire
1954 3246 2120 3301 spon-

539 3351 699 3402 sum,
748 3350 813 3390 eo
847 3334 1120 3405 praecipue
1163 3340 1442 3401 tempore,
1491 3343 1600 3400 quo
1645 3326 1846 3382 clarior
1890 3325 2018 3392 lux,
2065 3331 2121 3378 et

541 3426 801 3499 splendor
832 3427 939 3483 diei
974 3424 1248 3497 perlectus
1296 3430 1351 3477 et
1380 3436 1549 3492 purus
1590 3428 1694 3486 est,
1737 3426 1795 3472 ut
1820 3418 2043 3473 assistat
2070 3416 2119 3471 ei

541 3534 672 3575 oves
703 3516 945 3590 pascenti
976 3516 1058 3571 vel
1084 3512 1465 3582 refrigeranti;
1499 3519 1553 3567 et
1577 3510 1823 3566 studiose
1843 3509 1955 3564 vult
1976 3509 2119 3562 viam

542 3617 775 3681 discere,
809 3629 918 3684 qua
948 3613 1025 3667 ire
1048 3610 1115 3665 ad
1146 3624 1272 3665 eum
1297 3608 1521 3672 debeat,
1554 3620 1624 3660 ne
1648 3603 1787 3659 forte
1818 3603 1865 3659 si
1896 3617 2006 3657 non
2034 3600 2123 3655 fu-

541 3711 650 3766 erit
677 3707 872 3764 edocta
900 3704 1115 3761 itineris
1142 3702 1306 3773 hujus
1337 3699 1636 3762 anfractus,
1660 3698 1904 3752 incurrat
1934 3707 2123 3765 greges

541 3803 834 3868 sodalium,
852 3807 906 3855 et
932 3797 1179 3854 videatur
1202 3792 1401 3849 similis
1425 3806 1547 3847 esse
1574 3789 1737 3844 alicui
1760 3788 1977 3842 illarum
2002 3800 2124 3856 quae

544 3899 819 3967 adepcrtze
848 3891 1076 3949 veniunt
1108 3887 1174 3943 ad
1207 3885 1423 3943 sodales
1446 3882 1590 3952 ejus,
1638 3895 1740 3936 nec
1774 3879 2001 3951 pudoris
2027 3894 2122 3933 cu—

549 4003 667 4044 ram
695 3994 907 4057 gerunt,
933 3990 1028 4039 aut
1050 3987 1307 4037 verentur
1328 3975 1533 4049 passim
1558 3974 1883 4035 discurrere,
1906 3982 1960 4026 et
1983 3970 2126 4025 mul-

547 4083 619 4137 tis
648 4092 930 4149 apparere.
1000 4073 1114 4145 Ego
1139 4083 1319 4128 autem
1347 4085 1469 4142 qua:
1497 4084 1528 4123 a
1557 4066 1708 4122 nullo
1729 4105 1743 4129 ,
1779 4064 1985 4135 inquit,
2018 4062 2127 4116 alio

542 4174 720 4231 videri
753 4172 876 4228 volo
918 4168 1023 4225 nisi
1054 4184 1085 4224 a
1113 4176 1164 4224 te
1187 4166 1325 4234 solo,
1370 4164 1513 4221 scire
1561 4160 1811 4217 desidero
1837 4173 1948 4231 quo
1976 4157 2043 4213 ad
2075 4166 2126 4212 te

546 4268 744 4323 itinere
784 4263 1001 4320 veniam
1023 4300 1038 4326 ,
1084 4268 1146 4316 ut
1192 4267 1459 4315 secretum
1492 4256 1603 4321 sit,
1634 4261 1694 4308 ut
1723 4266 1884 4308 nemo
1914 4250 1985 4305 sit
2011 4264 2127 4304 me-

548 4357 696 4420 dius,
730 4363 792 4408 ut
826 4353 1011 4407 nullus
1034 4350 1241 4404 arbiter
1268 4346 1589 4417 peregrinus
1619 4351 1674 4398 et
1695 4343 1908 4397 alienus
1932 4355 2127 4395 occur-

552 4455 656 4501 rat.
700 4445 767 4500 Et
791 4442 934 4497 forte
961 4441 1031 4495 ob
1054 4438 1161 4492 hoc
1191 4436 1421 4504 requirit
1450 4435 1553 4488 ista
1580 4434 1698 4486 loca
1725 4432 1779 4485 in
1804 4432 2003 4501 quibus
2030 4444 2129 4498 pa-

553 4538 657 4592 scit
686 4548 926 4606 sponsus
949 4545 1081 4587 oves
1109 4542 1267 4589 suas,
1313 4534 1368 4580 et
1396 4522 1633 4579 ostendit
1659 4521 1708 4575 ei
1744 4520 2127 4576 verecundiam

2201 679 2256 723 et
2289 669 2377 722 isti
2409 668 2520 723 sint
2544 664 2797 721 fortassis
2825 676 3013 734 greges
3051 658 3319 716 sodalium
3353 656 3562 728 sponsi,
3595 664 3782 727 gentes

2202 761 2412 817 scilicet
2445 767 2675 824 cunctae,
2721 771 2844 828 quae
2888 755 3036 809 velut
3069 767 3265 823 pecora
3307 751 3409 807 sub
3437 749 3645 820 angelis
3688 762 3785 818 pa—

2203 852 2444 909 storibus
2482 850 2791 906 constitutae
2827 854 2984 912 sunt;
3017 859 3145 916 grex
3180 856 3308 897 vero
3333 841 3521 912 sponsi
3564 839 3668 894 illae
3699 838 3784 893 di-

2202 952 2396 1000 cantur
2418 944 2484 997 de
2513 941 2711 1012 quibus
2744 940 2859 1009 ipse
2890 938 2945 992 in
2970 935 3263 1006 Evangelia
3283 934 3416 989 dixit
3449 932 3561 1005 (47)
3601 952 3613 987 :
3653 932 3783 988 Oves

2203 1051 2332 1090 mere
2354 1049 2526 1088 vocem
2546 1047 2713 1086 meam
2735 1030 2957 1084 audiunt
2973 1029 3014 1083 ⁸.
3040 1026 3175 1082 Vide
3196 1026 3340 1082 enim
3364 1035 3418 1080 et
3439 1026 3785 1082 observanter

2203 1127 2457 1190 intende,
2499 1125 2757 1195 quoniam
2806 1122 2944 1177 dixit
2980 1137 2995 1174 :
3031 1119 3159 1175 Oves
3192 1134 3356 1183 meae,
3394 1118 3551 1188 quasi
3593 1118 3703 1173 sint
3732 1124 3787 1172 et

2203 1221 2324 1275 alia:
2354 1235 2485 1277 oves
2532 1234 2654 1290 quae
2684 1232 2791 1273 non
2834 1217 2946 1272 sint
2984 1215 3126 1287 ejus,
3161 1214 3304 1270 sicut
3345 1221 3401 1268 et
3441 1213 3557 1284 ipse
3584 1214 3638 1267 in
3664 1213 3785 1268 aliis

2203 1310 2340 1366 dixit
2367 1326 2382 1365 :
2425 1309 2526 1366 Vos
2548 1310 2683 1364 enim
2706 1324 2809 1362 non
2835 1308 2959 1362 estis
2985 1306 3048 1360 de
3082 1304 3259 1359 ovibus
3285 1306 3410 1359 meis
3436 1305 3476 1358 ’.
3520 1303 3653 1370 Quae
3675 1304 3790 1358 sin-

2207 1403 2335 1473 gula
2361 1402 2490 1457 huic
2514 1400 2730 1456 occulto
2761 1397 3020 1471 mysterio
3048 1395 3431 1452 convenienter
3459 1394 3789 1450 videbuntur

2207 1493 2409 1565 aptari.

2280 1607 2414 1676 Quae
2439 1607 2487 1665 si
2516 1607 2592 1664 ita
2621 1621 2680 1663 se
2703 1605 2929 1671 habent,
2962 1609 3333 1674 competenter
3364 1616 3565 1674 sponsa
3597 1600 3791 1656 unius-

2209 1699 2479 1770 cujusque
2518 1696 2789 1754 sodalium
2837 1709 3054 1766 gregem
3097 1709 3355 1763 sponsam
3395 1692 3515 1762 ejus
3562 1691 3788 1763 intelligi

2208 1790 2418 1855 voluit,
2464 1803 2630 1860 quam
2670 1787 2986 1857 adopertam
3023 1776 3346 1839 nominavit.
3391 1782 3497 1839 Sed
3530 1785 3790 1855 quoniam

2211 1888 2362 1936 certa
2388 1888 2506 1936 erat
2532 1878 2679 1952 quod
2710 1893 2873 1949 super
2910 1889 3099 1930 omnes
3125 1874 3245 1930 illas
3287 1876 3405 1946 ipsa
3448 1885 3630 1942 esset,
3680 1891 3793 1931 non

2212 1974 2326 2030 vult
2359 1973 2555 2029 similis
2595 1971 2766 2027 videri
2801 1971 2964 2026 alicui
2995 1971 3234 2034 illarum,
3269 1978 3455 2039 utpote
3477 1984 3601 2039 quae
3627 1970 3794 2025 sciret

2223 2072 2436 2119 tantum
2469 2078 2529 2119 se
2558 2062 2756 2118 debere
2782 2062 3090 2134 praecellere
3117 2061 3237 2115 illas
3265 2059 3533 2115 sodalium
3563 2075 3796 2131 sponsas

2213 2171 2353 2227 quas
2398 2170 2600 2225 sponsa
2645 2155 2893 2210 nominat
2946 2154 3096 2208 velut
3152 2152 3481 2222 adopertas,
3526 2164 3791 2224 quantum

2214 2248 2520 2305 eminentiae
2569 2262 2807 2318 sponsus
2845 2260 2980 2303 suus
3027 2246 3263 2302 habebat
3306 2247 3374 2303 ad
3414 2247 3648 2304 sodales.
3687 2248 3793 2304 Sed

2214 2349 2269 2396 et
2298 2341 2533 2411 pro‘hoe
2559 2339 2738 2395 adhuc
2779 2339 3053 2394 videbitur
3085 2338 3439 2410 percontandi
3470 2354 3663 2395 causas
3695 2340 3793 2394 ha-

2214 2432 2421 2499 buisse,
2450 2431 2890 2502 quandoquidem
2938 2431 3067 2485 boni
3115 2431 3348 2499 pastoris
3381 2430 3486 2485 scit
3522 2445 3643 2485 esse
3671 2442 3791 2486 stu—

2217 2525 2390 2589 dium,
2432 2534 2495 2579 ut
2524 2525 2726 2593 optima
2763 2524 2961 2578 ovibus
2999 2538 3198 2593 pascua
3231 2522 3503 2593 requirat,
3540 2531 3594 2578 et
3619 2529 3679 2577 ut
3711 2524 3794 2578 vi-

2216 2616 2451 2671 ridantia
2495 2625 2659 2684 atque
2701 2629 2870 2684 opaca
2915 2630 3144 2686 quaeque
3188 2630 3409 2670 nemora
3439 2615 3506 2670 ad
3550 2615 3792 2686 requiem

2217 2704 2501 2761 meridiani
2555 2711 2720 2759 aestus
2766 2704 3026 2759 inveniat.
3101 2704 3259 2771 Quod
3312 2705 3531 2775 quidem
3581 2705 3798 2760 sodales

2218 2798 2407 2871 sponsi
2452 2796 2631 2853 facere
2671 2796 2953 2861 nesciunt,
3000 2811 3099 2851 nec
3137 2797 3193 2850 in
3243 2796 3503 2867 eligendis
3534 2797 3753 2865 pascuis
3781 2836 3797 2861 ,

2219 2898 2313 2946 aut
2345 2887 2587 2945 scientiae
2632 2894 2866 2949 tantum,
2901 2894 2997 2943 aut
3028 2885 3342 2942 solitudinis
3370 2896 3566 2958 gerunt
3594 2906 3606 2941 :
3638 2878 3692 2943 et
3723 2888 3796 2943 ob

2218 2978 2326 3034 hoc
2351 2977 2483 3032 dicit
2513 2995 2525 3032 :
2559 2977 2833 3032 Annunlin
2872 2978 3001 3031 mihi
3032 2977 3120 3031 ubi
3157 2978 3356 3051 pascis,
3380 2977 3470 3031 ubi
3499 2977 3667 3032 cubile
3702 2979 3799 3033 ha-

2221 3071 2306 3125 bes
2352 3070 2409 3123 in
2449 3070 2701 3135 meridie;
2744 3069 2971 3142 cupiens
3017 3080 3230 3138 tempus
3271 3068 3478 3127 scilicet
3522 3070 3655 3125 illud
3686 3085 3798 3142 quo

2220 3163 2492 3234 copiosius
2507 3161 2714 3221 mundo
2745 3161 2927 3216 lumen
2955 3159 3283 3224 infunditur,
3328 3176 3438 3232 quo
3474 3162 3650 3232 magis
3682 3176 3799 3217 me—

2147 3281 2190 3338 c
2221 3271 2319 3311 rus
2350 3265 2435 3311 est
2458 3255 2574 3311 dies
2598 3263 2652 3310 et
2682 3255 2871 3327 purior
2897 3262 2949 3309 et
2973 3252 3315 3309 ﬂorulentior
3339 3263 3421 3308 est
3464 3254 3576 3309 lux.
3632 3252 3799 3319 Tunc,

2222 3351 2429 3421 inquit,
2480 3349 2743 3403 annuntia
2785 3344 2958 3413 mihi,
3012 3361 3041 3400 ο
3088 3354 3143 3399 ιιι
3191 3361 3342 3415 quem
3380 3345 3567 3398 dilexit
3620 3343 3801 3399 anima

2221 3459 2367 3507 mea,
2412 3440 2500 3496 ubi
2542 3442 2749 3511 pascis,
2798 3438 2886 3492 ubi
2927 3436 3095 3492 cubile
3143 3436 3299 3490 habes
3340 3437 3395 3490 in
3444 3437 3696 3501 meridie,
3738 3452 3803 3492 ne

2223 3534 2357 3606 forte
2385 3533 2590 3603 efﬁciar
2619 3541 2674 3584 ut
2699 3530 2952 3599 adoperta
2980 3546 3137 3599 super
3172 3544 3349 3600 greges
3375 3527 3641 3581 sodalium
3685 3537 3804 3581 tuo-

2223 3642 2360 3679 rum.
2399 3623 2553 3679 Novo
2597 3638 2744 3697 nunc
2787 3621 3007 3676 nomine
3055 3636 3256 3691 sponsa
3307 3620 3595 3691 appellavit
3637 3635 3805 3689 spon—

2224 3731 2367 3771 sum.
2401 3715 2592 3771 Sciens
2625 3714 2770 3769 enim
2798 3714 2977 3782 ipsum
3007 3726 3129 3767 esse
3158 3710 3325 3765 filium
3358 3711 3663 3777 charitatis,
3695 3710 3803 3763 imo

2224 3808 2401 3878 ipsum
2429 3822 2549 3862 esse
2574 3805 2899 3861 charitatem
2929 3819 3048 3873 quae
3075 3819 3141 3857 ex
3172 3801 3282 3857 Deo
3314 3811 3418 3867 est,
3452 3801 3611 3872 quasi
3642 3816 3805 3856 voca-

2224 3896 2414 3951 bulum
2442 3896 2493 3952 ei
2530 3895 2675 3951 istud
2721 3894 2905 3967 posuit
2937 3913 2955 3967 ί
2992 3892 3161 3960 Quem
3204 3893 3391 3948 dilexit
3444 3896 3625 3947 anima
3664 3908 3799 3945 nica.

2225 3987 2292 4044 Et
2322 3997 2502 4043 tamen
2532 4002 2641 4041 non
2683 3986 2843 4054 dixit,
2873 4001 3035 4056 quem
3071 3985 3258 4053 dilexi,
3286 3985 3380 4040 sed
3428 4000 3590 4054 quem
3617 3984 3804 4038 dilexit

2226 4080 2408 4136 anima
2438 4095 2595 4145 mea;
2630 4078 2810 4134 sciens
2840 4092 2948 4155 non
2971 4077 3339 4148 qualicunque
3362 4076 3669 4141 dilectione,
3709 4073 3803 4129 sed

2225 4189 2294 4231 ex
2326 4181 2437 4229 tota
2466 4173 2671 4239 anima,
2712 4180 2766 4228 et
2790 4188 2856 4227 ex
2885 4172 3013 4228 totis
3049 4171 3280 4236 viribus,
3322 4179 3375 4225 et
3401 4185 3467 4226 ex
3500 4177 3613 4223 toto
3641 4166 3804 4223 corde

2224 4266 2532 4322 habendam
2564 4281 2686 4321 esse
2722 4265 3064 4321 dilectionem
3104 4262 3310 4333 sponsi.
3347 4259 3447 4316 Ubi
3484 4261 3681 4328 pascis,
3713 4258 3802 4312 in-

2227 4356 2367 4425 quit,
2392 4364 2440 4408 et
2470 4353 2559 4408 ubi
2591 4354 2759 4407 cubile
2786 4353 2965 4406 habes.
3005 4350 3144 4405 Puto
3188 4357 3368 4403 autem
3408 4348 3552 4417 quod
3589 4357 3643 4402 et
3674 4362 3804 4417 pro-

2227 4449 2391 4519 pheta
2425 4445 2492 4500 de
2539 4444 2645 4500 hoc
2676 4444 2795 4499 loco
2832 4457 2994 4515 quem
3039 4455 3186 4496 nunc
3231 4454 3431 4509 sponsa
3470 4438 3683 4494 discere
3734 4440 3803 4497 ab

2230 4540 2351 4610 ipso
2380 4550 2586 4609 sponso
2617 4535 2926 4600 desiderat,
2974 4543 3029 4588 et
3073 4533 3260 4588 audire
3284 4572 3299 4599 ,
3350 4532 3512 4586 etiam
3554 4532 3672 4601 ipse
3703 4532 3808 4587 sub

553 4646 733 4695 8mm,
766 4643 865 4699 Ρτο
888 4640 997 4698 qua
1030 4638 1138 4679 "0“
1162 4619 1277 4675 "un
1303 4618 1583 4673 incurrere
1608 4630 1797 4686 ετρεθε
1824 4615 2124 4684 “Mallum;
2160 4631 2205 4685 D
2231 4630 2422 4686 eodem
2455 4628 2665 4700 positus
2715 4635 2935 4699 pastore
2976 4625 3123 4683 dicat
3166 4643 3181 4681 :
3218 4623 3472 4678 Dominus
3505 4625 3637 4696 regit
3687 4640 3767 4678 me
3789 4666 3807 4693 ,

565 4730 630 4776 ut
656 4721 745 4774 ille
780 4726 1022 4789 segreget
1069 4730 1198 4771 oves
1231 4727 1360 4769 suas
1399 4726 1431 4765 a
1476 4708 1775 4775 sodalibus,
1811 4717 1862 4764 et
1884 4723 2130 4765 seorsum

572 4820 792 4885 pascat;
822 4818 1007 4864 utnon
1034 4808 1210 4865 solum
1236 4820 1438 4877 sponsa
1468 4816 1577 4857 non
1617 4800 1863 4857 videatur
1891 4802 1960 4856 ab
1986 4802 2131 4870 aliis,

552 4904 648 4962 sed
677 4911 730 4957 et
756 4900 973 4955 arcanis
1004 4897 1480 4966 incflabilibusque
1519 4891 1792 4964 mysteriis
1833 4892 2020 4964 sponsi
2044 4909 2132 4950 se-

552 4996 757 5053 (relius
793 4993 1127 5066 perfruatur.
1191 4990 1347 5047 Nune
1373 5005 1503 5061 ergo
1545 4987 1827 5044 videamus
1875 5003 1972 5058 per
2013 4989 2127 5045 sin-

553 5088 715 5161 gula;
752 5094 806 5142 et
847 5085 1023 5156 primo
1071 5084 1289 5155 quidem
1328 5080 1450 5137 vide
1499 5080 1545 5137 si
1583 5094 1877 5151 possumus
1923 5080 2126 5149 dicere,

554 5179 701 5251 quod
744 5177 1013 5234 Dominus
1061 5176 1221 5246 cujus
1264 5175 1443 5245 portio
1489 5172 1594 5228 fuit
1637 5169 1808 5227 Jacob
1837 5181 1891 5228 et
1915 5171 2132 5228 funicu-

558 5275 643 5329 lus
688 5269 1022 5328 haereditatis
1094 5268 1215 5339 ejus
1274 5265 1440 5323 Israel
1495 5266 1553 5331 ⁸,
1622 5264 2133 5336 intelligendus‘sit

557 5382 835 5440 sponsus,
880 5363 1124 5437 _sodales
1171 5375 1302 5417 vero
1354 5359 1478 5429 ejus
1529 5359 1704 5427 angeli
1763 5359 1839 5413 illi
1881 5361 1947 5413 ad
1994 5374 2133 5430 quo-

558 5476 677 5514 runt
730 5471 1023 5514 numerum
1077 5470 1197 5508 cum
1244 5452 1497 5506 divideret
1554 5451 1811 5507 Excetsus
1837 5461 2047 5522 gentes,
2081 5463 2132 5508 et

556 5552 877 5624 dispergeret
931 5547 1073 5619 ﬁlios
1104 5546 1313 5614 Adam,
1366 5544 1557 5598 statuit
1614 5545 1862 5599 terminos
1895 5545 2129 5614 gentium

2235 4720 2350 4776 sive
2388 4730 2450 4775 ut
2494 4720 2549 4775 in
2592 4719 2714 4775 aliis
2754 4718 2987 4789 legimus
3024 4736 3037 4772 :
3091 4716 3350 4772 Dominus
3396 4718 3565 4788 pascit
3613 4734 3713 4785 me,
3759 4727 3808 4771 et

2233 4810 2369 4866 nihil
2390 4809 2517 4863 mihi
2536 4808 2777 4863 deerit“.
2805 4807 2872 4863 Et
2896 4808 3154 4879 quoniam
3177 4808 3383 4865 sciebat
3407 4810 3543 4865 alios
3563 4819 3810 4879 pastores

2233 4905 2320 4958 vel
2363 4901 2599 4973 ignavia,
2639 4900 2727 4957 vel
2770 4902 3046 4973 imperitia
3088 4901 3320 4958 faciente
3359 4918 3548 4974 greges
3580 4902 3633 4955 in
3678 4901 3812 4955 locis

2234 4993 2564 5050 aridioribus
2586 4992 2872 5061 collocare,
2900 4995 2966 5049 de
2988 4995 3091 5050 hoc
3114 4995 3320 5064 optimo
3344 5004 3561 5064 pastore
3582 4992 3813 5045 Domino

2235 5085 2376 5141 dixit
2411 5103 2424 5139 :
2462 5083 2529 5139 In
2551 5084 2665 5139 loco
2695 5083 2852 5138 viridi
2878 5083 2954 5137 ibi
2983 5101 3060 5138 me
3084 5085 3377 5138 collocavit.
3415 5082 3585 5152 Super
3620 5098 3813 5153 aquam

2238 5174 2536 5245 refectionis
2566 5174 2807 5229 educavit
2838 5189 2918 5227 me
2941 5173 3008 5239 “,
3048 5174 3341 5229 ostendens
3369 5181 3642 5242 pastorem
3668 5172 3814 5228 hunc

2238 5282 2349 5323 non
2389 5268 2567 5322 solum
2614 5265 2959 5321 abundantes
3008 5280 3180 5335 aquas
3222 5263 3417 5318 ovibus
3464 5264 3601 5331 suis,
3637 5264 3731 5319 sed
3760 5275 3816 5321 et

2240 5359 2508 5423 salubres,
2539 5367 2593 5413 et
2627 5373 2815 5428 puras.
2851 5365 3049 5426 etquae
3070 5372 3168 5425 per
3205 5355 3387 5409 omnia
3416 5353 3658 5410 reficiant
3682 5371 3809 5426 pro-

2242 5452 2444 5507 videre.
2488 5451 2593 5508 Sed
2631 5453 2891 5523 quoniam
2923 5450 2992 5505 ab
3020 5451 3124 5505 hoe
3152 5457 3296 5505 statu
3328 5463 3437 5520 quo
3466 5458 3524 5504 ut
3562 5449 3680 5507 ovis
3713 5449 3817 5505 sub

2242 5555 2457 5617 pastore
2488 5546 2732 5617 degerat,
2765 5558 3062 5600 conversus
3109 5545 3177 5598 ad
3226 5543 3572 5598 rationabilis
3620 5552 3674 5599 et
3710 5543 3818 5597 ccl-

628 5733 691 5786 ³Ι
722 5733 850 5789 Cor.
876 5749 954 5799 st,
980 5735 1067 5790 10.
1142 5732 1164 5764 ⁵
1200 5733 1355 5788 Deut.
1391 5745 1563 5793 χχιιι,
1594 5729 1648 5786 9.
1723 5730 1743 5760 ⁷
1779 5729 1912 5786 ibid.
1947 5728 2002 5787 8.
2075 5730 2095 5761 ⁸
2126 5728 2164 5784 .1‹

2147 5730 2286 5785 luan.
2320 5744 2372 5794 ιι,
2409 5731 2500 5786 27.
2576 5731 2597 5762 ³
2641 5728 2768 5788 ibid.
2801 5726 2892 5781 26.
2972 5726 3017 5758 ⁸⁰
3046 5724 3190 5781 Psal.
3223 5741 3355 5788 xxu,
3392 5726 3441 5780 l.
3521 5727 3563 5759 “
3598 5724 3727 5781 ibid.
3754 5721 3817 5782 2.

634 5899 744 5971 (57)
787 5899 875 5954 Sir
919 5913 1085 5968 mss.;
1133 5900 1252 5956 libri
1288 5914 1412 5955 vero
1444 5895 1598 5963 editi,
1639 5896 1727 5952 ille
1761 5899 2005 5969 dicatur,
2052 5897 2113 5950 de
2141 5896 2325 5968 quibus
2360 5898 2473 5968 ipsa
2500 5896 2553 5950 in
2586 5891 2868 5964 Evangelia
2910 5888 3111 5946 Veritas
3138 5890 3295 5944 dixit.
