4236 6282
400 350 499 407 1Ξὶ

1716 352 1923 412 LIBER
1966 351 2353 413 SECUNDUS.

3545 358 3666 421 1‘22

402 469 544 525 siora
568 466 820 539 profecit,
852 469 1019 543 idque
1042 470 1273 542 adeptus
1296 478 1383 528 est
1417 485 1516 543 per
1541 471 1980 538 conversionem,
2010 477 2058 532 Α
2085 481 2299 538 tempus
2337 477 2393 525 et
2434 469 2567 524 hora
2601 469 2830 526 visionis
2865 466 3158 542 Scriptura:
3189 473 3401 546 paginis
3438 475 3668 535 manda.

400 558 677 629 subjnngit
699 569 756 614 et
782 560 917 615 dicit
950 579 964 616 :
995 562 1241 616 Animam
1267 577 1437 617 meam
1462 561 1735 616 convertit.
1781 559 1980 615 Eduxit

395 667 478 705 me
518 667 676 721 super
724 654 945 707 semitas
980 655 1214 724 justitia:
1259 663 1471 725 propter
1515 670 1701 709 nomen
1730 670 1884 708 suum
1914 655 1977 708 ".

392 742 535 799 Hinc
566 749 701 799 vero
730 745 1171 815 quandoquidem
1211 746 1267 801 in
1298 746 1402 801 hoc
1440 744 1748 816 profecerat
1792 754 1852 801 ut
1887 745 1980 815 ju-

391 837 559 894 stitiae
601 838 876 895 incederet
907 840 1047 905 vias,
1071 840 1285 911 justitia
1319 846 1503 894 autem
1534 839 1699 894 habet
1727 838 1846 895 sine
1877 838 1981 894 du-

390 928 484 983 bio
508 929 916 1001 impugnanteni
948 946 1007 986 se
1029 930 1378 1002 injustitiam,
1409 938 1465 986 et
1486 944 1716 985 necesse
1741 937 1825 985 est
1854 943 1981 984 eum

389 1018 487 1089 qui
520 1019 749 1088 justitia:
798 1021 902 1076 iter
934 1020 1136 1076 incedit
1190 1022 1393 1076 habere
1440 1034 1652 1091 pugnas
1689 1020 1985 1073 adversan-

394 1111 559 1174 tium,
596 1109 701 1165 ﬁde
734 1125 1035 1167 conversus
1062 1121 1117 1167 et
1140 1126 1236 1182 spe
1260 1111 1391 1166 dicit
1411 1110 1479 1166 de
1507 1111 1588 1167 eis
1623 1129 1636 1164 :
1668 1108 1812 1163 Nam
1845 1118 1898 1164 et
1935 1110 1984 1165 si

394 1199 662 1255 ambulem
697 1202 751 1255 in
781 1190 952 1256 medio
997 1203 1199 1257 umbra:
1223 1203 1432 1266 mortis,
1471 1216 1574 1254 non
1601 1199 1789 1254 timebo
1815 1199 1981 1266 mala,

392 1293 646 1364 quoniam
670 1302 726 1347 tu
750 1309 949 1353 mecum
969 1309 1023 1347 es
1046 1293 1110 1344 ¹³.
1136 1292 1270 1348 Post
1294 1293 1410 1347 haec
1428 1306 1557 1347 vero
1575 1291 1731 1362 quasi
1754 1291 1982 1360 gratiam

396 1381 640 1437 referens
669 1382 720 1436 ei
743 1382 835 1453 qui
861 1397 921 1437 se
947 1383 1316 1453 pastoralibus
1340 1383 1611 1439 imbuerat
1634 1374 1936 1452 disciplinis
1967 1399 1979 1435 :

408 1470 589 1542 Virga,
620 1472 816 1543 inquit,
852 1481 944 1526 tua
977 1483 1027 1527 et
1053 1472 1270 1528 baculus
1302 1482 1446 1542 tuus,
1474 1472 1676 1543 quibus
1700 1472 1983 1528 institutus

395 1564 585 1621 videor
604 1563 672 1620 ad
695 1566 932 1635 pastoris
952 1566 1209 1632 olﬁcium,
1233 1569 1350 1638 ipsa
1372 1583 1454 1621 me
1476 1566 1751 1621 consolata
1771 1574 1896 1620 sunt
1914 1565 1978 1620 ⁸⁸.

397 1654 539 1710 Hinc
580 1671 711 1712 vero
740 1658 833 1713 ubi
876 1673 935 1715 se
978 1674 1010 1714 a
1057 1660 1427 1730 pastoralibus
1458 1659 1608 1715 videt
1652 1660 1872 1731 pascuis
1912 1657 1983 1713 ad

396 1748 751 1804 rationabiles
779 1750 934 1806 cibos
962 1742 1037 1806 et
1075 1752 1325 1822 mystica
1351 1757 1562 1807 secreta
1617 1751 1943 1807 translatum
1965 1792 1980 1817 ,

2085 569 2258 624 retur,
2289 559 2393 615 nisi
2419 567 2474 614 et
2505 559 2655 614 horae
2683 560 2841 616 iStius
2879 570 2936 617 et
2978 565 3233 633 temporis
3280 567 3419 622 ratio
3460 568 3663 639 aliquid

2085 650 2362 707 conferret
2394 650 2461 705 ad
2494 650 2779 706 scientiam
2805 650 2932 707 ﬁliis
2963 651 3216 714 Abrahae,
3245 656 3444 724 quibus
3475 658 3660 728 utique

2085 745 2227 799 sicut
2252 758 2416 813 opera
2441 743 2676 797 Abrahae
2703 741 2972 809 facienda,
3001 744 3073 800 ita
3100 754 3156 799 et
3188 746 3522 805 visitationes
3548 751 3666 806 istae

2085 834 2368 904 sperandae
2404 843 2552 890 sunt.
2593 833 2700 901 Qui
2731 835 2875 890 enim
2903 844 3082 906 potest
3103 838 3286 893 dicere
3318 858 3331 893 :
3369 839 3491 894 Non:
3525 858 3663 911 prte-

2087 928 2278 993 cessit,
2316 927 2427 981 dies
2462 937 2639 981 autent
2673 929 3154 999 appropinquavit,
3185 932 3321 985 sicut
3358 933 3413 985 in
3456 934 3542 987 die
3572 937 3665 987 ho-

2086 1022 2231 1070 neste
2265 1015 2618 1080 ambulemus,
2654 1034 2758 1071 non
2814 1019 2871 1071 in
2925 1020 3396 1075 comessationibus
3426 1032 3474 1076 et
3504 1021 3667 1076 ebrie-

2089 1106 2306 1175 tatibus,
2340 1125 2444 1162 non
2472 1109 2527 1161 in
2556 1108 2815 1163 cubilibus
2845 1118 2894 1163 et
2919 1110 3289 1180 impudicitiis,
3330 1129 3434 1167 non
3459 1115 3515 1168 in
3545 1130 3671 1170 con-

2088 1198 2317 1253 tentione
2341 1208 2392 1252 et
2410 1198 2749 1253 aemulatione
2775 1201 2849 1265 ‘9;
2886 1208 2939 1254 et
2973 1214 3099 1255 cum
3131 1202 3248 1257 lucc
3275 1204 3460 1259 omnia
3495 1213 3672 1262 trans-

2087 1289 2229 1355 ierit,
2267 1307 2653 1362 supergressus
2677 1291 2948 1347 videbitur
2987 1301 3200 1364 tempus
3239 1295 3343 1351 hoc
3382 1299 3527 1367 quod
3560 1315 3668 1355 nox

2084 1382 2382 1450 praecessit,
2413 1391 2468 1438 et
2508 1382 2626 1438 dies
2652 1384 3132 1454 appropinquavit,
3180 1394 3233 1441 et
3269 1385 3528 1445 festinare
3559 1405 3665 1444 non

2083 1473 2153 1528 ad
2184 1472 2399 1528 initium
2448 1474 2592 1542 diei,
2641 1475 2734 1530 sed
2783 1476 2851 1531 ad
2897 1475 3214 1542 meridiem,
3251 1487 3310 1533 ut
3355 1489 3410 1535 et
3455 1481 3569 1551 ipse
3600 1484 3665 1537 ad

2084 1563 2316 1634 gratiam
2343 1565 2625 1635 perveniat
2652 1565 2906 1621 Abrahae.
2940 1564 2995 1621 Si
3026 1568 3170 1621 enim
3204 1569 3295 1623 lux
3323 1585 3446 1640 qua:
3467 1571 3520 1624 in
3549 1572 3668 1642 ipso

2084 1666 2169 1713 est
2211 1658 2411 1714 mentis
2456 1667 2512 1713 et
2557 1659 2765 1728 paritas
2803 1659 2988 1715 cordis
3013 1659 3159 1715 clara
3198 1659 3367 1716 fuerit
3400 1671 3454 1717 et
3488 1663 3670 1733 splen-

2086 1747 2235 1813 dida,
2262 1748 2364 1804 iste
2389 1748 2761 1803 meridianum
2778 1754 2994 1818 tempus
3032 1748 3089 1803 in
3138 1750 3434 1819 semetipso
3468 1750 3668 1806 habere

397 1837 549 1893 addit
576 1847 631 1895 et
659 1840 844 1896 subdit
878 1859 893 1897 :
928 1841 1150 1898 Parasti
1176 1845 1232 1899 in
1271 1852 1551 1914 conspectu
1593 1859 1705 1898 meo
1749 1860 1984 1899 mensam
2015 1833 2057 1888 Β
2084 1839 2386 1906 videbitur;
2437 1847 2493 1895 et
2521 1854 2613 1909 per
2656 1837 2801 1893 hanc
2834 1839 3126 1909 puritatem
3158 1839 3375 1906 cordis,
3413 1840 3571 1910 quasi
3611 1841 3667 1896 in

396 1928 646 1984 adversus
685 1947 770 1985 eos
811 1933 901 2002 qui
935 1933 1194 1987 tribulant
1239 1951 1340 1989 me.
1383 1933 1739 2004 lmpinguasti
1783 1935 1839 1987 in
1871 1933 1984 1989 oleo
2085 1930 2312 1985 meridie
2339 1930 2549 2000 positus
2592 1927 2762 1983 Deum
2794 1927 3031 1993 videbit,
3064 1929 3260 1985 sedens
3304 1930 3373 1984 ad
3405 1946 3670 2000 quercum

401 2029 561 2089 caput
588 2022 791 2086 meum,
834 2033 881 2077 et
909 2024 1157 2093 poculum
1201 2033 1348 2077 tuum
1385 2024 1499 2095 (48)
1530 2025 1799 2079 inebrians
1828 2042 1989 2095 quam
2088 2020 2370 2082 Mambl‘e.
2413 2018 2563 2087 (ιιιοά
2607 2019 2675 2073 ad
2739 2020 3007 2073 ViSioncm
3052 2020 3459 2088 inlel‘pl'elalur-
3513 2021 3672 2090 Apud

402 2109 719 2181 praclarum
753 2111 868 2166 est!
900 2112 971 2165 Et
1008 2114 1375 2168 misericordia
1407 2123 1500 2168 tua
1535 2114 1881 2185 subsequetur
1910 2131 1990 2170 me
2088 2110 2356 2165 visionem
2400 2124 2532 2179 ergo
2571 2109 2722 2164 sedet
2758 2109 2814 2163 in
2863 2110 3123 2176 meridie,
3164 2111 3258 2180 qui
3290 2122 3450 2167 vocat
3490 2113 3557 2167 ad
3599 2114 3675 2167 vi-

401 2201 649 2256 omnibus
689 2202 871 2256 diebus
917 2205 1040 2259 vita:
1075 2221 1239 2273 mete,
1293 2214 1352 2259 ut
1387 2205 1679 2260 inhabilem
1728 2208 1785 2260 in
1835 2209 1990 2261 domo
2091 2203 2326 2257 dendum
2354 2201 2546 2257 Deum.
2584 2201 2715 2256 Inde
2743 2202 2979 2273 denique
3019 2218 3131 2258 non
3172 2204 3375 2261 dicitur
3398 2206 3543 2261 intra
3589 2214 3675 2263 la-

398 2293 618 2348 Domini
649 2296 702 2349 in
737 2293 1124 2366 longitudinem
1149 2298 1358 2351 dierum
1384 2298 1445 2353 ¹⁵.
1487 2296 1582 2354 Illa
1627 2313 1757 2369 ergo
1788 2300 1985 2369 prima,

398 2382 453 2437 id
492 2390 579 2438 est
628 2385 921 2453 pastoralis
949 2384 1251 2449 institutio,
1290 2386 1448 2442 initio
1475 2404 1668 2443 eorum
1697 2389 1819 2457 fuit,
1846 2400 1907 2445 ut
1931 2390 1985 2444 in

396 2473 518 2528 loco
551 2474 703 2529 viridi
733 2476 1248 2547 collocatus,'super
1273 2492 1475 2547 aquam
1509 2476 1822 2536 refcctionis
1852 2481 1985 2536 edu-

396 2572 634 2619 caretur.
688 2564 817 2621 Haec
868 2582 997 2622 vero
1045 2582 1169 2637 quae
1219 2576 1525 2637 sequuntur
1553 2568 1620 2623 de
1647 2569 1982 2640 profectibus

398 2657 467 2711 ad
498 2656 885 2727 perfectionem
931 2658 1307 2729 requiruntur.
1361 2657 1428 2712 Et
1475 2660 1734 2730 quoniam
1779 2662 1847 2717 de
1883 2677 1981 2732 pa-

398 2748 547 2804 scuis
574 2757 630 2802 et
661 2749 935 2805 viriditate
989 2749 1402 2820 proposuimus,
1453 2753 1785 2808 conveniens
1814 2754 1980 2809 etiam

398 2837 615 2894 videtur
635 2839 703 2893 de
731 2836 1041 2909 Evangeliis
1069 2842 1394 2895 conﬁrmare
1429 2856 1554 2910 qua:
1581 2841 1841 2897 diximus.
1894 2842 1983 2898 ln-

401 2930 523 2985 veni
569 2930 734 2986 etiam
771 2930 845 2985 ibi
891 2939 1165 3000 pastorem
1210 2932 1359 2989 hunc
1397 2933 1602 2989 bonum
1648 2932 1716 2988 de
1763 2935 1982 3004 pascuis

398 3020 583 3073 ovium
613 3020 992 3087 disserentem,
1040 3021 1135 3075 ubi
1165 3021 1233 3075 ad
1268 3021 1373 3078 hoc
1419 3023 1566 3092 quod
1617 3032 1890 3092 pastorem
1923 3040 1983 3081 se

400 3112 704 3181 profitetur,
751 3113 915 3168 etiam
962 3113 1164 3169 ostium
1214 3128 1275 3168 se
1317 3128 1440 3169 esse
1474 3125 1874 3172 commemorat
1928 3126 1983 3173 et

2089 2297 2465 2362 bemaculum,
2510 2296 2603 2352 sed
2633 2296 2768 2351 loris
2813 2295 2882 2350 ad
2929 2296 3126 2351 ostium
3174 2298 3365 2354 sedere
3412 2299 3670 2354 taberna-

2088 2384 2216 2439 culi.
2256 2383 2415 2439 Foris
2452 2384 2655 2440 etenim
2702 2392 2788 2440 est
2832 2393 2989 2440 extra
3031 2401 3231 2456 corpus
3283 2388 3462 2458 posita
3514 2405 3671 2444 mens
3706 2428 3713 2433 -

2084 2470 2205 2540 ejus
2248 2472 2342 2541 qui
2391 2473 2551 2542 longe
2588 2482 2671 2528 est
2712 2487 2744 2526 a
2791 2474 3167 2542 corporalibus
3207 2477 3671 2547 cogitationibus,

2084 2561 2244 2634 longe
2276 2577 2306 2616 a
2341 2564 2657 2621 carnalibus
2691 2563 3009 2631 desideriis,
3030 2576 3083 2622 et
3125 2567 3247 2623 ideo
3270 2569 3340 2623 ab
3382 2568 3469 2625 his
3493 2569 3675 2624 omni-

2068 2652 2187 2711 .bus
2235 2653 2650 2725 fnrispositum
2699 2659 2886 2714 visitat
2926 2659 3089 2716 Deus.
3144 2659 3400 2729 Ejusdem
3452 2677 3672 2732 quoque

2084 2747 2329 2816 mysterii
2370 2756 2473 2813 est,
2500 2750 2647 2819 quod
2691 2759 2746 2806 et
2776 2751 2978 2823 Joseph
3019 2750 3215 2809 fratres
3255 2768 3389 2809 suos
3417 2769 3541 2809 cum
3571 2770 3671 2810 su-

2084 2838 2349 2907 scepisset
2397 2838 2451 2893 in
2497 2838 2753 2911 Egypto,
2796 2843 2853 2897 in
2898 2843 3124 2898 meridie
3153 2859 3249 2900 eos
3288 2845 3482 2915 pascit,
3518 2854 3573 2900 et
3612 2846 3669 2901 in

2082 2927 2310 2982 meridie
2357 2929 2589 2984 adorant
2626 2946 2754 2986 eum
2805 2947 2931 2987 cum
2988 2936 3327 2991 muneribus.
3377 2936 3670 3007 Propterea

2083 3016 2318 3087 denique
2364 3028 2496 3089 puto
2541 3021 2693 3078 etde
2736 3022 2823 3079 his
2866 3039 2990 3094 qua:
3031 3023 3202 3081 Judaei
3245 3028 3298 3081 in
3329 3027 3665 3084 Salvatorcm

2085 3111 2499 3178 commiserunt,
2523 3113 2733 3169 nullum
2759 3118 3218 3188 evangelistarum
3256 3120 3498 3177 voluisse
3532 3122 3669 3177 scri-

399 3177 533 3259 dicit
567 3222 583 3261 :
617 3177 731 3275 Ego
749 3221 866 3258 sum
913 3206 1142 3271 ostium;
1181 3222 1274 3276 per
1315 3222 1397 3260 me
1426 3207 1474 3261 si
1512 3207 1630 3278 quis
1677 3208 1980 3278 introierit,
2010 3177 2055 3235 δ
2088 3201 2234 3270 bere,
2263 3203 2393 3272 quia
2416 3204 2646 3260 meridie
2676 3206 2790 3273 haec
2812 3218 2962 3277 gesta
2990 3219 3119 3265 sunt
3146 3225 3271 3264 cum
3296 3208 3486 3281 utique
3517 3221 3671 3268 sexta

399 3299 728 3365 salvabitur,
773 3308 824 3353 et
856 3300 1200 3371 ingredietur,
1238 3308 1289 3355 et
1324 3301 1654 3371 egredietur,
1697 3310 1746 3356 et
1781 3319 1982 3373 pascua

402 3391 622 3445 inveniet
641 3391 705 3443 η.
752 3390 908 3447 Hunc
934 3393 1095 3447 etiam
1123 3408 1270 3448 nunc
1293 3407 1495 3463 sponsa
1517 3402 1888 3464 percontatur,
1925 3404 1985 3451 ut

401 3482 471 3536 ab
508 3498 574 3537 eo
603 3482 791 3538 audiat
828 3490 883 3538 et
912 3483 1089 3539 discat
1114 3484 1168 3537 in
1200 3484 1402 3554 quibus
1440 3485 1660 3554 pascuis
1684 3501 1812 3542 oves
1837 3495 1981 3557 agat,

404 3573 484 3627 vel
531 3574 587 3628 in
635 3574 837 3643 quibus
890 3575 1300 3630 amoenitatibus
1344 3576 1678 3632 meridianos
1726 3587 1986 3648 procuret

402 3673 602 3731 aestus;
642 3666 926 3722 meridiem
971 3668 1250 3737 appellans
1303 3667 1395 3723 illa
1443 3668 1655 3725 scilicet
1688 3671 1870 3727 cordis
1898 3686 1984 3727 se-

401 3766 567 3825 creta,
602 3756 804 3826 quibus
829 3756 1115 3812 clariorem
1144 3757 1385 3814 scientiae
1412 3759 1590 3815 lucem
1621 3774 1654 3814 a
1680 3758 1858 3816 Verbo
1889 3760 1982 3816 Dei

402 3846 584 3900 anima
611 3846 990 3916 consequitur.
1024 3843 1139 3902 Hoc
1167 3847 1315 3902 enim
1347 3857 1564 3921 tempus
1608 3858 1695 3907 est
1742 3866 1853 3922 quo
1899 3853 1984 3908 sol

400 3937 757 3993 excelsiorem
788 3936 1055 3994 circuitus
1083 3939 1168 3993 sui
1189 3940 1448 3995 verticem
1481 3949 1645 3998 tenet.
1677 3941 1735 3998 Si
1762 3944 1984 4013 quando

406 4043 535 4099 ergo
579 4030 660 4083 sol
700 4029 931 4100 justitiar
958 4030 1212 4085 Christus
1240 4030 1500 4087 Ecclesiae
1530 4050 1645 4089 sure
1671 4037 1886 4091 excelsa
1933 4046 1988 4091 et

408 4122 576 4175 ardua
604 4123 863 4177 virtutum
895 4136 1121 4176 suarum
1153 4129 1362 4176 secreta
1393 4122 1741 4187 manifestat,
1772 4140 1988 4180 amoena

306 4252 319 4265 .
407 4226 605 4281 pascua
624 4213 930 4282 cubiliaque
953 4212 1253 4267 meridiana
1276 4212 1546 4267 videbitur
1573 4212 1818 4270 edocere.
1852 4212 1988 4271 Nam

402 4319 526 4359 cum
571 4306 752 4360 adhuc
791 4303 943 4358 initia
987 4302 1150 4358 habet
1194 4302 1461 4372 discendi,
1497 4304 1780 4375 etprima,
1818 4304 1984 4361 utrita

402 4395 603 4461 dicam,
637 4396 706 4451 ab
731 4409 797 4450 eo
836 4393 1079 4449 scientiae
1114 4394 1346 4464 suscipit
1372 4395 1702 4463 rudimenta,
1733 4404 1863 4454 tunc
1897 4399 1985 4455 diu

2085 3294 2222 3349 hora
2248 3310 2357 3349 non
2388 3295 2533 3350 aliud
2560 3311 2724 3366 quam
2764 3298 3123 3354 meridianum
3154 3309 3371 3371 tempus
3395 3302 3668 3367 ostendat,

2084 3386 2270 3442 nullus
2316 3394 2499 3441 tamen
2542 3388 2824 3443 meridiem
2864 3391 3188 3448 nominavit.
3243 3391 3349 3447 Sed
3386 3393 3671 3450 Mattheus

2085 3475 2160 3530 ita
2188 3476 2325 3530 dixit
2355 3493 2368 3531 :
2400 3475 2480 3529 Ab
2519 3476 2651 3530 liora
2687 3487 2866 3532 autem
2906 3491 3059 3535 sexta
3099 3483 3324 3536 tenebrae
3360 3483 3518 3552 facta
3548 3492 3672 3536 sunt

2083 3583 2239 3637 super
2276 3584 2481 3622 omnem
2522 3578 2719 3623 terram
2748 3587 2910 3642 usque
2936 3572 2988 3626 in
3020 3573 3209 3627 horam
3248 3590 3442 3627 nonam
3470 3574 3537 3625 '°.
3571 3573 3674 3629 Lu-

2084 3672 2179 3714 cas
2222 3674 2395 3714 vero:
2438 3659 2571 3713 Erat
2599 3661 2717 3730 jam
2764 3663 2918 3733 quasi
2956 3662 3086 3717 hora
3124 3673 3307 3731 sexta,
3358 3674 3407 3718 et
3449 3667 3672 3721 tenebra:

2085 3751 2242 3822 [acut
2283 3762 2404 3806 sunt
2439 3769 2594 3822 super
2616 3770 2822 3809 omnem
2859 3764 3053 3808 terram
3081 3771 3242 3824 usque
3279 3757 3333 3809 in
3359 3756 3546 3810 horam
3576 3774 3672 3812 no-

2085 3860 2208 3897 nam
2240 3844 2511 3914 deﬁciente
2548 3845 2657 3899 sole
2686 3847 2753 3898 ²¹.
2796 3844 2904 3899 Sed
2937 3853 2988 3899 et
3021 3844 3241 3901 Marcus
3281 3864 3294 3901 :
3326 3846 3459 3902 Cum
3494 3858 3672 3903 autem

2084 3944 2217 3990 esset
2249 3936 2395 4006 facta
2427 3937 2560 3992 hora
2585 3947 2757 4005 sexta,
2793 3937 3015 3992 tenebrae
3039 3942 3198 4008 [astte
3228 3950 3349 3994 sunt
3381 3957 3537 4010 super
3560 3957 3675 3995 ont-

2089 4042 2207 4079 nem
2241 4036 2436 4080 terram
2466 4044 2631 4095 usque
2667 4029 2720 4080 in
2764 4028 2949 4081 horam
2980 4046 3172 4084 nouant
3205 4033 3271 4084 ²².
3315 4030 3470 4086 Unde
3503 4047 3672 4101 appa-

2088 4124 2190 4182 ret,
2214 4116 2345 4184 quia
2375 4116 2431 4169 in
2470 4115 2781 4173 visitatione
2825 4118 3043 4187 quidem
3084 4121 3339 4185 Abrahae,
3372 4130 3426 4175 et
3457 4121 3512 4174 in
3539 4136 3673 4176 con-

2087 4206 2234 4261 vivio
2280 4206 2715 4276 patriarcharum
2748 4207 2892 4278 apud
2927 4206 3128 4280 Joseph
3162 4224 3271 4264 non
3304 4209 3582 4282 indigebat
3613 4221 3674 4267 ut

2089 4307 2304 4370 tempus
2344 4298 2489 4354 istud
2529 4299 2630 4355 sub
2662 4303 2884 4357 nomine
2912 4302 3053 4377 sexti
3086 4303 3299 4357 numeri
3337 4301 3674 4374 signiﬁcare-

2085 4399 2194 4461 tur,
2233 4390 2330 4447 sed
2367 4398 2429 4446 ut
2463 4392 2719 4449 meridies
2744 4394 3035 4452 diceretur.
3069 4392 3306 4449 Volebat
3336 4395 3484 4450 enim
3515 4410 3674 4465 spon-

403 4491 479 4546 eit
518 4488 789 4560 Propheta
827 4507 843 4545 :
896 4488 965 4543 Et
1021 4487 1295 4558 adjuvabit
1323 4503 1442 4541 eam
1464 4505 1617 4544 mane
1650 4491 1886 4547 diluculo
1916 4492 1981 4548 ³⁷.
2015 4518 2064 4579 D
2089 4498 2171 4551 sa,
2206 4498 2328 4553 quae
2343 4482 2456 4553 jam
2483 4492 2612 4540 tunc
2637 4485 2692 4541 in
2722 4485 2832 4541 illis
2866 4486 3318 4552 adumbrabatur,
3346 4487 3558 4541 discere
3583 4487 3672 4541 ubi

404 4578 561 4635 Nunc
603 4595 736 4651 ergo
771 4578 900 4649 quia
943 4577 1267 4649 perfectiora
1303 4577 1419 4648 jam
1448 4579 1663 4649 quaerit,
1712 4589 1767 4636 et
1806 4581 1985 4637 excel-

404 4672 546 4727 siora
580 4673 873 4741 desiderat,
910 4673 1268 4728 meridianum
1306 4671 1550 4727 scientia:
1596 4672 1778 4728 lumen
1816 4688 1980 4745 expov

404 4765 523 4820 scit.
559 4763 697 4819 llinc
730 4772 864 4834 puto
895 4772 950 4820 et
999 4763 1231 4819 Abrahae
1261 4771 1385 4832 post
1415 4761 1618 4819 multas
1650 4763 1986 4821 eruditiones

402 4857 605 4927 quibus
632 4872 901 4927 apparens
930 4857 978 4912 ei
1012 4857 1153 4911 Deus
1189 4855 1386 4910 imbuit
1414 4871 1540 4911 eum
1573 4857 1639 4911 de
1666 4856 1898 4927 singulis
1931 4866 1987 4912 et

402 4948 630 5014 docuit,
684 4958 808 5019 post
852 4947 1087 5003 refertur
1136 4948 1266 5017 quia
1312 4948 1465 5003 visus
1500 4947 1572 5003 sit
1621 4949 1673 5002 ei
1723 4947 1869 5004 Deus
1916 4949 1985 5005 ad

404 5055 667 5111 quercum
716 5041 960 5097 Mamhre
1002 5039 1209 5096 sedenti
1240 5039 1349 5112 56
1379 5040 1448 5096 ad
1477 5028 1680 5096 ostitim
1727 5041 1986 5105 taberna-

407 5133 518 5188 culi
544 5133 626 5188 sui
653 5134 897 5191 meridie.
933 5133 1003 5187 Et
1050 5133 1354 5201 respiciens,
1389 5132 1590 5202 inquit,
1634 5133 1803 5188 oculis
1852 5134 1985 5202 suis,

409 5226 568 5291 vidit,
614 5235 664 5280 et
710 5242 826 5280 ecce
860 5235 962 5280 tres
1002 5225 1102 5279 viri
1132 5222 1347 5278 stabant
1382 5237 1543 5293 super
1577 5237 1697 5278 eum
1723 5223 1789 5278 ⁸⁸.
1831 5223 1989 5291 Quod

411 5318 455 5371 si
478 5317 750 5372 credimus
778 5319 895 5373 haec
920 5333 1014 5388 per
1043 5316 1308 5387 Spiritum
1336 5323 1587 5372 sanctum
1615 5316 1842 5386 scripta,
1878 5332 1986 5372 non

414 5415 543 5474 puto
588 5406 791 5463 frustra
836 5407 1106 5479 placuisse
1154 5406 1342 5463 divino
1398 5405 1663 5479 Spiritui,
1716 5416 1777 5463 ut
1823 5407 1988 5463 etiam

486 5564 530 5596 ¹²
559 5562 707 5622 Psal.
736 5581 874 5630 xm,
904 5568 957 5621 5.
1036 5568 1081 5600 ¹³
1119 5568 1253 5623 ibid.
1285 5568 1340 5623 4.
1419 5567 1464 5600 ¹⁸
1509 5566 1640 5623 ibid.

2088 4584 2335 4646 pasceret
2377 4590 2646 4646 sponsus,
2692 4588 2748 4633 et
2783 4577 2874 4631 ubi
2919 4579 3144 4632 haberet
3188 4577 3401 4644 cubile,
3453 4587 3507 4634 et
3551 4579 3674 4635 ideo

2085 4669 2371 4725 meridiem
2417 4671 2684 4725 nominat.
2744 4669 3103 4743 Evangelista:
3145 4686 3278 4726 vero
3320 4673 3375 4727 itt
3425 4672 3510 4727 his
3553 4689 3676 4743 quae

2082 4760 2406 4827 narrabant,
2439 4776 2547 4815 non
2578 4761 2942 4816 meridianum
2980 4763 3507 4832 tempus,sedhora:
3540 4777 3675 4817 sex-

2084 4862 2153 4908 ta:
2220 4867 2508 4909 numerum
2547 4853 2934 4925 requirebant,
2973 4855 3040 4910 ad
3072 4856 3441 4910 enarrandum
3470 4855 3677 4911 scilicet

2089 4946 2419 5001 sacriﬁcium
2457 4945 2648 5002 hostia:
2682 4945 2824 5015 ejus,
2860 4959 2983 5015 quae
3013 4945 3195 5001 oblata
3231 4956 3316 5002 est
3347 4946 3403 5000 in
3445 4945 3532 5001 die
3577 4945 3678 5001 Pa-

2090 5038 2238 5094 scha:
2264 5053 2364 5108 pro
2404 5036 2781 5108 redemptione
2814 5035 3089 5105 hominis,
3137 5038 3233 5107 qui
3286 5039 3340 5091 in
3386 5037 3475 5091 die
3521 5046 3673 5092 sexta

2085 5131 2355 5188 formatus
2402 5144 2540 5187 esta
2586 5130 2740 5196 Deo,
2801 5141 3158 5202 posteaquam
3227 5141 3372 5186 terra
3417 5132 3675 5201 produxit

2086 5224 2327 5280 animam
2355 5224 2626 5281 viventem
2673 5224 2974 5281 secundum
3013 5241 3205 5295 genus,
3253 5223 3627 5293 quadrupedia
3654 5265 3671 5291 ,

2085 5326 2141 5373 et
2179 5318 2457 5389 repentia,
2504 5328 2559 5373 et
2601 5316 2806 5373 beStias
2860 5327 3039 5372 terrae.
3091 5314 3175 5371 0h
3240 5317 3346 5369 hoc
3406 5315 3571 5386 igitur
3616 5315 3675 5370 in

2089 5410 2347 5478 praesenti
2388 5408 2512 5464 loco
2567 5407 2867 5465 illuminari
2919 5422 3120 5478 sponsa
3169 5406 3446 5463 desiderat
3504 5410 3670 5479 pleno

1720 5568 1763 5600 "
1795 5567 1924 5625 ibid.
1958 5568 2012 5634 5,
2041 5569 2091 5623 fi.
2176 5569 2220 5600 “
2254 5567 2413 5624 Joan.
2443 5585 2495 5629 χ,
2523 5569 2575 5624 9.
2653 5568 2696 5599 ⁸⁷
2725 5564 2870 5622 Psal.
2902 5580 3007 5619 ην
3057 5564 3109 5621 6.
3190 5566 3233 5598 "
3263 5564 3396 5621 Gen.
3430 5581 3581 5636 xvttt,
3616 5562 3675 5621 '2.

420 5631 462 5665 ¹⁹
488 5633 644 5689 Rom.
690 5651 811 5703 nn,
841 5636 928 5700 12,
963 5638 1049 5692 l5.
1103 5640 1148 5671 ²⁰
1176 5634 1367 5694 Matth.
1404 5654 1576 5707 xxvu,
1608 5639 1699 5695 45.
1776 5639 1817 5670 ἰ
1846 5631 2006 5695 ιυε.’

2089 5654 2172 5705 ut,
2199 5638 2290 5705 44,
2326 5640 2414 5695 45.
2492 5639 2537 5670 ¹³
2580 5637 2747 5694 Marc.
2775 5652 2864 5705 xv,
2894 5636 2982 5692 55.

494 5781 605 5849 (48)
646 5781 773 5838 Mss.
803 5822 818 5850 ,
868 5783 1111 5850 poculum
1177 5793 1341 5851 tuum.
1406 5785 1559 5844 [.ihb.
1619 5784 1791 5851 editi,
1848 5786 1986 5839 calix
2024 5802 2185 5841 meus.
