  <div class='ocr_page' id='page_1' title='image "/cluster/home/n/w/nwhite01/storage/ocr_20150623/13/mdp.39015007036059/065.png"; bbox 0 0 4236 6282; ppageno 0'>
   <div class='ocr_carea' id='block_1_1' title="bbox 482 458 586 514">
    <p class='ocr_par' dir='ltr' id='par_1_1' title="bbox 482 458 586 514">
     <span class='ocr_line' id='line_1_1' title="bbox 482 458 586 514; baseline -0.019 0"><span class='ocrx_word' id='word_1_1' title='bbox 482 458 586 514; x_wconf 69' lang='grc'><strong>123</strong></span> 
     </span>
    </p>
   </div>
   <div class='ocr_carea' id='block_1_2' title="bbox 1539 451 2674 514">
    <p class='ocr_par' dir='ltr' id='par_1_2' title="bbox 1539 451 2674 514">
     <span class='ocr_line' id='line_1_2' title="bbox 1539 451 2674 514; baseline 0.002 -4"><span class='ocrx_word' id='word_1_2' title='bbox 1539 453 1860 512; x_wconf 80' lang='lat' dir='ltr'><strong>ORIGENIS</strong></span> <span class='ocrx_word' id='word_1_3' title='bbox 1896 452 1966 510; x_wconf 84' lang='lat' dir='ltr'><strong>IN</strong></span> <span class='ocrx_word' id='word_1_4' title='bbox 2002 451 2366 512; x_wconf 78' lang='lat' dir='ltr'><strong>CANTICUM</strong></span> <span class='ocrx_word' id='word_1_5' title='bbox 2401 455 2674 514; x_wconf 80' lang='lat' dir='ltr'><strong>CANTIC.</strong></span> 
     </span>
    </p>
   </div>
   <div class='ocr_carea' id='block_1_3' title="bbox 3633 455 3731 513">
    <p class='ocr_par' dir='ltr' id='par_1_3' title="bbox 3633 455 3731 513">
     <span class='ocr_line' id='line_1_3' title="bbox 3633 455 3731 513; baseline 0.02 -3"><span class='ocrx_word' id='word_1_6' title='bbox 3633 455 3731 513; x_wconf 62' lang='lat' dir='ltr'><strong>{Si</strong></span> 
     </span>
    </p>
   </div>
   <div class='ocr_carea' id='block_1_4' title="bbox 481 572 3732 647">
    <p class='ocr_par' dir='ltr' id='par_1_4' title="bbox 481 572 3732 647">
     <span class='ocr_line' id='line_1_4' title="bbox 481 572 3732 647; baseline -0.002 -13"><span class='ocrx_word' id='word_1_7' title='bbox 481 575 727 634; x_wconf 70' lang='lat' dir='ltr'><strong>scientia:</strong></span> <span class='ocrx_word' id='word_1_8' title='bbox 756 574 980 642; x_wconf 86' lang='lat' dir='ltr'><strong>lumine,</strong></span> <span class='ocrx_word' id='word_1_9' title='bbox 1018 587 1086 629; x_wconf 89' lang='lat' dir='ltr'><strong>ne</strong></span> <span class='ocrx_word' id='word_1_10' title='bbox 1125 587 1223 642; x_wconf 84' lang='lat' dir='ltr'><strong>per</strong></span> <span class='ocrx_word' id='word_1_11' title='bbox 1263 572 1588 644; x_wconf 76' lang='lat' dir='ltr'><strong>imperitiam</strong></span> <span class='ocrx_word' id='word_1_12' title='bbox 1629 591 1840 642; x_wconf 87' lang='lat' dir='ltr'><strong>errans,</strong></span> <span class='ocrx_word' id='word_1_13' title='bbox 1874 576 1927 630; x_wconf 89' lang='lat' dir='ltr'><strong>in</strong></span> <span class='ocrx_word' id='word_1_14' title='bbox 1955 575 2056 630; x_wconf 86' lang='lat' dir='ltr'><strong>ali-</strong></span> <span class='ocrx_word' id='word_1_15' title='bbox 2086 578 2133 636; x_wconf 81' lang='grc' dir='ltr'><strong>Δ</strong></span> <span class='ocrx_word' id='word_1_16' title='bbox 2162 574 2348 643; x_wconf 90' lang='lat' dir='ltr'><strong>lieres,</strong></span> <span class='ocrx_word' id='word_1_17' title='bbox 2378 578 2500 633; x_wconf 87' lang='lat' dir='ltr'><strong>illas</strong></span> <span class='ocrx_word' id='word_1_18' title='bbox 2527 577 2739 634; x_wconf 74' lang='lat' dir='ltr'><strong>scilicet</strong></span> <span class='ocrx_word' id='word_1_19' title='bbox 2785 591 2913 647; x_wconf 72' lang='lat' dir='ltr'><strong>quae</strong></span> <span class='ocrx_word' id='word_1_20' title='bbox 2941 575 3344 646; x_wconf 79' lang='lat' dir='ltr'><strong>corruptionem</strong></span> <span class='ocrx_word' id='word_1_21' title='bbox 3377 587 3554 645; x_wconf 65' lang='lat' dir='ltr'><strong>passm</strong></span> <span class='ocrx_word' id='word_1_22' title='bbox 3583 584 3732 643; x_wconf 86' lang='lat' dir='ltr'><strong>sunt,</strong></span> 
     </span>
    </p>
   </div>
   <div class='ocr_carea' id='block_1_5' title="bbox 485 664 2062 740">
    <p class='ocr_par' dir='ltr' id='par_1_5' title="bbox 485 664 2062 740">
     <span class='ocr_line' id='line_1_5' title="bbox 485 664 2062 740; baseline 0.001 -18"><span class='ocrx_word' id='word_1_23' title='bbox 485 684 596 739; x_wconf 91' lang='lat' dir='ltr'><strong>quo</strong></span> <span class='ocrx_word' id='word_1_24' title='bbox 629 666 826 722; x_wconf 87' lang='lat' dir='ltr'><strong>similis</strong></span> <span class='ocrx_word' id='word_1_25' title='bbox 854 664 1114 720; x_wconf 84' lang='lat' dir='ltr'><strong>eﬂiciatur</strong></span> <span class='ocrx_word' id='word_1_26' title='bbox 1157 664 1265 720; x_wconf 90' lang='lat' dir='ltr'><strong>illis</strong></span> <span class='ocrx_word' id='word_1_27' title='bbox 1315 666 1600 722; x_wconf 91' lang='lat' dir='ltr'><strong>doctorum</strong></span> <span class='ocrx_word' id='word_1_28' title='bbox 1655 669 1902 737; x_wconf 83' lang='lat' dir='ltr'><strong>scholis,</strong></span> <span class='ocrx_word' id='word_1_29' title='bbox 1939 685 2062 740; x_wconf 69' lang='lat' dir='ltr'><strong>quae</strong></span> 
     </span>
    </p>
   </div>
   <div class='ocr_carea' id='block_1_6' title="bbox 486 755 2061 832">
    <p class='ocr_par' dir='ltr' id='par_1_6' title="bbox 486 755 2061 832">
     <span class='ocr_line' id='line_1_6' title="bbox 486 755 2061 832; baseline 0.002 -17"><span class='ocrx_word' id='word_1_30' title='bbox 486 774 597 815; x_wconf 91' lang='lat' dir='ltr'><strong>non</strong></span> <span class='ocrx_word' id='word_1_31' title='bbox 625 773 720 828; x_wconf 88' lang='lat' dir='ltr'><strong>per</strong></span> <span class='ocrx_word' id='word_1_32' title='bbox 746 758 917 827; x_wconf 86' lang='lat' dir='ltr'><strong>ipsam</strong></span> <span class='ocrx_word' id='word_1_33' title='bbox 939 755 1034 810; x_wconf 86' lang='lat' dir='ltr'><strong>Dei</strong></span> <span class='ocrx_word' id='word_1_34' title='bbox 1065 756 1409 826; x_wconf 72' lang='lat' dir='ltr'><strong>sapientiam,</strong></span> <span class='ocrx_word' id='word_1_35' title='bbox 1449 759 1544 815; x_wconf 87' lang='lat' dir='ltr'><strong>sed</strong></span> <span class='ocrx_word' id='word_1_36' title='bbox 1574 776 1672 829; x_wconf 87' lang='lat' dir='ltr'><strong>per</strong></span> <span class='ocrx_word' id='word_1_37' title='bbox 1704 762 2061 832; x_wconf 85' lang='lat' dir='ltr'><strong>philosopho-</strong></span> 
     </span>
    </p>
   </div>
   <div class='ocr_carea' id='block_1_7' title="bbox 484 847 2063 919">
    <p class='ocr_par' dir='ltr' id='par_1_7' title="bbox 484 847 2063 919">
     <span class='ocr_line' id='line_1_7' title="bbox 484 847 2063 919; baseline 0.003 -14"><span class='ocrx_word' id='word_1_38' title='bbox 484 867 609 905; x_wconf 91' lang='lat' dir='ltr'><strong>rum</strong></span> <span class='ocrx_word' id='word_1_39' title='bbox 642 857 699 905; x_wconf 94' lang='lat' dir='ltr'><strong>et</strong></span> <span class='ocrx_word' id='word_1_40' title='bbox 744 847 1051 918; x_wconf 85' lang='lat' dir='ltr'><strong>principum</strong></span> <span class='ocrx_word' id='word_1_41' title='bbox 1108 847 1272 919; x_wconf 82' lang='lat' dir='ltr'><strong>hujus</strong></span> <span class='ocrx_word' id='word_1_42' title='bbox 1317 852 1506 907; x_wconf 91' lang='lat' dir='ltr'><strong>mundi</strong></span> <span class='ocrx_word' id='word_1_43' title='bbox 1553 861 1899 908; x_wconf 77' lang='lat' dir='ltr'><strong>exercentur.</strong></span> <span class='ocrx_word' id='word_1_44' title='bbox 1947 852 2063 910; x_wconf 84' lang='lat' dir='ltr'><strong>Hoc</strong></span> 
     </span>
    </p>
   </div>
   <div class='ocr_carea' id='block_1_8' title="bbox 486 938 2061 1014">
    <p class='ocr_par' dir='ltr' id='par_1_8' title="bbox 486 938 2061 1014">
     <span class='ocr_line' id='line_1_8' title="bbox 486 938 2061 1014; baseline 0.002 -18"><span class='ocrx_word' id='word_1_45' title='bbox 486 943 631 996; x_wconf 85' lang='lat' dir='ltr'><strong>enim</strong></span> <span class='ocrx_word' id='word_1_46' title='bbox 661 950 712 996; x_wconf 91' lang='lat' dir='ltr'><strong>et</strong></span> <span class='ocrx_word' id='word_1_47' title='bbox 736 939 1032 1008; x_wconf 74' lang='lat' dir='ltr'><strong>Apostolus</strong></span> <span class='ocrx_word' id='word_1_48' title='bbox 1057 938 1237 996; x_wconf 89' lang='lat' dir='ltr'><strong>dicere</strong></span> <span class='ocrx_word' id='word_1_49' title='bbox 1272 941 1482 997; x_wconf 85' lang='lat' dir='ltr'><strong>videtur</strong></span> <span class='ocrx_word' id='word_1_50' title='bbox 1506 943 1560 996; x_wconf 91' lang='lat' dir='ltr'><strong>in</strong></span> <span class='ocrx_word' id='word_1_51' title='bbox 1589 956 1654 998; x_wconf 90' lang='lat' dir='ltr'><strong>eo</strong></span> <span class='ocrx_word' id='word_1_52' title='bbox 1682 943 1774 997; x_wconf 86' lang='lat' dir='ltr'><strong>ubi</strong></span> <span class='ocrx_word' id='word_1_53' title='bbox 1805 943 1897 1009; x_wconf 83' lang='lat' dir='ltr'><strong>ait,</strong></span> <span class='ocrx_word' id='word_1_54' title='bbox 1932 945 2061 1014; x_wconf 87' lang='lat' dir='ltr'><strong>quia</strong></span> 
     </span>
    </p>
   </div>
   <div class='ocr_carea' id='block_1_9' title="bbox 485 1029 2059 1103">
    <p class='ocr_par' dir='ltr' id='par_1_9' title="bbox 485 1029 2059 1103">
     <span class='ocr_line' id='line_1_9' title="bbox 485 1029 2059 1103; baseline 0.001 -16"><span class='ocrx_word' id='word_1_55' title='bbox 485 1033 752 1102; x_wconf 76' lang='lat' dir='ltr'><strong>loquimur</strong></span> <span class='ocrx_word' id='word_1_56' title='bbox 781 1029 879 1084; x_wconf 89' lang='lat' dir='ltr'><strong>Dei</strong></span> <span class='ocrx_word' id='word_1_57' title='bbox 917 1032 1233 1099; x_wconf 75' lang='lat' dir='ltr'><strong>sapientiam</strong></span> <span class='ocrx_word' id='word_1_58' title='bbox 1279 1032 1335 1086; x_wconf 79' lang='lat' dir='ltr'><strong>in</strong></span> <span class='ocrx_word' id='word_1_59' title='bbox 1383 1034 1633 1103; x_wconf 72' lang='lat' dir='ltr'><strong>mysterio</strong></span> <span class='ocrx_word' id='word_1_60' title='bbox 1663 1033 2059 1101; x_wconf 75' lang='lat' dir='ltr'><strong>absconditam,</strong></span> 
     </span>
    </p>
   </div>
   <div class='ocr_carea' id='block_1_10' title="bbox 482 1123 2062 1196">
    <p class='ocr_par' dir='ltr' id='par_1_10' title="bbox 482 1123 2062 1196">
     <span class='ocr_line' id='line_1_10' title="bbox 482 1123 2062 1196; baseline 0.003 -20"><span class='ocrx_word' id='word_1_61' title='bbox 482 1139 643 1194; x_wconf 76' lang='lat' dir='ltr'><strong>quam</strong></span> <span class='ocrx_word' id='word_1_62' title='bbox 691 1138 839 1176; x_wconf 88' lang='lat' dir='ltr'><strong>nemo</strong></span> <span class='ocrx_word' id='word_1_63' title='bbox 879 1123 1174 1192; x_wconf 85' lang='lat' dir='ltr'><strong>principum</strong></span> <span class='ocrx_word' id='word_1_64' title='bbox 1204 1123 1360 1192; x_wconf 82' lang='lat' dir='ltr'><strong>hujus</strong></span> <span class='ocrx_word' id='word_1_65' title='bbox 1395 1125 1578 1177; x_wconf 86' lang='lat' dir='ltr'><strong>mundi</strong></span> <span class='ocrx_word' id='word_1_66' title='bbox 1618 1126 1857 1196; x_wconf 79' lang='lat' dir='ltr'><strong>cognovit</strong></span> <span class='ocrx_word' id='word_1_67' title='bbox 1897 1127 1962 1180; x_wconf 78' lang='lat'><strong>&quot;.</strong></span> <span class='ocrx_word' id='word_1_68' title='bbox 1996 1125 2062 1180; x_wconf 88' lang='lat' dir='ltr'><strong>Et</strong></span> 
     </span>
    </p>
   </div>
   <div class='ocr_carea' id='block_1_11' title="bbox 482 1212 2060 1284">
    <p class='ocr_par' dir='ltr' id='par_1_11' title="bbox 482 1212 2060 1284">
     <span class='ocr_line' id='line_1_11' title="bbox 482 1212 2060 1284; baseline 0.002 -16"><span class='ocrx_word' id='word_1_69' title='bbox 482 1214 680 1268; x_wconf 91' lang='lat' dir='ltr'><strong>iterum</strong></span> <span class='ocrx_word' id='word_1_70' title='bbox 704 1214 818 1268; x_wconf 83' lang='lat' dir='ltr'><strong>haec</strong></span> <span class='ocrx_word' id='word_1_71' title='bbox 841 1216 1029 1270; x_wconf 91' lang='lat' dir='ltr'><strong>eadem</strong></span> <span class='ocrx_word' id='word_1_72' title='bbox 1066 1212 1355 1284; x_wconf 74' lang='lat' dir='ltr'><strong>significat,</strong></span> <span class='ocrx_word' id='word_1_73' title='bbox 1386 1229 1511 1270; x_wconf 91' lang='lat' dir='ltr'><strong>cum</strong></span> <span class='ocrx_word' id='word_1_74' title='bbox 1547 1215 1678 1271; x_wconf 88' lang='lat' dir='ltr'><strong>dicit</strong></span> <span class='ocrx_word' id='word_1_75' title='bbox 1710 1235 1724 1270; x_wconf 93' lang='lat'>:</span> <span class='ocrx_word' id='word_1_76' title='bbox 1765 1215 1888 1271; x_wconf 88' lang='lat' dir='ltr'><strong>Non</strong></span> <span class='ocrx_word' id='word_1_77' title='bbox 1919 1218 2060 1272; x_wconf 87' lang='lat' dir='ltr'><strong>enim</strong></span> 
     </span>
    </p>
   </div>
   <div class='ocr_carea' id='block_1_12' title="bbox 479 1307 2061 1380">
    <p class='ocr_par' dir='ltr' id='par_1_12' title="bbox 479 1307 2061 1380">
     <span class='ocr_line' id='line_1_12' title="bbox 479 1307 2061 1380; baseline 0.001 -19"><span class='ocrx_word' id='word_1_78' title='bbox 479 1307 729 1377; x_wconf 75' lang='lat' dir='ltr'><strong>spiritum</strong></span> <span class='ocrx_word' id='word_1_79' title='bbox 767 1307 923 1375; x_wconf 82' lang='lat' dir='ltr'><strong>hujus</strong></span> <span class='ocrx_word' id='word_1_80' title='bbox 960 1307 1144 1360; x_wconf 85' lang='lat' dir='ltr'><strong>mundi</strong></span> <span class='ocrx_word' id='word_1_81' title='bbox 1181 1309 1507 1376; x_wconf 80' lang='lat' dir='ltr'><strong>accepimus,</strong></span> <span class='ocrx_word' id='word_1_82' title='bbox 1545 1307 1636 1364; x_wconf 79' lang='lat' dir='ltr'><strong>sed</strong></span> <span class='ocrx_word' id='word_1_83' title='bbox 1678 1310 1925 1378; x_wconf 79' lang='lat' dir='ltr'><strong>spiritum</strong></span> <span class='ocrx_word' id='word_1_84' title='bbox 1971 1313 2061 1380; x_wconf 68' lang='lat' dir='ltr'><strong>qui</strong></span> 
     </span>
    </p>
   </div>
   <div class='ocr_carea' id='block_1_13' title="bbox 484 1398 2062 1469">
    <p class='ocr_par' dir='ltr' id='par_1_13' title="bbox 484 1398 2062 1469">
     <span class='ocr_line' id='line_1_13' title="bbox 484 1398 2062 1469; baseline 0.003 -17"><span class='ocrx_word' id='word_1_85' title='bbox 484 1415 549 1452; x_wconf 80' lang='lat' dir='ltr'><strong>ea:</strong></span> <span class='ocrx_word' id='word_1_86' title='bbox 573 1398 682 1452; x_wconf 89' lang='lat' dir='ltr'><strong>Deo</strong></span> <span class='ocrx_word' id='word_1_87' title='bbox 715 1406 812 1464; x_wconf 87' lang='lat' dir='ltr'><strong>est,</strong></span> <span class='ocrx_word' id='word_1_88' title='bbox 856 1407 914 1451; x_wconf 91' lang='lat' dir='ltr'><strong>ut</strong></span> <span class='ocrx_word' id='word_1_89' title='bbox 943 1403 1172 1452; x_wconf 84' lang='lat' dir='ltr'><strong>sciamus</strong></span> <span class='ocrx_word' id='word_1_90' title='bbox 1209 1415 1326 1469; x_wconf 74' lang='lat' dir='ltr'><strong>qua:</strong></span> <span class='ocrx_word' id='word_1_91' title='bbox 1361 1418 1395 1453; x_wconf 91' lang='lat' dir='ltr'><strong>a</strong></span> <span class='ocrx_word' id='word_1_92' title='bbox 1423 1401 1532 1453; x_wconf 86' lang='lat' dir='ltr'><strong>Deo</strong></span> <span class='ocrx_word' id='word_1_93' title='bbox 1569 1400 1768 1454; x_wconf 87' lang='lat' dir='ltr'><strong>donata</strong></span> <span class='ocrx_word' id='word_1_94' title='bbox 1808 1411 1928 1455; x_wconf 86' lang='lat' dir='ltr'><strong>sunt</strong></span> <span class='ocrx_word' id='word_1_95' title='bbox 1968 1417 2062 1457; x_wconf 89' lang='lat' dir='ltr'><strong>no-</strong></span> 
     </span>
    </p>
   </div>
   <div class='ocr_carea' id='block_1_14' title="bbox 486 1489 2060 1561">
    <p class='ocr_par' dir='ltr' id='par_1_14' title="bbox 486 1489 2060 1561">
     <span class='ocr_line' id='line_1_14' title="bbox 486 1489 2060 1561; baseline 0.003 -17"><span class='ocrx_word' id='word_1_96' title='bbox 486 1492 565 1544; x_wconf 87' lang='lat' dir='ltr'><strong>bis</strong></span> <span class='ocrx_word' id='word_1_97' title='bbox 597 1493 664 1547; x_wconf 75' lang='lat'><strong>&quot;’.</strong></span> <span class='ocrx_word' id='word_1_98' title='bbox 715 1489 796 1545; x_wconf 88' lang='lat' dir='ltr'><strong>0b</strong></span> <span class='ocrx_word' id='word_1_99' title='bbox 825 1491 930 1546; x_wconf 90' lang='lat' dir='ltr'><strong>hoc</strong></span> <span class='ocrx_word' id='word_1_100' title='bbox 971 1505 1100 1561; x_wconf 90' lang='lat' dir='ltr'><strong>ergo</strong></span> <span class='ocrx_word' id='word_1_101' title='bbox 1144 1491 1371 1560; x_wconf 83' lang='lat' dir='ltr'><strong>requirit</strong></span> <span class='ocrx_word' id='word_1_102' title='bbox 1413 1505 1610 1560; x_wconf 88' lang='lat' dir='ltr'><strong>sponsa</strong></span> <span class='ocrx_word' id='word_1_103' title='bbox 1652 1492 1853 1547; x_wconf 91' lang='lat' dir='ltr'><strong>Christi</strong></span> <span class='ocrx_word' id='word_1_104' title='bbox 1899 1493 2060 1548; x_wconf 80' lang='lat' dir='ltr'><strong>meri-</strong></span> 
     </span>
    </p>
   </div>
   <div class='ocr_carea' id='block_1_15' title="bbox 481 1579 2061 1650">
    <p class='ocr_par' dir='ltr' id='par_1_15' title="bbox 481 1579 2061 1650">
     <span class='ocr_line' id='line_1_15' title="bbox 481 1579 2061 1650; baseline 0.004 -18"><span class='ocrx_word' id='word_1_105' title='bbox 481 1579 642 1633; x_wconf 91' lang='lat' dir='ltr'><strong>diana</strong></span> <span class='ocrx_word' id='word_1_106' title='bbox 675 1580 915 1646; x_wconf 75' lang='lat' dir='ltr'><strong>cubilia,</strong></span> <span class='ocrx_word' id='word_1_107' title='bbox 963 1589 1018 1634; x_wconf 90' lang='lat' dir='ltr'><strong>et</strong></span> <span class='ocrx_word' id='word_1_108' title='bbox 1066 1580 1457 1650; x_wconf 86' lang='lat' dir='ltr'><strong>plenitudinem</strong></span> <span class='ocrx_word' id='word_1_109' title='bbox 1510 1580 1752 1635; x_wconf 77' lang='lat' dir='ltr'><strong>scientiae</strong></span> <span class='ocrx_word' id='word_1_110' title='bbox 1799 1582 1976 1650; x_wconf 91' lang='lat' dir='ltr'><strong>poscit</strong></span> <span class='ocrx_word' id='word_1_111' title='bbox 2027 1598 2061 1638; x_wconf 85' lang='lat' dir='ltr'><strong>a</strong></span> 
     </span>
    </p>
   </div>
   <div class='ocr_carea' id='block_1_16' title="bbox 482 1669 2057 1743">
    <p class='ocr_par' dir='ltr' id='par_1_16' title="bbox 482 1669 2057 1743">
     <span class='ocr_line' id='line_1_16' title="bbox 482 1669 2057 1743; baseline 0.004 -20"><span class='ocrx_word' id='word_1_112' title='bbox 482 1669 614 1737; x_wconf 88' lang='lat' dir='ltr'><strong>Deo,</strong></span> <span class='ocrx_word' id='word_1_113' title='bbox 664 1686 730 1726; x_wconf 90' lang='lat' dir='ltr'><strong>ne</strong></span> <span class='ocrx_word' id='word_1_114' title='bbox 765 1671 1014 1726; x_wconf 88' lang='lat' dir='ltr'><strong>videatur</strong></span> <span class='ocrx_word' id='word_1_115' title='bbox 1045 1687 1165 1728; x_wconf 89' lang='lat' dir='ltr'><strong>esse</strong></span> <span class='ocrx_word' id='word_1_116' title='bbox 1201 1673 1341 1728; x_wconf 81' lang='lat' dir='ltr'><strong>sicut</strong></span> <span class='ocrx_word' id='word_1_117' title='bbox 1381 1687 1486 1726; x_wconf 87' lang='lat' dir='ltr'><strong>una</strong></span> <span class='ocrx_word' id='word_1_118' title='bbox 1514 1687 1580 1727; x_wconf 80' lang='lat' dir='ltr'><strong>cx</strong></span> <span class='ocrx_word' id='word_1_119' title='bbox 1607 1671 2057 1743; x_wconf 89' lang='lat' dir='ltr'><strong>philosophorum</strong></span> 
     </span>
    </p>
   </div>
   <div class='ocr_carea' id='block_1_17' title="bbox 481 1761 2064 1836">
    <p class='ocr_par' dir='ltr' id='par_1_17' title="bbox 481 1761 2064 1836">
     <span class='ocr_line' id='line_1_17' title="bbox 481 1761 2064 1836; baseline 0.004 -21"><span class='ocrx_word' id='word_1_120' title='bbox 481 1761 704 1827; x_wconf 83' lang='lat' dir='ltr'><strong>scholis,</strong></span> <span class='ocrx_word' id='word_1_121' title='bbox 746 1776 867 1830; x_wconf 82' lang='lat' dir='ltr'><strong>quae</strong></span> <span class='ocrx_word' id='word_1_122' title='bbox 899 1762 1156 1832; x_wconf 89' lang='lat' dir='ltr'><strong>adoperta</strong></span> <span class='ocrx_word' id='word_1_123' title='bbox 1182 1765 1515 1828; x_wconf 88' lang='lat' dir='ltr'><strong>nominatur,</strong></span> <span class='ocrx_word' id='word_1_124' title='bbox 1555 1778 1655 1835; x_wconf 88' lang='lat' dir='ltr'><strong>pro</strong></span> <span class='ocrx_word' id='word_1_125' title='bbox 1682 1778 1748 1820; x_wconf 90' lang='lat' dir='ltr'><strong>eo</strong></span> <span class='ocrx_word' id='word_1_126' title='bbox 1779 1766 1921 1835; x_wconf 89' lang='lat' dir='ltr'><strong>quod</strong></span> <span class='ocrx_word' id='word_1_127' title='bbox 1947 1767 2064 1836; x_wconf 88' lang='lat' dir='ltr'><strong>ple-</strong></span> 
     </span>
    </p>
   </div>
   <div class='ocr_carea' id='block_1_18' title="bbox 481 1851 2057 1925">
    <p class='ocr_par' dir='ltr' id='par_1_18' title="bbox 481 1851 2057 1925">
     <span class='ocr_line' id='line_1_18' title="bbox 481 1851 2057 1925; baseline 0.004 -21"><span class='ocrx_word' id='word_1_128' title='bbox 481 1851 673 1906; x_wconf 89' lang='lat' dir='ltr'><strong>nitudo</strong></span> <span class='ocrx_word' id='word_1_129' title='bbox 721 1851 965 1907; x_wconf 85' lang='lat' dir='ltr'><strong>veritatis</strong></span> <span class='ocrx_word' id='word_1_130' title='bbox 1027 1853 1170 1922; x_wconf 88' lang='lat' dir='ltr'><strong>apud</strong></span> <span class='ocrx_word' id='word_1_131' title='bbox 1207 1868 1302 1908; x_wconf 91' lang='lat' dir='ltr'><strong>eos</strong></span> <span class='ocrx_word' id='word_1_132' title='bbox 1350 1862 1492 1909; x_wconf 87' lang='lat' dir='ltr'><strong>tecta</strong></span> <span class='ocrx_word' id='word_1_133' title='bbox 1548 1861 1634 1910; x_wconf 89' lang='lat' dir='ltr'><strong>est</strong></span> <span class='ocrx_word' id='word_1_134' title='bbox 1683 1862 1738 1910; x_wconf 85' lang='lat' dir='ltr'><strong>et</strong></span> <span class='ocrx_word' id='word_1_135' title='bbox 1779 1857 2057 1925; x_wconf 85' lang='lat' dir='ltr'><strong>adoperta.</strong></span> 
     </span>
    </p>
   </div>
   <div class='ocr_carea' id='block_1_19' title="bbox 2162 664 3736 739">
    <p class='ocr_par' dir='ltr' id='par_1_19' title="bbox 2162 664 3736 739">
     <span class='ocr_line' id='line_1_19' title="bbox 2162 664 3736 739; baseline 0.002 -19"><span class='ocrx_word' id='word_1_136' title='bbox 2162 681 2263 722; x_wconf 88' lang='lat' dir='ltr'><strong>nec</strong></span> <span class='ocrx_word' id='word_1_137' title='bbox 2289 667 2342 720; x_wconf 89' lang='lat' dir='ltr'><strong>in</strong></span> <span class='ocrx_word' id='word_1_138' title='bbox 2369 669 2700 738; x_wconf 75' lang='lat' dir='ltr'><strong>virginitatis</strong></span> <span class='ocrx_word' id='word_1_139' title='bbox 2758 667 3069 739; x_wconf 71' lang='lat' dir='ltr'><strong>integritate</strong></span> <span class='ocrx_word' id='word_1_140' title='bbox 3115 675 3556 738; x_wconf 88' lang='lat' dir='ltr'><strong>permanserunt.</strong></span> <span class='ocrx_word' id='word_1_141' title='bbox 3607 664 3736 723; x_wconf 60' lang='lat' dir='ltr'><strong>Haec</strong></span> 
     </span>
    </p>
   </div>
   <div class='ocr_carea' id='block_1_20' title="bbox 2161 755 3732 828">
    <p class='ocr_par' dir='ltr' id='par_1_20' title="bbox 2161 755 3732 828">
     <span class='ocr_line' id='line_1_20' title="bbox 2161 755 3732 828; baseline 0 -17"><span class='ocrx_word' id='word_1_142' title='bbox 2161 765 2291 811; x_wconf 89' lang='lat' dir='ltr'><strong>sunt</strong></span> <span class='ocrx_word' id='word_1_143' title='bbox 2314 773 2436 826; x_wconf 73' lang='lat' dir='ltr'><strong>qua:</strong></span> <span class='ocrx_word' id='word_1_144' title='bbox 2465 772 2704 828; x_wconf 88' lang='lat' dir='ltr'><strong>sponsus</strong></span> <span class='ocrx_word' id='word_1_145' title='bbox 2732 765 2854 828; x_wconf 90' lang='lat' dir='ltr'><strong>post</strong></span> <span class='ocrx_word' id='word_1_146' title='bbox 2893 757 2983 811; x_wconf 88' lang='lat' dir='ltr'><strong>illa</strong></span> <span class='ocrx_word' id='word_1_147' title='bbox 3015 756 3200 811; x_wconf 83' lang='lat' dir='ltr'><strong>omnia</strong></span> <span class='ocrx_word' id='word_1_148' title='bbox 3223 771 3346 824; x_wconf 64' lang='lat' dir='ltr'><strong>qua:</strong></span> <span class='ocrx_word' id='word_1_149' title='bbox 3388 755 3570 811; x_wconf 90' lang='lat' dir='ltr'><strong>locuta</strong></span> <span class='ocrx_word' id='word_1_150' title='bbox 3609 755 3732 811; x_wconf 83' lang='lat' dir='ltr'><strong>fue-</strong></span> 
     </span>
    </p>
   </div>
   <div class='ocr_carea' id='block_1_21' title="bbox 2162 844 3732 915">
    <p class='ocr_par' dir='ltr' id='par_1_21' title="bbox 2162 844 3732 915">
     <span class='ocr_line' id='line_1_21' title="bbox 2162 844 3732 915; baseline 0.004 -21"><span class='ocrx_word' id='word_1_151' title='bbox 2162 850 2250 895; x_wconf 88' lang='lat' dir='ltr'><strong>rat</strong></span> <span class='ocrx_word' id='word_1_152' title='bbox 2286 857 2512 912; x_wconf 90' lang='lat' dir='ltr'><strong>sponsa,</strong></span> <span class='ocrx_word' id='word_1_153' title='bbox 2543 854 2764 900; x_wconf 89' lang='lat' dir='ltr'><strong>austera</strong></span> <span class='ocrx_word' id='word_1_154' title='bbox 2803 844 3038 915; x_wconf 87' lang='lat' dir='ltr'><strong>quadam</strong></span> <span class='ocrx_word' id='word_1_155' title='bbox 3075 844 3500 899; x_wconf 90' lang='lat' dir='ltr'><strong>comminatione</strong></span> <span class='ocrx_word' id='word_1_156' title='bbox 3521 859 3732 914; x_wconf 74' lang='lat' dir='ltr'><strong>sponsa:</strong></span> 
     </span>
    </p>
   </div>
   <div class='ocr_carea' id='block_1_22' title="bbox 2161 936 3731 1007">
    <p class='ocr_par' dir='ltr' id='par_1_22' title="bbox 2161 936 3731 1007">
     <span class='ocr_line' id='line_1_22' title="bbox 2161 936 3731 1007; baseline 0.002 -18"><span class='ocrx_word' id='word_1_157' title='bbox 2161 936 2379 992; x_wconf 87' lang='lat' dir='ltr'><strong>animos</strong></span> <span class='ocrx_word' id='word_1_158' title='bbox 2409 937 2475 991; x_wconf 91' lang='lat' dir='ltr'><strong>ad</strong></span> <span class='ocrx_word' id='word_1_159' title='bbox 2505 938 2801 1007; x_wconf 79' lang='lat' dir='ltr'><strong>agnitionis</strong></span> <span class='ocrx_word' id='word_1_160' title='bbox 2823 953 2936 992; x_wconf 73' lang='lat' dir='ltr'><strong>suae</strong></span> <span class='ocrx_word' id='word_1_161' title='bbox 2959 951 3149 992; x_wconf 89' lang='lat' dir='ltr'><strong>curam</strong></span> <span class='ocrx_word' id='word_1_162' title='bbox 3187 938 3480 1001; x_wconf 83' lang='lat' dir='ltr'><strong>suscitans,</strong></span> <span class='ocrx_word' id='word_1_163' title='bbox 3513 952 3608 1007; x_wconf 88' lang='lat' dir='ltr'><strong>per</strong></span> <span class='ocrx_word' id='word_1_164' title='bbox 3634 953 3731 992; x_wconf 62' lang='lat' dir='ltr'><strong>orv</strong></span> 
     </span>
    </p>
   </div>
   <div class='ocr_carea' id='block_1_23' title="bbox 2159 1026 3095 1098">
    <p class='ocr_par' dir='ltr' id='par_1_23' title="bbox 2159 1026 3095 1098">
     <span class='ocr_line' id='line_1_23' title="bbox 2159 1026 3095 1098; baseline -0.001 -16"><span class='ocrx_word' id='word_1_165' title='bbox 2159 1028 2340 1083; x_wconf 90' lang='lat' dir='ltr'><strong>dinem</strong></span> <span class='ocrx_word' id='word_1_166' title='bbox 2364 1026 2629 1098; x_wconf 89' lang='lat' dir='ltr'><strong>propositi</strong></span> <span class='ocrx_word' id='word_1_167' title='bbox 2651 1029 2914 1083; x_wconf 87' lang='lat' dir='ltr'><strong>dramatis</strong></span> <span class='ocrx_word' id='word_1_168' title='bbox 2939 1027 3095 1083; x_wconf 86' lang='lat' dir='ltr'><strong>dicit.</strong></span> 
     </span>
    </p>
   </div>
   <div class='ocr_carea' id='block_1_24' title="bbox 2233 1118 3727 1190">
    <p class='ocr_par' dir='ltr' id='par_1_24' title="bbox 2233 1118 3727 1190">
     <span class='ocr_line' id='line_1_24' title="bbox 2233 1118 3727 1190; baseline 0.001 -16"><span class='ocrx_word' id='word_1_169' title='bbox 2233 1119 2338 1174; x_wconf 88' lang='lat' dir='ltr'><strong>Sed</strong></span> <span class='ocrx_word' id='word_1_170' title='bbox 2370 1133 2518 1176; x_wconf 92' lang='lat' dir='ltr'><strong>nunc</strong></span> <span class='ocrx_word' id='word_1_171' title='bbox 2542 1130 2961 1190; x_wconf 82' lang='lat' dir='ltr'><strong>consequenter,</strong></span> <span class='ocrx_word' id='word_1_172' title='bbox 3003 1127 3062 1174; x_wconf 91' lang='lat' dir='ltr'><strong>ut</strong></span> <span class='ocrx_word' id='word_1_173' title='bbox 3089 1128 3304 1185; x_wconf 79' lang='lat' dir='ltr'><strong>caetera,</strong></span> <span class='ocrx_word' id='word_1_174' title='bbox 3357 1120 3422 1174; x_wconf 88' lang='lat' dir='ltr'><strong>ad</strong></span> <span class='ocrx_word' id='word_1_175' title='bbox 3451 1118 3727 1175; x_wconf 89' lang='lat' dir='ltr'><strong>Christum</strong></span> 
     </span>
    </p>
   </div>
   <div class='ocr_carea' id='block_1_25' title="bbox 2159 1210 3728 1281">
    <p class='ocr_par' dir='ltr' id='par_1_25' title="bbox 2159 1210 3728 1281">
     <span class='ocr_line' id='line_1_25' title="bbox 2159 1210 3728 1281; baseline 0 -15"><span class='ocrx_word' id='word_1_176' title='bbox 2159 1211 2276 1267; x_wconf 87' lang='lat' dir='ltr'><strong>haec</strong></span> <span class='ocrx_word' id='word_1_177' title='bbox 2301 1221 2356 1267; x_wconf 90' lang='lat' dir='ltr'><strong>et</strong></span> <span class='ocrx_word' id='word_1_178' title='bbox 2409 1212 2476 1266; x_wconf 88' lang='lat' dir='ltr'><strong>ad</strong></span> <span class='ocrx_word' id='word_1_179' title='bbox 2509 1212 2810 1268; x_wconf 78' lang='lat' dir='ltr'><strong>Ecclesium</strong></span> <span class='ocrx_word' id='word_1_180' title='bbox 2841 1210 3166 1275; x_wconf 83' lang='lat' dir='ltr'><strong>referamus,</strong></span> <span class='ocrx_word' id='word_1_181' title='bbox 3212 1211 3305 1280; x_wconf 90' lang='lat' dir='ltr'><strong>qui</strong></span> <span class='ocrx_word' id='word_1_182' title='bbox 3362 1211 3429 1265; x_wconf 93' lang='lat' dir='ltr'><strong>ad</strong></span> <span class='ocrx_word' id='word_1_183' title='bbox 3473 1225 3728 1281; x_wconf 87' lang='lat' dir='ltr'><strong>sponsam</strong></span> 
     </span>
    </p>
   </div>
   <div class='ocr_carea' id='block_1_26' title="bbox 2160 1301 3732 1370">
    <p class='ocr_par' dir='ltr' id='par_1_26' title="bbox 2160 1301 3732 1370">
     <span class='ocr_line' id='line_1_26' title="bbox 2160 1301 3732 1370; baseline -0.002 -12"><span class='ocrx_word' id='word_1_184' title='bbox 2160 1317 2340 1366; x_wconf 88' lang='lat' dir='ltr'><strong>suam,</strong></span> <span class='ocrx_word' id='word_1_185' title='bbox 2375 1303 2442 1357; x_wconf 88' lang='lat' dir='ltr'><strong>ad</strong></span> <span class='ocrx_word' id='word_1_186' title='bbox 2471 1303 2685 1358; x_wconf 91' lang='lat' dir='ltr'><strong>animas</strong></span> <span class='ocrx_word' id='word_1_187' title='bbox 2711 1303 2918 1359; x_wconf 90' lang='lat' dir='ltr'><strong>scilicet</strong></span> <span class='ocrx_word' id='word_1_188' title='bbox 2946 1302 3281 1358; x_wconf 82' lang='lat' dir='ltr'><strong>credentium</strong></span> <span class='ocrx_word' id='word_1_189' title='bbox 3308 1301 3557 1370; x_wconf 82' lang='lat' dir='ltr'><strong>loquens,</strong></span> <span class='ocrx_word' id='word_1_190' title='bbox 3583 1317 3732 1357; x_wconf 90' lang='lat' dir='ltr'><strong>sum-</strong></span> 
     </span>
    </p>
   </div>
   <div class='ocr_carea' id='block_1_27' title="bbox 2160 1394 3740 1464">
    <p class='ocr_par' dir='ltr' id='par_1_27' title="bbox 2160 1394 3740 1464">
     <span class='ocr_line' id='line_1_27' title="bbox 2160 1394 3740 1464; baseline 0.001 -16"><span class='ocrx_word' id='word_1_191' title='bbox 2160 1410 2306 1448; x_wconf 88' lang='lat' dir='ltr'><strong>mam</strong></span> <span class='ocrx_word' id='word_1_192' title='bbox 2362 1395 2560 1449; x_wconf 89' lang='lat' dir='ltr'><strong>sa-lutis</strong></span> <span class='ocrx_word' id='word_1_193' title='bbox 2614 1403 2669 1452; x_wconf 89' lang='lat' dir='ltr'><strong>et</strong></span> <span class='ocrx_word' id='word_1_194' title='bbox 2713 1394 3066 1451; x_wconf 86' lang='lat' dir='ltr'><strong>beatitudinis</strong></span> <span class='ocrx_word' id='word_1_195' title='bbox 3110 1394 3165 1448; x_wconf 91' lang='lat' dir='ltr'><strong>in</strong></span> <span class='ocrx_word' id='word_1_196' title='bbox 3210 1394 3410 1449; x_wconf 89' lang='lat' dir='ltr'><strong>suimet</strong></span> <span class='ocrx_word' id='word_1_197' title='bbox 3455 1395 3740 1464; x_wconf 82' lang='lat' dir='ltr'><strong>agnitione</strong></span> 
     </span>
    </p>
   </div>
   <div class='ocr_carea' id='block_1_28' title="bbox 2161 1487 3730 1559">
    <p class='ocr_par' dir='ltr' id='par_1_28' title="bbox 2161 1487 3730 1559">
     <span class='ocr_line' id='line_1_28' title="bbox 2161 1487 3730 1559; baseline -0.002 -18"><span class='ocrx_word' id='word_1_198' title='bbox 2161 1487 2465 1544; x_wconf 87' lang='lat' dir='ltr'><strong>constituit.</strong></span> <span class='ocrx_word' id='word_1_199' title='bbox 2500 1487 2786 1554; x_wconf 86' lang='lat' dir='ltr'><strong>Quomodo</strong></span> <span class='ocrx_word' id='word_1_200' title='bbox 2814 1501 2945 1559; x_wconf 90' lang='lat' dir='ltr'><strong>ergo</strong></span> <span class='ocrx_word' id='word_1_201' title='bbox 2978 1487 3158 1541; x_wconf 87' lang='lat' dir='ltr'><strong>anima</strong></span> <span class='ocrx_word' id='word_1_202' title='bbox 3185 1493 3481 1555; x_wconf 81' lang='lat' dir='ltr'><strong>cognoscat</strong></span> <span class='ocrx_word' id='word_1_203' title='bbox 3527 1493 3730 1540; x_wconf 84' lang='lat' dir='ltr'><strong>semet-</strong></span> 
     </span>
    </p>
   </div>
   <div class='ocr_carea' id='block_1_29' title="bbox 2161 1574 3728 1647">
    <p class='ocr_par' dir='ltr' id='par_1_29' title="bbox 2161 1574 3728 1647">
     <span class='ocr_line' id='line_1_29' title="bbox 2161 1574 3728 1647; baseline -0.003 -16"><span class='ocrx_word' id='word_1_204' title='bbox 2161 1577 2536 1646; x_wconf 49' lang='lat' dir='ltr'><strong>ipsamynec</strong></span> <span class='ocrx_word' id='word_1_205' title='bbox 2595 1577 2754 1634; x_wconf 88' lang='lat' dir='ltr'><strong>facile</strong></span> <span class='ocrx_word' id='word_1_206' title='bbox 2807 1585 2968 1647; x_wconf 86' lang='lat' dir='ltr'><strong>puto,</strong></span> <span class='ocrx_word' id='word_1_207' title='bbox 3031 1591 3132 1632; x_wconf 91' lang='lat' dir='ltr'><strong>nec</strong></span> <span class='ocrx_word' id='word_1_208' title='bbox 3181 1576 3416 1631; x_wconf 90' lang='lat' dir='ltr'><strong>breviter</strong></span> <span class='ocrx_word' id='word_1_209' title='bbox 3470 1574 3728 1643; x_wconf 81' lang='lat' dir='ltr'><strong>explicari</strong></span> 
     </span>
    </p>
   </div>
   <div class='ocr_carea' id='block_1_30' title="bbox 2159 1666 3731 1739">
    <p class='ocr_par' dir='ltr' id='par_1_30' title="bbox 2159 1666 3731 1739">
     <span class='ocr_line' id='line_1_30' title="bbox 2159 1666 3731 1739; baseline -0.003 -16"><span class='ocrx_word' id='word_1_210' title='bbox 2159 1683 2357 1738; x_wconf 90' lang='lat' dir='ltr'><strong>posse;</strong></span> <span class='ocrx_word' id='word_1_211' title='bbox 2390 1678 2570 1724; x_wconf 86' lang='lat' dir='ltr'><strong>tamen</strong></span> <span class='ocrx_word' id='word_1_212' title='bbox 2605 1685 2704 1739; x_wconf 91' lang='lat' dir='ltr'><strong>pro</strong></span> <span class='ocrx_word' id='word_1_213' title='bbox 2731 1670 2942 1725; x_wconf 87' lang='lat' dir='ltr'><strong>viribus</strong></span> <span class='ocrx_word' id='word_1_214' title='bbox 2993 1684 3166 1739; x_wconf 85' lang='lat' dir='ltr'><strong>pauca</strong></span> <span class='ocrx_word' id='word_1_215' title='bbox 3199 1683 3265 1724; x_wconf 80' lang='lat' dir='ltr'><strong>ex</strong></span> <span class='ocrx_word' id='word_1_216' title='bbox 3295 1668 3479 1722; x_wconf 89' lang='lat' dir='ltr'><strong>multis</strong></span> <span class='ocrx_word' id='word_1_217' title='bbox 3519 1666 3731 1737; x_wconf 83' lang='lat' dir='ltr'><strong>aperire</strong></span> 
     </span>
    </p>
   </div>
   <div class='ocr_carea' id='block_1_31' title="bbox 2161 1757 3731 1831">
    <p class='ocr_par' dir='ltr' id='par_1_31' title="bbox 2161 1757 3731 1831">
     <span class='ocr_line' id='line_1_31' title="bbox 2161 1757 3731 1831; baseline -0.002 -18"><span class='ocrx_word' id='word_1_218' title='bbox 2161 1759 2515 1816; x_wconf 79' lang='lat' dir='ltr'><strong>tentabimus.</strong></span> <span class='ocrx_word' id='word_1_219' title='bbox 2548 1759 2774 1816; x_wconf 74' lang='lat' dir='ltr'><strong>Videtur</strong></span> <span class='ocrx_word' id='word_1_220' title='bbox 2804 1775 2934 1831; x_wconf 86' lang='lat' dir='ltr'><strong>ergo</strong></span> <span class='ocrx_word' id='word_1_221' title='bbox 2965 1761 3095 1814; x_wconf 90' lang='lat' dir='ltr'><strong>mihi</strong></span> <span class='ocrx_word' id='word_1_222' title='bbox 3139 1759 3341 1830; x_wconf 90' lang='lat' dir='ltr'><strong>duplici</strong></span> <span class='ocrx_word' id='word_1_223' title='bbox 3388 1759 3548 1813; x_wconf 87' lang='lat' dir='ltr'><strong>modo</strong></span> <span class='ocrx_word' id='word_1_224' title='bbox 3578 1757 3731 1827; x_wconf 86' lang='lat' dir='ltr'><strong>agni-</strong></span> 
     </span>
    </p>
   </div>
   <div class='ocr_carea' id='block_1_32' title="bbox 2162 1847 3725 1921">
    <p class='ocr_par' dir='ltr' id='par_1_32' title="bbox 2162 1847 3725 1921">
     <span class='ocr_line' id='line_1_32' title="bbox 2162 1847 3725 1921; baseline -0.002 -18"><span class='ocrx_word' id='word_1_225' title='bbox 2162 1847 2364 1903; x_wconf 86' lang='lat' dir='ltr'><strong>tionem</strong></span> <span class='ocrx_word' id='word_1_226' title='bbox 2426 1850 2510 1905; x_wconf 89' lang='lat' dir='ltr'><strong>sui</strong></span> <span class='ocrx_word' id='word_1_227' title='bbox 2563 1852 2802 1905; x_wconf 89' lang='lat' dir='ltr'><strong>animam</strong></span> <span class='ocrx_word' id='word_1_228' title='bbox 2853 1865 3047 1921; x_wconf 82' lang='lat' dir='ltr'><strong>capere</strong></span> <span class='ocrx_word' id='word_1_229' title='bbox 3077 1849 3292 1905; x_wconf 85' lang='lat' dir='ltr'><strong>debere.</strong></span> <span class='ocrx_word' id='word_1_230' title='bbox 3326 1847 3464 1915; x_wconf 91' lang='lat' dir='ltr'><strong>Quid</strong></span> <span class='ocrx_word' id='word_1_231' title='bbox 3509 1848 3725 1918; x_wconf 88' lang='lat' dir='ltr'><strong>quidem</strong></span> 
     </span>
    </p>
   </div>
   <div class='ocr_carea' id='block_1_33' title="bbox 483 1925 2156 2012">
    <p class='ocr_par' dir='ltr' id='par_1_33' title="bbox 483 1925 2133 2012">
     <span class='ocr_line' id='line_1_33' title="bbox 483 1925 2133 2012; baseline 0.004 -17"><span class='ocrx_word' id='word_1_232' title='bbox 483 1941 697 2012; x_wconf 86' lang='lat' dir='ltr'><strong>Sponsa</strong></span> <span class='ocrx_word' id='word_1_233' title='bbox 738 1951 918 1997; x_wconf 90' lang='lat' dir='ltr'><strong>autem</strong></span> <span class='ocrx_word' id='word_1_234' title='bbox 961 1943 1161 1999; x_wconf 86' lang='lat' dir='ltr'><strong>Christi</strong></span> <span class='ocrx_word' id='word_1_235' title='bbox 1205 1944 1338 1999; x_wconf 91' lang='lat' dir='ltr'><strong>dicit</strong></span> <span class='ocrx_word' id='word_1_236' title='bbox 1380 1962 1392 1998; x_wconf 89' lang='lat'>:</span> <span class='ocrx_word' id='word_1_237' title='bbox 1441 1943 1555 1998; x_wconf 86' lang='lat' dir='ltr'><strong>Nos</strong></span> <span class='ocrx_word' id='word_1_238' title='bbox 1605 1954 1780 1999; x_wconf 88' lang='lat' dir='ltr'><strong>autem</strong></span> <span class='ocrx_word' id='word_1_239' title='bbox 1831 1947 2058 2002; x_wconf 33' lang='lat' dir='ltr'><strong>rerel‘ata</strong></span> <span class='ocrx_word' id='word_1_240' title='bbox 2091 1925 2133 1980; x_wconf 76' lang='grc' dir='ltr'>Β</span> 
     </span>
    </p>
   </div>
   <div class='ocr_carea' id='block_1_34' title="bbox 2052 1925 3725 2012">
    <p class='ocr_par' dir='ltr' id='par_1_34' title="bbox 2052 1925 3725 2010">
     <span class='ocr_line' id='line_1_34' title="bbox 2052 1925 3725 2010; baseline -0.002 -17"><span class='ocrx_word' id='word_1_241' title='bbox 2052 1967 2058 2001; x_wconf 74' lang='grc' dir='ltr'><strong>ι</strong></span> <span class='ocrx_word' id='word_1_242' title='bbox 2091 1925 2133 1980; x_wconf 81' lang='grc' dir='ltr'>Β</span> <span class='ocrx_word' id='word_1_243' title='bbox 2162 1939 2233 1992; x_wconf 90' lang='lat' dir='ltr'><strong>sit</strong></span> <span class='ocrx_word' id='word_1_244' title='bbox 2267 1938 2405 2007; x_wconf 80' lang='lat' dir='ltr'><strong>ipsa,</strong></span> <span class='ocrx_word' id='word_1_245' title='bbox 2432 1950 2486 1994; x_wconf 91' lang='lat' dir='ltr'><strong>et</strong></span> <span class='ocrx_word' id='word_1_246' title='bbox 2516 1941 2750 2010; x_wconf 82' lang='lat' dir='ltr'><strong>qualiter</strong></span> <span class='ocrx_word' id='word_1_247' title='bbox 2788 1949 3090 2006; x_wconf 82' lang='lat' dir='ltr'><strong>moveatur,</strong></span> <span class='ocrx_word' id='word_1_248' title='bbox 3121 1939 3174 1994; x_wconf 88' lang='lat' dir='ltr'><strong>id</strong></span> <span class='ocrx_word' id='word_1_249' title='bbox 3203 1948 3286 1994; x_wconf 84' lang='lat' dir='ltr'><strong>est</strong></span> <span class='ocrx_word' id='word_1_250' title='bbox 3322 1938 3452 2008; x_wconf 91' lang='lat' dir='ltr'><strong>quid</strong></span> <span class='ocrx_word' id='word_1_251' title='bbox 3493 1938 3548 1991; x_wconf 91' lang='lat' dir='ltr'><strong>in</strong></span> <span class='ocrx_word' id='word_1_252' title='bbox 3593 1936 3725 1991; x_wconf 90' lang='lat' dir='ltr'><strong>sub-</strong></span> 
     </span>
    </p>
   </div>
   <div class='ocr_carea' id='block_1_35' title="bbox 480 2035 1454 2106">
    <p class='ocr_par' dir='ltr' id='par_1_35' title="bbox 480 2035 1454 2106">
     <span class='ocr_line' id='line_1_35' title="bbox 480 2035 1454 2106; baseline 0.003 -19"><span class='ocrx_word' id='word_1_253' title='bbox 480 2035 618 2103; x_wconf 80' lang='lat' dir='ltr'><strong>facie</strong></span> <span class='ocrx_word' id='word_1_254' title='bbox 645 2035 870 2104; x_wconf 82' lang='lat' dir='ltr'><strong>gloriam</strong></span> <span class='ocrx_word' id='word_1_255' title='bbox 899 2035 998 2090; x_wconf 88' lang='lat' dir='ltr'><strong>Dei</strong></span> <span class='ocrx_word' id='word_1_256' title='bbox 1024 2035 1356 2106; x_wconf 80' lang='lat' dir='ltr'><strong>speculamur</strong></span> <span class='ocrx_word' id='word_1_257' title='bbox 1387 2037 1454 2090; x_wconf 69' lang='grc'><strong>³⁵.</strong></span> 
     </span>
    </p>
   </div>
   <div class='ocr_carea' id='block_1_36' title="bbox 549 2123 2060 2199">
    <p class='ocr_par' dir='ltr' id='par_1_36' title="bbox 549 2123 2060 2199">
     <span class='ocr_line' id='line_1_36' title="bbox 549 2123 2060 2199; baseline 0.003 -21"><span class='ocrx_word' id='word_1_258' title='bbox 549 2123 704 2180; x_wconf 79' lang='lat' dir='ltr'><strong>Vers.</strong></span> <span class='ocrx_word' id='word_1_259' title='bbox 736 2126 790 2181; x_wconf 91' lang='lat'><strong>8.</strong></span> <span class='ocrx_word' id='word_1_260' title='bbox 831 2125 954 2180; x_wconf 85' lang='lat' dir='ltr'><strong>Nisi</strong></span> <span class='ocrx_word' id='word_1_261' title='bbox 979 2128 1279 2198; x_wconf 84' lang='lat' dir='ltr'><strong>cognoveris</strong></span> <span class='ocrx_word' id='word_1_262' title='bbox 1302 2136 1370 2192; x_wconf 84' lang='lat' dir='ltr'><strong>te,</strong></span> <span class='ocrx_word' id='word_1_263' title='bbox 1404 2143 1433 2181; x_wconf 90' lang='grc' dir='ltr'><em>ο</em></span> <span class='ocrx_word' id='word_1_264' title='bbox 1466 2127 1600 2182; x_wconf 89' lang='lat' dir='ltr'><strong>bona</strong></span> <span class='ocrx_word' id='word_1_265' title='bbox 1628 2127 1768 2198; x_wconf 87' lang='lat' dir='ltr'><strong>(sive</strong></span> <span class='ocrx_word' id='word_1_266' title='bbox 1789 2129 2060 2199; x_wconf 77' lang='lat' dir='ltr'><strong>pulchra),</strong></span> 
     </span>
    </p>
   </div>
   <div class='ocr_carea' id='block_1_37' title="bbox 475 2217 2056 2294">
    <p class='ocr_par' dir='ltr' id='par_1_37' title="bbox 475 2217 2056 2294">
     <span class='ocr_line' id='line_1_37' title="bbox 475 2217 2056 2294; baseline 0.004 -24"><span class='ocrx_word' id='word_1_267' title='bbox 475 2217 618 2273; x_wconf 83' lang='lat' dir='ltr'><strong>inter</strong></span> <span class='ocrx_word' id='word_1_268' title='bbox 658 2218 931 2288; x_wconf 85' lang='lat' dir='ltr'><strong>mulieres,</strong></span> <span class='ocrx_word' id='word_1_269' title='bbox 977 2221 1219 2290; x_wconf 79' lang='lat' dir='ltr'><strong>egredere</strong></span> <span class='ocrx_word' id='word_1_270' title='bbox 1260 2231 1316 2274; x_wconf 90' lang='lat' dir='ltr'><strong>tu</strong></span> <span class='ocrx_word' id='word_1_271' title='bbox 1349 2222 1406 2274; x_wconf 85' lang='lat' dir='ltr'><strong>in</strong></span> <span class='ocrx_word' id='word_1_272' title='bbox 1435 2222 1665 2293; x_wconf 82' lang='lat' dir='ltr'><strong>vestigiis</strong></span> <span class='ocrx_word' id='word_1_273' title='bbox 1714 2238 1963 2294; x_wconf 86' lang='lat' dir='ltr'><strong>gregum,</strong></span> <span class='ocrx_word' id='word_1_274' title='bbox 2007 2231 2056 2276; x_wconf 83' lang='lat' dir='ltr'><strong>et</strong></span> 
     </span>
    </p>
   </div>
   <div class='ocr_carea' id='block_1_38' title="bbox 476 2310 2055 2383">
    <p class='ocr_par' dir='ltr' id='par_1_38' title="bbox 476 2310 2055 2383">
     <span class='ocr_line' id='line_1_38' title="bbox 476 2310 2055 2383; baseline 0.006 -21"><span class='ocrx_word' id='word_1_275' title='bbox 476 2325 632 2378; x_wconf 85' lang='lat' dir='ltr'><strong>pasce</strong></span> <span class='ocrx_word' id='word_1_276' title='bbox 672 2310 849 2364; x_wconf 72' lang='lat' dir='ltr'><strong>htedos</strong></span> <span class='ocrx_word' id='word_1_277' title='bbox 886 2319 1000 2367; x_wconf 90' lang='lat' dir='ltr'><strong>tuos</strong></span> <span class='ocrx_word' id='word_1_278' title='bbox 1054 2313 1109 2365; x_wconf 89' lang='lat' dir='ltr'><strong>in</strong></span> <span class='ocrx_word' id='word_1_279' title='bbox 1154 2313 1506 2366; x_wconf 80' lang='lat' dir='ltr'><strong>tabernaculis</strong></span> <span class='ocrx_word' id='word_1_280' title='bbox 1544 2322 1839 2383; x_wconf 84' lang='lat' dir='ltr'><strong>pastorum.</strong></span> <span class='ocrx_word' id='word_1_281' title='bbox 1882 2313 2055 2371; x_wconf 84' lang='lat' dir='ltr'><strong>Unius</strong></span> 
     </span>
    </p>
   </div>
   <div class='ocr_carea' id='block_1_39' title="bbox 477 2399 2058 2472">
    <p class='ocr_par' dir='ltr' id='par_1_39' title="bbox 477 2399 2058 2472">
     <span class='ocr_line' id='line_1_39' title="bbox 477 2399 2058 2472; baseline 0.004 -20"><span class='ocrx_word' id='word_1_282' title='bbox 477 2399 723 2454; x_wconf 73' lang='lat' dir='ltr'><strong>Chilonis</strong></span> <span class='ocrx_word' id='word_1_283' title='bbox 754 2401 964 2455; x_wconf 89' lang='lat' dir='ltr'><strong>scilicet</strong></span> <span class='ocrx_word' id='word_1_284' title='bbox 1001 2416 1068 2455; x_wconf 80' lang='lat' dir='ltr'><strong>ex</strong></span> <span class='ocrx_word' id='word_1_285' title='bbox 1106 2411 1309 2470; x_wconf 82' lang='lat' dir='ltr'><strong>septem</strong></span> <span class='ocrx_word' id='word_1_286' title='bbox 1353 2416 1492 2472; x_wconf 88' lang='lat' dir='ltr'><strong>quos</strong></span> <span class='ocrx_word' id='word_1_287' title='bbox 1527 2402 1669 2472; x_wconf 90' lang='lat' dir='ltr'><strong>apud</strong></span> <span class='ocrx_word' id='word_1_288' title='bbox 1697 2401 1916 2459; x_wconf 83' lang='lat' dir='ltr'><strong>Graecos</strong></span> <span class='ocrx_word' id='word_1_289' title='bbox 1944 2405 2058 2459; x_wconf 87' lang='lat' dir='ltr'><strong>sin-</strong></span> 
     </span>
    </p>
   </div>
   <div class='ocr_carea' id='block_1_40' title="bbox 477 2490 2056 2566">
    <p class='ocr_par' dir='ltr' id='par_1_40' title="bbox 477 2490 2056 2566">
     <span class='ocr_line' id='line_1_40' title="bbox 477 2490 2056 2566; baseline 0.009 -23"><span class='ocrx_word' id='word_1_290' title='bbox 477 2490 694 2559; x_wconf 87' lang='lat' dir='ltr'><strong>gulares</strong></span> <span class='ocrx_word' id='word_1_291' title='bbox 716 2490 884 2547; x_wconf 86' lang='lat' dir='ltr'><strong>fuisse</strong></span> <span class='ocrx_word' id='word_1_292' title='bbox 905 2492 957 2546; x_wconf 92' lang='lat' dir='ltr'><strong>in</strong></span> <span class='ocrx_word' id='word_1_293' title='bbox 983 2494 1247 2563; x_wconf 88' lang='lat' dir='ltr'><strong>sapientia</strong></span> <span class='ocrx_word' id='word_1_294' title='bbox 1271 2496 1413 2554; x_wconf 82' lang='lat' dir='ltr'><strong>fama</strong></span> <span class='ocrx_word' id='word_1_295' title='bbox 1436 2502 1796 2566; x_wconf 87' lang='lat' dir='ltr'><strong>concelebrat,</strong></span> <span class='ocrx_word' id='word_1_296' title='bbox 1831 2503 1946 2558; x_wconf 66' lang='lat' dir='ltr'><strong>hinc</strong></span> <span class='ocrx_word' id='word_1_297' title='bbox 1972 2503 2056 2558; x_wconf 91' lang='lat' dir='ltr'><strong>in-</strong></span> 
     </span>
    </p>
   </div>
   <div class='ocr_carea' id='block_1_41' title="bbox 478 2584 2052 2664">
    <p class='ocr_par' dir='ltr' id='par_1_41' title="bbox 478 2584 2052 2664">
     <span class='ocr_line' id='line_1_41' title="bbox 478 2584 2052 2664; baseline 0.01 -31"><span class='ocrx_word' id='word_1_298' title='bbox 478 2588 561 2634; x_wconf 88' lang='lat' dir='ltr'><strong>ter</strong></span> <span class='ocrx_word' id='word_1_299' title='bbox 597 2592 790 2636; x_wconf 82' lang='lat' dir='ltr'><strong>ca-tera</strong></span> <span class='ocrx_word' id='word_1_300' title='bbox 835 2584 1102 2640; x_wconf 85' lang='lat' dir='ltr'><strong>mirabilis</strong></span> <span class='ocrx_word' id='word_1_301' title='bbox 1143 2584 1317 2642; x_wconf 87' lang='lat' dir='ltr'><strong>fertur</strong></span> <span class='ocrx_word' id='word_1_302' title='bbox 1342 2605 1462 2646; x_wconf 89' lang='lat' dir='ltr'><strong>esse</strong></span> <span class='ocrx_word' id='word_1_303' title='bbox 1485 2593 1772 2658; x_wconf 89' lang='lat' dir='ltr'><strong>sententia,</strong></span> <span class='ocrx_word' id='word_1_304' title='bbox 1800 2609 1908 2664; x_wconf 87' lang='lat' dir='ltr'><strong>qua</strong></span> <span class='ocrx_word' id='word_1_305' title='bbox 1939 2595 2052 2649; x_wconf 90' lang='lat' dir='ltr'><strong>ait:</strong></span> 
     </span>
    </p>
   </div>
   <div class='ocr_carea' id='block_1_42' title="bbox 475 2671 2045 2751">
    <p class='ocr_par' dir='ltr' id='par_1_42' title="bbox 475 2671 2045 2751">
     <span class='ocr_line' id='line_1_42' title="bbox 475 2671 2045 2751; baseline 0.009 -26"><span class='ocrx_word' id='word_1_306' title='bbox 475 2671 622 2727; x_wconf 83' lang='lat' dir='ltr'><strong>Scito</strong></span> <span class='ocrx_word' id='word_1_307' title='bbox 669 2675 893 2743; x_wconf 85' lang='lat' dir='ltr'><strong>teipsum</strong></span> <span class='ocrx_word' id='word_1_308' title='bbox 916 2717 929 2740; x_wconf 93' lang='lat'><strong>,</strong></span> <span class='ocrx_word' id='word_1_309' title='bbox 967 2677 1051 2732; x_wconf 85' lang='lat' dir='ltr'><strong>vel</strong></span> <span class='ocrx_word' id='word_1_310' title='bbox 1089 2694 1338 2749; x_wconf 84' lang='lat' dir='ltr'><strong>cognosce</strong></span> <span class='ocrx_word' id='word_1_311' title='bbox 1373 2683 1616 2751; x_wconf 86' lang='lat' dir='ltr'><strong>teipsum.</strong></span> <span class='ocrx_word' id='word_1_312' title='bbox 1655 2683 1812 2750; x_wconf 84' lang='lat' dir='ltr'><strong>Quod</strong></span> <span class='ocrx_word' id='word_1_313' title='bbox 1859 2693 2045 2739; x_wconf 90' lang='lat' dir='ltr'><strong>tamen</strong></span> 
     </span>
    </p>
   </div>
   <div class='ocr_carea' id='block_1_43' title="bbox 479 2763 2051 2847">
    <p class='ocr_par' dir='ltr' id='par_1_43' title="bbox 479 2763 2051 2847">
     <span class='ocr_line' id='line_1_43' title="bbox 479 2763 2051 2847; baseline 0.007 -29"><span class='ocrx_word' id='word_1_314' title='bbox 479 2763 762 2832; x_wconf 88' lang='lat' dir='ltr'><strong>Salomon,</strong></span> <span class='ocrx_word' id='word_1_315' title='bbox 803 2781 966 2836; x_wconf 89' lang='lat' dir='ltr'><strong>quem</strong></span> <span class='ocrx_word' id='word_1_316' title='bbox 996 2769 1344 2837; x_wconf 65' lang='lat' dir='ltr'><strong>praecessisse</strong></span> <span class='ocrx_word' id='word_1_317' title='bbox 1376 2785 1568 2829; x_wconf 91' lang='lat' dir='ltr'><strong>omnes</strong></span> <span class='ocrx_word' id='word_1_318' title='bbox 1599 2773 1698 2831; x_wconf 90' lang='lat' dir='ltr'><strong>hos</strong></span> <span class='ocrx_word' id='word_1_319' title='bbox 1727 2785 1968 2847; x_wconf 88' lang='lat' dir='ltr'><strong>tempore</strong></span> <span class='ocrx_word' id='word_1_320' title='bbox 1997 2787 2051 2831; x_wconf 91' lang='lat' dir='ltr'><strong>et</strong></span> 
     </span>
    </p>
   </div>
   <div class='ocr_carea' id='block_1_44' title="bbox 477 2855 2050 2934">
    <p class='ocr_par' dir='ltr' id='par_1_44' title="bbox 477 2855 2050 2934">
     <span class='ocr_line' id='line_1_44' title="bbox 477 2855 2050 2934; baseline 0.01 -26"><span class='ocrx_word' id='word_1_321' title='bbox 477 2855 742 2924; x_wconf 88' lang='lat' dir='ltr'><strong>sapientia</strong></span> <span class='ocrx_word' id='word_1_322' title='bbox 789 2871 854 2912; x_wconf 89' lang='lat' dir='ltr'><strong>ac</strong></span> <span class='ocrx_word' id='word_1_323' title='bbox 894 2872 1078 2914; x_wconf 90' lang='lat' dir='ltr'><strong>rerum</strong></span> <span class='ocrx_word' id='word_1_324' title='bbox 1132 2859 1359 2916; x_wconf 89' lang='lat' dir='ltr'><strong>scientia</strong></span> <span class='ocrx_word' id='word_1_325' title='bbox 1407 2863 1462 2918; x_wconf 90' lang='lat' dir='ltr'><strong>in</strong></span> <span class='ocrx_word' id='word_1_326' title='bbox 1508 2864 1824 2934; x_wconf 81' lang='lat' dir='ltr'><strong>praefatione</strong></span> <span class='ocrx_word' id='word_1_327' title='bbox 1863 2875 2050 2924; x_wconf 83' lang='lat' dir='ltr'><strong>nostra</strong></span> 
     </span>
    </p>
   </div>
   <div class='ocr_carea' id='block_1_45' title="bbox 476 2947 2051 3025">
    <p class='ocr_par' dir='ltr' id='par_1_45' title="bbox 476 2947 2051 3025">
     <span class='ocr_line' id='line_1_45' title="bbox 476 2947 2051 3025; baseline 0.01 -25"><span class='ocrx_word' id='word_1_328' title='bbox 476 2947 799 3016; x_wconf 82' lang='lat' dir='ltr'><strong>docuimus,</strong></span> <span class='ocrx_word' id='word_1_329' title='bbox 834 2949 902 3005; x_wconf 88' lang='lat' dir='ltr'><strong>ad</strong></span> <span class='ocrx_word' id='word_1_330' title='bbox 936 2953 1176 3007; x_wconf 87' lang='lat' dir='ltr'><strong>animam</strong></span> <span class='ocrx_word' id='word_1_331' title='bbox 1226 2956 1382 3025; x_wconf 90' lang='lat' dir='ltr'><strong>quasi</strong></span> <span class='ocrx_word' id='word_1_332' title='bbox 1432 2957 1713 3015; x_wconf 90' lang='lat' dir='ltr'><strong>mulierem</strong></span> <span class='ocrx_word' id='word_1_333' title='bbox 1761 2960 1865 3018; x_wconf 86' lang='lat' dir='ltr'><strong>sub</strong></span> <span class='ocrx_word' id='word_1_334' title='bbox 1896 2975 2051 3016; x_wconf 87' lang='lat' dir='ltr'><strong>com-</strong></span> 
     </span>
    </p>
   </div>
   <div class='ocr_carea' id='block_1_46' title="bbox 476 3037 2051 3122">
    <p class='ocr_par' dir='ltr' id='par_1_46' title="bbox 476 3037 2051 3122">
     <span class='ocr_line' id='line_1_46' title="bbox 476 3037 2051 3122; baseline 0.011 -31"><span class='ocrx_word' id='word_1_335' title='bbox 476 3037 775 3094; x_wconf 87' lang='lat' dir='ltr'><strong>minatione</strong></span> <span class='ocrx_word' id='word_1_336' title='bbox 811 3041 1045 3111; x_wconf 86' lang='lat' dir='ltr'><strong>quadarn</strong></span> <span class='ocrx_word' id='word_1_337' title='bbox 1095 3045 1326 3115; x_wconf 89' lang='lat' dir='ltr'><strong>loquens</strong></span> <span class='ocrx_word' id='word_1_338' title='bbox 1366 3046 1500 3103; x_wconf 90' lang='lat' dir='ltr'><strong>dicit</strong></span> <span class='ocrx_word' id='word_1_339' title='bbox 1528 3065 1542 3103; x_wconf 89' lang='lat'><strong>:</strong></span> <span class='ocrx_word' id='word_1_340' title='bbox 1570 3048 1686 3106; x_wconf 87' lang='lat' dir='ltr'><strong>Nisi</strong></span> <span class='ocrx_word' id='word_1_341' title='bbox 1730 3053 2051 3122; x_wconf 80' lang='lat' dir='ltr'><strong>cognoveris</strong></span> 
     </span>
    </p>
   </div>
   <div class='ocr_carea' id='block_1_47' title="bbox 474 3129 2051 3212">
    <p class='ocr_par' dir='ltr' id='par_1_47' title="bbox 474 3129 2051 3212">
     <span class='ocr_line' id='line_1_47' title="bbox 474 3129 2051 3212; baseline 0.011 -30"><span class='ocrx_word' id='word_1_342' title='bbox 474 3129 838 3199; x_wconf 88' lang='lat' dir='ltr'><strong>temetipsam,</strong></span> <span class='ocrx_word' id='word_1_343' title='bbox 885 3146 918 3186; x_wconf 91' lang='grc' dir='ltr'>ο</span> <span class='ocrx_word' id='word_1_344' title='bbox 939 3132 1166 3202; x_wconf 90' lang='lat' dir='ltr'><strong>pulchra</strong></span> <span class='ocrx_word' id='word_1_345' title='bbox 1205 3133 1344 3189; x_wconf 91' lang='lat' dir='ltr'><strong>inter</strong></span> <span class='ocrx_word' id='word_1_346' title='bbox 1371 3137 1648 3203; x_wconf 86' lang='lat' dir='ltr'><strong>mulieres,</strong></span> <span class='ocrx_word' id='word_1_347' title='bbox 1682 3149 1736 3194; x_wconf 89' lang='lat' dir='ltr'><strong>et</strong></span> <span class='ocrx_word' id='word_1_348' title='bbox 1765 3143 2051 3212; x_wconf 88' lang='lat' dir='ltr'><strong>agnoveris</strong></span> 
     </span>
    </p>
   </div>
   <div class='ocr_carea' id='block_1_48' title="bbox 473 3219 2045 3302">
    <p class='ocr_par' dir='ltr' id='par_1_48' title="bbox 473 3219 2045 3302">
     <span class='ocr_line' id='line_1_48' title="bbox 473 3219 2045 3302; baseline 0.008 -28"><span class='ocrx_word' id='word_1_349' title='bbox 473 3219 895 3290; x_wconf 85' lang='lat' dir='ltr'><strong>pulchritudinis</strong></span> <span class='ocrx_word' id='word_1_350' title='bbox 921 3231 1025 3278; x_wconf 81' lang='lat' dir='ltr'><strong>tuae</strong></span> <span class='ocrx_word' id='word_1_351' title='bbox 1052 3239 1248 3280; x_wconf 90' lang='lat' dir='ltr'><strong>causas</strong></span> <span class='ocrx_word' id='word_1_352' title='bbox 1278 3225 1402 3282; x_wconf 91' lang='lat' dir='ltr'><strong>inde</strong></span> <span class='ocrx_word' id='word_1_353' title='bbox 1427 3227 1774 3296; x_wconf 87' lang='lat' dir='ltr'><strong>descendere,</strong></span> <span class='ocrx_word' id='word_1_354' title='bbox 1807 3232 1952 3302; x_wconf 90' lang='lat' dir='ltr'><strong>quod</strong></span> <span class='ocrx_word' id='word_1_355' title='bbox 1980 3232 2045 3286; x_wconf 91' lang='lat' dir='ltr'><strong>ad</strong></span> 
     </span>
    </p>
   </div>
   <div class='ocr_carea' id='block_1_49' title="bbox 473 3311 2050 3391">
    <p class='ocr_par' dir='ltr' id='par_1_49' title="bbox 473 3311 2050 3391">
     <span class='ocr_line' id='line_1_49' title="bbox 473 3311 2050 3391; baseline 0.008 -27"><span class='ocrx_word' id='word_1_356' title='bbox 473 3311 762 3381; x_wconf 76' lang='lat' dir='ltr'><strong>imaginem</strong></span> <span class='ocrx_word' id='word_1_357' title='bbox 810 3311 906 3368; x_wconf 91' lang='lat' dir='ltr'><strong>Dei</strong></span> <span class='ocrx_word' id='word_1_358' title='bbox 956 3312 1096 3370; x_wconf 82' lang='lat' dir='ltr'><strong>facta</strong></span> <span class='ocrx_word' id='word_1_359' title='bbox 1125 3331 1208 3384; x_wconf 92' lang='lat' dir='ltr'><strong>es,</strong></span> <span class='ocrx_word' id='word_1_360' title='bbox 1255 3333 1350 3386; x_wconf 83' lang='lat' dir='ltr'><strong>per</strong></span> <span class='ocrx_word' id='word_1_361' title='bbox 1373 3319 1521 3389; x_wconf 91' lang='lat' dir='ltr'><strong>quod</strong></span> <span class='ocrx_word' id='word_1_362' title='bbox 1559 3319 1701 3375; x_wconf 88' lang='lat' dir='ltr'><strong>inest</strong></span> <span class='ocrx_word' id='word_1_363' title='bbox 1741 3321 1836 3376; x_wconf 91' lang='lat' dir='ltr'><strong>tibi</strong></span> <span class='ocrx_word' id='word_1_364' title='bbox 1879 3321 2050 3391; x_wconf 87' lang='lat' dir='ltr'><strong>pluri-</strong></span> 
     </span>
    </p>
   </div>
   <div class='ocr_carea' id='block_1_50' title="bbox 472 3401 2048 3480">
    <p class='ocr_par' dir='ltr' id='par_1_50' title="bbox 472 3401 2048 3480">
     <span class='ocr_line' id='line_1_50' title="bbox 472 3401 2048 3480; baseline 0.008 -26"><span class='ocrx_word' id='word_1_365' title='bbox 472 3415 621 3454; x_wconf 90' lang='lat' dir='ltr'><strong>mum</strong></span> <span class='ocrx_word' id='word_1_366' title='bbox 651 3401 912 3458; x_wconf 86' lang='lat' dir='ltr'><strong>naturalis</strong></span> <span class='ocrx_word' id='word_1_367' title='bbox 936 3404 1167 3474; x_wconf 90' lang='lat' dir='ltr'><strong>decoris,</strong></span> <span class='ocrx_word' id='word_1_368' title='bbox 1195 3416 1248 3462; x_wconf 90' lang='lat' dir='ltr'><strong>et</strong></span> <span class='ocrx_word' id='word_1_369' title='bbox 1276 3410 1594 3480; x_wconf 83' lang='lat' dir='ltr'><strong>cognoveris</strong></span> <span class='ocrx_word' id='word_1_370' title='bbox 1624 3425 1787 3480; x_wconf 87' lang='lat' dir='ltr'><strong>quam</strong></span> <span class='ocrx_word' id='word_1_371' title='bbox 1823 3413 2048 3480; x_wconf 90' lang='lat' dir='ltr'><strong>pulchra</strong></span> 
     </span>
    </p>
   </div>
   <div class='ocr_carea' id='block_1_51' title="bbox 472 3492 2048 3573">
    <p class='ocr_par' dir='ltr' id='par_1_51' title="bbox 472 3492 2048 3573">
     <span class='ocr_line' id='line_1_51' title="bbox 472 3492 2048 3573; baseline 0.011 -27"><span class='ocrx_word' id='word_1_372' title='bbox 472 3508 600 3548; x_wconf 89' lang='lat' dir='ltr'><strong>eras</strong></span> <span class='ocrx_word' id='word_1_373' title='bbox 628 3507 695 3548; x_wconf 83' lang='lat' dir='ltr'><strong>ex</strong></span> <span class='ocrx_word' id='word_1_374' title='bbox 729 3492 915 3562; x_wconf 90' lang='lat' dir='ltr'><strong>initio;</strong></span> <span class='ocrx_word' id='word_1_375' title='bbox 950 3499 1202 3566; x_wconf 81' lang='lat' dir='ltr'><strong>quamvis</strong></span> <span class='ocrx_word' id='word_1_376' title='bbox 1235 3508 1291 3554; x_wconf 90' lang='lat' dir='ltr'><strong>et</strong></span> <span class='ocrx_word' id='word_1_377' title='bbox 1325 3517 1472 3558; x_wconf 90' lang='lat' dir='ltr'><strong>nunc</strong></span> <span class='ocrx_word' id='word_1_378' title='bbox 1497 3503 1608 3573; x_wconf 89' lang='lat' dir='ltr'><strong>jam</strong></span> <span class='ocrx_word' id='word_1_379' title='bbox 1641 3505 1918 3572; x_wconf 77' lang='lat' dir='ltr'><strong>praecellas</strong></span> <span class='ocrx_word' id='word_1_380' title='bbox 1947 3522 2048 3562; x_wconf 75' lang='lat' dir='ltr'><strong>eae-</strong></span> 
     </span>
    </p>
   </div>
   <div class='ocr_carea' id='block_1_52' title="bbox 470 3583 2046 3664">
    <p class='ocr_par' dir='ltr' id='par_1_52' title="bbox 470 3583 2046 3664">
     <span class='ocr_line' id='line_1_52' title="bbox 470 3583 2046 3664; baseline 0.011 -28"><span class='ocrx_word' id='word_1_381' title='bbox 470 3591 620 3638; x_wconf 75' lang='lat' dir='ltr'><strong>tcras</strong></span> <span class='ocrx_word' id='word_1_382' title='bbox 659 3583 935 3649; x_wconf 88' lang='lat' dir='ltr'><strong>mulieres,</strong></span> <span class='ocrx_word' id='word_1_383' title='bbox 982 3595 1036 3642; x_wconf 92' lang='lat' dir='ltr'><strong>et</strong></span> <span class='ocrx_word' id='word_1_384' title='bbox 1066 3589 1293 3658; x_wconf 89' lang='lat' dir='ltr'><strong>pulchra</strong></span> <span class='ocrx_word' id='word_1_385' title='bbox 1343 3592 1486 3648; x_wconf 90' lang='lat' dir='ltr'><strong>inter</strong></span> <span class='ocrx_word' id='word_1_386' title='bbox 1528 3608 1622 3650; x_wconf 88' lang='lat' dir='ltr'><strong>eas</strong></span> <span class='ocrx_word' id='word_1_387' title='bbox 1665 3596 1781 3650; x_wconf 88' lang='lat' dir='ltr'><strong>sola</strong></span> <span class='ocrx_word' id='word_1_388' title='bbox 1823 3597 2046 3664; x_wconf 85' lang='lat' dir='ltr'><strong>dicaris,</strong></span> 
     </span>
    </p>
   </div>
   <div class='ocr_carea' id='block_1_53' title="bbox 474 3675 2046 3755">
    <p class='ocr_par' dir='ltr' id='par_1_53' title="bbox 474 3675 2046 3755">
     <span class='ocr_line' id='line_1_53' title="bbox 474 3675 2046 3755; baseline 0.011 -28"><span class='ocrx_word' id='word_1_389' title='bbox 474 3683 652 3730; x_wconf 68' lang='lat' dir='ltr'><strong>tamen</strong></span> <span class='ocrx_word' id='word_1_390' title='bbox 685 3675 791 3731; x_wconf 91' lang='lat' dir='ltr'><strong>nisi</strong></span> <span class='ocrx_word' id='word_1_391' title='bbox 825 3681 1148 3748; x_wconf 75' lang='lat' dir='ltr'><strong>cognoveris</strong></span> <span class='ocrx_word' id='word_1_392' title='bbox 1197 3683 1422 3753; x_wconf 88' lang='lat' dir='ltr'><strong>teipsam</strong></span> <span class='ocrx_word' id='word_1_393' title='bbox 1470 3701 1592 3755; x_wconf 85' lang='lat' dir='ltr'><strong>quae</strong></span> <span class='ocrx_word' id='word_1_394' title='bbox 1621 3687 1730 3753; x_wconf 90' lang='lat' dir='ltr'><strong>sis,</strong></span> <span class='ocrx_word' id='word_1_395' title='bbox 1762 3704 1870 3743; x_wconf 89' lang='lat' dir='ltr'><strong>non</strong></span> <span class='ocrx_word' id='word_1_396' title='bbox 1903 3690 2046 3744; x_wconf 89' lang='lat' dir='ltr'><strong>enim</strong></span> 
     </span>
    </p>
   </div>
   <div class='ocr_carea' id='block_1_54' title="bbox 469 3770 2050 3852">
    <p class='ocr_par' dir='ltr' id='par_1_54' title="bbox 469 3770 2050 3852">
     <span class='ocr_line' id='line_1_54' title="bbox 469 3770 2050 3852; baseline 0.011 -32"><span class='ocrx_word' id='word_1_397' title='bbox 469 3782 535 3820; x_wconf 81' lang='lat' dir='ltr'><strong>ex</strong></span> <span class='ocrx_word' id='word_1_398' title='bbox 567 3770 972 3838; x_wconf 86' lang='lat' dir='ltr'><strong>comparatione</strong></span> <span class='ocrx_word' id='word_1_399' title='bbox 1001 3771 1318 3829; x_wconf 84' lang='lat' dir='ltr'><strong>inferiorum</strong></span> <span class='ocrx_word' id='word_1_400' title='bbox 1347 3779 1471 3830; x_wconf 85' lang='lat' dir='ltr'><strong>volo</strong></span> <span class='ocrx_word' id='word_1_401' title='bbox 1504 3778 1700 3833; x_wconf 89' lang='lat' dir='ltr'><strong>bonam</strong></span> <span class='ocrx_word' id='word_1_402' title='bbox 1727 3781 1894 3835; x_wconf 87' lang='lat' dir='ltr'><strong>videri</strong></span> <span class='ocrx_word' id='word_1_403' title='bbox 1930 3783 2050 3852; x_wconf 82' lang='lat' dir='ltr'><strong>pul-</strong></span> 
     </span>
    </p>
   </div>
   <div class='ocr_carea' id='block_1_55' title="bbox 469 3858 2049 3936">
    <p class='ocr_par' dir='ltr' id='par_1_55' title="bbox 469 3858 2049 3936">
     <span class='ocr_line' id='line_1_55' title="bbox 469 3858 2049 3936; baseline 0.011 -27"><span class='ocrx_word' id='word_1_404' title='bbox 469 3858 830 3914; x_wconf 86' lang='lat' dir='ltr'><strong>chritudinem</strong></span> <span class='ocrx_word' id='word_1_405' title='bbox 863 3869 1036 3924; x_wconf 89' lang='lat' dir='ltr'><strong>tuam.</strong></span> <span class='ocrx_word' id='word_1_406' title='bbox 1063 3863 1155 3918; x_wconf 89' lang='lat' dir='ltr'><strong>sed</strong></span> <span class='ocrx_word' id='word_1_407' title='bbox 1187 3873 1246 3918; x_wconf 93' lang='lat' dir='ltr'><strong>ut</strong></span> <span class='ocrx_word' id='word_1_408' title='bbox 1277 3866 1372 3919; x_wconf 92' lang='lat' dir='ltr'><strong>tibi</strong></span> <span class='ocrx_word' id='word_1_409' title='bbox 1405 3867 1507 3936; x_wconf 89' lang='lat' dir='ltr'><strong>ipsi</strong></span> <span class='ocrx_word' id='word_1_410' title='bbox 1529 3877 1585 3921; x_wconf 87' lang='lat' dir='ltr'><strong>et</strong></span> <span class='ocrx_word' id='word_1_411' title='bbox 1605 3869 1789 3923; x_wconf 88' lang='lat' dir='ltr'><strong>decori</strong></span> <span class='ocrx_word' id='word_1_412' title='bbox 1814 3878 1907 3925; x_wconf 92' lang='lat' dir='ltr'><strong>tuo</strong></span> <span class='ocrx_word' id='word_1_413' title='bbox 1933 3872 2049 3926; x_wconf 89' lang='lat' dir='ltr'><strong>col--</strong></span> 
     </span>
    </p>
   </div>
   <div class='ocr_carea' id='block_1_56' title="bbox 469 3949 2043 4028">
    <p class='ocr_par' dir='ltr' id='par_1_56' title="bbox 469 3949 2043 4028">
     <span class='ocr_line' id='line_1_56' title="bbox 469 3949 2043 4028; baseline 0.01 -26"><span class='ocrx_word' id='word_1_414' title='bbox 469 3949 578 4002; x_wconf 90' lang='lat' dir='ltr'><strong>lata</strong></span> <span class='ocrx_word' id='word_1_415' title='bbox 613 3959 776 4020; x_wconf 90' lang='lat' dir='ltr'><strong>atque</strong></span> <span class='ocrx_word' id='word_1_416' title='bbox 805 3963 1083 4024; x_wconf 64' lang='lat' dir='ltr'><strong>exaequata</strong></span> <span class='ocrx_word' id='word_1_417' title='bbox 1110 3957 1459 4028; x_wconf 88' lang='lat' dir='ltr'><strong>respondeas.</strong></span> <span class='ocrx_word' id='word_1_418' title='bbox 1496 3958 1653 4025; x_wconf 88' lang='lat' dir='ltr'><strong>Quod</strong></span> <span class='ocrx_word' id='word_1_419' title='bbox 1689 3960 1793 4015; x_wconf 92' lang='lat' dir='ltr'><strong>nisi</strong></span> <span class='ocrx_word' id='word_1_420' title='bbox 1829 3961 2043 4028; x_wconf 85' lang='lat' dir='ltr'><strong>feceris,</strong></span> 
     </span>
    </p>
   </div>
   <div class='ocr_carea' id='block_1_57' title="bbox 463 4038 2049 4122">
    <p class='ocr_par' dir='ltr' id='par_1_57' title="bbox 463 4038 2049 4122">
     <span class='ocr_line' id='line_1_57' title="bbox 463 4038 2049 4122; baseline 0.009 -30"><span class='ocrx_word' id='word_1_421' title='bbox 463 4038 632 4108; x_wconf 88' lang='lat' dir='ltr'><strong>jubeo</strong></span> <span class='ocrx_word' id='word_1_422' title='bbox 661 4047 710 4094; x_wconf 91' lang='lat' dir='ltr'><strong>te</strong></span> <span class='ocrx_word' id='word_1_423' title='bbox 737 4041 905 4106; x_wconf 82' lang='lat' dir='ltr'><strong>exire,</strong></span> <span class='ocrx_word' id='word_1_424' title='bbox 949 4053 1004 4098; x_wconf 90' lang='lat' dir='ltr'><strong>et</strong></span> <span class='ocrx_word' id='word_1_425' title='bbox 1029 4045 1080 4098; x_wconf 92' lang='lat' dir='ltr'><strong>in</strong></span> <span class='ocrx_word' id='word_1_426' title='bbox 1111 4048 1316 4103; x_wconf 89' lang='lat' dir='ltr'><strong>ultimis</strong></span> <span class='ocrx_word' id='word_1_427' title='bbox 1355 4064 1580 4120; x_wconf 82' lang='lat' dir='ltr'><strong>gregum</strong></span> <span class='ocrx_word' id='word_1_428' title='bbox 1611 4051 1853 4122; x_wconf 83' lang='lat' dir='ltr'><strong>vestigiis</strong></span> <span class='ocrx_word' id='word_1_429' title='bbox 1881 4053 2049 4108; x_wconf 91' lang='lat' dir='ltr'><strong>collo—</strong></span> 
     </span>
    </p>
   </div>
   <div class='ocr_carea' id='block_1_58' title="bbox 468 4130 2050 4213">
    <p class='ocr_par' dir='ltr' id='par_1_58' title="bbox 468 4130 2050 4213">
     <span class='ocr_line' id='line_1_58' title="bbox 468 4130 2050 4213; baseline 0.008 -29"><span class='ocrx_word' id='word_1_430' title='bbox 468 4131 604 4198; x_wconf 89' lang='lat' dir='ltr'><strong>cari,</strong></span> <span class='ocrx_word' id='word_1_431' title='bbox 640 4139 693 4186; x_wconf 92' lang='lat' dir='ltr'><strong>et</strong></span> <span class='ocrx_word' id='word_1_432' title='bbox 721 4130 835 4202; x_wconf 85' lang='lat' dir='ltr'><strong>jam</strong></span> <span class='ocrx_word' id='word_1_433' title='bbox 864 4148 974 4188; x_wconf 90' lang='lat' dir='ltr'><strong>non</strong></span> <span class='ocrx_word' id='word_1_434' title='bbox 1010 4150 1141 4192; x_wconf 88' lang='lat' dir='ltr'><strong>oves</strong></span> <span class='ocrx_word' id='word_1_435' title='bbox 1168 4151 1344 4207; x_wconf 90' lang='lat' dir='ltr'><strong>neque</strong></span> <span class='ocrx_word' id='word_1_436' title='bbox 1370 4153 1562 4210; x_wconf 85' lang='lat' dir='ltr'><strong>agnos,</strong></span> <span class='ocrx_word' id='word_1_437' title='bbox 1603 4139 1699 4196; x_wconf 90' lang='lat' dir='ltr'><strong>sed</strong></span> <span class='ocrx_word' id='word_1_438' title='bbox 1735 4141 1929 4199; x_wconf 76' lang='lat' dir='ltr'><strong>bmdos</strong></span> <span class='ocrx_word' id='word_1_439' title='bbox 1955 4158 2050 4213; x_wconf 80' lang='lat' dir='ltr'><strong>pa-</strong></span> 
     </span>
    </p>
   </div>
   <div class='ocr_carea' id='block_1_59' title="bbox 469 4225 2040 4302">
    <p class='ocr_par' dir='ltr' id='par_1_59' title="bbox 469 4225 2040 4302">
     <span class='ocr_line' id='line_1_59' title="bbox 469 4225 2040 4302; baseline 0.008 -23"><span class='ocrx_word' id='word_1_440' title='bbox 469 4240 640 4292; x_wconf 86' lang='lat' dir='ltr'><strong>scere,</strong></span> <span class='ocrx_word' id='word_1_441' title='bbox 687 4225 808 4282; x_wconf 92' lang='lat' dir='ltr'><strong>illos</strong></span> <span class='ocrx_word' id='word_1_442' title='bbox 842 4227 1051 4284; x_wconf 91' lang='lat' dir='ltr'><strong>scilicet</strong></span> <span class='ocrx_word' id='word_1_443' title='bbox 1091 4230 1185 4300; x_wconf 92' lang='lat' dir='ltr'><strong>qui</strong></span> <span class='ocrx_word' id='word_1_444' title='bbox 1221 4245 1320 4301; x_wconf 89' lang='lat' dir='ltr'><strong>pro</strong></span> <span class='ocrx_word' id='word_1_445' title='bbox 1361 4234 1627 4302; x_wconf 88' lang='lat' dir='ltr'><strong>pravitate</strong></span> <span class='ocrx_word' id='word_1_446' title='bbox 1667 4242 1722 4290; x_wconf 91' lang='lat' dir='ltr'><strong>et</strong></span> <span class='ocrx_word' id='word_1_447' title='bbox 1748 4235 1972 4292; x_wconf 81' lang='lat' dir='ltr'><strong>lascivia</strong></span> <span class='ocrx_word' id='word_1_448' title='bbox 2009 4251 2040 4291; x_wconf 92' lang='lat' dir='ltr'><strong>a</strong></span> 
     </span>
    </p>
   </div>
   <div class='ocr_carea' id='block_1_60' title="bbox 467 4317 2044 4395">
    <p class='ocr_par' dir='ltr' id='par_1_60' title="bbox 467 4317 2044 4395">
     <span class='ocr_line' id='line_1_60' title="bbox 467 4317 2044 4395; baseline 0.008 -26"><span class='ocrx_word' id='word_1_449' title='bbox 467 4317 707 4373; x_wconf 87' lang='lat' dir='ltr'><strong>sinistris</strong></span> <span class='ocrx_word' id='word_1_450' title='bbox 740 4320 935 4373; x_wconf 90' lang='lat' dir='ltr'><strong>staturi</strong></span> <span class='ocrx_word' id='word_1_451' title='bbox 969 4329 1098 4375; x_wconf 92' lang='lat' dir='ltr'><strong>sunt</strong></span> <span class='ocrx_word' id='word_1_452' title='bbox 1147 4322 1290 4390; x_wconf 89' lang='lat' dir='ltr'><strong>regis</strong></span> <span class='ocrx_word' id='word_1_453' title='bbox 1343 4323 1399 4376; x_wconf 91' lang='lat' dir='ltr'><strong>in</strong></span> <span class='ocrx_word' id='word_1_454' title='bbox 1443 4325 1651 4394; x_wconf 90' lang='lat' dir='ltr'><strong>judicio</strong></span> <span class='ocrx_word' id='word_1_455' title='bbox 1683 4327 2044 4395; x_wconf 62' lang='lat' dir='ltr'><strong>praesidentis.</strong></span> 
     </span>
    </p>
   </div>
   <div class='ocr_carea' id='block_1_61' title="bbox 469 4407 2044 4486">
    <p class='ocr_par' dir='ltr' id='par_1_61' title="bbox 469 4407 2044 4486">
     <span class='ocr_line' id='line_1_61' title="bbox 469 4407 2044 4486; baseline 0.006 -24"><span class='ocrx_word' id='word_1_456' title='bbox 469 4407 535 4462; x_wconf 81' lang='lat' dir='ltr'><strong>Et</strong></span> <span class='ocrx_word' id='word_1_457' title='bbox 562 4424 687 4462; x_wconf 93' lang='lat' dir='ltr'><strong>cum</strong></span> <span class='ocrx_word' id='word_1_458' title='bbox 711 4409 807 4463; x_wconf 89' lang='lat' dir='ltr'><strong>tibi</strong></span> <span class='ocrx_word' id='word_1_459' title='bbox 842 4411 1164 4464; x_wconf 83' lang='lat' dir='ltr'><strong>introductae</strong></span> <span class='ocrx_word' id='word_1_460' title='bbox 1190 4411 1245 4464; x_wconf 92' lang='lat' dir='ltr'><strong>in</strong></span> <span class='ocrx_word' id='word_1_461' title='bbox 1274 4413 1584 4468; x_wconf 90' lang='lat' dir='ltr'><strong>cubiculum</strong></span> <span class='ocrx_word' id='word_1_462' title='bbox 1613 4418 1821 4486; x_wconf 91' lang='lat' dir='ltr'><strong>regium</strong></span> <span class='ocrx_word' id='word_1_463' title='bbox 1855 4428 2044 4474; x_wconf 88' lang='lat' dir='ltr'><strong>osten-</strong></span> 
     </span>
    </p>
   </div>
   <div class='ocr_carea' id='block_1_62' title="bbox 466 4499 2047 4578">
    <p class='ocr_par' dir='ltr' id='par_1_62' title="bbox 466 4499 2047 4578">
     <span class='ocr_line' id='line_1_62' title="bbox 466 4499 2047 4578; baseline 0.008 -26"><span class='ocrx_word' id='word_1_464' title='bbox 466 4499 638 4553; x_wconf 91' lang='lat' dir='ltr'><strong>derim</strong></span> <span class='ocrx_word' id='word_1_465' title='bbox 669 4514 790 4569; x_wconf 84' lang='lat' dir='ltr'><strong>quae</strong></span> <span class='ocrx_word' id='word_1_466' title='bbox 833 4513 1048 4555; x_wconf 87' lang='lat' dir='ltr'><strong>summa</strong></span> <span class='ocrx_word' id='word_1_467' title='bbox 1095 4508 1226 4554; x_wconf 88' lang='lat' dir='ltr'><strong>sunt</strong></span> <span class='ocrx_word' id='word_1_468' title='bbox 1271 4501 1434 4568; x_wconf 89' lang='lat' dir='ltr'><strong>bona,</strong></span> <span class='ocrx_word' id='word_1_469' title='bbox 1478 4505 1524 4558; x_wconf 89' lang='lat' dir='ltr'><strong>si</strong></span> <span class='ocrx_word' id='word_1_470' title='bbox 1570 4519 1680 4559; x_wconf 90' lang='lat' dir='ltr'><strong>non</strong></span> <span class='ocrx_word' id='word_1_471' title='bbox 1725 4508 2047 4578; x_wconf 79' lang='lat' dir='ltr'><strong>cognoveris</strong></span> 
     </span>
    </p>
   </div>
   <div class='ocr_carea' id='block_1_63' title="bbox 2161 2026 3731 2101">
    <p class='ocr_par' dir='ltr' id='par_1_63' title="bbox 2161 2026 3731 2101">
     <span class='ocr_line' id='line_1_63' title="bbox 2161 2026 3731 2101; baseline -0.003 -17"><span class='ocrx_word' id='word_1_472' title='bbox 2161 2030 2386 2096; x_wconf 83' lang='lat' dir='ltr'><strong>stantia,</strong></span> <span class='ocrx_word' id='word_1_473' title='bbox 2437 2040 2491 2086; x_wconf 89' lang='lat' dir='ltr'><strong>et</strong></span> <span class='ocrx_word' id='word_1_474' title='bbox 2517 2031 2646 2101; x_wconf 81' lang='lat' dir='ltr'><strong>quid</strong></span> <span class='ocrx_word' id='word_1_475' title='bbox 2682 2032 2737 2086; x_wconf 89' lang='lat' dir='ltr'><strong>in</strong></span> <span class='ocrx_word' id='word_1_476' title='bbox 2763 2031 3048 2088; x_wconf 80' lang='lat' dir='ltr'><strong>aﬂectibus</strong></span> <span class='ocrx_word' id='word_1_477' title='bbox 3077 2030 3304 2096; x_wconf 86' lang='lat' dir='ltr'><strong>habeat;</strong></span> <span class='ocrx_word' id='word_1_478' title='bbox 3339 2036 3526 2098; x_wconf 87' lang='lat' dir='ltr'><strong>utputa</strong></span> <span class='ocrx_word' id='word_1_479' title='bbox 3563 2036 3620 2081; x_wconf 91' lang='lat' dir='ltr'><strong>ut</strong></span> <span class='ocrx_word' id='word_1_480' title='bbox 3645 2026 3731 2080; x_wconf 88' lang='lat' dir='ltr'><strong>in-</strong></span> 
     </span>
    </p>
   </div>
   <div class='ocr_carea' id='block_1_64' title="bbox 2159 2119 3736 2190">
    <p class='ocr_par' dir='ltr' id='par_1_64' title="bbox 2159 2119 3736 2190">
     <span class='ocr_line' id='line_1_64' title="bbox 2159 2119 3736 2190; baseline 0 -16"><span class='ocrx_word' id='word_1_481' title='bbox 2159 2121 2364 2190; x_wconf 84' lang='lat' dir='ltr'><strong>telligat</strong></span> <span class='ocrx_word' id='word_1_482' title='bbox 2385 2121 2434 2178; x_wconf 88' lang='lat' dir='ltr'><strong>si</strong></span> <span class='ocrx_word' id='word_1_483' title='bbox 2462 2122 2585 2178; x_wconf 84' lang='lat' dir='ltr'><strong>boni</strong></span> <span class='ocrx_word' id='word_1_484' title='bbox 2614 2123 2842 2179; x_wconf 71' lang='lat' dir='ltr'><strong>allectus</strong></span> <span class='ocrx_word' id='word_1_485' title='bbox 2870 2123 2963 2188; x_wconf 86' lang='lat' dir='ltr'><strong>sit,</strong></span> <span class='ocrx_word' id='word_1_486' title='bbox 2997 2135 3091 2178; x_wconf 87' lang='lat' dir='ltr'><strong>aut</strong></span> <span class='ocrx_word' id='word_1_487' title='bbox 3130 2137 3240 2176; x_wconf 90' lang='lat' dir='ltr'><strong>non</strong></span> <span class='ocrx_word' id='word_1_488' title='bbox 3283 2121 3436 2184; x_wconf 85' lang='lat' dir='ltr'><strong>boni,</strong></span> <span class='ocrx_word' id='word_1_489' title='bbox 3470 2132 3563 2174; x_wconf 88' lang='lat' dir='ltr'><strong>aut</strong></span> <span class='ocrx_word' id='word_1_490' title='bbox 3592 2119 3736 2176; x_wconf 82' lang='lat' dir='ltr'><strong>recti</strong></span> 
     </span>
    </p>
   </div>
   <div class='ocr_carea' id='block_1_65' title="bbox 2159 2211 3728 2285">
    <p class='ocr_par' dir='ltr' id='par_1_65' title="bbox 2159 2211 3728 2285">
     <span class='ocr_line' id='line_1_65' title="bbox 2159 2211 3728 2285; baseline 0.002 -22"><span class='ocrx_word' id='word_1_491' title='bbox 2159 2211 2446 2280; x_wconf 87' lang='lat' dir='ltr'><strong>propositi,</strong></span> <span class='ocrx_word' id='word_1_492' title='bbox 2484 2219 2580 2267; x_wconf 88' lang='lat' dir='ltr'><strong>aut</strong></span> <span class='ocrx_word' id='word_1_493' title='bbox 2604 2228 2711 2268; x_wconf 94' lang='lat' dir='ltr'><strong>non</strong></span> <span class='ocrx_word' id='word_1_494' title='bbox 2740 2211 2908 2282; x_wconf 87' lang='lat' dir='ltr'><strong>recti;</strong></span> <span class='ocrx_word' id='word_1_495' title='bbox 2940 2221 2993 2268; x_wconf 91' lang='lat' dir='ltr'><strong>et</strong></span> <span class='ocrx_word' id='word_1_496' title='bbox 3018 2214 3236 2285; x_wconf 89' lang='lat' dir='ltr'><strong>quidem</strong></span> <span class='ocrx_word' id='word_1_497' title='bbox 3261 2212 3310 2268; x_wconf 90' lang='lat' dir='ltr'><strong>si</strong></span> <span class='ocrx_word' id='word_1_498' title='bbox 3337 2212 3492 2276; x_wconf 82' lang='lat' dir='ltr'><strong>recti,</strong></span> <span class='ocrx_word' id='word_1_499' title='bbox 3531 2211 3577 2266; x_wconf 91' lang='lat' dir='ltr'><strong>si</strong></span> <span class='ocrx_word' id='word_1_500' title='bbox 3601 2226 3728 2282; x_wconf 88' lang='lat' dir='ltr'><strong>erga</strong></span> 
     </span>
    </p>
   </div>
   <div class='ocr_carea' id='block_1_66' title="bbox 2158 2303 3734 2372">
    <p class='ocr_par' dir='ltr' id='par_1_66' title="bbox 2158 2303 3734 2372">
     <span class='ocr_line' id='line_1_66' title="bbox 2158 2303 3734 2372; baseline -0.001 -14"><span class='ocrx_word' id='word_1_501' title='bbox 2158 2319 2352 2359; x_wconf 91' lang='lat' dir='ltr'><strong>omnes</strong></span> <span class='ocrx_word' id='word_1_502' title='bbox 2378 2304 2606 2360; x_wconf 88' lang='lat' dir='ltr'><strong>virtutes</strong></span> <span class='ocrx_word' id='word_1_503' title='bbox 2633 2305 2884 2361; x_wconf 89' lang='lat' dir='ltr'><strong>eumdem</strong></span> <span class='ocrx_word' id='word_1_504' title='bbox 2913 2314 3156 2361; x_wconf 88' lang='lat' dir='ltr'><strong>tenorem</strong></span> <span class='ocrx_word' id='word_1_505' title='bbox 3186 2304 3404 2372; x_wconf 88' lang='lat' dir='ltr'><strong>habeat,</strong></span> <span class='ocrx_word' id='word_1_506' title='bbox 3434 2314 3541 2358; x_wconf 89' lang='lat' dir='ltr'><strong>tam</strong></span> <span class='ocrx_word' id='word_1_507' title='bbox 3573 2303 3625 2356; x_wconf 89' lang='lat' dir='ltr'><strong>in</strong></span> <span class='ocrx_word' id='word_1_508' title='bbox 3653 2303 3734 2356; x_wconf 88' lang='lat' dir='ltr'><strong>in-</strong></span> 
     </span>
    </p>
   </div>
   <div class='ocr_carea' id='block_1_67' title="bbox 2158 2396 3734 2470">
    <p class='ocr_par' dir='ltr' id='par_1_67' title="bbox 2158 2396 3734 2470">
     <span class='ocr_line' id='line_1_67' title="bbox 2158 2396 3734 2470; baseline 0 -20"><span class='ocrx_word' id='word_1_509' title='bbox 2158 2396 2449 2466; x_wconf 82' lang='lat' dir='ltr'><strong>telligendo</strong></span> <span class='ocrx_word' id='word_1_510' title='bbox 2475 2413 2640 2468; x_wconf 90' lang='lat' dir='ltr'><strong>quam</strong></span> <span class='ocrx_word' id='word_1_511' title='bbox 2665 2399 2720 2452; x_wconf 93' lang='lat' dir='ltr'><strong>in</strong></span> <span class='ocrx_word' id='word_1_512' title='bbox 2751 2399 2976 2470; x_wconf 89' lang='lat' dir='ltr'><strong>agendo,</strong></span> <span class='ocrx_word' id='word_1_513' title='bbox 3013 2414 3083 2453; x_wconf 89' lang='lat' dir='ltr'><strong>an</strong></span> <span class='ocrx_word' id='word_1_514' title='bbox 3117 2413 3244 2468; x_wconf 89' lang='lat' dir='ltr'><strong>erga</strong></span> <span class='ocrx_word' id='word_1_515' title='bbox 3267 2397 3577 2452; x_wconf 87' lang='lat' dir='ltr'><strong>necessaria</strong></span> <span class='ocrx_word' id='word_1_516' title='bbox 3607 2403 3734 2450; x_wconf 89' lang='lat' dir='ltr'><strong>tan-</strong></span> 
     </span>
    </p>
   </div>
   <div class='ocr_carea' id='block_1_68' title="bbox 2160 2489 3736 2561">
    <p class='ocr_par' dir='ltr' id='par_1_68' title="bbox 2160 2489 3736 2561">
     <span class='ocr_line' id='line_1_68' title="bbox 2160 2489 3736 2561; baseline 0.001 -19"><span class='ocrx_word' id='word_1_517' title='bbox 2160 2498 2272 2543; x_wconf 90' lang='lat' dir='ltr'><strong>tum</strong></span> <span class='ocrx_word' id='word_1_518' title='bbox 2297 2498 2350 2543; x_wconf 91' lang='lat' dir='ltr'><strong>et</strong></span> <span class='ocrx_word' id='word_1_519' title='bbox 2376 2506 2498 2560; x_wconf 81' lang='lat' dir='ltr'><strong>quae</strong></span> <span class='ocrx_word' id='word_1_520' title='bbox 2520 2491 2574 2544; x_wconf 90' lang='lat' dir='ltr'><strong>in</strong></span> <span class='ocrx_word' id='word_1_521' title='bbox 2603 2501 2854 2561; x_wconf 90' lang='lat' dir='ltr'><strong>promptu</strong></span> <span class='ocrx_word' id='word_1_522' title='bbox 2876 2499 3021 2546; x_wconf 87' lang='lat' dir='ltr'><strong>sunt.</strong></span> <span class='ocrx_word' id='word_1_523' title='bbox 3057 2489 3123 2544; x_wconf 85' lang='lat' dir='ltr'><strong>Et</strong></span> <span class='ocrx_word' id='word_1_524' title='bbox 3147 2499 3329 2544; x_wconf 89' lang='lat' dir='ltr'><strong>utrum</strong></span> <span class='ocrx_word' id='word_1_525' title='bbox 3377 2489 3432 2542; x_wconf 92' lang='lat' dir='ltr'><strong>in</strong></span> <span class='ocrx_word' id='word_1_526' title='bbox 3477 2504 3542 2544; x_wconf 91' lang='lat' dir='ltr'><strong>eo</strong></span> <span class='ocrx_word' id='word_1_527' title='bbox 3576 2489 3736 2544; x_wconf 75' lang='lat' dir='ltr'><strong>situt</strong></span> 
     </span>
    </p>
   </div>
   <div class='ocr_carea' id='block_1_69' title="bbox 2157 2580 3726 2652">
    <p class='ocr_par' dir='ltr' id='par_1_69' title="bbox 2157 2580 3726 2652">
     <span class='ocr_line' id='line_1_69' title="bbox 2157 2580 3726 2652; baseline -0.001 -15"><span class='ocrx_word' id='word_1_528' title='bbox 2157 2583 2380 2652; x_wconf 85' lang='lat' dir='ltr'><strong>recipiat</strong></span> <span class='ocrx_word' id='word_1_529' title='bbox 2409 2582 2704 2649; x_wconf 89' lang='lat' dir='ltr'><strong>profectus,</strong></span> <span class='ocrx_word' id='word_1_530' title='bbox 2737 2591 2796 2636; x_wconf 82' lang='lat' dir='ltr'><strong>ut</strong></span> <span class='ocrx_word' id='word_1_531' title='bbox 2824 2591 3084 2652; x_wconf 80' lang='lat' dir='ltr'><strong>augeatur</strong></span> <span class='ocrx_word' id='word_1_532' title='bbox 3129 2582 3183 2635; x_wconf 93' lang='lat' dir='ltr'><strong>in</strong></span> <span class='ocrx_word' id='word_1_533' title='bbox 3238 2580 3510 2636; x_wconf 86' lang='lat' dir='ltr'><strong>intellectu</strong></span> <span class='ocrx_word' id='word_1_534' title='bbox 3545 2596 3726 2635; x_wconf 87' lang='lat' dir='ltr'><strong>rerum</strong></span> 
     </span>
    </p>
   </div>
   <div class='ocr_carea' id='block_1_70' title="bbox 2156 2673 3738 2744">
    <p class='ocr_par' dir='ltr' id='par_1_70' title="bbox 2156 2673 3738 2744">
     <span class='ocr_line' id='line_1_70' title="bbox 2156 2673 3738 2744; baseline -0.001 -16"><span class='ocrx_word' id='word_1_535' title='bbox 2156 2681 2556 2744; x_wconf 84' lang='lat' dir='ltr'><strong>augmentoque</strong></span> <span class='ocrx_word' id='word_1_536' title='bbox 2589 2673 2875 2738; x_wconf 88' lang='lat' dir='ltr'><strong>virtutum,</strong></span> <span class='ocrx_word' id='word_1_537' title='bbox 2902 2688 2971 2727; x_wconf 91' lang='lat' dir='ltr'><strong>an</strong></span> <span class='ocrx_word' id='word_1_538' title='bbox 3031 2673 3085 2727; x_wconf 92' lang='lat' dir='ltr'><strong>in</strong></span> <span class='ocrx_word' id='word_1_539' title='bbox 3119 2673 3228 2728; x_wconf 88' lang='lat' dir='ltr'><strong>isto</strong></span> <span class='ocrx_word' id='word_1_540' title='bbox 3257 2682 3362 2728; x_wconf 88' lang='lat' dir='ltr'><strong>stet</strong></span> <span class='ocrx_word' id='word_1_541' title='bbox 3395 2682 3448 2727; x_wconf 90' lang='lat' dir='ltr'><strong>et</strong></span> <span class='ocrx_word' id='word_1_542' title='bbox 3473 2673 3738 2739; x_wconf 61' lang='lat' dir='ltr'><strong>resideat,</strong></span> 
     </span>
    </p>
   </div>
   <div class='ocr_carea' id='block_1_71' title="bbox 2157 2764 3729 2835">
    <p class='ocr_par' dir='ltr' id='par_1_71' title="bbox 2157 2764 3729 2835">
     <span class='ocr_line' id='line_1_71' title="bbox 2157 2764 3729 2835; baseline -0.001 -16"><span class='ocrx_word' id='word_1_543' title='bbox 2157 2765 2211 2819; x_wconf 90' lang='lat' dir='ltr'><strong>in</strong></span> <span class='ocrx_word' id='word_1_544' title='bbox 2246 2764 2389 2834; x_wconf 87' lang='lat' dir='ltr'><strong>quod</strong></span> <span class='ocrx_word' id='word_1_545' title='bbox 2444 2766 2624 2835; x_wconf 88' lang='lat' dir='ltr'><strong>potuit</strong></span> <span class='ocrx_word' id='word_1_546' title='bbox 2669 2764 2986 2833; x_wconf 87' lang='lat' dir='ltr'><strong>pervenire;</strong></span> <span class='ocrx_word' id='word_1_547' title='bbox 3030 2772 3084 2819; x_wconf 90' lang='lat' dir='ltr'><strong>et</strong></span> <span class='ocrx_word' id='word_1_548' title='bbox 3125 2774 3307 2818; x_wconf 89' lang='lat' dir='ltr'><strong>utrum</strong></span> <span class='ocrx_word' id='word_1_549' title='bbox 3367 2779 3496 2834; x_wconf 89' lang='lat' dir='ltr'><strong>erga</strong></span> <span class='ocrx_word' id='word_1_550' title='bbox 3531 2773 3729 2819; x_wconf 89' lang='lat' dir='ltr'><strong>semet-</strong></span> 
     </span>
    </p>
   </div>
   <div class='ocr_carea' id='block_1_72' title="bbox 2156 2853 3728 2926">
    <p class='ocr_par' dir='ltr' id='par_1_72' title="bbox 2156 2853 3728 2926">
     <span class='ocr_line' id='line_1_72' title="bbox 2156 2853 3728 2926; baseline 0 -16"><span class='ocrx_word' id='word_1_551' title='bbox 2156 2856 2332 2926; x_wconf 81' lang='lat' dir='ltr'><strong>ipsam</strong></span> <span class='ocrx_word' id='word_1_552' title='bbox 2397 2856 2781 2912; x_wconf 85' lang='lat' dir='ltr'><strong>tantummodo</strong></span> <span class='ocrx_word' id='word_1_553' title='bbox 2851 2864 3003 2910; x_wconf 84' lang='lat' dir='ltr'><strong>vacet</strong></span> <span class='ocrx_word' id='word_1_554' title='bbox 3049 2855 3422 2923; x_wconf 71' lang='lat' dir='ltr'><strong>excolendam,</strong></span> <span class='ocrx_word' id='word_1_555' title='bbox 3476 2871 3545 2910; x_wconf 87' lang='lat' dir='ltr'><strong>au</strong></span> <span class='ocrx_word' id='word_1_556' title='bbox 3603 2853 3728 2910; x_wconf 90' lang='lat' dir='ltr'><strong>aliis</strong></span> 
     </span>
    </p>
   </div>
   <div class='ocr_carea' id='block_1_73' title="bbox 2156 2945 3735 3018">
    <p class='ocr_par' dir='ltr' id='par_1_73' title="bbox 2156 2945 3735 3018">
     <span class='ocr_line' id='line_1_73' title="bbox 2156 2945 3735 3018; baseline -0.001 -17"><span class='ocrx_word' id='word_1_557' title='bbox 2156 2947 2416 3018; x_wconf 84' lang='lat' dir='ltr'><strong>prodesse</strong></span> <span class='ocrx_word' id='word_1_558' title='bbox 2447 2959 2500 3003; x_wconf 82' lang='lat' dir='ltr'><strong>et</strong></span> <span class='ocrx_word' id='word_1_559' title='bbox 2524 2945 2776 3001; x_wconf 86' lang='lat' dir='ltr'><strong>conferre</strong></span> <span class='ocrx_word' id='word_1_560' title='bbox 2804 2945 3010 3016; x_wconf 88' lang='lat' dir='ltr'><strong>aliquid</strong></span> <span class='ocrx_word' id='word_1_561' title='bbox 3061 2945 3308 3002; x_wconf 88' lang='lat' dir='ltr'><strong>utilitatis</strong></span> <span class='ocrx_word' id='word_1_562' title='bbox 3352 2946 3585 3011; x_wconf 87' lang='lat' dir='ltr'><strong>studeat,</strong></span> <span class='ocrx_word' id='word_1_563' title='bbox 3643 2945 3735 3000; x_wconf 78' lang='lat' dir='ltr'><strong>vel</strong></span> 
     </span>
    </p>
   </div>
   <div class='ocr_carea' id='block_1_74' title="bbox 2156 3038 3739 3112">
    <p class='ocr_par' dir='ltr' id='par_1_74' title="bbox 2156 3038 3739 3112">
     <span class='ocr_line' id='line_1_74' title="bbox 2156 3038 3739 3112; baseline -0.003 -16"><span class='ocrx_word' id='word_1_564' title='bbox 2156 3042 2210 3096; x_wconf 87' lang='lat' dir='ltr'><strong>in</strong></span> <span class='ocrx_word' id='word_1_565' title='bbox 2242 3041 2407 3097; x_wconf 84' lang='lat' dir='ltr'><strong>verbo</strong></span> <span class='ocrx_word' id='word_1_566' title='bbox 2452 3041 2734 3107; x_wconf 70' lang='lat' dir='ltr'><strong>doctrinae,</strong></span> <span class='ocrx_word' id='word_1_567' title='bbox 2790 3041 2872 3096; x_wconf 86' lang='lat' dir='ltr'><strong>vel</strong></span> <span class='ocrx_word' id='word_1_568' title='bbox 2923 3041 2978 3096; x_wconf 89' lang='lat' dir='ltr'><strong>in</strong></span> <span class='ocrx_word' id='word_1_569' title='bbox 3027 3041 3292 3112; x_wconf 81' lang='lat' dir='ltr'><strong>exemplis</strong></span> <span class='ocrx_word' id='word_1_570' title='bbox 3327 3047 3626 3110; x_wconf 89' lang='lat' dir='ltr'><strong>gestorum.</strong></span> <span class='ocrx_word' id='word_1_571' title='bbox 3667 3038 3739 3094; x_wconf 71' lang='lat' dir='ltr'><strong>Si,</strong></span> 
     </span>
    </p>
   </div>
   <div class='ocr_carea' id='block_1_75' title="bbox 2152 3130 3723 3204">
    <p class='ocr_par' dir='ltr' id='par_1_75' title="bbox 2152 3130 3723 3204">
     <span class='ocr_line' id='line_1_75' title="bbox 2152 3130 3723 3204; baseline -0.002 -15"><span class='ocrx_word' id='word_1_572' title='bbox 2152 3149 2284 3189; x_wconf 81' lang='lat' dir='ltr'><strong>vero</strong></span> <span class='ocrx_word' id='word_1_573' title='bbox 2307 3142 2603 3204; x_wconf 87' lang='lat' dir='ltr'><strong>cognoscat</strong></span> <span class='ocrx_word' id='word_1_574' title='bbox 2631 3133 2976 3202; x_wconf 83' lang='lat' dir='ltr'><strong>semetipsam</strong></span> <span class='ocrx_word' id='word_1_575' title='bbox 3021 3148 3131 3188; x_wconf 92' lang='lat' dir='ltr'><strong>non</strong></span> <span class='ocrx_word' id='word_1_576' title='bbox 3171 3147 3292 3188; x_wconf 90' lang='lat' dir='ltr'><strong>esse</strong></span> <span class='ocrx_word' id='word_1_577' title='bbox 3317 3131 3448 3186; x_wconf 89' lang='lat' dir='ltr'><strong>boni</strong></span> <span class='ocrx_word' id='word_1_578' title='bbox 3474 3130 3723 3198; x_wconf 80' lang='lat' dir='ltr'><strong>aﬂ‘eetus,</strong></span> 
     </span>
    </p>
   </div>
   <div class='ocr_carea' id='block_1_76' title="bbox 2155 3223 3732 3295">
    <p class='ocr_par' dir='ltr' id='par_1_76' title="bbox 2155 3223 3732 3295">
     <span class='ocr_line' id='line_1_76' title="bbox 2155 3223 3732 3295; baseline -0.001 -15"><span class='ocrx_word' id='word_1_579' title='bbox 2155 3240 2332 3295; x_wconf 86' lang='lat' dir='ltr'><strong>neque</strong></span> <span class='ocrx_word' id='word_1_580' title='bbox 2365 3225 2496 3281; x_wconf 89' lang='lat' dir='ltr'><strong>recti</strong></span> <span class='ocrx_word' id='word_1_581' title='bbox 2550 3224 2837 3294; x_wconf 87' lang='lat' dir='ltr'><strong>propositi,</strong></span> <span class='ocrx_word' id='word_1_582' title='bbox 2888 3223 2943 3278; x_wconf 93' lang='lat' dir='ltr'><strong>in</strong></span> <span class='ocrx_word' id='word_1_583' title='bbox 2991 3224 3097 3278; x_wconf 92' lang='lat' dir='ltr'><strong>hoc</strong></span> <span class='ocrx_word' id='word_1_584' title='bbox 3153 3223 3292 3293; x_wconf 91' lang='lat' dir='ltr'><strong>ipso,</strong></span> <span class='ocrx_word' id='word_1_585' title='bbox 3348 3231 3408 3278; x_wconf 92' lang='lat' dir='ltr'><strong>ut</strong></span> <span class='ocrx_word' id='word_1_586' title='bbox 3463 3224 3732 3294; x_wconf 77' lang='lat' dir='ltr'><strong>intelligat</strong></span> 
     </span>
    </p>
   </div>
   <div class='ocr_carea' id='block_1_77' title="bbox 2157 3314 3724 3384">
    <p class='ocr_par' dir='ltr' id='par_1_77' title="bbox 2157 3314 3724 3384">
     <span class='ocr_line' id='line_1_77' title="bbox 2157 3314 3724 3384; baseline 0.001 -16"><span class='ocrx_word' id='word_1_587' title='bbox 2157 3325 2340 3369; x_wconf 90' lang='lat' dir='ltr'><strong>utrum</strong></span> <span class='ocrx_word' id='word_1_588' title='bbox 2372 3315 2423 3370; x_wconf 89' lang='lat' dir='ltr'><strong>ei</strong></span> <span class='ocrx_word' id='word_1_589' title='bbox 2453 3316 2586 3370; x_wconf 87' lang='lat' dir='ltr'><strong>satis</strong></span> <span class='ocrx_word' id='word_1_590' title='bbox 2612 3315 2775 3381; x_wconf 89' lang='lat' dir='ltr'><strong>desit,</strong></span> <span class='ocrx_word' id='word_1_591' title='bbox 2820 3324 2874 3369; x_wconf 94' lang='lat' dir='ltr'><strong>ct</strong></span> <span class='ocrx_word' id='word_1_592' title='bbox 2903 3315 3091 3384; x_wconf 76' lang='lat' dir='ltr'><strong>procul</strong></span> <span class='ocrx_word' id='word_1_593' title='bbox 3137 3329 3167 3368; x_wconf 91' lang='lat' dir='ltr'><strong>a</strong></span> <span class='ocrx_word' id='word_1_594' title='bbox 3209 3314 3296 3368; x_wconf 80' lang='lat' dir='ltr'><strong>via</strong></span> <span class='ocrx_word' id='word_1_595' title='bbox 3335 3314 3619 3380; x_wconf 88' lang='lat' dir='ltr'><strong>virtutum,</strong></span> <span class='ocrx_word' id='word_1_596' title='bbox 3655 3330 3724 3370; x_wconf 89' lang='lat' dir='ltr'><strong>an</strong></span> 
     </span>
    </p>
   </div>
   <div class='ocr_carea' id='block_1_78' title="bbox 2151 3405 3726 3477">
    <p class='ocr_par' dir='ltr' id='par_1_78' title="bbox 2151 3405 3726 3477">
     <span class='ocr_line' id='line_1_78' title="bbox 2151 3405 3726 3477; baseline 0 -17"><span class='ocrx_word' id='word_1_597' title='bbox 2151 3407 2206 3460; x_wconf 92' lang='lat' dir='ltr'><strong>in</strong></span> <span class='ocrx_word' id='word_1_598' title='bbox 2240 3405 2361 3476; x_wconf 90' lang='lat' dir='ltr'><strong>ipso</strong></span> <span class='ocrx_word' id='word_1_599' title='bbox 2378 3407 2493 3477; x_wconf 87' lang='lat' dir='ltr'><strong>jam</strong></span> <span class='ocrx_word' id='word_1_600' title='bbox 2522 3407 2696 3477; x_wconf 89' lang='lat' dir='ltr'><strong>posita</strong></span> <span class='ocrx_word' id='word_1_601' title='bbox 2757 3407 2830 3462; x_wconf 91' lang='lat' dir='ltr'><strong>sit</strong></span> <span class='ocrx_word' id='word_1_602' title='bbox 2868 3407 3083 3468; x_wconf 89' lang='lat' dir='ltr'><strong>itinere,</strong></span> <span class='ocrx_word' id='word_1_603' title='bbox 3113 3415 3164 3460; x_wconf 89' lang='lat' dir='ltr'><strong>et</strong></span> <span class='ocrx_word' id='word_1_604' title='bbox 3195 3405 3445 3460; x_wconf 89' lang='lat' dir='ltr'><strong>incedere</strong></span> <span class='ocrx_word' id='word_1_605' title='bbox 3491 3406 3602 3476; x_wconf 88' lang='lat' dir='ltr'><strong>jam</strong></span> <span class='ocrx_word' id='word_1_606' title='bbox 3632 3421 3726 3460; x_wconf 88' lang='lat' dir='ltr'><strong>co-</strong></span> 
     </span>
    </p>
   </div>
   <div class='ocr_carea' id='block_1_79' title="bbox 2150 3493 3725 3568">
    <p class='ocr_par' dir='ltr' id='par_1_79' title="bbox 2150 3493 3725 3568">
     <span class='ocr_line' id='line_1_79' title="bbox 2150 3493 3725 3568; baseline 0.001 -17"><span class='ocrx_word' id='word_1_607' title='bbox 2150 3507 2329 3561; x_wconf 91' lang='lat' dir='ltr'><strong>netur,</strong></span> <span class='ocrx_word' id='word_1_608' title='bbox 2357 3497 2582 3566; x_wconf 90' lang='lat' dir='ltr'><strong>cupiens</strong></span> <span class='ocrx_word' id='word_1_609' title='bbox 2605 3513 2727 3568; x_wconf 73' lang='lat' dir='ltr'><strong>quae</strong></span> <span class='ocrx_word' id='word_1_610' title='bbox 2749 3497 2802 3551; x_wconf 92' lang='lat' dir='ltr'><strong>in</strong></span> <span class='ocrx_word' id='word_1_611' title='bbox 2819 3503 2944 3551; x_wconf 77' lang='lat' dir='ltr'><strong>ante</strong></span> <span class='ocrx_word' id='word_1_612' title='bbox 2963 3500 3089 3550; x_wconf 89' lang='lat' dir='ltr'><strong>sunt</strong></span> <span class='ocrx_word' id='word_1_613' title='bbox 3109 3493 3510 3565; x_wconf 88' lang='lat' dir='ltr'><strong>apprehendere</strong></span> <span class='ocrx_word' id='word_1_614' title='bbox 3525 3504 3574 3551; x_wconf 89' lang='lat' dir='ltr'><strong>et</strong></span> <span class='ocrx_word' id='word_1_615' title='bbox 3601 3513 3725 3566; x_wconf 65' lang='lat' dir='ltr'><strong>quae</strong></span> 
     </span>
    </p>
   </div>
   <div class='ocr_carea' id='block_1_80' title="bbox 2150 3586 3718 3658">
    <p class='ocr_par' dir='ltr' id='par_1_80' title="bbox 2150 3586 3718 3658">
     <span class='ocr_line' id='line_1_80' title="bbox 2150 3586 3718 3658; baseline 0 -16"><span class='ocrx_word' id='word_1_616' title='bbox 2150 3598 2296 3642; x_wconf 89' lang='lat' dir='ltr'><strong>retro</strong></span> <span class='ocrx_word' id='word_1_617' title='bbox 2328 3597 2454 3643; x_wconf 90' lang='lat' dir='ltr'><strong>sunt</strong></span> <span class='ocrx_word' id='word_1_618' title='bbox 2477 3587 2746 3656; x_wconf 81' lang='lat' dir='ltr'><strong>oblivisci,</strong></span> <span class='ocrx_word' id='word_1_619' title='bbox 2769 3587 2863 3644; x_wconf 90' lang='lat' dir='ltr'><strong>sed</strong></span> <span class='ocrx_word' id='word_1_620' title='bbox 2889 3586 3130 3642; x_wconf 89' lang='lat' dir='ltr'><strong>nondum</strong></span> <span class='ocrx_word' id='word_1_621' title='bbox 3153 3588 3670 3658; x_wconf 79' lang='lat' dir='ltr'><strong>appropinquaverit</strong></span> <span class='ocrx_word' id='word_1_622' title='bbox 3701 3607 3718 3654; x_wconf 83' lang='lat'><strong>;</strong></span> 
     </span>
    </p>
   </div>
   <div class='ocr_carea' id='block_1_81' title="bbox 2150 3677 3725 3749">
    <p class='ocr_par' dir='ltr' id='par_1_81' title="bbox 2150 3677 3725 3749">
     <span class='ocr_line' id='line_1_81' title="bbox 2150 3677 3725 3749; baseline 0 -17"><span class='ocrx_word' id='word_1_623' title='bbox 2150 3686 2247 3732; x_wconf 90' lang='lat' dir='ltr'><strong>aut</strong></span> <span class='ocrx_word' id='word_1_624' title='bbox 2277 3677 2521 3747; x_wconf 74' lang='lat' dir='ltr'><strong>proxima</strong></span> <span class='ocrx_word' id='word_1_625' title='bbox 2560 3678 2777 3748; x_wconf 87' lang='lat' dir='ltr'><strong>quidem</strong></span> <span class='ocrx_word' id='word_1_626' title='bbox 2825 3679 2916 3740; x_wconf 86' lang='lat' dir='ltr'><strong>sit,</strong></span> <span class='ocrx_word' id='word_1_627' title='bbox 2949 3679 3190 3732; x_wconf 91' lang='lat' dir='ltr'><strong>nondum</strong></span> <span class='ocrx_word' id='word_1_628' title='bbox 3246 3686 3424 3734; x_wconf 89' lang='lat' dir='ltr'><strong>tamen</strong></span> <span class='ocrx_word' id='word_1_629' title='bbox 3451 3679 3516 3733; x_wconf 90' lang='lat' dir='ltr'><strong>ad</strong></span> <span class='ocrx_word' id='word_1_630' title='bbox 3548 3679 3725 3749; x_wconf 80' lang='lat' dir='ltr'><strong>perfe-</strong></span> 
     </span>
    </p>
   </div>
   <div class='ocr_carea' id='block_1_82' title="bbox 2151 3769 3726 3839">
    <p class='ocr_par' dir='ltr' id='par_1_82' title="bbox 2151 3769 3726 3839">
     <span class='ocr_line' id='line_1_82' title="bbox 2151 3769 3726 3839; baseline 0.002 -14"><span class='ocrx_word' id='word_1_631' title='bbox 2151 3771 2386 3825; x_wconf 87' lang='lat' dir='ltr'><strong>ctionem</strong></span> <span class='ocrx_word' id='word_1_632' title='bbox 2417 3770 2644 3826; x_wconf 89' lang='lat' dir='ltr'><strong>venerit.</strong></span> <span class='ocrx_word' id='word_1_633' title='bbox 2706 3770 2810 3824; x_wconf 89' lang='lat' dir='ltr'><strong>Sed</strong></span> <span class='ocrx_word' id='word_1_634' title='bbox 2861 3779 2914 3824; x_wconf 89' lang='lat' dir='ltr'><strong>et</strong></span> <span class='ocrx_word' id='word_1_635' title='bbox 2950 3770 3005 3824; x_wconf 93' lang='lat' dir='ltr'><strong>in</strong></span> <span class='ocrx_word' id='word_1_636' title='bbox 3053 3785 3121 3825; x_wconf 91' lang='lat' dir='ltr'><strong>eo</strong></span> <span class='ocrx_word' id='word_1_637' title='bbox 3173 3785 3312 3839; x_wconf 89' lang='lat' dir='ltr'><strong>opus</strong></span> <span class='ocrx_word' id='word_1_638' title='bbox 3354 3769 3570 3825; x_wconf 87' lang='lat' dir='ltr'><strong>videtur</strong></span> <span class='ocrx_word' id='word_1_639' title='bbox 3604 3787 3726 3828; x_wconf 86' lang='lat' dir='ltr'><strong>esse</strong></span> 
     </span>
    </p>
   </div>
   <div class='ocr_carea' id='block_1_83' title="bbox 2150 3861 3726 3934">
    <p class='ocr_par' dir='ltr' id='par_1_83' title="bbox 2150 3861 3726 3934">
     <span class='ocr_line' id='line_1_83' title="bbox 2150 3861 3726 3934; baseline 0.003 -20"><span class='ocrx_word' id='word_1_640' title='bbox 2150 3861 2346 3914; x_wconf 71' lang='lat' dir='ltr'><strong>animae</strong></span> <span class='ocrx_word' id='word_1_641' title='bbox 2375 3861 2755 3932; x_wconf 88' lang='lat' dir='ltr'><strong>c0gnoscentis</strong></span> <span class='ocrx_word' id='word_1_642' title='bbox 2783 3862 3155 3930; x_wconf 73' lang='lat' dir='ltr'><strong>semetipsum,</strong></span> <span class='ocrx_word' id='word_1_643' title='bbox 3184 3863 3325 3918; x_wconf 88' lang='lat' dir='ltr'><strong>scire</strong></span> <span class='ocrx_word' id='word_1_644' title='bbox 3377 3863 3424 3917; x_wconf 90' lang='lat' dir='ltr'><strong>si</strong></span> <span class='ocrx_word' id='word_1_645' title='bbox 3473 3864 3588 3919; x_wconf 64' lang='lat' dir='ltr'><strong>hanc</strong></span> <span class='ocrx_word' id='word_1_646' title='bbox 3609 3866 3726 3934; x_wconf 88' lang='lat' dir='ltr'><strong>ipsa</strong></span> 
     </span>
    </p>
   </div>
   <div class='ocr_carea' id='block_1_84' title="bbox 2150 3951 3722 4024">
    <p class='ocr_par' dir='ltr' id='par_1_84' title="bbox 2150 3951 3722 4024">
     <span class='ocr_line' id='line_1_84' title="bbox 2150 3951 3722 4024; baseline 0.001 -19"><span class='ocrx_word' id='word_1_647' title='bbox 2150 3966 2273 4020; x_wconf 82' lang='lat' dir='ltr'><strong>quae</strong></span> <span class='ocrx_word' id='word_1_648' title='bbox 2300 3960 2558 4020; x_wconf 89' lang='lat' dir='ltr'><strong>operatur</strong></span> <span class='ocrx_word' id='word_1_649' title='bbox 2590 3951 2754 4017; x_wconf 89' lang='lat' dir='ltr'><strong>mala,</strong></span> <span class='ocrx_word' id='word_1_650' title='bbox 2815 3966 2878 4006; x_wconf 80' lang='lat' dir='ltr'><strong>ex</strong></span> <span class='ocrx_word' id='word_1_651' title='bbox 2913 3951 3106 4007; x_wconf 78' lang='lat' dir='ltr'><strong>all‘cctu</strong></span> <span class='ocrx_word' id='word_1_652' title='bbox 3137 3961 3192 4008; x_wconf 90' lang='lat' dir='ltr'><strong>et</strong></span> <span class='ocrx_word' id='word_1_653' title='bbox 3236 3954 3419 4008; x_wconf 88' lang='lat' dir='ltr'><strong>studio</strong></span> <span class='ocrx_word' id='word_1_654' title='bbox 3449 3963 3722 4024; x_wconf 87' lang='lat' dir='ltr'><strong>operetur,</strong></span> 
     </span>
    </p>
   </div>
   <div class='ocr_carea' id='block_1_85' title="bbox 2149 4042 3725 4115">
    <p class='ocr_par' dir='ltr' id='par_1_85' title="bbox 2149 4042 3725 4115">
     <span class='ocr_line' id='line_1_85' title="bbox 2149 4042 3725 4115; baseline 0.001 -19"><span class='ocrx_word' id='word_1_655' title='bbox 2149 4058 2217 4096; x_wconf 91' lang='lat' dir='ltr'><strong>an</strong></span> <span class='ocrx_word' id='word_1_656' title='bbox 2252 4042 2542 4112; x_wconf 78' lang='lat' dir='ltr'><strong>fragilitate</strong></span> <span class='ocrx_word' id='word_1_657' title='bbox 2567 4042 2827 4114; x_wconf 88' lang='lat' dir='ltr'><strong>quadam,</strong></span> <span class='ocrx_word' id='word_1_658' title='bbox 2881 4051 2956 4111; x_wconf 89' lang='lat' dir='ltr'><strong>et,</strong></span> <span class='ocrx_word' id='word_1_659' title='bbox 3012 4053 3072 4098; x_wconf 85' lang='lat' dir='ltr'><strong>ut</strong></span> <span class='ocrx_word' id='word_1_660' title='bbox 3122 4045 3212 4100; x_wconf 90' lang='lat' dir='ltr'><strong>ille</strong></span> <span class='ocrx_word' id='word_1_661' title='bbox 3242 4046 3338 4111; x_wconf 85' lang='lat' dir='ltr'><strong>ait,</strong></span> <span class='ocrx_word' id='word_1_662' title='bbox 3366 4046 3512 4115; x_wconf 90' lang='lat' dir='ltr'><strong>quod</strong></span> <span class='ocrx_word' id='word_1_663' title='bbox 3567 4045 3725 4114; x_wconf 90' lang='lat' dir='ltr'><strong>quasi</strong></span> 
     </span>
    </p>
   </div>
   <div class='ocr_carea' id='block_1_86' title="bbox 2151 4134 3728 4205">
    <p class='ocr_par' dir='ltr' id='par_1_86' title="bbox 2151 4134 3728 4205">
     <span class='ocr_line' id='line_1_86' title="bbox 2151 4134 3728 4205; baseline 0.001 -15"><span class='ocrx_word' id='word_1_664' title='bbox 2151 4151 2260 4190; x_wconf 89' lang='lat' dir='ltr'><strong>non</strong></span> <span class='ocrx_word' id='word_1_665' title='bbox 2290 4134 2406 4190; x_wconf 89' lang='lat' dir='ltr'><strong>vult</strong></span> <span class='ocrx_word' id='word_1_666' title='bbox 2437 4151 2627 4205; x_wconf 86' lang='lat' dir='ltr'><strong>agens,</strong></span> <span class='ocrx_word' id='word_1_667' title='bbox 2662 4144 2714 4190; x_wconf 89' lang='lat' dir='ltr'><strong>et</strong></span> <span class='ocrx_word' id='word_1_668' title='bbox 2752 4150 2875 4205; x_wconf 68' lang='lat' dir='ltr'><strong>quae</strong></span> <span class='ocrx_word' id='word_1_669' title='bbox 2902 4135 3017 4191; x_wconf 89' lang='lat' dir='ltr'><strong>odit</strong></span> <span class='ocrx_word' id='word_1_670' title='bbox 3069 4135 3280 4193; x_wconf 83' lang='lat' dir='ltr'><strong>faciens</strong></span> <span class='ocrx_word' id='word_1_671' title='bbox 3308 4139 3374 4204; x_wconf 80' lang='lat'><strong>&quot;,</strong></span> <span class='ocrx_word' id='word_1_672' title='bbox 3426 4146 3482 4192; x_wconf 87' lang='lat' dir='ltr'><strong>ct</strong></span> <span class='ocrx_word' id='word_1_673' title='bbox 3530 4150 3728 4191; x_wconf 83' lang='lat' dir='ltr'><strong>rursus</strong></span> 
     </span>
    </p>
   </div>
   <div class='ocr_carea' id='block_1_87' title="bbox 2147 4226 3725 4297">
    <p class='ocr_par' dir='ltr' id='par_1_87' title="bbox 2147 4226 3725 4297">
     <span class='ocr_line' id='line_1_87' title="bbox 2147 4226 3725 4297; baseline -0.001 -15"><span class='ocrx_word' id='word_1_674' title='bbox 2147 4243 2213 4282; x_wconf 90' lang='lat' dir='ltr'><strong>ea</strong></span> <span class='ocrx_word' id='word_1_675' title='bbox 2246 4242 2366 4297; x_wconf 71' lang='lat' dir='ltr'><strong>quae</strong></span> <span class='ocrx_word' id='word_1_676' title='bbox 2395 4227 2534 4281; x_wconf 89' lang='lat' dir='ltr'><strong>bona</strong></span> <span class='ocrx_word' id='word_1_677' title='bbox 2573 4234 2701 4281; x_wconf 91' lang='lat' dir='ltr'><strong>sunt</strong></span> <span class='ocrx_word' id='word_1_678' title='bbox 2749 4226 3034 4284; x_wconf 73' lang='lat' dir='ltr'><strong>affectibus</strong></span> <span class='ocrx_word' id='word_1_679' title='bbox 3063 4237 3118 4284; x_wconf 90' lang='lat' dir='ltr'><strong>et</strong></span> <span class='ocrx_word' id='word_1_680' title='bbox 3151 4238 3301 4284; x_wconf 90' lang='lat' dir='ltr'><strong>recto</strong></span> <span class='ocrx_word' id='word_1_681' title='bbox 3327 4228 3606 4297; x_wconf 86' lang='lat' dir='ltr'><strong>proposito</strong></span> <span class='ocrx_word' id='word_1_682' title='bbox 3633 4243 3725 4296; x_wconf 87' lang='lat' dir='ltr'><strong>ge-</strong></span> 
     </span>
    </p>
   </div>
   <div class='ocr_carea' id='block_1_88' title="bbox 2149 4317 3719 4391">
    <p class='ocr_par' dir='ltr' id='par_1_88' title="bbox 2149 4317 3719 4391">
     <span class='ocr_line' id='line_1_88' title="bbox 2149 4317 3719 4391; baseline -0.001 -17"><span class='ocrx_word' id='word_1_683' title='bbox 2149 4335 2272 4374; x_wconf 85' lang='lat' dir='ltr'><strong>rere</strong></span> <span class='ocrx_word' id='word_1_684' title='bbox 2304 4319 2570 4374; x_wconf 87' lang='lat' dir='ltr'><strong>videatur.</strong></span> <span class='ocrx_word' id='word_1_685' title='bbox 2621 4317 2784 4373; x_wconf 81' lang='lat' dir='ltr'><strong>Verbi</strong></span> <span class='ocrx_word' id='word_1_686' title='bbox 2845 4323 3039 4391; x_wconf 87' lang='lat' dir='ltr'><strong>gratia,</strong></span> <span class='ocrx_word' id='word_1_687' title='bbox 3100 4322 3145 4376; x_wconf 91' lang='lat' dir='ltr'><strong>si</strong></span> <span class='ocrx_word' id='word_1_688' title='bbox 3181 4319 3517 4373; x_wconf 88' lang='lat' dir='ltr'><strong>iracundiam</strong></span> <span class='ocrx_word' id='word_1_689' title='bbox 3575 4318 3719 4387; x_wconf 85' lang='lat' dir='ltr'><strong>apud</strong></span> 
     </span>
    </p>
   </div>
   <div class='ocr_carea' id='block_1_89' title="bbox 2149 4410 3724 4484">
    <p class='ocr_par' dir='ltr' id='par_1_89' title="bbox 2149 4410 3724 4484">
     <span class='ocr_line' id='line_1_89' title="bbox 2149 4410 3724 4484; baseline -0.001 -18"><span class='ocrx_word' id='word_1_690' title='bbox 2149 4414 2364 4483; x_wconf 89' lang='lat' dir='ltr'><strong>aliquos</strong></span> <span class='ocrx_word' id='word_1_691' title='bbox 2387 4414 2605 4484; x_wconf 84' lang='lat' dir='ltr'><strong>quidem</strong></span> <span class='ocrx_word' id='word_1_692' title='bbox 2635 4413 2874 4478; x_wconf 89' lang='lat' dir='ltr'><strong>cohibet,</strong></span> <span class='ocrx_word' id='word_1_693' title='bbox 2923 4411 3067 4481; x_wconf 89' lang='lat' dir='ltr'><strong>apud</strong></span> <span class='ocrx_word' id='word_1_694' title='bbox 3108 4412 3319 4480; x_wconf 85' lang='lat' dir='ltr'><strong>aliquos</strong></span> <span class='ocrx_word' id='word_1_695' title='bbox 3341 4419 3520 4465; x_wconf 89' lang='lat' dir='ltr'><strong>autem</strong></span> <span class='ocrx_word' id='word_1_696' title='bbox 3545 4410 3724 4476; x_wconf 66' lang='grc' dir='ltr'><strong>θεῖοι-ι,</strong></span> 
     </span>
    </p>
   </div>
   <div class='ocr_carea' id='block_1_90' title="bbox 2149 4501 3722 4574">
    <p class='ocr_par' dir='ltr' id='par_1_90' title="bbox 2149 4501 3722 4574">
     <span class='ocr_line' id='line_1_90' title="bbox 2149 4501 3722 4574; baseline -0.001 -17"><span class='ocrx_word' id='word_1_697' title='bbox 2149 4517 2217 4558; x_wconf 90' lang='lat' dir='ltr'><strong>an</strong></span> <span class='ocrx_word' id='word_1_698' title='bbox 2243 4519 2460 4574; x_wconf 89' lang='lat' dir='ltr'><strong>semper</strong></span> <span class='ocrx_word' id='word_1_699' title='bbox 2487 4520 2606 4558; x_wconf 87' lang='lat' dir='ltr'><strong>eam</strong></span> <span class='ocrx_word' id='word_1_700' title='bbox 2659 4503 2898 4568; x_wconf 89' lang='lat' dir='ltr'><strong>cohibet,</strong></span> <span class='ocrx_word' id='word_1_701' title='bbox 2929 4511 2984 4557; x_wconf 89' lang='lat' dir='ltr'><strong>et</strong></span> <span class='ocrx_word' id='word_1_702' title='bbox 3039 4501 3182 4572; x_wconf 86' lang='lat' dir='ltr'><strong>apud</strong></span> <span class='ocrx_word' id='word_1_703' title='bbox 3233 4501 3443 4556; x_wconf 90' lang='lat' dir='ltr'><strong>nullum</strong></span> <span class='ocrx_word' id='word_1_704' title='bbox 3498 4502 3722 4557; x_wconf 89' lang='lat' dir='ltr'><strong>omnino</strong></span> 
     </span>
    </p>
   </div>
   <div class='ocr_carea' id='block_1_91' title="bbox 467 4591 3722 4668">
    <p class='ocr_par' dir='ltr' id='par_1_91' title="bbox 467 4591 3722 4668">
     <span class='ocr_line' id='line_1_91' title="bbox 467 4591 3722 4668; baseline 0.002 -27"><span class='ocrx_word' id='word_1_705' title='bbox 467 4591 833 4661; x_wconf 88' lang='lat' dir='ltr'><strong>temetipsam,</strong></span> <span class='ocrx_word' id='word_1_706' title='bbox 864 4592 1146 4648; x_wconf 89' lang='lat' dir='ltr'><strong>ostendam</strong></span> <span class='ocrx_word' id='word_1_707' title='bbox 1201 4591 1299 4646; x_wconf 90' lang='lat' dir='ltr'><strong>tibi</strong></span> <span class='ocrx_word' id='word_1_708' title='bbox 1343 4593 1506 4649; x_wconf 89' lang='lat' dir='ltr'><strong>etiam</strong></span> <span class='ocrx_word' id='word_1_709' title='bbox 1533 4611 1656 4666; x_wconf 68' lang='lat' dir='ltr'><strong>quae</strong></span> <span class='ocrx_word' id='word_1_710' title='bbox 1697 4606 1827 4653; x_wconf 88' lang='lat' dir='ltr'><strong>sunt</strong></span> <span class='ocrx_word' id='word_1_711' title='bbox 1860 4600 2048 4656; x_wconf 91' lang='lat' dir='ltr'><strong>ultima</strong></span> <span class='ocrx_word' id='word_1_712' title='bbox 2081 4613 2124 4668; x_wconf 79' lang='grc' dir='ltr'>ι)</span> <span class='ocrx_word' id='word_1_713' title='bbox 2151 4597 2378 4667; x_wconf 89' lang='lat' dir='ltr'><strong>profert.</strong></span> <span class='ocrx_word' id='word_1_714' title='bbox 2413 4598 2674 4653; x_wconf 89' lang='lat' dir='ltr'><strong>Similiter</strong></span> <span class='ocrx_word' id='word_1_715' title='bbox 2699 4606 2754 4652; x_wconf 90' lang='lat' dir='ltr'><strong>et</strong></span> <span class='ocrx_word' id='word_1_716' title='bbox 2777 4596 3078 4658; x_wconf 88' lang='lat' dir='ltr'><strong>tristitiam,</strong></span> <span class='ocrx_word' id='word_1_717' title='bbox 3113 4595 3157 4651; x_wconf 87' lang='lat' dir='ltr'><strong>si</strong></span> <span class='ocrx_word' id='word_1_718' title='bbox 3184 4595 3236 4648; x_wconf 94' lang='lat' dir='ltr'><strong>in</strong></span> <span class='ocrx_word' id='word_1_719' title='bbox 3287 4594 3565 4664; x_wconf 88' lang='lat' dir='ltr'><strong>aliquibus</strong></span> <span class='ocrx_word' id='word_1_720' title='bbox 3597 4595 3722 4665; x_wconf 90' lang='lat' dir='ltr'><strong>qui-</strong></span> 
     </span>
    </p>
   </div>
   <div class='ocr_carea' id='block_1_92' title="bbox 467 4681 2047 4754">
    <p class='ocr_par' dir='ltr' id='par_1_92' title="bbox 467 4681 2047 4754">
     <span class='ocr_line' id='line_1_92' title="bbox 467 4681 2047 4754; baseline 0.007 -20"><span class='ocrx_word' id='word_1_721' title='bbox 467 4681 633 4744; x_wconf 80' lang='lat' dir='ltr'><strong>rnala,</strong></span> <span class='ocrx_word' id='word_1_722' title='bbox 675 4691 734 4736; x_wconf 90' lang='lat' dir='ltr'><strong>ut</strong></span> <span class='ocrx_word' id='word_1_723' title='bbox 767 4697 832 4738; x_wconf 79' lang='lat' dir='ltr'><strong>ex</strong></span> <span class='ocrx_word' id='word_1_724' title='bbox 865 4691 1094 4754; x_wconf 90' lang='lat' dir='ltr'><strong>utroque</strong></span> <span class='ocrx_word' id='word_1_725' title='bbox 1126 4683 1401 4754; x_wconf 84' lang='lat' dir='ltr'><strong>proficias,</strong></span> <span class='ocrx_word' id='word_1_726' title='bbox 1449 4694 1556 4740; x_wconf 89' lang='lat' dir='ltr'><strong>tam</strong></span> <span class='ocrx_word' id='word_1_727' title='bbox 1588 4687 1856 4744; x_wconf 90' lang='lat' dir='ltr'><strong>malorum</strong></span> <span class='ocrx_word' id='word_1_728' title='bbox 1898 4699 2047 4744; x_wconf 93' lang='lat' dir='ltr'><strong>metu</strong></span> 
     </span>
    </p>
   </div>
   <div class='ocr_carea' id='block_1_93' title="bbox 467 4771 2049 4840">
    <p class='ocr_par' dir='ltr' id='par_1_93' title="bbox 467 4771 2049 4840">
     <span class='ocr_line' id='line_1_93' title="bbox 467 4771 2049 4840; baseline 0.008 -15"><span class='ocrx_word' id='word_1_729' title='bbox 467 4787 631 4840; x_wconf 85' lang='lat' dir='ltr'><strong>quam</strong></span> <span class='ocrx_word' id='word_1_730' title='bbox 663 4771 928 4826; x_wconf 88' lang='lat' dir='ltr'><strong>bonorum</strong></span> <span class='ocrx_word' id='word_1_731' title='bbox 960 4776 1250 4832; x_wconf 89' lang='lat' dir='ltr'><strong>desiderio.</strong></span> <span class='ocrx_word' id='word_1_732' title='bbox 1290 4774 1346 4831; x_wconf 92' lang='lat' dir='ltr'><strong>Si</strong></span> <span class='ocrx_word' id='word_1_733' title='bbox 1377 4777 1520 4831; x_wconf 90' lang='lat' dir='ltr'><strong>enim</strong></span> <span class='ocrx_word' id='word_1_734' title='bbox 1553 4778 1818 4835; x_wconf 89' lang='lat' dir='ltr'><strong>nescieris</strong></span> <span class='ocrx_word' id='word_1_735' title='bbox 1855 4790 2049 4836; x_wconf 86' lang='lat' dir='ltr'><strong>temet-</strong></span> 
     </span>
    </p>
   </div>
   <div class='ocr_carea' id='block_1_94' title="bbox 468 4862 2051 4934">
    <p class='ocr_par' dir='ltr' id='par_1_94' title="bbox 468 4862 2051 4934">
     <span class='ocr_line' id='line_1_94' title="bbox 468 4862 2051 4934; baseline 0.008 -18"><span class='ocrx_word' id='word_1_736' title='bbox 468 4863 666 4930; x_wconf 86' lang='lat' dir='ltr'><strong>ipsam,</strong></span> <span class='ocrx_word' id='word_1_737' title='bbox 693 4869 747 4916; x_wconf 92' lang='lat' dir='ltr'><strong>et</strong></span> <span class='ocrx_word' id='word_1_738' title='bbox 777 4863 831 4916; x_wconf 92' lang='lat' dir='ltr'><strong>in</strong></span> <span class='ocrx_word' id='word_1_739' title='bbox 860 4862 1169 4932; x_wconf 84' lang='lat' dir='ltr'><strong>ignorantia</strong></span> <span class='ocrx_word' id='word_1_740' title='bbox 1197 4867 1275 4921; x_wconf 91' lang='lat' dir='ltr'><strong>tui</strong></span> <span class='ocrx_word' id='word_1_741' title='bbox 1294 4867 1518 4934; x_wconf 80' lang='lat' dir='ltr'><strong>vixeris,</strong></span> <span class='ocrx_word' id='word_1_742' title='bbox 1544 4883 1644 4924; x_wconf 87' lang='lat' dir='ltr'><strong>nec</strong></span> <span class='ocrx_word' id='word_1_743' title='bbox 1669 4869 1912 4926; x_wconf 73' lang='lat' dir='ltr'><strong>scientia:</strong></span> <span class='ocrx_word' id='word_1_744' title='bbox 1940 4881 2051 4928; x_wconf 85' lang='lat' dir='ltr'><strong>stu-</strong></span> 
     </span>
    </p>
   </div>
   <div class='ocr_carea' id='block_1_95' title="bbox 466 4953 2048 5031">
    <p class='ocr_par' dir='ltr' id='par_1_95' title="bbox 466 4953 2048 5031">
     <span class='ocr_line' id='line_1_95' title="bbox 466 4953 2048 5031; baseline 0.007 -25"><span class='ocrx_word' id='word_1_745' title='bbox 466 4953 615 5006; x_wconf 90' lang='lat' dir='ltr'><strong>dium</strong></span> <span class='ocrx_word' id='word_1_746' title='bbox 631 4953 889 5022; x_wconf 85' lang='lat' dir='ltr'><strong>gesseris,</strong></span> <span class='ocrx_word' id='word_1_747' title='bbox 903 4953 1020 5008; x_wconf 91' lang='lat' dir='ltr'><strong>sine</strong></span> <span class='ocrx_word' id='word_1_748' title='bbox 1035 4955 1200 5010; x_wconf 89' lang='lat' dir='ltr'><strong>dubio</strong></span> <span class='ocrx_word' id='word_1_749' title='bbox 1220 4972 1319 5012; x_wconf 91' lang='lat' dir='ltr'><strong>nec</strong></span> <span class='ocrx_word' id='word_1_750' title='bbox 1340 4959 1747 5014; x_wconf 88' lang='lat' dir='ltr'><strong>tabernaculum</strong></span> <span class='ocrx_word' id='word_1_751' title='bbox 1771 4963 2048 5031; x_wconf 91' lang='lat' dir='ltr'><strong>proprium</strong></span> 
     </span>
    </p>
   </div>
   <div class='ocr_carea' id='block_1_96' title="bbox 467 5042 2051 5117">
    <p class='ocr_par' dir='ltr' id='par_1_96' title="bbox 467 5042 2051 5117">
     <span class='ocr_line' id='line_1_96' title="bbox 467 5042 2051 5117; baseline 0.008 -21"><span class='ocrx_word' id='word_1_752' title='bbox 467 5042 716 5108; x_wconf 87' lang='lat' dir='ltr'><strong>habebis,</strong></span> <span class='ocrx_word' id='word_1_753' title='bbox 737 5042 842 5113; x_wconf 83' lang='lat'><strong><em>57</em></strong></span> <span class='ocrx_word' id='word_1_754' title='bbox 871 5045 1039 5099; x_wconf 87' lang='lat' dir='ltr'><strong>sedet</strong></span> <span class='ocrx_word' id='word_1_755' title='bbox 1061 5061 1154 5114; x_wconf 88' lang='lat' dir='ltr'><strong>per</strong></span> <span class='ocrx_word' id='word_1_756' title='bbox 1173 5051 1806 5117; x_wconf 82' lang='lat' dir='ltr'><strong>pastorumtabernacula</strong></span> <span class='ocrx_word' id='word_1_757' title='bbox 1838 5053 2051 5108; x_wconf 86' lang='lat' dir='ltr'><strong>discur-</strong></span> 
     </span>
    </p>
   </div>
   <div class='ocr_carea' id='block_1_97' title="bbox 469 5135 2048 5214">
    <p class='ocr_par' dir='ltr' id='par_1_97' title="bbox 469 5135 2048 5214">
     <span class='ocr_line' id='line_1_97' title="bbox 469 5135 2048 5214; baseline 0.009 -27"><span class='ocrx_word' id='word_1_758' title='bbox 469 5149 578 5197; x_wconf 88' lang='lat' dir='ltr'><strong>res,</strong></span> <span class='ocrx_word' id='word_1_759' title='bbox 610 5143 664 5188; x_wconf 90' lang='lat' dir='ltr'><strong>et</strong></span> <span class='ocrx_word' id='word_1_760' title='bbox 689 5151 837 5190; x_wconf 85' lang='lat' dir='ltr'><strong>nunc</strong></span> <span class='ocrx_word' id='word_1_761' title='bbox 880 5135 937 5190; x_wconf 91' lang='lat' dir='ltr'><strong>in</strong></span> <span class='ocrx_word' id='word_1_762' title='bbox 993 5135 1138 5193; x_wconf 91' lang='lat' dir='ltr'><strong>illius</strong></span> <span class='ocrx_word' id='word_1_763' title='bbox 1190 5139 1553 5198; x_wconf 88' lang='lat' dir='ltr'><strong>tabernaculis</strong></span> <span class='ocrx_word' id='word_1_764' title='bbox 1593 5143 1830 5212; x_wconf 89' lang='lat' dir='ltr'><strong>pastoris</strong></span> <span class='ocrx_word' id='word_1_765' title='bbox 1857 5161 2048 5214; x_wconf 85' lang='lat' dir='ltr'><strong>pasees</strong></span> 
     </span>
    </p>
   </div>
   <div class='ocr_carea' id='block_1_98' title="bbox 468 5225 2044 5306">
    <p class='ocr_par' dir='ltr' id='par_1_98' title="bbox 468 5225 2044 5306">
     <span class='ocr_line' id='line_1_98' title="bbox 468 5225 2044 5306; baseline 0.011 -30"><span class='ocrx_word' id='word_1_766' title='bbox 468 5225 681 5291; x_wconf 74' lang='lat' dir='ltr'><strong>haedos,</strong></span> <span class='ocrx_word' id='word_1_767' title='bbox 717 5227 1021 5297; x_wconf 90' lang='lat' dir='ltr'><strong>inquietum</strong></span> <span class='ocrx_word' id='word_1_768' title='bbox 1054 5229 1254 5285; x_wconf 89' lang='lat' dir='ltr'><strong>animal</strong></span> <span class='ocrx_word' id='word_1_769' title='bbox 1286 5246 1350 5288; x_wconf 86' lang='lat' dir='ltr'><strong>ac</strong></span> <span class='ocrx_word' id='word_1_770' title='bbox 1375 5249 1572 5304; x_wconf 85' lang='lat' dir='ltr'><strong>vagum</strong></span> <span class='ocrx_word' id='word_1_771' title='bbox 1601 5244 1656 5291; x_wconf 87' lang='lat' dir='ltr'><strong>et</strong></span> <span class='ocrx_word' id='word_1_772' title='bbox 1681 5239 1919 5306; x_wconf 89' lang='lat' dir='ltr'><strong>peccatis</strong></span> <span class='ocrx_word' id='word_1_773' title='bbox 1948 5240 2044 5294; x_wconf 81' lang='lat' dir='ltr'><strong>de-</strong></span> 
     </span>
    </p>
   </div>
   <div class='ocr_carea' id='block_1_99' title="bbox 467 5317 2044 5398">
    <p class='ocr_par' dir='ltr' id='par_1_99' title="bbox 467 5317 2044 5398">
     <span class='ocr_line' id='line_1_99' title="bbox 467 5317 2044 5398; baseline 0.01 -29"><span class='ocrx_word' id='word_1_774' title='bbox 467 5325 741 5384; x_wconf 88' lang='lat' dir='ltr'><strong>putatum.</strong></span> <span class='ocrx_word' id='word_1_775' title='bbox 792 5317 921 5375; x_wconf 74' lang='lat' dir='ltr'><strong>Hane</strong></span> <span class='ocrx_word' id='word_1_776' title='bbox 945 5329 1127 5376; x_wconf 89' lang='lat' dir='ltr'><strong>autem</strong></span> <span class='ocrx_word' id='word_1_777' title='bbox 1187 5323 1429 5392; x_wconf 88' lang='lat' dir='ltr'><strong>patieris,</strong></span> <span class='ocrx_word' id='word_1_778' title='bbox 1479 5327 1654 5382; x_wconf 87' lang='lat' dir='ltr'><strong>donec</strong></span> <span class='ocrx_word' id='word_1_779' title='bbox 1707 5329 1872 5383; x_wconf 90' lang='lat' dir='ltr'><strong>rebus</strong></span> <span class='ocrx_word' id='word_1_780' title='bbox 1911 5329 2044 5398; x_wconf 86' lang='lat' dir='ltr'><strong>ipsis</strong></span> 
     </span>
    </p>
   </div>
   <div class='ocr_carea' id='block_1_100' title="bbox 469 5409 2045 5484">
    <p class='ocr_par' dir='ltr' id='par_1_100' title="bbox 469 5409 2045 5484">
     <span class='ocr_line' id='line_1_100' title="bbox 469 5409 2045 5484; baseline 0.011 -26"><span class='ocrx_word' id='word_1_781' title='bbox 469 5409 937 5477; x_wconf 83' lang='lat' dir='ltr'><strong>ctexperimcntis</strong></span> <span class='ocrx_word' id='word_1_782' title='bbox 982 5411 1276 5484; x_wconf 88' lang='lat' dir='ltr'><strong>intelligas,</strong></span> <span class='ocrx_word' id='word_1_783' title='bbox 1324 5424 1590 5484; x_wconf 86' lang='lat' dir='ltr'><strong>quantum</strong></span> <span class='ocrx_word' id='word_1_784' title='bbox 1643 5417 1772 5472; x_wconf 89' lang='lat' dir='ltr'><strong>mali</strong></span> <span class='ocrx_word' id='word_1_785' title='bbox 1802 5419 1876 5472; x_wconf 92' lang='lat' dir='ltr'><strong>sit</strong></span> <span class='ocrx_word' id='word_1_786' title='bbox 1927 5420 2045 5474; x_wconf 87' lang='lat' dir='ltr'><strong>ani-</strong></span> 
     </span>
    </p>
   </div>
   <div class='ocr_carea' id='block_1_101' title="bbox 473 5501 2040 5579">
    <p class='ocr_par' dir='ltr' id='par_1_101' title="bbox 473 5501 2040 5579">
     <span class='ocr_line' id='line_1_101' title="bbox 473 5501 2040 5579; baseline 0.013 -31"><span class='ocrx_word' id='word_1_787' title='bbox 473 5510 618 5550; x_wconf 88' lang='lat' dir='ltr'><strong>mam</strong></span> <span class='ocrx_word' id='word_1_788' title='bbox 648 5501 858 5557; x_wconf 89' lang='lat' dir='ltr'><strong>nescire</strong></span> <span class='ocrx_word' id='word_1_789' title='bbox 887 5503 1145 5576; x_wconf 90' lang='lat' dir='ltr'><strong>seipsam,</strong></span> <span class='ocrx_word' id='word_1_790' title='bbox 1171 5520 1345 5573; x_wconf 89' lang='lat' dir='ltr'><strong>neque</strong></span> <span class='ocrx_word' id='word_1_791' title='bbox 1369 5507 1830 5576; x_wconf 89' lang='lat' dir='ltr'><strong>pulchritudinem</strong></span> <span class='ocrx_word' id='word_1_792' title='bbox 1861 5527 2040 5579; x_wconf 89' lang='lat' dir='ltr'><strong>suam,</strong></span> 
     </span>
    </p>
   </div>
   <div class='ocr_carea' id='block_1_102' title="bbox 475 5598 2040 5674">
    <p class='ocr_par' dir='ltr' id='par_1_102' title="bbox 475 5598 2040 5674">
     <span class='ocr_line' id='line_1_102' title="bbox 475 5598 2040 5674; baseline 0.012 -32"><span class='ocrx_word' id='word_1_793' title='bbox 475 5601 572 5656; x_wconf 86' lang='lat' dir='ltr'><strong>per</strong></span> <span class='ocrx_word' id='word_1_794' title='bbox 595 5606 760 5663; x_wconf 91' lang='lat' dir='ltr'><strong>quam</strong></span> <span class='ocrx_word' id='word_1_795' title='bbox 791 5598 1052 5666; x_wconf 65' lang='lat' dir='ltr'><strong>praecellit</strong></span> <span class='ocrx_word' id='word_1_796' title='bbox 1085 5608 1331 5666; x_wconf 66' lang='lat' dir='ltr'><strong>caeteras,</strong></span> <span class='ocrx_word' id='word_1_797' title='bbox 1371 5614 1481 5656; x_wconf 92' lang='lat' dir='ltr'><strong>non</strong></span> <span class='ocrx_word' id='word_1_798' title='bbox 1499 5603 1763 5674; x_wconf 88' lang='lat' dir='ltr'><strong>virgines,</strong></span> <span class='ocrx_word' id='word_1_799' title='bbox 1794 5605 1888 5660; x_wconf 88' lang='lat' dir='ltr'><strong>sed</strong></span> <span class='ocrx_word' id='word_1_800' title='bbox 1916 5621 2040 5660; x_wconf 88' lang='lat' dir='ltr'><strong>mu-</strong></span> 
     </span>
    </p>
   </div>
   <div class='ocr_carea' id='block_1_103' title="bbox 2154 4686 3720 4758">
    <p class='ocr_par' dir='ltr' id='par_1_103' title="bbox 2154 4686 3720 4758">
     <span class='ocr_line' id='line_1_103' title="bbox 2154 4686 3720 4758; baseline -0.001 -15"><span class='ocrx_word' id='word_1_801' title='bbox 2154 4689 2275 4743; x_wconf 85' lang='lat' dir='ltr'><strong>dcm</strong></span> <span class='ocrx_word' id='word_1_802' title='bbox 2303 4689 2534 4758; x_wconf 87' lang='lat' dir='ltr'><strong>negotiis</strong></span> <span class='ocrx_word' id='word_1_803' title='bbox 2565 4687 2761 4758; x_wconf 88' lang='lat' dir='ltr'><strong>rejicit,</strong></span> <span class='ocrx_word' id='word_1_804' title='bbox 2797 4686 2851 4740; x_wconf 92' lang='lat' dir='ltr'><strong>in</strong></span> <span class='ocrx_word' id='word_1_805' title='bbox 2883 4686 3158 4757; x_wconf 89' lang='lat' dir='ltr'><strong>aliquibus</strong></span> <span class='ocrx_word' id='word_1_806' title='bbox 3195 4694 3374 4742; x_wconf 87' lang='lat' dir='ltr'><strong>autem</strong></span> <span class='ocrx_word' id='word_1_807' title='bbox 3404 4687 3615 4757; x_wconf 90' lang='lat' dir='ltr'><strong>recipit,</strong></span> <span class='ocrx_word' id='word_1_808' title='bbox 3650 4702 3720 4742; x_wconf 88' lang='lat' dir='ltr'><strong>an</strong></span> 
     </span>
    </p>
   </div>
   <div class='ocr_carea' id='block_1_104' title="bbox 2152 4777 3723 4849">
    <p class='ocr_par' dir='ltr' id='par_1_104' title="bbox 2152 4777 3723 4849">
     <span class='ocr_line' id='line_1_104' title="bbox 2152 4777 3723 4849; baseline 0.001 -15"><span class='ocrx_word' id='word_1_809' title='bbox 2152 4781 2206 4835; x_wconf 91' lang='lat' dir='ltr'><strong>in</strong></span> <span class='ocrx_word' id='word_1_810' title='bbox 2242 4780 2499 4836; x_wconf 89' lang='lat' dir='ltr'><strong>omnibus</strong></span> <span class='ocrx_word' id='word_1_811' title='bbox 2549 4779 2774 4835; x_wconf 91' lang='lat' dir='ltr'><strong>omnino</strong></span> <span class='ocrx_word' id='word_1_812' title='bbox 2808 4793 2918 4833; x_wconf 90' lang='lat' dir='ltr'><strong>non</strong></span> <span class='ocrx_word' id='word_1_813' title='bbox 2974 4778 3186 4849; x_wconf 90' lang='lat' dir='ltr'><strong>recipit.</strong></span> <span class='ocrx_word' id='word_1_814' title='bbox 3241 4777 3316 4834; x_wconf 89' lang='lat' dir='ltr'><strong>Ita</strong></span> <span class='ocrx_word' id='word_1_815' title='bbox 3360 4789 3416 4834; x_wconf 92' lang='lat' dir='ltr'><strong>et</strong></span> <span class='ocrx_word' id='word_1_816' title='bbox 3446 4779 3723 4848; x_wconf 86' lang='lat' dir='ltr'><strong>timorem,</strong></span> 
     </span>
    </p>
   </div>
   <div class='ocr_carea' id='block_1_105' title="bbox 2151 4871 3722 4942">
    <p class='ocr_par' dir='ltr' id='par_1_105' title="bbox 2151 4871 3722 4942">
     <span class='ocr_line' id='line_1_105' title="bbox 2151 4871 3722 4942; baseline -0.001 -14"><span class='ocrx_word' id='word_1_817' title='bbox 2151 4873 2366 4942; x_wconf 89' lang='lat' dir='ltr'><strong>aliaque</strong></span> <span class='ocrx_word' id='word_1_818' title='bbox 2397 4873 2648 4928; x_wconf 86' lang='lat' dir='ltr'><strong>similiter</strong></span> <span class='ocrx_word' id='word_1_819' title='bbox 2669 4888 2790 4941; x_wconf 81' lang='lat' dir='ltr'><strong>quae</strong></span> <span class='ocrx_word' id='word_1_820' title='bbox 2812 4871 3106 4927; x_wconf 88' lang='lat' dir='ltr'><strong>virtutibus</strong></span> <span class='ocrx_word' id='word_1_821' title='bbox 3152 4871 3405 4928; x_wconf 87' lang='lat' dir='ltr'><strong>videntur</strong></span> <span class='ocrx_word' id='word_1_822' title='bbox 3439 4888 3560 4928; x_wconf 90' lang='lat' dir='ltr'><strong>esse</strong></span> <span class='ocrx_word' id='word_1_823' title='bbox 3590 4889 3722 4929; x_wconf 93' lang='lat' dir='ltr'><strong>con-</strong></span> 
     </span>
    </p>
   </div>
   <div class='ocr_carea' id='block_1_106' title="bbox 2150 4962 3720 5033">
    <p class='ocr_par' dir='ltr' id='par_1_106' title="bbox 2150 4962 3720 5033">
     <span class='ocr_line' id='line_1_106' title="bbox 2150 4962 3720 5033; baseline 0 -15"><span class='ocrx_word' id='word_1_824' title='bbox 2150 4964 2335 5018; x_wconf 86' lang='lat' dir='ltr'><strong>traria.</strong></span> <span class='ocrx_word' id='word_1_825' title='bbox 2363 4963 2556 5018; x_wconf 84' lang='lat' dir='ltr'><strong>Adhuc</strong></span> <span class='ocrx_word' id='word_1_826' title='bbox 2581 4970 2635 5017; x_wconf 89' lang='lat' dir='ltr'><strong>et</strong></span> <span class='ocrx_word' id='word_1_827' title='bbox 2667 4962 2798 5018; x_wconf 89' lang='lat' dir='ltr'><strong>illud</strong></span> <span class='ocrx_word' id='word_1_828' title='bbox 2829 4977 2969 5032; x_wconf 88' lang='lat' dir='ltr'><strong>opus</strong></span> <span class='ocrx_word' id='word_1_829' title='bbox 3003 4969 3088 5017; x_wconf 89' lang='lat' dir='ltr'><strong>est</strong></span> <span class='ocrx_word' id='word_1_830' title='bbox 3111 4963 3308 5018; x_wconf 70' lang='lat' dir='ltr'><strong>anima:</strong></span> <span class='ocrx_word' id='word_1_831' title='bbox 3337 4962 3720 5033; x_wconf 85' lang='lat' dir='ltr'><strong>cognoscentis</strong></span> 
     </span>
    </p>
   </div>
   <div class='ocr_carea' id='block_1_107' title="bbox 2151 5053 3724 5127">
    <p class='ocr_par' dir='ltr' id='par_1_107' title="bbox 2151 5053 3724 5127">
     <span class='ocr_line' id='line_1_107' title="bbox 2151 5053 3724 5127; baseline -0.003 -15"><span class='ocrx_word' id='word_1_832' title='bbox 2151 5072 2231 5124; x_wconf 82' lang='lat' dir='ltr'><strong>se,</strong></span> <span class='ocrx_word' id='word_1_833' title='bbox 2267 5056 2313 5112; x_wconf 91' lang='lat' dir='ltr'><strong>si</strong></span> <span class='ocrx_word' id='word_1_834' title='bbox 2342 5056 2524 5127; x_wconf 81' lang='lat' dir='ltr'><strong>gloriae</strong></span> <span class='ocrx_word' id='word_1_835' title='bbox 2578 5056 2808 5109; x_wconf 91' lang='lat' dir='ltr'><strong>multum</strong></span> <span class='ocrx_word' id='word_1_836' title='bbox 2855 5053 3051 5125; x_wconf 90' lang='lat' dir='ltr'><strong>cupida</strong></span> <span class='ocrx_word' id='word_1_837' title='bbox 3086 5053 3178 5118; x_wconf 87' lang='lat' dir='ltr'><strong>sit,</strong></span> <span class='ocrx_word' id='word_1_838' title='bbox 3237 5062 3332 5109; x_wconf 86' lang='lat' dir='ltr'><strong>aut</strong></span> <span class='ocrx_word' id='word_1_839' title='bbox 3383 5067 3597 5122; x_wconf 84' lang='lat' dir='ltr'><strong>parum,</strong></span> <span class='ocrx_word' id='word_1_840' title='bbox 3626 5059 3724 5107; x_wconf 81' lang='lat' dir='ltr'><strong>aut</strong></span> 
     </span>
    </p>
   </div>
   <div class='ocr_carea' id='block_1_108' title="bbox 2152 5141 3723 5215">
    <p class='ocr_par' dir='ltr' id='par_1_108' title="bbox 2152 5141 3723 5215">
     <span class='ocr_line' id='line_1_108' title="bbox 2152 5141 3723 5215; baseline -0.005 -13"><span class='ocrx_word' id='word_1_841' title='bbox 2152 5147 2376 5202; x_wconf 88' lang='lat' dir='ltr'><strong>omnino</strong></span> <span class='ocrx_word' id='word_1_842' title='bbox 2417 5146 2571 5201; x_wconf 88' lang='lat' dir='ltr'><strong>nihil.</strong></span> <span class='ocrx_word' id='word_1_843' title='bbox 2605 5142 2761 5211; x_wconf 92' lang='lat' dir='ltr'><strong>Quod</strong></span> <span class='ocrx_word' id='word_1_844' title='bbox 2811 5144 2936 5198; x_wconf 88' lang='lat' dir='ltr'><strong>inde</strong></span> <span class='ocrx_word' id='word_1_845' title='bbox 2967 5144 3192 5215; x_wconf 87' lang='lat' dir='ltr'><strong>colligit,</strong></span> <span class='ocrx_word' id='word_1_846' title='bbox 3225 5144 3270 5198; x_wconf 92' lang='lat' dir='ltr'><strong>si</strong></span> <span class='ocrx_word' id='word_1_847' title='bbox 3313 5141 3564 5197; x_wconf 90' lang='lat' dir='ltr'><strong>laudibus</strong></span> <span class='ocrx_word' id='word_1_848' title='bbox 3587 5141 3723 5194; x_wconf 86' lang='lat' dir='ltr'><strong>mul-</strong></span> 
     </span>
    </p>
   </div>
   <div class='ocr_carea' id='block_1_109' title="bbox 2149 5232 3718 5306">
    <p class='ocr_par' dir='ltr' id='par_1_109' title="bbox 2149 5232 3718 5306">
     <span class='ocr_line' id='line_1_109' title="bbox 2149 5232 3718 5306; baseline -0.006 -12"><span class='ocrx_word' id='word_1_849' title='bbox 2149 5248 2287 5306; x_wconf 90' lang='lat' dir='ltr'><strong>tum,</strong></span> <span class='ocrx_word' id='word_1_850' title='bbox 2311 5247 2407 5293; x_wconf 88' lang='lat' dir='ltr'><strong>aut</strong></span> <span class='ocrx_word' id='word_1_851' title='bbox 2431 5238 2778 5294; x_wconf 91' lang='lat' dir='ltr'><strong>mediocriter</strong></span> <span class='ocrx_word' id='word_1_852' title='bbox 2819 5237 3138 5303; x_wconf 88' lang='lat' dir='ltr'><strong>delectetur,</strong></span> <span class='ocrx_word' id='word_1_853' title='bbox 3164 5243 3259 5291; x_wconf 91' lang='lat' dir='ltr'><strong>aut</strong></span> <span class='ocrx_word' id='word_1_854' title='bbox 3301 5233 3528 5288; x_wconf 88' lang='lat' dir='ltr'><strong>omnino</strong></span> <span class='ocrx_word' id='word_1_855' title='bbox 3548 5232 3718 5298; x_wconf 88' lang='lat' dir='ltr'><strong>nihil;</strong></span> 
     </span>
    </p>
   </div>
   <div class='ocr_carea' id='block_1_110' title="bbox 2149 5323 3722 5402">
    <p class='ocr_par' dir='ltr' id='par_1_110' title="bbox 2149 5323 3722 5402">
     <span class='ocr_line' id='line_1_110' title="bbox 2149 5323 3722 5402; baseline -0.004 -17"><span class='ocrx_word' id='word_1_856' title='bbox 2149 5331 2274 5386; x_wconf 88' lang='lat' dir='ltr'><strong>etsi</strong></span> <span class='ocrx_word' id='word_1_857' title='bbox 2305 5333 2359 5385; x_wconf 90' lang='lat' dir='ltr'><strong>in</strong></span> <span class='ocrx_word' id='word_1_858' title='bbox 2387 5330 2696 5402; x_wconf 88' lang='lat' dir='ltr'><strong>opprobriis</strong></span> <span class='ocrx_word' id='word_1_859' title='bbox 2728 5331 2882 5395; x_wconf 89' lang='lat' dir='ltr'><strong>satis,</strong></span> <span class='ocrx_word' id='word_1_860' title='bbox 2911 5337 3006 5384; x_wconf 91' lang='lat' dir='ltr'><strong>aut</strong></span> <span class='ocrx_word' id='word_1_861' title='bbox 3030 5343 3245 5398; x_wconf 89' lang='lat' dir='ltr'><strong>parum,</strong></span> <span class='ocrx_word' id='word_1_862' title='bbox 3275 5334 3369 5380; x_wconf 93' lang='lat' dir='ltr'><strong>aut</strong></span> <span class='ocrx_word' id='word_1_863' title='bbox 3393 5323 3616 5378; x_wconf 85' lang='lat' dir='ltr'><strong>omnino</strong></span> <span class='ocrx_word' id='word_1_864' title='bbox 3641 5324 3722 5379; x_wconf 88' lang='lat' dir='ltr'><strong>ni-</strong></span> 
     </span>
    </p>
   </div>
   <div class='ocr_carea' id='block_1_111' title="bbox 2150 5410 3721 5480">
    <p class='ocr_par' dir='ltr' id='par_1_111' title="bbox 2150 5410 3721 5480">
     <span class='ocr_line' id='line_1_111' title="bbox 2150 5410 3721 5480; baseline -0.009 -4"><span class='ocrx_word' id='word_1_865' title='bbox 2150 5422 2228 5476; x_wconf 87' lang='lat' dir='ltr'><strong>hil</strong></span> <span class='ocrx_word' id='word_1_866' title='bbox 2253 5421 2626 5477; x_wconf 88' lang='lat' dir='ltr'><strong>contristetur.</strong></span> <span class='ocrx_word' id='word_1_867' title='bbox 2657 5417 2762 5474; x_wconf 90' lang='lat' dir='ltr'><strong>Sed</strong></span> <span class='ocrx_word' id='word_1_868' title='bbox 2792 5429 2844 5473; x_wconf 89' lang='lat' dir='ltr'><strong>et</strong></span> <span class='ocrx_word' id='word_1_869' title='bbox 2869 5419 2922 5472; x_wconf 91' lang='lat' dir='ltr'><strong>in</strong></span> <span class='ocrx_word' id='word_1_870' title='bbox 2947 5413 3148 5478; x_wconf 90' lang='lat' dir='ltr'><strong>dando,</strong></span> <span class='ocrx_word' id='word_1_871' title='bbox 3173 5421 3228 5467; x_wconf 89' lang='lat' dir='ltr'><strong>et</strong></span> <span class='ocrx_word' id='word_1_872' title='bbox 3271 5410 3585 5480; x_wconf 79' lang='lat' dir='ltr'><strong>accipiendo</strong></span> <span class='ocrx_word' id='word_1_873' title='bbox 3627 5425 3721 5464; x_wconf 79' lang='lat' dir='ltr'><strong>co-</strong></span> 
     </span>
    </p>
   </div>
   <div class='ocr_carea' id='block_1_112' title="bbox 2149 5501 3720 5582">
    <p class='ocr_par' dir='ltr' id='par_1_112' title="bbox 2149 5501 3720 5582">
     <span class='ocr_line' id='line_1_112' title="bbox 2149 5501 3720 5582; baseline -0.006 -18"><span class='ocrx_word' id='word_1_874' title='bbox 2149 5511 2464 5582; x_wconf 85' lang='lat' dir='ltr'><strong>gnoscentis</strong></span> <span class='ocrx_word' id='word_1_875' title='bbox 2489 5511 2686 5564; x_wconf 71' lang='lat' dir='ltr'><strong>anima:</strong></span> <span class='ocrx_word' id='word_1_876' title='bbox 2712 5509 3060 5577; x_wconf 84' lang='lat' dir='ltr'><strong>semetipsam</strong></span> <span class='ocrx_word' id='word_1_877' title='bbox 3108 5515 3238 5560; x_wconf 91' lang='lat' dir='ltr'><strong>sunt</strong></span> <span class='ocrx_word' id='word_1_878' title='bbox 3283 5503 3533 5572; x_wconf 74' lang='lat' dir='ltr'><strong>quaedam</strong></span> <span class='ocrx_word' id='word_1_879' title='bbox 3578 5501 3720 5555; x_wconf 86' lang='lat' dir='ltr'><strong>indi-</strong></span> 
     </span>
    </p>
   </div>
   <div class='ocr_carea' id='block_1_113' title="bbox 2149 5589 3714 5669">
    <p class='ocr_par' dir='ltr' id='par_1_113' title="bbox 2149 5589 3714 5669">
     <span class='ocr_line' id='line_1_113' title="bbox 2149 5589 3714 5669; baseline -0.006 -14"><span class='ocrx_word' id='word_1_880' title='bbox 2149 5601 2254 5664; x_wconf 87' lang='lat' dir='ltr'><strong>cia,</strong></span> <span class='ocrx_word' id='word_1_881' title='bbox 2302 5600 2348 5655; x_wconf 91' lang='lat' dir='ltr'><strong>si</strong></span> <span class='ocrx_word' id='word_1_882' title='bbox 2375 5598 2518 5669; x_wconf 85' lang='lat' dir='ltr'><strong>quod</strong></span> <span class='ocrx_word' id='word_1_883' title='bbox 2563 5597 2750 5653; x_wconf 88' lang='lat' dir='ltr'><strong>tribuit</strong></span> <span class='ocrx_word' id='word_1_884' title='bbox 2791 5603 2847 5652; x_wconf 90' lang='lat' dir='ltr'><strong>ct</strong></span> <span class='ocrx_word' id='word_1_885' title='bbox 2892 5594 3122 5665; x_wconf 62' lang='lat' dir='ltr'><strong>praebuit</strong></span> <span class='ocrx_word' id='word_1_886' title='bbox 3161 5593 3236 5648; x_wconf 89' lang='lat' dir='ltr'><strong>ita</strong></span> <span class='ocrx_word' id='word_1_887' title='bbox 3275 5589 3714 5648; x_wconf 81' lang='lat' dir='ltr'><strong>communicabili</strong></span> 
     </span>
    </p>
   </div>
   <div class='ocr_carea' id='block_1_114' title="bbox 547 5841 2220 5944">
    <p class='ocr_par' dir='ltr' id='par_1_114' title="bbox 547 5841 2220 5944">
     <span class='ocr_line' id='line_1_114' title="bbox 547 5841 2220 5944; baseline 0.003 -17"><span class='ocrx_word' id='word_1_888' title='bbox 547 5869 592 5906; x_wconf 77' lang='grc'><strong>³³</strong></span> <span class='ocrx_word' id='word_1_889' title='bbox 629 5869 646 5927; x_wconf 91' lang='grc'><strong>1</strong></span> <span class='ocrx_word' id='word_1_890' title='bbox 679 5868 805 5925; x_wconf 87' lang='lat' dir='ltr'><strong>Cor.</strong></span> <span class='ocrx_word' id='word_1_891' title='bbox 839 5886 898 5940; x_wconf 82' lang='grc' dir='ltr'><strong>ιι¹</strong></span> <span class='ocrx_word' id='word_1_892' title='bbox 929 5872 978 5940; x_wconf 86' lang='lat'><strong>7,</strong></span> <span class='ocrx_word' id='word_1_893' title='bbox 1012 5875 1063 5930; x_wconf 80' lang='lat'><strong>8.</strong></span> <span class='ocrx_word' id='word_1_894' title='bbox 1141 5876 1185 5907; x_wconf 70' lang='grc' dir='ltr'><strong>’δ</strong></span> <span class='ocrx_word' id='word_1_895' title='bbox 1211 5875 1340 5932; x_wconf 85' lang='lat' dir='ltr'><strong>ibid.</strong></span> <span class='ocrx_word' id='word_1_896' title='bbox 1378 5875 1459 5930; x_wconf 73' lang='grc'><strong>12.</strong></span> <span class='ocrx_word' id='word_1_897' title='bbox 1538 5878 1582 5907; x_wconf 72' lang='grc'><strong>³³</strong></span> <span class='ocrx_word' id='word_1_898' title='bbox 1612 5873 1656 5929; x_wconf 85' lang='lat' dir='ltr'><strong>ll</strong></span> <span class='ocrx_word' id='word_1_899' title='bbox 1685 5877 1808 5934; x_wconf 85' lang='lat' dir='ltr'><strong>Cor.</strong></span> <span class='ocrx_word' id='word_1_900' title='bbox 1840 5841 1922 5944; x_wconf 83' lang='lat' dir='ltr'><strong>In,</strong></span> <span class='ocrx_word' id='word_1_901' title='bbox 1963 5879 2049 5936; x_wconf 86' lang='grc'><strong>18.</strong></span> <span class='ocrx_word' id='word_1_902' title='bbox 2127 5876 2220 5932; x_wconf 70' lang='lat' dir='ltr'><strong>“l‘</strong></span> 
     </span>
    </p>
   </div>
   <div class='ocr_carea' id='block_1_115' title="bbox 927 5841 2600 5944">
    <p class='ocr_par' dir='ltr' id='par_1_115' title="bbox 929 5841 2600 5944">
     <span class='ocr_line' id='line_1_115' title="bbox 929 5841 2600 5944; baseline -0.002 -13"><span class='ocrx_word' id='word_1_903' title='bbox 929 5872 978 5940; x_wconf 84' lang='lat'><strong>7,</strong></span> <span class='ocrx_word' id='word_1_904' title='bbox 1012 5875 1063 5930; x_wconf 76' lang='grc' dir='ltr'><strong>ε.</strong></span> <span class='ocrx_word' id='word_1_905' title='bbox 1141 5875 1459 5932; x_wconf 71' lang='lat' dir='ltr'><strong>“ibid.l&amp;2.</strong></span> <span class='ocrx_word' id='word_1_906' title='bbox 1538 5878 1582 5907; x_wconf 70' lang='grc' dir='ltr'>η</span> <span class='ocrx_word' id='word_1_907' title='bbox 1612 5873 1656 5929; x_wconf 83' lang='grc' dir='ltr'><strong>ιι</strong></span> <span class='ocrx_word' id='word_1_908' title='bbox 1685 5877 1808 5934; x_wconf 85' lang='lat' dir='ltr'><strong>Cor.</strong></span> <span class='ocrx_word' id='word_1_909' title='bbox 1840 5841 1922 5944; x_wconf 69' lang='grc' dir='ltr'>ιιι.</span> <span class='ocrx_word' id='word_1_910' title='bbox 1963 5879 2049 5936; x_wconf 83' lang='lat' dir='ltr'><strong>l8.</strong></span> <span class='ocrx_word' id='word_1_911' title='bbox 2127 5879 2170 5911; x_wconf 71' lang='grc' dir='ltr'><strong>ιε</strong></span> <span class='ocrx_word' id='word_1_912' title='bbox 2198 5876 2352 5932; x_wconf 72' lang='grc' dir='ltr'>ιιυω.</span> <span class='ocrx_word' id='word_1_913' title='bbox 2381 5891 2478 5942; x_wconf 84' lang='lat' dir='ltr'><strong>vn,</strong></span> <span class='ocrx_word' id='word_1_914' title='bbox 2517 5874 2600 5929; x_wconf 63' lang='grc' dir='ltr'><strong>ιε.</strong></span> 
     </span>
    </p>
   </div>
  </div>
