4236 6282
310 360 412 419 125

1626 353 1830 413 LIBER
1869 353 2256 414 SECUNDUS.

3465 362 3569 418 126

312 477 526 544 affectu,
553 482 608 532 et
631 475 793 547 quasi
822 475 913 532 cui
964 474 1276 547 aequitatem
1305 474 1496 532 haberi
1541 477 1682 532 inter
1708 477 1888 532 homi-
1915 479 1963 536 Α
1992 478 2183 533 haedos
2232 479 2288 532 in
2343 477 2712 535 tabernaculis
2769 486 3052 549 pastorum
3096 480 3399 537 alienorum
3431 496 3460 535 a
3489 497 3572 537 se.

313 582 409 623 nes
430 566 671 636 placeat;
700 582 795 634 an,
819 575 880 622 ut
911 565 1003 622 ille
1030 565 1125 633 ait,
1153 581 1221 622 ex
1264 565 1514 635 tristitia,
1543 576 1638 622 aut
1679 581 1747 621 ex
1795 583 1891 622 ne-

311 659 567 715 cessitate
594 661 663 726 ",
714 659 803 715 vel
848 668 998 715 certe
1038 659 1269 732 gratiam
1298 659 1416 718 sive
1461 661 1529 716 ab
1571 661 1890 731 accipienti-

307 751 433 816 bus,
468 751 587 808 sive
613 752 685 806 ab
707 752 1059 807 audientibus
1096 767 1372 823 quaerens.
1421 752 1526 809 Sed
1552 759 1608 808 et
1641 752 1695 807 in
1742 753 1890 808 acci-

305 843 504 914 piendo
534 843 718 898 anima
746 859 869 914 quae
912 846 1198 915 cognoscit
1251 847 1599 917 semetipsam
1628 846 1891 902 observa-

303 937 403 1002 bit,
433 945 621 991 utrum
653 935 1026 992 indifferenter
1075 937 1279 994 habeat
1317 952 1380 992 ea
1405 953 1527 1009 quae
1554 937 1772 1008 accipit,
1819 952 1889 991 an

303 1029 451 1084 velut
477 1044 645 1099 super
667 1029 850 1098 aliquo
874 1028 1022 1084 bono
1050 1030 1302 1100 gaudeat.
1353 1029 1458 1084 Sed
1506 1038 1560 1085 et
1611 1029 1890 1084 intellectu

302 1117 562 1190 pensabit
607 1118 958 1188 semetipsam
1027 1119 1341 1188 hujusmodi
1400 1120 1624 1185 anima,
1689 1127 1752 1174 ut
1801 1133 1894 1173 co-

300 1222 537 1283 gnoscat
562 1227 631 1266 an
663 1211 821 1267 facile
843 1221 1192 1268 commoveat
1218 1211 1601 1282 cujuscunque
1626 1209 1894 1266 verisimi-

298 1304 556 1361 litudinis
585 1304 814 1372 auditio,
844 1312 900 1360 et
931 1304 1271 1374 subripiatur
1295 1301 1409 1375 (49)
1434 1304 1484 1359 ei
1511 1314 1630 1358 arte
1655 1304 1738 1359 vel
1762 1319 1892 1359 sua-

300 1399 590 1464 vitate,vel
609 1397 906 1453 calliditate
924 1411 1264 1464 sermonum,
1283 1411 1352 1451 an
1376 1412 1502 1452 raro
1525 1396 1646 1463 hoc,
1666 1411 1733 1451 an
1757 1412 1891 1451 nun-

301 1506 470 1562 quam
497 1489 723 1546 omnino
747 1488 1006 1560 patiatur.
1056 1487 1163 1545 Sed
1213 1489 1484 1545 sutliciant
1534 1489 1650 1546 haec
1680 1489 1734 1544 in
1783 1490 1889 1547 hoc

298 1583 599 1653 agnitionis
627 1595 825 1652 genere
849 1593 880 1634 a
901 1579 1060 1636 nobis
1085 1579 1249 1636 dicta.
1302 1580 1567 1637 Possibile
1611 1591 1696 1638 est
1737 1582 1884 1638 enim

296 1675 507 1731 volenti
531 1675 730 1729 horum
759 1672 1176 1728 similitudinem
1224 1683 1279 1729 et
1326 1674 1433 1729 alia
1464 1674 1750 1730 innumera
1780 1675 1891 1731 col-

299 1766 494 1838 ligere,
521 1766 722 1837 quibus
767 1779 1099 1834 cognoscere
1141 1765 1491 1835 semetipsam
1528 1765 1712 1820 anima
1755 1781 1883 1835 pro-

1997 566 2293 624 \'ideamus
2331 583 2464 640 ergo
2516 578 2571 624 et
2627 569 2954 638 incipiamus
3010 585 3110 640 pro
3152 572 3362 626 viribus
3407 570 3571 627 etiam

1995 663 2160 732 hujus
2185 662 2357 733 partis
2384 661 2719 734 agnitionem
2745 663 3039 718 discutere.

2069 754 2207 810 Dicit
2235 770 2328 823 per
2382 754 2701 824 prophetam
2749 769 2929 809 sermo
2974 753 3229 808 divinus:
3262 752 3574 811 Illuminate

1995 844 2136 899 vobis
2177 846 2352 898 lumen
2381 843 2637 900 scientitz.
2689 841 2793 897 Sed
2833 851 2886 897 et
2918 843 2972 897 in
3017 843 3179 898 donis
3217 843 3572 913 spiritalibus,

1996 953 2163 993 unum
2193 935 2413 1007 quidem
2440 936 2644 991 donum
2669 935 2968 990 maximum
3003 946 3106 1003 est,
3153 936 3296 1007 quod
3323 952 3417 1006 per
3452 936 3575 1007 Spi-

1992 1027 2160 1082 ritum
2194 1036 2442 1082 sanctum
2467 1027 2830 1092 ministratur,
2862 1043 3040 1083 sermo
3081 1027 3356 1094 scientiae;
3421 1028 3576 1097 cujus

1995 1121 2240 1175 scientia:
2271 1135 2410 1190 opus
2439 1119 2573 1174 illud
2613 1120 2910 1190 principale
2933 1129 3035 1186 est,
3067 1120 3210 1190 quod
3249 1119 3302 1174 in
3332 1120 3578 1190 Evange-

1993 1211 2068 1267 lio
2121 1210 2420 1266 secundum
2461 1210 2773 1266 Matthaaum
2815 1212 3033 1282 quidem
3089 1213 3163 1267 ita
3201 1213 3368 1268 dicit:
3406 1210 3576 1266 Nemo

1993 1309 2134 1363 novit
2178 1305 2382 1360 Filium
2433 1305 2538 1360 nisi
2591 1306 2775 1373 Pater,
2814 1322 2977 1377 neque
3032 1305 3245 1360 Patrem
3272 1307 3388 1376 quis
3433 1306 3576 1360 novit

1991 1404 2094 1457 nisi
2118 1401 2314 1465 Filius,
2346 1409 2396 1454 et
2420 1401 2504 1454 cui
2534 1398 2752 1453 voluerit
2780 1396 2958 1451 Filius
2991 1398 3220 1452 revelare
3247 1399 3313 1452 ’⁸.
3344 1396 3400 1451 In
3426 1396 3572 1452 Luca

1990 1504 2171 1549 autem
2197 1494 2269 1548 ita
2304 1493 2380 1548 ait
2406 1507 2418 1547 :
2449 1491 2618 1545 Nemo
2653 1493 2751 1545 scit
2779 1493 2906 1562 quid
2929 1493 2999 1545 sit
3033 1491 3208 1547 Filius
3234 1493 3339 1547 nisi
3368 1493 3574 1555 Pater;

1988 1599 2037 1642 et
2065 1603 2210 1640 nemo
2243 1587 2340 1640 scit
2364 1585 2490 1656 quid
2529 1586 2597 1638 sit
2634 1582 2795 1638 Pater
2839 1585 2942 1637 nisi
2972 1583 3170 1648 Filius,
3193 1593 3244 1639 et
3274 1586 3358 1639 cui
3395 1585 3576 1640 volne-

1990 1681 2060 1734 rit
2097 1679 2272 1734 Filius
2310 1678 2538 1732 revelare
2565 1679 2630 1730 '9.
2677 1675 2985 1732 Secundum
3018 1675 3282 1732 Joannem
3309 1692 3439 1733 vero
3495 1677 3571 1734 ita

1991 1775 2251 1844 scriptum
2283 1780 2402 1828 est:
2436 1770 2588 1825 Sicut
2608 1771 2843 1841 agnoscit
2873 1787 2954 1825 me
2988 1769 3166 1836 Pater,
3198 1779 3247 1824 et
3281 1787 3372 1840 ego
3409 1787 3574 1840 agna-

294 1859 484 1925 betur,
509 1866 564 1913 et
589 1857 1047 1926 pulchritudinem
1074 1871 1230 1912 suam
1260 1872 1424 1928 quam
1469 1855 1537 1910 ad
1587 1857 1880 1928 imaginem
1915 1833 1958 1891 Β
1985 1883 2074 1922 sco
2098 1833 2316 1919 ξηαπ-ειη
2350 1865 2416 1917 ³ο.
2445 1861 2500 1916 in
2537 1863 2954 1932 quadragesimo
2987 1877 3117 1917 vero
3141 1861 3332 1931 quinto
3359 1863 3571 1931 psalmo

296 1949 397 2006 Dei
427 1951 483 2005 in
509 1950 825 2006 conditione
849 1952 1113 2019 suscepit,
1150 1950 1199 2006 si
1221 1965 1478 2020 reparare
1503 1967 1568 2005 ac
1593 1951 1884 2007 restituere

292 2042 565 2112 potuerit,
595 2043 972 2110 contemplari.
1007 2040 1126 2096 Hoc
1172 2041 1340 2112 igitur
1366 2052 1451 2096 est
1473 2042 1619 2110 quod
1644 2057 1887 2111 praesens

300 2148 494 2189 sermo
518 2133 621 2187 sub
668 2132 848 2202 specie
870 2131 1121 2188 mulieris
1145 2133 1388 2188 animam
1431 2135 1612 2201 docet,
1638 2142 1699 2189 ut
1721 2149 1890 2204 agno-

295 2233 427 2280 seat
471 2223 844 2294 semetipsum,
895 2232 950 2278 et
1005 2223 1083 2279 ait
1130 2223 1299 2280 :Nisi
1360 2225 1659 2296 cognoveris
1706 2233 1885 2280 temet-

293 2317 516 2386 ipsum;
560 2315 665 2370 hoc
712 2323 796 2370 est
845 2313 950 2370 nisi
992 2331 1090 2386 per
1111 2316 1324 2387 singula
1353 2332 1476 2386 quae
1498 2333 1661 2388 supra
1690 2333 1890 2374 memo-

293 2409 545 2465 ravimus
571 2406 793 2462 duxeris
817 2421 1014 2464 sensus
1045 2417 1167 2463 tuos
1189 2449 1204 2475 ,
1251 2415 1306 2462 et
1347 2408 1733 2464 discretionem
1781 2410 1887 2466 sin-

297 2499 559 2570 gulorum
581 2495 849 2563 tenueris,
879 2512 1001 2567 quae
1028 2496 1236 2568 agenda
1282 2497 1412 2562 sint,
1465 2513 1588 2568 qua:
1617 2499 1881 2566 cavenda,

295 2588 433 2659 quid
454 2585 594 2642 desit
615 2586 734 2653 tibi,
757 2595 812 2640 et
837 2585 968 2656 quid
995 2585 1258 2652 abundet,
1299 2587 1429 2657 quid
1478 2589 1880 2645 emendandum

297 2681 394 2746 sit,
422 2680 621 2750 quidve
644 2677 976 2735 servandum
1009 2696 1023 2733 :
1070 2678 1164 2734 sed
1215 2678 1261 2735 si
1300 2679 1542 2736 volueris
1568 2679 1884 2737 indifferen-

305 2785 388 2828 ter
415 2771 740 2843 agereinter
761 2781 988 2833 caeteras
1015 2767 1230 2827 animas
1275 2771 1586 2827 communis
1632 2773 1758 2826 vitae
1782 2773 1885 2828 ho-

300 2865 538 2931 minum,
563 2877 703 2934 quas
749 2862 841 2919 hic
888 2861 1152 2918 mulieres
1183 2859 1438 2933 appellat,
1465 2863 1609 2919 inter
1631 2879 1771 2934 quas
1825 2874 1883 2920 tu

298 2955 530 3027 pulchra
558 2969 638 3022 es,
665 2962 852 3025 utpote
883 2969 1004 3025 quae
1030 2953 1145 3025 jam
1167 2954 1356 3010 oscula
1385 2955 1532 3011 verbi
1563 2954 1657 3010 Dei
1687 2969 1881 3012 susce-

297 3047 549 3119 peris,et
593 3047 831 3103 cubiculi
877 3046 997 3117 ejus
1042 3061 1242 3102 arcana
1289 3045 1665 3118 perspexeris;
1696 3048 1763 3115 si,
1808 3047 1888 3103 in-

1986 1958 2121 2012 dicit
2149 1976 2174 2011 :.
2222 1955 2454 2020 Vacate,
2514 1964 2562 2009 et
2620 1957 2939 2024 cognoscite,
2993 1956 3242 2023 quoniam
3296 1971 3387 2023 ego
3453 1971 3570 2008 sum

1995 2044 2133 2096 Deus
2158 2045 2224 2098 '1.
2256 2044 2424 2112 Igitur
2478 2042 2780 2112 principale
2810 2057 3013 2096 munus
3062 2042 3304 2095 scientiae
3357 2051 3440 2097 est
3472 2058 3571 2095 eoa

1990 2147 2256 2204 gnoscere
2287 2131 2648 2198 Trinitatem;
2683 2131 2925 2186 secundo
2963 2145 3091 2184 vero
3132 2130 3186 2185 in
3218 2130 3340 2185 loco
3371 2145 3575 2201 cegno-

1991 2239 2148 2280 scere
2175 2234 2483 2279 creaturam
2517 2223 2657 2292 ejus,
2695 2223 2996 2278 secundum
3031 2237 3155 2276 eum
3192 2221 3284 2292 qui
3313 2223 3525 2278 dicebat
3555 2242 3569 2279 :

1990 2316 2115 2387 Ipse
2146 2317 2282 2372 enim
2320 2316 2452 2370 mihi
2482 2315 2624 2370 dedit
2653 2315 2838 2368 horum
2868 2330 2985 2385 qua
3021 2322 3144 2368 sunt
3178 2315 3452 2369 scientiam
3481 2331 3569 2370 ver-

1988 2426 2127 2474 ram,
2158 2408 2514 2462 substantiam
2565 2407 2769 2470 mundi,
2800 2415 2850 2460 et
2882 2407 3130 2460 virtutem
3172 2406 3569 2472 elementorum,

1985 2503 2223 2568 initium,
2245 2508 2295 2554 et
2330 2499 2510 2569 linem,
2541 2507 2590 2551 et
2623 2497 2953 2552 medietatem
2979 2505 3268 2566 temporum
3311 2497 3378 2561 ³³,
3399 2506 3453 2550 et
3485 2513 3572 2550 rc-

1985 2594 2153 2664 iiqua.
2180 2589 2324 2648 inter
2351 2591 2467 2645 haec
2489 2605 2619 2660 ergo
2655 2588 2852 2643 animae
2872 2590 2976 2644 erit
3006 2590 3253 2659 quaedam
3292 2589 3454 2643 etiam
3486 2589 3572 2644 sui

1986 2685 2215 2758 agnitio,
2246 2697 2343 2753 per
2368 2696 2534 2753 quam
2559 2682 2698 2736 scire
2733 2678 2894 2736 debet
2921 2696 3040 2754 qua:
3071 2681 3140 2736 sit
3174 2679 3293 2750 ejus
3315 2680 3572 2735 substan-

1986 2775 2083 2843 tia,
2114 2782 2298 2829 utrum
2321 2784 2607 2842 corporea,
2635 2772 2716 2827 vel
2745 2772 3091 2841 incorporea,
3125 2783 3180 2826 et
3211 2778 3396 2824 utrum
3431 2769 3570 2824 sim-

1985 2865 2134 2937 plex,
2167 2863 2252 2919 vel
2275 2878 2342 2918 ex
2366 2861 2603 2925 duobus,
2629 2870 2724 2915 aut
2751 2861 2950 2926 tribus,
2978 2874 3046 2914 an
3070 2874 3200 2914 vero
3229 2876 3292 2914 ex
3319 2859 3570 2929 pluribus

1987 2957 2318 3027 composita.
2374 2953 2482 3010 Sed
2533 2964 2588 3010 et
2630 2952 2790 3022 juxta
2841 2952 3202 3023 quorumdam
3239 2953 3568 3022 quaestiones

1989 3057 2179 3104 utrum
2219 3046 2384 3114 facta,
2416 3061 2482 3101 an
2513 3045 2739 3101 omnino
2769 3059 2798 3100 a
2854 3045 3004 3100 nullo
3033 3044 3209 3112 facta;
3245 3053 3300 3101 et
3346 3045 3392 3101 si
3426 3045 3568 3100 facta

299 3155 492 3211 quam,
522 3154 632 3195 non
659 3147 710 3195 te
733 3138 1080 3211 cognoveris,
1127 3139 1222 3196 sed
1251 3139 1624 3196 indifferenter
1649 3149 1709 3196 ut
1736 3156 1886 3197 com-
1911 3179 1955 3238 ε
1989 3141 2082 3207 sit,
2123 3139 2402 3211 quomodo
2431 3139 2502 3194 sit
2529 3137 2706 3204 facta;
2738 3146 2946 3206 utrum,
2973 3145 3032 3192 ut
3072 3145 3266 3208 putant
3294 3138 3487 3207 aliqui,
3512 3139 3568 3192 in

301 3245 473 3286 mune
506 3231 702 3301 vulgus
728 3245 889 3299 agere
926 3230 1181 3296 volueris,
1229 3231 1317 3285 exi
1366 3230 1422 3285 in
1475 3231 1718 3301 vestigiis
1763 3247 1886 3304 grc-

299 3340 458 3396 gum,
484 3324 538 3380 id
571 3332 653 3379 est
683 3335 802 3380 esto
830 3324 883 3379 in
911 3325 1122 3395 reliquo
1149 3339 1342 3396 grege;
1370 3325 1416 3380 si
1445 3324 1578 3380 nihil
1604 3328 1883 3397 egregium

299 3425 428 3488 post
471 3417 591 3472 hac
623 3417 810 3471 omnia
837 3432 957 3487 quae
981 3417 1033 3470 in
1065 3425 1115 3472 te
1143 3417 1342 3472 collata
1383 3427 1512 3472 sunt
1542 3419 1679 3489 agis,
1707 3433 1885 3488 neque

300 3508 646 3578 temetipsum
703 3520 1045 3578 cognoscens
1101 3521 1132 3562 a
1184 3508 1606 3564 conversatione
1677 3509 1883 3580 gregali

301 3599 760 3671 sequestraveris.
789 3597 856 3653 Et
882 3598 992 3653 eris
1019 3583 1146 3664 non
1183 3599 1358 3654 solum
1389 3600 1443 3654 in
1493 3616 1676 3670 grege,
1701 3601 1796 3656 sed
1825 3598 1882 3655 in

303 3690 552 3762 vestigiis
577 3703 822 3761 gregum.
845 3685 1080 3746 Ultimus
1121 3691 1267 3747 enim
1317 3693 1408 3747 liet
1446 3702 1500 3747 et
1524 3693 1880 3760 novissimus,

300 3785 395 3852 qui
422 3784 696 3854 primatus
721 3796 852 3838 suos
879 3797 988 3839 non
1032 3782 1378 3839 intellexerit.
1428 3782 1496 3838 Et
1540 3782 1610 3839 ob
1638 3784 1743 3840 hoc
1790 3785 1882 3839 ubi

299 3876 586 3932 scientiam
615 3873 935 3947 neglexerit,
982 3889 1208 3932 necesse
1233 3885 1318 3933 est
1367 3876 1878 3933 uteircumt‘eratur

300 3970 448 4024 omni
476 3975 638 4025 vento
665 3967 930 4025 doctrinae
976 3968 1045 4023 ad
1072 3969 1450 4038 deceptionem
1482 3984 1760 4037 errorum,
1804 3969 1881 4025 ita

298 4070 361 4116 ut
385 4061 553 4116 modo
578 4063 795 4132 quidem
823 4061 968 4132 apud
989 4060 1142 4115 illum
1166 4069 1469 4129 pastorem,
1495 4061 1549 4114 id
1582 4068 1666 4114 est.
1693 4063 1883 4116 docto-

298 4160 420 4203 rem
450 4148 600 4204 verbi
644 4147 1057 4204 tabernaculum
1107 4155 1294 4217 ponat,
1351 4161 1499 4203 nunc
1548 4161 1681 4202 vero
1741 4149 1884 4219 apud

299 4239 506 4306 alium;
535 4247 590 4294 et
621 4239 701 4295 sic
743 4239 949 4309 ubique
1003 4236 1456 4305 circumleratur,
1508 4251 1742 4309 pascens
1774 4255 1885 4295 non

299 4345 431 4386 oves
455 4327 602 4404 quod
625 4340 709 4387 est
733 4331 938 4387 animal
967 4331 1218 4402 simplex,
1249 4331 1346 4387 sed
1388 4331 1603 4400 bmdos,
1649 4332 1882 4390 lascivos

297 4433 355 4478 et
380 4424 656 4496 inquietos
684 4439 905 4489 sensus,
933 4424 1044 4496 58
1072 4433 1238 4495 atque
1279 4423 1344 4480 ad
1396 4433 1682 4496 peccatum
1710 4427 1882 4497 depu-

1989 3233 2198 3290 semine
2227 3230 2496 3301 corporali
2517 3230 2683 3285 etiam
2715 3229 2889 3299 ipsius
2913 3229 3216 3284 substantia
3239 3229 3567 3294 continetur,

1987 3335 2042 3384 et
2069 3326 2224 3397 origo
2245 3325 2365 3396 ejus
2387 3324 2590 3395 pariter
2613 3339 2735 3378 cum
2769 3323 2979 3394 origine
3027 3321 3280 3392 corporis
3328 3321 3570 3377 traduci-

1987 3428 2108 3488 tur;
2134 3436 2201 3475 au
2232 3419 2471 3490 perfecta
2515 3414 2859 3472 extrinsecus
2887 3416 3132 3483 veniens,
3169 3425 3360 3487 parato
3378 3416 3488 3484 jam
3517 3422 3572 3469 ct

1986 3511 2224 3567 formato
2253 3512 2397 3566 inter
2427 3510 2634 3566 viscera
2687 3510 2977 3565 muliebria
3029 3524 3262 3580 corpore
3296 3507 3564 3562 induitur.

1985 3603 2052 3658 Et
2083 3604 2126 3659 si
2187 3599 2259 3657 ita
2315 3603 2407 3668 sit,
2439 3612 2624 3658 utrum
2661 3619 2836 3674 nuper
2886 3612 3069 3658 creata
3115 3601 3319 3663 veniat,
3354 3607 3409 3652 et
3441 3607 3570 3652 tunc

1984 3694 2220 3765 primum
2254 3693 2396 3748 facta
2427 3710 2550 3749 cum
2600 3710 2800 3765 corpus
2833 3693 3046 3748 videtur
3096 3707 3218 3747 esse
3249 3691 3567 3754 formatum,

1984 3795 2044 3840 ut
2067 3800 2234 3841 causa
2266 3783 2493 3840 facturae
2537 3785 2656 3855 ejus
2682 3785 2961 3839 animandi
2993 3782 3238 3851 corporis
3267 3780 3569 3835 necessitas

1982 3875 2264 3931 exstitisse
2288 3877 2577 3941 credatur;
2639 3891 2706 3929 an
2742 3873 2897 3943 prius
2929 3881 2982 3927 et
3011 3871 3141 3925 olim
3174 3869 3338 3936 facta,
3372 3871 3442 3926 ob
3464 3871 3570 3925 ali-

1983 3983 2146 4038 quam
2177 3984 2402 4023 causam
2432 3968 2500 4021 ad
2554 3980 2755 4037 corpus
2800 3962 3126 4018 sumendum
3168 3961 3354 4017 venire
3382 3962 3572 4016 existi-

1984 4069 2192 4122 tuetur;
2222 4066 2274 4112 et
2299 4060 2342 4113 si
2367 4074 2431 4112 ex
2466 4074 2635 4112 causa
2665 4059 2850 4125 aliqua
2874 4059 2928 4112 in
2959 4057 3062 4112 hoc
3085 4056 3281 4111 deduci
3303 4055 3567 4118 creditur,

1986 4163 2109 4218 quae
2141 4148 2232 4202 illa
2259 4149 2328 4203 sit
2352 4161 2520 4202 causa
2548 4157 2608 4201 ut
2655 4148 2880 4217 agnosci
2917 4145 3112 4218 possit,
3164 4145 3406 4201 scientiae
3431 4160 3571 4215 opus

1985 4250 2089 4298 est.
2124 4239 2231 4296 Sed
2278 4249 2332 4296 et
2371 4239 2503 4295 illud
2536 4240 2854 4311 requiritur,
2903 4250 3085 4296 utrum
3140 4239 3310 4296 semel
3354 4246 3566 4320 tantum

1986 4347 2214 4404 corpore
2241 4331 2520 4396 induatur,
2553 4340 2608 4387 et
2630 4332 2681 4388 id
2717 4333 3062 4404 postmodum
3089 4331 3392 4403 depositum
3427 4330 3567 4385 ultra

1985 4440 2096 4479 non
2138 4431 2369 4494 quaerat,
2401 4439 2470 4478 an
2494 4439 2618 4478 cum
2665 4423 2833 4480 semel
2885 4432 3200 4494 susceptum
3232 4422 3569 4492 deposuerit,

300 4523 444 4571 tates
471 4515 705 4572 diversis
749 4515 1068 4571 doctoribus
1116 4517 1374 4572 excoleris
1416 4517 1484 4573 ad
1543 4517 1647 4573 hoc
1697 4519 1878 4589 ipsutn
1912 4527 1956 4584 ι)
1987 4513 2184 4569 iterum
2231 4524 2514 4582 assumat;
2573 4522 2627 4570 et
2677 4514 2724 4570 si
2768 4515 3011 4571 secundo
3047 4520 3324 4582 sumptum
3355 4525 3570 4581 semper

300 4607 538 4678 quaesitis
562 4629 577 4666 :
616 4619 670 4666 et
700 4607 818 4665 haec
842 4609 946 4665 erit
972 4622 1134 4678 poena
1156 4610 1331 4681 culpae
1362 4611 1510 4667 illius
1536 4612 1735 4667 animae
1759 4625 1881 4682 quae

304 4697 536 4768 scipsam
579 4715 687 4756 non
735 4699 1004 4756 studuerit
1050 4711 1368 4771 agnoscere,
1393 4711 1448 4756 et
1492 4701 1644 4757 illum
1698 4702 1877 4758 solum

300 4790 454 4858 sequi
481 4800 756 4859 pastorem
785 4787 879 4859 qui
909 4787 1148 4842 animam
1168 4803 1324 4843 suam
1351 4790 1534 4858 posuit
1561 4803 1660 4859 pro
1683 4788 1878 4844 ovibus

301 4881 435 4935 suis.
470 4881 598 4938 [iam
627 4893 712 4938 est
756 4900 866 4940 una
915 4886 1125 4956 species
1171 4900 1278 4956 qua
1333 4883 1633 4953 intelligere
1685 4889 1879 4937 semet-

305 4972 478 5041 ipsam
529 4979 714 5030 anima
767 4977 822 5032 in
863 4977 1146 5034 aﬂ‘ectibus
1178 4986 1233 5034 et
1281 4977 1493 5031 actibus
1520 4974 1637 5030 suis
1659 4972 1875 5029 debeat.

302 5060 398 5119 illa
429 5079 557 5121 vero
587 5068 695 5123 alia
730 5085 859 5138 pars
885 5069 1204 5140 profundior
1251 5076 1335 5124 est
1367 5078 1421 5124 et
1444 5064 1734 5128 ditIicilior.
1767 5080 1876 5135 qua

297 5152 519 5222 jubetur
551 5159 736 5216 anima
774 5177 896 5231 quae
926 5172 1107 5217 tamen
1161 5163 1274 5232 jam
1305 5162 1359 5215 in
1412 5159 1736 5214 mulieribus
1759 5157 1880 5228 pul-

299 5247 435 5301 chra
459 5259 561 5318 est,
591 5267 890 5322 agnoscere
918 5255 1290 5325 semetipsam.
1328 5244 1488 5320 Quod
1537 5252 1584 5308 si
1629 5251 1878 5307 obtinere

299 5342 554 5408 potuerit,
583 5353 766 5413 speret
799 5343 904 5400 sibi
953 5346 1095 5400 bona
1128 5345 1353 5411 omnia;
1404 5343 1450 5399 si
1502 5342 1706 5405 minus,
1739 5341 1877 5396 sciat

297 5433 608 5488 exeundum
640 5434 746 5491 sibi
767 5445 889 5507 post
923 5437 1150 5508 vestigia
1174 5451 1424 5508 gregum,
1457 5445 1512 5490 et
1541 5435 1872 5506 pascendum

1987 4605 2205 4672 habent,
2231 4622 2298 4661 an
2323 4605 2618 4678 aliquando
2657 4605 2854 4662 iterum
2889 4605 3130 4676 abjiciat.
3184 4601 3250 4658 Et
3295 4603 3566 4674 siquidem

1986 4697 2287 4752 secundum
2320 4699 2704 4753 auctoritatem
2732 4696 3140 4766 Scripturarum
3165 4697 3570 4752 consummatio

1987 4787 2269 4842 immineat
2296 4789 2507 4855 mundi,
2533 4797 2587 4842 et
2608 4787 2979 4858 corruptibilis
3000 4795 3174 4842 status
3199 4787 3286 4842 hic
3304 4787 3358 4842 in
3389 4788 3570 4841 incor—

1985 4879 2296 4950 ruptibilem
2328 4881 2676 4944 mutabitur,‘
2692 4880 3010 4952 ambiguum
3041 4897 3148 4935 non
3182 4881 3353 4936 videri
3413 4878 3562 4950 quod

1985 4970 2042 5026 in
2097 4974 2382 5042 praesentis
2438 4973 2560 5028 vitae
2607 4980 2808 5028 statum
2870 4971 3116 5028 secundo
3178 4981 3271 5026 aut
3324 4971 3482 5024 tertio
3515 4971 3570 5024 in

1985 5076 2188 5131 corpus
2219 5062 2407 5117 venire
2432 5059 2624 5131 possit.
2657 5057 2793 5114 Nam
2842 5059 2888 5114 si
2919 5059 3184 5128 recipitur
3209 5056 3331 5121 hoc,
3376 5064 3570 5109 neces-

1986 5153 2135 5210 sario
2165 5155 2416 5223 sequitur
2444 5162 2500 5206 ut
2528 5151 2840 5222 hujusmodi
2897 5147 3343 5205 successionibus
3369 5157 3567 5198 conse-

1987 5247 2284 5318 quentibus
2308 5248 2469 5302 linem
2500 5247 2711 5301 nesciat
2752 5245 3014 5300 mundus.
3051 5241 3119 5298 Et
3139 5241 3320 5297 adhuc
3340 5236 3570 5309 agnitio-

1987 5354 2110 5395 nem
2139 5339 2224 5394 sui
2270 5339 2454 5394 anima
2486 5336 2748 5407 requirat,
2785 5336 2828 5390 si
2887 5341 2973 5391 est
3024 5332 3224 5402 aliquis
3271 5329 3424 5392 ordo.
3473 5335 3570 5382 aut

1986 5440 2119 5488 sunt
2171 5428 2339 5501 aliqui
2386 5429 2612 5500 spiritus
2642 5426 2888 5499 ejusdem
2919 5423 3241 5484 substantia:
3271 5436 3394 5477 cum
3426 5419 3567 5494 ipsa,

371 5587 420 5619 ²⁷
447 5588 488 5645 li
517 5592 647 5648 Cor.
703 5608 780 5661 rx,
813 5594 866 5650 7.
943 5597 988 5628 ‘°
1009 5595 1202 5652 Matth.
1234 5612 1310 5665 tu,
1349 5597 1438 5652 Ξῖ.
1515 5598 1560 5630 ⁸⁸
1593 5595 1726 5652 Luc.
1753 5613 1808 5662 ι,
1851 5597 1888 5651 ‘2

2021 5593 2242 5650 “Joan.
2271 5607 2324 5659 ι,
2356 5593 2440 5648 15.
2517 5592 2559 5624 ³⁸
2592 5592 2738 5648 Psal.
2773 5608 2894 5658 xcv,
2939 5591 3025 5646 it.
3103 5588 3147 5618 ³²
3179 5586 3308 5658 Sap.
3339 5602 3440 5657 vn,
3474 5586 3563 5649 Π,

372 5723 482 5793 (49)
519 5725 680 5779 Libb.
723 5737 878 5784 antea
915 5728 1068 5796 editi,
1106 5744 1175 5782 an
1221 5728 1377 5798 facile
1420 5739 1689 5786 moveatur
1734 5730 2088 5800 cujuscunque
2135 5725 2430 5798 verisimilis
2475 5726 2704 5798 judicio,
2756 5735 2805 5782 ct
2845 5728 2892 5783 ei
2931 5726 3263 5796 subrepatur.
3321 5724 3448 5783 Mss.
3509 5733 3565 5780 ut.

300 5788 357 5845 in
383 5788 574 5850 troStr-o
604 5802 778 5852 textu.
