4236 6282
583 439 688 495 1⁸17

1651 431 1979 491 ORIGENlS
2017 430 2083 486 IN
2121 427 2480 489 CANTlCUM
2517 430 2791 488 CANTIC.

3741 431 3846 488 128

589 559 683 614 alii
714 573 844 615 vero
872 528 981 615 non
1011 559 1275 629 ejusdem,
1309 557 1403 614 sed
1435 556 1640 615 diversi
1688 558 1758 613 ab
1817 572 1902 623 ea,
1928 555 1980 611 id
2014 562 2100 611 cst
2123 557 2169 612 si
2199 560 2243 616 Α
2275 569 2398 609 mus
2420 553 2568 621 quod
2602 560 2854 609 naturain
2868 552 3341 624 substantiamque
3362 566 3525 610 suam
3549 568 3848 625 agnoscere

591 662 722 707 sunt
748 662 802 708 et
834 652 924 706 alii
950 652 1174 722 spiritus
1230 651 1589 706 rationabiles
1614 658 1675 705 ut
1704 650 1822 720 ipsa
1850 657 1954 713 est,
1989 657 2045 704 et
2070 649 2164 703 alii

590 754 841 799 carentes
873 743 1116 808 ratione;
1147 751 1201 798 et
1249 742 1296 799 si
1328 743 1516 797 eadem
1543 751 1629 797 est
1659 742 1830 812 ipsius
1851 756 1971 810 quae
1994 750 2048 796 et
2069 756 2167 795 an-

590 835 835 905 gelorum
861 832 1188 899 substantia,
1223 833 1484 902 quoniam
1515 832 1845 888 rationabile
1870 847 1902 886 a
1934 832 2171 886 rationa-

591 924 688 979 bili
740 940 1084 992 nequaquam
1140 923 1356 979 dili‘erre
1408 924 1668 979 creditur.
1713 925 1822 978 Aut
1847 924 1893 979 si
1927 938 2036 978 non
2087 932 2170 979 est

591 1011 810 1080 quidem
844 1012 970 1066 talis
1002 1027 1097 1081 per
1119 1011 1507 1076 substantiam,
1532 1013 1623 1068 sed
1650 1014 1754 1068 erit
1784 1013 1909 1069 talis
1930 1028 2027 1084 per
2053 1028 2170 1084 gra-

591 1104 743 1169 tiam,
794 1103 841 1159 si
900 1104 1197 1170 meruerit;
1248 1119 1428 1160 annon
1475 1105 1648 1174 possit
1696 1105 1924 1160 omnino
1973 1106 2170 1161 similis

589 1190 724 1247 ellici
755 1192 982 1263 angelis,
1010 1193 1117 1249 nisi
1141 1194 1246 1250 hoc
1275 1207 1481 1249 naturae
1504 1210 1617 1249 suae
1642 1196 1878 1264 qualitas
1900 1205 1994 1250 aut
2016 1195 2170 1251 simi-

591 1283 768 1338 litudo
817 1285 1102 1354 receperit.
1153 1283 1326 1340 Reddi
1354 1287 1499 1341 enim
1541 1301 1700 1354 posse
1725 1285 1995 1341 videbitur
2022 1285 2170 1355 quod

592 1374 856 1429 amissum
888 1382 990 1441 est,
1024 1390 1135 1430 non
1168 1384 1348 1430 tamen
1371 1374 1606 1431 conferri
1657 1375 1709 1430 id
1743 1374 1892 1445 quod
1920 1390 1987 1430 ex
2014 1374 2171 1430 initio

596 1465 851 1521 conditor
900 1482 1010 1521 non
1064 1467 1293 1522 dederit.
1342 1467 1449 1522 Sed
1502 1476 1557 1522 et
1602 1468 1707 1522 hoc
1753 1468 1933 1523 adhuc
1981 1467 2047 1521 ad
2074 1481 2172 1522 co-

594 1557 960 1627 gnoscendam
1025 1559 1370 1628 semetipsam
1430 1559 1611 1613 anima
1646 1559 1888 1628 requirat
1922 1560 1969 1614 si
2000 1560 2173 1614 virtus

595 1649 793 1703 anima:
822 1649 942 1718 ejus
970 1650 1228 1705 accedere
1254 1657 1434 1719 potest
1460 1657 1512 1703 et
1535 1650 1815 1705 decedere.
1842 1649 1925 1703 An
1955 1659 2039 1705 est
2070 1651 2174 1704 im—

596 1738 901 1804 mutabilis,
944 1754 1012 1794 an
1046 1741 1314 1810 acquisita
1352 1741 1519 1795 semel
1554 1742 1696 1796 ultra
1742 1756 1851 1796 non
1880 1740 2086 1797 deﬂuit.
2110 1740 2175 1797 Et

597 1830 729 1899 quid
760 1846 896 1900 opus
924 1841 1007 1886 est
1035 1832 1188 1901 plura
1212 1848 1665 1900 commemorare,
1716 1834 1915 1904 quibus
1942 1850 2009 1890 ex
2039 1850 2174 1889 cau-

2269 643 2482 710 debeat,
2501 651 2554 698 et
2581 651 2782 698 statum
2811 644 2895 698 vel
2935 644 2989 699 in
3019 658 3129 715 quo
3152 642 3353 711 fuerit,
3384 645 3470 700 vel
3503 647 3557 700 in
3580 660 3697 715 quo
3719 645 3846 710 erit,

2269 749 2433 804 grave
2464 734 2740 789 credetur.
2777 734 2911 801 Quae
2938 736 3083 790 enim
3119 737 3278 793 facile
3313 738 3439 792 talis
3479 738 3661 792 anima
3695 738 3847 794 inve-

2271 825 2475 891 nietur,
2520 826 2594 881 ita
2636 825 2899 896 perfecta,
2926 828 3000 882 ita
3033 838 3361 900 praepotens,
3385 831 3475 885 cui
3502 830 3697 884 borum
3726 845 3847 885 om-

2271 916 2428 971 nium
2467 918 2609 973 ratio
2643 928 2697 972 et
2726 918 3081 989 intelligentia
3117 921 3338 991 pateat?
3374 920 3455 976 Ad
3489 922 3589 977 hoe
3615 936 3846 990 respon-

2273 1008 2548 1075 debimus,
2589 1010 2850 1080 quoniam
2887 1027 3070 1067 sermo
3100 1013 3195 1085 qui
3218 1012 3449 1069 habetur
3481 1012 3536 1067 in
3572 1013 3843 1080 manibus,

2272 1115 2384 1154 non
2418 1100 2485 1155 ad
2515 1115 2704 1156 omnes
2737 1100 2953 1158 animas
2983 1103 3067 1169 fit,
3120 1118 3296 1173 neque
3325 1103 3392 1158 ad
3418 1103 3847 1158 adulescentulas

2273 1191 2478 1261 quibus
2510 1191 2601 1246 hic
2619 1192 2863 1261 loquitur
2891 1208 3149 1262 sponsus,
3181 1209 3359 1265 neque
3384 1195 3450 1250 ad
3478 1204 3700 1250 caeteras
3726 1211 3848 1249 mu-

2275 1282 2653 1353 lieres,neque
2675 1285 2740 1340 ad
2772 1285 3045 1357 octoginta
3077 1287 3431 1354 concubinas,
3455 1296 3549 1342 aut
3571 1288 3849 1358 sexaginta

2273 1373 2511 1442 reginas,
2556 1375 2650 1429 sed
2695 1376 2762 1431 ad
2813 1377 2986 1444 illam,
3027 1393 3149 1447 quae
3184 1378 3324 1433 inter
3352 1393 3545 1434 omnes
3588 1380 3847 1434 mulieres

2275 1464 2394 1517 sola
2433 1465 2659 1533 pulchra
2690 1466 2891 1521 dicitur
2933 1475 2988 1523 et
3032 1467 3295 1538 perfecta.
3331 1466 3486 1523 Unde
3528 1477 3754 1539 apparet
3781 1469 3851 1526 ad

2223 1593 2229 1598 -
2274 1554 2502 1610 dilectas
2529 1572 2777 1626 quasque
2806 1559 3020 1615 animas
3042 1559 3161 1614 haec
3188 1558 3316 1625 dici,
3343 1558 3542 1629 quibus
3567 1574 3690 1615 cum
3722 1575 3851 1630 gra-

2277 1645 2352 1699 tia
2404 1646 2574 1701 multa
2615 1648 2886 1703 sentiendi
2914 1659 2968 1703 et
2999 1648 3339 1719 intelligendi
3381 1664 3412 1704 a
3453 1648 3560 1704 Deo
3597 1650 3722 1704 data
3755 1650 3849 1717 sit,

2278 1736 2559 1806 negligunt
2583 1747 2777 1793 tamen
2799 1739 3039 1796 scientia:
3066 1750 3268 1810 partes,
3299 1750 3352 1796 et
3372 1741 3733 1811 cognoscendi
3764 1758 3853 1797 se-

2282 1825 2544 1894 metipsas
2580 1827 2788 1881 nullum
2831 1827 3091 1883 adhibent
3116 1828 3377 1899 studium.
3415 1826 3510 1901 llis
3542 1842 3672 1897 ergo
3702 1842 3855 1883 coma

598 1921 677 1977 sis
713 1923 1061 1993 semetipsa")
1087 1933 1381 1996 cognoscat
1404 1925 1608 1989 anima,
1644 1941 1711 1980 ne
1747 1923 1888 1981 forte
1913 1926 1958 1981 si
1993 1926 2177 1996 neglc-
2209 1911 2249 1967 Β
2278 1917 2522 1972 minatur
2549 1933 2731 1973 sermo
2754 1918 2972 1975 divinus
2999 1939 3012 1973 Ζ
3045 1922 3171 1991 quia
3198 1920 3399 1990 quibus
3417 1921 3644 1974 mullum
3668 1919 3851 1984 datur,

598 2013 743 2066 xerit
774 2012 1012 2083 perfecte
1036 2015 1388 2084 scmetipsam
1416 2028 1767 2084 cognoscere,
1799 2015 1947 2070 exire
1974 2015 2170 2085 jubea-

595 2110 684 2157 tur
716 2103 769 2157 in
797 2106 1035 2174 vestigiis
1080 2121 1328 2176 gregum,
1374 2114 1429 2161 et
1460 2121 1684 2176 pascere
1724 2107 1940 2172 liwdos,
1971 2116 2025 2162 et
2064 2092 2197 2164 hoc

596 2209 703 2249 non
736 2195 789 2250 in
846 2197 1067 2267 proprio
1127 2198 1501 2263 tabernaculo,
1548 2198 1640 2254 sed
1687 2199 1741 2253 in
1799 2201 2171 2256 tabernaculis

595 2295 912 2357 pastorum;
940 2303 1064 2342 cum
1092 2298 1289 2359 prmsto
1320 2291 1392 2346 sit
1412 2291 1614 2361 volenti
1641 2290 1755 2346 hate
1780 2293 2034 2363 persequi
2065 2294 2174 2348 lar-

600 2377 858 2448 gissimas
887 2381 1201 2436 occasiones
1240 2397 1307 2436 ex
1363 2383 1451 2440 bis
1478 2400 1600 2454 quae
1653 2400 1819 2454 supra
1852 2387 2174 2441 memoravi-

604 2484 729 2523 mus
757 2485 994 2537 sumere,
1051 2471 1103 2525 in
1137 2474 1337 2542 quibus
1386 2490 1506 2530 sese
1533 2491 1787 2531 exercere
1834 2476 1889 2531 in
1919 2492 2174 2534 sermone

602 2563 844 2618 scientiae
870 2579 970 2634 pro
1017 2566 1225 2623 viribus
1264 2569 1476 2639 possit?
1526 2568 1789 2625 Dicantur
1834 2585 1963 2625 vero
1995 2572 2110 2628 haec
2142 2588 2174 2628 a

602 2654 781 2711 Verbo
819 2655 915 2712 Dei
964 2658 1127 2713 etiam
1178 2660 1247 2714 ad
1288 2660 1525 2714 animam
1575 2675 1698 2730 qua:
1749 2662 1804 2715 ln
1841 2661 2174 2731 profectibus

600 2748 820 2818 quidem
847 2750 1023 2819 posita
1053 2759 1162 2815 est,
1184 2751 1422 2806 nondum
1454 2761 1633 2807 tamen
1658 2752 1725 2806 ad
1758 2769 2030 2809 summam
2060 2770 2180 2824 per-

602 2840 856 2895 fectionis
886 2842 1152 2896 ascendit.
1183 2840 1315 2908 Quae
1356 2859 1456 2913 pro
1503 2859 1568 2917 eo
1598 2845 1817 2915 quidem
1846 2846 1992 2915 quod
2018 2847 2180 2916 proli-

602 2931 678 2985 cit
712 2932 939 3001 pulebra
981 2933 1217 2989 dicitur:
1258 2944 1316 2990 ut
1362 2944 1545 2991 autem
1584 2938 1870 3007 pervenire
1922 2937 2096 3009 possit
2123 2946 2179 2994 et

603 3021 671 3077 ad
698 3024 1108 3093 perfectionem,
1156 3026 1251 3082 fiat
1292 3027 1358 3082 ad
1387 3043 1506 3084 eam
1539 3029 1892 3085 comminatio
1918 3045 2177 3086 necessa-

604 3115 723 3182 ria;
751 3118 895 3187 quod
927 3118 1031 3174 nisi
1057 3133 1153 3189 per
1183 3120 1289 3175 ista
1321 3119 1534 3192 singula
1574 3136 1695 3190 qua}
1743 3136 1909 3192 supra
1939 3121 2178 3179 diximus

604 3211 949 3279 scmctipsam
979 3212 1314 3282 cognoverit,
1338 3220 1394 3267 et
1439 3212 1724 3283 vigilanter
1765 3214 2072 3269 exercuerit
2122 3214 2176 3268 in

2280 2009 2514 2063 multum
2551 2025 2619 2063 ex
2657 2009 2737 2065 eis
2780 2010 3036 2081 exigitur.
3080 2010 3146 2065 Et
3180 2010 3402 2065 humilis
3434 2010 3650 2080 quidem
3693 2011 3852 2064 venia

2277 2106 2332 2153 et
2364 2097 2739 2154 misericordia
2779 2099 2978 2170 dignus
3007 2100 3149 2168 erit,
3186 2108 3432 2171 potentes
3457 2110 3637 2155 autem
3662 2109 3855 2171 potet;-

2278 2198 2361 2246 ter
2406 2191 2823 2247 cruciabuntur.
2881 2191 2939 2244 Si
2974 2207 3102 2264 ergo
3149 2200 3202 2247 et
3248 2202 3304 2247 tu
3350 2193 3531 2247 anima
3571 2208 3695 2262 qua:
3731 2194 3855 2263 pul-

2278 2280 2466 2337 chrior
2505 2296 2566 2338 es
2606 2290 2662 2337 et
2694 2282 3020 2338 eminentior
3062 2283 3201 2338 inter
3239 2291 3463 2341 caeteras
3494 2284 3644 2339 verbi
3684 2285 3856 2355 gratia

2279 2374 2567 2441 doctrinis,
2627 2376 2870 2447 negligas
2921 2374 3286 2444 temetipsam,
3341 2383 3399 2429 et
3436 2375 3501 2428 in
3551 2376 3857 2445 ignorantia

2281 2467 2362 2522 tui
2389 2482 2638 2533 maneas,
2673 2466 2947 2537 quomodo
2979 2475 3233 2535 poterunt
3265 2467 3349 2521 vel
3382 2466 3437 2519 hi
3472 2467 3564 2536 qui
3599 2466 3855 2522 aediﬁcari

2281 2558 2593 2614 desiderant
2644 2558 2865 2622 instrui,
2917 2557 3000 2611 vel
3045 2556 3296 2612 convinci
3321 2567 3375 2611 et
3401 2557 3555 2628 argui
3579 2557 3859 2613 contradi-

2282 2649 2505 2704 sorites?
2548 2647 2718 2719 Digne
2752 2661 2882 2719 ergo
2913 2661 3038 2702 cum
3071 2645 3495 2701 comminatione
3521 2645 3755 2716 quadam
3787 2646 3857 2701 ad

2283 2757 2402 2798 eam
2427 2741 2626 2797 dicitur
2668 2758 2682 2794 :
2719 2739 2825 2794 Exi
2867 2748 2924 2793 tu
2967 2739 3023 2793 in
3063 2738 3292 2808 vestigiis
3344 2754 3579 2809 gregum,
3608 2746 3658 2793 et
3704 2754 3862 2809 pasce

2288 2835 2465 2890 haedos
2497 2844 2613 2888 tuos
2643 2834 2699 2887 in
2725 2829 3079 2890 tabernaculis
3115 2839 3408 2901 pastorum.

2355 2927 2542 2982 Potest
2561 2927 2628 2982 ad
2655 2927 2760 2981 hoc
2786 2924 2927 2981 trahi
2956 2924 3118 2979 etiam
3150 2924 3283 2980 illud
3315 2923 3460 2994 quod
3482 2921 3695 2995 Moyses
3716 2923 3861 2980 seri-

2285 3017 2409 3072 bit:
2441 3015 2597 3082 Quod
2640 3015 2687 3070 si
2731 3029 2840 3084 qua
2887 3012 3183 3069 Israelitica
3222 3013 3419 3068 mulier
3452 3012 3857 3080 adulteraverit,

2288 3108 2597 3181 lapidetur;
2649 3107 2696 3162 si
2745 3122 2875 3163 vero
2908 3107 3017 3161 tilia
3048 3106 3371 3174 sacerdotis,
3417 3106 3633 3178 ignibus
3660 3120 3860 3159 exura-

2294 3209 2382 3257 tur
2403 3200 2469 3255 ³³.
2514 3200 2606 3255 Sic
2634 3213 2764 3270 ergo
2792 3198 2943 3268 justa
2972 3197 3243 3252 videbitur
3270 3210 3393 3252 esse
3418 3195 3771 3250 comminatio
3803 3194 3861 3248 in

603 3301 775 3356 verbo
804 3301 897 3357 Dei
927 3312 981 3359 et
1007 3272 1123 3375 lege
1152 3305 1358 3370 divina,
1384 3272 1663 3375 continget
1697 3306 1747 3361 ei
1778 3305 1845 3361 de
1879 3306 1965 3363 his
1992 3306 2181 3377 singu-
2207 3272 2250 3328 ε
2283 3306 2380 3347 005
2431 3290 2525 3360 (ιυῑ
2579 3304 2807 3359 (³³9³005
2854 3303 2974 3344 esse
3021 3295 3255 3358 Possum
3304 3287 3373 3341 ad
3429 3283 3758 3358 agnitionem
3805 3293 3862 3339 εἴ

607 3391 679 3447 lis
707 3394 994 3463 Opiniones
1022 3395 1279 3466 colligere
1329 3395 1696 3465 diversorum,
1731 3406 1787 3454 et
1816 3400 1970 3470 sequi
2002 3400 2182 3455 homi-

605 3500 706 3540 nes
736 3485 874 3538 nihil
895 3486 1193 3556 cgregium,
1218 3487 1444 3543 nihilex
1489 3489 1694 3560 Spiritu
1728 3499 1920 3546 sancto
1944 3493 2178 3548 locutos.

610 3574 728 3630 Hoc
761 3585 844 3631 est
877 3576 1022 3631 enim
1048 3578 1199 3633 exire
1245 3578 1299 3632 in
1332 3581 1573 3650 vestigiis
1619 3598 1866 3654 gregum,
1911 3592 1966 3639 et
1989 3599 2180 3640 eorum

609 3665 918 3720 doctrinam
948 3666 1168 3733 sectari,
1195 3667 1289 3736 qui
1323 3675 1379 3722 et
1428 3667 1528 3738 ipsi
1561 3670 1959 3738 permanserint
1989 3685 2182 3740 pecca-

608 3763 780 3823 tores,
819 3765 873 3812 et
897 3757 1106 3812 nullum
1136 3759 1487 3828 peccantibus
1542 3761 1843 3816 remedium
1900 3763 2185 3832 providere

608 3849 901 3919 potuerint.
929 3848 1079 3916 Quos
1101 3849 1195 3920 qui
1223 3849 1492 3919 sequitur,
1520 3851 1714 3906 hmdos
1741 3852 1929 3923 utique
1953 3853 2043 3922 qui
2067 3868 2187 3923 pec-

611 3949 857 3994 catorum
875 3941 1139 3997 indicium
1163 3950 1365 4011 tenent,
1384 3942 1655 3999 videbitur
1682 3958 1922 4013 pascere,
1947 3946 2186 4002 circum-

611 4030 730 4087 iens
788 4033 1135 4090 tabernacula
1181 4035 1744 4104 pastorum,diversas
1772 4037 1979 4092 scilicet
2009 4049 2186 4097 sectas

614 4122 1090 4192 philosophorum.
1134 4123 1350 4181 Intuere
1390 4139 1520 4197 ergo
1568 4124 1785 4195 plenius
1834 4142 2000 4196 quam
2031 4128 2188 4183 terri-

615 4214 725 4268 bile
750 4222 835 4271 est
862 4215 1008 4286 quod
1035 4216 1138 4272 sub
1190 4217 1293 4273 hac
1321 4217 1683 4274 adumbratur
1713 4217 1908 4289 ﬁgura.
1955 4218 2081 4288 Exi,
2112 4221 2190 4275 in-

612 4304 753 4374 quit,
781 4314 839 4359 tu
867 4307 919 4359 in
956 4307 1187 4377 vestigiis
1220 4322 1453 4376 gregum.
1493 4305 1660 4372 Quasi
1708 4306 1774 4361 ad
1802 4322 1922 4360 eam
1948 4306 2191 4375 loquitur

614 4396 724 4466 59
755 4411 877 4465 qua:
931 4396 1080 4449 intus
1124 4395 1236 4464 jam
1283 4395 1357 4448 sit
1404 4396 1608 4458 anima,
1659 4404 1715 4449 et
1757 4396 1900 4451 intra
1934 4401 2191 4466 mysteria

615 4487 921 4553 collocata;
959 4499 1059 4556 pro
1083 4499 1150 4539 eo
1196 4492 1375 4539 tamen
1408 4485 1554 4555 quod
1576 4486 1810 4557 negligat
1839 4487 2191 4556 semetipsam

615 4591 950 4649 cognoscere
991 4583 1046 4635 et
1090 4574 1372 4646 requirere
1402 4588 1525 4644 quae
1553 4576 1658 4641 sit,
1693 4583 1749 4630 et
1779 4576 1909 4645 quid
1938 4576 2022 4631 vel
2055 4590 2190 4646 quo-

617 4671 781 4725 modo
838 4686 999 4740 agere
1060 4669 1275 4734 debeat,
1316 4666 1517 4738 quidve
1570 4683 1680 4723 non
1739 4684 1942 4739 agere,
1993 4669 2192 4724 dicitur

615 4761 667 4815 ei
700 4779 713 4815 :
752 4760 855 4813 Exi
886 4772 964 4827 tu,
994 4761 1150 4832 quasi
1176 4777 1299 4832 quae
1335 4761 1405 4817 ob
1435 4761 1578 4816 hanc
1606 4760 1828 4816 desidias
1858 4761 2071 4832 culpam
2102 4759 2191 4816 fo-

616 4867 711 4908 ras
746 4851 994 4906 mittatur
1028 4853 1097 4907 ab
1137 4867 1203 4907 eo
1247 4852 1339 4921 qui
1374 4860 1592 4923 praeest.
1639 4853 1730 4909 Sic
1775 4853 1967 4923 ingens
1996 4852 2192 4907 animae

616 4944 918 5017 periculum
965 4952 1049 4999 est
1079 4944 1363 4999 scientiam
1411 4944 1498 4999 sui
1548 4945 1990 5016 agnitionemque
2021 4944 2193 5015 negli-

616 5053 763 5110 gere.
804 5035 908 5092 Sed
943 5036 1174 5092 fortasse
1209 5037 1333 5106 quia
1367 5037 1638 5108 duplicem
1672 5037 2067 5108 expositionem
2098 5037 2194 5093 de-

616 5131 799 5187 dimus
832 5128 1128 5200 agnitionis
1165 5143 1278 5184 suae
1301 5129 1501 5185 anima:
1531 5130 1804 5186 videbitur
1824 5129 2062 5199 cuipiam
2098 5143 2191 5184 se-

617 5222 860 5278 cundum
887 5237 1007 5277 eam
1039 5219 1260 5291 quidem
1289 5236 1410 5291 quae
1441 5220 1508 5276 de
1540 5220 1786 5276 moribus
1812 5227 1867 5274 et
1883 5218 1951 5273 de
1978 5218 2192 5273 actibus

617 5316 734 5371 suis
776 5314 1048 5370 discutere
1092 5313 1344 5384 negligit,
1379 5320 1433 5367 et
1464 5312 1740 5383 inquirere
1763 5312 1828 5366 de
1855 5310 2191 5381 profectibus

618 5406 755 5472 suis,
797 5412 892 5460 aut
914 5404 1245 5475 perscrutari
1281 5404 1346 5459 de
1373 5403 1540 5469 vitiis,
1571 5403 1764 5459 merito
1798 5403 1848 5458 ei
1881 5403 1987 5457 dici
2016 5421 2029 5456 :
2060 5400 2190 5467 Exi,

620 5510 715 5564 per
743 5496 891 5566 quod
936 5497 1187 5551 videatur
1211 5495 1366 5565 Quasi
1401 5496 1468 5551 de
1497 5494 1851 5550 interioribus
1878 5492 2026 5550 foras
2060 5509 2190 5562 pro-

623 5589 767 5657 pelli.
792 5586 864 5649 Si
895 5602 1023 5644 vero
1054 5588 1358 5644 secundum
1380 5588 1673 5643 editionem
1703 5586 1890 5653 aliam,
1916 5600 2024 5656 qua
2058 5584 2193 5639 dixi-

692 5704 737 5737 ³³
765 5702 940 5760 Levit.
978 5722 1073 5772 xx,
1113 5705 1216 5775 10;
1256 5704 1447 5774 “1,9.
1523 5705 1567 5737 ³⁸
1588 5704 1722 5760 Gen.
1759 5721 1989 5770 xxxviii,
2028 5704 2082 5760 9.

698 5858 811 5927 (50}
843 5858 963 5916 Lib.
998 5860 1126 5915 editi
1151 5880 1161 5915 :
1184 5862 1432 5916 scductw.
1469 5858 1599 5913 Mss.
1627 5857 1888 5913 deductor.
1935 5830 1942 5837 ’

2285 3383 2595 3448 scientiam,
2644 3382 2738 3438 sed
2771 3396 2869 3451 per
2897 3381 3159 3436 desidiam
3194 3379 3502 3452 negligunt;
3529 3379 3581 3432 in
3610 3392 3749 3449 quos
3772 3379 3865 3448 ju-

2284 3474 2530 3531 stissima
2568 3472 2870 3543 indignatio
2907 3471 3094 3542 sponsi
3137 3478 3238 3535 est,
3273 3469 3400 3540 quia
3432 3469 3535 3524 scit
3573 3470 3736 3524 unius
3766 3484 3864 3523 ne-

2289 3566 2599 3639 gligentiam
2648 3565 2838 3620 cedere
2902 3563 2971 3618 ad
3026 3562 3224 3618 damna
3275 3561 3588 3615 multorum.
3656 3557 3864 3616 Similis

2289 3659 2434 3714 enim
2459 3656 2733 3712 videbitur
2763 3654 3079 3725 hujusmodi
3107 3653 3289 3708 anima
3308 3691 3323 3717 ,
3356 3651 3440 3707 vel
3462 3651 3551 3724 .illi
3581 3652 3675 3721 qui
3706 3667 3863 3707 acce-

2290 3760 2445 3822 ptum
2483 3749 2771 3805 denarium
2801 3745 3091 3801 abscondit
3122 3744 3175 3798 in
3221 3754 3452 3810 terram,
3498 3759 3567 3798 ne
3597 3744 3732 3798 lucri
3762 3743 3867 3797 ali-

2286 3842 2420 3913 quid
2449 3856 2513 3897 cx
2555 3856 2622 3895 eo
2673 3839 2920 3910 pecunia:
2962 3837 3218 3892 dominus
3251 3837 3593 3908 acquireret;
3644 3837 3729 3892 vel
3785 3836 3865 3891 illi

2288 3949 2451 4005 quem
2485 3932 2756 3988 occidisse
2809 3930 3011 3985 dicitur
3059 3929 3225 3996 Deus,
3257 3930 3350 4000 qui
3405 3930 3677 4001 malignus
3722 3936 3861 3994 erat,

2288 4025 2446 4082 Onan
2492 4023 2576 4079 vel
2609 4022 2716 4078 ller
2741 4022 2970 4087 scilicet,
3017 4021 3111 4092 qui
3138 4029 3357 4093 accepta
3384 4022 3590 4077 semina
3624 4020 3866 4076 scientiae

2289 4115 2557 4171 naturalis
2587 4112 2887 4184 posteritati
2916 4111 3163 4167 invidens
3180 4110 3542 4183 profundebat
3560 4111 3613 4165 in
3638 4120 3779 4165 terra
3794 4110 3859 4165 “.

2289 4204 2547 4261 Pastores
2582 4217 2800 4274 quoque
2822 4243 2838 4270 ,
2868 4200 3010 4256 sicut
3033 4210 3087 4256 et
3117 4210 3241 4256 ante
3267 4202 3380 4271 jam
3407 4201 3673 4266 diximus,
3691 4201 3865 4271 siqui-

2291 4303 2413 4359 dem
2457 4301 2527 4358 ad
2574 4300 2873 4357 Ecclesiam
2921 4297 3366 4354 comminationis
3418 4297 3507 4353 hic
3550 4307 3733 4353 sermo
3784 4296 3864 4363 ﬁt,

2292 4394 2485 4449 mundi
2513 4393 2678 4463 hujus
2711 4393 2984 4463 principes
3008 4390 3309 4459 accipiendi
3347 4396 3510 4453 sunt,
3539 4389 3624 4443 vel
3653 4387 3733 4442 illi
3767 4402 3868 4443 an-

2291 4485 2397 4555 geli
2441 4483 2545 4540 sub
2598 4498 2839 4554 quorum
2883 4499 3015 4539 cura
3070 4482 3295 4552 reliquae
3348 4489 3534 4550 gentes
3577 4480 3866 4545 habentur,

2295 4575 2412 4630 sive
2460 4583 2608 4630 sorte
2643 4575 2698 4629 in
2744 4575 2847 4631 hoc
2870 4615 2888 4642 ,
2944 4574 3060 4630 sive
3099 4571 3486 4629 secretioribus
3519 4570 3705 4627 causis
3741 4570 3868 4642 qui-

2221 4638 2268 4696 D
2297 4665 2527 4722 busdam
2556 4664 2804 4721 deductae
2836 4638 2973 4737 (30).
3026 4662 3084 4719 Si
3136 4677 3264 4719 vero
3310 4661 3379 4717 ad
3426 4638 3872 4732 unamquamque

2297 4756 2537 4810 animam
2581 4754 2940 4811 comminatio
2984 4753 3089 4809 ista
3122 4751 3390 4809 referatur
3412 4791 3428 4816 ,
3457 4766 3580 4823 qua:
3610 4749 3872 4820 semetip-

2297 4862 2413 4902 sam
2442 4846 2666 4917 negligit
2691 4860 3007 4915 agnoscere,
3041 4844 3314 4915 sapientes
3345 4852 3399 4899 et
3434 4842 3682 4914 magistri
3711 4840 3874 4910 hujus

2297 4943 2480 5000 saeculi
2514 4941 2851 5012 intelligendi
2888 4949 3037 5004 sunt,
3071 4942 3328 4995 docentes
3362 4936 3683 5007 sapientiam
3708 4935 3874 5004 hujus

2298 5034 2489 5091 mundi
2527 5053 2540 5089 :
2584 5045 2643 5088 ut.
2685 5033 2739 5088 in
2788 5047 3001 5089 summa
3049 5032 3155 5086 hoc
3209 5030 3559 5097 intelligatur,
3601 5025 3729 5095 quia
3778 5040 3875 5079 ne-

2299 5141 2453 5182 cesse
2483 5133 2567 5181 est
2600 5125 2838 5179 animam
2874 5138 2995 5178 eam
3037 5122 3308 5191 praecipue
3353 5133 3476 5188 quae
3505 5117 3645 5170 bona
3671 5123 3721 5169 et
3753 5114 3876 5184 pul-

2300 5217 2432 5272 chra
2466 5225 2551 5272 est
2584 5215 2835 5270 sensibus
2856 5254 2870 5279 ,
2901 5224 2955 5269 et
2983 5213 3203 5283 ingenio
3233 5210 3464 5280 vigilans
3488 5249 3503 5273 ,
3543 5219 3879 5276 cognoscere

2299 5308 2678 5378 semetipsam,
2714 5316 2769 5361 et
2799 5306 2930 5361 dare
2954 5318 3173 5375 Operam
3205 5305 3271 5355 ad
3300 5298 3630 5370 agnitionem
3662 5295 3747 5350 sui
3781 5312 3875 5366 per

2296 5397 2559 5454 exercitia
2590 5395 2874 5461 doctrinae,
2907 5403 2964 5449 et
2992 5389 3173 5446 studia
3204 5387 3408 5452 divina,
3433 5400 3498 5440 ac
3528 5399 3623 5455 per
3653 5383 3760 5438 hoc
3790 5383 3874 5454 agi

2302 5489 2509 5560 Spiritu
2547 5487 2645 5542 Dei
2673 5498 2726 5542 et
2766 5486 2961 5556 spiritu
2997 5479 3328 5550 adeptionis.
3366 5479 3476 5533 Aut
3511 5476 3559 5533 si
3597 5474 3719 5531 talis
3760 5474 3879 5528 haec

2302 5582 2486 5638 anima
2518 5580 2869 5650 scmetipsam
2917 5569 3235 5645 neglexerit,
3287 5578 3344 5627 et
3381 5584 3413 5627 a
3450 5567 3651 5627 divinis
3682 5562 3882 5623 studiis
