4236 6282
389 161 503 218 ηε,
1702 151 1902 208 LlBER
1939 152 2324 209 SECUNDUS.
3547 161 3650 216 rso

383 277 770 342 declinaverit,
820 291 1044 333 necesse
1073 285 1156 332 est
1203 289 1322 330 eam
1368 290 1587 346 operam
1625 277 1754 330 dare
1783 273 1978 329 studiis
2005 281 2052 337 Α
2078 284 2132 329 et
2171 275 2362 344 jugum
2409 283 2626 344 portant
2672 275 2960 332 suavitatis
3001 277 3141 348 ejus,
3192 287 3245 334 et
3291 295 3413 351 qua:
3451 281 3646 352 spiritu

387 370 691 428 mundanis
722 379 776 424 et
810 369 1091 440 sapientize
1118 369 1328 434 szeculi,
1359 377 1414 423 et
1446 368 1530 439 agi
1563 367 1755 437 spiritu
1781 365 1969 421 mundi
2075 364 2170 418 Dei
2200 374 2454 435 aguntur,
2483 375 2536 419 et
2567 367 2619 418 in
2656 366 2758 420 hoc
2783 375 2864 421 est
2895 368 2975 422 eis
3007 369 3176 423 salus.
3211 369 3646 430 ln‘Revelatione

385 465 565 532 hujus
604 463 799 516 iterum
845 461 899 515 in
936 461 1150 515 timore.
1193 460 1349 526 Quod
1389 460 1642 530 designat
1677 458 1971 529 Apostolus

2073 451 2300 506 Joannis
2327 453 2560 523 legimus
2583 495 2596 518 ,
2629 454 2775 522 quod
2800 456 3053 523 apparuit
3075 455 3123 508 ei
3145 470 3336 525 equus,
3371 466 3424 512 et
3450 459 3645 515 sedens

379 567 524 605 cum
569 551 702 606 dicit
733 569 746 604 :
789 549 902 604 Nos
944 560 1117 604 autent
1159 567 1261 603 non
1297 550 1544 619 spiritum
1581 549 1736 617 hujus
1787 551 1969 605 mundi
2073 561 2238 616 super
2263 561 2386 600 eum
2429 545 2650 616 quidam
2691 545 2864 600 fidelis
2891 555 2944 600 et
2976 560 3156 610 verus,
3192 555 3246 601 et
3279 564 3400 603 cum
3432 551 3645 619 justitia

379 644 714 711 accepimus,
745 641 836 695 sed
861 641 1106 710 spiritum
1136 642 1227 710 qui
1245 651 1402 695 estea:
1427 641 1534 695 Deo
1560 642 1625 696 ³⁸.
1656 641 1965 698 Etitcrum:
2067 636 2344 706 iudicans,
2391 637 2550 706 cujus
2597 651 2794 691 nomen
2827 645 2909 691 est
2941 635 3176 690 Verbum
3221 637 3333 692 Dei.
3362 640 3447 694 Ait
3467 657 3594 712 ergo
3627 661 3642 697 :

382 730 527 784 Non
567 733 844 801 accepistis
877 732 1009 784 enim
1036 731 1225 783 iterum
1256 731 1510 785 intimare
1537 733 1780 800 spiritum
1809 735 1973 788 servi-
2073 727 2142 781 Et
2175 727 2285 782 vidi
2333 727 2517 781 caelum
2567 736 2826 797 apertum,
2856 737 2904 780 et
2936 745 3050 781 ecce
3076 744 3238 798 equus
3269 731 3438 800 albus,
3471 744 3518 786 et
3551 737 3640 804 qui

377 823 553 886 ustis,
593 825 683 877 sed
723 824 967 891 spiritum
997 823 1272 892 accepistis
1301 823 1618 891 adoptionis,
1649 824 1704 876 in
1733 840 1833 894 quo
1865 826 1972 879 rla-
2072 819 2282 874 sedebat
2325 835 2481 888 super
2507 835 2622 872 eum
2651 819 2938 872 vocabatur
2957 819 3129 888 fidelis
3158 830 3206 873 et
3241 839 3410 890 verus,
3446 833 3492 877 et
3527 842 3643 878 cum

372 927 608 964 ruamus
645 928 666 966 :
695 910 840 964 Abba
871 920 1022 980 pater
1049 911 1113 962 ³⁸.
1150 910 1272 966 Haec
1301 913 1514 966 interim
1547 913 1706 967 nobis
1738 915 1805 969 de
1833 930 1971 983 prte-
2063 912 2281 981 justitia
2320 912 2572 981 judicans
2629 921 2677 966 et
2735 928 3006 981 pugnans;
3059 923 3110 966 et
3150 914 3292 967 oculi
3351 917 3462 984 ejus
3513 920 3646 972 sicut

373 1001 543 1056 senti
572 1001 691 1056 loco
718 1016 1006 1056 occurrere
1035 1009 1344 1071 potuerunt,
1373 1017 1523 1058 nunc
1550 1003 1662 1072 jam
1688 1015 1970 1061 converta-
2071 1001 2293 1068 ﬂamma
2324 1001 2481 1070 ignis,
2514 1009 2562 1055 et
2602 1017 2758 1070 super
2787 1011 2944 1071 caput
2985 1003 3099 1072 ejus
3141 1004 3446 1060 diademata
3478 1010 3649 1064 multa

374 1111 528 1149 mur
557 1096 623 1150 ad
651 1097 1058 1167 consequentia.
2072 1091 2319 1145 habentia
2361 1108 2545 1146 nomen
2567 1093 2841 1161 scriptum,
2872 1095 3012 1164 quod
3039 1111 3185 1150 nemo
3212 1098 3352 1151 novit
3381 1100 3486 1153 nisi
3511 1101 3642 1169 ipse,

470 1187 629 1243 vers,
671 1188 724 1243 9,
763 1187 1042 1258 Equitatui
1071 1205 1182 1242 meo
1209 1189 1263 1243 in
1302 1191 1540 1245 curribus
1571 1189 1865 1245 ΡΙιαναοῃὶε
1902 1191 1973 1245 εξ-
2071 1193 2119 1234 ει
2167 1183 2447 1251 adopertus
2487 1193 2600 1236 erat
2639 1184 2940 1238 vestimento
2977 1189 3230 1257 sanguine
3258 1205 3554 1260 conspersa,
3594 1203 3642 1245 et

369 1276 579 1330 nzilem
609 1285 656 1330 te
684 1277 972 1332 arbitratus
1008 1295 1146 1341 sum,
1201 1281 1445 1348 proxima
1491 1297 1624 1334 mea.
1666 1279 1970 1336 Historicus
2071 1274 2353 1328 vocabatur
2380 1291 2562 1328 nomen
2591 1275 2704 1344 ejus
2747 1274 2967 1329 Verbum
3004 1277 3122 1332 Dei.
3152 1279 3223 1332 Et
3253 1283 3512 1336 exercitus
3529 1283 3643 1351 ejus

369 1370 620 1441 quidem
650 1385 841 1425 sensus
869 1371 972 1424 hoc
997 1370 1208 1424 videtur
1237 1370 1538 1425 ostendere.
1566 1370 1738 1439 Sicut,
1769 1355 1965 1442 inquit,
2070 1373 2181 1419 eral
2205 1367 2259 1418 in
2283 1365 2430 1430 εωίο,
2455 1377 2505 1420 et
2533 1368 2881 1437 sequebantur
2900 1385 3016 1422 eum
3034 1371 3087 1422 in
3109 1373 3254 1441 equis
3279 1373 3440 1440 albis,
3466 1375 3641 1430 induti

370 1470 534 1517 tunc
569 1461 622 1516 in
662 1461 896 1532 Egypto
933 1476 1057 1516 cum
1093 1459 1306 1516 Pharao
1337 1478 1668 1533 persequens
1701 1465 1964 1534 populum
2071 1455 2280 1525 byssina
2327 1457 2445 1510 albo
2480 1476 2612 1527 puro
2642 1460 2707 1514 ⁸ο.
2747 1461 2853 1515 Sed
2884 1476 3020 1531 opus
3050 1471 3134 1517 est
3167 1464 3338 1534 gratia
3370 1463 3487 1532 Dei,
3521 1481 3644 1536 qua:

369 1549 565 1606 Israel
619 1551 891 1621 processit
945 1551 1003 1605 in
1067 1553 1320 1607 cun-ibus
1368 1562 1422 1606 οι
1485 1555 1729 1623 equitatu
1792 1555 1857 1621 ³⁷,
1913 1566 1968 1610 οι
2071 1547 2265 1602 horum
2301 1550 2458 1605 nobis
2492 1553 3082 1621 aperiatintcllcctum,
3111 1569 3219 1623 quo
3241 1556 3516 1624 possimus
3539 1557 3639 1610 ad-

371 1658 576 1708 mcus,
624 1646 726 1698 hoc
756 1652 838 1698 est
865 1641 1078 1696 Domini
1112 1643 1215 1698 mei
1251 1644 1458 1713 sponsi,
1505 1646 1780 1714 equitatus
1805 1647 1967 1714 longe
1998 1628 2040 1682 Β
2070 1647 2280 1693 vertere
2313 1641 2443 1710 quid
2486 1642 2603 1696 istae
2636 1644 2876 1698 indicent
2905 1645 3144 1699 visiones
3167 1683 3183 1711 ,
3223 1647 3317 1716 qui
3364 1648 3435 1702 sit
3462 1662 3640 1718 equus

369 1733 738 1802 prmeellebat
770 1748 962 1788 currus
994 1731 1317 1800 Pharaonis,
1371 1745 1424 1790 et
1452 1737 1794 1805 praestantior
1826 1744 1964 1801 erat,
2069 1733 2246 1794 albus,
2283 1741 2334 1787 et
2357 1735 2449 1804 qui
2479 1735 2550 1788 sit
2575 1736 2665 1804 qui
2701 1737 2851 1791 sedet
2880 1752 3040 1806 super
3069 1753 3217 1803 eum.
3252 1740 3408 1809 cuius
3441 1757 3639 1797 nomen

374 1836 590 1895 utpote
619 1828 710 1895 qui
743 1827 864 1884 illos
898 1829 1238 1898 superaverit
1266 1838 1319 1883 et
1351 1829 1404 1883 in
1438 1845 1586 1883 mare
1611 1830 1964 1895 demerserit;
2068 1833 2151 1878 est
2187 1822 2424 1879 Verbum
2461 1823 2575 1881 Dei.
2619 1825 2684 1880 Et
2726 1826 2864 1882 forte
2905 1829 3122 1897 quidem
3157 1830 3298 1885 dicet
3324 1832 3522 1901 aliquis
3555 1834 3638 1886 al-

370 1916 478 1969 ita
518 1925 572 1969 et
617 1925 694 1979 tu,
747 1917 992 1985 proxima
1030 1933 1150 1971 mea
1203 1933 1424 1986 sponsa,
1467 1919 1729 1987 prazcellis
1778 1935 1970 1972 omnes
2069 1916 2201 1968 bum
2231 1931 2350 1970 esse
2374 1932 2574 1985 equum
2607 1933 2810 1986 corpus
2846 1920 2988 1986 quod
3025 1922 3322 1989 assumpsit
3352 1923 3637 1988 Dominus,

376 2003 668 2056 mulieres
707 2003 900 2056 similis
925 2003 1110 2057 eﬂecta
1145 2004 1411 2072 equitatui
1440 2018 1580 2068 meo,
1611 2003 1705 2071 qui
1734 2002 1975 2055 Pharao-
2073 2017 2127 2058 et
2155 2019 2267 2073 quo
2302 2005 2389 2059 ille
2429 2007 2523 2074 qui
2573 2007 2626 2059 in
2661 2009 2926 2076 principio
2959 2017 3075 2062 erat
3113 2012 3254 2077 apud
3294 2011 3458 2066 Deum
3500 2013 3642 2068 Deus

371 2093 500 2146 nis
534 2093 786 2146 curribus
827 2102 1172 2162 comparatus
1193 2133 1207 2156 ,
1253 2092 1524 2162 potentior
1557 2091 1744 2160 utique
1793 2099 1877 2145 est
1923 2099 1976 2144 et
2077 2094 2314 2149 Verbum
2339 2096 2382 2130 “
2407 2135 2421 2159 ,
2455 2096 2537 2150 vel
2571 2097 2798 2152 vestitus
2835 2099 2918 2153 vel
2937 2109 3124 2155 vectus
3151 2108 3252 2154 est.
3284 2100 3434 2156 Alius
3461 2112 3640 2158 autem

365 2182 868 2252 -magnilicentior.
899 2182 1000 2236 Hic
1038 2184 1254 2237 interim
1286 2182 1421 2236 mihi
1451 2181 1664 2236 videtur
1695 2196 1814 2236 esse
1841 2180 1975 2234 ordo
2075 2186 2312 2240 animam
2343 2186 2504 2252 dicet,
2533 2204 2695 2257 quam
2719 2190 3017 2260 assumpsit
3045 2192 3434 2262 primOgeuitus
3463 2194 3643 2248 omnis

365 2289 724 2330 sermonum
762 2276 1026 2343 ipsorum,
1063 2275 1467 2344 verborumque
1501 2273 1747 2329 directio.
1785 2273 1975 2328 Videa-
2075 2289 2360 2344 creaturae,
2401 2289 2454 2334 et
2489 2280 2554 2334 de
2581 2297 2686 2350 qua
2717 2283 2933 2336 dicebat
2962 2300 2976 2336 ;
3011 2281 3331 2336 Poleslatem
3352 2283 3514 2338 habeo
3549 2301 3644 2352 ρο-

372 2382 529 2422 "mus
570 2377 749 2421 autem
779 2382 848 2421 ne
889 2366 1028 2420 forte
1071 2367 1372 2421 secundum
1416 2366 1825 2435 intelligentiam
1857 2381 1972 2437 my-

383 2460 599 2516 sticam
630 2461 840 2514 animas
861 2473 982 2529 quae
1011 2467 1137 2512 sunt
1167 2458 1268 2511 sub
1290 2458 1380 2510 illo
1405 2457 1634 2527 spiritali
1662 2457 1967 2521 Pharaone,

379 2559 450 2606 et
503 2551 604 2604 sub
643 2549 976 2618 spiritalibus
1009 2548 1267 2618 nequitiis
1303 2548 1489 2617 positae
1516 2588 1531 2614 ,
1582 2563 1777 2603 currus
1828 2549 1988 2604 dicat‘

391 2656 536 2698 esse
562 2640 861 2696 Pharaonis
889 2649 943 2696 et
972 2641 1262 2712 quadrigas
1285 2641 1432 2709 ejus,
1465 2655 1604 2709 quas
1641 2641 1756 2710 ipse
1783 2641 1894 2711 agit
1916 2649 1970 2697 et

381 2733 555 2790 ducit
587 2733 653 2788 ad
691 2735 1120 2804 persequendum
1164 2727 1419 2802 populum
1454 2730 1571 2794 Dei,
1604 2743 1658 2786 et
1687 2733 1754 2787 ad
1782 2732 1968 2802 oppri-

385 2825 664 2881 mendum
699 2824 885 2880 Israel.
934 2823 1157 2881 Certum
1198 2824 1341 2879 enim
1375 2833 1459 2879 est
1490 2824 1616 2894 quia
1649 2825 1969 2880 tentationcs

381 2931 450 2974 et
505 2918 886 2974 tribulationes
942 2933 1080 2988 quas
1123 2917 1362 2973 excitant
1409 2917 1683 2975 daemones
1742 2917 1965 2984 sanctis,
1995 2951 2040 3013 Ο

383 3027 500 3083 per
553 3012 764 3067 animas
800 3011 1010 3081 aliquas
1043 3011 1284 3066 excitant
1329 3010 1396 3066 ad
1452 3011 1556 3066 hoc
1602 3012 1778 3080 ipsum
1812 3019 1968 3080 aptas

382 3114 450 3160 et
482 3104 893 3159 convenientes.
947 3103 1154 3169 Quibus
1192 3111 1450 3172 tanquam
1491 3102 1742 3156 curribus
1788 3116 1970 3157 ascen-

387 3195 476 3250 sis
517 3194 867 3264 exagitantet
898 3195 1217 3264 impugnant
1241 3235 1256 3260 ,
1297 3195 1382 3249 vel
1407 3192 1706 3248 Ecclesiam
1739 3191 1853 3259 Dei,
1884 3193 1968 3248 vel

389 3286 654 3356 singulos
707 3301 957 3355 quosque
999 3286 1260 3340 ﬁdelium.
1297 3285 1374 3339 De
1410 3284 1653 3354 equitatu
1697 3300 1826 3339 vero
1862 3283 1968 3340 Do-

387 3377 563 3440 mini,
593 3377 716 3445 quis
745 3377 814 3431 sit
844 3377 964 3447 ejus
993 3377 1094 3431 iste
1127 3376 1422 3446 equitatus,
1447 3375 1500 3428 in
1535 3373 1719 3430 Exodo
1748 3375 1966 3446 quidem

386 3468 492 3521 ubi
539 3479 864 3538 superantur
879 3483 1072 3523 currus
1091 3467 1386 3522 Pharaonis
1412 3475 1466 3522 et
1495 3467 1885 3537 demerguntur
1911 3467 1964 3522 in

357 3573 576 3624 'mare,
625 3559 758 3612 nihil
823 3559 1052 3629 legimus
1109 3560 1392 3628 scriptum,
1449 3557 1559 3628 60
1603 3557 1710 3612 nisi
1758 3567 1964 3612 tantum

393 3651 549 3718 quod
612 3650 876 3706 Dominus
943 3665 1139 3707 currus
1205 3651 1506 3708 Pharaonis
1566 3659 1620 3706 et
1669 3653 1965 3706 exercitum

393 3743 524 3810 ejus
566 3743 795 3814 projecit
843 3744 896 3798 in
933 3759 1083 3800 mare
1113 3743 1384 3799 Rubrum.
1437 3744 1748 3800 Invenimus
1785 3753 1966 3798 tamen

395 3833 455 3886 iu
491 3844 687 3903 quarto
729 3834 1040 3907 Regnorum
1101 3837 1262 3904 libro,
1293 3837 1439 3908 quod
1481 3835 1709 3892 Elisa‘us
1758 3837 1823 3892 de
1868 3836 1968 3890 ad—

399 3935 568 3980 ventu
599 3927 833 3982 hostium
865 3929 958 3997 qui
997 3943 1119 3983 cum
1165 3929 1410 3997 equitatu
1443 3937 1495 3981 et
1529 3927 1780 3982 curribus
1808 3939 1969 3980 vene-

401 4027 554 4079 rant,
587 4016 897 4072 formidanti
936 4031 1107 4086 puero
1139 4031 1240 4069 suo
1268 4016 1400 4069 dicit
1428 4033 1441 4068 :
1481 4014 1562 4066 Ne
1595 4018 1800 4075 timeas,
1834 4028 1968 4081 quo-

404 4110 551 4162 niam
581 4109 753 4179 plures
780 4121 901 4164 sunt
932 4109 1202 4162 nobiscum
1238 4122 1397 4177 quam
1438 4122 1552 4159 cum
1586 4104 1714 4158 illis.
1757 4102 1820 4156 Et
1849 4118 1970 4154 ora-

401 4203 502 4265 rit,
534 4203 725 4272 inquit,
756 4202 1003 4265 Elisaus,
1039 4210 1090 4255 et
1116 4200 1255 4254 dixit
1294 4217 1311 4254 :
1342 4199 1579 4261 Domine,
1613 4195 1758 4266 aperi
1792 4192 1968 4248 oculos

2073 2371 2230 2424 nendi
2251 2386 2387 2437 eam,
2411 2380 2460 2424 et
2479 2372 2965 2440 potestatemhabeo
2985 2373 3175 2426 iterum
3197 2375 3432 2428 sumendi
3445 2377 3638 2432 eam".

2070 2460 2226 2515 Alius
2252 2475 2376 2514 vero
2407 2469 2699 2530 utrumque
2726 2461 2908 2525 simul,
2951 2476 3152 2530 corpus
3187 2471 3348 2530 atque
3379 2464 3640 2531 animam,

2070 2550 2226 2620 quasi
2269 2550 2357 2604 ubi
2406 2559 2689 2619 peccatum
2736 2565 2844 2604 non
2870 2549 3050 2613 fuerit,
3087 2565 3288 2619 equum
3323 2550 3426 2605 dici
3459 2553 3640 2606 album

2069 2639 2301 2710 putabit.
2351 2639 2504 2696 Alius
2553 2641 2733 2696 adhuc
2758 2650 2952 2710 quarto
2995 2641 3116 2695 loco
3146 2639 3444 2696 Ecclesiam
3477 2643 3640 2710 dicet,

2071 2745 2193 2799 quae
2223 2738 2274 2784 et
2305 2747 2503 2801 corpus
2527 2731 2646 2801 ejus
2669 2733 3000 2796 nominatur,
3021 2731 3207 2786 album
3222 2732 3390 2787 videri
3411 2749 3635 2802 equum,

2072 2821 2232 2888 quasi
2280 2835 2388 2874 non
2443 2821 2730 2876 habentem
2773 2822 3042 2876 maculam
3092 2829 3187 2876 aut
3232 2839 3443 2894 rugam,
3473 2840 3637 2894 quam

2073 2906 2176 2960 sibi
2214 2907 2327 2975 ipse
2362 2909 2719 2964 sanctiﬁcavit
2749 2910 2966 2963 lavacro
2989 2925 3165 2980 aquai.
3207 2909 3515 2968 Secundum
3539 2929 3640 2968 au-

2073 3004 2178 3051 tem
2212 2997 2326 3052 haec
2353 2997 2562 3067 singula
2595 3000 2756 3053 etiam
2785 2999 2872 3053 illa
2914 3000 3143 3070 accipiet
3161 3017 3281 3071 qua:
3309 3013 3636 3073 sequuntur,

2071 3087 2319 3142 militiam
2347 3089 2488 3154 caeli,
2525 3097 2578 3144 et
2599 3091 2898 3144 exercitum
2934 3089 3096 3146 Verbi
3131 3091 3244 3159 Dei,
3281 3102 3336 3147 et
3364 3097 3639 3162 quomodo

2071 3181 2269 3251 singuli
2302 3181 2504 3251 quique
2536 3196 2727 3236 eorum
2759 3193 3050 3252 sequentes
3089 3182 3324 3238 Verbum
3357 3183 3450 3238 Dei
3483 3187 3640 3254 equis

2069 3273 2208 3329 albis
2251 3274 2513 3341 sedeant,
2549 3283 2602 3328 et
2642 3275 2881 3345 byssinis
2909 3276 3045 3330 albis
3076 3277 3371 3331 induantur
3397 3287 3452 3331 et
3481 3293 3639 3331 mun-

2069 3365 2174 3422 dis.
2203 3364 2339 3420 Huic
2366 3381 2495 3436 crgo
2520 3380 2662 3434 equo
2695 3367 2818 3421 albo
2844 3383 2952 3436 quo
2993 3367 3108 3437 ipse
3137 3369 3352 3424 vehitur
3377 3369 3471 3437 qui
3506 3369 3640 3424 Ver-

2069 3455 2199 3512 bum
2229 3455 2322 3510 Dei
2353 3455 2674 3524 appellatur,
2705 3455 2791 3508 vel
2831 3455 2960 3510 huic
3004 3455 3272 3525 equitatui
3306 3455 3512 3510 caelesti
3545 3457 3640 3524 qui

2069 3563 2194 3603 eum
2236 3548 2482 3617 sequitur
2517 3548 2572 3600 in
2622 3546 2758 3602 albis
2808 3546 3160 3600 nihilominus
3200 3547 3377 3615 equis,
3421 3560 3641 3614 compa-

2070 3646 2154 3693 rat
2201 3646 2255 3692 ει
2282 3636 2514 3691 similem
2563 3635 2692 3690 facit
2737 3635 2986 3690 Christus
3030 3634 3326 3689 Ecclesiam
3367 3649 3544 3688 suam.
3581 3634 3638 3687 ιιι

2069 3727 2322 3782 curribus
2368 3735 2547 3780 autem
2583 3723 2885 3779 Pharaonis
2927 3725 3010 3778 vel
3051 3725 3123 3776 ita
3164 3737 3456 3791 possumus
3498 3727 3642 3778 acci-

2068 3831 2218 3886 pere,
2256 3825 2315 3870 ut
2359 3823 2624 3885 quantum
2659 3816 2749 3869 hic
2787 3813 3000 3866 Domini
3035 3813 3309 3881 equitatus
3339 3814 3640 3882 equitatum

2068 3917 2124 3964 et
2169 3923 2366 3962 currus
2416 3905 2720 3960 Pharaonis
2773 3903 2973 3957 evincit
3005 3914 3057 3958 ct
3091 3903 3378 3973 praecellit,
3428 3913 3638 3960 tantum

2069 4009 2152 4065 tu,
2185 4013 2307 4066 qua:
2338 3996 2564 4064 pulchra
2586 4011 2645 4049 es
2671 3997 2724 4048 in
2748 3995 3089 4060 mulieribus,
3120 3995 3384 4064 praecellis
3410 4005 3463 4050 et
3485 3997 3639 4050 evin-

2071 4089 2152 4142 cis
2188 4101 2378 4140 omnes
2404 4084 2642 4152 reliquas
2677 4083 2908 4149 animas,
2931 4099 3050 4152 qua:
3076 4084 3252 4137 adhuc
3281 4084 3471 4153 jugum
3501 4084 3642 4140 Pha-

2072 4181 2257 4235 raonis
2308 4183 2561 4248 portant,
2603 4183 2658 4230 et
2709 4189 2952 4231 sessores
3014 4175 3133 4246 ejus
3180 4176 3496 4246 patiuntur;
3556 4179 3642 4232 vel

405 4298 554 4362 pueri
595 4266 750 4365 liujus
792 4306 847 4348 ut
896 4295 1088 4348 videat.
1131 4292 1202 4346 Et
1239 4292 1443 4362 aperuit
1492 4290 1748 4344 Dominus
1793 4285 1968 4342 oculos
2001 4278 2078 4334 D'

1967 4307 1968 4329 ς
2001 4278 2046 4334 D
2075 4279 2221 4327 certe
2264 4269 2412 4341 quod
2455 4268 2731 4339 equitatus
2779 4266 2867 4322 hic
2899 4283 3075 4332 meus,
3117 4269 3210 4339 qui
3242 4269 3458 4325 lavacro
3485 4285 3640 4339 aquae

409 4385 522 4452 ejus
551 4396 599 4440 et
637 4387 786 4441 vidit.
838 4385 908 4438 Et
941 4402 1054 4439 ecce
1087 4401 1231 4438 mons
1253 4383 1434 4453 plenus
1461 4381 1720 4452 equitibus
1739 4391 1851 4434 erat
1871 4419 1885 4444 ,
1921 4386 1968 4432 et

410 4492 593 4530 currus
623 4479 759 4548 ignei
787 4479 839 4532 in
869 4479 1090 4532 circuitu
1133 4475 1335 4538 Elistei,
1382 4475 1472 4544 qui
1505 4472 1873 4527 descenderant
1901 4471 1970 4524 ad

413 4581 527 4620 eum
558 4569 620 4623 ³⁸.
677 4568 781 4624 Sed
814 4576 867 4623 et
906 4569 957 4622 in
994 4568 1256 4638 propheta
1298 4565 1550 4620 Habacuc
1586 4561 1871 4619 manifeste
1916 4571 1971 4616 et

415 4655 686 4712 evidenter
729 4658 958 4729 legimus
1009 4656 1076 4711 de
1135 4656 1378 4726 equitatu
1436 4653 1686 4715 Domini,
1729 4661 1782 4706 et
1825 4651 1969 4721 quod

419 4748 666 4803 ascendat
712 4765 882 4819 equos
925 4763 1073 4804 suos.
1126 4745 1264 4801 Sunt
1303 4760 1432 4815 ergo
1481 4743 1772 4813 Scriptum
1806 4741 1971 4796 verba

375 4879 384 4918 δ
420 4835 568 4892 haec:
601 4838 852 4910 Nunquid
883 4841 939 4892 in
969 4837 1272 4908 ﬂuminibus
1300 4835 1568 4899 irasceris,
1604 4832 1845 4897 Domine,
1877 4841 1968 4884 aut

423 4926 476 4978 in
503 4930 800 4997 fluminibus
830 4932 981 5001 furor
1013 4941 1153 4995 tuus,
1179 4940 1270 4982 aut
1299 4929 1352 4981 in
1376 4927 1510 4980 mari
1545 4924 1720 4979 Rubro
1749 4925 1970 4992 impetus

425 5022 580 5075 tuus?
611 5023 713 5088 Qui
742 5022 980 5077 ascendis
1021 5037 1175 5091 equos
1209 5028 1345 5084 tuos,
1376 5027 1424 5072 et
1448 5015 1708 5086 equitatus
1737 5022 1856 5067 tuus
1886 5029 1976 5067 sa-

427 5105 503 5161 lus
528 5110 590 5166 ⁸⁹.
634 5112 771 5167 Sunt
795 5128 923 5182 ergo
953 5113 1076 5182 equi
1108 5110 1320 5164 Domini
1340 5150 1353 5170 ,
1391 5109 1589 5179 quibus
1616 5105 1882 5168 ascendit,
1918 5113 1971 5158 et

427 5199 687 5266 equitatus
719 5203 856 5270 ejus.
887 5201 1034 5266 Quos
1073 5213 1174 5269 ego
1201 5211 1307 5251 non
1343 5195 1477 5250 alios
1499 5209 1621 5249 esse
1647 5202 1776 5263 puto
1801 5207 1977 5261 quam-

429 5287 539 5347 illas
567 5296 772 5350 animas
809 5310 930 5363 qua:
965 5291 1175 5348 frenum
1200 5288 1497 5358 disciplina:
1519 5287 1639 5352 ejus
1671 5285 1963 5356 accipiunt,

2069 4361 2386 4430 mundatus,
2413 4375 2586 4432 purus
2613 4370 2668 4415 et
2699 4358 2966 4415 candidus
2995 4359 3174 4416 factus
3201 4370 3305 4428 est,
3324 4370 3378 4416 et
3401 4361 3638 4417 Verbum

2069 4455 2163 4512 Dei
2186 4455 2383 4512 meruit
2409 4454 2609 4509 habere
2625 4467 2919 4518 sessorem,
2948 4467 3015 4506 ex
3042 4451 3296 4505 curribus
3324 4461 3640 4522 assumptus

2069 4558 2154 4604 est
2174 4547 2496 4603 Pharaonis.
2529 4544 2658 4600 lndc
2685 4545 2832 4600 enim
2859 4557 3050 4597 omnes
3079 4543 3305 4598 veniunt
3331 4545 3636 4608 credentes,

2070 4643 2197 4713 quia
2245 4641 2498 4696 Christus
2539 4638 2689 4693 venit
2728 4637 2784 4690 in
2836 4634 2980 4689 hunc
3021 4637 3282 4691 mundum
3329 4647 3639 4706 peccatores

2073 4733 2253 4788 salvos
2286 4732 2484 4788 facere.
2513 4727 2630 4784 lloc
2660 4742 2788 4797 ergo
2826 4726 2986 4780 modo
3013 4735 3190 4797 potest
3211 4729 3486 4798 explanari
3511 4745 3638 4784 ver-

2073 4824 2230 4880 siculi
2265 4824 2428 4894 hujus
2458 4836 2654 4877 sensus
2675 4859 2690 4884 ,
2721 4818 2981 4887 equitatui
3015 4834 3136 4873 meo
3165 4819 3257 4888 qui
3293 4821 3393 4874 fuit
3421 4827 3546 4874 ante
3582 4820 3639 4873 in

2073 4915 2325 4970 curribus
2349 4913 2674 4981 Pharaonis,
2729 4923 2781 4968 et
2818 4928 2963 4967 nunc
3003 4916 3249 4984 sequitur
3279 4928 3366 4966 me
3395 4912 3448 4966 in
3481 4910 3637 4980 equis

2075 5005 2234 5071 albis,
2283 5005 2604 5074 puriﬁcatus
2639 5003 2694 5058 in
2739 5004 2955 5060 lavacro
2988 5019 3162 5074 aquae,
3199 5003 3432 5058 similem
3468 5010 3520 5054 te
3547 5017 3637 5071 ar-

2079 5097 2270 5159 bitror,
2293 5094 2542 5165 proxima
2588 5109 2730 5148 mea.
2780 5092 2958 5148 Beatae
2993 5108 3121 5162 ergo
3162 5100 3289 5146 sunt
3319 5090 3422 5142 illa:
3448 5087 3641 5141 animm

2075 5203 2196 5257 qua:
2225 5186 2449 5242 dorsum
2491 5200 2650 5241 suum
2677 5193 3036 5240 curvaverunt
3060 5193 3118 5238 ut
3147 5181 3444 5250 suscipiant
3470 5193 3646 5232 sesso-

2073 5298 2190 5340 tcut
2219 5280 2454 5337 Verbum
2489 5277 2581 5332 Dei
2615 5293 2778 5347 super
2811 5288 2892 5337 se,
2925 5286 2976 5330 et
3008 5276 3156 5329 frena
3189 5273 3307 5342 ejus
3341 5269 3647 5342 patiuntur,

497 5465 570 5520 "l
595 5470 719 5524 Cor.
748 5487 808 5532 ll,
841 5470 923 5524 12.
1001 5469 1043 5500 ³⁶
1076 5467 1232 5521 Rern.
1265 5467 1490 5532 vnt,15.
1571 5464 1610 5495 ³⁷
1635 5461 1804 5518 Exod.
1841 5477 1949 5517 xw.
2030 5458 2137 5516 "ll
2172 5456 2306 5528 Reg.
2337 5472 2412 5523 vr,
2442 5453 2635 5518 16,17.
2713 5454 2753 5485 39
2790 5447 2990 5504 llabac.
3021 5463 3101 5512 ιιι,
3135 5446 3188 5501 8.
3263 5447 3307 5479 ⁵ο
3334 5445 3501 5516 Apoc.
3528 5459 3648 5512 snt,

439 5532 519 5598 Η.
552 5539 739 5606 12,13,
782 5540 860 5593 14.
935 5540 977 5570 δι
1008 5537 1160 5592 Joan.
1199 5553 1237 5601 I,
1268 5537 1317 5591 1.
1392 5539 1437 5569 δ’
1465 5535 1620 5593 Joau.
1658 5549 1715 5602 ι,
1746 5533 1828 5586 18.
