4236 6282
536 297 633 356 131

1629 265 1952 351 cuiacius
1989 292 2056 349 ιιι
2096 292 2450 352 CANTICUM
2487 293 2763 352 CANTIC.

3702 304 3805 360 i352

534 431 595 477 ut
627 433 959 491 quocunque
993 419 1109 490 ipse
1149 418 1382 478 voluerit
1406 418 1587 476 ﬂectat
1619 435 1735 487 eas,
1768 430 1824 479 et
1859 430 1986 493 agat
2016 421 2119 477 ha-
2148 424 2194 483 Α
2228 420 2355 475 viris
2395 421 2506 475 suis
2535 421 2590 474 in
2622 420 2884 476 omnibus.
2938 420 3074 487 Viri,
3109 421 3319 495 diligite
3356 439 3549 483 uxores
3582 436 3801 497 vestras,

535 513 693 569 benis
720 522 1114 583 praceptorum
1144 526 1371 566 suorum
1404 530 1418 568 :
1454 512 1583 582 quia
1609 513 1724 583 jam
1755 530 1863 572 non
1894 515 2116 584 propria

543 606 819 662 voluntate
846 605 1139 669 incedunt,
1187 604 1282 660 sed
1312 606 1378 661 ad
1410 606 1595 662 omnia
1634 608 1912 663 ducuntur
1945 617 2003 664 et
2031 624 2119 665 re-

533 697 816 754 ducuntur
846 700 1125 754 voluntate
1151 698 1408 754 sessoris.
1451 696 1522 753 Et
1554 698 1810 757 fortassis
1839 701 2119 757 videbitur

535 791 836 846 secundum
883 789 986 843 hoc
1037 788 1182 859 quod
1216 803 1283 843 ex
1319 788 1508 844 multis
1557 790 1848 847 animabus
1887 807 2118 863 congre-

536 892 659 955 gata
694 892 775 938 est
795 881 1061 948 Ecclesia,
1099 891 1154 937 et
1182 882 1493 953 exemplum
1517 883 1643 938 vita
1670 885 1880 953 accepit
1904 899 1932 937 a
1957 884 2119 940 Chri-

534 987 640 1041 sto,
676 976 818 1046 quod
863 991 971 1031 non
1018 985 1126 1030 tam
1159 976 1230 1031 ab
1269 976 1385 1046 ipsa
1411 975 1610 1033 deitate
1636 975 1800 1033 Verbi
1832 977 1928 1033 Dei
1956 993 2116 1035 acce-

531 1062 692 1132 perit,
744 1079 868 1134 qua
918 1064 1110 1133 utique
1160 1065 1531 1134 supereminet
1559 1080 1655 1122 eos
1686 1075 1843 1122 actus
1876 1068 1960 1124 vel
1990 1067 2115 1124 all'e-

532 1164 676 1221 ctus,
727 1155 821 1226 qui
858 1156 926 1211 ad
970 1156 1279 1226 exemplum
1329 1156 1450 1212 dari
1492 1158 1805 1215 hominibus
1845 1160 2112 1229 debeant;

531 1249 627 1302 sed
670 1247 763 1302 illa
809 1248 992 1304 anima
1045 1262 1169 1319 qua
1221 1258 1504 1321 assumpta
1551 1259 1635 1307 est
1674 1251 1744 1308 ab
1777 1267 1875 1323 eo,
1916 1253 1971 1308 in
2005 1269 2113 1324 qua

529 1335 635 1393 fuit
665 1354 879 1395 summa
905 1338 1187 1410 perfectio,
1225 1339 1317 1396 illa
1347 1341 1418 1396 sit
1460 1341 1526 1396 ad
1559 1343 1870 1413 exemplum
1905 1344 2111 1414 posita,

531 1435 587 1482 et
613 1429 731 1499 ipsa
765 1429 981 1486 dicatur
1013 1430 1103 1486 hic
1131 1432 1382 1500 proxima
1412 1448 1571 1501 mea;
1604 1434 1764 1505 cujus
1797 1435 2115 1492 similitudi-

531 1533 658 1573 nem
688 1518 889 1575 habere
917 1519 1111 1576 debeat
1140 1521 1305 1576 etiam
1352 1520 1617 1589 Ecclesia,
1663 1540 1788 1595 qua
1825 1541 1893 1581 ex
1927 1527 2114 1583 multis

534 1618 896 1680 congregatur
926 1609 1248 1676 animabus,
1276 1611 1387 1668 illis
1420 1612 1630 1669 scilicet
1654 1629 1776 1685 qua
1808 1617 1964 1686 prius
1993 1615 2111 1673 fue-

532 1708 656 1754 rant
691 1700 795 1755 sub
835 1700 969 1772 jugo
998 1709 1053 1757 et
1090 1701 1344 1759 curribus
1377 1702 1699 1768 Pharaonis,
1751 1714 1806 1761 et
1832 1707 2112 1778 equitatus

2220 513 2359 567 sicut
2409 522 2459 567 et
2489 510 2730 568 Christus
2772 513 2963 569 dilexit
2991 513 3288 571 Ecclesium
3322 533 3477 572 suam
3522 529 3571 574 et
3615 530 3803 575 semet-

2218 602 2392 673 ipsum
2427 604 2653 658 tradidit
2685 619 2779 676 pro
2810 621 2904 670 ea,
2940 614 3000 660 ut
3033 622 3151 660 eam
3190 608 3554 678 sancti/itaret
3591 608 3803 665 lavacro

2219 710 2371 764 aqua
2407 696 2464 750 iu
2500 695 2684 763 uerbo,
2723 704 2782 749 ut
2833 696 2943 762 ipse
2992 696 3095 751 sibi
3137 708 3467 769 prepararet
3511 699 3801 771 gloriosam

2219 784 2516 841 Ecclesium
2547 803 2649 841 non
2690 787 2964 843 habentem
2997 789 3284 856 maculam,
3328 799 3423 845 aut
3464 807 3675 863 rugam,
3700 804 3793 847 aut

2218 876 2424 946 aliquid
2466 875 2792 945 hujusmodi,
2832 876 2924 935 sed
2958 886 3014 933 ut
3047 888 3184 935 esset
3224 890 3413 935 sancta
3444 889 3495 935 et
3537 881 3801 938 immacu-

2218 964 2332 1021 lata
2356 967 2423 1021 ⁸⁸.
2473 966 2540 1022 Et
2582 976 2709 1040 post
2749 983 2973 1039 pauca:
3026 968 3217 1037 Nemo,
3258 971 3460 1042 inquit,
3504 974 3644 1028 enim
3695 973 3799 1028 alio
3854 1002 3862 1009 -

2216 1056 2432 1128 quando
2460 1074 2672 1114 carnem
2702 1075 2854 1114 suam
2884 1060 3006 1114 odio
3034 1059 3241 1127 habuit,
3272 1062 3364 1115 sed
3394 1063 3559 1117 nutrit
3585 1072 3635 1117 et
3660 1062 3797 1133 fouet

2216 1165 2332 1205 eam
2357 1150 2495 1204 sicut
2518 1159 2566 1204 et
2588 1147 2831 1207 Christus
2856 1149 3175 1218 Ecclesium,
3203 1152 3334 1223 quia
3358 1142 3592 1211 membra
3614 1172 3795 1212 sumus

2215 1242 2453 1310 corporis
2479 1242 2592 1310 ejus
2619 1241 2688 1306 ιθ,
2715 1250 2770 1297 et
2794 1243 3023 1314 reliqua.

2291 1329 2395 1387 Per
2423 1332 2538 1387 hac
2558 1346 2690 1403 ergo
2712 1332 3027 1398 educamur,
3051 1332 3330 1404 quomodo
3366 1349 3569 1406 sponsa
3593 1333 3795 1390 Christi

2215 1438 2340 1493 qua
2367 1431 2453 1479 est
2476 1422 2741 1491 Ecclesia,
2768 1424 2934 1479 etiam
2963 1423 3035 1479 sit
3067 1439 3268 1495 corpus
3297 1424 3420 1496 ejus
3445 1434 3500 1481 et
3524 1427 3792 1484 membra.

2217 1511 2275 1569 Si
2310 1528 2439 1585 ergo
2480 1514 2674 1571 audias
2706 1514 2896 1584 sponsi
2924 1515 3166 1571 membra
3220 1516 3515 1585 nominari,
3537 1515 3797 1575 Ecclesia

2214 1604 2462 1660 membra
2508 1604 2614 1660 dici
2652 1604 2911 1676 intellige.
2952 1605 3008 1660 In
3050 1606 3253 1677 quibus
3287 1607 3431 1664 sicut
3474 1616 3603 1665 sunt
3626 1608 3793 1679 aliqui

2213 1697 2306 1768 qui
2335 1697 2591 1753 dicuntur
2623 1696 2790 1764 oculi,
2814 1710 2915 1769 pro
2957 1695 3326 1770 intelligentia
3363 1699 3483 1756 sine
3528 1698 3695 1755 dubio
3731 1713 3796 1755 ac

534 1788 754 1846 Domini
784 1792 1147 1862 appellantur.
1180 1790 1313 1861 Qum
1341 1803 1523 1850 autem
1556 1813 1623 1852 ex
1644 1796 1860 1854 duabus
1894 1801 2113 1869 ειροεί-
2144 1780 2187 1841 Β
2216 1788 2460 1846 scientia
2505 1788 2734 1854 lumine,
2757 1796 2813 1844 et
2851 1788 2945 1843 alii
2987 1803 3151 1845 aures
3175 1805 3276 1861 pro
3308 1790 3583 1847 audiendo
3626 1790 3794 1847 verbo

535 1880 612 1935 tio
653 1882 949 1937 convenire
994 1884 1166 1953 magis
1208 1886 1489 1955 proposito
1530 1886 1802 1943 versiculo
1840 1889 2108 1957 videatur,

532 1971 789 2041 probabis
812 1973 977 2029 etiam
1004 1983 1063 2030 tu
1092 1975 1187 2045 qui
1213 1976 1370 2049 legis.

612 2060 765 2117 Vera.
811 2062 901 2119 10.
958 2062 1133 2129 Quam
1179 2066 1429 2135 speciosae
1471 2067 1629 2137 facta
1673 2078 1796 2124 sunt
1841 2079 2113 2141 genatuaz

532 2162 785 2224 tanquam
820 2156 1068 2220 turturis,
1098 2156 1274 2210 cervix
1310 2167 1403 2213 tua
1430 2159 1566 2213 sicut
1597 2158 1928 2216 redimicula.
1963 2159 2111 2219 Ordo

531 2246 794 2304 dramatis
821 2246 1139 2318 hujusmodi
1166 2247 1383 2304 videtur
1401 2249 1601 2305 habere
1631 2255 2109 2322 consequentiam,

532 2339 682 2411 quod
733 2348 1089 2410 posteaquam
1149 2341 1449 2398 austeriore
1498 2357 1635 2399 usus
1672 2352 1759 2399 est
1809 2347 2112 2402 commina—

533 2432 682 2488 tione
705 2447 942 2502 sponsus
976 2433 1044 2487 ad
1078 2447 1360 2503 sponsam,
1389 2442 1728 2505 protestatus
1756 2437 1807 2493 ei
1831 2439 1980 2509 quod
2004 2440 2110 2495 nisi

530 2534 886 2597 cognosceret
928 2525 1281 2595 semetipsam
1327 2527 1543 2583 exitura
1588 2538 1739 2586 esset
1778 2529 1835 2584 in
1867 2530 2110 2603 vestigiis

531 2629 775 2686 gregum,
806 2622 862 2669 et
895 2623 1145 2685 pasceret
1174 2630 1285 2670 non
1322 2631 1475 2684 oves,
1502 2618 1598 2673 sed
1625 2618 1848 2687 hados,
1875 2620 2113 2676 erubue-

529 2704 603 2758 rit
631 2719 798 2774 super
831 2703 1150 2758 austeritate
1183 2705 1459 2775 praeepti,
1505 2706 1599 2762 sed
1644 2715 1700 2763 et
1749 2708 1917 2765 rubor
1963 2725 2114 2768 vere-

527 2796 745 2852 cundia
793 2795 1025 2854 ditlusus
1068 2795 1123 2851 in
1153 2796 1307 2851 vultu
1353 2798 1631 2869 speciosa:
1666 2799 1909 2857 eﬂ’ecerit
1944 2817 2112 2876 genas

526 2887 672 2958 ejus,
719 2894 774 2942 et
805 2886 979 2944 multo
1025 2903 1188 2959 quam
1219 2887 1435 2944 fuerant
1466 2889 1808 2961 pulchriores
1838 2911 1852 2947 :
1879 2908 1988 2950 non
2020 2910 2110 2951 so-

529 2982 645 3037 lum
676 2993 859 3038 autem
908 2997 1080 3055 gena,
1136 2984 1230 3039 sed
1288 2991 1344 3038 et
1382 2983 1565 3039 cervix
1608 2985 1729 3056 ejus
1766 2995 1877 3042 tam
1911 2988 2110 3044 decora

528 3075 603 3132 sit
632 3074 866 3141 reddita,
911 3075 1072 3145 quasi
1107 3074 1393 3130 monilium
1433 3076 1772 3134 redimiculis
1820 3079 2105 3136 adornata.

527 3163 886 3221 Pulehritudo
918 3180 1048 3236 ergo
1090 3180 1352 3237 genarum
1385 3167 1696 3225 turturibus
1734 3178 2107 3241 comparatur,

526 3255 674 3328 quod
717 3272 814 3330 per
867 3256 1182 3328 huiusmodi
1234 3272 1363 3314 aves
1406 3256 1570 3314 simul
1617 3258 1876 3316 honestas
1924 3261 2110 3318 vultus

524 3357 582 3404 et
633 3349 891 3405 alacritas
934 3350 1225 3406 indicetur.
1279 3347 1407 3405 Hac
1440 3359 1527 3406 est
1567 3350 1813 3407 historici
1846 3351 2109 3409 dramatis

522 3443 629 3514 61
672 3441 1001 3511 explanatio.
1044 3439 1147 3496 Sed
1177 3442 1461 3498 veniamus
1510 3442 1577 3499 ad
1605 3459 1742 3499 rem.
1769 3443 1973 3500 Paulus
1995 3444 2106 3516 (51)

525 3534 807 3605 apostolus
824 3534 1069 3589 scribens
1091 3534 1156 3588 ad
1172 3533 1467 3591 Ecclesiam
1478 3535 1887 3593 Corinthiorum
1910 3538 1982 3593 ita
1996 3539 2070 3594 ait
2090 3556 2104 3595 :

525 3624 729 3695 Corpus
771 3631 948 3677 autem
989 3639 1090 3677 non
1131 3633 1207 3678 est
1242 3627 1530 3681 membrum
1565 3644 1750 3694 unum,
1788 3630 1879 3684 sed
1910 3630 2103 3688 multa.

526 3715 596 3771 Et
633 3717 677 3770 si
708 3717 903 3770 dixerit
933 3731 1021 3785 pes
1053 3717 1177 3787 quia
1217 3733 1322 3772 non
1362 3736 1481 3773 sum
1512 3736 1720 3787 manus,
1756 3738 1860 3775 non
1888 3740 2004 3777 sum
2042 3724 2107 3779 de

525 3826 761 3880 corpore,
803 3826 905 3863 non
939 3817 1214 3881 propterea
1249 3825 1352 3862 non
1382 3817 1459 3862 est
1493 3809 1556 3864 de
1590 3827 1805 3880 corpore
1818 3827 1838 3876 ;
1866 3824 1914 3866 et
1943 3816 1988 3867 si
2015 3814 2098 3869 di-

524 3902 664 3954 :rerit
711 3901 991 3968 auricula,
1037 3901 1165 3971 quia
1210 3916 1313 3954 non
1352 3916 1468 3954 sum
1513 3900 1720 3968 oculus,
1762 3918 1865 3955 non
1893 3919 2010 3957 sum
2040 3904 2106 3959 de

524 4007 762 4060 corpore,
794 4008 895 4045 non
916 4001 1187 4062 propterea
1218 4008 1320 4046 non
1348 4004 1426 4047 est
1456 3992 1521 4046 de
1540 4009 1778 4064 corpore.
1841 3993 1902 4049 Si
1934 4005 2105 4051 totum

524 4100 713 4155 corpus
733 4093 807 4138 cst
832 4084 1033 4150 oculus,
1065 4083 1156 4138 ubi
1179 4093 1256 4138 est
1286 4085 1550 4139 auditus?
1582 4084 1642 4140 Si
1665 4094 1832 4142 totum
1860 4087 2101 4156 auditus,

522 4178 614 4234 ubi
635 4178 884 4234 odoratus
903 4179 929 4232 ?
946 4176 1106 4233 Nunc
1139 4188 1315 4233 autem
1331 4178 1469 4235 Deus
1495 4181 1670 4250 posuit
1698 4182 2104 4253 unumquodque

522 4272 811 4326 membrum
859 4272 915 4326 in
959 4288 1174 4342 corpore
1216 4274 1353 4327 sicut
1386 4272 1551 4329 voluit
1578 4273 1643 4329 ⁸³.
1687 4271 1755 4328 Et
1789 4289 1913 4329 cum
1942 4275 2102 4346 plura

521 4363 590 4418 tle
625 4363 731 4416 hoc
758 4362 1113 4433 disputasset,
1160 4362 1226 4414 ad
1254 4362 1505 4415 ultimum
1540 4363 1673 4417 dicit
1709 4381 1724 4415 :
1774 4362 1878 4417 Vos
1922 4374 2101 4418 autem

2214 1877 2499 1946 doctrina,
2535 1878 2627 1934 alii
2660 1893 2857 1935 manus
2882 1893 2982 1948 pro
3012 1878 3174 1935 bonis
3201 1881 3458 1951 operibus
3496 1880 3795 1952 religiosis-

2212 1984 2319 2043 que
2359 1969 2698 2037 ministeriis,
2736 1970 2810 2025 ita
2846 1979 2976 2026 sunt
2997 1970 3089 2026 alii
3130 1980 3187 2027 et
3218 1972 3317 2042 qui
3357 1986 3510 2042 gena
3541 1972 3662 2043 ejus
3691 1986 3790 2043 ap.

2211 2062 2500 2133 pellantur.
2551 2061 2717 2120 Cena
2757 2072 2939 2120 autem
2980 2073 3161 2135 partes
3196 2065 3379 2122 vultus
3413 2065 3691 2133 dicuntur,
3734 2064 3791 2119 in

2211 2153 2413 2223 quibus
2425 2154 2687 2210 honestas
2697 2162 2750 2211 et
2774 2155 3098 2211 verecundia
3115 2157 3310 2211 anima
3321 2156 3636 2227 agnoscitur
3656 2173 3672 2210 :
3695 2170 3793 2227 per

2211 2246 2359 2317 quod
2396 2246 2517 2302 sine
2542 2246 2712 2301 dubio
2738 2246 2818 2304 illi
2853 2247 2908 2303 iu
2934 2246 3197 2304 membris
3223 2245 3483 2303 Ecclesia
3510 2247 3793 2303 declaran-

2215 2346 2325 2407 tur,
2348 2338 2443 2409 qui
2467 2339 2737 2395 castitatis
2763 2347 2819 2395 et
2842 2338 3118 2409 pudicitia
3146 2339 3403 2397 excolunt
3428 2340 3789 2397 honestatem.

2211 2427 2318 2485 Pro
2371 2429 2459 2486 his
2505 2444 2637 2501 ergo
2688 2428 2758 2484 ad
2806 2442 2970 2485 omne
3017 2444 3219 2499 corpus
3290 2444 3507 2499 sponsa
3549 2428 3784 2486 dicitur:

2212 2518 2387 2586 Quam
2432 2519 2682 2589 speciosae
2721 2517 2881 2587 facta
2916 2526 3040 2571 sunt
3081 2533 3226 2588 gente
3256 2517 3406 2572 tua!
3448 2515 3514 2574 Et
3559 2518 3789 2573 observa

2211 2612 2341 2685 quia
2389 2626 2501 2667 non
2544 2610 2704 2678 dixit,
2752 2625 2918 2682 quam
2969 2611 3233 2679 speciosa
3276 2620 3405 2668 sunt
3445 2625 3596 2681 gena
3649 2619 3787 2666 tua:

2210 2707 2310 2767 sed
2335 2723 2351 2762 :
2378 2704 2554 2772 Quam
2593 2705 2843 2775 speciosa
2884 2705 3041 2775 facta
3072 2712 3229 2771 sunt;
3271 2712 3330 2760 ut
3355 2702 3605 2761 ostendat
3637 2704 3790 2776 prius

2212 2797 2439 2871 quidem
2493 2810 2607 2852 non
2650 2810 2745 2853 eas
2778 2796 2854 2853 ita
2894 2795 3069 2853 fuisse
3100 2797 3415 2867 speciosas,
3450 2795 3547 2854 sed
3571 2782 3787 2867 postea-

2208 2906 2381 2963 quam
2429 2887 2670 2959 suscepit
2715 2887 2906 2944 oscula
2952 2886 3178 2958 sponsi,
3221 2895 3277 2943 et
3315 2888 3428 2958 ipse
3455 2887 3548 2958 qui
3596 2888 3787 2959 loque-

2211 2988 2374 3045 batur
2400 3002 2498 3059 per
2526 2986 2824 3058 prophetas
2854 2984 3010 3056 prius
3041 2982 3237 3049 adluit,
3270 2990 3326 3039 et
3362 2979 3647 3038 mandavit
3682 2978 3785 3037 sibi

2217 3078 2322 3151 ipsi
2353 3076 2654 3134 Ecclesiam
2695 3091 2855 3133 suam
2908 3075 3129 3132 lavacro
3178 3088 3354 3145 aqua,
3396 3082 3452 3130 et
3490 3071 3620 3128 fecit
3660 3086 3785 3127 eam

2212 3186 2323 3228 non
2373 3169 2578 3226 habere
2620 3170 2892 3226 maculam
2942 3177 3039 3224 aut
3080 3181 3296 3238 rugam,
3350 3173 3405 3222 et
3453 3165 3785 3236 agnitionem

2210 3261 2299 3317 sui
2320 3260 2571 3332 prastitit
2593 3260 2666 3327 ei,
2688 3271 2820 3316 tunc
2844 3259 3004 3317 facta
3028 3267 3157 3314 sunt
3184 3255 3449 3326 speciosa
3470 3269 3621 3326 gena
3640 3253 3782 3325 ejus.

2208 3350 2368 3409 'l‘unc
2414 3353 2561 3409 enim
2599 3352 2825 3409 castitas
2865 3359 2920 3407 et
2962 3348 3225 3420 pudicitia
3268 3354 3324 3403 et
3350 3346 3636 3419 virginitas
3664 3358 3787 3415 qua

2210 3442 2365 3514 prius
2404 3457 2515 3497 non
2553 3440 2765 3511 fuerat,
2787 3456 2884 3512 per
2910 3439 3171 3497 Ecclesia
3198 3454 3367 3511 genas
3406 3438 3656 3509 specioso
3688 3436 3786 3493 de—

2207 3546 2337 3588 core
2372 3531 2569 3588 dill’usa
2592 3541 2697 3588 est.
2748 3531 2881 3598 Qua
2928 3540 3109 3588 tamen
3158 3545 3421 3602 genarum
3455 3529 3689 3599 species,
3729 3528 3785 3585 id

2203 3633 2292 3681 est
2318 3623 2597 3695 pudicitia
2637 3632 2691 3681 et
2718 3623 3027 3688 castitatis,
3074 3622 3380 3679 turturibus
3414 3628 3781 3692 comparatur.

2208 3715 2512 3772 Turturum
2559 3715 2747 3773 ferunt
2775 3715 3091 3787 hujusmodi
3131 3722 3382 3770 naturam
3422 3728 3563 3780 esse,
3593 3721 3654 3768 ut
3684 3727 3798 3768 ne~

2204 3825 2315 3881 que
2354 3809 2635 3866 masculus
2667 3817 2863 3879 prater
2902 3824 3066 3866 unam
3107 3808 3366 3866 feminam
3410 3808 3569 3864 adeat
3596 3808 3779 3873 aliam,

2208 3916 2312 3957 nec
2337 3900 2537 3956 femina
2554 3901 2677 3970 plus
2698 3914 2864 3971 quam
2881 3915 3051 3957 unum
3080 3900 3320 3972 patiatur
3344 3915 3582 3968 marem;
3620 3900 3695 3955 ita
3721 3907 3782 3954 ut

2206 3992 2253 4048 si
2280 3991 2492 4047 accidat
2524 3993 2696 4048 altero
2741 3994 3041 4062 intercepto
3089 4007 3376 4063 superesse
3412 3992 3663 4057 alterum,
3685 4007 3781 4062 pa-

2204 4083 2338 4139 riter
2368 4098 2493 4138 cum
2523 4084 2754 4156 conjuge
2782 4084 3087 4141 exstinctus
3119 4084 3259 4141 sitei
3283 4084 3602 4140 concubitus
3617 4097 3792 4142 amor.

2201 4173 2603 4231 Convenienter
2630 4189 2759 4247 ergo
2782 4175 3084 4232 similitudo
3106 4176 3334 4232 turturis
3357 4183 3576 4246 aptatur
3597 4174 3782 4232 Eccle-

2204 4266 2323 4331 sia,
2347 4266 2493 4336 quod
2520 4266 2607 4322 vel
2640 4267 2865 4324 alterius
2888 4267 2990 4323 viri
3013 4275 3139 4338 post
3160 4266 3437 4322 Christum
3464 4266 3779 4338 eonjugium

2203 4362 2451 4429 nesciat,
2481 4363 2567 4419 vel
2612 4363 2759 4433 quod
2804 4363 3155 4419 continentia
3207 4371 3263 4417 et
3300 4362 3573 4431 pudicitia
3614 4362 3671 4418 in
3712 4377 3777 4416 ea

520 4455 649 4508 estis
679 4467 867 4522 corpus
891 4450 1092 4505 Christi
1121 4460 1171 4503 et
1198 4451 1428 4505 membra
1458 4462 1699 4520 exparte
1723 4452 1789 4507 “.
1816 4451 1880 4507 Et
1904 4454 2101 4509 iterum
2137 4465 2181 4519 υ
2208 4463 2468 4525 tanquam
2520 4462 2797 4509 turturum
2846 4453 3035 4510 volitet
3096 4452 3408 4510 multitudo.
3465 4450 3774 4509 Secundum

522 4544 593 4599 ad
623 4543 888 4616 Ephesios
926 4541 1172 4600 scribens
1211 4540 1377 4597 dicit:
1415 4539 1650 4611 Subjecti
1690 4544 1912 4599 invicem
1942 4546 1998 4599 iu
2031 4545 2101 4601 ti-

518 4652 666 4689 more
687 4635 911 4692 Christi.
946 4633 1195 4690 Mulieres
1231 4633 1359 4687 viris
1401 4635 1512 4687 suis
1539 4634 1788 4704 subjectae
1815 4637 1922 4691 sint
1963 4638 2103 4692 sicut

523 4727 749 4781 Domino
780 4742 798 4781 :
833 4728 959 4797 quia
992 4727 1073 4780 vir
1108 4734 1267 4795 caput
1296 4734 1373 4779 est
1404 4726 1661 4793 mulieris,
1693 4728 1831 4783 sicut
1861 4737 1911 4784 et
1944 4729 2102 4785 Chri-

520 4829 638 4874 stus
667 4825 744 4872 est
781 4829 939 4887 caput
966 4817 1238 4884 Ecclesia,
1284 4824 1394 4886 ipse
1418 4816 1665 4874 Saluator
1686 4822 1954 4890 corporis.
1991 4821 2101 4878 Sed

518 4909 660 4964 sicut
686 4906 928 4961 Ecclesia
965 4906 1199 4977 subjecta
1242 4917 1319 4962 est
1345 4907 1593 4974 Christo,
1640 4910 1718 4963 ita
1760 4918 1812 4965 et
1850 4912 2100 4968 mulieres

628 5029 674 5101 ξι
697 5023 868 5101 l_Cor.
906 5038 1007 5101 ευ,
1034 5023 1121 5093 tt,
1148 5023 1236 5093 ιδ,
1260 5023 1346 5094 16,
1373 5026 1459 5093 ιτ,
1485 5026 1573 5087 ts.
1630 5028 1677 5063 ιι
1697 5028 1832 5088 ibid.
1869 5029 1961 5085 27.
2040 5031 2086 5064 ιι
2110 5028 2251 5101 Eph.
2291 5045 2301 5069 ε

1485 5026 1573 5087 18.
1630 5028 1677 5063 ⁸³
1697 5028 1832 5088 ibid.
1869 5029 1961 5085 27.
2040 5031 2086 5064 ⁸⁸
2110 5028 2251 5101 Eph.
2291 5045 2346 5096 v,
2368 5024 2462 5098 21,
2480 5027 2575 5097 22,
2597 5028 2690 5096 25,
2714 5028 2809 5098 21,
2828 5030 2921 5098 25,
2942 5030 3035 5098 26,
3058 5029 3151 5085 27.

519 5101 566 5133 "
590 5097 781 5157 Matth.
808 5111 885 5162 xl,
913 5094 1004 5149 ιε).

593 5214 1521 5308 (ει),Ριξρςορέιξλςερνίςειιεε
1572 5220 1893 5308 suum
1952 5222 2089 5295 μέλη

521 5286 780 5365 ξρίσςιξυιῖι⁸
806 5288 905 5360 τῆς
933 5286 1266 5365 ⁸Ἐκκλησίᾳς
1299 5289 1516 5365 tepens
1562 5293 1592 5345 ὁ
1643 5292 1855 5365 pagg;
1892 5286 2089 5365 “iam”:

629 5360 793 5415 οἱονεὶ
842 5358 1223 5434 ⁸ιξρόσιειποιι-ρι
1269 5360 1349 5434 τῷ
1370 5358 1565 5434 super
1598 5362 1707 5415 τῶν
1753 5358 2098 5434 λοιπῷἷδια-

521 5428 798 5503 φέροντες,
832 5428 1059 5502 αἰσχρὸν
1102 5428 1254 5509 οὐξὲν
1291 5428 1615 5496 ἐννοοῦντες,
1647 5433 1823 5505 τὴνδὲ
1855 5433 1954 5503 τῆς
1993 5451 2097 5489 ato-

522 5501 795 5575 φροεξρνης
851 5515 1324 5575 κᾳρποφορρυντες
1373 5499 1526 5575 digitis.
1574 5505 1635 5556 Οἱ
1661 5504 1932 5575 Δπρότερον
1967 5502 2097 5567 ἴσως

522 5515 795 5588 apposung
851 5515 1324 5579 καρποφορρυντες
1373 5515 1526 5557 atem.
1574 5515 1635 5556 Ut
1669 5515 1932 5585 πρότερον
1967 5515 2097 5567 tam;

523 5588 627 5645 oux
648 5571 978 5645 byrcglxalo‘.
1003 5586 1256 5645 ῖοσουτον
1284 5571 1597 5645 μβτέόαλᾳν,
1641 5572 1718 5636 ὡς
1751 5572 2003 5645 εξρηᾳθᾳι
2028 5576 2094 5645 τῇ

523 5639 732 5712 νύμφῃο
766 5641 825 5693 Τί
859 5642 906 5693 ὠ
943 5639 1248 5709 αιώθησαν
1276 5639 1335 5694 αι
1362 5643 1641 5711 martia-ec
1674 5639 1816 5698 σουδ
1843 5639 1917 5715 μὴ
1946 5639 2098 5714 ἐχονέἰ

525 5728 617 5782 τες
665 5710 851 5782 σπῑλρν
870 5659 1154 5782 ῥυτίδα’
1186 5710 1326 5780 τάχα
1352 5709 1411 5782 δὲ
1443 5712 1521 5782 τῷ
1544 5712 1636 5765 τὸν
1668 5712 1766 5768 ἕνα
1811 5714 1970 5782 μόνον
2010 5729 2098 5782 γι-

525 5728 617 5775 τες
665 5727 851 5763 anton
882 5727 915 5780 η
950 5727 1154 5782 ρυτιοω
1186 5727 1326 5780 saxa
1352 5727 1411 5763 οε
1443 5729 1521 5835 ἐἴ
1544 5727 1636 5765 τον
1669 5727 1766 5768 ενα
1811 5727 1970 5785 μονον
2010 5729 2098 5782 γι-

523 5781 754 5837 νώσκειν
780 5779 932 5835 Θεόν·
969 5782 1062 5835 καὶ
1118 5782 1152 5851 ἡ
1199 5780 1413 5853 τρυγὼν
1445 5797 1480 5851 γ
1518 5798 1552 5854 ρ
1586 5782 1665 5836 ἐνὶ
1721 5784 2098 5856 μόνῳ.συνέρ-

2208 4546 2352 4602 hanc
2391 4546 2803 4617 intelligentiam
2843 4545 3010 4602 etiam
3053 4545 3322 4603 cervicem
3365 4559 3581 4616 sponsa
3632 4545 3779 4601 acci-

2206 4639 2446 4708 piamus.
2470 4638 2602 4705 Quae
2624 4638 2742 4695 sine
2768 4638 2939 4696 dubio
2962 4638 3067 4694 illa
3088 4637 3314 4711 intelligi
3337 4636 3534 4694 debent
3559 4636 3775 4699 anima,

2206 4744 2331 4799 qua
2351 4727 2553 4785 Christi
2594 4730 2789 4801 jugum
2837 4730 3145 4802 suscipiunt
3186 4729 3417 4787 dicentis
3468 4746 3482 4783 :
3519 4726 3779 4800 Suscipite

2205 4835 2364 4890 super
2409 4835 2497 4874 vos
2534 4820 2724 4891 jugum
2774 4839 2968 4889 meum,
3013 4823 3139 4894 quia
3176 4822 3367 4892 jugum
3409 4838 3580 4878 meum
3621 4834 3780 4874 suave

2202 4922 2284 4968 est
2307 4911 2375 4967 θ’.
2403 4910 2727 4968 Obedientia
2762 4927 2893 4984 ergo
2922 4913 3046 4984 ejus
3079 4913 3319 4969 cervices
3349 4912 3468 4985 ejus
3504 4911 3782 4981 appellan-

3261 5027 3460 5085 “ibid.
3488 5026 3561 5082 29
3595 5036 3650 5083 et
3684 5026 3775 5082 50.

2234 5239 2383 5277 εται.
2427 5219 2569 5289 Quin
2627 5231 2677 5277 et
2732 5222 2965 5277 membra
3019 5221 3242 5283 Christi,
3273 5218 3526 5274 Ecclesia
3570 5233 3776 5289 sponsa!

2249 5293 2406 5375 culus
2442 5288 2590 5346 uocat
2616 5293 2823 5375 :“cujus
2865 5293 3239 5375 quasieu'ltus
3281 5298 3425 5375 sunt,
3460 5288 3775 5375 quindec‘ore

2199 5364 2416 5433 reliquis
2451 5360 2793 5425 antecellunt,
2834 5360 2968 5417 nihil
3003 5360 3239 5433 videlicet
3280 5368 3428 5427 turpe
3461 5360 3773 5433 cogitantes,

2200 5450 2263 5488 ac
2293 5427 2547 5510 pudorem
2583 5434 2852 5510 castitatis
2897 5433 3147 5510 fructum
3184 5431 3427 5510 ferentes.
3473 5427 3617 5510 Cum
3661 5429 3774 5510 for-

2200 5500 2361 5557 tussis
2414 5504 2561 5570 prius
2607 5502 2783 5557 decori
2830 5500 2934 5555 nou
2977 5509 3183 5565 essent,
3234 5500 3311 5570 sic
3372 5500 3566 5570 mutati
3625 5509 3771 5560 sunt,

2200 5585 2258 5626 ut
2289 5569 2491 5627 dictum
2525 5573 2590 5627 sit
2623 5587 2877 5642 sponsa;
2898 5589 2918 5621 ‹
2948 5570 3124 5635 Quam
3166 5569 3438 5642 ρριιτὲοειιεΔ
3458 5569 3617 5639 facta
3648 5576 3771 5623 sunt

2198 5658 2343 5713 gena:
2373 5643 2521 5698 tuas!
2551 5660 2568 5693 ι
2600 5639 2734 5713 Quas
2760 5641 2960 5713 scilicet
3001 5639 3263 5713 maculam
3292 5654 3409 5713 non_
3419 5639 3643 5695 habeant
3679 5646 3772 5690 aut

2199 5708 2649 5782 rugam,7idcirco
2694 5711 2952 5780 forsitan,
2997 5708 3137 5779 quod
3181 5724 3343 5761 unum
3368 5708 3537 5782 Deum
3580 5722 3771 5778 cogno-

2199 5780 2370 5840 scant.
2411 5781 2553 5839 Nam
2577 5792 2624 5838 et
2654 5789 2833 5838 turtur
2862 5794 2981 5835 cum
3014 5793 3118 5834 uno
3145 5783 3259 5837 solo
3288 5780 3646 5852 congreditur.

3799 5849 3812 5876 \
