4236 6282
347 198 448 254 {33
908 214 909 219 π
1656 193 1859 250 LIBER
1899 190 2286 253 SECUNDUS.
3486 207 3596 266 13s

344 326 452 374 tur.
479 316 675 374 Cervix
703 321 836 389 ergo
874 315 995 388 ejus
1021 315 1269 387 speciosa
1301 314 1445 373 facta
1472 324 1557 374 est
1585 315 1728 373 sicut
1769 313 1914 370 redi-
1943 316 1991 375 Α
2016 328 2124 384 que
2156 313 2478 384 susciperet.
2520 313 2826 387 Antequam
2854 332 2985 390 ergo
3033 323 3250 390 tempus
3277 317 3475 375 horum
3505 323 3604 377 ad—

344 408 568 476 micula,
593 417 645 464 et
676 408 896 464 merito.
944 405 1120 474 Quam
1148 406 1294 463 enim
1329 408 1484 478 prius
1513 405 1921 479 praevaricatio-

342 499 433 555 nis
473 498 842 555 inobedientia
888 507 1101 570 turpem
1148 497 1388 567 fecerat,
1429 514 1577 556 nunc
1613 498 1921 554 obedienlia

342 590 469 646 ﬁdei
495 590 798 661 speciosam
828 588 957 646 fecit
989 597 1044 646 et
1081 591 1388 661 pulchram.
1435 590 1632 648 Cervi:
1662 606 1791 663 ergo
1825 599 1920 647 tua

339 683 594 754 speciosa
646 682 793 737 facta
828 691 911 738 est
954 682 1097 739 sicut
1126 680 1466 739 redimicula.
1516 682 1598 738 Ad
1628 696 1923 756 utrumque

330 775 488 831 enim
532 775 890 841 subauditur,
938 774 1186 845 Speciosa
1223 773 1365 831 facta
1397 785 1500 831 est.
1579 774 1922 831 Redimicula

332 866 428 922 hic
469 868 604 923 dicit
627 870 1047 927 constrictiones
1070 870 1158 926 vel
1199 870 1569 926 connexiones
1630 867 1921 922 monilium

326 974 466 1028 qua
493 959 548 1014 in
573 960 880 1017 cervicibus
912 963 1098 1017 sedere
1135 961 1333 1025 solent,
1379 976 1445 1016 ex
1469 959 1670 1030 quibus
1697 958 1925 1014 deduci-

334 1062 453 1121 tur,
476 1062 530 1107 et
554 1053 836 1109 descendit
863 1069 957 1125 per
982 1069 1145 1110 omne
1172 1054 1370 1110 collum
1398 1054 1642 1124 reliquus
1673 1061 1920 1108 ornatus.

329 1143 448 1215 Ipsi
486 1159 615 1216 ergo
636 1155 960 1202 ornamento
986 1146 1129 1218 quod
1152 1145 1458 1202 cervicibus
1481 1152 1535 1199 et
1559 1144 1699 1200 collo
1716 1144 1920 1215 imponi

332 1239 504 1306 solet,
550 1238 818 1295 cervicem
853 1252 1070 1310 sponsae
1110 1235 1470 1307 comparavit.
1522 1233 1678 1301 Quod
1717 1233 1922 1289 dictum

328 1332 412 1387 ita
454 1331 809 1388 advertimus.
850 1329 1131 1385 Cervicem
1163 1328 1402 1384 diximus
1431 1325 1826 1396 subjectionem
1869 1334 1924 1382 et

335 1423 706 1481 obedientiam
736 1421 869 1489 dici,
907 1436 1009 1493 pro
1042 1434 1111 1476 eo
1141 1419 1287 1491 quod
1317 1418 1473 1490 quasi
1497 1418 1693 1489 jugum
1716 1416 1922 1474 Christi

328 1513 630 1584 suscipiat,
661 1521 717 1569 et
748 1511 874 1568 ﬁdei
907 1512 1028 1583 ejus
1058 1510 1419 1567 obedientiam
1450 1509 1708 1581 praebeat.
1742 1507 1920 1564 Orna-

336 1616 590 1662 mentum
637 1620 770 1678 ergo
814 1603 1046 1661 cervicis
1096 1603 1217 1675 ejus
1263 1617 1390 1673 qua:
1441 1609 1526 1657 est
1586 1600 1920 1668 obedientia,

2020 419 2188 478 esset,
2225 410 2279 465 in
2305 410 2496 467 multis
2543 411 2862 482 angelorum
2911 413 3215 471 ministerio
3249 416 3603 476 excolebatur

2021 513 2222 570 sponsa
2266 500 2360 570 qui
2408 501 2747 571 apparebant
2789 510 2922 557 tunc
2970 502 3285 561 hominibus
3322 514 3376 561 et
3415 506 3609 577 loque-

2018 589 2220 647 bantur
2261 604 2326 645 ea
2360 605 2484 660 quae
2531 606 2623 647 res
2646 591 2909 662 poscebat
2940 600 2995 648 et
3026 600 3261 664 tempus.
3298 592 3421 651 Non
3451 598 3600 652 enim

2020 691 2077 737 tu
2119 683 2255 737 mihi
2289 697 2357 739 ex
2401 684 2637 740 adventu
2683 681 2986 740 Salvatoris
3039 686 3096 739 in
3137 700 3302 742 carne
3343 704 3601 759 sponsam

2021 772 2153 840 dici,
2199 784 2293 829 aut
2322 773 2625 831 Ecclesiam
2676 783 2854 846 putes,
2896 775 2989 831 sed
3047 776 3117 832 ab
3165 776 3324 832 initio
3376 779 3601 834 humani

2021 866 2257 936 generis,
2307 877 2362 922 et
2398 867 2467 922 ab
2502 868 2618 939 ipsa
2662 867 3061 925 constitutione
3112 869 3342 936 mundi,
3383 868 3513 936 imo,
3547 882 3607 926 ut
3649 855 3658 895 ί

2027 953 2199 1010 Paulo
2225 955 2363 1012 duce
2391 956 2557 1013 altius
2579 957 2827 1029 mysterii
2856 957 3022 1028 hujus
3047 957 3318 1028 originem
3343 969 3610 1029 repetam,

2023 1055 2154 1100 ante
2195 1047 2359 1101 etiam
2397 1049 2844 1104 constitutionem
2894 1049 3105 1105 mundi.
3160 1050 3254 1106 Sic
3291 1052 3437 1106 enim
3479 1052 3613 1107 dicit

2024 1137 2182 1207 ipse:
2213 1136 2366 1192 Sicut
2397 1138 2550 1210 elegit
2583 1156 2677 1195 nos
2704 1141 2761 1194 in
2786 1138 2997 1194 Christo
3026 1149 3151 1196 ante
3181 1142 3613 1196 constitutionem

2024 1229 2232 1296 mundi,
2265 1239 2323 1284 ut
2350 1246 2579 1286 essemus
2620 1232 2796 1287 sancti
2822 1239 2871 1286 et
2899 1233 3236 1288 inmaculati
3272 1250 3451 1288 coram
3493 1235 3609 1303 ipso

2024 1319 2083 1373 in
2117 1320 2412 1385 charitate,
2445 1321 2834 1391 prtedestinans
2870 1338 2965 1378 nos
3003 1325 3057 1378 in
3094 1323 3429 1394 adoptionem
3470 1324 3613 1395 ﬁlio-

2026 1423 2145 1462 rum
2171 1407 2240 1462 ".
2275 1406 2381 1464 Sed
2409 1418 2466 1465 et
2498 1411 2553 1465 in
2576 1409 2810 1468 Psalmis
2844 1412 3144 1469 scribitur:
3186 1413 3447 1470 Memento
3484 1432 3611 1470 con-

2026 1500 2350 1571 gregationis
2382 1510 2522 1570 tute,
2556 1500 2802 1570 Domine,
2825 1519 2987 1574 quam
3035 1505 3367 1576 congregasti
3403 1505 3466 1559 ab
3508 1506 3613 1560 ini-

2028 1592 2103 1646 tio
2142 1592 2210 1647 ⁸⁸.
2273 1591 2456 1649 Prima
2502 1595 2703 1649 etenim
2760 1594 3111 1652 fundamenta
3168 1597 3609 1668 congregationis

329 1696 596 1754 Christus
617 1677 725 1754 est.
752 1695 872 1767 Ipse
903 1696 1048 1751 enim
1072 1694 1222 1766 prior
1244 1695 1419 1765 factus
1441 1699 1525 1748 est
1553 1691 1796 1746 obediens
1826 1708 1921 1747 us-

2027 1681 2285 1740 Ecclesiae
2310 1685 2493 1742 statim
2533 1685 2603 1741 ab
2634 1686 2792 1742 initio
2829 1696 2957 1744 sunt
2983 1689 3185 1759 posita,
3213 1688 3361 1745 unde
3382 1698 3437 1745 et
3463 1689 3612 1760 Apo-

328 1804 443 1859 que
468 1789 537 1843 ad
558 1795 780 1843 mortem
809 1787 888 1858 ⁴⁸;
921 1798 978 1847 et
1006 1787 1143 1843 sicut
1177 1800 1269 1858 per
1309 1786 1488 1853 unius,
1535 1783 1667 1839 Adae
1692 1782 1922 1848 scilicet,

334 1879 755 1935 inobedientiam
798 1887 1095 1948 peccatores
1137 1877 1411 1933 constituti
1452 1887 1576 1931 sunt
1613 1875 1769 1929 multi
1800 1891 1819 1931 :
1847 1874 1926 1928 ita

328 1980 395 2025 et
442 1985 534 2040 per
572 1970 733 2024 unius
780 1966 1153 2036 obedientiam,
1202 1966 1408 2023 Christi
1460 1967 1750 2030 duntaxat,
1788 1963 1926 2033 justi

326 2058 746 2112 constituuntur
770 2056 925 2110 multi
948 2056 1017 2109 δ’.
1052 2053 1449 2109 Ornamentum
1473 2068 1603 2124 ergo
1634 2060 1691 2107 et
1723 2053 1931 2106 monile

336 2145 580 2202 cervicis
622 2144 916 2208 Ecclesia,
968 2144 1277 2201 ohedicntia
1319 2144 1527 2199 Christi
1572 2151 1677 2199 est.
1729 2141 1837 2198 Sed
1878 2151 1933 2197 et

328 2236 530 2292 cervix
552 2235 829 2302 Ecclesiae,
861 2236 915 2292 id
944 2244 1031 2291 est
1056 2233 1366 2290 obedientia
1397 2233 1536 2305 ejus,
1568 2233 1766 2289 similis
1804 2232 1934 2288 effe-

332 2337 434 2384 cta
460 2335 544 2384 est
568 2327 894 2382 obcdientiae
923 2326 1153 2393 Christi,
1199 2324 1348 2396 quod
1377 2337 1461 2381 est
1501 2325 1707 2380 monile
1753 2325 1931 2380 cervi-

331 2419 444 2475 cis.
492 2416 686 2488 Magna
734 2431 864 2488 ergo
912 2417 968 2471 in
1016 2417 1123 2471 hoc
1165 2416 1287 2472 laus
1332 2431 1548 2486 sponsae
1586 2426 1691 2483 est,
1732 2431 1929 2483 magna

332 2507 597 2564 Ecclesiae
629 2506 822 2577 gloria,
854 2505 949 2562 ubi
995 2503 1230 2561 imitatio
1289 2504 1616 2561 obedientiae
1653 2506 1774 2576 ejus
1833 2523 1930 2562 ex-

335 2607 592 2670 sequatur
610 2598 933 2655 obedientiae
951 2597 1179 2666 Christi,
1196 2613 1362 2669 quam
1395 2598 1644 2672 imitatur
1659 2596 1924 2657 Ecclesia.

334 2691 472 2751 Haec
490 2694 627 2765 'ipsa
661 2694 872 2766 species
902 2693 1124 2751 monilis
1146 2694 1310 2751 etiam
1341 2694 1398 2750 in
1422 2693 1621 2751 Genesi
1653 2708 1927 2750 memora-

330 2798 433 2844 tur
472 2804 504 2844 a
527 2786 669 2844 Juda
710 2788 1024 2859 patriarcha
1049 2786 1291 2844 Thamar
1320 2788 1485 2844 nurui
1533 2803 1672 2855 suae,
1702 2789 1926 2859 quando

331 2892 470 2934 cum
515 2893 580 2934 ea
623 2878 781 2949 quasi
822 2892 947 2934 cum
990 2877 1278 2934 meretrice
1313 2878 1636 2947 concubuit,
1693 2878 1820 2934 data
1852 2878 1923 2931 ⁸⁸.

326 2969 495 3037 Quod
534 2983 649 3025 non
697 2969 955 3026 omnibus
1010 2978 1160 3041 patet
1204 2971 1548 3042 mysterium.
1598 2971 1922 3046 lntelligitur

2028 2974 2148 3017 eam
2174 2961 2326 3032 prius
2349 2977 2458 3017 non
2486 2961 2677 3032 fuisse,
2704 2964 2981 3035 quomodo
3008 2966 3155 3022 enim
3181 2968 3459 3025 dilexisset
3489 2984 3613 3026 eam
3688 3032 3689 3035 η

330 3075 436 3132 per
470 3061 599 3128 hoc,
637 3061 782 3132 quod
809 3060 1064 3119 Christus
1091 3060 1372 3130 Ecclesiae,
1410 3079 1578 3135 quam
1619 3079 1688 3120 ex
1715 3066 1918 3122 multo-

336 3167 464 3207 rum
516 3153 835 3224 dogmatum
883 3153 1275 3224 prostitutione
1324 3154 1658 3227 collegerat,
1718 3156 1919 3216 futurae

334 3242 692 3313 perfectionis
715 3244 833 3300 haec
860 3244 1010 3300 dedit
1035 3246 1284 3318 pignora,
1314 3255 1370 3302 et
1406 3246 1555 3304 istud
1598 3248 1920 3307 obedientite

334 3333 544 3389 monile
573 3334 773 3390 cervici
802 3334 924 3406 ejus
952 3335 1234 3406 imposuit.

400 3426 519 3498 62
547 3423 703 3481 Vere.
728 3426 921 3493 51,12.
968 3426 1359 3483 Similitudines
1394 3430 1518 3484 auri
1541 3428 1796 3499 faciemus
1825 3431 1919 3486 tibi

332 3534 456 3573 cum
487 3518 923 3575 distinctionibus
945 3521 1175 3592 argenti,
1199 3521 1538 3591 quoadusque
1563 3539 1654 3579 res;
1671 3524 1740 3578 sit
1762 3525 1817 3579 in
1840 3542 1921 3580 re-

334 3607 522 3664 cubitu
548 3626 667 3666 suo.
695 3610 871 3681 Supra
892 3610 1131 3668 diximus
1169 3612 1314 3683 quod
1339 3612 1517 3683 specie
1539 3612 1803 3670 dramatis
1854 3613 1921 3668 li-

339 3697 517 3756 bellus
532 3700 622 3758 hic
647 3701 934 3757 ordinatus
956 3716 1317 3773 personarum
1343 3703 1721 3760 immutatione
1741 3716 1922 3761 conte-

336 3788 487 3843 xitur
514 3806 528 3842 :
554 3798 610 3845 et
642 3804 789 3846 nunc
819 3805 949 3861 ergo
972 3790 1225 3846 videntur
1247 3790 1364 3846 haec
1403 3790 1565 3846 amici
1582 3792 1666 3848 vel
1705 3793 1920 3850 sodales

342 3879 533 3948 sponsi
565 3881 632 3936 ad
660 3894 919 3949 sponsam
949 3879 1139 3947 locuti,
1158 3881 1252 3951 qui
1283 3882 1587 3937 secundum
1616 3882 1920 3955 intelligen-

340 3971 473 4025 tiam
508 3972 817 4044 mysticam,
850 3978 924 4037 et,
967 3980 1028 4026 ut
1056 3986 1221 4042 supra
1254 3972 1369 4043 jam
1395 3972 1657 4041 diximus,
1690 3984 1786 4029 aut
1821 3990 1922 4028 an-

333 4061 467 4132 geli,
483 4064 566 4118 vel
590 4065 751 4120 etiam
775 4064 1078 4135 prophetae,
1099 4071 1194 4117 aut
1211 4063 1535 4132 patriarchae
1565 4073 1796 4134 possunt
1830 4065 1918 4118 in-

338 4154 526 4225 telligi.
560 4153 697 4213 Non!
719 4156 867 4212 enim
899 4164 1032 4210 tunc
1064 4154 1244 4210 solum
1283 4169 1407 4211 cum
1434 4161 1560 4224 post
1583 4154 1917 4224 baptismum

336 4243 565 4304 Joannis
612 4248 668 4303 in
721 4248 942 4304 deserto
990 4254 1229 4302 tentatus
1273 4255 1358 4301 est
1406 4260 1436 4300 a
1480 4245 1700 4302 diabolo
1727 4245 1919 4302 Domi-

2028 1776 2202 1832 stolus
2240 1776 2371 1833 dicit
2400 1777 2660 1834 aedificari
2710 1779 3011 1836 Ecclesiam
3062 1798 3170 1837 non
3220 1783 3399 1839 solum
3446 1798 3612 1854 super

2027 1869 2403 1939 apostolorum
2464 1869 2916 1942 fundamentum,
2966 1874 3063 1929 sed
3107 1874 3270 1929 etiam
3313 1875 3609 1946 prOpheta-

2027 1974 2155 2014 rum
2177 1962 2247 2013 ".

2097 2048 2248 2100 Inter
2276 2047 2571 2116 prophetas
2598 2058 2780 2103 autem
2819 2060 3143 2104 numeratur
3169 2059 3221 2104 et
3254 2049 3449 2115 Adam,
3481 2052 3612 2122 quia

2034 2150 2295 2207 magnum
2345 2138 2668 2205 mysterium
2723 2139 3070 2209 prophetavit
3122 2139 3177 2195 in
3221 2140 3441 2198 Christo
3468 2151 3523 2198 ct
3556 2144 3612 2200 in

2033 2225 2297 2291 Ecclesia,
2326 2227 2554 2285 dicens:
2581 2227 2808 2298 Propter
2827 2231 2928 2285 hoc
2951 2230 3208 2302 relinquet
3233 2233 3387 2288 homo
3412 2245 3616 2304 patrem

2031 2335 2187 2374 suum
2230 2328 2281 2374 et
2320 2329 2546 2375 matrem
2587 2338 2762 2388 suam,
2791 2331 2842 2376 et
2875 2324 3168 2378 adharebit
3195 2325 3354 2379 uxori
3401 2342 3532 2391 sum,
3563 2338 3615 2381 et

2029 2419 2185 2465 erunt
2214 2412 2368 2466 ambo
2416 2414 2472 2467 in
2503 2429 2661 2469 carne
2692 2430 2800 2469 una
2825 2415 2900 2471 ⁸⁸.
2934 2414 3224 2473 Evidenter
3251 2415 3395 2471 enim
3432 2419 3501 2474 de
3529 2420 3615 2473 his

2031 2503 2194 2571 dictis
2243 2503 2365 2575 ejus
2414 2506 2547 2561 dicit
2587 2505 2911 2577 Apostolus,
2960 2511 3088 2581 quia
3141 2514 3454 2582 mysterium
3518 2512 3614 2566 hoc
3700 2545 3711 2559 ι

2028 2611 2279 2665 magnum
2314 2595 2407 2651 sit.
2441 2594 2554 2668 Ego
2588 2607 2766 2652 autem
2788 2599 2909 2653 dico
2941 2600 2998 2654 in
3030 2599 3245 2657 Christo
3272 2613 3323 2658 et
3354 2604 3410 2657 in
3429 2604 3616 2659 Eccle-

2021 2685 2118 2740 sia
2143 2686 2213 2741 ”.
2253 2685 2357 2743 Sed
2402 2697 2456 2743 et
2497 2688 2638 2744 idem
2667 2690 2963 2760 Apostolus
3006 2705 3131 2747 cum
3164 2693 3296 2749 dicit
3331 2712 3346 2749 :
3383 2692 3445 2750 Si
3476 2696 3616 2749 enim

2030 2775 2332 2832 Ecclesiam
2375 2778 2588 2848 dilexit,
2625 2789 2685 2834 ut
2731 2783 3067 2851 semetipsum
3118 2785 3350 2840 traderet
3397 2801 3497 2857 pro
3549 2802 3615 2840 ea

2028 2870 2373 2938 sanctiﬁcans
2432 2871 2645 2926 lavacro
2679 2888 2831 2942 aqum
2859 2874 2947 2929 ‘°:
2989 2889 3101 2930 non
3156 2876 3344 2948 utique
3375 2878 3616 2934 ostendit

2021 3066 2145 3123 qua:
2170 3069 2278 3109 non
2307 3054 2464 3109 erat?
2490 3054 2586 3111 sed
2607 3070 2726 3111 eam
2760 3055 2879 3112 sine
2904 3057 3072 3114 dubio
3096 3058 3285 3116 dilexit
3313 3076 3435 3132 qua:
3471 3072 3611 3118 erat.

2014 3144 2152 3201 Erat
2171 3154 2354 3201 autem
2394 3147 2452 3201 in
2491 3147 2748 3202 omnibus
2771 3148 2977 3204 sanctis
2994 3150 3089 3221 qui
3123 3151 3193 3207 ab
3222 3151 3376 3209 initio
3423 3140 3611 3210 saeculi

2020 3234 2243 3291 fuerunt
2292 3234 2442 3292 lacti.
2486 3236 2725 3308 Diligens
2762 3239 2928 3311 igitur
2958 3257 3080 3299 eam
3104 3244 3347 3301 venit'ad
3375 3262 3515 3303 eam.
3546 3246 3613 3303 Et

2019 3327 2162 3384 sicut
2189 3329 2341 3398 pueri
2379 3329 2465 3385 sui
2500 3332 3017 3388 communicaverunt
3047 3336 3198 3390 carni
3245 3347 3294 3392 et
3335 3339 3610 3410 sanguini,

2021 3418 2272 3474 similiter
2295 3430 2348 3476 et
2380 3422 2491 3491 ipse
2516 3424 2779 3493 particeps
2808 3425 2983 3494 factus
3008 3436 3087 3482 est
3117 3430 3420 3486 earumdem
3445 3432 3512 3494 “,
3546 3448 3611 3486 ac

2023 3511 2374 3581 semetipsum
2403 3526 2504 3582 pro
2532 3513 2612 3569 eis
2643 3514 2886 3571 tradidit.
2918 3518 3027 3587 Ipsi
3058 3519 3207 3574 enim
3230 3528 3390 3575 erant
3411 3519 3606 3576 Eccle-

2029 3601 2112 3658 sia
2149 3619 2316 3673 quam
2355 3605 2565 3672 dilexit,
2595 3615 2657 3662 ut
2681 3622 2801 3663 eam
2826 3609 2913 3663 vel
2943 3611 3337 3667 numerositate
3364 3624 3609 3683 augeret,

2029 3694 2118 3750 vel
2149 3696 2443 3754 virtutibus
2475 3698 2767 3765 excoleret,
2815 3701 2899 3756 vel
2941 3702 3296 3772 perfectionis
3341 3704 3611 3761 charitate

2022 3785 2091 3843 de
2121 3787 2283 3844 terris
2318 3788 2641 3846 transferret
2670 3791 2737 3846 ad
2760 3792 2983 3847 caelum.
3009 3790 3455 3849 Ministraverunt
3478 3811 3611 3868 ergo

2020 3886 2077 3933 et
2121 3879 2401 3949 propheta:
2446 3880 2514 3935 ab
2546 3881 2740 3946 initio,
2789 3881 3240 3939 ministraverunt
3296 3894 3351 3941 ct
3397 3890 3600 3958 angeli.

2022 3968 2166 4035 Quid
2203 3971 2349 4024 enim
2397 3971 2543 4025 aliud
2569 3971 2732 4027 fiebat
2767 3980 2898 4027 tunc
2929 3988 3053 4028 cum
3085 3987 3460 4046 apparuerunt
3491 3991 3603 4036 tres

2028 4059 2135 4112 viri
2159 4059 2394 4112 Abraha:
2428 4060 2637 4114 sedenti
2667 4064 2735 4118 ad
2762 4079 3023 4133 quercum
3056 4065 3300 4124 Mambre
3326 4071 3411 4124 ⁸³2
3455 4069 3608 4127 Licet

2023 4149 2116 4204 illa
2143 4150 2460 4221 angelorum
2485 4152 2695 4221 species
2722 4154 2847 4224 plus
2874 4154 3079 4226 aliquid
3104 4172 3269 4227 quam
3300 4161 3607 4231 angelicum

2007 4239 2329 4297 ostenderit
2360 4240 2721 4298 ministerium
2752 4262 2768 4299 :
2803 4260 2929 4301 nam
2959 4245 3242 4306 Trinitatis
3285 4249 3359 4306 ibi
3403 4262 3606 4324 myste-

340 4352 443 4392 nus
463 4339 530 4404 “,
568 4346 917 4397 recesserunt
947 4336 1125 4410 angeli
1159 4344 1216 4392 et
1244 4335 1694 4392 ministraverunt
1718 4337 1791 4402 ei,
1822 4339 1917 4394 sed
1949 4343 1995 4400 1)
2023 4331 2167 4389 rium
2194 4332 2544 4404 prodebatur.
2566 4331 2680 4393 Hoc
2695 4346 2816 4394 erat
2835 4339 2959 4394 etin
2992 4338 3200 4407 Exodo,
3233 4358 3357 4398 cum
3380 4344 3607 4416 angelus

339 4436 465 4485 ante
490 4429 781 4486 adventum
808 4428 1108 4500 praesentiae
1137 4426 1441 4499 corporalis
1470 4426 1919 4483 ministraverunt

338 4535 568 4594 semper.
604 4519 740 4578 Nam
774 4531 829 4579 et
860 4523 948 4578 lex
970 4521 1235 4592 disposita
1263 4521 1318 4576 in
1358 4537 1523 4577 manu
1559 4536 1657 4593 per
1689 4522 1915 4594 angelos

338 4612 533 4672 dicitur
555 4614 875 4672 mediatoris
903 4616 972 4670 ⁸³.
1002 4612 1072 4669 Ει
1099 4613 1170 4669 ad
1192 4611 1451 4670 Hebraeos
1492 4614 1739 4670 scribens
1766 4615 1913 4685 Apo-

337 4705 507 4762 stolus
552 4707 689 4764 dicit
719 4724 734 4762 :
764 4704 825 4761 Si
857 4707 997 4762 enim
1049 4706 1141 4777 qui
1181 4721 1273 4776 per
1316 4704 1528 4776 angelos
1571 4704 1786 4761 habitus
1831 4714 1911 4761 est

343 4810 523 4868 sermo,
568 4799 746 4870 factus
794 4807 873 4853 est
904 4797 1093 4868 ﬁrmus
1137 4796 1206 4853 ⁸³.
1251 4796 1359 4868 Ipsi
1409 4811 1542 4869 ergo
1571 4804 1730 4853 erant
1762 4796 1912 4853 velut

336 4898 545 4949 actores
589 4900 643 4948 et
678 4900 1066 4962 procuratores
1109 4890 1345 4961 appositi
1402 4889 1642 4960 parvula:
1690 4903 1909 4959 sponsas

336 4993 458 5035 cum
499 4982 791 5056 paedagogo
844 4982 991 5054 lege,
1045 4983 1220 5037 donec
1265 4980 1544 5052 plenitudo
1591 4988 1904 5052 temporum

336 5069 561 5141 veniret,
600 5082 657 5130 et
701 5074 938 5131 mitteret
979 5071 1122 5128 Deus
1157 5070 1353 5127 Filium
1396 5087 1558 5128 suum
1601 5081 1788 5128 natum
1833 5087 1899 5127 cx

336 5159 583 5232 muliere,
623 5161 827 5220 factum
863 5163 969 5221 sub
1013 5162 1130 5233 lege
1150 5161 1218 5230 “,
1250 5171 1304 5218 et
1331 5162 1624 5219 adduceret
1649 5178 1771 5219 eam
1800 5164 1906 5221 sub

338 5255 609 5313 actoribus
640 5266 695 5314 et
748 5255 1203 5328 procuratoribus
1239 5262 1294 5311 et
1338 5256 1630 5326 paedagogo
1669 5253 1806 5326 lege,
1845 5267 1905 5311 ut

341 5343 511 5415 ipsius
532 5345 687 5405 Verbi
719 5348 810 5407 Dei
845 5350 1055 5415 oscula,
1101 5349 1408 5406 doctrinam
1459 5348 1669 5405 scilicet
1708 5348 1902 5405 verba-

2022 4423 2238 4481 Dommi
2270 4424 2472 4482 dicitur
2496 4426 2550 4481 in
2579 4425 2796 4484 ﬂamma
2830 4431 2970 4502 ignis
2997 4433 3316 4503 apparuisse
3343 4434 3514 4507 Moysi
3548 4437 3602 4493 in

2020 4519 2160 4575 rubo
2180 4518 2246 4574 ⁸³.
2289 4516 2565 4574 Continuo
2600 4530 2782 4576 autem
2821 4522 2876 4576 in
2925 4524 3389 4596 subsequentibus
3414 4526 3605 4581 Domi-

2019 4626 2125 4667 nus
2154 4617 2208 4665 et
2232 4608 2377 4666 Deus
2418 4609 2567 4682 loqui
2607 4612 2662 4666 in
2692 4613 2886 4684 angelo
2914 4614 3193 4683 scribitur,
3230 4625 3284 4673 et
3317 4618 3431 4689 ipse
3461 4617 3603 4675 Deus

2019 4710 2141 4753 esse
2164 4697 2467 4763 Abraham,
2515 4708 2571 4755 et
2601 4697 2751 4755 Deus
2797 4699 2972 4770 Isaac,
3002 4713 3057 4758 et
3085 4702 3228 4762 Deus
3251 4704 3420 4764 Jacoh
3446 4710 3603 4765 desi-

2012 4796 2232 4860 gnatur.
2286 4787 2442 4855 Quod
2485 4789 2708 4860 quidam
2739 4790 3119 4851 haereticorum
3174 4797 3414 4869 legenti-5
3441 4802 3599 4856 dixe-

2012 4891 2163 4944 runt,
2189 4878 2356 4935 Deum
2387 4879 2524 4952 legis
2559 4887 2614 4935 et
2638 4881 3025 4952 prophetarum
3073 4886 3232 4959 longe
3280 4889 3597 4946 inferiorem

2009 4991 2131 5033 esse
2160 4991 2324 5047 quam
2374 4972 2561 5031 Iesum
2590 4975 2871 5034 Christum
2918 4990 2972 5037 et
3004 4981 3264 5054 Spiritum
3314 4996 3596 5042 sanctum:

1962 5082 2062 5148 ,ει
2133 5088 2200 5129 co
2274 5087 2449 5144 usque
2544 5073 2877 5145 impietatem
2953 5093 3112 5133 suam
3187 5081 3598 5150 protenderunt,

2007 5172 2068 5220 ut
2110 5162 2500 5235 plenitudinem
2550 5162 2773 5234 quidem
2828 5164 2883 5218 in
2926 5164 3145 5222 Christo
3184 5177 3392 5238 ponant
3433 5177 3488 5223 ct
3540 5169 3598 5225 in

2006 5254 2214 5326 Spiritu
2247 5261 2459 5321 sancto,
2481 5251 2953 5324 imperfectionem
2982 5271 3113 5314 vero
3139 5264 3195 5313 et
3223 5257 3597 5314 inﬁrmitatem

2012 5348 2068 5404 in
2097 5346 2212 5403 Deo
2245 5344 2405 5416 legis.
2455 5342 2562 5400 Sed
2593 5345 2709 5401 haec
2733 5345 2891 5401 alias.

421 5492 469 5565 δέ
489 5490 716 5565 Philipp.
748 5511 807 5562 ιι,
830 5492 885 5550 8.
959 5495 1005 5565 ἓν
1029 5493 1350 5559 Rom.v,i9.
1425 5495 1472 5527 ⁸ο
1498 5494 1632 5550 Cen.
1645 5509 1875 5565 gxxvm.
1905 5563 1919 5565 Α

2024 5490 2215 5565 Ma_t_th_.
2243 5504 2317 5544 tv.
2367 5491 2414 5524 ⁵³
2437 5488 2717 5565 Calumni,
2741 5487 2768 5565 I_
2776 5487 2832 5543 9.
2906 5488 2953 5520 ⁵³
2977 5487 3113 5565 Ijeb.
3141 5488 3270 5565 13,2“.
3291 5556 3302 5565 _
3324 5488 3593 5565 _"’_C_ala§.

343 5577 416 5627 Iv,
437 5563 493 5633 4,
540 5565 585 5596 ⁸⁸
607 5562 742 5633 Eph.
772 5585 809 5630 I,
837 5565 890 5620 4.
966 5564 1013 5599 ⁵⁸
1036 5565 1178 5621 Psal.
1200 5580 1382 5630 Lxxtv,
1407 5566 1463 5620 2.
1574 5562 1782 5633 'ZEph.
1812 5575 1871 5628 ιι,
1895 5563 1989 5619 20.

374 5632 415 5665 ⁶¹
442 5632 600 5690 Hebr.
632 5632 695 5704 ti,
720 5635 805 5691 14.
846 5636 891 5669 ⁶¹
913 5633 1051 5694 Gen.
1083 5636 1269 5703 xvm,l
1300 5649 1454 5707 seqq.
1529 5635 1574 5667 “
1594 5632 1766 5689 Exed.
1796 5647 1882 5703 tu,
1906 5634 1965 5689 2.

2100 5561 2149 5596 σε
2169 5558 2308 5616 Gen.
2340 5573 2403 5624 ιι,
2433 5559 2524 5615 24.
2601 5561 2646 5594 ιο
2671 5556 2877 5632 Ephcs.
2908 5571 2961 5625 ν,
2988 5557 3077 5614 se.
3156 5559 3202 5591 ιο
3231 5556 3363 5615 ibid.
3388 5560 3480 5630 25,
3504 5559 3597 5617 eo.
