4236 6282
567 231 670 289 135

1614 218 1939 285 ORIGENIS
1976 226 2042 281 ΙΝ
2078 225 2433 284 CANTICUM
2471 225 2741 283 CANTIC.

3711 198 3835 289 αἵθ’

636 348 794 404 Nunc
841 356 1024 405 autem
1083 348 1240 405 nobis
1297 346 1639 418 propositum
1698 357 1783 403 cst
1831 347 2138 414 ostendere,
2170 352 2214 409 Α
2243 363 2447 415 rerum,
2481 357 2535 404 et
2559 362 2897 419 quaecunque
2923 346 3445 419 contingebam'illis
3475 350 3567 421 qui
3605 349 3659 405 in
3694 351 3814 422 lege

565 439 845 511 quomodo
876 440 1050 495 sancti
1090 438 1267 508 angeli
1303 437 1396 507 qui
1442 446 1568 492 ante
1616 438 1906 493 adventum
1930 438 2139 495 Christi

566 531 715 587 velut
742 533 981 601 parvulae
1020 531 1198 584 adhuc
1235 544 1449 597 sponsae
1494 514 1712 583 tutelam
1746 529 2135 599 procurabant,

567 621 671 691 ipsi
702 623 811 676 sint
835 622 994 676 amici
1023 628 1076 674 et
1102 619 1315 674 sodales
1348 619 1536 689 sponsi
1576 620 1670 689 qui
1705 621 1771 674 ad
1806 635 1925 673 cam
1956 619 2138 674 dicere

565 713 853 767 videantur
892 727 907 763 :
942 710 1224 764 Faciemus
1276 709 1373 763 tibi
1420 710 1794 764 similitudines
1846 712 1966 764 auri
2019 726 2137 764 cum

564 802 986 858 distinctionibus
1026 802 1231 872 argenti
1272 817 1538 871 usquequo
1568 817 1659 854 rea:
1701 805 1769 854 sit
1812 802 1866 854 in
1902 802 2136 854 recubitu

564 912 679 951 suo.
727 894 972 949 indicant
1008 910 1137 963 ergo
1175 894 1320 964 quod
1367 894 1468 963 ipsi
1519 893 1722 948 faciant
1764 910 1980 964 sponsae
2027 909 2133 949 non

570 1002 764 1042 aurum
820 987 1019 1057 (neque
1063 986 1207 1040 enim
1260 986 1529 1040 habebant
1577 986 1681 1040 tale
1729 1001 1922 1040 aurum
1973 986 2137 1056 quale

562 1079 784 1148 dignum
817 1086 935 1132 erat
962 1077 1140 1132 oll'erri
1176 1081 1434 1146 sponsazl.
1468 1076 1559 1130 sed
1592 1092 1686 1146 pro
1713 1092 1847 1129 auro
1873 1075 2135 1130 similitu-

563 1166 723 1221 dines
758 1164 879 1220 auri
922 1180 982 1221 se
1017 1164 1195 1220 facere
1231 1165 1585 1235 promittunt,
1620 1175 1673 1218 et
1709 1180 1818 1219 non
1861 1180 2022 1218 unam
2060 1164 2139 1219 si-

561 1257 945 1322 militudinem,
990 1255 1084 1311 sed
1135 1257 1355 1310 multas.
1405 1256 1481 1310 ita
1524 1256 1690 1320 etiam
1737 1256 1926 1310 dicunt
1955 1256 2021 1310 de
2046 1270 2136 1309 ar-

562 1357 764 1420 gento,
810 1348 904 1403 sed
953 1346 1107 1417 quasi
1168 1347 1430 1401 habentes
1481 1346 1606 1401 licet
1651 1361 1872 1416 parvam
1923 1346 2132 1416 argenti

562 1440 865 1504 materiam,
900 1439 1221 1509 promittunt
1250 1454 1313 1507 se]
1350 1438 1397 1492 ei
1439 1437 1617 1493 facere
1666 1454 1775 1494 non
1820 1439 2133 1493 similitudi-

564 1548 682 1599 nes,
726 1534 817 1588 sed
846 1532 1222 1588 distinctiones
1258 1532 1499 1598 argenti;
1556 1540 1739 1601 utpote
1779 1531 1977 1600 quibus
2026 1545 2132 1585 non

568 1634 720 1679 tanta
750 1625 1053 1679 abundaret
1077 1622 1283 1693 argenti
1322 1622 1570 1688 materia,
1600 1631 1658 1675 ut
1684 1636 1989 1676 connexum
2024 1619 2129 1674 ali-

2242 438 2574 503 referuntur,
2608 440 2661 493 in
2709 438 2878 509 ﬁgura
2918 446 2973 492 et
3009 453 3116 493 non
3161 438 3218 493 in
3255 441 3484 497 veritate
3530 441 3812 512 continge-

2240 530 2393 596 bant,
2442 531 2543 585 ista
2594 530 2777 585 omnia
2823 530 3203 586 similitudines
3250 533 3370 586 auri
3416 530 3670 601 fuerunt,
3707 549 3812 591 non

2240 633 2434 673 aurum
2465 635 2675 674 verum.
2710 618 2865 685 Quod
2907 619 3114 675 scilicet
3159 634 3352 674 aurum
3389 636 3576 676 verum
3616 622 3669 678 in
3704 623 3812 679 illis

2238 725 2363 779 qua:
2390 710 2708 780 incorporea
2753 719 2881 766 sunt
2919 719 2975 765 et
3014 711 3308 766 invisibilia
3341 728 3405 768 ac
3431 716 3693 785 spiritalia
3724 720 3812 770 in-

2239 800 2556 869 telligatur:
2601 800 2903 856 similitudo
2947 816 3076 855 vero
3129 802 3247 855 auri
3304 802 3358 856 in
3411 819 3520 873 quo
3562 820 3671 860 non
3727 816 3812 862 est

2236 890 2353 961 ipsa
2385 892 2604 958 veritas,
2635 892 2728 946 sed
2774 892 2966 946 umbra
3021 892 3294 958 veritatis,
3329 893 3432 948 ista
3460 911 3719 965 corporea
3757 907 3813 953 et

2237 981 2471 1036 visibilia
2519 983 2880 1052 accipiantur.
2913 982 3075 1037 Verbi
3125 983 3318 1053 gratia,
3362 984 3660 1042 similitudo
3689 988 3813 1044 auri

2237 1069 2340 1124 fuit
2369 1072 2510 1125 istud
2540 1073 2952 1127 tabernaculum
2987 1088 3151 1127 manu
3182 1074 3405 1142 factum,
3436 1075 3505 1132 de
3535 1093 3644 1147 quo
3674 1077 3807 1135 dicit

2235 1159 2527 1229 Apostolus
2557 1177 2571 1213 :
2609 1162 2730 1216 Non
2751 1164 2891 1217 enim
2921 1165 2975 1218 in
2999 1176 3182 1219 sancta
3209 1184 3369 1221 manu
3395 1168 3541 1237 facta
3572 1169 3812 1225 introivit

2235 1248 2393 1304 Jesus
2439 1251 2759 1321 exemplaria
2808 1270 3066 1320 verorum,
3109 1256 3199 1309 sed
3242 1258 3296 1311 in
3323 1258 3497 1327 ipsum
3523 1260 3706 1314 caelum
3738 1261 3803 1315 ⁸⁸.

2236 1339 2381 1412 Ergo
2413 1358 2534 1412 quae
2582 1343 2637 1397 in
2687 1345 2843 1400 cadis
2872 1354 3002 1400 sunt
3050 1346 3340 1403 invisibilia
3373 1358 3426 1404 et
3463 1350 3803 1421 incorporea,

2236 1431 2327 1485 illa
2362 1439 2490 1487 sunt
2524 1448 2653 1487 vera
2680 1451 2693 1500 ;
2725 1433 2830 1489 ista
2874 1444 3053 1490 autem
3090 1453 3211 1507 qua:
3241 1438 3294 1492 in
3327 1440 3489 1496 terris
3518 1451 3648 1496 sunt
3675 1443 3808 1497 visi—

2234 1522 2363 1577 bilia
2411 1530 2464 1576 et
2508 1538 2808 1593 corporea,
2859 1528 3189 1597 exemplaria
3241 1545 3492 1586 verorum
3550 1533 3807 1589 dicuntur

2235 1629 2386 1680 esse,
2417 1630 2526 1668 non
2575 1632 2722 1671 vera.
2760 1614 2865 1671 ista
2907 1632 3036 1688 ergo
3085 1629 3214 1674 sunt
3257 1637 3377 1689 quae
3425 1622 3807 1682 similitudines

562 1716 695 1785 quid
748 1723 805 1770 et
851 1715 1085 1770 solidum
1135 1728 1272 1782 opus
1318 1728 1382 1766 ex
1431 1728 1497 1768 eo
1533 1712 1833 1782 producere
1884 1720 2128 1782 possent,
2161 1702 2204 1757 B
2233 1704 2352 1759 auri
2385 1706 2765 1774 appellantur:
2796 1707 2851 1761 in
2882 1709 3079 1778 quibus
3107 1719 3189 1765 est
3221 1720 3274 1766 et
3310 1727 3437 1768 arca
3475 1716 3804 1783 testamenti,

564 1807 660 1864 sed
701 1806 1083 1862 distinctiones
1126 1804 1301 1868 solas,
1355 1818 1420 1859 ac
1471 1803 1624 1873 signa
1666 1803 1913 1872 quaedam
1964 1818 2130 1873 parva

562 1898 713 1953 velut
747 1904 949 1967 puncta
1001 1895 1388 1950 intersercrcnt
1435 1895 1511 1948 illi
1556 1893 1726 1964 operi,
1779 1893 1923 1962 quod
1970 1895 2016 1947 ei
2063 1908 2131 1947 cx

561 1986 682 2039 auri
716 1983 1068 2039 similitudine
1100 1981 1389 2037 faciebant.
1422 1982 1545 2037 Haec
1571 1997 1700 2053 ergo
1729 1984 1888 2036 amici
1920 1985 2128 2053 sponsi,

560 2075 638 2130 illi
671 2075 739 2129 de
761 2075 960 2144 quibus
982 2088 1146 2144 supra
1178 2075 1437 2140 diximus,
1467 2088 1682 2144 sponsa:
1721 2073 1929 2128 faciunt
1966 2091 2130 2130 orna-

559 2175 766 2223 menta.
806 2166 911 2221 Sed
937 2166 1065 2236 quid
1100 2165 1155 2219 in
1182 2165 1268 2221 his
1304 2164 1497 2221 secreti
1530 2165 1894 2229 contineatur,
1926 2167 2130 2236 etquid

556 2258 888 2314 elocutionis
938 2259 1154 2314 novitas
1212 2258 1326 2327 ipsa
1374 2257 1685 2326 parturiat,
1741 2258 2131 2327 omnipotentis

565 2346 726 2403 Verbi
775 2365 839 2404 ac
883 2350 1067 2418 sponsi
1114 2348 1326 2403 Patrem
1370 2363 1675 2417 precemur,
1720 2356 1780 2401 ut
1827 2350 1941 2418 ipse
1972 2349 2130 2405 nobis

558 2440 742 2494 arcani
778 2440 940 2510 hujus
974 2441 1208 2496 claustra
1241 2438 1548 2510 patefaciet,
1585 2454 1695 2506 quo
1720 2440 1994 2510 possimus
2022 2456 2128 2495 non

557 2528 733 2584 solum
768 2529 834 2583 ad
866 2529 1208 2599 intelligenda
1236 2529 1349 2604 inec
1390 2528 1706 2590 illuminari,
1742 2544 1931 2582 verum
1961 2529 2128 2584 etiam

556 2618 625 2673 ad
655 2619 1004 2689 proferenda,
1033 2636 1097 2675 ac
1123 2619 1422 2674 secundum
1470 2631 1783 2671 mensuram
1815 2634 2003 2673 eorum
2036 2621 2130 2690 qui

556 2713 750 2768 lecturi
774 2720 922 2775 sunt,
950 2711 1323 2766 moderatione
1348 2711 1547 2780 eloquii
1575 2710 1832 2780 spiritalis
1860 2713 2127 2782 accipere.

556 2802 691 2857 Auri
742 2802 974 2872 speciem
1023 2801 1078 2855 in
1121 2801 1308 2857 multis
1351 2817 1494 2872 saepe
1531 2800 1868 2858 ostendimus
1901 2803 2129 2874 ﬁguram

555 2902 742 2949 tenere
785 2893 1073 2948 invisibilis
1103 2903 1158 2949 et
1191 2894 1525 2963 incorporea:
1571 2900 1810 2960 naturae;
1845 2908 2127 2967 argentum

557 2996 688 3039 vero
715 2983 968 3038 virtutem
996 2984 1141 3038 verbi
1182 2998 1247 3038 ac
1276 2983 1537 3052 rationis;
1581 2986 1877 3041 secundum
1903 2988 2049 3057 quod
2076 2996 2132 3043 et

2235 1803 2289 1849 et
2316 1796 2788 1866 propitiatorium,
2831 1808 2884 1854 et
2928 1801 3233 1868 cherubim,
3279 1812 3333 1859 et
3374 1805 3543 1859 altare
3571 1806 3803 1873 incensi,

2235 1892 2289 1939 et
2315 1901 2499 1939 mensa
2535 1887 2943 1956 propositionis,
2975 1898 3030 1945 et
3074 1906 3273 1960 panes,
3307 1893 3399 1948 sed
3438 1902 3492 1948 et
3533 1895 3801 1954 velamen.

2235 1984 2288 2029 ct
2313 1975 2577 2031 columnae
2625 1992 2690 2032 ac
2740 1994 2908 2045 serae,
2949 1989 3003 2034 et
3049 1981 3216 2036 altare
3265 1982 3725 2049 holocaustorum,
3752 1995 3806 2039 et

2237 2065 2413 2135 ipsum
2446 2068 2705 2137 templum
2730 2107 2745 2130 ,
2788 2077 2952 2139 atque
2991 2071 3172 2126 omnia
3212 2087 3331 2142 quae
3374 2073 3428 2127 in
3462 2074 3577 2144 lege
3604 2076 3803 2145 scripta

2237 2167 2385 2212 sunt.
2420 2157 2615 2214 Omnia
2652 2159 2767 2215 haec
2816 2161 3200 2218 similitudines
3243 2174 3399 2219 erant
3436 2169 3576 2221 auri.
3612 2165 3715 2221 Sed
3751 2176 3805 2223 et

2237 2246 2415 2323 ipsum
2468 2265 2661 2304 aurum
2695 2251 2925 2316 visibile,
2979 2268 3081 2322 pro
3131 2268 3196 2308 eo
3242 2255 3387 2325 quod
3416 2256 3624 2312 visibile
3664 2267 3802 2322 erat,

2196 2353 2345 2392 .non
2391 2350 2509 2395 crat
2552 2356 2746 2396 aurum
2782 2359 2993 2410 verum,
3036 2344 3132 2400 sed
3173 2345 3471 2401 similitudo
3517 2359 3632 2403 erat
3659 2349 3804 2403 illius

2235 2428 2348 2482 veri
2397 2431 2514 2484 auri
2565 2431 2874 2488 invisibilis.
2919 2430 3054 2487 Istas
3101 2448 3228 2503 ergo
3264 2434 3647 2490 similitudines
3680 2436 3802 2490 auri

2237 2518 2481 2577 fecerunt
2507 2538 2721 2592 sponsa:
2745 2523 3002 2579 Ecclesiae
3043 2525 3227 2593 sponsi
3261 2526 3422 2581 amici
3452 2526 3628 2596 angeli
3657 2527 3803 2582 vide-

2236 2610 2364 2666 licet
2391 2621 2444 2666 et
2471 2614 2750 2683 propheta:
2774 2631 2788 2666 :
2814 2615 2905 2684 qui
2940 2615 3385 2671 ministraverunt
3414 2617 3467 2672 in
3504 2618 3619 2689 lege
3645 2627 3803 2674 caete-

2239 2702 2422 2772 risque
2454 2707 2742 2776 mysteriis.
2773 2705 2919 2773 Hatc,
2953 2710 3165 2778 Opinor,
3190 2718 3242 2764 et
3267 2709 3470 2764 Paulus
3499 2709 3802 2781 intelligens

2237 2793 2489 2851 diccbat:
2529 2795 2597 2851 In
2643 2799 2892 2869 religione
2939 2800 3266 2871 angelorum,
3310 2802 3365 2855 in
3396 2802 3477 2854 Itis
3523 2817 3639 2871 qua:
3667 2801 3804 2855 videt

2238 2885 2441 2955 frustra
2473 2889 2692 2958 inﬂatus
2715 2906 2868 2945 sensu
2896 2894 3071 2945 carnis
3095 2907 3206 2947 suae
3240 2892 3305 2945 ⁸⁸.
3335 2889 3526 2948 Omnis
3558 2906 3685 2963 ergo
3708 2889 3805 2946 Ju-

2240 2979 2428 3035 daicus
2470 2980 2649 3036 cultus
2694 2992 2748 3037 et
2794 2984 3019 3053 religio,
3055 2983 3436 3039 similitudines
3487 2992 3614 3039 sunt
3660 2984 3803 3041 auri.

557 3073 825 3131 Dominus
851 3075 980 3130 dicit
1002 3090 1099 3146 per
1130 3076 1444 3146 prophetam
1473 3095 1487 3131 :
1516 3076 1646 3130 Dedi
1678 3078 1816 3133 vobis
1850 3052 2129 3151 argentum
2156 3052 2199 3111 θ

2156 3052 2199 3111 C
2232 3066 2370 3122 Cum
2401 3078 2582 3124 autem
2609 3052 2913 3129 conversus
2951 3073 3112 3129 fuerit
3156 3074 3280 3144 quis
3312 3074 3377 3128 ad
3409 3072 3722 3140 Dominum,
3751 3083 3802 3131 et

552 3176 606 3225 et
634 3185 824 3223 aurum
860 3185 880 3223 :
912 3185 1010 3243 vos,
1035 3180 1210 3223 autem
1237 3169 1436 3238 fecistis
1463 3179 1706 3240 argentea
1734 3182 1783 3225 et
1809 3187 1971 3225 aurea
1988 3171 2131 3226 Βαα-

552 3260 651 3314 lim
678 3259 757 3327 “;
794 3259 1087 3314 ostendens
1122 3274 1216 3329 per
1241 3259 1355 3314 haec
1383 3268 1436 3314 et
1467 3260 1674 3327 dicens,
1703 3258 1809 3331 63
1847 3262 1974 3332 quia
2006 3263 2129 3317 dedi

554 3350 711 3406 vobis
747 3364 964 3405 sensum
1008 3358 1063 3405 et
1098 3350 1362 3404 rationem
1401 3366 1507 3420 qua
1536 3365 1622 3405 me
1653 3350 1821 3405 Deum
1847 3360 1900 3405 et
1925 3352 2131 3408 sentire

554 3442 789 3514 possetis
831 3449 887 3497 et
930 3442 1108 3496 colere
1134 3460 1146 3495 :
1173 3456 1272 3495 vos
1315 3451 1494 3496 autem
1540 3452 1594 3497 et
1622 3458 1843 3497 sensum
1879 3451 1934 3498 et
1960 3444 2131 3499 ratio-

556 3547 679 3587 nem
702 3548 824 3602 quae
852 3531 907 3585 in
933 3531 1088 3585 vobis
1111 3538 1212 3597 est,
1246 3531 1314 3586 ad
1347 3531 1570 3586 colenda
1592 3531 1858 3586 daemonia
1886 3540 2130 3586 transtu-

554 3625 720 3680 listis.
757 3622 863 3679 Sed
892 3631 949 3680 et
977 3623 1185 3694 eloquia
1214 3622 1450 3689 Domini,
1491 3624 1702 3694 eloquia
1736 3634 1907 3689 casta,
1935 3639 2130 3695 argen-

557 3724 670 3769 tum
708 3716 827 3787 igne
851 3715 1134 3787 probatum
1177 3713 1377 3768 dicitur
1402 3714 1466 3771 ⁸⁸.
1502 3713 1566 3768 Et
1612 3715 1743 3769 item
1791 3716 1844 3769 in
1886 3716 2010 3771 aliis
2040 3731 2130 3770 ar-

552 3816 766 3878 gentum
808 3807 1032 3878 ignitum
1055 3806 1193 3876 justi
1233 3806 1415 3875 lingua
1446 3814 1780 3861 memoratur
1817 3806 1881 3858 ‘5.
1913 3805 2128 3861 Cheru-

554 3899 666 3953 bim
713 3913 843 3953 vero
910 3914 1078 3953 aurea
1145 3898 1400 3952 dicuntur
1439 3897 1520 3962 δ’,
1595 3897 1852 3966 quoniam
1910 3896 2128 3965 quidem

555 3985 834 4056 plenitudo
879 3986 1120 4041 scientia:
1146 3984 1241 4039 Dei
1271 3985 1715 4047 interpretantur.
1768 3981 1870 4038 Sed
1916 3993 1970 4039 et
1998 3999 2129 4039 can-

560 4074 845 4129 delabrum
888 4074 941 4126 in
979 4072 1329 4128 tabernaculo
1365 4071 1663 4127 testimonii
1699 4088 1924 4128 aureum
1955 4084 2008 4128 et
2036 4088 2127 4129 so-

556 4164 726 4221 lidum
753 4164 881 4235 poni
913 4163 1208 4235 jubebatur
1243 4181 1256 4219 :
1300 4162 1446 4234 quod
1482 4163 1616 4218 mihi
1643 4165 1857 4220 videtur
1898 4162 2127 4220 formam

554 4268 739 4313 tenere
768 4257 1034 4313 naturalis
1072 4257 1229 4327 legis,
1268 4255 1321 4309 in
1346 4272 1451 4326 qua
1488 4256 1572 4310 lex
1602 4257 1845 4313 scientia:
1873 4257 2122 4313 habetur.

2233 3159 2474 3215 ablatum
2506 3160 2668 3217 fuerit
2711 3163 2779 3217 ab
2808 3179 2874 3219 eo
2899 3164 3166 3230 velamen,
3195 3160 3326 3220 tunc
3363 3165 3568 3220 videbit
3605 3181 3799 3221 aurum

2232 3267 2418 3307 verum
2446 3272 2458 3308 :
2492 3254 2648 3324 cujus
2676 3256 2793 3309 auri
2827 3265 3116 3327 antequam
3149 3256 3366 3313 adesset
3394 3266 3449 3314 et
3472 3274 3805 3330 cognoscen-

2230 3341 2359 3399 dum
2399 3359 2458 3399 se
2508 3345 2811 3415 praeberet,
2859 3348 3244 3405 similitudines
3293 3348 3536 3405 fecerunt
3589 3365 3807 3421 sponsas

2232 3435 2392 3490 amici
2429 3434 2568 3504 ejus,
2606 3447 2668 3492 ut
2714 3452 2778 3491 ex
2814 3438 2921 3493 illis
2974 3439 3421 3495 similitudinibus
3471 3444 3801 3498 commonita

2230 3535 2285 3580 et
2318 3535 2644 3596 provocata,
2690 3529 2805 3583 veri
2857 3529 2976 3583 auri
3027 3529 3356 3586 desiderium
3406 3540 3639 3601 caperet.
3688 3530 3803 3590 Hoc

2229 3618 2374 3672 enim
2408 3618 2609 3674 factum
2636 3620 2839 3676 indicat
2867 3619 3087 3685 Paulus,
3115 3638 3238 3677 cum
3266 3624 3396 3679 dicit
3419 3640 3433 3677 :
3468 3624 3600 3681 Haec
3626 3635 3799 3680 autem

2229 3710 2284 3763 in
2319 3712 2492 3781 ﬁgura
2521 3712 2884 3783 contingebant
2924 3712 3053 3768 illis.
3084 3711 3294 3783 Scripta
3325 3725 3497 3769 autent
3528 3727 3650 3770 sunt
3678 3734 3805 3787 pro-

2228 3812 2342 3871 pter
2368 3820 2485 3870 nos,
2517 3804 2568 3857 in
2596 3820 2724 3873 quos
2752 3804 2878 3873 ﬁnis
2924 3804 3238 3859 saeculorum
3280 3808 3479 3860 devenit
3507 3808 3573 3863 7°.
3607 3808 3711 3862 Sed
3746 3819 3801 3864 et

2230 3894 2392 3948 ﬁnem
2424 3910 2585 3964 quem
2620 3895 2750 3949 dicit
2792 3894 3017 3962 Paulus,
3070 3912 3176 3951 non
3222 3896 3491 3968 intelligas
3541 3913 3794 3968 corpora-

2228 3983 2333 4038 lem
2367 3984 2499 4056 (52).
2524 3984 2675 4040 Finis
2707 3986 2851 4041 enim
2884 3988 3186 4058 corporalis
3214 3989 3412 4044 multos
3441 3989 3674 4044 inveniet
3703 4006 3800 4059 pro

2230 4073 2431 4144 quibus
2460 4089 2565 4128 non
2593 4083 2723 4130 sunt
2755 4076 2956 4147 scripta
3003 4077 3117 4132 haec
3154 4095 3167 4131 :
3203 4094 3376 4147 neque
3417 4080 3560 4133 enim
3608 4079 3795 4149 hujus-

2232 4166 2382 4220 modi
2416 4163 2484 4221 de
2514 4166 2600 4222 his
2625 4167 2887 4237 recipient
2911 4168 3262 4223 intellectum.
3292 4169 3394 4224 Sed
3432 4169 3591 4224 ﬁnem
3628 4186 3799 4225 saecu-

2228 4256 2429 4324 lorum,
2475 4257 2860 4327 perfectionem
2905 4274 3090 4314 rcrum
3138 4259 3397 4327 intellige,
3449 4275 3569 4327 qua:
3612 4262 3801 4330 utique

628 4344 736 4399 Sed
768 4344 897 4412 quid
928 4358 1065 4411 opus
1098 4336 1381 4396 est‘multa
1425 4358 1751 4413 congregare
1794 4347 2123 4409 testimonia,
2159 4384 2204 4439 υ
2227 4346 2396 4403 Paulo
2427 4359 2479 4401 et
2505 4349 2775 4403 similibus
2818 4348 2936 4416 ejus
2978 4347 3283 4410 advenisse,
3318 4354 3372 4400 et
3404 4358 3623 4414 promer
3654 4352 3800 4419 ipsos

553 4452 679 4493 cum
714 4435 767 4489 in
794 4442 1046 4504 promptu
1081 4432 1153 4486 sit
1187 4430 1328 4484 scire
1358 4430 1662 4486 volentibus
1688 4432 1742 4484 in
1769 4433 1955 4487 multis
1972 4430 2121 4486 Scri-

555 4540 729 4601 ptura:
762 4528 896 4584 locis
927 4526 1031 4581 hoc
1078 4523 1326 4584 indicari,
1361 4522 1506 4591 quod
1553 4538 1747 4578 aurum
1784 4525 1849 4579 ad
1897 4539 2120 4579 sensum

559 4630 902 4691 mentemque
934 4627 1238 4680 revocetur,
1288 4623 1568 4684 argentum
1619 4630 1748 4670 vero
1795 4615 1861 4669 ad
1895 4614 2120 4670 verbum

554 4720 721 4781 atque
748 4711 960 4780 eloquia
991 4706 1297 4765 referatur?
1322 4703 1479 4760 Nunc
1500 4719 1629 4776 ergo
1669 4720 2024 4775 properemus
2054 4706 2121 4761 ad

555 4800 1035 4871 contemplandum
1084 4798 1361 4869 quomodo
1393 4796 1690 4852 secundum
1720 4812 1783 4851 ea
1825 4812 1946 4866 qua:
1986 4811 2127 4867 pl‘tB-

558 4891 831 4959 misimus,
862 4892 1023 4946 amici
1057 4890 1243 4960 sponsi
1275 4891 1458 4945 dicant
1499 4904 1557 4944 se
1593 4889 1980 4946 similitudines
2008 4890 2128 4945 auri

558 4986 739 5043 facere
772 4999 986 5054 sponsae
1010 4999 1133 5038 cum
1157 4981 1601 5039 distinctionibus
1630 4981 1865 5053 argenti.
1904 4981 2129 5037 Videtur

557 5090 688 5148 ergo
717 5073 851 5129 mihi
887 5072 1029 5142 quod
1068 5073 1153 5126 lex
1196 5089 1315 5143 qua:
1364 5088 1458 5142 per
1488 5072 1712 5143 angelos
1746 5071 2009 5145 disposita
2043 5082 2125 5126 est

557 5168 813 5241 inqmanu
862 5165 1197 5230 mediatoris,
1243 5163 1677 5235 quandoquidem
1725 5164 1973 5219 umbram
2025 5163 2125 5217 ha-

558 5262 684 5318 beat
731 5260 1041 5316 futurorum
1092 5257 1359 5312 bonorum
1388 5296 1403 5321 ,
1455 5272 1561 5311 non
1613 5255 1785 5324 ipsam
1835 5254 2123 5324 imaginem

625 5379 671 5410 “
691 5376 815 5431 Ose.
849 5391 907 5435 ll,
941 5373 992 5427 8.
1090 5371 1296 5427 “Psal.
1331 5387 1404 5436 xu,
1428 5372 1481 5427 6.
1573 5371 1617 5403 “
1636 5369 1796 5425 Prov.
1840 5386 1895 5432 x,
1922 5369 2011 5423 ‘20.

559 5443 645 5498 "l
676 5446 802 5501 Cor.
839 5462 892 5509 Χ,
938 5444 1025 5498 ll.
1968 5444 1972 5447 Α

632 5562 740 5627 (52)
776 5562 926 5627 Mss.,
954 5559 1309 5631 temporalem.
1342 5559 1491 5614 Finis
1524 5562 1661 5614 enim
1693 5560 2014 5630 temporalis.

627 5631 744 5700 (55)
776 5631 908 5684 Ante
945 5635 1219 5686 adrentum
1245 5646 1484 5699 namque,
1517 5642 1623 5685 etc.
1661 5633 1739 5686 Ad
1771 5633 1913 5688 hunc
1937 5632 2114 5687 locum

2127 5369 2169 5401 ⁶τ
2192 5367 2364 5426 Exod.
2395 5387 2603 5426 xxxwt.

2228 4437 2429 4504 scripta
2459 4436 2573 4489 haec
2601 4450 2721 4490 esse
2746 4436 3022 4490 dicuntur.

2302 4526 2406 4583 Sed
2448 4529 2564 4583 haec
2605 4531 2660 4583 in
2691 4544 2924 4585 excursu
2954 4527 3212 4595 diximus,
3242 4528 3486 4584 volentes
3516 4531 3799 4589 ostendere

2228 4618 2504 4690 quomodo
2536 4619 2695 4675 amici
2732 4621 2919 4689 sponsi
2974 4619 3159 4674 dicant
3204 4619 3269 4673 ad
3320 4633 3575 4689 sponsam
3623 4619 3800 4677 facere

2228 4724 2288 4764 se
2322 4710 2372 4765 ei
2406 4708 2786 4765 similitudines
2815 4710 2932 4764 auri
2961 4724 3087 4764 cum
3116 4709 3559 4765 distinctionibus
3587 4710 3798 4780 argenti

2228 4810 2326 4866 per
2352 4811 2414 4851 ca
2441 4796 2647 4852 scilicet
2681 4813 2801 4868 qua:
2830 4798 2884 4852 in
2921 4798 3038 4869 lege
3071 4810 3124 4853 et
3168 4800 3448 4869 prophetis
3476 4816 3571 4869 per
3598 4799 3799 4871 ﬁguras

2229 4894 2284 4941 et
2330 4886 2596 4956 imagines
2642 4896 2698 4941 et
2745 4888 3126 4944 similitudines
3164 4901 3217 4944 et
3255 4890 3565 4959 parabolas,
3599 4890 3800 4960 scripta

2231 4978 2594 5033 tradiderunt.
2628 4979 2768 5033 Sunt
2814 4990 2994 5035 tamen
3037 4980 3093 5035 in
3140 4981 3225 5036 his
3255 4991 3309 5036 et
3352 4995 3529 5050 parvae
3552 4981 3798 5050 quaedam

2234 5068 2612 5125 distinctiones
2639 5071 2876 5141 argenti,
2915 5072 3112 5129 indicia
3150 5072 3357 5128 scil':cct
3400 5086 3595 5126 sensus
3642 5072 3801 5141 spiri-

2232 5162 2356 5217 talis
2390 5163 2541 5217 verbi
2574 5171 2627 5218 et
2675 5164 3138 5234 interpretationis
3187 5163 3546 5226 rationabilis,
3578 5163 3703 5217 licet
3748 5174 3802 5219 et

2231 5253 2387 5309 valde
2415 5269 2537 5308 rara
2571 5264 2624 5310 et
2660 5257 2873 5327 exigua.
2906 5258 3049 5314 Ante
3092 5259 3378 5313 adventum
3424 5272 3659 5327 namque
3686 5259 3800 5330 (55)

2719 5373 2763 5404 ⁸⁸
2794 5371 2955 5428 Hebr.
2993 5389 3068 5435 ix,
3094 5372 3183 5426 '24.
3298 5373 3341 5411 ε’
3372 5371 3583 5464 Coloss,
3618 5386 3680 5440 ιι,
3709 5371 3798 5428 l3.

2234 5561 2501 5630 prrtinerc
2532 5564 2781 5617 videntur
2804 5578 2865 5617 ea
2899 5577 3019 5632 qua:
3060 5560 3227 5632 reffert
3258 5559 3554 5632 Procopius
3586 5576 3647 5616 ex
3679 5561 3802 5616 Ori-

2223 5627 2356 5701 gene
2387 5647 2398 5681 :
2426 5632 2556 5685 Τότε
2588 5634 2653 5705 δὲ.
2687 5634 2747 5685 οὔ
2785 5627 2949 5694 πολίιξ
2978 5627 3045 5703 ἦν
3076 5630 3211 5685 οὐδὲ·
3240 5627 3537 5703 κεγυμὲνος
3570 5634 3597 5685 ὁ
3635 5633 3806 5702 ἄργυσ
