4236 6282
422 290 526 348 1⁵57

1721 291 1922 349 LIBER
1965 287 2352 348 SECUNDUS.

3565 296 3667 351 158

413 405 630 464 Domini
652 405 742 461 vix
770 403 948 462 sicubi
977 403 1364 474 prephetarum
1398 404 1599 474 aliquis
1631 421 1822 474 parum
1855 406 1985 474 quid
2023 403 2467 467 Adistinetione,
2518 400 2612 456 sed
2656 398 2918 456 latissima
2965 403 3074 475 (Si)
3110 406 3451 476 expositione
3511 422 3668 478 pate-

412 500 612 556 occulti
637 497 912 554 sermonis
931 496 1144 566 aperuit
1173 515 1186 550 :
1216 497 1365 550 verbi
1391 498 1564 565 gratia
1591 505 1650 550 ut
1675 495 1844 550 Isaias
1869 511 1993 550 cum

416 590 593 645 dicit:
636 587 800 642 Vinea
836 586 1054 640 Domini
1083 584 1315 640 Sabaoth
1355 587 1542 639 domus
1591 584 1762 639 Israel
1804 593 1916 649 est,
1946 594 1994 638 et

410 682 599 737 domus
649 679 800 733 Juda
855 678 1061 733 novella
1106 679 1305 732 dilecta
1348 679 1414 732 τί.
1453 677 1520 732 Et
1573 678 1769 732 iterum
1813 678 1938 731 alibi
1977 694 1990 729 :

411 772 575 842 Aqua:
607 769 792 824 multa?
816 777 988 839 gentes
1017 767 1202 822 multa:
1245 778 1366 823 sunt
1399 770 1466 822 ".
1496 767 1563 822 Et
1606 767 1857 823 Ezechiel
1892 783 1994 822 no-

412 863 635 917 minans
666 862 807 916 duas
833 875 1053 916 sorores
1077 858 1316 925 Oollam,
1343 869 1397 915 et
1440 859 1674 926 Olibam,
1705 860 1865 914 aliam
1897 858 1995 913 Sa-

411 955 644 1008 mariam
678 953 962 1023 distinguit
989 967 1111 1009 esse
1144 962 1199 1007 et
1235 952 1395 1006 aliam
1418 951 1662 1007 Judzeam
1694 952 1774 1018 ’3;
1803 960 1856 1006 et
1884 952 1994 1006 sic--

411 1045 504 1100 ubi
539 1045 669 1100 talia
712 1044 960 1114 quaedam
1003 1044 1136 1114 ipsis
1179 1044 1461 1114 prophetis
1507 1041 1996 1114 interpretantibus

409 1138 747 1207 aperiantur,
777 1137 897 1191 istae
929 1135 1308 1191 distinctiones
1344 1136 1555 1206 argenti
1578 1135 1855 1190 dicuntur.
1890 1131 1992 1188 Ubi

409 1242 542 1282 vero
564 1225 815 1282 Salvator
844 1235 900 1281 et
922 1225 1190 1281 Dominus
1221 1234 1408 1281 noster
1435 1223 1595 1281 Jesus
1627 1223 1882 1279 Christus
1905 1222 1996 1277 ad-

411 1319 585 1383 venit,
618 1327 747 1372 nota
797 1317 1005 1372 faciens
1054 1317 1240 1372 omnia
1289 1317 1456 1372 verbo
1507 1317 1724 1372 virtutis
1772 1330 1904 1381 suae,
1938 1315 1991 1369 in

410 1413 668 1481 passione
699 1410 821 1480 ejus
847 1409 1110 1464 indicium
1143 1409 1331 1465 datum
1368 1418 1474 1477 est,
1513 1410 1660 1480 quod
1697 1425 1760 1465 ea
1788 1424 1909 1480 quae
1935 1409 1991 1463 in

379 1571 382 1574 ἢ
413 1503 749 1558 absconditis
793 1501 1140 1567 tenebantur,
1174 1511 1228 1557 et
1276 1517 1478 1558 arcana
1525 1511 1701 1566 erant,
1726 1502 1779 1555 in
1809 1503 1988 1556 lucem

410 1592 808 1663 proferrentur,
854 1599 909 1647 et
954 1592 1020 1646 ad
1067 1593 1563 1649 manifestationem
1597 1594 1846 1648 venirent
1894 1608 1992 1662 per

415 1685 522 1739 hoc
556 1684 699 1754 quod
731 1684 908 1738 velum
957 1685 1144 1754 templi
1181 1699 1292 1754 quo
1336 1684 1533 1740 Sancta
1573 1693 1888 1740 sanctorum
1935 1691 1990 1738 et

2101 493 2262 548 facta.

2169 585 2360 638 Adhuc
2392 592 2571 638 autem
2605 591 2664 637 ut
2710 583 2911 639 clarius
2941 583 3033 637 fiat
3067 587 3212 652 quod
3244 585 3374 641 dicit
3408 604 3421 641 :
3468 585 3672 656 Usque.

2099 692 2200 745 quo
2231 690 2322 728 rex
2372 675 2441 726 sit
2477 675 2532 726 in
2573 674 2811 726 recubitu
2840 690 2960 737 suo,
2987 674 3151 729 etiam
3196 676 3262 730 de
3308 679 3542 732 secunda
3571 679 3672 734 Ba-

2098 768 2238 822 laam
2264 765 2546 835 prophetia
2575 779 2697 834 qnte
2727 765 2795 819 de
2824 764 3044 822 Christo
3081 768 3153 821 ita
3185 767 3449 832 continet,
3486 769 3673 838 profe—

2097 872 2283 912 remus
2318 873 2332 911 :
2363 855 2598 921 Orietur,
2644 857 2855 927 inquit,
2893 857 3047 912 stella
3091 874 3155 912 ea:
3197 856 3400 922 Iacob,
3443 871 3489 914 et
3537 862 3671 915 exiet

2097 949 2248 1001 homo
2276 947 2341 1001 de
2363 948 2557 1002 semine
2581 947 2716 1017 ejus,
2737 957 2787 1003 et
2812 949 3178 1002 dominabitur
3206 951 3445 1020 gentibus
3469 953 3672 1009 multis.

2101 1038 2443 1092 Exaltabitur
2473 1040 2583 1110 Gog
2606 1057 2820 1110 regnum
2845 1042 2982 1110 ejus,
3007 1051 3055 1094 et
3081 1051 3273 1096 crescet
3305 1059 3518 1113 regnum
3539 1044 3668 1113 ejus.

2099 1131 2239 1185 Deus
2270 1134 2449 1185 educet
2473 1148 2592 1186 eum
2630 1148 2694 1186 ea:
2722 1132 2954 1203 /Egypto
2985 1135 3124 1187 sicut
3168 1134 3339 1203 gloria
3380 1135 3672 1200 unicornis,

2097 1229 2144 1274 et
2192 1221 2426 1274 comedet
2465 1231 2638 1292 gentes
2685 1223 3023 1276 inimicorum
3070 1239 3307 1289 suorum,
3330 1233 3381 1278 et
3412 1225 3672 1278 crassitu-

2095 1308 2244 1362 dines
2290 1325 2471 1364 eorum
2515 1310 2880 1374 emedullabit,
2917 1321 2965 1364 et
2997 1312 3196 1380 jaculis
3244 1314 3353 1366 suis
3390 1315 3672 1384 sagittabit

2095 1416 2202 1454 eos.
2256 1398 2572 1455 Recumbens
2621 1411 2678 1454 ut
2722 1402 2801 1456 leo
2850 1403 3164 1474 requiescet,
3194 1412 3244 1457 et
3287 1405 3423 1460 sicut
3461 1405 3670 1459 catulus

2093 1491 2279 1547 leonis.
2319 1492 2451 1557 Quis
2495 1493 2774 1547 suscitabit
2817 1509 2935 1547 eum
2965 1494 3052 1548 "‘i
3089 1493 3389 1552 Considera
3431 1511 3562 1567 ergo
3603 1514 3669 1551 ex

2095 1582 2180 1638 his
2213 1582 2548 1653 diligentius,
2575 1592 2628 1640 et
2671 1585 2790 1640 vide
2830 1585 3108 1655 quomodo
3149 1587 3328 1657 omnis
3369 1589 3670 1643 similitudo

2094 1675 2214 1730 auri
2246 1691 2421 1745 usque
2456 1677 2524 1730 ad
2551 1685 2856 1732 extremum
2884 1685 3120 1748 tempus,
3155 1679 3220 1734 ad
3251 1681 3556 1736 recubitum
3585 1698 3671 1738 re-

411 1791 612 1830 arcana
649 1775 986 1842 velabantur,
1037 1775 1273 1831 scissum
1319 1784 1403 1831 est
1433 1777 1720 1832 desursum
1751 1777 1870 1846 ejus
1896 1792 1991 1831 us-

2094 1765 2176 1832 gis
2203 1767 2432 1834 scilicet,
2466 1776 2610 1823 stare
2640 1777 2993 1824 memoratur.
3025 1768 3156 1825 Post
3205 1769 3320 1826 haec
3361 1787 3494 1844 ergo
3519 1774 3670 1828 exal-

408 1885 518 1940 que
582 1869 877 1934 deorsum,
929 1869 1106 1940 palam
1155 1867 1271 1924 fore
1319 1868 1646 1924 denuntians
1696 1871 1987 1936 omnibus,

405 1960 557 2030 quod
587 1961 920 2015 intrinsecus
940 1959 1228 2013 videbatur
1261 1959 1556 2014 obtectum.
1589 1959 1681 2014 Sic
1702 1976 1832 2030 ergo
1858 1961 1991 2014 illud

406 2051 558 2122 quod
585 2065 680 2119 per
707 2049 927 2118 angelos
950 2047 1062 2118 64.
1083 2061 1140 2102 et
1162 2049 1456 2117 prophetas
1485 2049 1857 2103 ministratum
1889 2060 1992 2112 est,

413 2140 718 2196 similitudo
745 2139 862 2193 auri
911 2139 1034 2205 fuit,
1068 2155 1194 2195 cum
1239 2140 1687 2194 distinctionibus
1719 2141 1903 2209 parvis
1937 2149 1994 2196 et

407 2232 625 2301 exiguis
670 2230 898 2299 argenti.
937 2228 1061 2286 Haec
1105 2233 1287 2285 autem
1327 2245 1448 2300 quae
1470 2244 1567 2300 per
1594 2230 1774 2300 ipsum
1809 2229 1996 2286 Domi-

408 2338 542 2378 num
572 2330 815 2375 nostrum
844 2319 1029 2376 Jesum
1057 2320 1336 2376 Christum
1371 2321 1566 2376 tradita
1603 2330 1749 2388 sunt,
1782 2322 1834 2376 in
1858 2337 1995 2378 auro

407 2429 540 2469 vero
588 2420 642 2467 et
683 2420 909 2482 argento
960 2411 1138 2467 solido
1189 2411 1454 2467 collocata
1503 2421 1652 2468 sunt.
1691 2412 1818 2468 Hac
1847 2414 1991 2468 enim

407 2520 532 2576 quae
579 2519 674 2575 per
719 2503 926 2559 amicos
957 2501 1143 2573 sponsi
1181 2501 1323 2558 facta
1368 2513 1471 2571 est,
1523 2504 1827 2560 similitudo
1869 2506 1992 2560 auri

410 2611 536 2651 cum
601 2594 1044 2651 distinctionibus
1088 2595 1335 2664 argenti,
1380 2611 1489 2651 non
1545 2597 1601 2650 in
1658 2597 1990 2667 sempiterna

419 2700 678 2755 mansura
727 2684 1111 2756 promittitur:
1153 2684 1249 2740 sed
1281 2694 1492 2756 tempus
1539 2687 1589 2742 ei
1631 2688 1890 2743 statuitur
1922 2687 1991 2743 ab

411 2777 518 2832 illis
545 2776 679 2847 ipsis
715 2776 1026 2832 dicentibus
1058 2791 1071 2828 :
1110 2775 1384 2848 Usquequo
1431 2793 1522 2833 rea:
1551 2779 1621 2833 sit
1656 2780 1712 2833 in
1751 2781 1990 2835 recubitu

411 2885 526 2924 suo.
561 2867 699 2922 Cum
743 2868 891 2922 enim
938 2867 1264 2925 recumbens
1305 2870 1589 2925 dormierit
1613 2879 1674 2926 ut
1701 2871 1807 2939 leo,
1840 2881 1895 2927 et
1933 2883 1993 2929 ut

409 2958 626 3014 catulus
660 2957 856 3024 leonis,
891 2967 947 3012 et
966 2966 1092 3028 post
1129 2957 1247 3013 haec
1276 2958 1625 3014 suscitaverit
1654 2975 1780 3015 eum
1807 2960 1990 3029 Pater,

410 3060 465 3106 et
494 3047 858 3105 resurrexerit
885 3063 914 3102 a
937 3049 1196 3116 mortuis,
1229 3049 1279 3104 si
1319 3049 1412 3119 qui
1448 3047 1648 3106 fuerint
1677 3051 1992 3108 conformcs

411 3138 830 3195 resurrectionis
869 3137 1010 3208 ejus,
1042 3138 1157 3208 jam
1193 3153 1305 3194 non
1351 3140 1406 3194 in
1441 3140 1797 3197 similitudine
1843 3143 1986 3210 auri,

407 3231 464 3287 id
490 3239 576 3286 est
607 3245 717 3284 non
745 3230 801 3283 in
844 3243 1028 3284 rerum
1060 3229 1425 3300 corporalium
1456 3231 1604 3286 cultu
1648 3232 1986 3301 manebunt;

409 3323 505 3380 sed
537 3337 736 3377 aurum
757 3336 947 3377 verum
992 3321 1061 3377 ab
1105 3322 1238 3392 ipsis
1267 3323 1590 3394 percipient,
1615 3325 1900 3382 credentes
1935 3334 1990 3382 et

410 3423 690 3485 Sperantes
737 3427 848 3468 non
891 3428 956 3469 ea
1005 3427 1129 3483 quae
1168 3413 1442 3481 videntur,
1485 3416 1579 3470 sed
1609 3431 1732 3486 quas
1765 3433 1874 3472 non
1904 3417 1989 3472 vi-

410 3505 628 3570 dentur,
659 3519 762 3560 nec
791 3519 915 3575 quae
957 3504 1014 3559 in
1065 3505 1224 3561 terris
1268 3515 1417 3574 sunt,
1449 3506 1542 3562 sed
1569 3522 1692 3576 quae
1725 3508 1780 3562 in
1812 3509 1988 3576 caelis,

409 3587 783 3653 ubi'Cbristus
826 3606 912 3652 est
955 3596 1011 3650 in
1052 3596 1274 3651 dextera
1304 3596 1398 3652 Dei
1442 3596 1661 3664 sedens,
1706 3607 1758 3655 et
1786 3598 1988 3668 dicent,

407 3691 540 3762 quia
563 3698 613 3744 et
649 3690 695 3744 si
724 3687 1060 3759 cognouimus
1091 3685 1362 3741 Christum
1385 3687 1674 3758 aliquando
1702 3689 1989 3743 secundum

408 3797 643 3845 carnem,
677 3779 766 3833 sed
793 3793 930 3832 nunc
947 3777 1064 3848 jam
1087 3793 1192 3832 non
1221 3780 1458 3833 novimus
1481 3776 1552 3837 7‘.
1577 3774 1697 3833 Non
1725 3792 1856 3845 ergo
1874 3777 1989 3848 jam

409 3871 855 3930 distinctionibus
899 3869 1082 3942 parvis
1124 3871 1356 3942 argenti,
1403 3869 1500 3926 sed
1539 3870 1595 3924 in
1646 3869 1988 3926 latitudinem

409 3964 614 4020 diffuso
650 3972 872 4019 utentur
915 3975 1163 4032 argento.
1196 3963 1436 4017 Audierit
1459 3963 1603 4016 enim
1631 3963 1779 4032 quod
1810 3962 1864 4015 in
1899 3961 1990 4016 illa

410 4055 532 4110 auri
557 4052 911 4108 similitudine
935 4059 1089 4122 petra
1123 4066 1246 4119 qua:
1286 4051 1442 4119 sequi
1469 4051 1693 4116 dicitur,
1719 4059 1773 4104 et
1800 4059 1990 4119 potum

410 4145 613 4218 populo
656 4144 917 4215 prmbere,
957 4141 1214 4196 Christus
1253 4149 1356 4208 est,
1401 4149 1458 4196 et
1497 4155 1648 4196 mare
1689 4141 1993 4209 baptismus

410 4253 514 4304 est,
543 4245 599 4293 et
630 4237 802 4292 nubes
834 4235 1072 4307 Spiritus
1117 4241 1342 4289 sanctus
1382 4241 1496 4297 est,
1545 4241 1600 4288 et
1629 4247 1830 4286 manna
1860 4229 1988 4285 Ver-

411 4331 542 4386 bum
578 4328 674 4384 Dei
707 4337 812 4395 est,
842 4335 900 4383 et
929 4342 1101 4396 agnus
1129 4325 1354 4381 Pascha:
1379 4323 1630 4379 Salvator
1655 4331 1758 4392 est,
1787 4333 1841 4378 et
1869 4337 1995 4378 san-

2093 1863 2300 1918 tabitur
2324 1863 2458 1933 Gog,
2487 1863 2536 1917 id
2565 1871 2648 1918 est
2679 1877 2843 1933 super
2888 1871 3061 1930 tecta,
3093 1880 3318 1936 regnum
3353 1867 3509 1936 ejus,
3542 1883 3666 1922 cum

2093 1952 2346 2007 videlicet
2372 1955 2440 2006 de
2483 1953 2646 2010 terris
2683 1954 2750 2007 ad
2785 1953 3028 2008 coelestia
3072 1953 3237 2024 fuerit
3266 1964 3407 2010 tecta
3433 1959 3669 2011 transla-

2096 2050 2235 2095 tum.
2284 2041 2392 2094 Sed
2435 2042 2502 2095 de
2545 2042 2634 2096 his
2662 2043 2900 2110 plenius,
2941 2052 3105 2111 prout
3127 2042 3388 2100 Dominus
3409 2045 3578 2113 dedit,
3613 2049 3671 2102 in

2097 2129 2468 2187 Numerorum
2514 2131 2656 2186 libro
2722 2132 2992 2201 persecuti
3043 2149 3254 2192 sumus.
3309 2133 3670 2207 Requiramus

2095 2237 2228 2280 sane
2271 2223 2320 2278 si
2369 2223 2530 2279 etiam
2579 2224 2786 2280 sanctis
2829 2225 3077 2294 patribus
3122 2225 3258 2297 ipsis
3288 2235 3344 2284 et
3391 2230 3669 2299 prophetis

2094 2313 2187 2383 qui
2217 2313 2663 2369 ministraverunt
2697 2315 2921 2370 verbum
2967 2329 3093 2373 ante
3134 2317 3424 2375 adventum
3454 2320 3668 2378 Domini

2091 2403 2264 2458 nostri
2293 2401 2422 2459 Iesu
2454 2403 2682 2470 Christi,
2705 2406 3052 2476 perfectionis
3083 2409 3269 2479 hujus,
3296 2413 3521 2483 verique
3549 2417 3670 2469 auri

2091 2494 2264 2563 gratia
2289 2493 2418 2550 data
2444 2495 2542 2560 sit;
2576 2511 2644 2550 an
2677 2507 2887 2553 tantum
2926 2497 3106 2554 futura
3136 2500 3252 2555 haec
3284 2501 3669 2572 intellexerint,

2087 2593 2144 2638 et
2165 2584 2218 2638 in
2251 2584 2444 2655 spiritu
2483 2595 2713 2642 ventura
2753 2589 3127 2658 praeviderint;
3162 2600 3322 2660 atque
3350 2594 3422 2647 ob
3451 2595 3553 2650 hoc
3581 2612 3669 2651 so-

2090 2675 2203 2731 lum
2237 2676 2436 2732 dixerit
2468 2675 2735 2733 Dominus
2783 2671 2849 2734 de
2881 2679 3190 2745 Abraham,
3225 2683 3352 2752 quia
3393 2684 3668 2743 desidera-

2091 2766 2230 2822 verit
2261 2765 2448 2822 videre
2481 2767 2624 2823 diem
2661 2769 2805 2839 ejus,
2833 2779 2887 2824 et
2921 2769 3135 2838 viderit,
3165 2779 3220 2826 et
3259 2772 3470 2830 laetatus
3497 2777 3568 2830 sit
3598 2780 3664 2844 ⁷ο,

2085 2857 2240 2928 quod
2271 2859 2480 2914 scilicet
2507 2859 2562 2914 in
2585 2861 2778 2929 spiritu
2814 2860 2996 2916 futura
3038 2862 3362 2932 praeviderit.
3388 2864 3455 2918 Et
3491 2869 3666 2939 magis

2089 2949 2327 3006 fortasse
2370 2950 2478 3006 hoc
2510 2950 2584 3006 ita
2630 2961 2754 3006 esse
2798 2953 2960 3008 etiam
3001 2953 3090 3009 ille
3137 2969 3316 3017 sermo
3358 2960 3664 3026 confirmet,

2091 3042 2187 3112 qui
2217 3042 2295 3098 ait
2324 3060 2339 3096 :
2385 3040 2547 3096 Multi
2582 3043 2723 3112 justi
2773 3043 3200 3099 desideraverunt
3235 3047 3406 3103 videre
3442 3066 3558 3120 qua:
3589 3054 3667 3104 ri-

2015 3101 2061 3161 ϐ
2091 3133 2251 3200 detis,
2283 3143 2332 3188 et
2365 3150 2468 3188 non
2499 3135 2772 3200 viderunt;
2795 3145 2843 3191 et
2871 3138 3058 3192 audire
3094 3156 3212 3209 qua:
3238 3101 3467 3208 auditis:
3489 3152 3537 3195 et
3565 3159 3666 3196 non

2091 3225 2375 3282 audierunt
2422 3227 2488 3280 ".
2537 3225 2802 3293 Quamvis
2846 3243 2945 3284 nec
2997 3230 3104 3286 illis
3151 3233 3388 3302 potuerit
3429 3232 3669 3290 defuisse

2091 3317 2352 3388 perfectio
2378 3317 2603 3374 veniens
2628 3334 2696 3374 ex
2727 3319 2854 3376 fide.
2898 3319 3031 3387 Qua:
3067 3322 3213 3378 enim
3259 3340 3358 3381 nos
3384 3323 3526 3380 facta
3551 3341 3670 3382 crc-

2075 3409 2292 3477 .dimus,
2323 3410 2438 3465 haec
2484 3409 2562 3465 illi
2613 3410 2820 3481 majore
2852 3427 2977 3468 eum
3029 3417 3435 3484 exspectatione
3487 3418 3668 3474 futura

2091 3498 2407 3556 credebant.
2451 3499 2606 3556 Sicut
2633 3516 2762 3572 ergo
2793 3517 2860 3558 ex
2888 3505 3121 3561 adventu
3149 3507 3354 3563 Christi
3390 3510 3670 3566 credentes

2093 3590 2493 3661 praeteritorum
2523 3591 2677 3661 fides,
2722 3595 2797 3650 ita
2827 3603 2882 3650 et
2915 3596 3038 3652 illos
3078 3596 3386 3653 futurorum
3417 3599 3483 3654 ad
3521 3617 3671 3656 sum-

2093 3695 2237 3736 mam
2266 3681 2616 3752 perfectionis
2654 3685 2901 3744 adduxit.
2934 3687 3090 3754 Quod
3119 3689 3164 3743 si
3201 3689 3268 3744 ad
3307 3704 3671 3759 unamquam-

2091 3785 2200 3840 que
2248 3772 2489 3828 animam
2542 3774 2811 3831 referatur
2851 3778 3141 3848 expositio,
3187 3778 3456 3833 videbitur
3502 3784 3670 3851 quod,

2065 3861 2266 3918 donec
2299 3867 2523 3933 parvula
2558 3876 2644 3922 est
2683 3868 2863 3923 adhuc
2909 3869 3092 3922 anima
3137 3879 3190 3926 et
3235 3870 3582 3942 imperfecta,
3616 3886 3671 3930 et

2069 3957 2196 4012 sub
2224 3960 2498 4014 tutoribus
2541 3970 2595 4014 et
2621 3961 3071 4028 procuratoribus
3103 3963 3303 4033 posita,
3330 3965 3443 4023 sive
3481 3968 3670 4024 docto-

2095 4047 2250 4101 ribus
2283 4047 2560 4113 Eeclesiaz,
2588 4049 2703 4104 sive
2726 4052 2956 4120 angelis,
2984 4055 3076 4122 qui
3105 4057 3456 4124 parvulorum
3485 4069 3672 4114 custo-

2095 4133 2192 4188 des
2223 4149 2346 4188 esse
2372 4134 2652 4202 dicuntur,
2696 4147 2750 4192 et
2788 4138 2972 4193 videre
3017 4156 3230 4212 semper
3260 4143 3453 4200 faciem
3495 4146 3672 4204 Patris

2096 4224 2189 4293 qui
2222 4224 2275 4278 in
2311 4225 2464 4281 cmlis
2495 4235 2612 4293 est,
2663 4228 3052 4286 similitudines
3104 4233 3225 4288 auri
3268 4235 3406 4295 fiunt
3443 4238 3514 4305 ei,
3543 4253 3670 4300 cum

2097 4331 2205 4372 non
2235 4317 2424 4374 solidis
2455 4327 2509 4374 et
2551 4317 2785 4377 fortibus
2829 4321 2996 4378 alitur
3019 4323 3179 4381 Verbi
3223 4327 3316 4384 Dei
3362 4329 3528 4400 cibis,
3573 4317 3690 4388 sed.

413 4421 532 4490 guis
563 4421 689 4489 agni
738 4417 924 4488 passio
959 4402 1163 4472 Christi
1191 4424 1294 4482 est,
1338 4424 1395 4471 et
1429 4415 1609 4470 velum
1639 4413 1786 4485 quod
1815 4421 1901 4470 est
1931 4413 1985 4467 in
2021 4435 2064 4490 υ
2095 4410 2546 4466 similitudinibus
2595 4412 2880 4482 imbuitur,
2925 4418 3074 4474 velut
3116 4420 3163 4476 si
3207 4422 3476 4488 dicamus,
3510 4439 3670 4492 para-

414 4510 632 4565 Sanctis
665 4516 980 4564 sanctorum
1001 4548 1018 4575 ,
1049 4521 1159 4577 quo
1191 4505 1374 4562 divina
1406 4506 1499 4561 illa
1525 4515 1579 4561 et
1606 4521 1806 4561 arcana
1838 4513 1986 4574 tege-

413 4597 632 4661 bantur,
669 4611 799 4651 caro
848 4596 968 4667 ejus
1009 4604 1127 4662 est;
1178 4595 1395 4665 aliaque
1445 4595 1733 4650 innumera
1778 4611 1845 4649 ex
1869 4595 1990 4664 eius

397 4687 813 4745 resurrectione
868 4687 1148 4757 patebunt,
1192 4702 1300 4741 non
1353 4686 1465 4756 jam
1518 4701 1708 4756 parva,
1733 4694 1792 4740 ut
1818 4685 1992 4754 prius,

482 4806 527 4836 '”
559 4807 662 4858 lsa.
705 4819 768 4867 v,
798 4803 852 4857 7.
963 4804 1008 4834 ⁷²
1047 4803 1215 4870 Apoc.
1251 4819 1385 4870 xvn,
1427 4804 1512 4858 15.

413 4877 458 4906 ⁷⁸
484 4873 644 4928 Joan.
675 4890 794 4937 vut,
829 4872 916 4927 56.
993 4873 1038 4909 ⁷⁷

415 5011 524 5071 pri;-
559 4993 716 5071 ὀλίγα
746 4991 803 5071 ξὲ
831 4987 898 5064 ἦν
1007 4990 1480 5071 ἁπορῤῄτῳεαρρι
1517 4989 1990 5071 προφητῶν]εγός

419 5059 553 5140 μενεῖ.
593 5059 686 5117 ua).
715 5061 822 5114 τῶν
856 5059 1030 5116 ’πάλαι
1075 5059 1283 5130 adadv;
1311 5059 1773 5132 Ἐπιδημήσαντος
1803 5059 1889 5124 δὲ,
1922 5059 1991 5112 τὰ

419 5141 472 5183 ὲν
506 5137 616 5183 τοῖς
651 5132 872 5183 ἀϐάτοις
901 5132 993 5183 τοῦ
1023 5132 1151 5183 ναοῦ
1184 5129 1516 5183 τεθεώρηται
1553 5129 1633 5183 τῶ
1663 5129 1909 5183 Βλέποντι
1931 5129 1992 5181 τὸ

414 5129 472 5192 ἓν
506 5137 616 5198 τοῖς
651 5132 872 5197 ἀϐάτοις
901 5132 993 5186 τοῦ
1023 5129 1159 5186 ναοῦί
1184 5129 1353 5184 τεθεώ

1675 5199 1843 5253 νωθεν
1887 5199 1991 5260 ἕως

415 5205 812 5273 καταπέτασμα
835 5272 839 5273 ν
864 5203 923 5256 τὸ
984 5201 1240 5273 ἀληθινὸν.
1282 5201 1595 5273 σχιζόμενον

417 5276 568 5332 κάτω
598 5275 689 5328 ἐπὶ
716 5266 793 5344 -ξῷ
817 5266 1164 5344 piissime-Even
1187 5271 1256 5324 τὰ
1287 5266 1674 5344 ξῖλδονζ-ὲπὰγᾼὸ
1705 5266 1992 5344 (inanes-ib?

412 5343 704 5426 κοψηθεὶὲ
815 5336 950 5426 λέῳὺ
981 5336 1075 5426 {cui
1097 5342 1171 5426 dx;
1203 5339 1440 5410 σκύμνος
1462 5338 1678 5426 ἐγερθῇ,
1710 5339 1821 5426 Kal.
1854 5336 1992 5426 pera

415 5409 626 5470 ταῦτά·
662 5414 796 5467 Τότε
832 5413 945 5482 γὰρ
976 5412 1037 5482 οι,
1064 5409 1374 5482 σύμμορφοι
1422 5409 1700 5482 γενόμξνᾳι
1723 5409 1833 5482 ⁸τῆς
1862 5409 1992 5461 ἀνα-

418 5486 660 5547 στάσεως
686 5478 858 5536 αὑτοῦ
878 5478 1282 5602 «agamnam
1309 5481 1436 5551 παρ’
1458 5478 1620 5532 αὐτοῦ
1650 5478 1765 5531 ἀνθ’
1791 5478 1990 5549 ὁμοιω-

422 5555 607 5602 αὰτων
649 5553 875 5602 γουσδν,
921 5568 962 5602 π
993 5550 1382 5602 τιθυνθήσονται
1427 5547 1505 5602 τῶ
1548 5549 1755 5602 γουσιω
1791 5549 1884 5601 καὶ
1914 5546 1990 5602 τῶ

461 5555 607 5608 ἁτων
649 5553 875 5623 χρυᾼσδν,
921 5547 1403 5623 πληθύήθήσοντᾳί
1427 5547 1505 5620 τῷ
1548 5549 1771 5623 χρυσίῳ-
1791 5547 1884 5601 καὶ
1914 5547 1990 5623 τῷ

458 5619 698 5694 ργυρίῳῖ
721 5621 874 5694 ‘Tunc
907 5619 1150 5688 temporis
1184 5619 1301 5672 'non
1333 5619 1514 5694 ingens
1567 5619 1771 5694 argenti
1815 5621 1987 5687 copia,

421 5689 517 5746 nec
539 5689 674 5745 illud
709 5692 882 5759 lusum
909 5699 1020 5742 erat
1042 5707 1061 5744 :
1089 5705 1258 5758 pauca
1278 5705 1395 5742 vero
1429 5691 1504 5744 sic
1527 5689 1682 5760 quasi
1717 5689 1768 5741 in
1795 5703 1988 5741 arcano

817 5785 1090 5845 PATBOL.
1135 5785 1251 5844 Cn.
1297 5782 1470 5844 XIII.

1622 4805 1669 4836 ⁷³
1707 4804 1906 4858 Ezech.
1958 4815 2114 4868 xxm,
2151 4802 2204 4856 4.

1125 4875 1262 4928 atth.
1303 4889 1422 4941 χιιι,
1456 4873 1544 4928 17.
1617 4875 1665 4904 ⁷⁸
1688 4873 1820 4928 Luc.
1854 4889 1916 4939 ιι,
1941 4873 2031 4927 52.

2096 4501 2237 4557 bolis
2267 4509 2320 4556 et
2345 4503 2613 4573 exemplis
2638 4505 2886 4571 docetur,
2915 4523 3015 4574 pro
3042 4511 3244 4579 quibus
3284 4519 3338 4566 et
3369 4512 3482 4581 ipse
3509 4512 3669 4568 Chri-

2069 4599 2217 4647 stus
2264 4591 2459 4646 dicitur
2503 4602 2660 4648 aetate
2710 4610 2955 4651 crescere
3007 4607 3060 4652 et
3102 4600 3364 4668 sapientia
3396 4611 3450 4657 et
3495 4605 3667 4674 gratia

2100 4683 2241 4753 apud
2274 4682 2441 4738 Deum
2471 4695 2528 4739 et
2554 4685 2807 4744 homines
2835 4687 2904 4740 ⁷⁸.
2938 4686 2992 4741 1η
3043 4689 3150 4744 illis
3190 4705 3321 4763 ergo
3357 4694 3672 4754 similitudi-

2315 4800 2422 4856 "ll
2447 4801 2574 4857 Cor.
2603 4819 2654 4868 v,
2688 4803 2772 4856 l6.
2879 4803 2924 4833 ⁷⁵
2953 4802 3113 4861 Num.
3140 4823 3287 4874 χχιιι,
3326 4810 3412 4879 l7,
3447 4811 3498 4876 7,
3523 4813 3578 4881 8,
3609 4815 3674 4870 ω

2093 4997 2306 5065 erant‘a
2338 4988 2602 5065 prppbgtis
2634 4989 2860 5065 virisque
2893 4991 3223 5065 sapientibus
3263 4997 3426 5065 prisci
3455 4999 3554 5051 (eui
3581 5001 3666 5054 di-

2094 5068 2195 5135 cta.
2227 5058 2294 5110 At
2327 5058 2414 5110 ubi
2449 5058 2689 5135 Christus
2719 5058 3093 5135 advenit,’qu¢e
3125 5065 3179 5116 in
3216 5058 3397 5134 templi
3421 5078 3666 5135 penetra-

2093 5127 2230 5179 libus
2260 5137 2431 5190 erant,
2455 5128 2537 5181 illi
2563 5137 2866 5194 patuerunt,
2895 5127 3146 5198 qui'cidet
3173 5127 3349 5187 verum
3379 5127 3606 5191 velamen
3631 5157 3665 5192 (ι

2092 5212 2295 5267 summa
2338 5213 2499 5267 usque
2543 5199 2788 5252 deorsum
2832 5202 3151 5255 conscissum
3195 5219 3306 5257 esse
3353 5204 3423 5256 ad
3470 5221 3533 5258 ea
3582 5210 3667 5260 in-

2095 5265 2288 5343 tuenda
2315 5265 2432 5343 qua:
2458 5269 2597 5343 intus
2628 5268 3009 5343 condebantur,
3046 5284 3321 5343 postquam
3361 5277 3678 5330 recumbens

2093 5335 2364 5390 dormierit
2396 5347 2451 5390 ut
2478 5338 2576 5401 leo,
2609 5345 2659 5390 et
2689 5340 2824 5392 sicut
2853 5335 3061 5394 catulus
3091 5335 3255 5395 leonis
3297 5350 3660 5402 resurreserit.

2065 5417 2068 5420 ’
2097 5404 2166 5458 Ει
2193 5415 2373 5480 postea
2409 5423 2422 5480 ς
2454 5407 2558 5472 Qui
2593 5408 2733 5480 enim
2771 5408 3063 5480 conformes
3105 5411 3235 5479 facti
3265 5413 3461 5480 fuerint
3489 5431 3666 5470 resur-

2098 5477 2343 5557 rectionis
2371 5477 2484 5545 ejus
2504 5518 2517 5538 ,
2550 5491 2644 5543 pro
2673 5477 3115 5532 similitudinibus
3161 5477 3352 5557 aurum
3401 5487 3666 5557 accepturi

2095 5555 2220 5617 sunt
2290 5562 2466 5617 nempe
2493 5561 2624 5617 auro
2657 5560 2810 5617 atque
2835 5558 3051 5616 argento
3084 5548 3436 5617 replebuntur.

2168 5615 2283 5689 (54)
2319 5615 2470 5684 Mss,
2496 5614 2778 5674 latissima.
2807 5614 2960 5672 Lib'b.
2989 5614 3146 5686 edit.,
3169 5620 3453 5678 altissima.

3391 5790 3431 5847 5
