4236 6282
521 379 625 436 159
1577 367 1909 425 ORICENIS
1949 369 2017 425 IN
2054 370 2408 467 CdNTlCUM
2444 373 2714 430 CANTIC.
3661 355 3766 414 ΗΟ

522 495 683 550 nibus
734 492 1024 557 imbuitur,
1067 499 1119 544 et
1154 488 1294 542 ﬂunt
1335 487 1382 540 ei
1431 486 1672 556 parvula:
1723 488 2096 544 distinctiones
2126 493 2172 549 Δ
2199 491 2405 545 obtinet
2430 491 2630 544 locum.
2678 489 2792 544 Tali
2821 505 2952 560 ergo
2981 489 3143 544 modo
3167 493 3329 546 etiam
3362 494 3515 549 tertia
3549 497 3764 565 extrusi.-

521 585 750 656 argenti.
785 582 1117 652 Aperiuntur
1151 577 1298 632 enim
1345 575 1616 630 interdum
1651 585 1706 631 ct
1751 577 1834 631 his
1862 577 1953 646 qui
1997 577 2098 630 im-
2201 581 2346 636 tione
2369 581 2435 635 ad
2468 596 2910 652 unamquamque
2952 577 3188 636 animam
3217 581 3406 638 referri
3437 599 3598 652 posse
3619 586 3768 640 vile-

522 675 765 728 buuntur
789 685 955 742 parva
995 668 1175 736 aliqua
1203 675 1257 721 et
1286 680 1408 720 rara
1450 664 1518 720 de
1561 667 1947 721 secretioribus
1979 682 2097 736 my—
2198 671 2345 725 hitur
2367 714 2381 736 ,
2431 673 2575 741 quod
2625 673 2699 726 ait
2734 691 2748 726 :
2783 671 3166 727 Similitudines
3218 676 3338 728 auri
3386 676 3640 742 facirmus
3673 677 3769 732 tibi

523 765 726 829 stetiis,
756 771 815 815 ut
857 757 1188 813 desiderium
1235 757 1549 827 concipiant
1584 757 1877 827 majorum.
1912 755 2098 826 Neque

522 856 667 908 enim
704 848 1006 906 desiderari
1054 849 1185 918 quid
1231 857 1408 918 potest
1456 849 1503 904 si
1547 848 1762 918 penitus
1798 850 2094 918 ignoretur.

527 946 590 1000 Et
624 944 742 998 ideo
763 940 1152 1010 incipientibus
1180 953 1234 994 et
1267 940 1458 1010 primis
1490 940 1543 994 in
1571 940 1971 997 eruditionibus
1998 958 2099 1014 po-

526 1035 666 1102 sitis,
693 1034 834 1089 sicut
862 1049 970 1088 non
1004 1041 1129 1090 sunt
1164 1033 1231 1088 ad
1276 1033 1517 1088 subitum
1554 1043 1752 1089 cuncta
1787 1035 2095 1104 pandenda,

526 1126 600 1182 ita
627 1140 799 1195 neque
822 1124 1037 1194 penitus
1061 1123 1441 1178 abscondenda
1467 1131 1594 1179 sunt
1617 1124 1882 1194 spiritalia
1905 1134 2101 1198 myste-

523 1217 639 1284 ria;
670 1216 784 1280 sed,
818 1223 880 1270 ut
908 1216 984 1270 ait
1030 1231 1211 1271 sermo
1244 1215 1484 1281 divinus,
1535 1214 1797 1270 faciendae
1843 1226 1974 1272 sunt
2016 1217 2097 1274 eis

519 1309 902 1366 distinctiones
931 1307 1162 1377 argenti,
1189 1315 1244 1362 et
1267 1307 1518 1363 scintillae
1554 1307 1804 1378 quaedam
1837 1308 2099 1378 spiritalis

520 1399 893 1469 intelligentiae
931 1398 1132 1453 animis
1163 1413 1355 1454 eorum
1401 1398 1678 1453 initiandte
1717 1407 1867 1465 sunt,
1902 1408 1960 1454 ut
2001 1415 2101 1470 gu-

524 1501 667 1547 stum
700 1489 1107 1560 quodammodo
1130 1489 1503 1544 desideranda
1521 1487 1830 1545 dulcedinis
1855 1499 2098 1558 sumant,

523 1598 613 1644 ne,
645 1590 705 1634 ut
744 1579 1004 1646 diximus,
1037 1581 1084 1635 si
1123 1581 1339 1650 penitus
1375 1579 1690 1651 ignoretur,
1738 1592 1841 1634 nec
1875 1581 2101 1636 omnino

518 1672 880 1728 desideretur.

594 1759 794 1815 Verum
823 1759 967 1830 quod
999 1759 1278 1829 parvulam
1314 1759 1666 1816 nominamus
1697 1760 1961 1826 animam,
1997 1776 2096 1817 ne-

516 1867 614 1906 mo
638 1852 710 1906 ita
730 1825 958 1920 accipiat
981 1825 1137 1920 quasi
1154 1849 1457 1906 secundum
1476 1850 1841 1906 substantiam
1869 1853 2095 1922 parvula
2128 1825 2169 1881 Β

521 1945 770 2011 dicatur;
800 1945 892 2000 sed
920 1944 965 1998 si
992 1942 1080 1998 cui
1112 1943 1264 1999 deest
1287 1942 1546 2009 eruditio,
1575 1951 1628 1998 et
1654 1943 1708 1998 in
1737 1957 1847 2014 qua
1876 1952 1961 2000 est
1980 1944 2098 1999 exi-

513 2053 665 2106 guus
696 2037 999 2091 intellectus
1041 2051 1106 2091 ac
1133 2035 1357 2090 minima
1379 2034 1573 2104 peritia
1596 2075 1612 2101 ,
1645 2035 1788 2090 hanc
1811 2036 2093 2106 parvulam

522 2125 759 2182 dicimus
784 2126 1044 2182 animam.
1075 2126 1242 2197 Igitur
1263 2125 1378 2180 haec
1407 2124 1521 2180 ﬁeri
1549 2125 1803 2180 convenit
1828 2141 2096 2196 usquequo

519 2234 616 2272 rex
645 2219 715 2271 sit
743 2219 797 2271 in
829 2217 1067 2271 recubitu
1093 2234 1212 2284 suo,
1261 2215 1312 2270 id
1341 2223 1426 2271 est
1454 2223 1740 2286 usquequo
1767 2215 1822 2270 in
1852 2216 1903 2270 id
1931 2218 2097 2286 proli-

513 2309 970 2379 ciathujusmodi
999 2309 1213 2374 anima,
1256 2316 1318 2362 ut
1343 2309 1524 2380 capiat
1563 2323 1776 2380 regem,
1823 2308 2098 2364 ethabeat

516 2399 932 2455 recumbentem
965 2399 1020 2453 in
1046 2399 1360 2469 semetipsa.
1413 2399 1504 2454 Sic
1527 2398 1671 2454 enim
1701 2399 1834 2454 dicit
1863 2398 1950 2453 hic
1977 2413 2095 2466 rex,

512 2491 654 2564 quia
686 2489 932 2544 habitabo
963 2491 1019 2544 in
1042 2491 1117 2543 eis
1145 2497 1197 2542 et
1231 2488 1573 2543 inambulabo
1603 2490 1658 2543 in
1684 2491 1760 2544 eis
1790 2491 1834 2522 ⁷³
1854 2529 1870 2555 ,
1916 2487 2098 2558 profe-

511 2591 615 2640 clo
655 2582 747 2652 qui
793 2589 1000 2636 tantam
1047 2579 1224 2638 Verbo
1266 2581 1361 2636 Dei
1403 2581 1587 2636 cordis
1635 2581 1720 2637 sui
1751 2579 2095 2636 latitudinem

515 2677 770 2748 praebent
789 2715 805 2742 ,
835 2684 896 2730 ut
929 2675 1093 2729 etiam
1121 2674 1176 2728 in
1205 2674 1286 2729 eis
1312 2673 1664 2750 deambulare
1693 2673 1941 2741 dicatur,
1968 2688 2097 2744 spa—

515 2770 618 2825 tiis
646 2768 854 2823 scilicet
892 2766 1249 2836 amplioribus
1282 2765 1651 2836 intelligentiae
1693 2765 2099 2837 agnitionisque

525 2860 847 2917 diﬂ‘usioris.
907 2857 985 2913 lta
1017 2873 1147 2930 ergo
1189 2866 1244 2913 et
1293 2859 1560 2914 recubare
1602 2857 1802 2914 dicitur
1829 2858 1883 2913 in
1914 2858 2096 2936 anima

516 2955 617 3008 illa
647 2951 763 3007 sine
787 2950 955 3005 dubio
981 2949 1049 3004 de
1074 2965 1182 3020 qua
1222 2949 1340 3020 ipse
1380 2947 1648 3004 Dominus
1691 2948 1824 3004 dicit
1849 2963 1948 3021 per
1971 2962 2099 3019 pro-

516 3045 740 3114 phetam
771 3061 785 3098 :
827 3041 996 3111 Super
1016 3056 1165 3111 quem
1197 3039 1518 3110 requiescam
1537 3081 1552 3105 ,
1598 3039 1701 3095 nisi
1733 3055 1890 3109 super
1913 3039 2095 3094 Immi-

2199 777 2317 815 cum
2351 763 2780 819 distinctionibus
2807 767 3034 835 argenti,
3064 765 3226 819 donec
3255 781 3346 819 rea:
3373 767 3441 822 sit
3481 766 3532 820 in
3561 766 3766 822 recubi-

2202 861 2256 904 ιιι
2296 867 2415 907 δυο.

2272 941 2426 998 Vers.
2455 943 2543 1007 Η,
2570 944 2656 998 12.
2685 943 2904 998 Nardus
2928 959 3042 998 mea
3063 943 3206 998 dedit
3227 944 3437 998 odorem
3459 962 3634 1013 suum,
3652 946 3768 1002 sive

2201 1034 2409 1088 odorem
2439 1035 2570 1105 ejus.
2617 1035 2673 1088 ln
2702 1037 2882 1104 specie
2912 1035 3174 1090 dramatis
3207 1035 3421 1090 videtur
3449 1036 3554 1091 hoc
3583 1047 3770 1092 osten-

2200 1122 2290 1186 di,
2336 1125 2481 1193 quod
2527 1134 2650 1194 post
2699 1125 2814 1180 haec
2849 1124 3013 1178 verba
3048 1124 3290 1194 ingressa
3339 1125 3430 1179 sit-
3459 1141 3657 1195 sponsa
3700 1128 3769 1181 ad

2199 1227 2460 1282 sponsum
2481 1254 2499 1280 ,
2549 1226 2603 1270 et
2631 1215 2922 1286 unguentis
2953 1216 3068 1270 suis
3097 1216 3312 1270 unxerit
3340 1233 3462 1270 eum
3485 1259 3499 1284 ,
3538 1234 3600 1274 ac
3630 1220 3769 1274 miro

2199 1307 2438 1376 quodam
2488 1322 2718 1378 genere,
2777 1306 2933 1376 quasi
2983 1305 3191 1362 nardus
3219 1323 3340 1377 quas
3367 1309 3517 1379 prius
3549 1312 3768 1366 odorem

2201 1411 2309 1451 non
2336 1397 2561 1452 dederat
2590 1412 2714 1452 cum
2740 1405 2890 1451 esset
2912 1396 3056 1467 apud
3090 1412 3370 1466 sponsam,
3406 1407 3533 1454 tunc
3565 1401 3773 1458 dederit

2201 1485 2422 1542 odorem
2454 1503 2614 1542 suum
2634 1527 2652 1554 ,
2681 1503 2806 1543 cum
2831 1501 3031 1557 corpus
3063 1490 3285 1560 contigit
3315 1491 3536 1559 sponsi,
3573 1500 3629 1545 ut
3661 1509 3769 1546 non

2202 1584 2314 1631 tam
2363 1576 2451 1632 ille
2495 1591 2562 1632 ex
2605 1577 2777 1633 nardo
2821 1576 3044 1632 odorem
3095 1595 3260 1648 quam
3309 1580 3510 1634 nardus
3557 1596 3621 1633 ex
3653 1581 3772 1650 ipso

2200 1669 2499 1738 sumpsisse
2529 1669 2796 1725 videatur.
2870 1672 2928 1727 Si
2957 1685 3084 1726 vero
3111 1672 3408 1726 secundum
3451 1672 3592 1726 hanc
3615 1670 3774 1728 dilic-

2201 1760 2430 1815 rentiam
2482 1775 2606 1830 quae.
2639 1761 2692 1815 in
2746 1761 2868 1818 aliis
2891 1762 3164 1817 invenitur
3193 1763 3594 1833 exemplaribus
3635 1764 3772 1834 legi-

2205 1865 2370 1906 mus:
2409 1849 2629 1904 Nardus
2677 1867 2799 1904 mea
2840 1851 2987 1904 dedit
3037 1854 3248 1905 odorem
3295 1852 3446 1921 ejus,
3501 1854 3774 1910 invenitur

2204 1940 2383 1996 adhuc
2407 1940 2610 2009 aliquid
2635 1939 2874 1996 divinius
2899 1957 2913 1995 :
2946 1949 3006 1996 ut
3033 1941 3278 1997 videlicet
3304 1952 3636 2011 unguentum
3668 1945 3774 2000 hoc

2203 2031 2363 2087 nardi
2398 2046 2508 2101 quo
2540 2038 2738 2086 unctus
2785 2040 2869 2086 est
2899 2046 3165 2101 sponsus,
3215 2047 3322 2086 non
3368 2041 3772 2089 tantumsuum

2203 2124 2299 2195 qui
2325 2124 2497 2179 nardo
2531 2123 2710 2178 inesse
2732 2123 3050 2178 naturaliter
3081 2122 3241 2187 solet,
3274 2123 3369 2178 sed
3398 2123 3572 2193 ipsius
3607 2140 3771 2196 spon-

2204 2214 2253 2270 si
2294 2211 2518 2268 odorem
2552 2211 2788 2282 ceperit,
2842 2220 2896 2266 et
2930 2212 3100 2282 ipsius
3131 2213 3351 2267 odorem
3405 2214 3471 2268 ad
3517 2231 3773 2286 sponsam

2203 2304 2561 2374 reportaverit
2585 2301 2790 2357 nardus
2822 2320 2835 2356 :
2874 2312 2933 2358 ut
2963 2305 3016 2357 in
3045 2318 3111 2358 eo
3141 2319 3250 2374 quo
3279 2305 3436 2359 unxit
3463 2322 3610 2371 eum,
3639 2307 3772 2363 odoo

2203 2411 2320 2452 rem
2350 2395 2537 2465 sponsi
2563 2409 2658 2465 per
2693 2395 2866 2465 ipsius
2898 2394 3157 2463 unguenti
3179 2410 3378 2448 munus
3401 2397 3690 2464 acceperit,
3718 2404 3774 2452 et

2204 2489 2310 2543 hoc
2358 2486 2431 2543 sit
2472 2486 2618 2556 quod
2662 2485 2842 2542 dicere
2885 2485 3130 2538 videatur
3170 2483 3283 2554 (55)
3320 2501 3334 2536 :
3371 2482 3582 2539 Nardus
3629 2501 3770 2553 mea,

2203 2594 2313 2649 qua
2356 2577 2487 2632 unxi
2534 2590 2832 2644 sponsum,
2886 2587 3128 2644 regressa
3170 2573 3238 2628 ad
3275 2588 3362 2628 me
3388 2575 3607 2629 odorem
3638 2576 3770 2632 mihi

2201 2668 2398 2725 detulit
2427 2666 2638 2736 sponsi,
2669 2673 2722 2720 et
2751 2665 2899 2720 velut
2929 2672 3185 2735 superato
3210 2664 3440 2720 naturali
3479 2679 3580 2720 suo
3605 2665 3772 2721 odore

2193 2758 2503 2831 fragrantia
2550 2759 2774 2827 sponsi,
2821 2756 2994 2826 ipsius
3023 2755 3157 2809 mihi
3187 2754 3379 2810 detulit
3423 2755 3765 2811 suavitatem.

2202 2851 2330 2908 Haec
2372 2850 2536 2905 habet
2578 2848 2825 2906 historici
2865 2847 3126 2902 dramatis
3163 2847 3471 2916 explanatio
3504 2866 3519 2902 :
3553 2848 3648 2904 sed
3677 2864 3771 2903 ve-

2203 2943 2421 3001 niamus
2446 2941 2561 3013 jam
2589 2955 2732 2996 nunc
2759 2939 2826 2995 ad
2853 2937 3258 3008 intelligentiam
3291 2937 3606 3008 spiritalem.
3663 2936 3771 2994 Po-

2204 3050 2404 3090 namus
2451 3033 2538 3088 hic
2585 3046 2839 3102 sponsam
2887 3028 3185 3084 Eeclesiam
3220 3028 3275 3082 in
3307 3043 3536 3097 persona
3585 3028 3770 3084 Maria:

524 3138 627 3190 lem
658 3145 717 3191 ct-
734 3136 989 3206 quietum,
1012 3141 1062 3186 et
1093 3141 1391 3187 trementem
1413 3147 1674 3188 sermones
1704 3147 1846 3186 meos
1870 3131 1957 3186 8°‘?
1986 3129 2097 3186 Ha-
2127 3167 2171 3226 ο
2203 3143 2326 3200 qua:
2352 3127 2608 3182 decenter
2631 3125 2818 3194 utique
2838 3122 3040 3178 dicitur
3065 3120 3257 3176 afferre
3281 3121 3472 3175 libram
3507 3122 3768 3193 unguenti

525 3229 618 3283 bet
644 3241 772 3297 ergo
799 3241 893 3280 rex
931 3225 1032 3280 iste
1058 3224 1153 3294 qui
1195 3233 1282 3278 est
1307 3237 1488 3278 sermo
1521 3221 1650 3289 Dei,
1699 3222 1754 3277 in
1793 3222 1884 3278 illa
1917 3222 2102 3277 anima

520 3334 657 3390 quae
674 3317 788 3386 jam
815 3316 882 3371 ad
906 3315 1206 3386 perfectum
1234 3314 1463 3379 venerit,
1488 3313 1794 3368 recubitum
1822 3328 1983 3368 suum
2011 3331 2025 3368 :
2057 3313 2104 3369 si

513 3407 636 3482 35
653 3417 834 3461 tamen
861 3421 972 3460 non
997 3405 1066 3460 sit
1097 3406 1150 3458 in
1178 3419 1243 3458 ea
1274 3404 1492 3474 aliquod
1507 3403 1721 3469 vitium,
1741 3403 1834 3458 sed
1856 3403 2016 3474 plena
2035 3402 2105 3458 sit

509 3499 850 3562 «sanctitate,
903 3497 1060 3566 plena
1108 3496 1338 3566 pietate,
1393 3495 1537 3560 ﬁde,
1598 3493 1893 3560 charitate,
1947 3507 2101 3564 pace,

513 3590 898 3659 omnibusque
947 3589 1261 3642 virtutibus.
1326 3586 1482 3642 Tunc
1508 3587 1652 3641 enim
1684 3584 1916 3641 delectat
1952 3585 2006 3639 in
2038 3599 2104 3641 ea

502 3682 790 3738 recubare
813 3695 992 3752 regem
1022 3689 1077 3735 et
1100 3680 1300 3734 habere
1317 3678 1646 3734 recubitum.
1680 3677 1762 3733 Ad
1785 3677 1928 3734 hanc
1956 3678 2102 3734 enim

512 3773 765 3827 animam
798 3770 1064 3825 Dominus
1097 3769 1344 3837 dicebat,
1390 3768 1515 3839 quia
1547 3783 1639 3839 ego
1666 3776 1716 3822 et
1766 3766 1928 3822 Pater
1957 3784 2103 3822 mens

505 3864 809 3928 eveniemus,
834 3870 886 3917 et
910 3860 1232 3916 ctenabimus
1263 3877 1384 3915 cum
1407 3877 1487 3928 eo,
1509 3869 1558 3914 et
1587 3858 1914 3912 mansionem
1935 3859 2103 3928 facie-

520 3973 650 4009 .mus
680 3955 820 4024 apud
849 3971 968 4010 eum
1001 3955 1068 4010 ⁸¹.
1097 3953 1202 4010 Ubi
1235 3969 1364 4025 ergo
1384 3950 1829 4009 emnatChristus
1855 3967 1978 4006 cum
2003 3950 2107 4008 Pa-

501 4056 627 4112 ttre,
652 4054 706 4100 et
731 4045 822 4100 ubi
859 4046 1194 4102 mansionem
1221 4044 1371 4111 facit,
1409 4041 1602 4114 quidni
1641 4040 1943 4096 recumbit?
1965 4040 2104 4097 Bea-

525 4147 580 4192 ta
616 4137 763 4193 illius
808 4137 1039 4192 latitudo
1083 4137 1297 4204 animm,
1322 4136 1485 4191 beata
1511 4141 1683 4190 strata
1713 4133 1862 4188 illius
1885 4133 2102 4201 mentis,

507 4227 619 4285 ιιιὴὶ
640 4227 801 4285 Pater
826 4237 880 4284 et
899 4227 1098 4293 Filius,
1135 4237 1193 4283 ut
1217 4241 1326 4284 non
1353 4227 1574 4292 dubito,
1599 4241 1706 4282 una
1735 4241 1860 4282 cum
1892 4223 2104 4295 Spiritu

519 4328 721 4376 sancto
754 4320 1046 4382 recumbit,
1074 4327 1256 4373 coenat
1297 4327 1352 4372 et
1387 4318 1728 4374 mansionem
1753 4316 1906 4372 facit.
1964 4315 2102 4382 Qui-

517 4410 652 4477 «bus,
681 4417 865 4479 putas,
896 4407 1114 4476 Opibus,
1145 4407 1346 4475 quibus
1369 4409 1540 4476 cepiis
1571 4409 1706 4462 tales
1733 4407 1974 4461 convivae
1999 4421 2101 4474 pa-

2205 3223 2361 3280 nardi
2389 3222 2568 3294 pistici
2592 3221 2847 3293 pretiosi,
2878 3229 2927 3276 et
2974 3234 3174 3290 ungere
3214 3219 3376 3289 pedes
3401 3217 3528 3276 Jesu
3547 3259 3562 3284 ,
3591 3229 3646 3276 et
3677 3220 3773 3276 de-

2207 3326 2416 3387 tergere
2445 3315 2656 3386 capillis
2679 3314 2816 3379 suis,
2841 3322 2895 3368 ct
2919 3313 3158 3382 recipere
3181 3311 3581 3380 quodammodo
3607 3327 3673 3368 ac
3693 3327 3776 3368 re-

2204 3422 2470 3479 cuperare
2503 3422 2597 3476 per
2621 3406 2827 3462 crinem
2851 3405 3042 3475 capitis
3075 3406 3160 3460 sui
3188 3404 3254 3460 ad
3287 3403 3634 3472 semetipsam
3662 3418 3770 3458 un-

2204 3508 2465 3571 guentum
2497 3513 2561 3553 ex
2596 3496 2857 3568 qualitate
2887 3510 2950 3551 ac
2990 3495 3186 3550 virtute
3211 3493 3460 3564 corporis
3484 3493 3604 3563 ejus
3631 3491 3774 3550 infe-

2203 3600 2386 3656 ctum;
2433 3597 2489 3645 et
2531 3588 2753 3644 odorem
2783 3595 3033 3642 nontam
3064 3587 3218 3642 nardi
3262 3601 3358 3654 per
3411 3593 3768 3654 unguentum,

2203 3697 2370 3752 quam
2404 3681 2577 3752 ipsius
2611 3677 2776 3734 Verbi
2803 3677 2900 3734 Dei
2928 3679 2996 3733 ad
3022 3693 3081 3733 se
3105 3677 3406 3733 trahentem
3432 3691 3525 3747 per
3549 3677 3772 3748 capillos

2202 3775 2404 3846 quibus
2449 3772 2793 3844 abstergebat
2823 3772 3014 3842 pedes,
3064 3781 3119 3826 et
3165 3772 3616 3843 imposuitcapiti
3648 3787 3771 3838 suo,

2185 3883 2311 3923 non
2339 3875 2448 3922 tam
2476 3866 2655 3933 nardi,
2686 3881 2850 3935 quam
2877 3863 3082 3920 Christi
3110 3863 3497 3936 tragrantiam;
3545 3874 3599 3921 et
3627 3867 3775 3922 dice-

2206 3969 2284 4021 re,
2317 3954 2445 4023 quia
2473 3953 2679 4009 nardus
2709 3968 2830 4012 mea
2858 3952 3025 4008 missa
3056 3953 3111 4008 in
3139 3967 3341 4024 corpus
3361 3955 3563 4011 Christi
3594 3956 3776 4013 reddi-

2203 4046 2284 4100 dit
2310 4044 2536 4101 odorem
2583 4043 2724 4114 ejus.
2778 4043 3020 4113 Denique
3052 4043 3175 4100 vide
3199 4048 3474 4114 quomodo
3507 4047 3622 4104 haec
3655 4048 3771 4118 ipsa

2204 4137 2537 4194 referuntur.
2601 4135 2804 4203 Maria,
2838 4135 3048 4205 inquit,
3099 4138 3282 4192 attulit
3308 4137 3499 4192 libram
3522 4142 3772 4210 unguenti

2204 4231 2359 4286 nardi
2384 4230 2565 4300 pistici
2584 4229 2823 4298 pretiosi,
2867 4238 2918 4282 et
2941 4229 3096 4282 unxit
3118 4229 3272 4298 pedes
3293 4229 3442 4292 Jesu,
3479 4241 3527 4284 et
3557 4235 3774 4287 extersit

2203 4321 2411 4390 capillis
2439 4321 2630 4389 capitis
2657 4321 2762 4374 sui.
2828 4318 3030 4374 Domus
3055 4328 3230 4374 autem
3253 4359 3268 4385 ,
3298 4321 3505 4391 inquit,
3548 4331 3659 4377 tota
3689 4340 3773 4378 re-

2204 4416 2344 4481 pleta
2386 4419 2465 4466 est
2513 4410 2671 4464 odore
2715 4411 2970 4478 unguenti
2994 4411 3061 4463 ⁸³.
3120 4409 3275 4477 Quod
3320 4412 3506 4481 utique
3547 4413 3769 4482 indicat,

527 4499 796 4558 senatur?
826 4497 939 4553 Pax
967 4497 1040 4552 ibi
1068 4497 1279 4568 primus
1316 4495 1471 4550 cibus
1501 4505 1604 4564 est,
1628 4496 1908 4552 humilitas
1937 4495 2102 4551 simul
2129 4517 2178 4576 ι)
2203 4502 2332 4570 quia
2361 4501 2496 4556 odor
2525 4501 2786 4556 doctrinae
2818 4501 2911 4570 qui
2939 4503 3182 4572 procedit
3216 4501 3283 4558 de
3317 4501 3537 4559 Christo
3568 4513 3621 4558 et
3646 4520 3774 4559 san-

513 4591 814 4661 apponitur
843 4585 1195 4659 ac-patientia
1217 4624 1232 4651 ,
1271 4584 1632 4639 mansuetudo
1673 4599 1892 4656 quoque
1923 4592 1978 4639 et
2011 4584 2096 4639 ile-

515 4683 688 4746 .nitas,
721 4691 776 4736 et
799 4681 943 4751 quod
971 4693 1200 4736 summa:
1227 4677 1276 4733 ei
1306 4675 1594 4732 suavitatis
1613 4685 1716 4744 est,
1742 4677 1953 4746 puritas
1975 4689 2099 4732 cor-

524 4772 631 4828 dis.
691 4771 940 4825 Cbaritas
986 4781 1163 4825 autem
1215 4772 1267 4824 in
1316 4769 1419 4823 hoc
1447 4767 1700 4822 convivio
1736 4767 2094 4839 principalem

599 4976 642 5008 ⁷⁸
676 4975 842 5029 Levit.
873 4975 1129 5040 xxvu,12.
1203 4975 1246 5005 "°
1276 4975 1379 5029 lsa.
1413 4989 1556 5039 LXVI,
1586 4973 1641 5029 2.
1725 4971 1769 5005 ⁰¹
1807 4971 1963 5028 Joan.
2001 4987 2114 5040 xtv,
2147 4970 2238 5026 25.

595 5188 706 5260 (55)
736 5184 876 5266 _Huc
906 5185 1179 5266 _videntt_1r
1224 5186 1504 5266 referenda
1546 5186 1730 5266 Craaca
1780 5201 1902 5266 quae
1946 5187 2088 5266 apud

522 5256 958 5327 Precopiumsic
987 5257 1364 5327 exprimuntur
1397 5272 1410 5308 :
1443 5256 1555 5327 Τῂν
1586 5256 1695 5327 γὰρ
1718 5256 1810 5327 του
1834 5256 2086 5327 νυμφίου,

523 5324 713 5400 φησὶνξ
724 5326 912 5400 ῥςμὴν
945 5327 978 5396 ἡ
1006 5324 1118 5400 ,ἐμὴ
1135 5326 1363 5400 μνάρδφςε
1385 5329 1442 5380 ἐν
1482 5324 1534 5400 ᾖ,
1556 5324 1727 5400 αὐτὸν,
1759 5324 1973 5400 rem;
2005 5325 2090 5378 δέ·

519 5393 677 5450 δῶκε.
722 5393 1416 5517 Τῆγὰοὲαυίεὲςᾯάρδῳ
1460 5393 1585 5457 τοὺς
1631 5393 1797 5456 πόδαξ
1825 5394 2088 5463 ἀλείψασα

520 5465 614 5517 τοῦ
657 5465 830 5517 Ἰησοῦ
865 5467 958 5517 καὶ
984 5467 1102 5517 ταῖς
1172 5464 1310 5517 οιεὶν
1337 5465 1689 5517 ἀπομάξασα.
1727 5479 2088 5517 μεταπεποιω-

520 5465 614 5548 τοῦ
657 5464 830 5548 Ἰηοοῦ
852 5464 1102 5548 reducis
1136 5464 1689 5548 Οριξινὰπομάξασα,
1726 5479 2093 5548 parans-tremi-

519 5536 690 5673 ξένην
720 5532 789 5586 Ex
818 5536 916 5605 τῆς
955 5535 1128 5605 ὀσμῆς
1171 5532 1266 5586 λεοῦ
1298 5532 1530 5605 νυμφίου
1571 5532 1777 5603 ταύτην
1807 5532 2085 5615 ἀνέλαϐεν·

561 5603 988 5674 ς-αἱσθανομένη,
1024 5604 1206 5674 φησιν,
1237 5604 1328 5674 ἐπὶ
1349 5605 1447 5674 τὴν
1481 5603 1719 5674 κεφαλὴν
1749 5601 2025 5674 electione,
2049 5603 2088 5674 ,ἡ

525 5619 588 5673 ης
611 5619 988 5675 αισυανομενη,
1024 5619 1206 5674 φησιν,
1237 5619 1328 5655 επι
1349 5619 1447 5674 την
1481 5619 1719 5674 κεφαΑην
1749 5619 2025 5671 εΑυουσης,
2054 5619 2088 5672 η

525 5671 629 5741 ἐμὴ
660 5671 847 5740 νάρδος
886 5673 1050 5726 ἔδωκέ
1095 5691 1182 5744 μοι
1213 5671 1311 5752 τῂν
1352 5674 1444 5726 τοῦ
1483 5674 1720 5742 νυμφίου
1755 5672 1949 5741 ὀσμήν
1983 5667 2089 5722 διό-

525 5757 628 5790 areo
674 5739 751 5790 ὡς
798 5741 904 5790 ἀπὸ
947 5743 1054 5790 τῶν
1097 5759 1319 5790 νοω-των
1363 5743 1536 5790 Ἰντσοῦ
1589 5743 1688 5790 τὴν
1734 5741 1910 5790 οἰκίαν
1959 5740 2086 5790 ὃλην

523 5757 628 5805 περ
674 5757 751 5801 ως

798 5741 904 5794 ἀπὸ
947 5743 1054 5795 τῶν
1096 5740 1319 5811 χρωτῶν
1363 5740 1688 5810 Ἰησοῦαλὴν
1734 5740 1910 5794 οἰκίαν
1959 5740 2086 5808 ὃλην

2204 4593 2278 4646 cti
2311 4589 2544 4660 Spiritus
2567 4590 2862 4662 fragrantia
2892 4593 3118 4662 replevit
3143 4609 3356 4650 omnem
3393 4597 3578 4652 mundi
3609 4595 3774 4665 hujus

2204 4681 2426 4736 domum
2456 4696 2520 4738 ac
2542 4681 2712 4738 totius
2738 4681 2996 4738 Ecclesiae
3021 4683 3268 4741 domum.
3305 4685 3398 4742 Vel
3427 4697 3574 4744 certe
3599 4688 3772 4757 reple-

2204 4773 2278 4828 vit
2308 4787 2526 4828 omnem
2547 4773 2769 4829 domum
2799 4773 2996 4831 animae
3043 4775 3214 4841 illius,
3247 4795 3370 4849 qua
3395 4781 3581 4837 odoris
3606 4781 3769 4837 Chri-

2313 4972 2357 5002 θ’
2392 4970 2551 5026 Joan.
2591 4987 2692 5038 xu,
2725 4971 2779 5028 5.

2195 5187 2484 5263 ξπλή-ριικπεξἶ
2510 5187 2611 5258 τῆς
2639 5187 2943 5263 μαθητρίας
2965 5189 3026 5243 τὸ
3049 5190 3248 5263 μύρον(
3271 5189 3459 5259 Sponsi
3480 5189 3618 5244 enim
3639 5193 3765 5263 mei,

2194 5257 2382 5329 inquit,
2417 5257 2856 5329 odorem’nardus
2884 5276 3018 5326 mea,
3051 5257 3158 5329 qua
3185 5257 3337 5312 illum
3364 5275 3635 5329 unxerunt,
3668 5257 3764 5316 de;

2185 5325 2434 5400 .d.it.__S_ua
2463 5327 2600 5381 enim
2646 5328 2815 5400 nardo
2855 5325 3144 5400 pertingens
3191 5329 3344 5400 pedes
3392 5327 3556 5395 Jesu,
3608 5325 3764 5400 atque

2194 5396 2401 5468 capillis
2429 5405 2654 5465 tergens,
2686 5396 2940 5450 imbutam
2964 5396 3143 5468 sponsi
3172 5398 3329 5468 odore
3366 5414 3481 5452 eam
3525 5396 3711 5468 recepit
3739 5415 3762 5457 :

2193 5466 2344 5532 cujus
2370 5481 2523 5518 sensu
2557 5475 2757 5534 recepto
2781 5469 2850 5519 ad
2873 5466 3026 5534 caput
3056 5467 3374 5532 exhalantia,
3399 5470 3595 5522 nardus
3623 5466 3763 5532 mea,

2193 5535 2384 5606 inquit,
2415 5535 2593 5603 sponsi
2615 5535 2827 5606 odorem
2860 5536 3043 5590 dedit:
3071 5549 3388 5606 quapropter
3415 5548 3665 5606 tanquam
3695 5553 3762 5594 ex

2192 5603 2319 5656 Jesu
2350 5613 2462 5657 cule
2488 5612 2765 5680 contracta.
2789 5603 3091 5674 fragrantid
3116 5603 3282 5660 totum
3304 5603 3529 5662 domum
3549 5607 3758 5680 replevit

2193 5682 2511 5742 unguentum
2537 5673 2834 5741 discipula’.
