4236 6282
553 350 659 408 ME.

1615 349 1940 406 UlilGENlS
1979 350 2043 405 IN
2078 349 2429 406 CANTICUM
2463 351 2738 408 CANTIC.

3695 358 3798 412 l-il

550 471 674 526 dam
710 472 904 525 animm
949 481 1177 539 corpus,
1223 469 1368 538 quod
1411 467 1818 538 alligamentum
1867 481 2016 540 gutta
2065 471 2120 524 in
2149 474 2197 530 λ
2223 472 2369 539 cypri
2415 471 2688 540 fratrueli:
2737 473 2904 536 mihi;
2952 472 3079 542 quia
3124 482 3179 528 et
3220 488 3323 528 uva
3363 472 3570 530 ﬂorens
3597 487 3804 547 cyprus

551 560 772 615 Christo
798 561 996 615 divinze
1020 558 1236 612 virtutis
1261 573 1324 611 ac
1348 559 1634 614 suavitatis
1664 559 2006 629 astringitur.
2063 557 2122 614 Si

550 664 731 708 autem
779 654 846 706 ad
893 665 1332 719 unamquamque
1382 649 1622 703 animam
1673 666 1796 719 quae
1823 649 1968 705 dicta
1996 660 2126 707 sunt

549 745 893 809 referuntur,
933 742 1218 813 alligatura
1249 751 1413 810 gutta:
1436 741 1749 811 dogmatum
1778 742 2124 798 continentiae

546 835 869 891 constrictio
919 847 986 888 ac
1029 833 1342 887 divinarum
1401 831 1792 888 sententiarum
1842 833 2124 889 nodositas

550 926 892 996 intelligitur.
925 922 1142 978 lnnexae
1169 921 1315 977 enim
1341 920 1446 976 sibi
1477 921 1705 977 invicem
1732 931 1862 978 sunt
1891 923 2015 978 ﬁdei
2040 939 2124 980 ra-

546 1017 722 1071 tiones
759 1023 815 1071 et
843 1013 1079 1069 vinculis
1104 1011 1350 1068 veritatis
1378 1012 1635 1068 astricta).
1684 1012 1929 1084 Denique
1956 1023 2009 1069 et
2037 1015 2123 1070 lex

468 1152 470 1154 ,
544 1105 811 1160 mundum
855 1105 990 1160 dicit
1033 1118 1156 1159 esse
1199 1117 1362 1158 omne
1387 1118 1484 1170 vas
1509 1103 1655 1173 quod
1700 1103 1981 1175 alligatum
2013 1115 2122 1171 est,

546 1194 885 1249 immundum
917 1206 1046 1248 vero
1077 1192 1220 1263 quod
1255 1191 1498 1247 solutum
1528 1191 1712 1260 fuerit,
1757 1205 1812 1249 et
1843 1209 1953 1250 non
1982 1195 2120 1266 liga-

543 1296 662 1341 tum
693 1287 760 1340 ⁸⁸.
819 1283 992 1355 Cujus
1037 1284 1114 1338 rei
1148 1283 1264 1339 haec
1299 1284 1469 1354 ﬁgura
1499 1294 1654 1352 erat,
1688 1286 1835 1356 quod
1867 1286 2124 1343 Christus

542 1377 737 1446 inquo
769 1389 1050 1444 nunquam
1083 1372 1184 1427 fuit
1219 1374 1330 1428 ulla
1358 1373 1702 1430 immunditia
1733 1376 1962 1446 peccati,
1997 1377 2125 1431 alli-

539 1476 856 1537 gamentum
883 1474 1050 1537 guttae
1078 1465 1299 1520 dicitur.
1355 1463 1422 1519 Et
1451 1465 1574 1520 ideo
1606 1467 1791 1522 anima
1827 1482 1933 1523 non
1962 1468 2124 1524 debet

540 1559 864 1629 contingere
894 1557 1100 1626 aliquid
1139 1558 1500 1623 dissolutum,
1534 1567 1590 1613 et
1615 1558 1760 1628 quod
1803 1573 1913 1614 non
1940 1557 2011 1614 sit
2034 1574 2124 1614 ra-

543 1648 692 1702 tione
721 1647 1015 1701 subnixum
1045 1654 1098 1702 et
1121 1647 1439 1716 dogmatum
1479 1647 1708 1702 veritate
1738 1648 2120 1714 constrictum,

547 1753 617 1792 ne
647 1738 928 1792 immunda
957 1737 1069 1792 fiat.
1120 1736 1224 1805 Qui
1253 1738 1398 1792 enim
1440 1738 1784 1794 immundum
1812 1740 2120 1811 contigerit,

541 1829 860 1884 immundus
886 1829 989 1884 erit
1018 1829 1318 1885 secundum
1349 1828 1520 1900 legem
1546 1831 1613 1883 ⁸³.
1655 1828 1945 1902 Continget
1965 1807 2123 1886 vnam-
2149 1807 2194 1864 Β

544 1937 651 1988 que
678 1935 803 1975 eum
840 1937 1036 1977 sensus
1079 1921 1470 1978 irrationabilis
1500 1932 1555 1978 et
1595 1923 1808 1980 alienus
1843 1940 1875 1979 a
1900 1925 2121 1994 sapien-

539 2011 620 2064 tia
648 2010 768 2077 Dei,
800 2020 854 2065 et
896 2010 1058 2067 faciet
1101 2026 1226 2066 eum
1271 2012 1636 2068 immundum.
1683 2011 1818 2069 Vide
1864 2023 2048 2069 autem
2074 2015 2123 2071 si

544 2101 683 2159 forte
712 2102 908 2159 Filium
936 2103 1031 2160 Dei
1060 2104 1117 2159 in
1147 2118 1313 2160 carne
1345 2111 1556 2174 guttam
1585 2103 1814 2170 dictum,
1867 2113 1923 2160 et
1962 2105 2122 2176 quasi

547 2196 709 2250 breve
735 2196 940 2266 aliquid
971 2205 1026 2251 et
1047 2197 1307 2267 exiguum
1329 2196 1672 2251 nominatum
1702 2210 2000 2266 possumus
2028 2211 2126 2254 ac-

544 2289 743 2357 cipere,
794 2287 938 2342 sicut
982 2297 1037 2342 et
1077 2287 1268 2342 Daniel
1309 2288 1376 2343 de
1400 2302 1467 2343 eo
1493 2287 1668 2343 dicit:
1706 2286 1966 2358 Lapidem
1992 2274 2126 2358 par-

542 2395 669 2433 vum
703 2377 772 2433 de
799 2385 989 2434 monte
1029 2378 1275 2434 excisum
1323 2379 1444 2434 sine
1484 2378 1776 2447 manibus,
1821 2389 1876 2437 et
1915 2379 2122 2435 factum

545 2481 670 2542 post
700 2473 814 2527 haec
842 2479 1081 2527 montem
1132 2487 1391 2543 magnum
1425 2472 1493 2528 “.
1551 2471 1649 2528 Vel
1679 2473 1820 2528 sicut
1853 2472 1908 2526 in
1939 2471 2124 2527 libello

540 2564 830 2620 duodecim
875 2564 1264 2635 prophetarum
1315 2564 1678 2620 nihilominus
1712 2571 1862 2633 gutta
1902 2563 2122 2635 quidem

535 2655 725 2712 futura
747 2656 966 2720 dicitur,
1005 2669 1126 2723 quae
1153 2662 1444 2724 congreget
1468 2653 1750 2724 populum.
1784 2651 1880 2710 Est
1899 2669 2029 2724 ergo
2062 2663 2118 2709 et

550 2749 604 2802 in
631 2745 914 2818 prophetis
947 2744 1020 2799 ita
1049 2743 1312 2814 scriptum
1347 2760 1362 2797 :
1398 2741 1467 2796 Et
1491 2743 1593 2798 erit
1615 2783 1632 2810 ,
1676 2759 1742 2798 ea:
1769 2753 1918 2814 gutta
1943 2743 2124 2813 populi

545 2838 704 2906 hujus
726 2846 1070 2906 congregatus
1092 2834 1493 2905 congregabitur
1511 2833 1698 2890 Iacob.
1725 2835 1960 2892 Decebat
1978 2836 2125 2892 enim

535 2943 675 2984 cum
701 2928 793 2999 qui
821 2926 1069 2982 veniebat
1103 2940 1433 2998 congregare
1459 2940 1568 2981 non
1596 2927 1774 2982 solum
1804 2925 1993 2995 Iacob,
2025 2925 2122 2984 sed

527 3027 603 3074 -ct
633 3033 825 3073 omnes
874 3026 1081 3087 gentes,
1117 3032 1257 3086 quae,
1295 3017 1437 3072 sicut
1464 3016 1726 3086 propheta
1757 3017 1908 3084 dicit,
1961 3032 2128 3087 repu-

550 3119 676 3166 tata)
719 3118 846 3166 sunt
879 3118 1137 3178 tanquam
1175 3115 1324 3178 gutta
1377 3121 1445 3162 ex
1491 3107 1660 3164 situla
1685 3110 1752 3172 ⁹¹,
1805 3109 2124 3164 exinanien-
2147 3147 2192 3206 α

539 3212 656 3258 tem
690 3216 748 3256 se
774 3199 1075 3256 divinitatis
1106 3198 1301 3265 forma,
1337 3197 1480 3255 effici
1507 3199 1686 3270 ipsum
1714 3207 1774 3254 ut
1805 3208 2039 3271 guttam,
2067 3213 2124 3256 et

542 3294 630 3350 sic
663 3292 848 3349 venire
883 3291 962 3346 ad
1008 3292 1442 3361 congregandam
1492 3299 1700 3362 guttam
1741 3291 1983 3361 gentium
2009 3331 2024 3357 ,
2071 3301 2128 3347 et

547 3392 756 3455 guttam
792 3381 1153 3436 nihilominus
1180 3380 1539 3450 reliquiarum
1567 3378 1760 3435 Jacob.
1824 3380 1931 3436 Sed
1976 3388 2030 3435 et
2070 3379 2126 3434 in

525 3473 974 3546 quadragesimo
1019 3479 1215 3542 quarto
1254 3471 1466 3542 psalmo
1503 3471 1704 3527 dicitur
1743 3471 1812 3526 ad
1843 3471 2125 3540 dilectum,

523 3565 824 3623 -1:uictiam
857 3563 1242 3635 ipsepsalmus
1271 3562 1568 3618 ascribitur
1602 3562 1876 3633 :‘Myrrlia
1899 3572 1948 3618 et
1974 3570 2128 3633 gutta

547 3663 598 3710 et
633 3655 781 3710 casia
813 3671 846 3709 a
888 3653 1206 3708 vesti-mentis
1243 3653 1348 3708 tuis
1386 3654 1454 3707 θ’.
1521 3652 1564 3707 Α
1611 3654 1952 3710 vestimentis
1993 3667 2126 3723 ergo

551 3747 713 3804 Verbi
748 3747 883 3815 Dei,
933 3753 1186 3818 quaeest
1229 3745 1476 3802 doctrina
1519 3746 1830 3817 sapientia,
1884 3745 2128 3816 procedit

525 3839 810 3912 'myrrha,
863 3838 1058 3894 mortis
1105 3837 1368 3893 indicium
1412 3837 1681 3892 duntaxat
1733 3852 1832 3908 pro
1886 3837 2128 3892 humano

553 3945 753 4001 genere
781 3938 1068 3999 susceptae.
1103 3928 1308 3994 'Gutta,
1340 3935 1400 3983 ut
1427 3942 1593 3998 supra
1619 3927 1880 3993 diximus,
1931 3928 2126 3983 exinao

553 4021 666 4075 nita
701 4018 1002 4075 divinitatis
1048 4015 1225 4072 forma
1250 4058 1265 4084 ,
1298 4019 1514 4074 servilis
1545 4016 1736 4072 formae
1763 4027 2019 4089 suscepta
2041 4018 2126 4074 di-

517 4111 755 4182 ugnatio.
813 4109 982 4166 Casia
1010 4124 1265 4180 quoque,
1315 4110 1578 4180 quoniam
1631 4109 1686 4164 id
1730 4125 1911 4180 genus
1945 4111 2128 4168 herba:

545 4205 712 4275 aquis
762 4203 1197 4259 indesinentibus
1219 4202 1427 4258 nutriri
1461 4203 1665 4258 dicitur
1699 4210 1754 4257 et
1797 4203 2127 4272 coalescere,

554 4295 980 4362 redemptionem
1018 4295 1240 4349 humani
1271 4295 1486 4364 generis
1514 4311 1617 4364 per
1657 4311 1829 4366 aquas
1872 4297 2126 4367 baptismi

554 4384 759 4440 indicat
785 4383 893 4454 67
924 4384 1125 4438 datam.
1144 4383 1256 4439 Sic
1280 4398 1423 4453 ergo
1439 4385 1810 4455 alligaturam‘
1829 4394 1993 4457 guttae
2017 4386 2127 4441 fra-

2224 562 2442 626 dicitur,
2493 561 2673 618 ferens
2712 565 2876 618 etiam
2919 565 3036 634 ipsa
3069 564 3320 620 floridum
3354 564 3648 634 quemdam
3687 563 3798 617 fru-

2224 658 2370 704 ctum
2399 651 2453 704 in
2479 653 2699 707 modum
2721 651 2964 709 florentis
2991 669 3108 708 uvae
3131 653 3423 724 prolatum.
3454 653 3562 708 Sed
3587 653 3806 708 videtur

2221 740 2398 810 magis
2420 740 2488 795 ad
2514 739 2752 798 fructum
2781 743 2908 798 vitis
2933 744 3203 813 respicere
3225 757 3425 809 sermo,
3453 742 3805 812 quandoqui-

2223 831 2345 886 dem
2377 832 2662 887 vinearum
2697 832 2940 904 Engaddi
2966 833 3109 890 facta
3142 843 3227 889 est
3259 834 3548 889 memoria.
3584 832 3802 904 Engad-

2221 921 2276 977 di
2325 930 2504 978 autem
2553 937 2684 994 ager
2730 931 2891 980 terrae
2947 923 3144 982 Iudaea:
3173 939 3275 995 est,
3312 943 3424 982 non
3468 936 3680 983 tantum
3721 928 3805 980 vi-

2225 1012 2342 1068 neis
2361 1022 2626 1082 quantum
2661 1014 2923 1072 balsamis
2947 1014 3169 1074 ﬂorens.
3198 1017 3298 1074 Hic
3333 1035 3463 1091 ergo
3493 1020 3599 1075 erit
3628 1021 3806 1074 histo-

2222 1101 2372 1158 ricus
2401 1117 2594 1159 sensus
2614 1119 2832 1174 sponsae
2859 1106 3133 1177 loquentis
3153 1109 3220 1164 ad
3250 1108 3711 1174 adolescentulas,
3743 1117 3804 1163 ut

2223 1191 2558 1262 intelligatur
2598 1193 2808 1261 dicens,
2862 1198 3041 1267 primo
3091 1199 3314 1269 quidem
3351 1219 3366 1254 :
3407 1199 3627 1257 Nardus
3681 1213 3803 1253 mea

2223 1283 2445 1340 odorem
2479 1284 2614 1340 mihi
2649 1287 2834 1356 sponsi
2867 1290 2973 1344 mei
3003 1291 3197 1346 reddit.
3233 1290 3485 1348 Secundo
3517 1308 3651 1349 vero
3683 1291 3807 1345 alli-

2224 1383 2538 1446 gamentum
2571 1383 2735 1446 guttae
2781 1375 3005 1437 effectus
3045 1389 3128 1435 est
3166 1379 3440 1437 fraternus
3481 1398 3638 1438 meus
3667 1381 3808 1438 mihi

2223 1467 2515 1523 demorans
2560 1467 2700 1524 inter
2749 1469 2927 1525 media
2975 1471 3142 1526 ubera
3188 1488 3328 1527 mea.
3374 1473 3559 1528 Tertio
3608 1474 3807 1527 botrus

2222 1557 2372 1628 cypri
2399 1572 2469 1611 ex
2494 1557 2667 1613 vineis
2693 1556 2934 1628 Engaddi
2960 1575 3224 1630 superans
3249 1577 3410 1618 omne
3430 1563 3697 1633 quidquid
3720 1570 3806 1616 est

2225 1647 2280 1702 in
2311 1648 2575 1704 odoribus
2603 1657 2658 1703 et
2690 1648 2918 1704 floribus
2961 1652 3287 1708 suavitatis:
3312 1669 3422 1724 quo
3453 1655 3666 1710 scilicet
3703 1668 3809 1706 au-

2224 1737 2432 1794 dientes
2471 1739 2587 1794 haec
2623 1739 3040 1797 adolescentulae
3073 1744 3247 1814 magis
3277 1759 3342 1800 ac
3366 1745 3541 1815 magis
3569 1745 3638 1799 ad
3671 1744 3809 1798 cha-

2225 1827 2440 1881 ritatem
2476 1828 2663 1897 sponsi
2702 1830 3044 1886 concitentur
3073 1841 3127 1886 et
3159 1848 3421 1889 amorem.
3458 1835 3670 1889 Idcirco
3703 1849 3809 1887 au-

2226 1923 2333 1972 te‘m
2378 1917 2718 1988 singulatim,
2768 1929 2822 1975 et
2872 1936 2969 1991 per
3017 1921 3287 1991 ordinem,
3335 1925 3513 1994 primo
3559 1926 3800 1979 nardum

2226 2024 2406 2075 suam,
2441 2009 2636 2065 deinde
2667 2020 2895 2082 guttam,
2929 2017 3191 2095 posthaec
3215 2015 3376 2070 etiam
3400 2016 3616 2071 botrum
3647 2017 3802 2087 cypri

2227 2099 2497 2166 nominat,
2525 2109 2584 2154 ut
2611 2115 2707 2170 per
2735 2116 2832 2157 cos
2872 2104 3073 2172 gradus
3103 2105 3367 2172 quosdam
3401 2107 3680 2176 profectus
3701 2106 3805 2160 do-

2224 2197 2348 2243 ceat
2385 2189 2688 2246 charitatis.
2737 2191 2844 2246 Sed
2881 2192 3164 2248 videamus
3200 2194 3313 2264 jam
3361 2196 3490 2264 quid
3538 2195 3804 2266 Spiritalis

2226 2279 2420 2335 habeat
2455 2280 2784 2338 intellectus.
2822 2283 3102 2353 Siquidem
3135 2285 3224 2340 hic
3249 2287 3341 2356 qui
3367 2288 3670 2356 appellatur
3699 2289 3804 2341 bo-

2227 2379 2344 2426 trus
2373 2372 2440 2427 ad
2473 2371 2709 2429 fructum
2758 2374 2886 2431 vitis
2927 2375 3243 2433 referendus
3275 2385 3358 2433 est
3395 2378 3669 2434 :Verhum
3708 2377 3802 2431 Dei

2224 2462 2524 2532 accipimus
2546 2463 2688 2518 sicut
2708 2465 3028 2533 sapientiam
3053 2475 3107 2520 et
3129 2466 3381 2521 virtutem
3401 2477 3454 2521 et
3477 2469 3801 2523 thesaurum

2225 2553 2487 2619 scientiae,
2535 2554 2749 2623 aliaque
2780 2555 2972 2622 multa,
3025 2557 3098 2611 ita
3145 2566 3201 2613 et
3231 2558 3395 2612 vitem
3438 2575 3626 2615 veram
3667 2560 3800 2615 dici.

2227 2644 2380 2702 Sicut
2406 2659 2536 2715 ergo
2573 2644 2660 2699 bis
2687 2646 2886 2715 quibus
2911 2646 3139 2702 efﬁcitur
3168 2649 3438 2719 sapientia
3467 2660 3518 2706 et
3546 2653 3802 2714 scientia,

2225 2749 2335 2789 non
2365 2735 2432 2790 ad
2461 2735 2722 2802 subitum,
2747 2737 2838 2791 sed
2862 2752 2958 2806 per
2985 2739 3259 2808 profectus
3283 2743 3550 2812 quosdam
3584 2754 3641 2798 et
3673 2759 3803 2814 gra-

2225 2824 2350 2890 dus,
2389 2841 2487 2896 pro
2510 2826 2714 2898 {studiis
2739 2835 2794 2882 et
2821 2827 3121 2885 intentione
3157 2846 3219 2886 ac
3257 2832 3362 2887 fide
3397 2849 3588 2889 eorum
3624 2835 3718 2907 qui
3751 2835 3802 2887 ci

2225 2919 2312 2974 vel
2341 2919 2399 2974 in
2427 2919 2718 2989 sapientia,
2743 2920 2827 2974 vel
2849 2920 2903 2974 in
2931 2921 3177 2988 scientia,
3205 2925 3289 2978 vel
3313 2925 3366 2978 in
3398 2925 3596 2980 virtute
3628 2927 3803 2998 parti-

2227 3011 2499 3080 cipantur,
2529 3012 2804 3079 sapientes
2842 3026 2938 3066 eos
2967 3021 3019 3068 et
3052 3015 3286 3072 scientes
3325 3018 3499 3072 reddit
3527 3018 3807 3089 vigentes-

2226 3118 2333 3174 que
2363 3103 2689 3170 virtutibus;
2726 3104 2798 3158 ita
2827 3113 2880 3159 et
2905 3105 2958 3158 in
2988 3105 3186 3175 quibus
3228 3107 3351 3162 vitis
3389 3124 3517 3164 vera
3547 3110 3802 3173 efﬁcitur,

2227 3211 2334 3251 non
2367 3195 2448 3250 eis
2473 3195 2537 3250 ad
2562 3195 2800 3250 subitum
2827 3195 2937 3266 (59)
2968 3205 3212 3254 maturos
3243 3199 3431 3256 botros
3463 3203 3719 3270 producit
3752 3207 3806 3252 rt

2225 3287 2432 3353 dulces,
2466 3300 2566 3341 nec
2588 3295 2808 3356 repente
2843 3287 2924 3342 eis
2959 3287 3190 3344 edicitur
3221 3289 3408 3344 vinum
3435 3305 3605 3346 suave
3632 3302 3688 3347 et
3709 3292 3804 3345 la:-

2225 3379 2439 3434 titicans
2470 3391 2565 3432 cor
2599 3377 2856 3444 hominis,
2892 3379 2984 3434 sed
3017 3379 3196 3450 primo
3224 3381 3475 3451 producit
3503 3382 3584 3438 eis
3619 3383 3808 3438 suavi—

2227 3477 2390 3524 tatem
2424 3470 2807 3525 tantummodo
2835 3470 3019 3525 odoris
3054 3470 3108 3524 in
3133 3470 3342 3526 ﬂorem.
3371 3471 3566 3527 Botrus
3593 3473 3687 3529 hic
3709 3472 3808 3526 flo-

2204 3547 2354 3615 rens
2390 3573 2513 3614 esse
2545 3569 2878 3614 memoratur
2919 3559 2973 3613 in
3018 3560 3192 3615 vineis
3227 3560 3493 3632 Engaddi,
3537 3570 3597 3616 ut
3633 3563 3805 3634 gratia

2225 3647 2540 3720 fragrantia:
2582 3649 2754 3720 ipsius
2789 3649 3117 3705 immittatur
3165 3652 3222 3705 in
3269 3651 3440 3707 initiis
3483 3653 3704 3720 animae,
3748 3660 3810 3705 ut

2226 3748 2350 3811 post
2393 3739 2509 3796 haec
2545 3741 2660 3811 pati
2702 3741 2876 3812 possit
2910 3741 3260 3797 acerbitatem
3300 3743 3715 3800 tribulationum
3753 3751 3806 3796 ct

2228 3835 2608 3902 tentationnm,
2639 3849 2762 3905 qua:
2799 3842 3020 3903 propter
3045 3833 3284 3890 Verbum
3323 3834 3418 3891 Dei
3458 3837 3809 3892 credentibus

2224 3926 2566 3992 excitantur;
2605 3933 2660 3980 et
2687 3925 2760 3980 ita
2792 3924 3012 3980 demum
3046 3927 3374 3983 maturitatis
3409 3928 3528 3998 ejus
3562 3928 3812 3984 dulcedi-

2227 4033 2353 4072 nem
2387 4017 2612 4088 praabet,
2644 4031 2818 4087 usque
2851 4015 2979 4070 dum
3007 4017 3268 4087 perducat
3289 4033 3385 4074 eos
3415 4019 3482 4074 ad
3508 4019 3805 4074 toreularia

2226 4109 2320 4166 ubi
2350 4109 2647 4164 effunditur
2675 4109 2900 4180 sanguis
2923 4124 3062 4175 uvae,
3088 4110 3313 4182 sanguis
3338 4111 3462 4166 novi
3493 4107 3807 4166 testamenti

2225 4203 2322 4274 qui
2363 4202 2581 4258 bibatur
2607 4203 2662 4258 in
2696 4201 2785 4257 die
2825 4201 2968 4258 festo
3006 4203 3061 4258 in
3099 4203 3495 4271 superioribus,
3535 4204 3626 4257 ubi
3661 4215 3806 4260 stra-

2228 4303 2343 4349 tum
2387 4310 2643 4364 magnum
2675 4302 2926 4364 paratum
2966 4307 3069 4348 est.
3119 4293 3210 4345 Sic
3251 4307 3380 4361 ergo
3423 4308 3517 4360 per
3555 4294 3800 4363 singulos

2228 4386 2328 4440 hos
2357 4386 2635 4454 profectus
2681 4385 2946 4453 graduum
2995 4381 3244 4436 incedere
3286 4391 3500 4451 oportet
3543 4398 3658 4450 eos,
3706 4384 3802 4454 qu'.

525 4503 531 4508 -
557 4484 772 4531 ternum
802 4491 964 4531 suum
993 4490 1195 4545 sponsa
1224 4482 1481 4544 tanquam
1516 4476 1742 4546 nuptiali
1773 4477 2018 4531 dramate
2042 4476 2126 4530 ιο-
2157 4488 2203 4543 ι)
2231 4491 2326 4546 per
2355 4482 2757 4550 sacramentum
2791 4474 2935 4539 vitis,
2965 4483 3018 4529 et
3045 4473 3261 4527 botrum
3297 4474 3446 4545 cypri
3479 4474 3696 4539 initiati,
3731 4475 3798 4528 ad

553 4581 727 4636 quens
759 4569 898 4622 inter
926 4567 1164 4623 medium
1195 4567 1424 4622 uberum
1450 4583 1673 4623 suorum
1697 4578 2124 4624 commorantem

529 4656 726 4712 dicit:
758 4660 955 4724 ubera,
992 4668 1052 4715 ut
1083 4660 1337 4731 superius
1373 4659 1486 4730 jam
1519 4659 1790 4725 diximus,
1825 4659 2127 4731 principale

540 4745 738 4802 cordis
769 4747 1006 4813 adverte,
1036 4750 1088 4802 in
1115 4767 1227 4820 quo
1277 4749 1515 4806 Ecclesia
1546 4750 1850 4818 Christum,
1885 4752 1971 4808 vel
2000 4751 2125 4807 ani-

549 4853 647 4893 ma
679 4834 918 4890 Verbum
948 4835 1041 4891 Dei
1067 4837 1319 4893 desiderii
1343 4839 1432 4895 sui
1459 4839 1694 4895 vinculis
1723 4839 2014 4911 alligatum
2045 4852 2124 4897 te-

553 4938 648 4985 net
668 4939 721 4984 et
745 4926 1049 4982 astrictum.
1091 4925 1148 4983 Si
1185 4928 1308 5000 quis
1329 4929 1475 4985 enim
1509 4928 1745 4986 Verbum
1776 4929 1870 4985 Dei
1900 4938 2015 4986 toto
2040 4930 2124 4986 af-

550 5021 699 5078 fectu
735 5019 789 5074 in
820 5018 983 5074 corde
1008 5034 1110 5074 suo
1135 5032 1190 5077 et
1224 5029 1339 5077 toto
1369 5035 1560 5079 amore
1593 5022 1954 5094 constringit,
2007 5024 2124 5093 ipse

549 5115 703 5171 solus
733 5112 936 5183 poterit
962 5110 1184 5166 ederem
1228 5111 1539 5186 fragrantia:
1584 5114 1705 5186 ejus
1747 5122 1803 5171 et
1832 5115 2120 5173 suavitatis

547 5206 823 5276 accipere.

624 5295 781 5352 Vcrs.
823 5294 910 5350 Μ.
967 5293 1155 5348 Botrus
1203 5296 1350 5364 cypri
1387 5295 1655 5364 fraternus
1691 5313 1842 5352 naeus
1891 5297 2023 5351 mihi
2062 5298 2120 5352 in

547 5387 718 5442 uineis
753 5385 1019 5458 Engaddi.
1043 5382 1316 5451 Quantum
1343 5387 1410 5440 ad
1445 5387 1637 5442 litterae
1657 5387 1838 5458 ipsius
1866 5389 2128 5458 explana-

551 5477 784 5543 tionem,
818 5475 979 5531 habet
1017 5473 1221 5544 aliquid
1255 5475 1571 5545 ambiguum
1603 5477 1749 5544 quod
1781 5476 1895 5531 ait:
1923 5476 2120 5531 Βοὴ-ιω

629 5609 674 5642 ⁸⁸
713 5609 880 5662 Levit.
911 5625 1004 5663 vn.
1079 5611 1123 5641 ⁸³
1159 5607 1331 5663 Levit.
1362 5623 1452 5674 XI,
1485 5609 1539 5662 8.
1613 5609 1662 5644 ⁹⁰
1698 5610 1830 5666 Dan.
1859 5630 1926 5677 ιι,
1969 5613 2056 5668 '55.

626 5748 746 5824 (59)
785 5747 940 5813 Mss,
961 5749 1210 5801 subitum.
1241 5745 1408 5809 Edit.,
1437 5761 1720 5802 summum.

2143 5614 2185 5647 ⁰¹
2223 5611 2329 5668 lsa.
2361 5626 2449 5679 ιι,
2486 5612 2571 5666 15.

2230 4564 2623 4636 perfectionem
2653 4563 2926 4632 feruntur,
2971 4571 3026 4619 et
3056 4562 3281 4619 calicem
3326 4565 3448 4619 novi
3490 4565 3797 4621 testamenti

2231 4657 2300 4712 ab
2327 4653 2456 4712 Jesu
2484 4661 2796 4725 susceptum
2835 4653 3020 4709 bibere
3052 4654 3405 4709 contendunt.
3442 4653 3594 4720 Quod
3627 4655 3671 4709 si
3708 4670 3800 4725 ry-

2227 4764 2364 4821 prus
2407 4747 2494 4802 sui
2529 4745 2742 4818 generis
2778 4746 2944 4802 arbor
2973 4746 3322 4816 accipiendus
3353 4756 3455 4812 est,
3489 4747 3646 4817 cujus
3679 4748 3798 4802 fru-

2229 4850 2351 4897 ctus
2377 4840 2538 4895 etiam
2561 4837 2660 4894 flos
2681 4852 2790 4894 non
2812 4845 3024 4893 tantum
3057 4835 3244 4892 odoris
3267 4839 3610 4904 suavitatem,
3633 4853 3804 4908 quan-

2229 4941 2346 4989 tum
2372 4938 2427 4986 et
2446 4930 2554 4984 vim
2578 4927 2927 4985 calefaciendi
2950 4943 3014 4984 ac
3035 4927 3252 4983 fovendi
3274 4930 3472 4985 dicitur
3489 4931 3794 4999 possidere:

2231 5025 2322 5080 illa
2353 5023 2471 5078 sine
2495 5021 2661 5078 dubio
2689 5020 2955 5090 accipitur
2993 5020 3178 5090 sponsi
3205 5019 3400 5086 virtus,
3425 5034 3556 5090 .qua
3594 5019 3798 5074 incale-

2224 5124 2392 5173 scunt
2424 5115 2622 5170 animae
2651 5129 2779 5186 erga
2811 5114 2972 5171 fidem
3015 5115 3137 5185 ejus
3175 5121 3230 5168 et
3280 5113 3625 5178 charitatem,
3677 5123 3798 5180 quae

2223 5208 2576 5279 contingebat
2615 5222 2712 5264 eos
2753 5209 2844 5278 qui
2881 5208 3134 5265 dicebant
3162 5224 3178 5261 :
3213 5204 3400 5259 Nonne
3431 5221 3523 5258 cor
3557 5215 3796 5258 nostrqu

2229 5312 2343 5357 erat
2377 5301 2565 5355 ardens
2596 5301 2738 5354 intra
2767 5317 2881 5367 nos,
2907 5299 3024 5355 cum
3051 5299 3345 5368 adaperiret
3379 5295 3524 5350 nobis
3555 5294 3799 5364 Scriptu-

2229 5408 2322 5447 νας
2343 5391 2426 5446 ³³2
2455 5389 2552 5447 Vel
2570 5401 2716 5447 certe
2747 5392 3005 5462 quoniam
3039 5389 3106 5445 de
3134 5389 3306 5442 vineis
3340 5387 3579 5458 Engaddi
3612 5387 3798 5441 botrus

2235 5485 2325 5540 hic
2356 5483 2557 5539 ﬂorens
2595 5484 2908 5539 nominatur
2947 5497 3068 5539 esse
3094 5498 3110 5538 :
3134 5480 3376 5550 Engaddi
3415 5488 3596 5535 autem
3628 5478 3799 5532 inter-

2648 5614 2692 5645 "
2722 5609 2973 5676 Ps.xuv,
2991 5609 3047 5666 8.
3122 5609 3168 5644 ’³
3205 5608 3338 5667 Luc.
3375 5628 3522 5679 ntv,
3563 5612 3652 5668 3|.
