4236 6282
425 367 524 424 M5

1765 371 1966 428 LIBER
2005 373 2253 430 TERTIU
2264 374 2323 429 S.

3553 373 3657 432 Mli

417 495 663 557 pretatur
683 487 865 542 oculus
900 490 1208 544 tentationis
1245 505 1408 552 mere;
1443 490 1487 545 si
1514 491 1639 561 quis
1668 502 1753 548 est
1780 496 1872 565 qui
1905 496 1990 548 in-
2023 501 2069 556 Α
2096 494 2427 558 referuntur,
2464 501 2523 548 ut
2559 502 2612 548 et
2653 491 2855 547 nardus
2897 501 2952 547 et
2992 491 3394 561 alligamentum
3420 499 3581 562 guttae
3601 502 3657 548 et

419 579 690 633 tellectum
733 580 937 661 habere
975 589 1152 650 potest
1184 582 1460 651 quomodo
1499 584 1722 638 tentatio
1757 593 1843 639 est
1877 585 1990 639 vita

418 669 658 724 hominis
680 685 846 740 super
873 679 1094 731 terram,
1126 681 1179 725 et
1203 671 1453 743 intelligit
1480 675 1756 743 quomodo
1787 675 1911 745 quis
1937 675 1990 729 in

415 760 528 816 Deo
552 762 783 832 eripitur
803 779 834 817 a
856 763 1178 830 tentatione,
1203 772 1258 818 et
1285 765 1378 833 qui
1400 765 1647 834 agnoscit
1676 767 1991 836 qualitatem

412 853 735 909 tentationis
783 870 917 919 suar,
969 854 1041 909 ita
1072 864 1132 910 ut
1163 855 1336 924 possit
1364 854 1432 909 de
1471 856 1588 926 ipso
1617 856 1749 924 dici,
1781 857 1909 927 quia
1936 857 1989 911 in

409 944 500 998 his
535 945 793 1000 omnibus
831 961 939 1000 non
967 946 1269 1016 peccaverit
1303 944 1460 1001 labiis
1486 947 1600 1002 suis
1630 961 1814 1001 coram
1849 946 1980 1015 Deo,

393 1034 541 1090 huic
564 1036 757 1092 botrus
781 1037 929 1107 cypri
950 1037 1018 1092 de
1046 1036 1220 1092 vineis
1246 1037 1490 1108 Engaddi
1515 1037 1742 1093 edicitur
1759 1038 1984 1093 verbum

405 1119 527 1176 Dei.
549 1120 962 1178 Observandum
987 1134 1170 1180 tamen
1195 1133 1281 1180 est
1309 1125 1455 1195 quod
1484 1125 1649 1182 verba
1680 1139 1891 1196 sponsae
1913 1126 1988 1180 ita

2097 585 2285 639 botrus
2319 583 2468 654 cypri
2514 583 2615 652 ipsi
2661 583 2763 637 soli
2798 581 2928 648 sint,
2969 589 3152 651 utpote
3181 597 3300 650 quae
3329 581 3383 634 in
3415 581 3516 634 hos
3537 581 3653 650 jam

2090 674 2367 744 profectus
2397 672 2718 728 ascenderit.
2763 670 2896 726 Sola
2925 671 3069 725 enim
3108 669 3338 739 perfecta
3363 670 3542 724 anima
3569 681 3654 726 est

2089 781 2214 835 qua:
2237 766 2311 819 ita
2332 764 2494 819 habet
2516 779 2715 833 purum
2743 772 2796 818 et
2815 771 3105 833 purgatum
3129 762 3537 816 odoramentum
3566 763 3650 816 sui

2092 871 2308 918 sensus,
2337 863 2399 909 ut
2424 853 2596 925 possit
2624 852 2798 918 nardi,
2837 861 2893 906 et
2921 861 3105 922 guttae,
3133 858 3187 905 et
3215 850 3362 921 cypri
3382 866 3447 905 ex
3476 848 3651 904 Verbo

2094 946 2188 1001 Dei
2219 945 2562 1015 procedentis
2594 943 2944 1015 fragrantiam
2978 955 3190 1012 capere,
3228 949 3283 996 et
3314 941 3536 1012 gratiam
3567 941 3647 995 di-

2094 1035 2208 1089 vini
2237 1033 2422 1090 odoris
2452 1033 2689 1090 haurire.

423 1309 3632 1336 ΗΜ

1529 1480 1891 1569 LIBER
1961 1477 2519 1604 TERTIUS.

409 1860 412 1864 .
474 1813 630 1872 Vers.
665 1816 755 1873 l5.
791 1816 906 1888 68
944 1814 1080 1872 Ecce
1116 1833 1170 1871 es
1216 1820 1469 1886 speciosa,
1525 1820 1770 1890 proxima
1823 1833 1975 1884 mea;
2011 1837 2055 1893 Β
2079 1825 2134 1874 et
2174 1816 2520 1888 requiescere
2559 1817 2616 1871 in
2646 1814 2823 1871 medio
2854 1815 3106 1880 sortium,
3147 1824 3314 1885 atque
3350 1815 3654 1886 intelligere

398 1924 516 1962 ecce
551 1925 607 1963 es
654 1909 928 1976 speciosa;
963 1907 1103 1962 oculi
1136 1909 1215 1962 tui
1247 1908 1500 1965 columba
1535 1910 1670 1982 (60).
1725 1908 1975 1964 Secundo

396 1999 511 2066 jam
541 2014 779 2068 sponsus
811 2013 936 2053 cum
965 2013 1167 2067 sponsa
1189 1998 1242 2052 in
1268 2001 1431 2055 verbo
1459 2001 1842 2071 colloquioque
1872 1999 1976 2053 mi-

399 2102 606 2145 seetur.
639 2088 707 2142 Et
742 2091 919 2158 primo
934 2090 1156 2159 quidem
1184 2106 1435 2146 sermone
1469 2093 1718 2146 invitavit
1759 2106 1878 2145 eam
1908 2091 1981 2145 ad

405 2178 516 2230 hoc
540 2185 598 2228 ut
619 2186 968 2245 cognosceret
987 2177 1357 2245 semetipsam,
1379 2179 1565 2233 dicens
1587 2179 1636 2232 ei
1663 2180 1810 2247 quod
1837 2178 1978 2233 bona

405 2265 625 2332 quidem
660 2273 802 2320 esset
843 2266 982 2320 inter
1023 2265 1302 2330 mulieres,
1350 2267 1444 2321 sed
1491 2268 1592 2323 nisi
1624 2276 1980 2338 cegnosceret

403 2357 780 2425 scmetipsam.
813 2365 959 2411 certa
994 2372 1222 2426 quaeque
1249 2365 1544 2426 pateretur.
1581 2357 1648 2413 Et
1675 2359 1830 2428 quasi
1858 2373 1978 2429 quae

400 2445 661 2500 velociter
691 2446 757 2500 ad
784 2446 1116 2515 agnitionem
1151 2448 1235 2501 sui
1273 2463 1436 2502 sensu
1469 2449 1851 2519 intellectuque
1876 2465 1973 2504 cu-

392 2537 651 2603 currerit,
702 2544 981 2606 comparat
1032 2551 1152 2590 cam
1207 2537 1365 2606 equis
1413 2539 1530 2594 suis
1565 2539 1646 2594 vel
1683 2540 1971 2608 equitatui,

395 2626 596 2694 quibus
641 2626 935 2682 obtinuerit
977 2642 1174 2682 currus
1216 2625 1538 2684 Pharaonis.
1589 2630 1765 2685 Simul
1797 2637 1851 2684 et
1881 2646 1970 2700 ge—

396 2733 496 2773 nas
528 2716 648 2787 ejus
681 2733 780 2787 pro
819 2717 1020 2789 insigni
1070 2718 1395 2774 verecundia
1435 2728 1488 2774 et
1541 2720 1969 2776 conversationis

393 2810 718 2878 pernicitate
744 2810 1050 2865 turturibus
1080 2819 1382 2880 comparat,
1435 2811 1813 2881 cervicemque
1849 2811 1968 2881 ejus

391 2909 844 2956 ornamentorum
891 2902 1246 2957 redimiculis.
1298 2900 1453 2958 Nunc
1483 2911 1663 2958 autem
1699 2903 1814 2973 jam
1846 2918 1967 2973 spe—

393 2994 601 3048 ciosam
627 2995 914 3064 profitetur
935 3009 1079 3059 eam,
1110 3003 1165 3050 et
1194 2997 1496 3064 speciosam
1519 3010 1628 3050 non
1653 2995 1794 3052 sicut
1815 2996 1968 3065 prius

393 3086 450 3138 in
479 3085 800 3140 mulieribus
835 3093 1069 3152 tantum,
1116 3085 1209 3140 sed
1236 3086 1394 3156 quasi
1427 3087 1732 3157 proximam
1765 3088 1888 3154 sibi,
1914 3097 1971 3144 et

2078 1910 2312 1967 sortium
2344 1908 2634 1972 rationem,
2662 1916 2716 1963 et
2745 1922 3074 1978 cognoscere
3106 1905 3274 1960 divini
3300 1906 3489 1975 judicii
3519 1921 3650 1962 can-

2077 2014 2189 2061 sas,
2223 2013 2332 2052 non
2358 1997 2532 2052 solum
2560 2011 2751 2066 pennae
2777 1997 3045 2050 columbae
3080 1996 3356 2064 quibusin
3389 1996 3648 2064 spiritali-

2077 2087 2182 2141 bus
2233 2086 2597 2140 intellectibus
2638 2088 2805 2150 volet,
2839 2085 3226 2154 promittuntur
3253 2083 3323 2146 ei,
3366 2085 3460 2137 sed
3494 2085 3652 2138 dear-

2080 2181 2313 2244 gentatae
2345 2189 2535 2242 penna:
2559 2175 2628 2239 “,
2659 2174 2711 2228 id
2736 2181 2822 2229 est
2843 2172 2993 2226 verbi
3018 2180 3072 2226 et
3102 2172 3328 2226 rationis
3360 2186 3656 2228 ornamen-

2080 2275 2136 2322 to
2164 2267 2456 2322 decoratas.
2492 2264 2740 2336 Scapulae
2785 2279 3004 2334 quoque
3053 2262 3173 2333 ejus
3217 2262 3270 2316 in
3316 2263 3496 2332 specie
3527 2264 3648 2319 auri

2079 2358 2197 2412 fieri
2221 2358 2497 2426 dicuntur,
2527 2357 2618 2413 ubi
2643 2355 2952 2414 constantia
2977 2354 3098 2409 fidei
3124 2362 3178 2408 et
3203 2355 3514 2424 dogmatum
3537 2363 3652 2410 sta-

2077 2450 2262 2505 bilitas
2312 2450 2585 2506 indicatur
2628 2448 3015 2520 perfectorum.
3067 2445 3210 2516 Ergo
3239 2447 3284 2501 si
3325 2454 3489 2516 caput
3528 2462 3649 2502 esse

2072 2539 2326 2596 Christus
2373 2541 2592 2608 dicitur,
2642 2539 2778 2594 nihil
2821 2548 2953 2608 puto
3001 2537 3300 2592 absurdum
3358 2537 3554 2602 videri,
3600 2541 3646 2593 si

2071 2631 2215 2688 oculi
2262 2611 2454 2686 eor‘um
2507 2631 2602 2700 qui
2657 2629 2957 2685 secundum
3007 2628 3322 2682 interiorem
3373 2629 3648 2685 hominem

2071 2722 2390 2793 spiritaliter
2447 2721 2792 2789 intelligunt,
2843 2729 2900 2775 et
2946 2719 3268 2789 spiritaliter
3309 2719 3646 2789 dijudicant,

2072 2813 2310 2882 Spiritus
2344 2821 2568 2868 sanctus
2595 2828 2719 2868 esse
2759 2812 3033 2868 dicantur.
3073 2809 3139 2866 Et
3167 2811 3237 2865 ob
3261 2810 3366 2866 hoc
3397 2811 3646 2867 fortassis

2071 2901 2127 2957 in
2170 2903 2288 2973 lege
2329 2902 2469 2958 sicut
2516 2917 2690 2973 agnus
2725 2903 2934 2972 positus
2959 2909 3063 2966 est,
3092 2915 3188 2970 per
3214 2901 3371 2971 cujus
3408 2901 3645 2957 hostiam

2070 2994 2305 3066 populus
2332 2994 2711 3064 puriﬁcaretur
2741 2994 2794 3048 in
2821 2992 3130 3060 Pascha";
3174 2993 3246 3047 ita
3285 3002 3341 3048 et
3377 2993 3644 3049 columbae

2069 3083 2264 3153 positae
2313 3091 2461 3149 sunt,
2519 3083 2719 3153 quibus
2773 3082 3095 3153 purificatur
3145 3079 3310 3137 homo
3361 3082 3642 3152 ingressus

397 3174 579 3229 adhuc
624 3173 678 3228 in
713 3174 891 3244 majus
931 3175 1149 3229 titulum
1180 3174 1356 3230 laudis
1389 3177 1618 3240 extollit,
1660 3185 1713 3232 et
1736 3177 1968 3233 allii-mat
1993 3175 2035 3232 C
2069 3175 2216 3230 hunc
2239 3175 2522 3230 mundum.
2558 3173 2664 3230 Sed
2690 3182 2745 3230 et
2765 3176 2833 3232 de
2855 3189 2922 3230 eo
2950 3189 3096 3229 nunc
3119 3174 3319 3238 dicere,
3363 3183 3417 3228 et
3438 3174 3648 3230 hostia-

391 3263 542 3335 quod
567 3279 677 3319 non
705 3273 914 3319 tantum
944 3281 1063 3320 cum
1093 3266 1341 3334 proxima
1369 3273 1452 3322 est
1476 3268 1548 3335 ei,
1587 3267 1834 3337 speciosa
1873 3268 1964 3334 sit,

391 3355 489 3410 sed
513 3355 632 3411 etsi
657 3356 942 3426 contingat
969 3355 1018 3410 ei
1057 3357 1335 3412 absentem
1365 3373 1508 3423 esse,
1539 3359 1702 3413 etiam
1731 3359 1812 3414 sic
1841 3376 1965 3430 spe-

390 3447 541 3502 ciosa
576 3447 666 3502 sit.
699 3445 814 3500 Hoc
851 3447 995 3500 enim
1043 3445 1316 3502 indicatur
1361 3447 1414 3501 in
1449 3462 1516 3502 eo
1550 3448 1693 3517 quod
1726 3465 1850 3504 cum
1879 3449 1965 3504 di-

391 3535 559 3590 xisset
593 3553 607 3589 :
642 3535 773 3589 Ecce
810 3551 863 3589 es
898 3535 1153 3604 specioxa,
1194 3536 1439 3604 proxima
1479 3553 1615 3602 mea,
1659 3535 1808 3591 addit
1845 3545 1967 3606 post

396 3625 513 3680 haec
537 3625 810 3691 absolute,
837 3635 891 3681 et
917 3626 1034 3680 sine
1060 3626 1167 3679 ulla
1191 3625 1541 3694 adiunctione
1573 3646 1586 3680 :
1611 3625 1746 3680 Ecce
1773 3644 1825 3681 es
1851 3643 1968 3696 spe-

395 3719 560 3771 ciosa.
604 3715 709 3771 Sed
755 3717 808 3770 in
854 3717 1226 3786 superioribus
1271 3732 1380 3771 non
1427 3717 1740 3774 laudaverat
1783 3719 1962 3773 visum

393 3808 535 3879 ejus,
585 3809 748 3863 credo
800 3808 928 3878 quia
979 3810 1220 3864 nondum
1265 3810 1331 3864 ad
1378 3809 1631 3864 intuitum
1663 3809 1966 3879 profecerat

392 3899 661 3968 spiritalis
713 3899 1112 3970 intelligentiae;
1161 3916 1306 3956 nunc
1353 3917 1483 3971 ergo
1513 3902 1631 3957 ait:
1679 3901 1833 3956 Oculi
1886 3902 1964 3956 lui

391 3990 671 4048 columbae.
700 3990 930 4046 Grandis
964 3991 1019 4044 in
1050 3990 1155 4045 hoc
1183 3990 1457 4057 profectus
1485 3992 1605 4061 ejus
1635 3993 1961 4058 ostenditur,

392 4090 454 4134 ut
478 4096 600 4149 quae
635 4081 784 4150 prius
816 4088 1026 4134 tantum
1061 4081 1308 4148 speciosa
1358 4081 1413 4134 in
1463 4081 1782 4136 mulieribus
1820 4082 1963 4136 dicta

389 4182 494 4236 est,
527 4187 670 4226 nunc
695 4179 753 4225 ut
783 4170 1032 4240 proxima
1066 4169 1314 4237 speciosa
1347 4169 1578 4235 dicatur,
1607 4185 1674 4223 ex
1701 4171 1818 4238 ipso
1848 4171 1966 4224 sine

391 4263 559 4317 dubio
601 4278 804 4334 sponso
852 4261 1196 4332 splendorem
1239 4259 1451 4314 decoris
1482 4261 1755 4330 accipiens
1796 4271 1856 4316 ut
1881 4276 1966 4316 se-

393 4355 501 4410 mel
533 4355 602 4410 ab
632 4355 752 4424 ipso
783 4361 999 4423 sumpta
1032 4351 1456 4422 pulchritudine,
1508 4351 1721 4406 etiamsi
1756 4351 1966 4406 accidat

388 4448 441 4501 ei
489 4446 766 4517 paululum
819 4444 1006 4514 sponsi
1054 4443 1355 4498 absentiam
1405 4442 1552 4512 pati,
1602 4441 1962 4498 nihilominus

393 4538 621 4607 pulchra
655 4544 988 4606 permaneat.
1027 4533 1184 4600 Quod
1214 4543 1396 4588 autem
1428 4532 1571 4588 oculi
1595 4532 1714 4602 ejus
1738 4548 1962 4602 compa-

397 4638 588 4683 rantur
620 4628 909 4694 rolumbis,
958 4629 1029 4683 ob
1074 4628 1193 4684 hec,
1221 4627 1463 4698 profecto
1505 4628 1771 4698 contingit
1835 4629 1964 4698 quia

393 4720 605 4775 divinas
638 4717 949 4789 Scripturas
977 4734 1082 4773 non
1109 4718 1222 4788 jam
1251 4717 1550 4774 secundum
1579 4718 1837 4785 litteram,
1869 4718 1962 4772 sed

391 4811 691 4866 secundum
723 4810 975 4880 spiritum
1006 4810 1290 4879 intelligat,
1319 4817 1375 4864 et
1403 4809 1631 4878 aspiciat
1658 4809 1714 4862 in
1743 4809 1823 4864 eis
1851 4808 1964 4878 spi-

395 4902 569 4958 ritalia
603 4901 882 4973 mysteria.
919 4900 1183 4954 Columba
1205 4900 1350 4954 enim
1376 4899 1638 4956 indicium
1669 4908 1753 4956 est
1783 4897 1962 4970 Spiri-

391 5003 480 5049 tus
513 4994 708 5049 sancti.
743 4991 985 5062 Spiritali
1017 5006 1146 5062 ergo
1173 5006 1336 5050 sensu
1379 4991 1678 5060 intelligere
1709 4992 1880 5062 legem
1910 4999 1965 5046 et

391 5088 704 5155 prophetas,
740 5086 843 5139 hoc
886 5094 970 5139 est
1007 5083 1196 5138 oculos
1225 5083 1490 5139 columbae
1521 5083 1739 5138 habere.
1775 5081 1842 5138 Et
1876 5083 1965 5139 hic

391 5177 612 5244 quidem
648 5178 913 5233 columbae
943 5177 1084 5236 oculi
1119 5176 1239 5246 ejus
1261 5177 1621 5247 appellantur,
1652 5173 1706 5228 in
1734 5172 1967 5228 Psalmis

395 5281 522 5320 vero
572 5267 883 5338 hujusmodi
933 5268 1116 5322 anima
1162 5282 1367 5336 pennas
1397 5265 1501 5320 sibi
1542 5264 1659 5319 dari
1695 5263 1964 5318 columbae

393 5354 682 5421 desiderat,
714 5369 775 5412 ut
811 5357 994 5412 volare
1041 5355 1212 5426 possit
1256 5357 1311 5408 in
1360 5355 1692 5410 intellectum
1736 5354 1960 5426 spirita-

398 5445 528 5499 lium
567 5449 974 5518 mysteriorum,
1007 5457 1061 5503 et
1084 5447 1422 5518 requiescere
1463 5446 1517 5500 in
1560 5446 1714 5501 atriis
1745 5444 1963 5515 sapien-

400 5530 505 5586 tiLc.
534 5531 637 5588 Sed
660 5542 716 5591 et
739 5535 785 5590 si
813 5534 1055 5590 dormire
1080 5535 1203 5604 quis
1234 5533 1428 5604 possit,
1459 5535 1561 5588 hoc
1594 5543 1675 5589 est
1705 5532 1960 5588 collocari

468 5645 514 5676 “
538 5645 677 5703 Psal.
711 5665 900 5716 vam,
932 5651 1014 5704 l5.
1091 5651 1136 5682 ’³
1164 5648 1332 5704 Exod.
1381 5665 1477 5707 xu.

1992 4500 2042 4559 D

1556 5649 1601 5679 9°
1628 5647 1784 5702 Joan.
1822 5663 1930 5712 xlv,
1962 5647 2051 5702 26,

2068 3281 2190 3320 rum
2223 3265 2515 3336 qualitates
2541 3265 2835 3333 discutere,
2864 3267 3078 3338 longior
3109 3266 3320 3321 videtur
3355 3282 3638 3334 excessus,

2068 3363 2122 3408 et
2146 3355 2429 3424 proposito
2479 3355 2630 3424 operi
2677 3355 2899 3410 minime
2923 3354 3275 3412 conveniens.
3307 3352 3432 3410 llaec
3458 3365 3642 3411 autem

2068 3461 2408 3502 memorasse
2461 3446 2713 3514 sufﬁciat,
2758 3461 2855 3516 pro
2906 3461 2972 3502 eo
3005 3447 3152 3517 quod
3194 3461 3433 3516 praesens
3461 3461 3642 3502 sermo

2067 3537 2310 3591 continet
2351 3555 2364 3590 :
2414 3536 2567 3592 Oculi
2601 3540 2678 3592 tui
2714 3537 2988 3592 columbae.
3025 3537 3193 3604 Quasi
3221 3537 3425 3592 diceret
3455 3555 3468 3590 :
3496 3537 3640 3592 oculi

2066 3627 2146 3682 tui
2179 3627 2452 3696 spiritales
2484 3637 2630 3695 sunt,
2665 3628 2982 3699 spiritaliter
3017 3627 3284 3692 videntes,
3323 3625 3644 3694 spiritaliter

2068 3717 2450 3786 intelligentes.
2477 3715 2664 3773 Potest
2686 3717 2865 3773 adhuc
2893 3716 3249 3788 profundiore
3276 3714 3531 3770 fortassis
3553 3732 3642 3771 sa-

2066 3818 2347 3864 cramento
2398 3809 2544 3881 quod
2595 3811 2784 3865 dixit:
2829 3809 2959 3864 Ecce
2996 3825 3050 3864 es
3089 3808 3346 3878 speciosa,
3399 3809 3642 3877 proxima

2065 3915 2201 3967 mea,
2240 3900 2468 3970 intelligi
2493 3900 2562 3956 de
2589 3902 2839 3971 praesenti
2862 3900 3064 3956 saeculo
3087 3899 3330 3967 dictum;
3363 3900 3490 3969 quia
3520 3916 3641 3971 spe-

2064 3992 2215 4046 ciosa
2261 3992 2479 4062 quidem
2525 3992 2597 4047 sit
2631 4001 2686 4045 et
2717 3992 2805 4046 hic
2834 3989 3098 4055 Ecclesia,
3126 4005 3250 4044 cum
3284 3993 3528 4061 proxima
3561 4002 3644 4048 est

2064 4082 2303 4146 Christo,
2336 4091 2390 4137 et
2417 4097 2541 4136 cum
2573 4082 2820 4137 imitatur
2854 4081 3154 4139 Christum.
3192 4083 3345 4150 Quod
3381 4100 3508 4138 vero
3540 4086 3642 4138 ite-

2068 4171 2226 4232 ravit,
2263 4179 2318 4222 et
2345 4169 2483 4222 dixit
2509 4188 2523 4222 :
2551 4168 2686 4222 Ecce
2715 4187 2767 4222 es
2805 4173 3060 4239 speciosa,
3095 4181 3273 4242 potest
3299 4174 3365 4227 ad
3394 4173 3639 4228 futurum

2070 4259 2328 4314 saeculum
2375 4259 2666 4328 pertinere,
2709 4258 2800 4312 ubi
2830 4260 2942 4330 jam
2969 4276 3079 4315 non
3113 4262 3288 4318 solum
3318 4263 3638 4330 imitatione,

2069 4350 2163 4406 sed
2211 4351 2328 4420 ipsa
2373 4350 2457 4406 sui
2503 4348 2835 4420 perfectione
2876 4351 3115 4409 formosa
3155 4363 3319 4411 estet
3352 4355 3638 4426 speciosa;

2069 4450 2128 4499 ut
2165 4444 2239 4499 ibi
2274 4443 2422 4498 dicat
2455 4458 2576 4499 esse
2615 4445 2804 4501 oculos
2833 4448 2952 4518 ejus
2981 4447 3264 4514 columbae,
3307 4457 3367 4502 ut
3404 4447 3636 4503 duorum

2069 4535 2353 4591 oculorum
2376 4535 2642 4590 columba:
2668 4537 2790 4592 duae
2811 4539 3184 4608 intelligantur
3203 4554 3324 4594 esse
3350 4537 3520 4594 Filius
3543 4538 3638 4594 Dei

2069 4635 2123 4682 et
2153 4625 2388 4696 Spiritus
2418 4635 2661 4681 sanctus.
2686 4625 2753 4681 Et
2777 4643 2844 4683 ne
2873 4629 3089 4684 mireris
3116 4630 3160 4683 si
3196 4628 3447 4683 columba
3477 4630 3638 4686 simul

2068 4719 2299 4785 dicatur,
2344 4733 2470 4774 cum
2515 4727 2744 4788 uterque
2789 4720 3038 4774 similiter
3071 4721 3367 4778 advocatus
3396 4723 3633 4789 dicatur,

2069 4808 2212 4863 sicut
2231 4805 2469 4864 Joannes
2489 4809 2820 4877 evangelista
2846 4810 3107 4878 declarat,
3136 4811 3396 4884 Spiritum
3417 4816 3635 4885 quidem

2066 4907 2316 4953 sanctum
2350 4899 2540 4953 dicens
2566 4897 2928 4966 Paracletum,
2961 4903 3106 4971 quod
3135 4912 3220 4958 est
3247 4905 3547 4961 advocatus
3567 4906 3634 4958 ".

2066 4987 2130 5043 Et
2153 4989 2220 5043 de
2245 4986 2373 5044 Jesu
2397 4989 2616 5044 Christo
2665 4990 3020 5046 nihilominus
3045 4993 3096 5046 in
3121 4993 3358 5064 Ejaistola
3390 5011 3487 5050 sua
3510 4997 3641 5052 dicit

2065 5081 2194 5150 quia
2223 5081 2336 5153 ipse
2377 5084 2448 5137 sit
2494 5083 2790 5137 advocatus
2832 5085 2972 5153 apud
3017 5083 3233 5140 Patrem
3268 5102 3367 5155 pro
3403 5089 3640 5154 peccatis

2069 5173 2354 5233 nostris".
2395 5173 2501 5229 Sed
2547 5183 2601 5228 et
2636 5175 2779 5244 apud
2811 5173 3128 5230 Zachariam
3171 5177 3486 5246 prophetam
3525 5179 3646 5232 duzc

2066 5265 2220 5318 olivae
2256 5265 2322 5319 ad
2357 5266 2629 5319 dexteram
2663 5274 2718 5319 ct
2760 5265 2826 5319 ad
2865 5266 3144 5320 sinistram
3189 5265 3500 5321 candelabri
3547 5284 3644 5337 po-

2067 5354 2185 5409 sitae
2206 5354 2272 5419 ⁸⁸,
2320 5353 2664 5424 Unigenitum
2719 5355 3072 5412 nihilominus
3117 5367 3172 5411 et
3214 5355 3474 5426 Spiritum
3515 5375 3640 5414 san-

2068 5452 2216 5500 ctum
2255 5445 2539 5514 designare
2567 5449 2881 5500 creduntur.

2140 5533 2298 5588 Vers.
2338 5534 2419 5586 l6.
2469 5533 2603 5588 Ecce
2633 5551 2685 5588 es
2727 5535 2893 5588 bonus
2937 5535 3203 5603 fraternus
3249 5551 3411 5604 meus,
3446 5547 3495 5592 ct
3527 5534 3647 5608 qui-

2148 5649 2189 5679 ”
2223 5647 2240 5699 l
2271 5646 2426 5701 Joan.
2463 5663 2519 5711 ιι,
2552 5648 2596 5701 ι.
2680 5649 2725 5680 9"
2763 5646 2928 5702 Zach.
2963 5663 3036 5711 tv,
3072 5649 3124 5702 5.

473 5758 578 5826 (60)
619 5761 751 5819 Mss.
794 5763 896 5818 hoc
939 5764 1064 5818 loco
1105 5775 1155 5819 et
1197 5764 1336 5820 inira
1368 5765 1656 5831 columbae;
1693 5765 1785 5820 ubi
1809 5765 1936 5821 edit.
1973 5765 2213 5821 habent:
2247 5760 2621 5817 columbarum.
