4236 6282
469 339 574 397 M7

1539 323 1865 382 ORIGENIS
1899 322 1966 380 ΙΝ
2005 320 2366 379 CANTICUM
2405 322 2677 379 CANTIC.

3611 323 3714 379 “8

465 461 583 512 dent
605 473 721 512 ecce
741 474 794 512 es
817 458 1100 526 speciosus,
1123 453 1289 508 cubile
1311 461 1551 505 nostrum
1578 448 1883 501 umbrosum
1899 445 2036 514 (6|).
2069 449 2114 503 Α
2145 444 2304 511 bilis;
2337 445 2430 501 sed
2464 447 2552 501 ille
2579 445 2752 516 magis
2778 445 2869 515 qui
2904 460 2963 500 se
2994 444 3342 514 transﬁgurat
3379 443 3431 497 in
3463 442 3712 513 angelum

465 547 624 604 Nunc
671 549 906 618 primum
961 548 1171 602 videtur
1238 541 1498 596 attentius
1573 539 1878 609 inspexisse
1929 536 2042 607 69

466 640 656 711 sponsi
700 641 785 695 sui
831 636 1284 709 pulchritudinem
1321 649 1542 703 sponsa,
1577 641 1631 688 et
1663 631 2040 686 considerasse

464 729 577 787 illis
603 731 779 786 oculis
807 731 897 798 qui
929 729 1192 784 columba:
1224 742 1345 783 esse
1387 726 1515 780 dicti
1572 733 1722 791 sunt,
1771 724 1938 777 decus
1983 730 2039 775 et

466 819 702 891 speciem
753 819 912 874 Verbi
960 819 1074 874 Dei.
1127 819 1266 886 Quia
1317 835 1508 876 revera
1544 835 1651 874 non
1683 826 1859 888 potest
1885 815 2038 886 prius

466 911 699 982 perspici
731 927 830 965 nec
855 911 1078 982 agnosci
1111 921 1313 982 quanta
1365 912 1438 969 sit
1483 911 1536 965 in
1577 908 1755 965 Verbo
1791 907 2039 978 magniﬁ-

465 1006 661 1070 centia.
705 1004 810 1060 nisi
843 1005 998 1074 prius
1039 1004 1227 1059 oculos
1251 1004 1408 1073 quasi
1447 1002 1738 1067 columbae,
1766 1000 1819 1055 id
1849 1008 1933 1055 est
1955 998 2038 1054 in-

462 1097 810 1166 telligentiam
856 1096 1156 1166 spiritalem
1205 1096 1456 1166 accipiat.
1501 1095 1804 1149 Commune
1852 1105 2035 1146 autem

460 1187 638 1244 cubile
662 1188 765 1242 sibi
797 1188 942 1258 quod
976 1188 1109 1243 dicit
1137 1205 1258 1244 esse
1283 1205 1407 1245 cum
1443 1201 1668 1258 sponso,
1699 1200 1899 1254 corpus
1930 1184 2036 1238 hoc

460 1279 594 1334 mihi
634 1279 850 1335 videtur
894 1280 1126 1336 indicari
1170 1282 1387 1344 animae,
1436 1281 1489 1334 in
1519 1292 1630 1349 quo
1654 1277 1834 1332 adhuc
1859 1277 2036 1347 posita

459 1371 621 1441 digna
663 1371 846 1426 hahita
897 1373 969 1427 sit
1017 1373 1211 1428 ascisci
1247 1375 1313 1428 ad
1355 1373 1688 1428 consortium
1720 1369 1881 1426 Verbi
1916 1368 2031 1424 Dei.

459 1460 625 1531 quue
659 1465 1002 1528 umbrosum,
1035 1473 1220 1534 utpote
1251 1480 1358 1518 non
1391 1465 1625 1528 aridum,
1663 1463 1757 1518 sed
1789 1461 2035 1516 fructuo-
2081 1518 2089 1527 ,

458 1567 580 1606 sum
613 1561 898 1615 memorat,
926 1562 980 1608 et
1005 1564 1262 1623 tanquam
1289 1554 1554 1608 densitate
1586 1553 1714 1607 boni
1740 1553 1919 1622 operis
1947 1567 2036 1606 ne»

459 1657 762 1698 morosum.
801 1641 904 1697 Sed
949 1643 1065 1698 hazc
1108 1659 1307 1713 sponsa
1358 1645 1508 1708 dicit,
1555 1645 1736 1698 anima
1770 1644 2036 1699 duntaxat

457 1746 579 1800 qua:
612 1731 879 1786 columba:
904 1732 1015 1802 jam
1059 1735 1250 1790 oculos
1283 1735 1463 1791 habet.
1505 1734 1570 1788 Hi
1602 1751 1730 1789 vero
1769 1734 1862 1804 qui
1912 1743 2032 1789 tan-

458 1824 738 1883 tummodo
782 1825 1012 1880 credunt
1065 1841 1289 1896 sponso,
1347 1843 1457 1882 non
1493 1835 1676 1882 tamen
1727 1827 2031 1896 perspicere
2061 1807 2104 1864 Β

456 1923 752 1983 potuerunt
778 1915 832 1968 in
870 1913 1049 1972 Verbo
1074 1917 1166 1973 Dei
1208 1918 1523 1998 quanta'sit
1549 1917 1917 1988 pulchritudo,
1948 1917 2033 1973 di-

455 2013 587 2057 cunt
626 2022 639 2058 :
673 2003 739 2058 Et
771 2005 996 2059 vidimus
1031 2022 1171 2070 eum,
1201 2016 1251 2061 et
1283 2024 1385 2060 non
1419 2007 1642 2062 habebat
1673 2008 1917 2075 speciem,
1943 2023 2034 2061 ne-

453 2110 555 2164 que
585 2096 840 2162 decorem,
889 2098 980 2151 sed
1025 2100 1220 2167 species
1257 2099 1372 2169 ejus
1413 2100 1662 2153 indecora
1701 2111 1750 2153 et
1783 2100 2031 2168 deﬁciens

454 2199 567 2253 pra:
592 2186 719 2254 ﬁliis
747 2187 1015 2241 hominum
1035 2189 1102 2243 “.
1132 2187 1264 2255 Quae
1295 2198 1475 2245 autem
1515 2188 1654 2244 bene
1701 2190 1932 2260 profecit
1976 2200 2032 2248 et

453 2290 807 2346 supergressa
838 2287 922 2332 est
952 2277 1478 2334 adolescentularum
1518 2288 1572 2334 et
1597 2282 1872 2350 octoginta
1899 2294 2034 2335 con-

451 2369 800 2428 cubinarum,
849 2379 903 2422 et
948 2370 1230 2439 sexaginta
1279 2372 1591 2441 reginarum
1623 2372 1892 2438 ordinem,
1924 2372 2031 2429 ista

454 2460 640 2519 anima
702 2468 875 2528 potest
926 2459 1110 2515 dicere
1150 2477 1166 2516 :
1218 2459 1354 2515 Ecce
1402 2478 1457 2516 es
1510 2464 1729 2517 decorus
1760 2465 2029 2534 fraternus

453 2565 622 2615 meus,
657 2558 708 2602 et
734 2547 944 2618 quidem
967 2550 1254 2618 speciosus.
1303 2550 1409 2606 Sed
1437 2560 1492 2607 et
1517 2552 1564 2608 sl
1604 2554 1784 2608 adhuc
1824 2556 1878 2608 in
1905 2570 2030 2610 cor-

449 2655 582 2710 pore
612 2640 824 2710 positus
857 2640 1154 2713 intelligam
1187 2641 1515 2698 densitatem
1543 2645 1874 2717 spiritalium
1903 2661 2030 2701 sen-

450 2749 612 2793 suum
635 2744 688 2790 et
710 2735 1121 2805 intelligentiam
1156 2735 1562 2808 Scripturarum
1583 2739 1890 2796 divinarum
1916 2751 2025 2798 tam

447 2830 638 2889 crebra
685 2830 953 2900 opacitate
993 2840 1324 2898 contextam,
1355 2843 1416 2890 ut
1445 2835 1685 2905 rapidior
1711 2845 1899 2902 cestus,
1932 2837 2027 2908 qui

447 2921 650 2976 multos
695 2922 833 2975 solet
871 2922 1102 2978 adurere
1145 2933 1200 2980 et
1237 2924 1516 2981 arefacere
1551 2925 1763 2984 fructus
1807 2947 2024 3000 eorum,
2059 2940 2064 2945 ‘

449 3027 536 3066 me
568 3021 747 3067 tamen
780 3014 1066 3069 tenebrare
1091 3031 1199 3070 non
1233 3016 1430 3086 possit,
1467 3033 1568 3072 nec
1599 3019 1706 3074 ulla
1729 3020 1810 3076 vis
1846 3030 2026 3077 tcutao

450 3103 658 3163 tionum
683 3101 805 3157 iidei
833 3101 887 3156 in
921 3118 1007 3158 me
1032 3120 1250 3174 germen
1300 3105 1594 3174 arefacere,
1641 3116 1771 3164 tunc
1802 3125 2022 3179 possum

447 3192 632 3248 dicere
695 3194 821 3263 quia
866 3194 1048 3249 cubile
1087 3205 1334 3250 nostrum
1370 3197 1710 3254 umbrosum.
1740 3200 1898 3267 Quod
1928 3217 2028 3257 au-

447 3293 557 3346 tem
608 3284 740 3341 dicit
789 3285 970 3341 cubile
1013 3296 1284 3353 nostrum,
1331 3289 1489 3358 quasi
1533 3304 1880 3347 communem
1918 3295 2023 3350 sibi

447 3390 576 3430 cum
603 3390 807 3447 sponso
834 3375 1082 3446 corporis
1127 3378 1212 3431 sui
1245 3378 1494 3435 indicans
1541 3396 1662 3436 esse
1709 3382 1912 3448 locum,
1957 3384 2027 3440 ad

449 3468 598 3530 illam
625 3468 1035 3525 similitudinem
1067 3469 1271 3524 dictum
1303 3471 1560 3542 intelligo,
1601 3489 1706 3544 qua
1737 3484 1792 3528 et
1825 3474 2026 3531 Paulus

447 3559 646 3625 diuiti,
687 3560 815 3628 quia
857 3572 1088 3627 corpora
1118 3569 1306 3616 nostra
1345 3565 1586 3618 membra
1628 3565 1832 3620 Christi
1875 3576 2024 3624 sunt.

447 3651 584 3705 Cum
624 3651 772 3705 enim
818 3651 953 3708 dicit
995 3669 1224 3723 corpora
1257 3663 1466 3718 nostra,
1515 3657 1669 3725 quasi
1721 3671 1934 3726 Sponsa:
1972 3661 2024 3714 id

447 3757 569 3797 esse
625 3757 824 3812 corpus
872 3745 1132 3800 ostendit.
1189 3745 1326 3800 Cum
1372 3761 1502 3800 vero
1541 3748 1783 3802 membra
1820 3748 2025 3806 Christi

447 3844 738 3901 memorat,
767 3836 956 3891 eadem
991 3851 1220 3908 corpora
1258 3839 1422 3892 etiam
1455 3839 1640 3906 sponsi
1678 3855 1799 3895 esse
1825 3857 2025 3909 corpus

449 3927 674 3983 indicat.
713 3927 838 3983 Haec
863 3945 993 4000 ergo
1024 3945 1252 4000 corpora
1288 3930 1333 3984 si
1367 3929 1622 3984 umbrosa
1652 3941 1800 4000 sunt,
1837 3941 1897 3986 ut
1927 3950 2024 3988 su-

448 4019 633 4091 perius
660 4020 922 4086 diximus,
956 4022 1116 4077 bonis
1152 4023 1417 4080 duntaxat
1455 4023 1716 4090 operibus
1747 4023 1942 4080 referta
1973 4035 2026 4080 et

449 4109 774 4180 spiritalium
807 4125 1067 4166 sensuum
1104 4112 1373 4167 densitate
1409 4113 1703 4176 cumulata,
1732 4113 1797 4170 de
1833 4115 1916 4170 his
1945 4129 2026 4171 ta-

446 4199 590 4255 libus
619 4201 725 4256 dici
761 4211 977 4272 potest:
1018 4201 1124 4257 Per
1162 4204 1301 4258 diem
1334 4207 1412 4258 sol
1457 4222 1560 4262 non
1601 4215 1717 4260 uret
1759 4218 1828 4274 te,
1864 4225 2024 4280 neque

447 4294 576 4348 luna
606 4311 698 4365 per
732 4306 934 4356 noctem
957 4299 999 4350 ί.
1046 4295 1262 4351 Justum
1309 4314 1547 4367 namque
1587 4301 1902 4374 tentationis
1941 4304 2024 4358 sol

447 4400 554 4446 non
597 4387 779 4447 adurit
824 4388 1254 4455 requiescentem
1302 4389 1404 4440 sub
1448 4390 1642 4444 umbra
1691 4390 1854 4446 Verbi
1905 4393 2021 4454 Dei,

2051 3161 2100 3224 C

2145 539 2303 595 lucis.
2353 539 2536 594 Bonus
2565 555 2696 609 ergo
2725 548 2778 594 et
2816 541 3049 593 decorus
3088 537 3286 592 dicitur
3322 535 3628 600 fraternus;
3659 541 3715 588 ct

2141 638 2347 698 quanto
2381 631 2554 697 magis
2615 629 2807 698 inspici
2856 628 3092 698 potuerit
3136 627 3310 682 oculis
3351 625 3710 696 spiritalibus,

2141 730 2293 776 tanto
2323 721 2619 790 speciosior
2673 721 2944 776 invenitur
2995 728 3049 775 et
3085 719 3388 790 pulchrior;
3427 717 3556 788 quia
3601 733 3709 772 non

2141 816 2318 872 solum
2358 815 2503 870 illius
2535 815 2742 884 species
2775 823 2829 868 et
2861 812 3207 883 pulchritudo
3246 811 3512 864 mirabilis
3544 824 3711 879 appa-

2140 907 2300 971 rebit,
2329 922 2516 962 verum
2548 915 2602 960 et
2622 903 2931 976 inspieienti
2953 913 3115 974 atque
3138 902 3367 957 intuenti
3396 917 3522 956 eum
3543 901 3712 956 decus

2139 999 2332 1070 ingens
2362 1007 2418 1053 et
2450 999 2660 1068 species
2701 997 2891 1051 formae
2920 1011 3058 1050 nova
3088 1010 3153 1050 ac
3184 993 3449 1048 mirabilis
3479 993 3706 1059 orietur,

2138 1090 2436 1146 secundum
2472 1089 2603 1144 illud
2640 1088 2785 1159 quod
2817 1087 3108 1158 Apostolus
3144 1084 3304 1139 Verbi
3359 1082 3450 1138 Dei
3491 1084 3711 1138 intuens

2137 1182 2596 1254 pulchritudinem
2625 1180 2786 1235 dicit:
2811 1178 2952 1232 Nam
2978 1179 3077 1233 etsi
3113 1179 3158 1232 is
3179 1177 3267 1248 qui
3299 1176 3430 1245 [oris
3454 1183 3530 1229 est
3557 1175 3710 1228 homo

2136 1285 2314 1330 noster
2343 1273 2720 1342 corrumpitur,
2757 1271 2848 1326 sed
2891 1271 2982 1340 qui
3021 1271 3164 1323 intus
3207 1277 3285 1322 est
3332 1276 3610 1321 renouatur
3647 1265 3711 1320 de

2136 1365 2222 1419 die
2245 1365 2299 1418 in
2329 1364 2467 1418 diem
2485 1364 2525 1416 ³.
2557 1361 2750 1416 Merito
2774 1376 2903 1431 ergo
2927 1359 3051 1414 talis
3077 1358 3190 1411 lucc
3209 1355 3390 1410 anima
3415 1368 3709 1410 commune

2135 1455 2297 1510 habet
2316 1454 2494 1510 cubile
2515 1469 2637 1509 cum
2665 1451 2841 1507 Verbo
2867 1464 3064 1519 corpus
3089 1465 3268 1503 suum.
3291 1445 3541 1500 Pervenit
3563 1445 3707 1500 enim

2135 1547 2319 1602 divina
2353 1546 2528 1600 virtus
2554 1559 2726 1613 usque
2757 1544 2822 1597 ad
2849 1540 3098 1610 corporis
3123 1539 3374 1609 gratiam,
3404 1553 3527 1591 cum
3556 1540 3608 1590 in
3644 1552 3710 1590 eo

2134 1641 2222 1696 vel
2257 1639 2526 1694 castitatis
2565 1637 2793 1702 donum,
2835 1635 2916 1689 vel
2953 1634 3320 1698 continentiae,
3369 1633 3710 1700 aliorumque

2136 1733 2404 1788 bonorum
2443 1745 2668 1800 operum
2699 1728 2932 1784 collocat
2955 1727 3204 1796 gratiam.
3235 1724 3529 1779 Considera
3557 1738 3708 1786 sane,

2133 1842 2202 1882 ne
2227 1824 2367 1879 forte
2403 1824 2578 1894 possit
2612 1823 2774 1877 etiam
2816 1821 2946 1876 illud
2981 1834 3179 1888 corpus
3219 1817 3366 1888 quod
3412 1816 3710 1884 assumpsit

2132 1918 2289 1974 Jesus
2342 1929 2635 1973 commune
2687 1915 2735 1970 ei
2774 1929 2898 1968 cum
2948 1927 3148 1981 sponsa
3193 1909 3372 1964 cubile
3416 1906 3708 1971 nominari,

2132 2012 2392 2083 quoniam
2419 2009 2640 2080 quidem
2667 2009 2880 2063 videtur
2901 2020 2996 2076 per
3020 2006 3194 2072 ipsum
3224 2000 3466 2056 Ecclesia
3490 1999 3710 2053 Christo

2131 2117 2254 2159 esse
2284 2103 2514 2169 sociata,
2547 2108 2602 2157 et
2625 2099 2967 2170 participium
3014 2095 3178 2150 Verbi
3229 2094 3318 2148 Dei
3371 2108 3564 2162 capere
3613 2105 3712 2160 po-

2132 2195 2324 2260 tuisse,
2374 2193 2674 2250 secundum
2732 2190 2879 2261 quod
2916 2190 3182 2244 mediator
3219 2187 3310 2241 Dei
3339 2196 3394 2242 et
3423 2186 3707 2240 hominum

2131 2286 2352 2349 dicitur,
2386 2294 2442 2341 et
2484 2283 2785 2340 secundum
2838 2281 2983 2351 quod
3033 2279 3326 2350 Apostolus
3356 2279 3489 2332 dicit
3519 2295 3532 2331 :
3568 2275 3712 2341 Quo-

2131 2379 2276 2432 niam
2302 2379 2356 2431 in
2379 2379 2494 2447 ipso
2515 2377 2766 2432 habemus
2798 2389 3067 2430 accessum
3094 2389 3186 2442 per
3213 2371 3368 2442 fidem
3395 2371 3449 2424 in
3481 2385 3568 2439 spe
3596 2367 3710 2438 glo-

2130 2471 2228 2526 ria:
2258 2470 2355 2524 Dei
2381 2470 2423 2524 ⁸.

2211 2561 2364 2616 Vens.
2390 2559 2479 2613 l7.
2508 2557 2678 2628 Tigna
2710 2557 2987 2610 domorum
3019 2563 3321 2608 nostrarum
3346 2550 3508 2613 cedri,
3538 2550 3708 2604 trabes

2130 2665 2327 2713 nostra:
2376 2653 2630 2724 cypressi.
2671 2649 2898 2704 Videtur
2936 2648 3005 2703 ab
3043 2661 3244 2716 sponso
3287 2643 3598 2712 responderi
3639 2641 3708 2697 ad

2131 2748 2364 2818 gratiam
2399 2759 2592 2801 eorum
2627 2757 2750 2813 quae
2777 2741 2924 2796 dicta
2949 2739 3169 2794 fuerunt
3195 2736 3346 2807 prius
3380 2735 3447 2789 ab
3482 2749 3705 2804 sponsa,

2130 2840 2330 2913 quibus
2355 2838 2579 2894 edoceat
2608 2850 2728 2891 eam
2767 2831 3074 2904 cujusmodi
3108 2830 3217 2884 sint
3251 2835 3388 2884 tecta
3424 2826 3527 2882 ista
3554 2839 3708 2880 com-

2129 2932 2339 2998 munia,
2369 2940 2424 2986 et
2457 2929 2634 3000 qualis
2673 2929 2727 2981 in
2776 2925 2856 2981 eis
2897 2923 3124 2978 materia
3151 2917 3574 2991 contignationis
3609 2917 3708 2970 hac

2129 3025 2342 3082 bentur.
2365 3022 2489 3078 Haec
2516 3022 2678 3076 habet
2701 3019 2962 3074 historica
2988 3015 3247 3070 narratio.
3279 3012 3498 3068 Videtur
3523 3021 3702 3065 autem

2131 3117 2375 3175 Ecclesia
2405 3113 2638 3171 describi
2670 3127 2698 3166 a
2729 3110 2969 3175 Christo,
3008 3124 3129 3178 qua:
3163 3107 3467 3161 estdomus
3488 3103 3706 3174 Spirita.

2129 3211 2219 3278 lis,
2263 3220 2317 3264 et
2370 3209 2569 3262 domus
2617 3205 2736 3268 Dei,
2783 3203 2926 3258 sicut
2955 3201 3113 3255 docet
3147 3198 3349 3252 Paulus
3374 3197 3561 3251 dicens
3593 3215 3608 3248 :
3643 3192 3705 3248 Si

2129 3311 2304 3356 autem
2337 3300 2542 3353 tardius
2573 3313 2776 3358 venero,
2808 3302 2865 3346 ut
2904 3293 3042 3347 scias
3073 3289 3331 3360 quomodo
3381 3297 3428 3340 te
3470 3296 3705 3355 oporteat

2127 3395 2184 3447 in
2231 3391 2387 3444 domo
2442 3389 2534 3441 Dei
2564 3385 2882 3446 conversari,
2916 3397 3033 3452 qua:
3058 3390 3134 3434 est
3179 3376 3417 3431 Ecclesia
3449 3374 3543 3428 Dei
3579 3375 3704 3438 vivi,

2128 3483 2374 3538 columna
2402 3490 2448 3534 et
2481 3480 2868 3548 ﬁrmamentum
2891 3472 3129 3527 ueritatis
3146 3471 3188 3523 ⁸.
3228 3468 3285 3524 Si
3307 3483 3436 3540 ergo
3458 3467 3702 3522 Ecclesia

2129 3576 2327 3630 domus
2361 3572 2454 3626 Dei
2483 3581 2586 3634 est,
2628 3568 2757 3639 quia
2798 3565 2980 3619 omnia
3009 3579 3131 3634 quae
3170 3563 3332 3618 habet
3362 3560 3542 3626 Pater,
3580 3557 3704 3612 Filii

2130 3677 2276 3731 sunt,
2314 3663 2557 3720 Ecclesia
2593 3660 2786 3714 domus
2820 3656 2942 3710 Filii
2977 3656 3070 3709 Dei
3104 3663 3206 3710 est.
3238 3653 3574 3723 Frequenter
3605 3665 3704 3704 au-

2129 3772 2236 3815 tem
2263 3769 2316 3812 et
2351 3754 2545 3828 plurali
2583 3765 2810 3807 numero
2837 3748 3177 3817 appellantur
3207 3744 3482 3810 Ecclesiae,
3520 3751 3579 3797 ιιι
3611 3741 3704 3798 ubi

2127 3850 2245 3903 ait:
2275 3846 2386 3900 Nos
2433 3845 2593 3900 talem
2630 3839 3057 3894 consuetudinem
3105 3851 3203 3889 non
3246 3835 3514 3897 habemus,
3543 3849 3706 3902 neque

2129 3939 2382 3992 Ecclesia:
2428 3935 2522 3988 Dei
2547 3935 2589 3984 °.
2635 3931 2700 3985 Et
2729 3931 2946 3994 iterum,
2977 3925 3163 3982 scribit
3190 3912 3448 3980 Ecelesiis
3480 3926 3704 3981 Galatia:

2127 4031 2349 4095 Paulus,
2398 4038 2452 4082 et
2479 4025 2716 4081 Joannes
2752 4030 2956 4091 septem
3005 4019 3331 4075 Ecelcsiis".
3387 4017 3527 4072 Sunt
3571 4033 3700 4086 ergo

2128 4125 2242 4180 sive
2269 4119 2508 4176 Ecclesia
2539 4118 2622 4172 vel
2649 4114 2925 4177 Ecclesiae,
2949 4114 3148 4168 domus
3178 4111 3362 4182 sponsi
3389 4119 3441 4164 et
3467 4124 3698 4180 sponsas,

2126 4217 2242 4274 sive
2283 4214 2480 4270 animae
2525 4218 2580 4265 et
2630 4206 2793 4261 Verbi
2833 4205 3049 4271 domus,
3085 4206 3138 4257 in
3170 4204 3369 4274 quibus
3401 4202 3544 4271 tigna
3574 4209 3704 4255 sunt

2126 4308 2366 4364 cedrina.
2394 4302 2652 4372 Legimus
2679 4298 2842 4352 etiam
2869 4295 3132 4366 quasdam
3169 4293 3359 4348 cedros
3392 4291 3506 4356 Dei,
3535 4305 3701 4358 super

2125 4415 2266 4469 quas
2297 4398 2452 4450 vinea
2481 4408 2605 4461 quae
2637 4391 2897 4446 translata
2921 4387 3089 4444 estde
3111 4385 3364 4455 Egypto,
3389 4382 3700 4436 extendisse

448 4482 555 4536 Iste
593 4482 734 4540 enim
783 4481 866 4540 sol
911 4479 1006 4550 qui
1052 4479 1232 4535 adurit
1259 4479 1490 4548 justum,
1531 4493 1640 4531 non
1679 4490 1763 4534 est
1793 4484 2022 4536 damna-
2059 4492 2085 4545 [

2129 4491 2327 4547 dicitur
2359 4483 2633 4544 traduces,
2662 4480 2776 4534 sive
2806 4479 3029 4532 arbusta
3063 4489 3182 4539 sua,
3208 4473 3349 4527 sicut
3373 4471 3448 4526 ait
3469 4471 3523 4524 in
3548 4469 3701 4525 Psalo

517 4625 560 4655 ⁹⁹
587 4622 690 4678 lsa.
715 4640 834 4689 LIII,
871 4623 928 4688 9,,
969 4622 1022 4677 5.
1108 4622 1124 4652 ¹
1164 4619 1432 4689 ίϐοικιί,
1461 4617 1545 4680 15.

447 4694 515 4746 οι
549 4693 681 4756 Cor,
729 4707 804 4759 xi,
827 4688 921 4752 ⁷16.
1019 4693 1039 4724 ⁷
1066 4692 1236 4766 Apoc.
1269 4706 1305 4757 ι,
1332 4688 1422 4752 20.

519 4829 635 4902 (6|),
672 4829 938 4902 Aditum;
968 4831 1146 4885 locum
1178 4830 1372 4902 r'refero
1419 4829 1607 4884 Graeca
1637 4828 1904 4902 ΔΡιοοορίἰ
1951 4850 2016 4891 ex

446 4898 676 4974 Origene
706 4898 861 4974 εξπν
905 4900 1048 4974 ἔοικε
1083 4901 1345 4974 πρᾴτερον
1377 4898 2020 4974 ᾅνεωρακξνᾳιλτρὲινότε-

449 4989 539 5046 ρον
551 4968 1033 5046 ’τιῷ-τοῦᾐνιιμφίοι)
1061 4968 1303 5046 adigat—i1
1331 4968 1536 5046 p.91},
1567 4968 2021 5046 statott‘tjtbvars-

447 5038 710 5122 ῥιςτξρῶν
736 5038 904 5122 apri;
928 5038 1220 5122 ὀςξθαλὲῷν
1241 5038 1524 5122 αξξθέέξῆαι.
1547 5041 1642 5111 τῆς
1661 5041 2020 5122 ὲνετῷμάλλ-ει

446 5109 539 5163 τοῦ
572 5109 734 5190 λόχου.
761 5109 1052 5232 ὑπέροχῆἕ.
1097 5109 1247 5191 Τάχα
1282 5110 1339 5166 δὲ
1377 5110 1564 5181 κλίνην
1597 5109 1795 5182 κοινὴν
1821 5115 2019 5185 ἑαυτῆς

448 5182 540 5232 καὶ
567 5197 660 5232 του
696 5181 929 5232 νυμφίου
962 5197 993 5232 τ
1057 5196 1216 5232 omna
1254 5180 1566 5232 αἰνίττεται.
1610 5183 1668 5232 ὲν
1701 5176 1746 5232 ὦ
1774 5182 1855 5232 ἔτι
1885 5181 2019 5232 οὖσα

448 5176 660 5250 καὶτοῦ
696 5176 1024 5250 νυμφίὸυ”τδ
1057 5176 1223 5250 σῶμᾶί
1254 5176 1566 5244 αίνίττετάι,
1610 5183 1668 5234 ἐν
1774 5182 1855 5237 ἔτι
1885 5176 2019 5237 οὗᾰά

444 5253 478 5320 ᾐ
518 5249 668 5323 ψυχὴ
712 5249 1238 5323 ἀξιοῦται-τῆς-τοῦ
1277 5251 1457 5323 Λόγον
1503 5249 1804 5315 κοινωνίας.
1851 5255 2015 5321 Λέγει

445 5319 576 5386 γοῦν
621 5319 829 5382 nam;
852 5337 866 5352 ο
932 5319 1007 5374 Τὰ
1051 5319 1295 5387 cepam
1338 5319 1505 5388 ὑμῶν
1549 5323 1706 5388 μέλη
1757 5319 2014 5388 Χριστὸῦ

443 5389 594 5462 ἐςτι.
627 5389 860 5462 Διὰλγᾲρ
893 5389 988 5462 τος)
1018 5389 1170 5462 ὑμῶν
1199 5390 1296 5462 τῆς
1326 5387 1722 5462 νύμφηςξεῖναι
1767 5387 1914 5460 λέγει
1957 5393 2016 5462 τὸ

447 5457 642 5531 σῶμαί
665 5457 847 5531 διὰδὲ
884 5459 977 5531 τοῦ
1006 5457 1164 5531 μέλη
1197 5457 1458 5531 Χριστρῧ
1485 5457 1578 5517 τοῦ
1612 5457 1868 5531 νμμφίουζ,
1913 5461 2015 5513 Σύρ

446 5544 603 5600 ςτιειφνΔ
625 5527 682 5589 δέ
707 5546 836 5600 φησι
866 5529 955 5582 τὸν
988 5529 1217 5600 νυμφίον
1243 5529 1328 5588 διὰ
1348 5530 1462 5600 τὴν
1487 5527 1795 5600 πυκνότητςι
1816 5531 1928 5584 τῶν
1961 5535 2017 5584 ὲν

444 5596 531 5682 τῇ),
547 5595 689 5682 λόγιρ
715 5595 806 5682 uel}
830 5595 1082 5682 τῇιίοςρίᾲ
1106 5595 1494 5682 Θεῳξῃξάξτών.
1528 5600 1653 5682 Ἐᾲν
1811 5604 1842 5670 ἡ
1863 5602 2017 5682 atomi]

445 5667 598 5736 κλίνη
633 5668 834 5738 ᾁμφοῖν
865 5667 1117 5738 ἐξιθαλῆς,
1150 5667 1300 5722 οὐδὲν
1334 5669 1644 5738 Θαυμαστὸν
1677 5667 2018 5736 θείᾶξδυνὰέ

450 5734 596 5809 μεως
638 5734 1014 5808 διικνουμένης
1052 5734 1142 5790 uoti.
1186 5741 1277 5794 ἐπὶ
1317 5737 1377 5790 τὸ
1411 5734 1569 5811 σῶμα.
1607 5741 1787 5795 πᾶσαν
1809 5734 1907 5814 τὴν
1933 5742 2020 5802 διὰ

1645 4620 1664 4649 ⁸
1686 4617 1831 4682 Psal.
1861 4639 2007 4694 cm,
2039 4633 2092 4694 ϐ,

2185 4632 2208 4665 ³
2242 4629 2280 4682 Il
2311 4628 2438 4683 Cor.
2467 4641 2542 4692 tv,
2572 4623 2653 4685 ιιι,
2740 4624 2762 4656 δ
2794 4623 2954 4682 Rom.
2993 4637 3046 4686 v,
3071 4621 3127 4678 2.
3203 4619 3224 4650 ⁸
3259 4616 3276 4672 l
3311 4616 3452 4671 Tim.
3495 4632 3578 4680 ιιι,
3608 4615 3694 4670 13.

2119 4834 2211 4891 τοῦ
2245 4833 2493 4904 σώματος
2525 4831 2721 4904 πρᾶξιν
2761 4830 2967 4904 ἀγαθὴν
3015 4829 3326 4904 enimio-llas.
3381 4829 3537 4904 Nune
3581 4832 3695 4904 pri.

2122 4921 2266 4961 munt
2305 4901 2513 4958 videtur
2543 4901 2730 4972 sponsa
2778 4901 2976 4972 clarius
3023 4901 3313 4972 inspexisse
3355 4903 3533 4972 sponsi
3578 4903 3698 4966 pul»

2121 4975 2496 5038 claritudinem,
2521 4971 2675 5042 atque
2703 4971 2816 5024 suis
2851 4971 3213 5042 columbarum
3247 4971 3412 5024 oculis
3443 4971 3555 5036 ejus
3578 4987 3697 5040 quas
3771 4982 3774 4986 '

2121 5049 2178 5099 in
2223 5039 2611 5114 pulchritudine
2651 5051 2726 5094 est
2763 5039 3085 5095 excellentia:
3111 5041 3249 5114 verbi
3280 5055 3490 5114 sensum
3517 5039 3696 5107 perce-

2121 5108 2276 5186 pisse.
2307 5113 2596 5186 Fortassis
2629 5127 2944 5186 t-ero__suum
2976 5111 3250 5186 (responsi
3302 5108 3692 5186 cubile-corpus

2123 5177 2446 5244 subindicat,
2475 5184 2531 5234 in
2560 5199 2661 5252 quo
2695 5181 2866 5252 adhuc
2896 5182 3068 5249 agenti
3097 5177 3293 5252 animt;
3340 5177 3496 5252 Verbi
3545 5177 3690 5230 cam-

2122 5254 2408 5308 mutticatio
2433 5248 2750 5320 impertitur.
2785 5248 3116 5321 Dicitigitur
3144 5250 3343 5302 Paulus
3369 5264 3388 5300 :
3413 5267 3433 5321 ι
3456 5248 3693 5314 Corpora

2122 5335 2291 5378 uestra
2315 5319 2544 5377 membra
2567 5321 2766 5375 Christi
2797 5332 2940 5376 sunt.
2966 5319 2987 5371 ἰ
3011 5320 3142 5374 Cum
3171 5328 3345 5371 autem
3370 5319 3478 5370 ait:
3497 5337 3514 5368 ι
3537 5333 3694 5371 ment-

2123 5395 2216 5446 bra
2244 5393 2461 5455 Christi,
2503 5411 2520 5442 ι
2553 5392 2780 5446 membra
2811 5393 2988 5460 sponsi
3025 5391 3173 5442 dicit.
3231 5387 3541 5440 Umbrosum
3572 5404 3693 5442 vero

2123 5463 2351 5532 appellat
2381 5479 2626 5530 sponsum
2661 5461 2723 5513 ob.
2755 5459 3163 5532 condensitatem
3195 5474 3442 5532 sensuum
3471 5459 3561 5527 qui
3580 5475 3693 5532 ver-

2125 5527 2255 5585 b'o'et
2291 5527 2563 5596 sapientitz
2605 5533 2800 5586 insunt.
2854 5529 3006 5594 Quod
3031 5530 3075 5581 si
3108 5527 3358 5580 ambobus
3402 5530 3691 5584 communis

2123 5601 2343 5656 lectulus
2392 5602 2635 5670 ﬂoridus,
2672 5602 2803 5653 nihil
2847 5600 3062 5664 mirum,
3103 5599 3282 5652 divina
3310 5600 3498 5652 virtute
3530 5601 3692 5654 etiam

2125 5673 2194 5724 ad
2224 5687 2410 5739 corpus
2437 5673 2764 5738 pcrvadente,
2797 5685 2998 5724 onmem
3018 5684 3134 5737 qua:
3161 5683 3252 5736 per
3275 5685 3462 5738 corpus
3487 5684 3690 5726 exerce-

2127 5753 2214 5799 tur
2243 5744 2594 5810 operatiouem
2629 5741 2817 5796 bonam
2849 5739 3100 5797 exitibet'i.
3377 5741 3380 5746 ’
