4236 6282
383 269 485 327 “9

1736 271 1937 328 LIBER
1977 273 2296 329 TERTIUS.

3519 275 3633 330 150‘

382 391 494 446 mis
520 407 534 443 :
560 387 772 457 Operuit
802 395 1000 443 montes
1027 387 1206 443 umbra
1237 389 1375 458 ejus,
1409 400 1456 442 et
1494 390 1710 443 arbusta
1737 390 1850 458 ejus
1875 408 1958 443 ce-
1987 394 2031 448 A
2063 391 2186 444 tuit.
2210 387 2325 441 Non
2351 387 2494 441 enim
2521 384 2774 440 Salomon
2801 383 3207 456 habuitabsque
3227 387 3616 458 concupiscen-

381 480 510 534 τινος
543 477 639 532 Dei
660 477 702 532 ⁸.
745 477 1041 531 Evidenter
1072 477 1238 547 igitur
1265 493 1361 546 per
1392 477 1506 531 haec
1537 475 1771 531 Ecclesia
1798 477 1948 533 cedri

381 568 480 624 Dei
516 567 846 622 nominatur.
885 566 1021 620 Cum
1047 580 1176 635 ergo
1198 565 1330 620 dicit
1355 579 1590 634 sponsus
1616 583 1628 618 :
1657 564 1822 634 Tigna
1855 567 1950 618 de-

375 674 588 712 morum
618 666 922 710 nostrarum
949 655 1115 721 cedri,
1151 655 1447 724 intelligere
1473 655 1735 710 debemus
1755 655 1948 710 cedros

373 750 475 806 Dei
509 765 631 805 esse
667 763 764 804 eos
804 747 897 816 qui
941 745 1236 802 Ecclesiam
1271 754 1582 816 contegunt,
1615 754 1668 801 et
1700 761 1821 802 esse
1850 747 1950 800 all-

365 856 518 912 quos
564 840 760 894 horum
811 839 1100 892 validiores
1150 836 1244 906 qui
1277 835 1456 890 trabes
1492 835 1850 904 appellantur.
1883 835 1948 888 Et

367 941 516 1004 pulo
560 931 706 1001 quod
751 930 1133 986 convenienter
1172 927 1228 982 hi
1279 927 1372 997 qui
1409 926 1778 996 episcopatum
1813 926 1948 979 bene

369 1023 700 1078 ministrant
728 1021 782 1075 in
819 1019 1081 1084 Ecclesia,
1119 1018 1298 1072 trabes
1325 1017 1432 1071 dici
1469 1024 1713 1085 possunt,
1751 1015 1949 1084 quibus

366 1121 720 1173 sustentatur
746 1119 800 1166 et
834 1110 1031 1181 tegitur
1073 1122 1236 1162 omne
1283 1107 1596 1172 aedilicium,
1643 1106 1726 1160 vel
1756 1107 1825 1160 ab
1849 1105 1950 1160 im—

367 1201 561 1258 brium
595 1201 731 1265 labe,
767 1199 850 1253 vel
887 1198 955 1252 ab
984 1196 1272 1251 ardoribus
1301 1195 1455 1250 solis.
1483 1193 1734 1249 Secundo
1766 1205 1944 1248 autem

371 1293 578 1348 borum
621 1291 740 1347 loco
786 1291 933 1360 tigna
969 1287 1314 1358 presbyteros
1340 1287 1534 1355 opinor
1560 1285 1814 1354 appellari
1845 1303 1860 1342 :
1893 1293 1946 1340 et

369 1383 564 1438 trabes
607 1381 825 1450 quidem
875 1379 983 1434 dici
1023 1392 1334 1448 eypressos,
1369 1376 1568 1445 quibus
1597 1385 1650 1430 et
1682 1375 1945 1430 fortitudo

370 1473 680 1540 robustior,
722 1481 776 1527 et
826 1471 964 1526 odor
991 1468 1277 1524 suavitatis
1321 1467 1480 1533 inest,
1515 1482 1610 1537 per
1638 1465 1786 1538 quod
1810 1467 1940 1521 etin

369 1565 638 1635 operibus
665 1563 924 1628 solidum,
951 1569 1006 1616 et
1033 1560 1086 1616 in
1119 1560 1382 1616 doctrina:
1406 1558 1581 1631 gratia
1608 1557 1940 1628 fragrantem

369 1655 628 1727 designat
655 1655 762 1725 70
802 1653 1138 1724 episcopum.
1181 1651 1444 1707 Similiter
1475 1661 1657 1705 autem
1697 1657 1752 1704 et
1793 1648 1942 1719 tigna

371 1720 572 1801 cedros
599 1720 893 1816 appellavit
917 1720 1096 1814 utper
1124 1744 1227 1800 hoc
1261 1741 1684 1811 ineorruptionis
1725 1741 1942 1796 virtutis
1973 1720 2017 1776 Β

370 1846 430 1892 et
453 1837 640 1892 odoris
676 1837 914 1892 ερίοιιιίιιι
951 1836 1152 1892 Christi
1187 1836 1376 1906 plenos
1409 1833 1719 1906 designaret
1747 1834 1944 1890 debere

371 1944 500 1984 esse
529 1930 890 2000 presbyteros.

453 2017 586 2086 Cap.
614 2017 682 2074 ll.
721 2018 878 2073 Vers.
907 2020 958 2085 ι,
979 2019 1034 2073 ‘2.
1083 2018 1193 2087 Ego
1226 2018 1322 2084 ﬂos
1351 2017 1524 2084 campi
1555 2025 1606 2069 et
1633 2017 1804 2069 lilium
1830 2014 1944 2084 (62)

376 2107 698 2160 convallium
720 2123 738 2161 :
762 2109 896 2161 sicut
929 2108 1103 2160 lilium
1132 2108 1189 2161 in
1213 2107 1380 2160 medio
1404 2106 1699 2174 spinarum,
1727 2107 1804 2160 ita
1823 2123 1948 2175 pro-

375 2197 528 2250 xima
561 2213 672 2250 mea
712 2198 764 2250 in
798 2198 966 2250 media
1005 2197 1262 2266 ﬁliarum.
1317 2194 1442 2251 Haec
1498 2195 1589 2251 ille
1641 2197 1734 2266 qui
1779 2211 1944 2266 spon-

371 2300 476 2339 sus
500 2293 554 2338 et
585 2285 819 2339 Verbum
845 2293 899 2339 et
921 2285 1184 2354 sapientia
1209 2292 1314 2349 est,
1349 2281 1417 2336 de
1456 2285 1745 2354 semetipso
1781 2293 1836 2339 et
1877 2284 1948 2339 de

372 2391 574 2446 sponsa
599 2376 666 2429 ad
689 2376 896 2430 amicos
916 2391 979 2430 ac
1005 2375 1220 2432 sodales
1241 2392 1371 2432 suos
1401 2379 1546 2448 loqui
1575 2377 1802 2432 videtur.
1837 2374 1944 2431 Sed

371 2465 674 2522 secundum
698 2464 986 2535 proposita:
1017 2465 1373 2534 expositionis
1415 2469 1663 2522 ordinem
1691 2466 1949 2522 Christus

373 2556 491 2612 haec
529 2556 596 2610 de
637 2555 878 2611 Ecclesia
911 2556 1058 2625 loqui
1087 2556 1464 2626 intelligendus
1492 2566 1595 2623 est,
1629 2565 1682 2612 et
1713 2557 1825 2626 ipse
1855 2557 1940 2611 di-

369 2661 497 2704 cere
545 2661 604 2701 sc
651 2645 836 2700 ﬂorent
888 2661 1010 2702 esse
1062 2647 1240 2715 campi
1285 2655 1340 2701 et
1383 2647 1555 2702 lilium
1587 2647 1936 2702 convallium.

369 2737 612 2806 Campus
642 2736 896 2806 planities
925 2745 1081 2791 terra:
1105 2735 1326 2801 dicitur,
1361 2737 1448 2792 cui
1473 2737 1684 2801 cultura
1715 2737 1941 2792 adhibe-

369 2837 463 2881 tur
483 2837 536 2881 et
557 2827 824 2881 excolitur
873 2826 942 2880 ab
975 2825 1245 2896 agricolis.
1271 2825 1554 2882 Convalles
1579 2842 1706 2882 vero
1740 2843 1938 2884 saxosa

369 2919 546 2987 magis
585 2927 640 2973 et
669 2917 874 2973 inculta
909 2917 1152 2972 indicant
1178 2919 1315 2972 loca.
1347 2919 1649 2974 Possumus
1679 2929 1858 2974 autem
1883 2931 1938 2975 et

2060 483 2132 536 tia
2166 481 2289 546 viri,
2339 488 2396 534 et
2441 477 2731 532 concubitu
2787 477 3028 530 mulieris
3087 478 3510 537 immaculatam.
3563 491 3617 536 ct

2057 573 2191 628 nulli
2239 587 2463 641 prorsus
2513 579 2736 639 peccato
2789 568 3077 622 obnoxiam
3132 585 3372 626 carnem.
3417 571 3520 625 Sed
3560 580 3616 626 et

2048 679 2277 722 causam
2319 679 2416 718 cur
2462 663 2508 718 is
2555 662 2649 731 qui
2690 660 2742 714 in
2793 670 2984 730 campo
3023 659 3119 713 llos
3160 660 3351 728 fuerat,
3387 664 3615 719 voluerit

2049 769 2172 810 esse
2206 753 2260 807 in
2290 752 2628 808 convallibus
2662 750 2858 814 lilium,
2899 749 3110 803 videtur
3135 752 3434 806 ostendere.
3474 753 3622 806 Cum.

2046 847 2192 900 enim
2239 845 2409 899 multo
2446 854 2685 913 tempore
2713 840 2812 896 llos
2863 839 3054 895 fuisset
3079 841 3132 893 in
3159 856 3371 911 campo,
3404 843 3620 897 nullum

2049 936 2186 992 dicit
2211 951 2278 990 ex
2312 935 2432 1004 ipso
2467 948 2658 1001 eampo
2699 931 2885 986 florem
2923 930 2990 984 ad
3038 931 3391 985 imitationem
3429 933 3514 987 sui
3547 949 3613 988 ae

2051 1025 2464 1080 similitudinem
2511 1023 2864 1092 processisse.
2915 1019 3019 1075 Ubi
3059 1036 3187 1076 vero
3227 1021 3405 1078 factus
3440 1024 3610 1077 estin

2047 1116 2384 1171 convallibus
2415 1115 2608 1179 lilium,
2636 1113 2895 1169 continuo
2924 1111 3085 1166 etiam
3111 1113 3337 1168 cllicitur
3366 1114 3614 1184 proxima-

2045 1206 2166 1273 ejus
2217 1204 2516 1258 imitatione
2560 1204 2730 1273 ipsius
2779 1203 2949 1258 lilium
2990 1213 3102 1259 :ut
3149 1188 3336 1274 operae.
3373 1205 3608 1275 pretium

2045 1294 2230 1360 fuerit,
2266 1295 2522 1364 quoniam
2557 1294 2674 1364 ipse
2704 1293 2927 1350 ell‘ectus
2971 1305 3057 1350 est
3099 1295 3292 1362 lilium,
3346 1306 3406 1349 ut
3447 1295 3608 1349 etiam

2044 1387 2290 1458 proxima
2321 1385 2462 1456 ejus,
2497 1385 2547 1440 id
2577 1398 2662 1440 est
2696 1401 3037 1455 unaquaque
3065 1387 3244 1439 anima
3281 1401 3401 1454 quae
3432 1385 3482 1440 ei
3514 1402 3607 1456 ap‘

2041 1477 2318 1546 proximat
2343 1486 2398 1532 et
2429 1476 2736 1544 exemplum
2784 1475 2904 1546 ejus
2943 1475 3411 1545 imitationemque
3437 1485 3605 1530 secta-

2043 1575 2152 1634 tur,
2179 1568 2349 1622 lilium
2378 1568 2492 1621 liat.
2523 1565 2676 1633 Quod
2707 1567 2836 1637 ergo
2879 1566 2954 1620 ait
2981 1584 2994 1620 :
3029 1564 3176 1621 Sicut
3208 1566 3378 1619 lilium
3411 1568 3466 1620 in
3505 1583 3611 1620 me-

2042 1659 2131 1712 dio
2161 1661 2456 1729 spinarum,
2503 1659 2580 1711 ita
2623 1660 2864 1727 proxima
2904 1674 3019 1712 mea
3062 1659 3114 1711 in
3151 1659 3320 1712 medio
3349 1660 3606 1728 ﬁliarum,

2043 1750 2372 1820 accipiemus
2404 1750 2470 1804 de
2501 1749 2740 1805 Ecclesia
2770 1751 2881 1822 (65)
2915 1753 3154 1822 gentium
3183 1751 3322 1816 dici;
3353 1749 3497 1820 quod
3525 1751 3608 1804 vel

2041 1858 2072 1898 e
2099 1843 2279 1898 medio
2306 1841 2603 1896 infidelium
2629 1851 2682 1896 et
2707 1856 2816 1896 non
2842 1842 3198 1905 credentium,
3227 1842 3382 1911 quasi
3409 1856 3473 1895 ex
3498 1840 3610 1910 spi-

2043 1933 2130 1986 nis
2157 1932 2462 1994 emerserit,
2496 1932 2576 1986 vel
2609 1946 2710 2000 pro
2745 1932 3121 1986 haereticorum
3154 1931 3612 1998 circumstrepen-

2045 2021 2182 2076 tium
2204 2036 2264 2075 se
2286 2019 2560 2074 morsibus
2584 2020 2639 2072 in
2668 2020 2848 2073 medio
2869 2020 3148 2089 spinarum
3174 2021 3350 2088 posita
3377 2020 3608 2076 dicatur.

2047 2109 2204 2176 Quod
2237 2117 2291 2162 et
2322 2107 2498 2177 magis
2546 2108 2816 2162 videbitur
2860 2109 3154 2162 verisimile
3202 2124 3301 2178 pro
3352 2125 3418 2163 eo
3467 2110 3611 2184 qyod

2047 2197 2179 2252 dicit
2204 2216 2216 2252 :
2238 2197 2328 2250 Ita
2349 2197 2590 2267 proxima
2616 2211 2729 2249 mea
2757 2197 2811 2250 in
2836 2197 3002 2251 medio
3030 2197 3286 2266 ﬁliarum.
3323 2195 3438 2252 Non
3464 2199 3609 2253 enim

2046 2287 2186 2343 ﬁlias
2204 2288 2525 2359 appellasset
2551 2289 2669 2344 illas
2693 2289 2922 2352 animas,
2948 2304 3067 2358 qua:
3087 2305 3362 2359 nunquam
3387 2289 3612 2344 omnino

2042 2386 2307 2433 venerunt
2339 2379 2404 2433 ad
2430 2368 2775 2434 credendum.
2801 2379 3004 2434 Omnes
3025 2393 3152 2448 ergo
3178 2379 3408 2434 haeretici
3433 2379 3628 2449 primo‘

2042 2468 2110 2524 ad
2142 2468 2520 2524 credulitatem
2550 2470 2792 2536 veniunt,
2817 2478 2870 2523 et
2892 2479 3015 2539 post
3037 2469 3149 2523 haec
3171 2470 3238 2523 ab
3265 2471 3456 2524 itinere
3487 2471 3607 2525 tidci

2039 2571 2094 2616 et
2115 2561 2424 2630 dogmatum
2447 2560 2674 2615 veritate
2695 2560 2786 2614 Dei
2810 2560 3101 2619 declinant.
3128 2560 3279 2615 Sicut
3299 2568 3351 2614 et
3376 2558 3633 2615 Joannes

2039 2650 2316 2720 apostolus
2353 2649 2403 2702 in
2441 2648 2679 2719 Epistola
2715 2663 2812 2703 sua
2841 2649 2972 2703 dicit
3007 2667 3020 2702 :
3068 2647 3174 2713 Qui
3211 2665 3242 2702 a
3283 2649 3429 2703 nobis
3469 2648 3610 2702 exic-

2039 2750 2184 2803 ruut,
2207 2738 2297 2792 sed
2323 2751 2430 2792 non
2457 2747 2610 2792 erant
2640 2754 2705 2792 ea:
2728 2739 2896 2792 nobis.
2929 2736 3072 2790 Nam
3097 2738 3143 2790 si
3178 2738 3401 2806 fuissent
3419 2753 3485 2791 ea:
3517 2753 3611 2791 no-

2039 2829 2139 2896 bis,
2164 2831 2568 2898 permansissent
2596 2830 2775 2899 utique
2804 2830 3071 2883 nobiscum
3091 2830 3155 2883 ".
3186 2826 3487 2884 Possumus
3513 2845 3610 2881 an-

2040 2926 2146 2972 tem
2169 2925 2224 2972 et
2248 2917 2314 2972 ad
2342 2931 2783 2986 unamquamque
2802 2917 3038 2972 animam
3066 2917 3119 2971 id
3141 2916 3454 2980 referentes,
3485 2916 3608 2972 huic

369 3025 626 3079 campum
653 3009 804 3064 illum
831 3009 1128 3080 intelligere
1169 3011 1423 3080 populum
1463 3012 1554 3081 qui
1586 3027 1681 3081 per
1707 3013 1940 3082 prophe.
1963 3037 2010 3098 α
2040 3007 2256 3077 quidem
2280 3007 2482 3098 animae
2514 3022 2635 3076 quae
2662 3021 2762 3098 pro
2791 3007 3135 3077 simplicitate
3167 3007 3252 3062 sui
3281 3017 3334 3062 et
3365 3006 3606 3076 planitie,

369 3108 454 3153 tas
489 3100 768 3154 colebatur
805 3108 858 3155 et
883 3100 1052 3170 legem
1077 3119 1092 3169 ;
1117 3101 1416 3157 convallem
1451 3117 1580 3158 vero
1605 3118 1858 3159 saxorum
1883 3113 1939 3160 et
1984 3097 2003 3098 ⁷⁷
2041 3098 2124 3154 vel
2151 3097 2404 3166 aequitate
2423 3112 2648 3166 campus
2668 3097 2772 3151 dici
2801 3106 2998 3166 potest,
3021 3098 3204 3154 florem
3232 3100 3345 3154 lleri
3370 3098 3605 3153 Verbum

368 3191 635 3245 incultum
667 3191 906 3262 gentium
953 3192 1154 3247 locum.
1190 3192 1436 3262 Sponsus
1480 3209 1608 3264 ergo
1632 3194 1721 3249 hic
1752 3195 1807 3249 in
1841 3193 1938 3250 Ju-

365 3282 612 3337 dzeorum
645 3283 844 3352 populo
873 3282 972 3338 llos
1006 3282 1106 3338 fuit
1131 3301 1144 3338 :
1173 3284 1265 3338 sed
1289 3283 1546 3353 quoniam
1575 3285 1844 3339 neminem
1869 3285 1935 3340 ad

367 3369 670 3441 perfectum
707 3372 934 3426 adduxit
981 3373 1089 3438 les,
1141 3371 1344 3428 idcirco
1396 3372 1568 3427 inille
1613 3389 1720 3428 non
1763 3374 1938 3443 potuit

369 3459 608 3516 Verbum
634 3459 728 3516 Dei
759 3461 826 3516 ad
860 3461 1046 3517 liorem
1075 3457 1355 3532 prolicere,
1387 3471 1442 3518 et
1461 3464 1527 3518 ad
1549 3463 1932 3532 perfectionem

367 3547 643 3603 fructuum
686 3551 986 3620 pervenire.
1040 3549 1096 3606 ln
1152 3552 1256 3608 ista
1309 3559 1489 3608 tamen
1537 3555 1782 3609 convalle
1813 3569 1935 3624 gen-

367 3642 506 3695 tium
550 3641 774 3696 effectus
815 3651 900 3697 est
933 3642 1126 3710 lilium,
1167 3644 1473 3714 cujusmodi
1513 3655 1690 3702 autem
1725 3645 1937 3700 lilium?

369 3729 500 3784 'l‘ale
531 3731 648 3786 sine
689 3731 854 3786 dubio
903 3733 1064 3802 quale
1108 3741 1161 3788 et
1212 3734 1327 3803 ipse
1378 3736 1430 3789 in
1466 3734 1772 3806 Evangeliis
1805 3736 1938 3791 dicit

364 3821 512 3890 quod
542 3820 700 3876 Pater
742 3823 982 3878 cwlestis
1031 3824 1211 3879 vestit.
1256 3825 1360 3879 Et:
1390 3825 1568 3896 Neque
1600 3825 1847 3882 Salomon
1881 3827 1935 3880 in

365 3912 510 3964 omni
541 3911 710 3981 gloria
744 3929 840 3966 sua
885 3914 1100 3968 indutus
1147 3925 1224 3968 est
1269 3917 1403 3969 sicut
1449 3933 1610 3971 unum
1645 3933 1709 3972 ea:
1740 3917 1860 3973 istis
1888 3917 1931 3971 ’.

371 4001 453 4055 Fit
482 4017 610 4072 ergo
633 4003 807 4057 lilium
839 4003 895 4058 in
927 4005 1028 4058 hac
1055 4007 1300 4061 convalle
1323 4022 1581 4076 sponsus,
1613 4008 1668 4062 in
1693 4024 1760 4062 eo
1789 4008 1934 4075 quod

366 4095 585 4150 vestivit
623 4111 746 4150 eum
788 4095 948 4152 Pater
978 4096 1215 4152 ctelcstis
1260 4097 1353 4150 tali
1393 4098 1716 4153 vestimento
1756 4098 1938 4152 carnis

366 4186 527 4254 quale
559 4201 660 4243 nec
691 4186 950 4243 Salomon
986 4188 1041 4242 in
1087 4187 1235 4242 onmi
1268 4187 1440 4257 gloria
1485 4203 1584 4242 sua
1620 4187 1818 4241 habere
1848 4201 1940 4256 po-

436 4325 458 4357 ⁸
482 4324 622 4382 Psal.
649 4343 812 4394 Lux,
847 4327 932 4383 10.
1007 4327 1231 4384 9Matth.
1265 4344 1340 4394 vt,
1364 4327 1455 4384 29.
1534 4328 1578 4361 ιο
1614 4326 1813 4384 lJoan.
1838 4343 1899 4397 tl,
1929 4325 2010 4383 l9.

2044 3187 2158 3253 Dei,
2187 3195 2242 3241 et
2268 3187 2423 3240 initia
2447 3187 2712 3241 bonorum
2739 3200 2966 3256 Operum
2994 3189 3209 3244 docere.
3237 3189 3333 3245 llis
3361 3205 3489 3244 vero
3513 3190 3606 3259 qui

2039 3278 2390 3348 profundiora
2410 3279 2522 3348 jam
2547 3286 2818 3345 quaerunt,
2839 3286 2893 3333 et
2914 3278 3244 3334 demersiora
3269 3289 3604 3346 scrutantur,

2039 3371 2196 3440 quasi
2227 3370 2282 3424 in
2311 3370 2649 3424 convallibus
2683 3370 2765 3425 vel
2803 3385 2901 3440 pro
2931 3371 3178 3426 claritate
3206 3373 3494 3441 pudicitiae,
3525 3373 3606 3427 vel

2039 3477 2138 3532 pro
2164 3459 2372 3530 fulgore
2401 3462 2680 3530 sapientiae
2703 3459 2929 3516 efﬁcitur
2960 3462 3153 3528 lilium,
3185 3471 3243 3517 ut
3271 3471 3325 3517 et
3352 3463 3450 3531 ipsi
3479 3464 3609 3515 tiant

2042 3551 2152 3606 lilia
2173 3551 2511 3620 erumpentia
2531 3551 2597 3606 de
2623 3551 2798 3606 medio
2825 3553 3125 3621 spinarum,
3158 3551 3210 3606 id
3233 3559 3317 3606 est
3339 3551 3607 3620 fugientes

2039 3643 2391 3713 cogitationes
2427 3650 2483 3698 et
2523 3641 2915 3698 sollicitudines
2955 3642 3242 3698 saeculares
3285 3656 3406 3710 quae
3435 3641 3606 3710 spinis

2039 3734 2091 3789 in
2128 3734 2416 3805 Evangelia
2447 3744 2773 3804 comparatae
2801 3742 2948 3788 sunt.

2107 3821 2261 3880 Vers.
2291 3826 2346 3878 ⁸5.
2391 3823 2543 3879 Sicut
2575 3825 2734 3878 arbor
2773 3823 2901 3876 mali
2949 3825 3086 3874 inter
3129 3823 3272 3891 ligna
3313 3821 3478 3889 sileat,
3526 3824 3602 3877 ita

2037 3917 2301 3984 fraternus
2323 3931 2467 3968 meus
2492 3915 2629 3968 inter
2655 3913 2885 3967 medium
2907 3913 3162 3982 ﬁliorum.
3192 3912 3258 3966 In
3283 3913 3465 3967 umbra
3490 3915 3602 3984 ejus

2035 4007 2307 4074 concupiri
2338 4014 2386 4058 et
2417 4005 2549 4069 sedi,
2583 4013 2633 4058 et
2677 4005 2880 4072 fructus
2910 4005 3024 4074 ejus
3061 4005 3233 4061 dulcis
3269 4009 3324 4060 in
3364 4007 3604 4074 faucibus

2039 4096 2187 4147 meis.
2221 4093 2409 4148 Decuit
2430 4093 2647 4160 quidem
2670 4108 2926 4160 sponsum
2943 4103 2996 4148 et
3018 4095 3083 4148 de
3099 4098 3390 4163 semetipso
3405 4096 3602 4160 dicere,

2041 4184 2173 4255 quid
2192 4191 2338 4240 esset
2359 4183 2410 4236 in
2432 4197 2648 4250 campo,
2668 4182 2796 4252 quid
2819 4183 2981 4237 etiam
3004 4183 3054 4237 in
3078 4184 3446 4250 convallibus;
3466 4185 3604 4241 etde

439 4443 552 4522 (62)
595 4443 722 4500 Flos
750 4449 920 4522 campi
943 4459 988 4502 et
1017 4448 1210 4522 lilium,
1241 4456 1357 4522 etc.
1379 4447 1678 4522 Procopius
1708 4447 1935 4522 Gazmus
1966 4452 2010 4507 D
2037 4458 2206 4514 vocat,
2235 4447 2372 4522 quod
2404 4447 2457 4500 in
2487 4446 2572 4500 ria
2594 4455 2668 4522 est
2697 4455 2752 4499 ut
2788 4447 2881 4522 ﬁat
2917 4447 3141 4515 fructus.
3186 4447 3403 4502 Verbum
3427 4452 3601 4522 itaque

370 4512 512 4588 hunc
535 4515 711 4588 locum
739 4532 806 4588 ex
823 4512 1427 4588 Q'rigenersicesponit:
1462 4512 1600 4588 Ἐγὼ
1623 4519 1804 4588 ἄνθος
1827 4517 1933 4572 τοῦ

369 4582 594 4658 πξδίοξ.
632 4585 828 4658 ᾌνθοξ
846 4582 991 4654 λέῨει
1021 4587 1081 4658 τὸ
1111 4582 1292 4641 ὁδεῦὸν
1320 4587 1492 4658 ὲπὶίτὸ
1514 4582 1764 4658 faveam“
1781 4582 1931 4658 ’κᾳρ-

525 4653 610 4728 Ἐν
641 4651 732 4708 οὖν
762 4654 838 4728 τῷ
873 4651 1132 4728 πὲριγείῳ
1159 4657 1308 4728 τόπῳ
1337 4651 1751 4728 πξδίῳίρηοέντι
1770 4651 1933 4728 uvae;

367 4719 577 4798 terhth
603 4719 836 4798 νυμφίρξ
867 4719 1035 4795 Aci-705;
1066 4719 1309 4798 (scrape;
1342 4719 1739 4798 (cuneatim.
1765 4719 1931 4791 Ὄταιὺ

299 4801 323 4847 \
369 4790 473 4860 γὰρ
499 4791 621 4866 ἔλθῃ
648 4790 708 4847 τὸ
729 4790 963 4859 Ἇτέλειονξ
992 4790 1285 4866 μεταόαὶξεῖ
1311 4795 1371 4849 τὸ
1402 4790 1559 4877 iulio;
1587 4799 1666 4860 εἰς
1683 4797 1756 4875 ,τὸ
1785 4790 1934 4864 γενέ-

371 4857 500 4935 ςοαι.
518 4865 743 4935 καρπός.
783 4867 892 4918 Καὶ
919 4867 1041 4918 ἐπεὶ
1077 4867 1150 4935 μὴ
1179 4866 1337 4920 πλέον
1359 4884 1594 4935 χωρουσι
1619 4884 1711 4920 του
1740 4867 1813 4929 ὼς
1837 4867 1931 4920 ἄν-

371 4884 488 4912 ουαι
518 4884 743 4935 καρπος.
784 4884 892 4918 nat
919 4884 1041 4918 επει
1077 4885 1150 4937 μη
1179 4884 1337 4920 πλεον
1359 4884 1594 4937 χωρουσι
1619 4884 1711 4920 του
1740 4884 1813 4929 ως
1837 4884 1931 4920 αν-

369 4927 457 5006 ρος
487 4928 641 5006 λόγῳ
685 4935 777 5006 ἐπ).
808 4936 909 5006 γῆς
929 4976 942 4999 ,
978 4936 1068 4988 διὸ.
1091 4935 1249 5006 τοῦτο
1279 4937 1497 5006 γέγονεν
1523 4940 1551 4991 ὁ
1589 4936 1820 5006 νυμφίος
1857 4937 1932 5006 ᾡς

368 4997 522 5074 avde;
545 4997 634 5055 to?)
673 4997 903 5074 πεδίούτ
932 4997 1187 5059 Ἑαυτὸν
1228 4997 1338 5074 γάρ
1356 4997 1672 5067 veneratae;
1692 4997 1934 5074 [10,0399]?

367 5063 584 5151 0013.}ov
599 5073 840 5151 _.1a6’tbr_',
870 5076 1005 5151 πρὸς
1034 5075 1093 5151 cf)
1118 5063 1406 5151 6pv1i9ﬁvat
1437 5076 1542 5151 1'qu
1571 5063 1728 5151 Béga'v
1766 5063 1933 5151 ξιῦτρὖ

371 5137 696 5230 8:793???“
728 5137 1024 5230 θεᾲῗαάεὶοέι
1055 5137 1472 5230 ἡμάξϊΜῆποτε
1492 5137 1556 5230 ’ἑὲ
1580 5137 1692 5230 τρῖς
1723 5145 1820 5230 μὲν
1842 5145 1929 5230 ξδ’

367 5210 701 5280 γενεστέροις
730 5214 823 5266 καὶ
845 5210 1302 5284 ὁμαλέςη”πεδίοις
1323 5210 1740 5326 ὀνοςιαζομένοιᾷ
1772 5213 1931 5278 ἄνθος

367 5273 499 5326 ἐστὶ.
535 5285 648 5326 τοῖς
669 5282 725 5326 δὲ
749 5281 951 5326 τούτων
984 5285 1188 5326 vam-mc}
1201 5301 1311 5326 me:
1345 5302 1435 5326 vn,
1462 5284 1782 5326 variare-inm:
1811 5283 1930 5326 νηί-

366 5273 648 5359 ἐστὶΆτοξς
669 5273 725 5334 δὲ
749 5273 951 5359 causam
984 5273 1311 5359 κατωςεὲροιξ
1345 5273 1782 5359 κᾳξχὸιῖιοτξὲρόες
1811 5273 1930 5359 κρίξ

365 5359 467 5395 9'”-
492 5345 691 5423 ξΓαῦτα
724 5355 898 5420 φήσας
925 5357 953 5403 ὁ
978 5345 1210 5424 νυμφίοξ
1230 5345 1559 5425 πάραϐἀλλει
1585 5345 1684 5423 rip}
1704 5345 1927 5424 πλησίον

361 5411 734 5495 αρτου.ἄλλ⁰ἱις
756 5421 1072 5495 θυγᾳτράσι,
1105 5427 1221 5495 τᾳῖς
1238 5423 1455 5495 -λριπαῖς
1482 5424 1697 5495 ψυχαῖς,
1728 5423 1925 5495 αἵτινές

361 5481 491 5564 slew
511 5481 757 5564 ﬁxa-vlidi.
785 5481 953 5564 [iuri]
984 5481 1474 5564 πάραβαλλόμεναῖ.
1496 5481 1758 5549 ’Τὸἶαῦιὲαι
1784 5494 1840 5548 δὲ
1866 5481 1921 5546 al

373 5550 446 5638 ιέὴ
471 5552 702 5638 claci?"
726 5558 830 5638 3ρῦ
863 5550 1314 5638 νυὶὶφξοῦ,ψυκᾳί³
1341 5565 1378 5638 ἡ
1403 5565 1457 5618 δὲ
1486 5565 1706 5638 πλησίον
1724 5565 1920 5638 δρίνον

379 5622 432 5672 ὲν
464 5622 613 5694 pici,»
638 5622 944 5698 διαλάμποῦ
969 5622 1163 5687 dorsi.
1190 5622 1304 5703 'Ego
1340 5622 1438 5703 flos
1480 5622 1665 5710 campi.
1707 5622 1916 5693 θιὼ-ενι

2037 4516 2278 4592 sponsus,
2307 4519 2373 4592 in!
2396 4526 2596 4592 (ei-rgno
2625 4516 2738 4592 loco
2767 4518 2855 4585 qui
2885 4532 3098 4592 campus
3135 4528 3481 4592 nuncupatur,
3501 4516 3598 4592 ﬂos

2036 4599 2112 4644 est
2134 4590 2179 4662 si
2206 4605 2320 4640 cum
2347 4587 2542 4654 futuris
2571 4589 2892 4662 conferatur.
2921 4585 3051 4662 Cum
3076 4587 3211 4638 enim
3243 4591 3434 4662 reuerit
3464 4585 3600 4662 quod

2035 4659 2431 4731 perfectuntest,
2465 4658 2754 4731 mutabitur
2783 4656 2880 4722 [los
2908 4664 2965 4731 ut
2997 4655 3199 4722 [ructus
3224 4659 3342 4725 ﬁat.
3381 4659 3445 4712 Et
3475 4655 3600 4731 quia

2038 4725 2138 4782 non
2168 4727 2393 4797 amplius
2433 4725 2645 4798 capiunt
2677 4740 2833 4792 quant
2863 4725 3066 4798 verbum
3094 4737 3353 4794 quatenus
3390 4725 3499 4798 Ποέ
3523 4741 3599 4785 est

2036 4813 2188 4865 super
2209 4796 2423 4861 terram,
2447 4796 2643 4866 idcirco
2665 4798 2882 4866 sponsus
2909 4803 2962 4846 ut
2985 4797 3083 4864 ﬂos
3108 4801 3277 4864 campi
3303 4796 3475 4866 [actus
3490 4814 3600 4855 est:

2035 4864 2159 4921 nam
2187 4886 2203 4918 ι
2233 4868 2460 4936 seipsum
2488 4864 2774 4938 cxi‘nanivit
2827 4864 3052 4932 formam
3097 4864 3547 4938 serviarcipiens,
3575 4891 3593 4920 ι

2037 4947 2092 4990 ut
2121 4953 2213 4990 nos
2239 4933 2415 5005 postea
2445 4933 2668 5003 gloriam
2696 4933 2806 5002 ejus
2833 4950 3174 5005 cernet-emus.
3205 4933 3506 4992 Forte'vero
3532 4941 3598 4992 iis

2035 5007 2124 5076 qui
2148 5004 2312 5076 magis
2334 5005 2542 5076 ingenui
2566 5012 2686 5057 sunt
2714 5020 2775 5056 ac
2795 5004 3018 5072 wquales
3045 5008 3216 5073 campi
3239 5007 3597 5074 appellantur,

2037 5073 2136 5145 ﬂos
2169 5073 2376 5130 exsistit
2396 5073 2422 5145 7;,
2456 5073 2563 5145 illis
2594 5091 2711 5145 vero
2733 5075 2822 5145 qui
2851 5084 2971 5126 sunt
3003 5075 3121 5128 istis
3150 5073 3498 5144 depreSsiores
3536 5093 3600 5128 ac

2040 5142 2204 5215 magis
2242 5147 2374 5211 cari,
2408 5144 2603 5215 lilium.
2637 5143 2760 5197 "ac
2785 5142 2990 5196 locutus
3020 5142 3262 5215 sponsus,
3283 5147 3597 5215 proximam

2039 5212 2188 5269 sua—ut
2221 5215 2431 5284 reliquis
2459 5212 2671 5283 ﬁliabus
2712 5222 2982 5284 comparat
3028 5212 3172 5284 (aliis
3208 5213 3438 5284 videlicet
3472 5215 3585 5268 aui-

2037 5280 2374 5354 mabus)qua:
2393 5280 2511 5336 sunt
2544 5285 2708 5353 spina:
2730 5280 2938 5352 quando
2961 5280 3079 5334 cunt
3106 5283 3203 5335 hac
3229 5283 3590 5350 conferuntur.
3641 5301 3654 5306 α

2038 5355 2190 5409 Tales
2221 5356 2382 5423 igitur
2409 5355 2599 5408 anima:
2636 5364 2776 5412 sunt,
2800 5367 2916 5421 qua:
2935 5368 3042 5423 non
3066 5363 3184 5405 sunt
3214 5355 3388 5420 sponsi
3413 5355 3597 5422 promi-‘-

2032 5442 2129 5480 ntu:
2145 5441 2163 5489 ,'
2189 5421 2304 5494 qua:
2332 5434 2505 5478 autem
2534 5424 2776 5492 proxima
2797 5431 2894 5486 est,
2925 5421 3099 5473 lilium
3125 5431 3201 5474 est
3235 5421 3459 5479 candore
3486 5423 3595 5478 mi—

2029 5512 2153 5548 cans
2181 5496 2236 5548 in
2265 5495 2432 5548 medio
2460 5509 2662 5546 earum.

2099 5564 2208 5634 (65)
2252 5562 2402 5630 Mss.,
2435 5564 2496 5618 de
2525 5562 2784 5618 Ecclesia.
2815 5558 2979 5624 Etlit.,
3019 5557 3327 5618 Ecclesium.
