4236 6282
176 262 269 319 153

1511 260 1713 332 LIBER
1754 264 2070 335 manus".

2106 140 2160 159 ο.)

3322 279 3431 337 {56

174 388 354 437 sancto
381 385 668 454 permotus
710 387 975 459 pmpheta
1005 389 1172 446 vitam
1202 392 1272 448 de
1308 394 1505 449 umbra
1543 394 1747 450 Christi
1779 403 1825 459 Α
1857 396 2056 450 habere
2085 397 2475 460 necessariam,
2520 406 2739 466 propter
2768 392 2931 450 illum
2970 395 3133 451 credo
3172 394 3424 451 ardorem

169 473 384 544 praeberi
414 476 669 546 gentibus
689 478 843 547 dicit;
864 489 921 536 et
944 483 1227 552 quomodo
1252 500 1362 539 non
1388 486 1560 540 vitam
1590 487 1745 542 nobis

166 565 387 635 prebeat
410 569 537 636 ejus
568 569 786 637 umbra,
818 588 943 628 cum
983 585 1039 630 et
1086 577 1141 630 in
1185 587 1450 648 conceptu
1499 579 1757 649 corporis

169 652 301 710 illius
342 657 409 711 ad
440 656 679 714 Mariam
713 661 931 716 dicatur
968 683 982 719 :
1029 664 1265 734 Spiritus
1317 678 1534 723 sanctus
1579 670 1746 723 variet

163 760 303 818 super
325 759 394 815 te,
426 759 486 804 et
522 751 693 807 virtus
726 754 991 811 Altissimi
1032 760 1365 815 obumbrabit
1416 760 1512 816 tibi
1544 763 1618 817 "‘l
1685 763 1743 818 Si

164 856 274 912 ergo
298 844 660 903 obumbralio
677 848 781 905 fuit
806 851 1070 907 Altissimi
1099 855 1154 909 in
1193 863 1459 926 conceptu
1499 858 1744 927 corporis

162 932 282 1002 ejus,
307 938 518 992 merito
530 938 725 995 umbra
748 941 870 1012 ejus
892 945 1059 999 vitam
1082 946 1336 1016 gentibus
1358 948 1525 1004 dabit.
1551 947 1616 1003 Et
1639 964 1748 1003 mc-

161 1022 250 1078 rito
271 1040 484 1095 sponsa
507 1027 628 1100 ejus
653 1029 893 1088 Ecclesia
912 1035 1017 1089 sub
1046 1036 1169 1090 meli
1197 1037 1390 1092 umbra
1407 1037 1596 1093 sedere
1614 1053 1746 1092 con-

158 1113 398 1185 cupiscit,
428 1118 559 1175 sine
586 1120 754 1176 dubio
782 1131 841 1178 ut
864 1124 1006 1190 vitaz,
1034 1141 1157 1195 qua:
1193 1128 1350 1183 estin
1388 1128 1507 1198 ejus
1526 1129 1742 1194 umbra,

155 1205 416 1277 particeps
444 1208 564 1264 fiat.
592 1208 948 1283 Reliquorum
977 1229 1108 1272 Vero
1138 1216 1412 1289 lignorum
1446 1218 1596 1274 silvae
1623 1235 1744 1273 um-

155 1295 241 1348 bra
267 1298 393 1353 talis
426 1309 538 1368 est,
566 1308 627 1357 ut
651 1302 747 1373 qui
778 1304 979 1360 sederit
1012 1306 1116 1361 snb
1146 1307 1290 1377 ipsa,
1330 1309 1520 1377 sedere
1558 1309 1763 1365 videa—‘

156 1397 234 1441 tur
264 1388 319 1443 in
354 1393 585 1464 regione
616 1395 826 1451 umbra:
852 1397 1068 1452 mortis.
1099 1395 1205 1454 Sed
1253 1398 1434 1455 adhuc
1468 1408 1527 1456 ut
1562 1401 1741 1472 magis

151 1493 210 1532 ac
249 1481 428 1552 magis
454 1482 670 1552 planior
700 1485 964 1541 reddatur
990 1487 1141 1543 locus
1163 1489 1257 1560 qui
1290 1488 1518 1546 habetur
1550 1491 1603 1546 in
1637 1508 1744 1547 ma-

151 1571 328 1636 nibus,
369 1575 721 1644 requiramus
747 1580 1023 1648 quomodo
1071 1580 1365 1650 Apostolus
1390 1582 1534 1639 dicat
1567 1584 1738 1657 legem

152 1666 397 1722 umbram
430 1669 631 1724 habere
658 1668 971 1727 futurorum
1008 1671 1277 1729 bonorum
1320 1673 1362 1705 ¹⁷
1387 1714 1404 1739 ,
1454 1688 1509 1731 et
1556 1679 1739 1733 omnia

1847 486 2003 551 solis,
2037 488 2130 557 qui
2161 501 2288 541 cum
2325 495 2550 540 exortus
2580 485 2762 553 fuerit,
2786 486 3045 541 continuo
3069 502 3252 543 semen
3278 491 3425 558 quod

1846 594 1961 633 non
1993 579 2101 633 alta
2133 578 2315 634 radice
2351 577 2662 632 demersum
2697 585 2811 642 est,
2846 576 3049 631 arescit
3093 592 3159 632 ac
3192 578 3421 649 deperit.

1849 667 1953 723 Sed
1981 669 2127 723 hunc
2154 669 2410 723 ardorem
2439 667 2673 721 tenuiter
2691 666 2909 734 quidem
2941 665 3075 736 legis
3098 668 3287 722 umbra
3310 684 3425 737 pro-

1846 762 1996 831 pellit
2029 779 2044 815 :
2077 760 2282 816 Christi
2313 773 2444 815 vero
2470 758 2668 814 umbra
2695 757 2750 811 in
2776 773 2883 828 qua
2915 772 3064 812 nunc
3091 757 3144 811 in
3179 761 3427 829 gentibus

1844 853 2104 919 vivimus,
2127 853 2181 907 id
2206 860 2292 907 est
2316 848 2713 905 incarnationis
2734 849 2857 918 ejus
2882 848 3016 904 fides
3032 888 3048 909 .
3090 859 3301 905 avertet
3331 867 3431 921 pe-

1847 943 1997 999 nitus
2032 953 2088 998 et
2139 941 2465 1012 exstinguet.
2503 939 2594 995 Ille
2622 940 2767 995 enim
2813 940 2906 1010 qui
2940 941 3205 997 adurebat
3239 944 3431 999 ambu-

1846 1034 2027 1089 lantes
2054 1033 2160 1089 sub
2191 1032 2384 1087 umbra
2419 1030 2574 1103 legis,
2607 1038 2857 1101 tempore
2887 1031 3158 1101 passionis
3199 1033 3428 1103 Christi,

1846 1124 1990 1178 sicut
2018 1121 2202 1192 fulgur
2230 1122 2385 1177 visus
2413 1130 2495 1176 est
2533 1120 2800 1176 cecidisse
2840 1120 2910 1175 de
2950 1122 3128 1189 coelo,
3176 1125 3430 1192 quamvis

1844 1212 2008 1270 etiam
2037 1213 2158 1282 ejus
2181 1210 2391 1266 umbra:
2416 1220 2630 1280 tempus
2657 1211 2710 1265 in
2736 1210 2843 1265 ﬁne
2864 1212 3048 1266 saeculi
3071 1213 3429 1283 compleatur,

1844 1306 1995 1375 quia,
2028 1306 2176 1360 sicut
2202 1303 2476 1369 diximus,
2519 1311 2643 1373 post
2675 1303 3210 1359 consummationem
3244 1307 3428 1361 saeculi

1840 1394 1953 1465 jam
1984 1410 2221 1465 non-per
2249 1394 2554 1465 speculum,
2585 1408 2685 1449 nec
2708 1393 2761 1446 in
2790 1393 3077 1465 aenigmate
3099 1432 3115 1460 ,
3152 1396 3246 1450 sed
3288 1394 3429 1453 facie

1842 1483 1910 1538 ad
1941 1483 2134 1539 faciem
2163 1484 2472 1539 videbimus
2501 1483 2789 1538 veritatem
2828 1488 2893 1538 η.
2926 1483 3123 1540 Simile
3147 1500 3269 1541 esse
3294 1494 3427 1556 puto

1841 1584 1895 1630 et
1921 1574 2052 1630 illud
2081 1575 2228 1645 quod
2257 1577 2520 1646 scriptum
2544 1586 2627 1631 est
2663 1593 2678 1630 :
2714 1574 2823 1630 Sub
2852 1577 3041 1630 umbra
3063 1577 3276 1631 alarum
3305 1586 3431 1633 tua-

1842 1667 2261 1722 runteasultabo
2298 1669 2366 1723 ²⁰.
2409 1667 2516 1723 Sed
2543 1675 2599 1722 et
2642 1666 2696 1720 in
2743 1668 3096 1738 sequentibus
3140 1667 3305 1739 hujus
3359 1670 3430 1723 li-

149 1767 263 1823 qua:
286 1755 374 1809 vel
405 1755 475 1810 de
498 1756 692 1812 diebus
719 1756 890 1826 festis,
915 1757 1002 1815 vel
1028 1761 1293 1826 sabbatis,
1323 1738 1408 1817 vel
1434 1767 1739 1824 neomeniis
1773 1738 1814 1793 Β
1842 1757 1966 1813 hem
1997 1759 2069 1813 ila
2094 1759 2225 1813 (Ιίείι
2247 1774 2447 1829 Sponsa
2481 1778 2495 1814 ε
2546 1756 2841 1814 “diem”
2877 1772 3022 1813 me!“
3060 1738 3223 1825 mihi;
3245 1770 3297 1815 σε
3333 1776 3428 1830 €90

147 1844 342 1915 scripta
364 1855 518 1913 sunt,
540 1849 787 1905 umbram
803 1865 924 1910 esse
942 1861 1207 1909 memoret
1230 1853 1538 1910 futurorum
1569 1856 1741 1913 bono-
1840 1849 1927 1904 illi
1954 1851 2076 1920 ipsi,
2110 1851 2201 1921 qui
2234 1853 2404 1921 pascit
2429 1852 2566 1906 inter
2601 1852 2721 1906 lilia
2750 1852 2916 1905 donec
2952 1852 3168 1921 respiret
3205 1853 3348 1916 dies,
3373 1862 3425 1906 et

145 1950 284 2003 rum,
320 1937 379 1993 in
417 1939 502 1994 his
548 1940 754 1997 scilicet
796 1959 919 2012 qua:
958 1944 1262 2000 secundum
1304 1945 1540 2001 litteram
1582 1963 1738 2017 gere-
1843 1953 2188 1995 amoveantur
2207 1942 2410 1997 umbrat
2438 1944 2508 2009 “,
2540 1943 2779 1999 edocens
2800 1957 2900 2011 per
2944 1943 3050 1998 hoc
3073 1944 3220 2012 quod
3246 1946 3428 2000 veniet

4034 752 4057 959 ἐ

4032 940 4053 1077 ξι

4028 1082 4051 1477 l

4032 1496 4045 1539 ἓ

4026 1546 4043 1627 Ἰ

4028 1630 4044 1713 ἒ

4028 1724 4045 1773 ῑῖ

144 2024 399 2093 bantur;
448 2037 506 2084 et
551 2034 827 2097 quomodo
890 2049 1111 2091 omnem
1166 2030 1408 2091 veterum
1468 2032 1739 2094 culturam

140 2118 435 2187 exemplar
479 2128 535 2172 et
578 2120 827 2175 umbram
880 2125 1200 2192 pronuntiet
1242 2141 1365 2185 esse
1394 2120 1733 2185 ‘cmlestium.

144 2208 304 2272 Quod
341 2207 535 2280 utique
561 2209 610 2264 si
640 2209 716 2266 ita
749 2221 852 2278 est,
882 2215 1249 2273 ostenduntur
1297 2214 1403 2273 sub
1438 2218 1631 2275 umbra
1666 2220 1745 2274 le»

142 2301 218 2372 gis
273 2300 494 2357 sedisse
539 2317 733 2360 omnes
781 2305 1098 2377 quicunque
1142 2308 1248 2364 sub
1278 2308 1397 2380 lege
1442 2319 1631 2375 erant,
1683 2319 1739 2366 ct

145 2396 402 2450 mnbram
452 2394 627 2462 magis
677 2411 820 2452 vera:
868 2397 1004 2471 legis
1047 2398 1337 2455 habebant.
1389 2399 1503 2455 Nos
1555 2410 1736 2456 autem

147 2485 305 2541 alieni
334 2501 531 2541 sumus
562 2487 632 2540 ah
664 2487 857 2542 umbra
906 2502 1130 2555 eorum,
1172 2474 1432 2559 quoniam
1471 2491 1579 2561 72
1626 2507 1732 2547 non

148 2594 337 2634 sumus
368 2579 473 2634 sub
498 2580 636 2650 lege,
664 2580 761 2635 sed
787 2579 890 2635 sub
924 2578 1121 2650 gratia.
1170 2580 1276 2636 Sed
1315 2584 1570 2651 quamvis
1621 2599 1731 2638 non

150 2669 318 2724 simus
345 2670 453 2725 sub
495 2670 689 2725 umbra
721 2669 812 2726 illa
859 2686 1026 2740 quam
1076 2672 1209 2743 legis
1251 2672 1429 2728 littera
1474 2672 1729 2737 faciebat.

151 2775 334 2817 sumus
367 2769 552 2817 tamen
600 2764 703 2818 sub
737 2762 931 2818 umbna
976 2763 1217 2819 meliore.
1254 2765 1314 2820 In
1348 2766 1542 2823 umbra
1584 2767 1730 2822 enim

151 2851 350 2909 Christi
381 2852 621 2909 vivimus
643 2854 786 2910 inter
819 2863 1031 2926 gentes.
1064 2854 1131 2911 Et
1157 2863 1241 2912 est
1280 2842 1558 2928 profectus
1607 2858 1732 2928 qui-

153 2941 269 2996 dam
297 2943 366 2998 de
398 2943 598 2998 umbra
619 2943 753 3014 legis
785 2945 972 3000 venire
1004 2945 1070 3001 ad
1102 2946 1351 3002 umbram
1393 2946 1621 3014 Christi;
1672 2957 1732 3003 ut

1846 2037 2085 2097 tempus,
2112 2024 2249 2083 cum
2268 2044 2461 2086 omnes
2494 2032 2704 2085 umbra:
2735 2032 3195 2095 removebantur,
3246 2044 3301 2091 et
3334 2048 3426 2102 per

1849 2116 2286 2173 misericordiam
2326 2118 2421 2174 Dei
2450 2121 2656 2189 patebit
2677 2120 2879 2175 veritas
2905 2122 3043 2175 sola.
3069 2121 3175 2176 Sed
3205 2123 3427 2191 etquod

1845 2207 1924 2262 ait
1954 2225 1969 2261 :
2004 2207 2075 2262 Et
2101 2209 2306 2278 fructus
2334 2210 2450 2280 ejus
2493 2211 2665 2267 dulcis
2691 2214 2751 2267 in
2796 2212 3043 2283 faucibus
3084 2213 3234 2281 meis,
3279 2213 3428 2270 illius

1844 2301 2087 2356 animam
2124 2302 2233 2357 hoc
2268 2303 2432 2358 credo
2478 2303 2694 2371 dicere,
2727 2319 2852 2375 quae
2888 2303 3023 2359 nihil
3072 2317 3381 2360 emortuum
3410 2345 3426 2372 ,

1842 2392 1979 2447 nihil
2001 2392 2319 2449 insensibile
2347 2393 2512 2450 habet
2534 2395 2588 2449 in
2628 2395 2879 2452 faucibus
2907 2397 3045 2461 suis,
3074 2404 3133 2452 et
3165 2397 3220 2451 in
3265 2398 3416 2453 nullo

1838 2495 2067 2553 prorsus
2089 2482 2288 2539 similis
2319 2486 2405 2541 est
2432 2485 2542 2541 illis
2573 2486 2642 2541 de
2685 2487 2888 2557 quibus
2933 2486 3134 2542 dicitur
3177 2504 3194 2541 :
3230 2486 3429 2557 Sepul-

1838 2589 1987 2628 crum
2030 2583 2215 2643 patens
2256 2585 2333 2630 est
2378 2586 2565 2646 guttur
2586 2592 2769 2631 eorum
2804 2580 2872 2631 “.
2911 2576 3238 2647 Quicunque
3278 2579 3422 2633 enim

1836 2669 2006 2725 verba
2037 2668 2235 2725 mortis
2263 2675 2318 2724 et
2344 2669 2600 2724 interitus
2625 2668 2693 2723 de
2720 2667 2969 2723 faucibus
3003 2666 3314 2738 proferunt,
3340 2669 3424 2738 ip-

1840 2773 2031 2816 sorum
2063 2757 2254 2816 fauces
2279 2761 2529 2831 sepulcra
2551 2760 2812 2817 dicuntur
2839 2779 2853 2816 :
2896 2759 3040 2817 sicut
3065 2770 3196 2816 sunt
3225 2775 3420 2818 omnes

1842 2850 1935 2919 qui
1968 2851 2052 2906 vel
2089 2860 2283 2907 contra
2316 2865 2502 2906 veram
2530 2850 2688 2907 fidem
2721 2851 3019 2921 loquuntur
3041 2892 3058 2919 ,
3103 2850 3188 2906 vel
3226 2861 3420 2908 contra

1837 2941 2182 3013 disciplinam
2210 2943 2499 3009 castitatis,
2529 2952 2584 2997 et
2605 2941 2851 3012 iustitiae,
2892 2952 2946 2998 et
2970 2942 3278 2998 sobrietatis
3322 2942 3420 2997 ali-

155 3033 270 3100 qnia
292 3033 553 3088 Christus
579 3041 664 3090 est
699 3035 829 3102 vita,
866 3044 919 3090 et
948 3035 1176 3104 veritas,
1209 3044 1265 3091 et
1304 3037 1411 3102 via,
1433 3036 1733 3093 efﬁciamur
1758 3078 1809 3145 ο
1837 3032 1970 3104 quid
1994 3032 2298 3103 proferunt.
2319 3032 2426 3104 ipsi
2454 3048 2586 3104 ergo
2614 3045 2744 3092 sunt
2764 3048 2999 3105 quorum
3027 3033 3212 3091 fauces
3235 3035 3422 3103 sepul-

158 3123 321 3189 primo
348 3123 405 3178 in
439 3123 636 3179 umbra
657 3124 780 3192 viae,
805 3132 861 3180 et
887 3125 942 3179 in
972 3125 1164 3180 umbra
1192 3126 1336 3191 vitae,
1372 3134 1427 3181 et
1449 3126 1502 3181 in
1536 3128 1730 3182 umbra
1760 3123 1809 3145 ν
1835 3139 1929 3180 cra
1959 3134 2088 3181 sunt
2119 3134 2175 3182 et
2200 3126 2321 3182 loca
2353 3126 2567 3192 mortis,
2611 3127 2756 3181 unde
2798 3127 2990 3182 mortis
3025 3126 3187 3181 verba
3234 3127 3422 3197 profe-

157 3215 412 3283 veritatis,
449 3223 513 3270 ut
542 3217 1076 3287 comprehendamus
1105 3234 1172 3273 ex
1202 3230 1376 3289 parte,
1408 3228 1460 3274 et
1499 3218 1556 3274 in
1608 3234 1726 3289 spc-

156 3305 264 3361 culo
291 3322 356 3361 ac
388 3306 449 3363 in
478 3307 862 3378 :enigmate,ut
886 3309 1176 3378 posthaec,
1211 3310 1257 3365 si
1283 3309 1602 3366 incedamus
1631 3325 1731 3380 per

158 3394 282 3452 hanc
305 3398 482 3463 viam,
513 3413 640 3468 quae
658 3406 743 3454 est
761 3398 1037 3464 Christus,
1065 3399 1351 3470 pervenire
1374 3400 1653 3471 possimus
1674 3401 1727 3455 in

160 3484 276 3555 hoc,
306 3499 366 3545 ut
391 3489 537 3546 facie
582 3489 650 3545 ad
684 3489 879 3545 faciem
920 3492 1452 3563 comprehendamus
1491 3508 1556 3549 ea
1608 3508 1732 3564 qua:

158 3579 296 3646 prius
340 3581 506 3652 quasi
539 3580 597 3637 in
636 3581 829 3637 umbra
865 3590 919 3637 et
964 3582 1020 3636 in
1061 3583 1350 3653 aenigmate
1389 3582 1726 3639 videramus.

157 3666 259 3726 Non
281 3672 431 3727 enim
462 3672 587 3743 quis
607 3673 806 3743 poterit
833 3675 901 3728 ad
930 3672 1019 3727 illa
1048 3688 1173 3744 quae
1205 3689 1331 3729 vera
1359 3681 1490 3729 sunt
1518 3681 1573 3729 et
1597 3689 1720 3744 per-

157 3762 280 3819 fecta
309 3764 618 3836 pervenire,
658 3765 764 3821 nisi
800 3765 960 3837 prius
991 3765 1384 3822 desideraverit
1426 3775 1476 3821 et
1525 3780 1730 3822 concu-

157 3856 302 3924 pierit
338 3857 397 3912 in
449 3856 555 3911 hac
587 3856 781 3912 umbra
824 3858 1084 3914 residere.
1119 3858 1224 3913 Sed
1257 3868 1311 3912 et
1358 3856 1462 3913 .Iob
1507 3872 1725 3914 omnem

159 3945 426 4003 hominum
458 3948 624 4002 vitam
646 3947 777 4003 dicit
800 3963 923 4005 esse
945 3950 1196 4005 umbram
1222 3964 1387 4020 super
1409 3960 1608 4005 terram
1632 3952 1676 3983 "
1703 3971 1718 4008 :

160 4040 306 4095 credo
336 4057 439 4112 pro
468 4056 535 4096 eo
565 4040 712 4112 quod
742 4041 927 4096 anima
953 4042 1009 4095 in
1031 4040 1265 4098 hae‘vita
1288 4043 1593 4097 velamento
1616 4042 1721 4097 bu-

156 4129 235 4196 jus
261 4135 434 4190 crassi
467 4135 713 4204 corporis
740 4134 1123 4189 obumbratur.
1157 4133 1362 4188 Omnes
1387 4147 1519 4202 ergo
1544 4133 1638 4202 qui
1670 4133 1727 4188 in

160 4220 251 4275 hac
275 4224 381 4277 vita
428 4231 580 4288 sunt,
610 4238 835 4280 necesse
867 4231 953 4278 est
979 4222 1034 4277 in
1078 4221 1275 4278 umbra
1314 4222 1550 4293 quadam
1581 4236 1726 4277 esse.

162 4308 252 4365 Sed
299 4315 390 4369 alii
429 4314 653 4385 quidem
695 4322 828 4370 sunt
866 4312 1120 4371 sedentes
1165 4314 1220 4369 in
1260 4313 1484 4386 regione
1521 4314 1729 4370 umbra:

1836 3225 2054 3272 runtur.
2089 3216 2285 3274 Justus
2315 3229 2498 3274 autem
2528 3216 2661 3273 dicit
2709 3233 2723 3269 :
2758 3216 2935 3284 Quam
2966 3219 3148 3273 dulcia
3175 3219 3418 3289 faucibus

1832 3308 1959 3363 meis
1981 3309 2189 3380 eloquia
2210 3323 2303 3366 tua
2327 3312 2375 3344 "
2399 3313 2411 3366 !
2453 3310 2521 3367 Et
2541 3311 2685 3366 alius
2710 3312 2803 3382 qui
2831 3311 2997 3366 verba
3020 3314 3144 3367 vita:
3165 3312 3417 3380 docebat,

1833 3400 1904 3454 ita
1928 3386 2067 3456 dicit
2097 3421 2110 3456 :
2145 3402 2217 3458 Os
2241 3415 2479 3458 nostrum
2504 3412 2648 3473 patet
2687 3401 2757 3456 ad
2791 3419 2900 3468 vos,
2928 3419 2960 3456 ο
2995 3401 3294 3469 Corinthii,
3329 3420 3420 3458 cor

1833 3500 2080 3546 nostrum
2103 3494 2389 3549 dilatatam
2416 3504 2493 3549 est
2519 3494 2587 3550 “.
2615 3492 2721 3548 Sed
2748 3503 2798 3548 et
2828 3494 2969 3549 alius
2996 3495 3090 3565 qui
3124 3495 3291 3550 verbo
3321 3493 3416 3549 Dei

1834 3586 2051 3655 aperuit
2082 3602 2146 3642 os
2166 3602 2350 3654 suum,
2383 3589 2562 3659 inquit
2593 3605 2608 3642 :
2634 3585 2708 3644 0s
2741 3603 2913 3642 meum
2935 3589 3118 3658 aperui
3141 3596 3191 3641 et
3215 3588 3418 3640 attraxi

1833 3676 2082 3747 spiritum
2104 3678 2170 3733 ”.

1900 3768 2052 3827 Vers.
2093 3770 2147 3826 4.
2193 3768 2522 3826 lntroducite
2546 3787 2627 3826 me
2667 3771 2722 3826 in
2746 3772 2964 3826 domum
3003 3770 3132 3824 vini.
3183 3769 3411 3840 Sponsae

1831 3863 1999 3918 verba
2027 3860 2144 3934 (66)
2167 3862 2521 3926 adhncsunt,
2551 3861 2646 3918 sed
2684 3863 2752 3916 ad
2789 3860 2998 3916 amicos
3029 3870 3083 3915 et
3118 3860 3415 3921 familiares

1830 3952 2043 4023 sponsi,
2074 3963 2137 4009 ut
2158 3953 2417 4021 arbitror,
2457 3952 2771 4023 diriguntur
2823 3969 2838 4005 :
2882 3966 2912 4005 a
2960 3952 3161 4022 quibus
3203 3954 3417 4013 videtur

1830 4057 2150 4111 exposcere,
2183 4051 2244 4095 ut
2271 4043 2619 4095 introducant
2648 4057 2769 4095 eam
2807 4041 2862 4094 in
2915 4042 3141 4099 domum
3190 4046 3416 4114 laetitiae,

1831 4131 1922 4185 ubi
1948 4131 2136 4184 vinum
2156 4130 2360 4184 bibitur
2388 4139 2443 4184 et
2470 4131 2646 4199 epulae
2673 4140 2957 4201 parantur.
2986 4132 3119 4198 Qua:
3145 4135 3415 4202 enimjam

1830 4221 2044 4276 viderat
2074 4219 2390 4276 cubiculum
2442 4220 2688 4292 regium,
2731 4218 3006 4277 desiderat
3057 4223 3221 4278 etiam
3273 4240 3419 4283 nunc

1831 4314 2012 4387 regale
2041 4315 2270 4370 introire
2295 4313 2602 4370 convivium
2628 4322 2684 4371 et
2709 4313 2816 4369 frui
2843 4314 2971 4370 vino
2993 4315 3208 4373 laetitiae
3240 4314 3416 4389 Supra

162 4404 355 4472 mortis,
388 4406 441 4460 hi
467 4405 711 4476 profecto
748 4406 841 4477 qui
869 4421 976 4461 non
1004 4406 1235 4462 credunt
1261 4406 1504 4462 Christo.
1532 4404 1719 4462 Eccle—
1751 4416 1794 4471 D
1819 4409 1931 4481 jam
1964 4408 2206 4463 diximus
2233 4406 2438 4463 amicos
2464 4409 2674 4478 sponsi,
2708 4409 3003 4480 prophetas
3026 4419 3081 4465 ct
3100 4425 3293 4468 omnes
3319 4412 3416 4484 qui

163 4492 233 4548 sia
263 4511 387 4553 vero
418 4512 543 4553 cum
575 4496 770 4552 llducia
798 4496 932 4553 dicit
963 4515 978 4553 :
1009 4496 1075 4551 In
1101 4495 1289 4551 umbra
1316 4498 1496 4566 sponsi
1525 4514 1720 4551 concu-

165 4584 253 4651 pivi
276 4599 322 4641 et
343 4589 493 4655 sedi;
539 4590 791 4660 quamvis
828 4597 975 4645 certe
1015 4586 1182 4643 fuerit
1220 4597 1433 4658 tempus
1474 4603 1585 4658 quo
1624 4603 1724 4659 po-

166 4678 307 4733 tuerit
331 4678 457 4749 quis
488 4679 592 4735 sub
625 4679 821 4735 umbra
847 4678 980 4748 legis
1010 4678 1260 4735 residens
1290 4677 1508 4737 defendi
1537 4694 1570 4734 a
1617 4679 1723 4734 dus

1829 4501 2280 4557 ministraverunt
2308 4499 2534 4554 verbum
2565 4498 2683 4565 Dei,
2717 4501 2787 4556 ab
2815 4501 2971 4556 initio
2993 4502 3177 4557 saeculi
3212 4503 3414 4559 intelli-

1832 4591 2060 4662 gendos,
2091 4590 2157 4646 ad
2191 4604 2331 4660 quos
2357 4598 2504 4646 recte
2533 4589 2620 4644 vel
2647 4588 2894 4644 Ecclesia
2917 4589 3143 4656 Christi,
3176 4591 3260 4647 vel
3291 4592 3415 4648 ani-

1832 4696 1922 4736 ma
1957 4681 2127 4735 verbo
2153 4679 2246 4736 Dei
2275 4680 2557 4736 adhaerens
2588 4679 2736 4734 dicat
2776 4688 2837 4735 ut
2864 4694 2925 4736 se
2967 4680 3316 4740 introducant
3354 4686 3409 4742 in

169 4764 272 4822 ritis
291 4771 502 4827 ardoris
525 4780 579 4827 et
606 4780 792 4828 aestus.
826 4769 933 4826 Sed
961 4770 1177 4827 transiit
1201 4771 1334 4827 illud
1364 4780 1599 4842 tempus,
1627 4787 1715 4828 ve—
1827 4772 2050 4829 domum
2095 4756 2329 4849 vini,'id
2375 4781 2479 4840 est,
2522 4771 2613 4826 ubi
2654 4772 2920 4841 sapientia
2974 4775 3194 4832 miscuit
3214 4779 3270 4833 in
3292 4796 3412 4835 cra-

170 4859 399 4920 niendum
444 4874 527 4920 est
576 4880 727 4921 nunc
772 4866 842 4920 ad
890 4863 1104 4920 arboris
1150 4865 1276 4920 meli
1320 4866 1613 4930 umbram;
1665 4873 1722 4919 et
1827 4871 1943 4920 tere
1979 4865 2166 4921 vinum
2194 4880 2393 4932 suum,
2437 4873 2492 4920 et
2543 4864 2864 4934 deprecatur
2899 4881 2996 4936 per
3045 4884 3232 4925 servos
3278 4886 3412 4928 suos

170 4953 395 5015 quamvis
424 4954 639 5010 diversa
668 4954 794 5025 quis
823 4960 1007 5008 utatur
1038 4953 1253 5019 umbra,
1284 4954 1500 5010 videtur
1535 4961 1717 5007 tamen
1824 4968 2041 5009 omnem
2075 4956 2419 5026 insipientem
2447 4963 2503 5010 et
2532 4963 2779 5025 egentem
2815 4971 3005 5026 sensu,
3034 4959 3222 5017 dicens
3256 4979 3271 5016 :
3309 4961 3408 5016 Va-

169 5044 326 5101 omnis
350 5046 555 5115 anima,
583 5047 761 5103 donec
788 5046 843 5101 in
863 5045 1115 5118 praesenti
1154 5046 1266 5102 vita
1290 5055 1374 5102 est
1399 5083 1414 5110 .
1463 5044 1714 5102 umbram
1823 5047 1948 5111 nite,
1977 5048 2290 5103 manducata
2304 5063 2466 5119 panes
2492 5062 2651 5109 meos,
2677 5056 2726 5102 et
2757 5048 2916 5102 bibite
2942 5050 3117 5104 vinum
3137 5051 3275 5121 quod
3304 5053 3409 5107 mi-

227 5207 412 5280 ‘fLuc.
443 5227 484 5280 ι,
517 5212 613 5270 ⁸55.
686 5213 727 5245 ⁸⁷
759 5210 921 5275 Hebr.
956 5226 1015 5276 ι,
1052 5211 1106 5273 1.
1185 5210 1230 5242 ⁸⁸
1255 5210 1376 5267 Job.
1413 5225 1510 5279 vn,
1540 5210 1593 5269 Ι,
1631 5208 1715 5280 δ’

1838 5225 1920 5280 or.
1954 5228 2076 5278 xm,
2110 5211 2201 5269 19..
2301 5213 2348 5246 ³ο
2374 5211 2519 5267 Psal.
2552 5226 2682 5277 Lvn,
2705 5207 2761 5264 2.
2840 5208 2882 5239 ’⁸
2914 5208 3072 5263 Cant.
3105 5223 3164 5272 ιι,
3197 5205 3283 5275 16,
3316 5206 3402 5264 17.

170 5274 206 5309 ³³
230 5277 362 5339 Psal.
390 5300 444 5354 v,
467 5274 521 5340 9.
598 5281 646 5314 “
681 5274 1150 5349 Psal.cxvm,105.
1216 5281 1264 5313 “
1289 5281 1333 5335 ll
1356 5274 1587 5345 Corfvt,
1623 5278 1710 5334 ll.
1789 5281 1834 5312 "
1869 5274 2342 5349 Psal.csvn|,l31.

227 5438 327 5517 (fili)
343 5441 562 5517 Sponsa:
579 5441 757 5517 uerba,
774 5449 878 5497 etc.
901 5438 1201 5517 l’rocopius
1218 5455 1286 5496 ex
1307 5438 1538 5517 origene
1552 5458 1568 5496 :
1582 5443 1725 5517 Elq-

1837 5442 2049 5517 pcia'até
2059 5461 2136 5513 με
2156 5442 2243 5517 τῷ.
2259 5443 2486 5517 adytum
2503 5443 2608 5517 tot)
2622 5442 2897 5517 ᾷιζριᾳι-οῦἶ
2929 5459 2949 5491 ‹
2981 5437 3006 5492 1
3011 5436 3307 5517 "traducite
3325 5456 3409 5499 me

172 5507 392 5583 93am;
427 5530 504 5582 με
553 5515 643 5583 εὶς
667 5507 837 5583 οἷκον
864 5512 1054 5583 olrov.
1080 5507 1267 5583 Ταῦτᾳ
1292 5507 1431 5583 πρρξ
1456 5512 1586 5583 τοὺς
1627 5512 1720 5581 φε-

1837 5514 1877 5566 ῖιι
1902 5507 2115 5583 domum
2137 5507 2264 5568 uini.
2311 5507 2506 5566 {Illac
2529 5507 2759 5567 dicit'ad
2789 5512 2984 5583 arnicas
3017 5509 3233 5577 sponsi,
3275 5526 3403 5566 snit-

173 5573 383 5653 λόυςτοῦ
413 5573 646 5652 ἦυμφῐοὺ
678 5582 831 5653 φησὶ,
863 5583 988 5645 τοὺς
1009 5581 1198 5653 ἁγίους
1223 5573 1490 5653 ᾁγγέλους
1513 5581 1549 5652 ἢ
1567 5573 1721 5636 arto-

1837 5593 1931 5638 :tos
1954 5582 2187 5653 angelos,
2220 5583 2299 5636 vel
2331 5583 2596 5651 apostolos
2644 5593 2695 5638 et
2716 5573 3259 5653 propbqtqst'lamum
3295 5596 3400 5636 non

175 5645 360 5716 στόλους
380 5669 449 5705 τε.
468 5645 561 5705 iui.
589 5645 891 5725 προὶρῆτας,
923 5645 1198 5721 μονοὺουχὶ
1223 5645 1483 5720 herbosa;
1504 5645 1717 5731 Συγκε-

1837 5655 1997 5710 licens
2025 5645 2047 5708 ἶ
2081 5672 2099 5706 ι
2134 5645 2477 5708 (Ιυηυηίεὶσιε
2501 5670 2580 5709 me
2601 5645 3055 5724 corpori'Cltristi.
3081 5683 3101 5715 ι
