4236 6282
654 315 764 374 1⁸55

1734 314 2058 373 ORIGENIS
2098 314 2168 370 IN
2203 314 2559 373 CANTICUM
2578 312 2857 372 CANTlC.

3793 322 3900 381 156

655 439 773 493 εειί
800 438 939 492 vobis
969 438 1036 491 “‘.
1071 435 1177 490 Ista
1199 433 1500 490 estdomus
1535 434 1666 502 vini,
1699 435 2006 505 domusque
2041 437 2229 491 convi—
2255 442 2302 497 Α
2335 435 2660 491 sullicienter
2715 434 3074 492 ostendimus.
3136 434 3241 493 Sed
3287 436 3379 493 hic
3417 452 3574 494 amor
3595 478 3611 506 ,
3655 439 3736 496 vel
3779 441 3895 499 haec

654 529 752 593 vii,
786 529 840 588 in
876 543 985 598 quo
1007 525 1255 581 convivio
1280 539 1472 580 omnes
1511 525 1603 594 qui
1637 527 1859 582 veniunt
1901 528 1971 582 ab
2012 527 2223 583 oriente

657 626 712 672 et
733 618 1009 672 occidente
1040 612 1357 668 recumbent
1379 629 1503 668 ettm
1536 615 1832 682 Abraham,
1864 615 2014 672 Isaae
2040 625 2095 671 et
2131 614 2223 671 Ja-

655 691 760 763 eob
790 708 841 760 in
874 720 1036 774 regno
1063 704 1158 759 Dei
1189 705 1256 758 ³⁷.
1287 703 1368 759 Ad
1411 720 1575 775 quam
1605 706 1827 762 dommn
1872 716 1927 761 et
1967 708 2035 762 ad
2074 706 2222 778 quod

653 795 957 855 convivium
985 794 1259 864 propheta:
1284 794 1583 866 perducunt
1607 797 1840 864 animas,
1873 812 1996 868 qua:
2040 806 2221 854 tamen

653 901 747 941 eos
777 884 1005 939 audiunt
1038 893 1091 939 et
1122 884 1446 955 intelligunt.
1487 885 1594 942 Sed
1623 895 1676 941 et
1702 887 1875 942 sancti
1902 888 2081 960 angeli
2110 902 2223 943 etn-

653 978 924 1047 lestesque
946 976 1174 1030 virtutes
1196 991 1318 1045 quae
1344 976 1398 1031 in
1427 977 1726 1034 ministerio
1746 978 2058 1044 mittuntur,
2094 994 2220 1051 pro-

650 1076 772 1135 pter
801 1081 897 1120 cos
929 1065 1024 1135 qui
1058 1064 1425 1120 haereditatem
1458 1066 1679 1136 capiunt
1707 1066 1919 1124 salutis.
1952 1066 2102 1123 istud
2135 1077 2222 1125 est

652 1159 838 1212 vinum
868 1156 955 1211 cui
988 1156 1303 1212 scribuntur
1330 1155 1420 1211 isti
1448 1158 1641 1227 psalmi
1680 1158 1773 1228 qui
1807 1173 1907 1228 pro
1936 1159 2224 1215 torculari-

649 1249 754 1306 bus
779 1247 1141 1304 attitulantur.
1167 1246 1313 1303 Istud
1343 1256 1427 1303 est
1455 1249 1637 1303 viuum
1658 1264 1723 1304 ex
1755 1250 1844 1304 illa
1891 1251 1998 1306 vite
2028 1251 2218 1306 vinde-

650 1342 878 1395 miatum
909 1356 1030 1411 qua:
1062 1340 1194 1395 dicit
1221 1357 1237 1394 :
1264 1339 1373 1411 Ego
1396 1356 1512 1395 sum
1538 1342 1658 1396 vilis
1678 1358 1796 1396 cera
1830 1343 1900 1409 '9;
1931 1344 2074 1414 quod
2123 1360 2219 1400 ex-

650 1434 851 1502 pressit
900 1432 1059 1487 Pater
1108 1433 1344 1488 caelestis
1388 1433 1644 1502 agricola.
1696 1433 1844 1490 Istud
1896 1442 1984 1490 est
2030 1435 2216 1489 vinum

649 1527 793 1596 quod
823 1527 1120 1582 attulerunt
1147 1525 1223 1580 illi
1254 1526 1524 1595 palmites,
1553 1526 1648 1598 qui
1688 1526 1744 1581 in
1794 1524 1925 1585 Jesu
1970 1542 2218 1598 perman-

651 1625 841 1671 serunt
868 1632 975 1671 non
1005 1617 1181 1672 solum
1218 1616 1272 1671 in
1303 1618 1483 1680 terris,
1513 1616 1607 1674 sed
1637 1618 1799 1673 etiam
1826 1618 1880 1672 in
1909 1618 2083 1675 cmlis.
2126 1618 2219 1676 Sic

650 1707 794 1760 enim
819 1706 982 1762 audio
1008 1706 1137 1761 illud
1169 1708 1315 1777 quod
1338 1694 1572 1774 dicitur,
1607 1709 1735 1778 quia
1780 1709 1959 1766 omnis
2006 1710 2214 1781 palmes

649 1797 743 1865 qui
773 1813 880 1851 non
903 1808 1083 1852 manet
1107 1798 1161 1852 in
1191 1813 1297 1864 me,
1325 1813 1431 1854 non
1462 1808 1637 1868 potest
1659 1799 1849 1856 aderre
1878 1800 2114 1858 fructum
2145 1804 2214 1861 ”.

649 1887 820 1943 Nemo
844 1889 990 1943 enim
1034 1889 1286 1958 producit
1310 1887 1547 1946 fructum
1578 1890 1689 1947 vini
1731 1891 1930 1962 hujus,
1971 1893 2079 1951 nisi
2120 1894 2213 1964 qui

648 1986 929 2047 permanet
955 1979 1009 2032 in
1040 1980 1226 2047 verbo,
1255 1989 1311 2035 et
1337 1980 1623 2050 sapientia,
1649 1989 1705 2039 et
1746 1983 1995 2051 veritate,
2033 1994 2087 2040 et
2125 1985 2217 2055 ju-

647 2070 819 2138 stitia,
845 2082 898 2129 et
927 2085 1061 2140 pace
1088 2072 1453 2142 omnibusque
1478 2072 1791 2131 virtutibus.
1824 2074 1971 2132 Istud
2013 2085 2097 2132 est
2135 2078 2218 2133 vi-

647 2175 800 2227 num,
824 2177 932 2232 quo
952 2162 1115 2217 etiam
1136 2163 1391 2218 inebriari
1417 2163 1586 2234 justis
1603 2173 1660 2221 et
1677 2168 1885 2224 sanctis
1907 2169 2216 2241 quibusque

646 2255 885 2324 optabile
898 2247 1136 2310 ducitur.
1154 2254 1279 2312 Haec
1298 2264 1430 2326 puto
1456 2265 1509 2312 et
1531 2257 1584 2312 in
1600 2258 1792 2328 spiritu
1805 2259 1919 2328 jam
1942 2270 2073 2317 tunc
2102 2261 2217 2318 Noe

647 2354 914 2400 contuens
926 2345 1227 2402 inebriatus
1240 2362 1362 2402 esse
1377 2346 1574 2403 dicitur
1589 2348 1655 2415 ³⁶;
1667 2361 1720 2405 et
1735 2350 1897 2407 David
1915 2353 2216 2412 admiratus

648 2438 754 2508 73
772 2437 933 2506 hujus
956 2436 1192 2494 convivii
1220 2439 1467 2503 calicem,
1496 2439 1661 2497 dicit:
1689 2441 1757 2496 Et
1788 2443 2035 2512 poculum
2064 2456 2216 2503 luunt

645 2530 910 2584 inebrians
934 2546 1091 2600 quam
1112 2529 1429 2599 praclarum
1448 2540 1527 2588 est
1564 2532 1632 2587 ".
1670 2533 1753 2590 Ad
1779 2536 1922 2590 hanc
1957 2552 2088 2608 ergo
2116 2537 2215 2594 do—

645 2635 795 2675 mum
824 2620 934 2675 vini
962 2620 1223 2687 Ecclesia,
1252 2622 1337 2677 vel
1367 2621 1549 2678 anima
1582 2639 1921 2696 unaquaeque
1945 2628 2217 2685 desiderat

642 2727 769 2781 quae
798 2711 1035 2781 perlecta
1067 2723 1194 2768 sunt
1226 2715 1453 2783 intrare,
1485 2726 1540 2774 et
1562 2719 1906 2791 dogmatibus
1936 2721 2219 2791 sapientiae

644 2805 1023 2877 tnysteriisque
1053 2807 1311 2874 scientiae,
1345 2811 1625 2881 epularum
1670 2812 1822 2868 velut
1847 2813 2131 2880 suavitate,
2159 2823 2215 2872 et

642 2896 755 2950 viui
785 2895 966 2951 laetitia
998 2897 1221 2967 perfrui.
1281 2898 1575 2957 Sciendum
1614 2917 1747 2957 sane
1778 2912 1863 2958 est
1915 2902 2042 2972 quia
2070 2903 2215 2960 sicut

641 2998 723 3043 est
760 2988 902 3043 istud
939 2989 1124 3043 vinum
1156 2991 1302 3061 quod
1331 2992 1399 3047 de
1428 2992 1769 3064 dogmatibus
1797 2994 2041 3051 veritatis
2065 3009 2214 3067 pres.

641 3095 764 3134 smn
795 3080 1182 3135 commiscetur
1203 3081 1257 3136 in
1285 3092 1495 3138 cratere
1526 3085 1802 3155 sapientia:
1833 3103 1848 3142 :
1875 3085 1950 3140 ita
1977 3093 2062 3141 est
2087 3101 2214 3143 con-
2240 3104 2283 3163 ο

641 3170 867 3225 trarium
890 3171 1100 3239 vinum,
1131 3188 1256 3229 cum
1286 3174 1470 3247 inique
1507 3176 1845 3233 inebriantur
1875 3186 2207 3247 peccatores,

638 3270 696 3316 et
717 3262 769 3316 hi
798 3264 889 3334 qui
922 3264 1074 3321 {alsze
1119 3266 1361 3323 scientia:
1399 3270 1649 3340 dogmata
1694 3270 1997 3340 perniciosa
2033 3271 2213 3328 susci-

643 3353 821 3421 piunt.
864 3353 940 3409 De
971 3357 1172 3427 quibus
1205 3357 1461 3415 Salomon
1501 3361 1554 3415 in
1587 3359 1894 3417 Proverbiis
1925 3363 2056 3418 dicit
2085 3381 2100 3417 :
2136 3362 2212 3419 Hi

642 3454 819 3497 autent
875 3445 1034 3500 edunt
1090 3447 1229 3502 cibos
1274 3450 1588 3520 impietatis,
1639 3453 1758 3507 vino
1801 3461 1977 3506 autem
2029 3454 2210 3524 iniquo

640 3533 974 3590 inebriantur
993 3537 1059 3592 ³³.
1111 3536 1185 3593 De
1231 3541 1333 3596 hoc
1357 3542 1545 3597 eodem
1577 3542 1705 3597 vino
1738 3543 1926 3613 iniquo
1957 3544 2120 3600 etiam
2154 3545 2208 3601 in

641 3623 1065 3683 Deuteronomio
1090 3629 1319 3700 legimus
1354 3630 1429 3686 ita
1456 3632 1719 3704 scriptum
1758 3652 1771 3689 :
1805 3633 1889 3689 Ea:
1911 3635 2077 3690 vineis
2109 3633 2213 3689 So-

638 3715 918 3771 domorum
940 3719 1060 3774 vilis
1093 3736 1294 3788 eorum,
1315 3729 1364 3776 et
1395 3722 1592 3792 palmes
1610 3740 1789 3778 eorum
1813 3740 1878 3779 eo:
1895 3723 2211 3788 Gomorrlta,

608 3822 741 3885 lava
786 3822 966 3865 eorum
1000 3826 1100 3863 uva
1135 3810 1315 3881 fellis,
1360 3824 1411 3868 et
1458 3814 1638 3869 botrus
1688 3816 2066 3877 amaritudinis
2100 3817 2210 3882 eis;

641 3896 794 3965 furor
838 3899 1129 3956 draconum
1167 3905 1343 3959 vinum
1368 3919 1568 3973 eorum,
1596 3915 1646 3960 et
1679 3907 1829 3976 furor
1859 3925 2039 3963 eorum
2067 3910 2212 3978 aspi-

640 3988 772 4042 dum
803 3991 1113 4048 insanabilis
1147 3994 1212 4050 ³³.
1244 3995 1380 4052 lllud
1405 4006 1584 4053 autem
1617 3997 1802 4052 vinum
1826 3999 1970 4067 quod
2002 3999 2071 4055 de
2102 4001 2211 4056 vite

641 4096 768 4136 vera
816 4084 1100 4152 procedit,
1145 4101 1345 4141 novum
1397 4102 1612 4159 semper
1647 4097 1752 4145 cst.
1805 4089 2029 4159 Semper
2062 4090 2208 4145 enim

639 4188 736 4244 per
778 4175 1053 4245 profectus
1091 4177 1417 4243 discentium
1466 4180 1710 4236 scientiae
1737 4190 1792 4236 et
1819 4181 2098 4251 sapientia:
2125 4182 2208 4237 di-

638 4266 780 4322 vinae
805 4268 1098 4324 innovatur
1121 4271 1344 4340 agnitio.
1374 4270 1436 4325 Et
1461 4271 1581 4328 ideo
1608 4272 1819 4329 dicebat
1850 4272 2008 4329 Jesus
2038 4274 2208 4330 disci-

636 4355 783 4426 pulis
810 4357 945 4421 suis,
978 4358 1105 4425 quia
1136 4374 1324 4411 novum
1354 4358 1530 4413 bibam
1565 4361 1701 4414 illud
1729 4361 1992 4416 vobiscum
2031 4363 2088 4418 in
2126 4379 2208 4418 re-

2326 527 2566 582 charitas
2600 527 2653 581 in
2701 528 2977 583 nonnullis
3024 528 3243 599 quidem
3289 544 3392 584 suo
3439 529 3628 584 ordine
3663 540 3719 586 et
3761 547 3894 589 con-

2325 617 2601 672 venienter
2625 625 2805 687 aptata
2850 619 3129 687 procedit,
3165 618 3220 674 in
3254 619 3503 689 plurimis
3534 636 3663 678 vero
3703 633 3892 678 contra

2325 706 2593 760 ordinem.
2645 705 2856 762 Dicitur
2905 717 3084 766 autem
3139 717 3335 763 contra
3377 711 3633 766 ordinem:
3667 727 3790 768 esse
3834 713 3891 768 in

2323 793 2506 862 aliquo
2532 795 2795 862 eharitas,
2826 811 2948 851 cum
2978 805 3073 851 aut
3106 796 3158 852 id
3185 796 3363 868 diligit
3390 797 3536 868 quod
3569 815 3681 853 nou
3710 801 3899 869 debet,

2321 896 2418 938 aut
2456 884 2601 953 quod
2648 885 2807 941 debet
2843 887 3042 957 diligit,
3085 886 3179 942 sed
3215 887 3335 958 plus
3378 887 3532 957 justo
3554 889 3747 960 diligit,
3796 899 3905 946 aut.

2321 972 2503 1029 minus
2523 973 2695 1043 justo.
2742 977 2801 1030 ln
2850 975 2952 1031 isto
2993 990 3122 1046 ergo
3160 976 3467 1032 inordinata
3510 994 3630 1034 esse
3654 980 3904 1036 charitas

2319 1062 2550 1129 dicitur;
2595 1063 2649 1117 in
2702 1064 2808 1119 illis
2860 1079 2987 1120 vero
3039 1080 3179 1135 quos
3216 1066 3373 1121 valde
3413 1081 3615 1136 paucos
3654 1068 3901 1124 arbitror

2319 1168 2461 1220 esse,
2491 1153 2583 1223 qui
2619 1153 2828 1209 scilicet
2866 1171 2962 1225 per
2991 1154 3134 1209 viam
3179 1154 3301 1210 vitae
3349 1156 3624 1223 incedunt,
3675 1168 3729 1213 et
3777 1174 3885 1213 non

2319 1243 2612 1308 declinant,
2644 1260 2819 1313 neque
2842 1245 2909 1299 ad
2937 1244 3234 1311 dexteram,
3278 1260 3454 1316 neque
3478 1247 3545 1302 ad
3588 1246 3886 1315 sinistram,

2317 1334 2375 1389 in
2426 1335 2560 1404 ipsis
2602 1335 2735 1391 solis
2783 1337 3030 1392 ordinata
3074 1347 3160 1394 est
3211 1337 3483 1404 Charitas,
3543 1348 3597 1393 et
3642 1338 3887 1394 ordinem

2319 1440 2482 1481 suum
2533 1433 2698 1480 tenet.
2759 1423 2855 1481 Est
2905 1434 3089 1481 autem
3156 1428 3290 1483 ordo
3355 1428 3475 1497 ejus
3522 1437 3578 1483 et
3634 1445 3886 1486 mensura

2317 1513 2651 1584 hujusmodi,
2683 1514 2830 1568 verbi
2860 1517 3031 1587 gratia
3058 1533 3071 1571 :
3110 1515 3280 1574 Deum
3309 1518 3530 1588 diligere
3555 1519 3736 1575 nullus
3769 1535 3887 1575 mo-

2317 1602 2442 1671 dus,
2469 1602 2615 1656 nulla
2642 1616 2897 1658 mensura
2932 1612 3048 1672 est,
3080 1604 3187 1661 nisi
3232 1605 3346 1661 hac
3374 1605 3511 1673 sola,
3534 1617 3595 1661 ut
3621 1607 3671 1661 ei
3714 1617 3887 1664 totum

2317 1691 2576 1746 exhibeas
2604 1698 2866 1761 quantum
2894 1690 3081 1748 habes.
3109 1691 3168 1746 ιιι
3195 1691 3414 1749 Christo
3439 1692 3581 1747 enim
3608 1692 3737 1749 lesu
3766 1694 3889 1748 dili-

2247 1766 2289 1821 Β
2316 1783 2525 1853 gendus
2553 1789 2637 1836 est
2671 1779 2812 1836 Deus
2841 1797 2908 1838 ex
2933 1789 3046 1837 toto
3075 1782 3258 1850 corde,
3289 1790 3342 1837 et
3367 1797 3434 1837 ex
3464 1790 3574 1837 tota
3601 1783 3803 1850 anima,
3834 1793 3889 1838 et

2314 1888 2379 1929 ex
2432 1872 2561 1929 totis
2601 1873 2828 1930 viribus.
2878 1874 2934 1930 in
2977 1873 3083 1929 hoc
3130 1888 3260 1944 ergo
3304 1872 3449 1927 nulla
3497 1888 3749 1928 mensura
3779 1882 3884 1928 est.

2319 1959 2555 2033 Diligere
2584 1976 2713 2017 vero
2744 1962 3077 2033 proximum,
3106 1968 3191 2015 est
3217 1973 3472 2015 mensura
3514 1959 3714 2028 aliqua.
3755 1955 3888 2011 Pro-

2314 2051 2553 2114 ximum,
2592 2049 2802 2121 inquit,
2855 2059 3004 2104 tuum
3046 2046 3208 2118 dilige
3254 2048 3390 2100 sicut
3429 2050 3651 2116 teipsunt
3693 2047 3763 2101 ⁸⁸.
3824 2045 3892 2102 Si

2314 2155 2444 2212 ergo
2489 2148 2584 2196 aut
2633 2140 2688 2195 in
2728 2138 2823 2195 Dei
2862 2138 3151 2195 dilectione
3200 2136 3382 2191 minus
3431 2136 3636 2207 aliquid
3691 2136 3896 2192 feceris

2315 2246 2477 2303 quam
2511 2238 2688 2301 potes,
2721 2238 2777 2287 et
2811 2245 2975 2302 quam
3005 2229 3063 2284 in
3088 2227 3298 2285 viribus
3324 2227 3440 2282 tuis
3462 2234 3581 2293 est;
3623 2237 3717 2282 aut
3745 2229 3885 2285 inte:

2317 2331 2368 2377 te
2410 2330 2465 2378 ct
2509 2323 2819 2393 proximum
2854 2330 3004 2376 tuum
3040 2335 3149 2375 non
3195 2319 3497 2376 servaveris
3528 2318 3888 2389 atquitatenm,

2315 2413 2408 2468 sed
2459 2412 2664 2483 aliquid
2718 2410 3036 2467 dill‘erentiat
3092 2408 3388 2475 habueris;
3438 2422 3545 2461 non
3597 2415 3680 2463 est
3726 2407 3779 2461 in
3834 2416 3888 2463 te

2315 2503 2557 2560 cliaritas
2597 2502 2869 2565 ordinata,
2916 2514 3018 2555 nec
3061 2498 3305 2554 ordinem
3336 2513 3495 2553 suum
3527 2507 3737 2552 tenens.
3774 2497 3885 2552 Ve-

2314 2608 2435 2648 rum
2464 2590 2722 2661 quoniam
2754 2587 2915 2644 nobis
2944 2600 3126 2644 sermo
3153 2586 3220 2642 de
3247 2584 3439 2641 ordine
3464 2584 3745 2641 eharitatis
3774 2594 3889 2651 est,

2312 2679 2625 2749 diligentius
2657 2693 2752 2749 per
2778 2677 2990 2749 singula
3018 2674 3384 2746 requiramus,
3420 2675 3502 2729 vel
3538 2690 3678 2745 quos
3707 2674 3882 2744 diligi,

2312 2772 2397 2826 vel
2427 2778 2691 2841 quantum
2727 2769 2877 2839 diligi
2908 2775 3174 2838 oporteat.
3204 2764 3339 2821 Nam
3380 2766 3449 2830 si,
3485 2773 3545 2820 ut
3581 2765 3712 2820 dicit
3737 2765 3887 2835 Apo—

2315 2864 2489 2920 stolus
2520 2863 2603 2929 ³⁶,
2634 2862 2878 2918 membra
2920 2860 3240 2916 alterutrum
3283 2873 3473 2914 sumus
3498 2897 3513 2922 ,
3558 2867 3686 2927 puto
3733 2857 3880 2927 quod

2314 2956 2461 3012 hunc
2498 2955 2749 3011 ali'ectum
2774 2969 2904 3026 erga
2933 2952 3212 3024 proximos
3242 2950 3442 3005 habere
3477 2951 3788 3015 debeamus,
3822 2957 3886 3005 ut

2314 3062 2412 3105 eos
2444 3061 2555 3102 non
2581 3045 2741 3116 quasi
2785 3045 2961 3099 aliena
2995 3057 3244 3113 corpora,
3297 3041 3391 3096 sed
3424 3040 3588 3095 veluti
3636 3039 3880 3094 membra

2318 3147 2505 3194 nostra
2533 3136 2845 3208 diligamus.
2893 3132 3199 3189 Secundum
3241 3131 3344 3186 hoc
3367 3145 3497 3200 ergo
3526 3129 3666 3198 quod
3712 3143 3880 3182 ment-

2311 3231 2411 3287 bra
2459 3239 2647 3285 nostra
2691 3228 2921 3284 invicem
2966 3239 3177 3288 sumus,
3210 3223 3471 3294 aequalem
3524 3236 3649 3289 erga
3688 3233 3892 3272 «mines

2310 3323 2513 3378 habere
2541 3319 2886 3376 dilectionem
2906 3357 2922 3384 ,
2959 3316 3298 3385 similemque
3329 3310 3630 3367 conveniet.
3670 3309 3844 3364 Secuu
3863 3337 3904 3349 εν

2308 3413 2438 3468 dum
2473 3411 2576 3465 hoc
2620 3424 2752 3464 vero
2799 3407 2944 3477 quod
2979 3413 3109 3461 sunt
3145 3404 3198 3457 in
3238 3414 3464 3469 corpore
3496 3398 3675 3466 aliqua
3709 3408 3883 3450 mem-
3952 3468 3974 3485 .

2300 3503 2406 3557 .bra
2453 3498 2860 3555 houorabiliora
2891 3505 2945 3551 et
2974 3493 3310 3555 honestiora,
3353 3489 3456 3543 alia
3491 3501 3619 3540 vero
3654 3486 3884 3541 inhone-

2313 3588 2484 3642 stiora
2509 3593 2564 3640 et
2591 3584 2851 3639 inferiora
2882 3583 2948 3648 ³⁷,
2980 3589 3111 3653 puto
3140 3579 3286 3650 quod
3320 3591 3534 3631 rursum
3577 3590 3673 3644 pro
3704 3590 3876 3628 mem-

2309 3678 2535 3734 brorum
2571 3674 2781 3732 meritis
2809 3683 2864 3728 et
2890 3673 3113 3737 honore,
3145 3670 3308 3725 etiam
3347 3665 3653 3720 dilectionis
3691 3663 3879 3718 librari

2309 3765 2503 3822 debeat
2550 3765 2767 3819 modus.
2807 3762 2864 3816 Si
2896 3761 3021 3831 quis
3065 3774 3194 3829 ergo
3244 3753 3632 3812 rationabiliter
3682 3760 3879 3807 cuncta

2308 3870 2468 3927 agere
2499 3854 2796 3910 secundum
2826 3851 3050 3906 verbum
3092 3846 3183 3902 Dei
3214 3862 3278 3902 ac
3308 3860 3436 3900 suos
3458 3844 3620 3899 etiam
3655 3840 3882 3896 allectus

2311 3955 2613 4015 temperare
2658 3941 2935 4013 proponit,
2985 3948 3115 4009 puto
3160 3937 3304 4008 quod
3346 3950 3473 4005 erga
3517 3933 3633 3988 lucc
3660 3931 3904 4000 singula-

2308 4036 2555 4093 ordinem
2585 4032 2866 4090 eharitatis
2888 4039 2941 4086 et
2963 4031 3103 4086 scire
3128 4029 3322 4084 debeat
3342 4036 3396 4081 et
3424 4034 3622 4080 tenere.
3652 4021 3903 4089 Verum,

2310 4137 2370 4184 ut
2401 4128 2640 4197 apertius
2668 4126 2760 4180 Iiat
2794 4124 2941 4195 quod
2969 4122 3226 4189 dicimus,
3260 4118 3422 4191 paulo
3452 4114 3879 4172 evidentioribus

2309 4229 2530 4277 utamur
2548 4216 2791 4288 judieiis.

2380 4308 2437 4365 Si
2471 4308 2616 4379 quis,
2644 4303 2792 4360 verbi
2824 4302 3017 4373 gratia,
3053 4299 3260 4354 laboret
3293 4296 3345 4349 in
3373 4295 3538 4349 verbo
3570 4293 3683 4357 υιί,
3712 4301 3878 4362 atque

2314 4401 2525 4455 animas
2567 4404 2784 4451 nostras
2818 4393 3051 4446 instruat
3080 4396 3135 4444 et
3178 4387 3463 4449 illuminet,
3503 4384 3646 4437 viam
3682 4382 3877 4439 salutis

637 4462 739 4517 9""
768 4445 950 4555 am‘
986 4449 1087 4503 ""5
1115 4449 1181 4503 ’δ’
1231 4448 1526 4507 “novatur
1565 4455 1711 4555 θξ¹ί¹ξ¹
1746 4470 1959 4525 semper
1983 4455 2205 4555 ,agnjtio
2236 4434 2284 4492 Β
2556 4434 2879 4552 viveitdique
2907 4481 3153 4537 ordinem
3180 4476 3374 4543 tradat,
3402 4434 3507 4529 non
3537 4472 3632 4527 tibi
3663 4472 3877 4527 videtur

637 4546 969 4594 secretorum
1005 4554 1440 4611 arcanorumque
1473 4543 1728 4600 revelatio
1760 4560 1855 4615 per
1881 4545 2203 4614 sapientiam

638 4627 755 4694 Dei,
789 4646 895 4685 non
926 4634 1101 4689 solum
1133 4633 1466 4705 hominibus,
1502 4626 1599 4693 sed
1634 4648 1690 4695 et
1727 4637 1935 4709 angelis
1961 4638 2200 4694 ccelesti-

637 4719 850 4788 husque
876 4723 1188 4782 virtutibus.

2311 4588 2368 4637 et
2418 4578 2507 4634 hic
2541 4575 2825 4647 proximus
2856 4587 2978 4629 esse
3018 4568 3259 4641 quidem,
3297 4567 3390 4622 sed
3431 4563 3602 4619 multo
3639 4561 3877 4631 amplius

2304 4671 2412 4726 alio
2448 4669 2698 4741 proximo
2742 4662 3088 4733 diligendus,
3130 4658 3224 4728 qui
3259 4658 3452 4713 horum
3485 4654 3618 4708 nihil
3665 4651 3878 4722 egerit?

2303 4759 2441 4814 Nam
2471 4757 2574 4814 etsi
2607 4756 2697 4811 ille
2737 4754 2955 4825 quidem
2998 4747 3301 4820 diligendus
3331 4757 3445 4809 est,
3496 4760 3594 4814 pro
3631 4758 3698 4798 eo
3727 4741 3877 4812 quod

709 4846 866 4906 Vcrs.
914 4852 969 4906 4.
1020 4852 1276 4910 Ordinate
1322 4856 1377 4911 in
1424 4873 1505 4913 me
1556 4859 1888 4913 cltaritatem.
1947 4858 2203 4928 Ejusdem
2302 4850 2551 4907 Inetnbm
2591 4848 2756 4902 υιιίυε
2786 4842 3031 4914 corporis
3075 4854 3287 4906 δυωυε»
3316 4838 3589 4928 ιιηὶυείιξιθ
3625 4834 3878 4928 ευυδίξίηῖ

637 4952 855 5009 Sponsae
894 4939 960 4994 ad
1006 4942 1223 4997 eosdem
1269 4946 1432 5001 verba
1462 4956 1617 5010 sunt,
1654 4948 1760 5003 nisi
1794 4949 1939 5017 quod
1981 4959 2208 5018 possunt

636 5028 871 5093 fortasse
895 5029 1057 5084 etiam
1088 5034 1317 5101 apostoli
1341 5033 1540 5090 Christi
1588 5037 1727 5091 inter
1759 5052 1855 5092 eos
1899 5037 2104 5101 haberi,
2134 5036 2200 5091 ad

635 5136 775 5190 quos
803 5120 904 5175 ista
941 5132 1328 5180 memorantur.
1358 5125 1513 5191 Quod
1548 5143 1677 5196 ergo
1701 5128 1778 5182 ait
1811 5144 1826 5182 :
1871 5126 2124 5182 Ordinate
2147 5129 2204 5181 in

635 5226 718 5268 tua
742 5209 1073 5277 eharitatem,
1116 5213 1261 5269 hunc
1308 5214 1467 5269 habet
1516 5232 1761 5273 sensum.
1792 5215 1995 5272 Omnes
2026 5216 2202 5271 homi-

638 5317 736 5359 nes
761 5312 948 5364 amant
987 5305 1106 5360 sine
1148 5307 1315 5364 duhio
1345 5311 1571 5381 aliquid,
1596 5319 1651 5365 et
1677 5310 1859 5365 nullus
1894 5317 1977 5365 est
2002 5309 2093 5378 qui
2134 5308 2202 5362 ad

637 5393 691 5453 id
734 5397 910 5452 aatatis
942 5398 1149 5453 venerit
1177 5408 1236 5454 ut
1265 5417 1451 5457 amare
1478 5403 1592 5473 jam
1622 5403 1812 5472 possit,
1859 5410 1915 5455 et
1956 5415 2064 5455 non
2099 5400 2202 5454 ali-

637 5485 767 5553 quid
794 5496 940 5543 amet
967 5506 981 5543 :
1009 5489 1152 5545 sicut
1194 5492 1355 5546 etiam
1385 5493 1439 5547 in
1472 5493 1784 5563 praefatione
1826 5492 1990 5562 hujus
2022 5490 2203 5560 operis

710 5662 755 5729 ξ’
779 5660 935 5718 Prov.
972 5682 1046 5728 ix,
1231 5670 1274 5702 ’7
1305 5668 1487 5723 Matth.
1515 5685 1633 5729 VIII,
1668 5671 1751 5723 ll.

710 5667 755 5692 "
779 5667 935 5718 Prov.
972 5682 1046 5728 ιιι.
1231 5670 1274 5702 ’⁷
1305 5668 1487 5723 Matth.
1515 5685 1633 5729 vttt,
1668 5671 1751 5723 ll.
1868 5670 1915 5703 ’⁸
1937 5670 2093 5734 Joan.
2122 5683 2210 5734 xv,
2257 5667 2307 5720 l.
2406 5667 2451 5698 ’θ
2486 5667 2621 5718 Ibid.
2657 5667 2711 5716 4.
2815 5667 2859 5691 ³⁵
2883 5667 3018 5713 Gen.
3061 5669 3127 5708 lx.

642 5728 683 5767 ³³
706 5728 866 5789 Preti.
899 5749 985 5801 tv.
1029 5736 1109 5790 17.
1187 5739 1231 5771 ³³
1260 5738 1412 5793 Deut.
1448 5755 1614 5804 xxxii,
1656 5740 1744 5803 ⁸52,
1777 5742 1882 5806 521,
1940 5741 1983 5772 ³³
2011 5736 2197 5793 Matth.
2230 5751 2379 5801 xxvn,
2405 5735 2494 5790 29.
2571 5733 2614 5766 ³⁸
2639 5730 2829 5786 Matth.
2875 5740 2998 5790 XIX,
3042 5723 3127 5779 l9.

2306 4942 2395 4997 tia:
2429 4959 2442 4996 :
2479 4940 2574 4996 sed
2604 4939 2695 4995 hic
2727 4938 2901 4992 multo
2932 4932 3186 5003 amplius,
3234 4930 3327 5000 qui
3372 4943 3496 4983 cum
3519 4926 3610 4996 jus
3643 4922 3877 4994 proximi

2315 5032 2600 5089 nobiscum
2636 5031 2857 5095 habeat,
2894 5025 3040 5097 quod
3070 5031 3124 5078 et
3157 5020 3337 5076 caeteri
3375 5017 3623 5073 homines
3653 5013 3874 5077 habent,

2308 5126 2401 5181 dat
2420 5135 2599 5179 tamen
2628 5123 2771 5177 hanc
2789 5121 3053 5190 majorem
3079 5111 3357 5173 eharitatis
3385 5124 3510 5178 erga
3538 5123 3595 5162 se
3626 5119 3871 5169 causam,

2308 5216 2454 5288 quod
2484 5215 2627 5269 viam
2661 5212 2755 5268 Dei
2804 5210 3072 5273 ostendit,
3117 5212 3171 5271 et
3212 5202 3407 5259 animae
3438 5199 3665 5255 salutem
3703 5195 3874 5288 divini

2309 5287 2457 5364 verbi
2507 5303 2994 5359 illuminationibus
3026 5296 3253 5353 confert.
3297 5292 3452 5360 Quod
3487 5290 3532 5345 si
3559 5287 3758 5359 aliquis
3787 5302 3875 5341 nte

2307 5403 2580 5455 errantem
2613 5404 2668 5450 et
2695 5395 2748 5449 in
2795 5390 3091 5464 praecipitio
3137 5385 3374 5457 positum
3427 5380 3706 5436 muliebris
3745 5393 3872 5448 pec-

2309 5490 2414 5546 cati
2444 5489 2511 5544 ad
2543 5492 2718 5543 lucem
2743 5490 2958 5540 revocet
2987 5478 3221 5550 pietatis,
3240 5484 3294 5531 et
3324 5475 3391 5530 de
3420 5474 3537 5545 ipso
3562 5473 3676 5544 jam
3706 5470 3872 5526 inter-

3372 5653 3413 5686 ³⁸
3450 5651 3592 5710 Psal.
3625 5662 3781 5710 XXIII.
3802 5648 3859 5702 εἰ.

2815 5660 2859 5691 ³⁸
2883 5657 3018 5713 Gen.
3061 5669 3135 5709 Ix.
3164 5653 3257 5717 9-1.
3372 5653 3413 5686 ³³
3450 5653 3592 5710 Psal.
3625 5653 3845 5710 minus.

2816 5770 2828 5774 -
2875 5740 2964 5774 ιιι
2985 5765 2998 5774 .
3042 5723 3127 5774 l9.
3224 5724 3268 5758 ³⁸
3297 5722 3469 5774 lCor.
3499 5737 3595 5774 ιιι.
3670 5718 3712 5750 ³⁷
3738 5721 3845 5774 Lid

3224 5724 3268 5758 "
3297 5722 3319 5780 ι
3342 5723 3469 5780 Cor.
3498 5737 3595 5779 ιιι.

2406 5667 2451 5698 ’⁵
2486 5663 2621 5718 Ibid.
2657 5663 2711 5716 4.
