4236 6282
137 267 233 325 i5?
1478 272 1681 330 LIBER
1719 274 2038 333 TERTIUS.
3284 278 3390 335 158

133 387 203 442 itu
267 388 477 457 eripiat
501 403 570 443 ac
590 386 835 443 retrahat
861 388 928 444 ad
960 387 1214 455 salutem,
1260 399 1423 461 atque
1468 407 1532 446 ex
1578 390 1714 460 ipsis
1744 397 1787 452 Α
1816 390 2106 447 deferenda
2153 400 2239 446 est
2285 388 2533 456 dilectio,
2581 389 2828 459 sequenti
2867 406 2993 445 vero
3038 391 3232 462 gradu.
3260 407 3384 448 cum

130 478 375 535 faucibus
407 490 633 536 aeterna:
678 480 876 536 mortis
918 481 1151 550 eripiat,
1199 498 1305 537 non
1361 483 1456 537 tibi
1500 483 1719 537 videtur

128 570 261 639 quod
296 570 389 624 illa
418 571 568 639 ipsa,
606 571 654 626 si
682 570 798 624 lieri
830 580 1032 640 potest,
1061 572 1396 641 plenitudine
1428 573 1715 629 charitatis

126 673 222 728 qua
269 658 446 715 Deum
474 660 764 731 diligimus
790 660 1102 731 diligendus
1140 662 1213 718 sit
1245 671 1369 732 post
1398 662 1610 719 Deum?
1647 663 1716 720 Et

128 766 185 803 ne
206 760 361 819 putes
390 752 556 822 quod
583 766 685 806 nos
710 751 783 805 ita
805 766 1220 821 praesumamus,
1246 753 1374 808 audi
1402 756 1711 824 apostolum

126 839 335 896 Paulam
364 842 439 897 de
470 842 568 898 his
598 842 691 912 qui
718 842 772 896 in
793 843 962 898 verbo
986 840 1078 897 Dei
1110 843 1379 912 laborant,
1404 846 1671 900 dicentem
1693 866 1713 903 :

131 931 187 987 Ut
231 935 742 1003 superabundanter
779 934 1019 991 habeatis
1063 936 1120 988 in
1167 936 1431 991 clturitate
1480 955 1572 993 eos
1618 941 1717 1010 qui

123 1024 417 1089 huiusmodi
446 1036 581 1080 sunt
613 1035 824 1096 propter
853 1042 982 1096 opus
1023 1027 1257 1095 ipsorum
1297 1028 1364 1080 ³⁸.
1413 1026 1713 1085 Videamus

122 1123 165 1167 et
189 1113 358 1168 alium
418 1116 612 1172 adhuc
641 1116 887 1172 ordinem
919 1116 1226 1183 charitatis,
1276 1117 1398 1186 ejus
1440 1118 1712 1174 duntaxat

121 1217 228 1272 qua:
251 1217 389 1273 erga
427 1205 718 1275 proximos
761 1205 947 1260 haberi
979 1205 1210 1260 videtur.
1256 1205 1315 1259 Si
1343 1207 1416 1261 sit
1462 1222 1571 1261 non
1611 1207 1711 1261 ba-

119 1290 239 1346 heus
271 1292 512 1362 quidem
534 1293 761 1349 docendi
792 1293 877 1347 vel
911 1294 1215 1350 instruendi
1240 1295 1495 1364 gratiam,
1534 1311 1711 1366 neque

117 1383 331 1437 verbum
363 1384 592 1440 Domini
622 1384 974 1455 pradicandi,
1001 1385 1095 1440 sed
1129 1396 1311 1442 tamen
1345 1395 1547 1442 sanctae
1582 1389 1709 1444 vita)

116 1474 210 1538 vir,
239 1477 543 1541 innocens,
575 1476 983 1540 immaculatus,
1017 1485 1072 1531 et
1095 1477 1188 1547 qui
1220 1477 1273 1532 in
1298 1477 1707 1548 jtistilicationi-

113 1562 204 1618 bus
230 1572 286 1618 et
317 1566 606 1621 mandatis
635 1564 730 1621 Dei
765 1566 1100 1637 ingrediatur
1126 1567 1244 1622 sine
1277 1569 1520 1638 querela,
1553 1569 1704 1626 vide-

112 1662 261 1708 turne
290 1654 399 1709 tibi
457 1655 583 1710 talis
631 1655 722 1710 hic
758 1656 846 1711 vir
892 1655 949 1711 in
981 1657 1170 1712 eodem
1199 1658 1484 1715 cbaritatis
1511 1659 1705 1718 ordine

1819 482 2054 551 quadam
2098 479 2456 537 nihilominus
2505 479 2849 544 reverentia,
2877 479 3037 533 etiam
3082 480 3384 535 sororibus.

1817 570 2047 642 PrOprio
2096 587 2225 628 vero
2267 572 2505 640 quodam
2549 577 2605 626 et
2645 577 2986 641 sequestrate
3023 570 3202 625 abhis
3237 587 3388 627 more

1814 661 2055 716 ‘charitas
2080 659 2406 730 coniugibus
2441 657 2766 715 exhibenda.
2799 655 2928 712 Post
2964 657 3064 713 has
3109 672 3234 713 vero
3260 674 3384 729 per-

1815 765 2000 816 sonas,
2023 766 2121 821 pro
2173 750 2382 808 meritis
2433 749 2599 805 etiam
2644 757 2701 803 et
2739 747 2945 812 causis,
2981 746 3274 819 unicuique
3330 749 3383 803 in

1812 839 1988 904 omni,
2023 848 2086 895 ut
2115 840 2377 906 diximus,
2416 839 2671 895 castitate
2713 835 3003 892 deferenda
3029 837 3246 892 dilectio
3282 847 3401 912 est.»

1814 927 2124 985 Secundum
2170 931 2287 989 haec
2314 930 2477 985 etiam
2522 929 2591 987 de
2636 938 2824 999 patre,
2866 927 2948 983 vel
2993 926 3189 992 fratre,
3228 937 3389 997 atque

1811 1020 1934 1075 aliis
1965 1022 2286 1091 propinquis
2332 1020 2762 1077 observavimus.
2806 1017 2945 1088 Erga
2994 1028 3212 1074 sanctos
3259 1033 3388 1072 vero

1810 1112 1904 1182 qui
1937 1127 2044 1167 nos
2075 1112 2129 1169 in
2157 1113 2381 1171 Christo
2399 1122 2724 1183 genuerunt,
2755 1111 2850 1167 sed
2875 1121 2928 1167 et
2953 1120 3197 1181 pastores
3223 1120 3388 1180 atque

1809 1205 2137 1274 episcopos,
2168 1205 2253 1260 vel
2301 1206 2399 1275 qui
2439 1205 2605 1260 verbo
2642 1204 2734 1259 Dei
2777 1212 3017 1273 praesunt
3057 1201 3383 1273 presbyteri,

1808 1302 1903 1351 aut
1933 1293 2032 1363 qui
2077 1293 2214 1351 bene
2242 1295 2558 1350 ministrant
2580 1295 2637 1357 in
2664 1293 2928 1360 Ecclesia,
2964 1296 3046 1349 vel
3079 1295 3171 1364 qui
3198 1294 3253 1346 in
3283 1293 3387 1348 ﬁde

1808 1386 2128 1456 praecellunt
2153 1396 2406 1454 caeteros,
2444 1388 2722 1459 quomodo
2754 1404 2865 1444 non
2898 1402 2998 1458 pro
3030 1387 3386 1457 uniuscujus-

1804 1492 1913 1549 que
1962 1478 2175 1534 meritis
2230 1478 2448 1536 aﬂ'ectio
2512 1481 2829 1551 pensabitur
2892 1481 3178 1539 eharitatis
3226 1481 3389 1552 longe

1803 1568 2132 1627 eminentior
2166 1584 2332 1639 quam
2367 1586 2494 1641 erga
2535 1587 2636 1627 eos
2671 1572 2854 1628 haberi
2901 1580 3119 1642 potest,
3166 1572 3260 1642 qui
3292 1578 3391 1629 aut

1805 1660 1943 1715 nihil
1970 1661 2189 1728 horum,
2218 1669 2314 1721 aut
2337 1677 2444 1716 non
2481 1662 2688 1733 integre
2710 1663 2977 1733 egerunt?
3015 1663 3121 1718 Sed
3161 1673 3216 1719 et
3243 1663 3385 1718 inter

112 1740 437 1811 habendus,
478 1761 588 1815 quo
614 1745 703 1802 ille
744 1745 837 1816 qui
864 1746 1002 1801 nihil
1033 1746 1231 1802 borum
1260 1748 1407 1819 agit?
1454 1750 1704 1819 quando-
1733 1741 1777 1797 Β
1807 1761 2059 1822 parentes
2103 1751 2290 1808 ﬁdeles
2332 1762 2386 1809 ct
2427 1753 2692 1817 inﬁdeles,
2736 1761 2793 1810 et
2820 1753 3016 1811 fratres
3059 1756 3278 1823 ﬁdeles,
3317 1770 3387 1811 ac

114 1829 330 1896 quidem
384 1840 621 1904 uterque
666 1834 949 1904 proximus
996 1835 1220 1891 dicitur.
1279 1833 1473 1894 Nonne
1514 1845 1569 1893 et
1612 1838 1703 1894 hic

107 1930 322 1989 propter
379 1938 537 1992 opus
572 1941 731 1980 suum
779 1934 834 1981 et
875 1926 1002 1982 vitae
1048 1926 1307 1982 meritum
1334 1968 1350 1996 ,
1397 1929 1705 1987 secundum

107 2011 353 2082 Apostoli
383 2014 618 2080 dictum,
653 2014 903 2070 similiter
926 2023 988 2070 ut
1008 2016 1098 2070 ille
1126 2017 1221 2086 qui
1245 2016 1301 2070 in
1316 2018 1483 2073 verbo
1506 2017 1596 2071 Dei
1625 2018 1704 2072 la-

106 2102 279 2168 borat,
320 2103 875 2171 superabundantius
900 2103 1185 2160 habendus
1212 2113 1299 2161 est
1341 2106 1397 2160 in
1433 2106 1706 2163 charitate

105 2192 199 2265 74
232 2199 484 2261 propter
510 2207 650 2261 opus
689 2192 810 2248 vita
851 2194 1005 2250 suae?
1050 2193 1150 2250 Est
1184 2195 1366 2252 adhuc
1399 2196 1542 2252 alius
1569 2197 1707 2259 ordq

105 2280 431 2335 charitatis.
482 2279 748 2337 Jubemur
783 2283 928 2338 enim
960 2294 1016 2340 et
1048 2284 1302 2343 inimicos
1332 2294 1554 2345 nostros
1580 2287 1705 2349 dili-

106 2387 243 2442 gere.
293 2370 418 2427 Sed
458 2371 739 2427 videamus
783 2373 831 2429 si
871 2373 1035 2430 etiam
1077 2375 1130 2431 in
1174 2374 1314 2444 ipsis
1358 2392 1503 2435 unus
1550 2379 1702 2438 solus

108 2462 299 2518 modus
333 2461 451 2518 crit
481 2462 811 2530 dilectionis,
835 2478 906 2518 an
937 2463 1013 2519 ibi
1048 2465 1271 2522 habebit
1302 2467 1483 2525 locum
1515 2484 1700 2526 sermo

109 2549 202 2606 istc
246 2551 351 2621 qui
399 2551 534 2607 dicit
576 2570 592 2609 :
639 2551 895 2608 Ordinatc
936 2554 991 2608 in
1038 2569 1120 2608 me
1167 2554 1501 2612 cltaritatem.
1553 2557 1698 2621 Puto

109 2656 227 2711 ergo
262 2642 419 2711 quod
462 2643 516 2698 in
558 2643 645 2700 his
669 2644 738 2700 sit
768 2645 904 2701 ordo
937 2644 1251 2714 charitatis,
1292 2649 1444 2704 verbi
1488 2652 1693 2722 gratia,

111 2740 185 2786 est
202 2731 414 2803 aliquis
436 2734 571 2789 mihi
602 2735 880 2799 inimicus.
907 2736 961 2791 in
985 2737 1110 2793 aliis
1134 2746 1317 2795 tamen
1338 2739 1477 2798 bene
1500 2756 1693 2813 agens,

114 2823 359 2890 pudicus,
401 2826 656 2895 sobrius,
693 2829 951 2886 mandata
997 2830 1094 2887 Dei
1141 2832 1376 2902 plurima
1421 2850 1490 2891 ex
1540 2846 1694 2908 parte

115 2914 455 2980 custodiens,
508 2916 563 2972 in
612 2916 887 2987 aliquibus
935 2929 1116 2976 tamen
1158 2937 1375 2990 errans,
1410 2934 1468 2985 ut
1501 2925 1689 2983 homo.

119 3001 197 3058 Est
225 3006 369 3062 alius
394 3007 493 3080 qui
527 3007 784 3064 inimicus
807 3010 1027 3080 quidem
1059 3012 1132 3068 sit
1162 3022 1216 3068 et
1248 3012 1368 3084 ipse
1394 3015 1574 3083 nobis,
1604 3025 1690 3073 ta-

1804 1840 2088 1906 inﬁdeles,
2140 1856 2507 1912 sororesque,
2551 1853 2799 1914 potestne
2848 1845 2963 1901 lieri
3004 1855 3063 1901 ut
3104 1862 3213 1901 non
3253 1859 3385 1916 ergo

1801 1935 1908 1994 bos
1959 1936 2210 2005 singulos
2262 1937 2515 1993 diversus
2566 1937 2704 1992 ordo
2750 1936 3015 1995 habeatur
3064 1937 3386 1999 charitatisl

1803 2021 1957 2087 Quas
1988 2023 2330 2080 diversitates
2361 2026 2582 2080 intuens
2608 2040 2829 2093 sponsa,
2876 2035 2932 2079 et
2962 2025 3154 2080 videns
3195 2027 3264 2081 de
3298 2027 3388 2086 his

1804 2113 2068 2169 omnibus
2108 2113 2305 2169 anima:
2331 2116 2399 2169 ad
2430 2113 2816 2184 perfectionem
2857 2115 3095 2172 tendenti
3134 2132 3389 2173 necessa-

1803 2203 1945 2257 riam
1980 2202 2151 2258 videri
2188 2202 2474 2269 scientiam
2504 2220 2691 2259 earum
2723 2221 2927 2270 rerum,
2960 2214 3022 2263 ut
3041 2206 3388 2277 uniuscujus-

1801 2308 1910 2363 que
1938 2293 2048 2350 loci
2076 2304 2133 2350 et
2171 2294 2377 2351 ordinis
2405 2310 2690 2353 mensuras
2722 2299 2894 2371 possit
2928 2306 3112 2355 tenere
3146 2299 3384 2356 charita-

1802 2385 1895 2452 tis.
1919 2384 2054 2443 dicit
2080 2385 2150 2441 ad
2170 2386 2380 2444 amicos
2404 2388 2615 2459 sponsi,
2639 2402 2733 2444 eos
2757 2388 3007 2445 videlicet
3030 2391 3124 2462 qui
3158 2391 3385 2446 verbum

1801 2474 1898 2530 Dei
1922 2476 2237 2537 ministrant
2272 2495 2288 2532 :
2326 2476 2586 2533 Ordinate
2617 2479 2669 2535 in
2697 2496 2777 2537 me
2795 2479 3129 2547 cltaritatem,
3159 2481 3267 2538 hoc
3297 2490 3385 2543 est

1797 2564 1990 2623 docete
2020 2583 2128 2634 nte,
2167 2577 2220 2624 et
2249 2569 2449 2625 tradite
2485 2569 2620 2628 mihi
2664 2572 2945 2642 quomodo
2978 2588 3075 2642 per
3117 2574 3232 2628 haec
3269 2572 3384 2635 εὶιιτ

1795 2656 1922 2726 gula
1969 2658 2214 2716 ordinem
2266 2675 2491 2719 servare
2536 2661 2760 2721 debeam
2812 2663 3116 2724 charitatis.
3172 2663 3380 2718 Omnes

1792 2748 1937 2807 enim
1971 2748 2255 2815 homines,
2293 2751 2435 2811 sicut
2473 2751 2588 2823 jam
2617 2753 2889 2819 diximus,
2937 2754 3238 2817 secundum
3270 2756 3380 2813 hoc

1793 2837 1941 2907 quod
1990 2837 2198 2898 similes
2246 2840 2405 2897 nobis
2433 2851 2584 2909 sunt,
2630 2843 2883 2899 similiter
2908 2843 3168 2916 diligendi
3197 2855 3327 2902 sunt
3355 2864 3377 2911 ε,
3455 2837 3465 2844 ’

1794 2928 1907 2985 imo
1953 2931 2134 2986 onmis
2179 2932 2521 2991 rationabilis
2576 2944 2828 2991 creatura
2871 2951 2904 2992 a
2948 2937 3143 3005 nobis,
3188 2947 3376 3009 utpote

1793 3020 2229 3089 rationabilibus,
2257 3025 2542 3094 aequaliter
2560 3026 2831 3096 diligenda
2859 3037 2962 3084 est.
2991 3029 3371 3100 Adjiciendum

118 3108 224 3149 men
248 3096 322 3152 sit
349 3113 473 3153 sua:
497 3097 618 3155 vita:
639 3106 802 3168 atque
827 3101 1024 3161 animai
1053 3080 1331 3170 inimicus,
1365 3080 1588 3176 paratus
1617 3107 1687 3163 ad
1713 3080 1758 3138 θ
1790 3122 1970 3168 tamen
2002 3112 2057 3166 in
2087 3080 2357 3173 charitate
2398 3125 2485 3173 est
2530 3080 2825 3191 unicuique
2865 3122 2933 3176 ad
2966 3080 3374 3193 hoc'quomodo

119 3189 326 3286 scelera,
359 3203 605 3259 praeceps
634 3189 703 3243 ad
732 3189 1122 3286 ﬂagitia,_niliil
1153 3195 1350 3261 sancti,
1392 3196 1529 3251 nihil
1557 3197 1688 3252 reli-
1790 3212 1894 3270 est,
1927 3212 1983 3265 et
2019 3205 2086 3260 ad
2113 3208 2219 3261 hoc
2260 3208 2405 3276 quod
2430 3189 2769 3273 rationabilis
2798 3220 2917 3279 est;
2948 3212 3028 3281 si,
3073 3189 3222 3269 verbi
3248 3231 3373 3286 gra-

119 3278 236 3376 giosi
281 3281 538 3346 ducens,
590 3295 700 3335 non
748 3281 844 3336 tibi
890 3283 1107 3340 videtur
1146 3286 1310 3341 etiam
1356 3286 1498 3342 inter
1537 3287 1689 3358 ipsos
1788 3293 1885 3359 tia.
1919 3303 2015 3350 aut
2045 3297 2097 3353 in
2125 3297 2392 3365 moribus,
2425 3308 2517 3354 aut
2555 3300 2609 3355 in
2637 3317 2822 3372 opere,
2853 3278 3033 3359 autin
3068 3278 3371 3376 proposito,

121 3366 351 3429 inimicos
375 3371 630 3441 quaedam
661 3371 949 3429 diversitas
979 3374 1226 3431 habenda
1255 3377 1580 3434 charitatis?

173 3456 305 3516 Puto
334 3461 563 3534 quidem
593 3462 738 3531 quod
766 3478 832 3517 ex
859 3463 945 3520 bis
972 3466 1105 3522 satis
1132 3469 1369 3537 patuerit
1428 3485 1553 3525 esse
1573 3472 1684 3528 vim

118 3551 315 3619 quidem
348 3555 639 3612 cbaritatis
671 3571 857 3623 unam,
886 3559 1085 3615 multas
1111 3568 1292 3617 tamen
1319 3562 1520 3621 habere
1553 3579 1686 3622 cau-

119 3655 224 3705 us.
269 3655 326 3700 et
384 3645 590 3701 multos
632 3647 852 3704 ordines
890 3649 1186 3722 diligendi,
1215 3661 1272 3709 et
1319 3664 1539 3724 propter
1577 3656 1683 3714 hoc

120 3746 245 3788 nunc
271 3735 461 3791 dicere
487 3751 744 3806 sponsam
781 3757 795 3793 :
834 3738 1091 3798 Ordinate
1128 3743 1185 3798 iu
1224 3761 1306 3801 me
1341 3746 1679 3816 charitatem,

121 3820 208 3879 hoc
251 3839 337 3882 est
393 3827 590 3882 docete
654 3843 741 3884 me
800 3829 1043 3889 diversos
1095 3835 1316 3892 ordines
1373 3837 1676 3895 charitatis.

120 3910 254 3978 Quod
280 3919 327 3972 si
364 3918 548 3975 adhuc
584 3919 893 3977 addendum
929 3924 1013 3981 his
1046 3926 1250 3997 aliquid
1278 3927 1510 3997 videtur,
1547 3946 1678 4001 pos-

1786 3391 1882 3443 aut
1906 3383 1963 3437 in
1998 3383 2250 3450 scientia,
2282 3395 2380 3442 aut
2411 3388 2465 3442 in
2505 3390 2700 3447 studiis
2725 3404 2967 3449 caeteros.
2980 3395 3276 3465 praecellit;
3314 3405 3370 3452 ct

1786 3486 1885 3542 pro
1905 3472 1990 3526 his
2011 3472 2241 3543 singulis
2263 3476 2562 3530 secundum
2587 3493 2747 3533 suum
2783 3478 2982 3548 cuique
3017 3482 3272 3537 meritum
3297 3483 3368 3538 ad

1784 3568 2092 3638 generalem
2125 3568 2470 3626 dilectionem
2497 3571 2809 3629 addendum
2845 3585 2931 3630 est
2957 3575 3123 3633 etiam
3157 3575 3367 3646 specia-

1783 3658 1852 3717 lis
1883 3659 2087 3730 aliquid
2122 3661 2429 3721 charitatis.

1853 3750 2056 3811 Verum
2107 3762 2168 3809 ut
2210 3754 2387 3826 major
2418 3756 2487 3813 de
2511 3757 2597 3814 his
2643 3758 2908 3817 habeatur
2945 3756 3264 3822 auctoritas,
3294 3758 3366 3814 ab

1782 3841 1903 3913 ipso
1930 3841 2043 3901 Deo
2071 3845 2356 3916 capiamus
2385 3846 2719 3917 exemplum.
2748 3849 2869 3918 Ipse
2892 3852 3038 3906 enim
3068 3861 3217 3906 amat
3245 3866 3366 3906 om-

1779 3935 1871 3991 nia
1899 3950 2022 4005 quae
2062 3946 2192 3992 sunt
2223 3939 2527 4009 aequaliter,
2568 3949 2630 3994 ut
2653 3941 2793 3997 nihil
2817 3941 2993 3997 oderit
3022 3958 3213 3998 eormn
3241 3961 3364 4014 quae

119 4017 283 4102 minus
309 4008 532 4102 et_illud
641 4012 881 4067 medium
913 4013 1205 4082 adducere,
1250 4019 1393 4086 quod
1420 4021 1498 4074 ait
1531 4021 1680 4089 Apo-
1780 4025 1908 4081 fecit
1944 4045 1957 4079 :
1993 4042 2169 4096 neque
2193 4030 2339 4083 enim
2365 4028 2496 4084 fecit
2525 4030 2728 4100 aliquid
2761 4033 2904 4102 quin!
2928 4035 3056 4091 odio
3087 4008 3310 4093 haberet
3344 4056 3359 4094 :

121 4096 271 4153 stolus
306 4119 321 4154 :
366 4099 503 4167 Viri,
542 4101 749 4195 diligite
779 4119 971 4158 uxores
1012 4115 1209 4161 uestras
1262 4107 1677 4195 sicutqcorpora
1780 4129 1888 4170 non
1941 4125 2121 4170 tamen
2173 4117 2253 4170 oh.
2289 4118 2396 4172 hoc
2443 4096 2696 4175 similiter
2747 4096 2942 4178 dilexit
2984 4125 3271 4195 Egyptios
3303 4136 3365 4182 ut

122 4194 278 4243 vestra
303 4227 320 4253 ,
374 4189 517 4245 sicut
552 4188 798 4245 Christus
849 4190 1040 4246 dilexit
1081 4191 1378 4246 Ecclesium
1419 4193 1485 4250 ³⁸.
1536 4193 1677 4260 Quid

1802 4203 2054 4267 lebraeos,
2099 4210 2153 4259 et
2183 4203 2525 4262 Pharaonem
2567 4215 2627 4262 ut
2654 4208 2876 4280 Moysen
2911 4220 2965 4268 ct
3002 4188 3208 4270 Aaron.
3251 4214 3365 4273 Nec

120 4288 231 4345 ergo
259 4279 460 4335 debent
490 4281 710 4352 quidem
740 4283 842 4338 viri
868 4301 1068 4342 uxores
1092 4301 1223 4342 suas
1257 4287 1501 4359 diligere,
1540 4288 1676 4345 alias
1776 4310 1972 4351 rursus
1999 4297 2239 4369 reliquos
2264 4297 2405 4354 lilios
2432 4301 2599 4356 Israel
2630 4279 2883 4359 similiter
2911 4305 3100 4361 dilexit
3128 4316 3188 4361 ut
3210 4305 3361 4380 Moy-

120 4377 230 4422 vero
259 4373 513 4428 mulieres
549 4388 658 4428 non
680 4374 877 4430 debent
899 4378 1125 4432 omnino
1166 4378 1390 4451 diligere
1424 4379 1481 4434 in
1517 4379 1669 4435 omni
1702 4413 1746 4470 υ
1774 4398 1964 4456 εει),οι
1987 4389 2195 4457 Aaron,
2228 4401 2281 4447 et
2306 4390 2561 4461 Mariam;
2603 4410 2702 4450 nec
2730 4394 2924 4452 iterum
2953 4398 3137 4454 Aaron
3166 4407 3221 4455 et
3245 4373 3359 4456 Ma-

120 4460 341 4554 flslilale
389 4472 446 4518 ct
489 4465 822 4521 sanctitate?
873 4472 1071 4524 Annon
1130 4470 1458 4526 videbuntur
1501 4472 1666 4529 etiam
1702 4460 1739 4470 ⁷
1776 4481 1912 4536 riam
1950 4481 2199 4539 similiter
2233 4484 2424 4541 dilexit
2471 4485 2819 4556 utMovsen,
2863 4490 3115 4559 quamvis
3167 4504 3354 4546 verum

435 4555 502 4614 de
547 4558 848 4650 proximis?
884 4559 991 4615 Sed
1045 4560 1405 4632 impendenda
1447 4563 1666 4634 quidem
1773 4570 1844 4627 sit
1870 4579 1930 4626 ut
1963 4572 2167 4630 dicitur
2196 4573 2263 4630 ad
2290 4590 2415 4629 eum
2450 4593 2463 4631 :
2502 4555 2692 4633 Parcis
2725 4555 2902 4632 autem
2940 4578 3204 4641 omnibus,
3226 4581 3354 4650 quia

125 4647 190 4735 est
222 4643 450 4712 dilectio,
494 4647 580 4702 vel
618 4648 672 4703 in
723 4650 1033 4721 conjugem,
1065 4653 1149 4708 vel
1198 4654 1254 4708 in
1286 4664 1539 4723 matrem,
1582 4656 1669 4710 vel
1773 4662 1948 4716 omnia
1982 4671 2075 4717 tua
2111 4673 2256 4731 sunt,
2282 4663 2506 4719 Domine
2525 4676 2735 4721 amator
2760 4667 3080 4723 animarum.
3117 4667 3350 4739 Spiritus

129 4724 169 4780 in
201 4745 453 4804 sororem,
484 4739 531 4795 si
573 4748 752 4795 tamen
787 4739 971 4797 ﬁdeles
1003 4744 1133 4811 sint,
1168 4753 1223 4800 et
1248 4744 1358 4802 Deo
1389 4748 1669 4805 adhaeren-
1767 4754 1911 4807 enim
1954 4755 2368 4825 iucorruptionis
2411 4766 2489 4810 est
2540 4757 2597 4810 in
2636 4759 2875 4815 omnibus
2915 4758 2995 4829 “;
3035 4773 3215 4817 tamen
3260 4761 3351 4819 ille

130 4823 211 4924 tes,
238 4834 289 4879 et
305 4842 432 4899 erga
463 4828 626 4883 aliam
662 4830 947 4893 mulierem
980 4835 1152 4903 nulla,
1191 4837 1490 4895 secundum
1520 4838 1669 4909 quod
1769 4845 1863 4915 qui
1904 4823 2180 4913 mensura,
2214 4856 2269 4902 et
2291 4861 2545 4912 numero,
2572 4856 2628 4903 et
2655 4850 2892 4919 pondere
2916 4823 3191 4924 disposiiit
3228 4871 3349 4910 om.

125 4907 483 5015 ipsa‘proxima
518 4922 750 4990 dicitur,
794 4933 880 4980 est
920 4926 1080 4983 nobis
1122 4928 1480 4999 impendenda
1523 4907 1666 4987 dile-
1770 4907 1885 5003 nia,
1918 4907 2220 4992 secundum
2267 4907 2583 4992 mensuram
2631 4907 2750 4995 sine
2777 4907 2945 4998 dubio

126 5002 239 5060 ειἰοῖ
271 5010 419 5081 Quod
458 5013 505 5068 si
543 5013 645 5069 hoc
681 5014 982 5073 absurdum
1014 5020 1245 5086 videtur,
1297 5021 1457 5078 debet
1483 5033 1664 5080 autem
1769 5043 1875 5095 que
1905 5030 2222 5083 meritorum
2258 5038 2312 5084 et
2344 5028 2653 5086 dilectionis
2693 5046 2805 5087 suae
2832 5042 3095 5104 temperat
3124 5002 3342 5094 libram.

127 5103 386 5193 teciindum
432 5108 671 5167 mandati
718 5108 967 5166 ordinem
1013 5111 1174 5165 etiam
1218 5126 1346 5183 erga
1384 5128 1480 5168 eas
1512 5126 1666 5172 casta
1769 5116 2026 5191 Nunquid
2075 5134 2185 5174 non
2228 5121 2546 5192 putabimus
2583 5122 2712 5193 quia
2750 5140 2855 5178 non
2901 5103 3150 5181 similiter
3178 5128 3248 5183 ab
3274 5143 3342 5184 eo

128 5186 330 5285 adhiberi
375 5199 615 5268 dilectio,
662 5217 893 5272 prorsus
935 5201 1076 5257 inter
1106 5202 1254 5272 ipsas
1287 5220 1549 5274 personas
1581 5208 1662 5262 l’e-
1765 5186 1997 5267 dilectus
2044 5219 2129 5267 est
2169 5186 2394 5280 Paulus,
2426 5229 2550 5271 cum
2588 5186 3002 5285 persequeretur
3041 5218 3339 5275 Ecclesiam

128 5277 357 5378 mitrarum
392 5291 592 5360 quibus
619 5293 978 5364 impendenda
1006 5294 1224 5350 dilectio
1244 5307 1347 5359 est,
1375 5297 1661 5356 habendus
1766 5298 1859 5356 Dei
1894 5301 1971 5366 “,
2014 5301 2154 5357 sicut
2193 5277 2549 5374 diligebatur,
2589 5277 2726 5360 dum
2762 5277 2892 5376 ipse
2924 5323 3023 5377 pro
3054 5323 3117 5363 ea
3152 5323 3340 5378 perse-

127 5368 323 5473 Ρξθΐθθξθ
347 5387 435 5437 εει
464 5382 677 5438 “Nom
705 5384 970 5441 ειηιτίιίδιθ
991 5387 1430 5459 conveniensque
1462 5389 1657 5444 ίῖἱειίιι-
1763 5396 2014 5452 eutiones
2071 5399 2460 5473 cruciatusque
2505 5402 2813 5467 tolerabat,
2860 5411 2914 5456 et
2971 5404 3188 5461 dicebat
3233 5405 3340 5461 sibi

128 5465 225 5518 τ¹¹⁰ο
271 5466 331 5522 Et
377 5472 570 5542 majori
619 5476 837 5545 quidem
872 5494 996 5533 cum
1045 5478 1452 5535 honoriﬁcentia
1495 5482 1657 5537 lnall‘i
1762 5488 1941 5546 inesse
1965 5465 2387 5548 sollicitudinem
2411 5497 2653 5550 omnium
2685 5465 3338 5551 Ecclesiaruirﬂldultum

178 5660 251 5724 ⁸⁸1
276 5669 436 5729 Thes.
470 5689 521 5735 ι’,
559 5676 637 5730 l5.
696 5677 740 5712 ³ο
770 5678 963 5748 Epiies.
1002 5699 1053 5748 v,
1085 5682 1172 5736 9.3.
1252 5684 1292 5717 "°
1337 5687 1463 5756 δίῳ.
1497 5703 1571 5751 is,
1608 5687 1707 5756 27;

1802 5706 1851 5754 ιι,
1886 5690 1935 5743 i.
2019 5687 2058 5716 ³¹
2097 5683 2138 5741 ll
2176 5687 2302 5745 Cur.
2336 5709 2411 5749 ix.

4038 564 4051 659 θ

4046 688 4051 837 ἕ

4026 2790 4037 2873 ξ

4026 2876 4039 2951 l

4028 3084 4039 3257 ἒ

4030 3260 4039 3325 ξ

4028 3366 4039 3469 Ξ
