4236 6282
689 338 794 394 159

1758 332 2096 392 οιιιεΕΝιε
2129 334 2197 390 IN
2232 332 2599 392 CANTICUM
2630 329 2905 389 CANTIC.

3829 329 3935 388 160

678 467 765 513 est
800 444 965 521 nunc,
1000 466 1059 508 ut
1096 454 1235 507 inter
1266 453 1399 508 istos
1427 452 1650 509 ordines
1677 454 1959 510 eharitatis
1988 456 2152 511 etiam
2189 456 2258 511 de
2287 464 2332 519 Α
2363 453 2606 511 Ecclesia
2660 451 2800 509 velle
2835 447 3083 505 ordinem
3130 445 3344 504 discere
3386 446 3698 509 cbaritatis,
3743 447 3798 505 id
3849 461 3935 506 est

678 546 875 602 aﬂ‘ectu
908 545 1015 600 odii
1047 545 1139 612 qui
1168 542 1381 596 videtur
1410 543 1538 598 huic
1564 544 1846 600 cbaritatis
1874 544 2092 599 effectui
2123 559 2256 598 con-

675 639 881 695 trarius
912 639 1246 701 inseramus;
1281 636 1408 706 quia
1436 634 1604 689 etiam
1635 635 1899 693 Dominus
1927 637 2060 692 dicit
2093 654 2107 691 :
2141 635 2259 690 lni-

676 731 841 783 micus
887 743 974 781 ero
1020 726 1252 781 inimicis
1297 727 1404 781 tuis
1436 766 1451 793 ,
1492 737 1541 781 et
1589 726 1905 780 adversabor
1940 728 2261 782 aduenariis

677 822 780 873 tuis
813 819 878 870 ⁵³.
921 816 985 871 Et
1026 818 1221 871 iterum
1258 833 1272 871 :
1313 815 1373 871 Si
1408 817 1671 886 peccaturi
1714 825 1770 868 tu
1812 818 2058 882 assistis,
2108 826 2160 871 et
2209 818 2258 871 ei

673 926 823 979 quem
852 909 963 962 odit
994 906 1276 972 Dominus,
1316 908 1521 961 amicus
1557 923 1613 960 es
1647 906 1713 961 ⁸³.
1748 906 1881 974 Qua:
1903 908 2092 978 utique
2117 908 2259 963 hanc

675 999 877 1054 habent
908 997 1342 1064 absolutionem,
1386 1012 1550 1067 quam
1595 1007 1650 1053 et
1690 998 1822 1052 illud
1871 999 2020 1069 quod
2049 999 2253 1054 dictum

671 1096 757 1142 est
791 1104 805 1142 :
844 1085 1060 1141 Honora
1104 1099 1308 1153 patrem
1353 1096 1502 1140 tuum
1541 1098 1589 1141 et
1631 1096 1853 1142 matrem
1897 1098 2044 1142 tuam
2091 1088 2159 1145 “.
2190 1087 2258 1143 Et

674 1179 870 1232 iterum
907 1197 920 1233 :
959 1178 1064 1243 Qui
1111 1194 1215 1232 non
1253 1178 1364 1232 odit
1416 1188 1621 1247 patrem
1663 1179 1752 1243 δ’,
1796 1188 1852 1234 et
1904 1178 2149 1249 reliqua,
2200 1179 2255 1234 in

672 1286 785 1340 quo
816 1269 1059 1340 profecto
1107 1270 1407 1327 nimietatis
1440 1271 1687 1327 charitas
1724 1271 1780 1326 in
1829 1270 1999 1327 Deum
2035 1272 2122 1327 his
2160 1272 2257 1341 qui

674 1364 1036 1419 adversantur
1072 1363 1407 1418 contrarium
1446 1362 1662 1417 videtur
1687 1377 1948 1433 generare
1979 1361 2256 1426 allectum,

674 1455 803 1509 dum
850 1454 1000 1509 nulla
1040 1463 1217 1524 potest
1242 1470 1363 1510 esse
1394 1454 1751 1510 consonantia
1779 1453 1885 1508 luci
1909 1463 1963 1509 et
1995 1453 2257 1520 tenebris,

673 1557 729 1602 et
758 1546 976 1623 Christo
1014 1563 1138 1603 eum
1170 1547 1361 1615 Belial,
1397 1564 1498 1604 nec
1533 1548 1724 1604 eadem
1754 1546 1936 1618 portio
1968 1561 2089 1602 esse
2114 1545 2257 1600 tideli

675 1653 801 1694 cum
830 1638 1054 1694 inﬁdeli.
1081 1637 1174 1695 His
1193 1653 1322 1708 ergo
1349 1647 1408 1692 ut
1431 1638 1705 1707 potuimus
1728 1637 1794 1692 de
1818 1635 2100 1693 eharitatis
2120 1635 2262 1690 ordi-

675 1728 836 1782 nibus
858 1728 1141 1798 expositis,
1172 1736 1317 1798 patet
1340 1728 1406 1782 ad
1433 1727 1839 1798 intelligendum
1856 1725 1987 1797 quid
2007 1727 2080 1782 sit
2106 1726 2255 1796 quod

2359 543 2697 616 propheticis
2735 541 2935 597 instrui
2966 540 3361 606 voluminibus,
3391 554 3505 595 non
3535 539 3810 599 videbitur
3837 543 3940 597 ab.

2357 641 2611 697 surdum.
2645 639 2752 695 Sed
2782 645 2840 693 et
2880 651 3074 692 omnes
3101 635 3278 692 sancti
3307 635 3403 705 qui
3432 636 3501 691 de
3547 636 3651 691 hac
3680 637 3790 692 vita
3835 637 3935 692 de-

2358 739 2670 796 cesserunt,
2702 731 2966 786 habentes
2996 727 3179 784 adhuc
3207 728 3531 783 charitatem
3556 741 3686 800 erga
3717 742 3815 785 eos
3836 727 3934 799 qui

2357 820 2413 875 in
2459 821 2564 876 hoc
2598 820 2806 875 mundo
2837 825 2995 885 sunt,
3029 819 3077 874 si
3107 818 3364 874 dicantur
3393 833 3580 873 curam
3614 833 3804 889 gerere
3837 833 3933 875 sa-

2357 912 2491 966 lutis
2517 925 2734 975 eorum,
2764 921 2821 965 et
2856 909 3053 980 juvare
3078 923 3174 966 eos
3200 909 3458 980 precibus
3486 910 3625 977 suis,
3650 918 3820 980 atque
3847 911 3936 965 in-

2357 1010 2606 1057 terventu
2652 1017 2755 1057 suo
2791 1001 2934 1071 apud
2980 999 3179 1067 Deum,
3225 1014 3335 1055 non
3373 999 3480 1057 erit
3521 999 3935 1057 inconveniens.

2358 1091 2634 1163 Scriptum
2683 1107 2922 1163 namque
2947 1098 3026 1147 est
3080 1091 3138 1146 in
3169 1090 3606 1147 Machabazorum
3636 1090 3790 1148 libris
3814 1091 3890 1148 ita
3917 1109 3935 1148 :

2359 1181 2466 1236 Hic
2497 1190 2575 1236 est
2604 1179 2868 1236 Jeremias
2903 1180 3158 1251 propheta
3191 1180 3312 1247 Dei,
3341 1181 3432 1251 qui
3460 1197 3662 1251 semper
3688 1193 3807 1237 orat
3836 1198 3937 1251 pro

2355 1270 2552 1341 populo
2573 1272 2641 1327 ⁸³.
2664 1270 2770 1325 Sed
2788 1280 2843 1325 et
2864 1271 2930 1327 ad
2949 1270 3234 1340 apostolos
3254 1270 3372 1325 haec
3394 1269 3526 1336 dici,
3551 1279 3612 1325 ut
3637 1286 3798 1341 supra
3817 1271 3935 1342 jam

2357 1363 2491 1428 dixi,
2539 1378 2649 1417 non
2680 1362 2960 1418 videbitur
2990 1362 3231 1417 alienum
3273 1381 3286 1416 :
3320 1376 3417 1432 per
3444 1362 3547 1418 bos
3570 1363 3719 1417 enim
3753 1363 3938 1420 omnis

2356 1453 2602 1509 Ecclesia
2639 1452 2756 1519 Dei,
2787 1453 2873 1507 vel
2899 1452 3083 1507 anima
3127 1466 3380 1521 quaerens
3402 1450 3601 1517 Deum,
3634 1452 3938 1508 introduci-

2357 1551 2447 1598 tur
2476 1543 2533 1596 in
2561 1544 2786 1597 domum
2819 1541 2954 1608 vini,
2986 1549 3046 1596 ut
3076 1556 3247 1611 supra
3284 1541 3550 1607 diximus,
3588 1549 3646 1597 ct
3673 1543 3935 1598 aromati-

2324 1633 2462 1688 ~bus
2492 1640 2656 1702 atque
2682 1632 2948 1687 odoribus
2975 1632 3232 1702 repletur,
3264 1643 3319 1687 et
3351 1633 3702 1702 componitur
3724 1633 3781 1687 in
3816 1648 3934 1689 me-

2357 1728 2487 1795 lius,
2533 1727 2678 1783 sicut
2727 1726 2782 1781 in
2838 1725 3247 1797 posterioribus
3275 1725 3528 1796 legimus,
3581 1734 3639 1783 et
3670 1726 3937 1787 docemur

676 1826 867 1887 poscat
892 1834 1111 1888 sponsa,
1141 1819 1193 1872 id
1215 1827 1300 1874 est
1322 1817 1586 1887 Ecclesia,
1619 1819 1702 1874 vel
1723 1819 1904 1874 anima
1933 1819 2163 1875 tendens
2181 1819 2251 1875 ad
2283 1800 2326 1859 B
2353 1835 2572 1876 omnem
2602 1819 2851 1875 ordinem
2881 1821 3260 1885 rationemque
3290 1817 3593 1882 charitatis.
3688 1836 3722 1865 ο

678 1908 784 1978 75
813 1907 1230 1977 perfectionem,
1273 1908 1519 1978 praestari
1559 1908 1664 1963 sibi
1694 1908 1763 1963 ah
1799 1898 1994 1964 amicis
2022 1907 2210 1979 sponsi
2234 1947 2253 1973 ,

676 1996 939 2067 quoniam
991 1997 1267 2052 introduci
1300 2013 1360 2053 se
1398 2009 1724 2068 poposcerat
1751 1998 1805 2052 in
1839 1999 2061 2053 domum
2106 1999 2253 2066 viui,

676 2087 768 2142 ubi
797 2087 918 2143 sine
945 2087 1115 2142 dubio
1145 2086 1486 2142 intellexerat
1514 2089 1569 2142 in
1613 2089 1871 2144 omnibus
1903 2089 1988 2145 bis
2016 2104 2140 2159 quat
2173 2089 2255 2144 vi-

671 2182 849 2244 derat,
880 2181 1124 2235 eminere
1153 2187 1209 2235 et
1242 2179 1550 2250 pra'cellere
1579 2181 1810 2250 gratiam
1841 2181 2127 2237 cbaritatis
2149 2221 2164 2248 ,
2199 2190 2257 2236 et

676 2269 852 2338 ipsam
887 2270 1153 2325 didicerat
1194 2271 1458 2341 majorem
1490 2271 1765 2339 omnium,
1801 2273 2085 2343 solamque
2128 2288 2255 2330 esse

677 2360 1003 2416 charitatem
1035 2378 1159 2431 qua:
1190 2378 1468 2433 nunquam
1503 2362 1697 2418 cadet:
1746 2363 1869 2419 ideo
1910 2364 2156 2435 deposcit
2194 2373 2256 2419 ut

676 2451 922 2506 ordinem
971 2452 1093 2522 ejus
1126 2452 1321 2519 discat,
1352 2468 1421 2509 ne
1453 2452 1596 2508 forte
1634 2453 1842 2524 aliquid
1882 2455 2254 2511 inordinatum

676 2540 887 2596 faciens
915 2542 1116 2597 vulnus
1145 2542 1216 2597 ab
1243 2558 1307 2597 ea
1341 2542 1560 2613 aliquod
1607 2543 1860 2613 accipiat,
1890 2555 1952 2600 ut
1982 2546 2039 2599 in
2068 2554 2255 2615 poste-

674 2633 913 2689 rioribus
949 2632 1153 2690 dicitur
1191 2649 1208 2685 :
1249 2632 1553 2689 Vulnerata:
1588 2634 1867 2690 cltaritatis
1904 2651 1998 2707 ego
2033 2653 2150 2691 sum
2183 2637 2250 2691 ⁸⁸.

676 2724 753 2780 Ea
803 2735 986 2782 autem
1038 2727 1155 2783 sive
1206 2728 1277 2783 ab
1345 2729 1550 2800 angelis
1604 2728 1714 2785 dici
1782 2730 2154 2801 accipiamus,
2221 2746 2254 2787 a

676 2817 879 2888 quibus
923 2835 984 2876 se
1030 2819 1226 2875 instrui
1277 2821 1515 2890 postulat
1563 2831 1620 2877 et
1665 2822 1900 2887 muniri,
1962 2821 2101 2876 nihil
2151 2823 2255 2878 ab-

678 2911 905 2966 surdum
938 2912 1244 2982 videbitur;
1275 2913 1575 2969 secundum
1625 2913 1730 2969 hoc
1756 2915 1903 2984 quod
1940 2913 2006 2969 de
2055 2914 2257 2985 populo

676 3005 877 3060 dicitur
905 3024 918 3060 :
950 3003 1252 3072 Ltetamini,
1283 3014 1477 3076 gentes,
1510 3022 1628 3059 cum
1658 3006 1849 3076 populo
1877 3006 2013 3076 ejus,
2047 3017 2097 3061 et
2130 3021 2256 3061 con-

677 3098 873 3167 fortent
899 3113 986 3152 eos
1018 3112 1196 3152 omnes
1225 3097 1400 3168 angeli
1435 3095 1535 3152 Dei
1558 3098 1625 3150 ".
1661 3096 1729 3153 Et
1763 3105 1824 3153 ut
1866 3097 1920 3152 in
1966 3097 2090 3153 aliis
2117 3096 2257 3153 ἀίεις

676 3198 768 3246 tur
796 3208 811 3246 :
843 3189 1153 3245 Circumdat
1187 3190 1406 3261 angelus
1441 3190 1658 3245 Domini
1696 3192 1751 3245 in
1793 3192 2021 3245 circuitu
2063 3192 2254 3247 timen-

681 3283 813 3336 tium
848 3291 993 3347 eum,
1025 3290 1076 3335 et
1109 3280 1296 3351 eripiet
1327 3297 1413 3335 eos
1452 3280 1516 3336 ⁸⁸.
1572 3280 1639 3335 Ει
1684 3281 1812 3336 item
1850 3281 1980 3336 alibi
2009 3298 2024 3337 ε
2069 3280 2254 3338 Nolite

677 3380 1003 3425 contemnere
1051 3386 1213 3424 unum
1242 3386 1307 3426 ea:
1353 3372 1587 3426 minimis
1632 3371 1754 3426 istis
1783 3373 1878 3441 qui
1911 3373 1968 3426 in
2010 3371 2255 3428 Ecclesia

678 3471 823 3527 sunt,
857 3479 984 3530 quia
1013 3463 1187 3532 angeli
1214 3477 1395 3516 eorum
1417 3478 1619 3533 semper
1649 3463 1824 3517 uident
1849 3463 2040 3533 faciem
2066 3463 2252 3518 Patris

680 3554 783 3607 mei
808 3554 898 3624 qui
929 3555 986 3606 in
1037 3554 1179 3607 cmlis
1212 3562 1289 3608 est
1309 3556 1375 3609 η.
1412 3555 1515 3611 Sed
1549 3564 1603 3610 ct
1633 3556 1685 3610 in
1717 3554 2041 3627 Apocalypsi
2088 3555 2259 3611 Joan-

680 3642 768 3699 nis
796 3643 991 3715 angelo
1024 3642 1364 3714 Thyatirensi
1397 3644 1769 3701 testimonium
1811 3643 1905 3699 dat
1944 3643 2116 3701 Filius
2158 3645 2256 3701 Dei

680 3746 783 3804 pro
809 3731 1075 3787 charitate
1099 3747 1263 3802 quam
1297 3733 1571 3788 ordinavit
1599 3733 1824 3803 angelus
1851 3732 1966 3803 ipse
1992 3733 2044 3787 in
2068 3730 2257 3789 Eccle-

681 3823 764 3879 sia
796 3822 898 3878 sibi
940 3824 1258 3879 commissa.
1307 3819 1398 3879 Sic
1445 3823 1592 3879 enim
1639 3825 1904 3893 scriptum
1946 3833 2030 3879 est
2066 3840 2082 3880 :
2130 3819 2256 3879 Scio

679 3930 839 3983 opera
877 3924 968 3967 tua
999 3923 1052 3968 et
1083 3915 1397 3970 cltaritatem
1441 3924 1608 3978 tuam,
1642 3924 1693 3968 et
1740 3914 1899 3984 [idem
1927 3924 1978 3970 et
2014 3916 2259 3971 ministe-

683 4003 844 4069 rium,
873 4015 921 4057 et
954 4007 1286 4073 patientiam,
1314 4016 1365 4060 et
1395 4020 1555 4075 opera
1587 4016 1682 4059 tua
1721 4005 2009 4060 nouissima
2047 4006 2257 4074 majora

682 4107 843 4162 quam
883 4095 1065 4164 priora
1104 4096 1170 4150 “.
1204 4096 1309 4153 Sed
1337 4097 1439 4153 etsi
1492 4096 1561 4153 ad
1601 4097 1896 4168 prophetas
1940 4098 2056 4153 haec
2113 4097 2255 4155 refe-

686 4198 894 4250 ramus,
944 4187 1035 4256 qui
1075 4186 1525 4244 ministraverunt
1576 4189 1803 4244 verbum
1850 4188 1946 4244 Dei
1988 4198 2114 4246 ante
2156 4188 2260 4244 ad-

686 4286 904 4333 ventum
939 4280 1147 4348 sponsi,
1186 4290 1245 4334 ut
1270 4297 1368 4351 per
1397 4281 1639 4351 ipsorum
1668 4281 1974 4337 doctrinam
2009 4282 2261 4338 videatur

759 4437 806 4469 “
837 4436 1009 4490 Exod.
1048 4453 1203 4503 ιιιιιιι,
1232 4437 1322 4493 22.
1400 4437 1443 4470 ”
1474 4440 1515 4492 ll
1541 4438 1776 4507 Paralip.
1807 4456 1919 4506 xix,
1941 4439 1996 4494 2.
2072 4439 2119 4471 “
2145 4440 2316 4496 Exod.
2343 4457 2436 4505 xx,
2471 4438 2557 4495 η.
2632 4439 2677 4472 ⁸³
2712 4437 2846 4492 Luc.
2882 4452 2990 4507 xw,
3019 4435 3112 4507 2Q.
3191 4433 3235 4466 ⁸⁸
3254 4435 3414 4507 Cant.
3442 4450 3503 4502 ιι,
3551 4434 3608 4488 5.

682 4507 965 4575 ιιιιι,45.
1040 4506 1085 4538 ⁴⁸
1112 4506 1253 4563 Ps..l.
1281 4523 1463 4574 χχχιιι,
1505 4507 1556 4562 7.
1631 4508 1675 4540 ⁸³
1705 4506 1907 4562 Matth.
1976 4512 2250 4576 “111,10.
2321 4512 2355 4544 ⁵⁸

1122 4507 1253 4563 Ps..l.
1281 4523 1463 4574 χχχιιι,
1505 4507 1556 4562 7.
1631 4508 1675 4540 ⁸³
1705 4506 1907 4562 Matth.
1976 4512 2250 4576 “111,10.
2321 4512 2369 4544 ⁵ο
2388 4512 2560 4581 Apoc.
2619 4525 2677 4577 ll,
2711 4508 2795 4563 l9.

2424 1910 2579 1967 Vers.
2623 1911 2676 1966 5.
2709 1910 3033 1979 Con/innate
3075 1927 3156 1964 me
3184 1913 3239 1963 in
3271 1909 3581 1979 unguentis,
3624 1909 3818 1978 stipate
3851 1923 3935 1962 me

2353 2004 2409 2056 in
2440 2001 2596 2055 malis
2625 2001 2760 2072 (67),
2794 2002 2921 2071 quia
2947 2000 3235 2055 uulnerata:
3266 2000 3548 2054 charitatis
3579 2014 3673 2069 ego
3703 2014 3841 2052 sum.
3869 1995 3931 2051 In

2354 2093 2545 2149 Graeco
2570 2093 2790 2164 quidem
2816 2092 3051 2146 habetur
3080 2108 3095 2146 :
3121 2090 3446 2160 Conﬁrmata
3468 2106 3548 2144 me
3573 2090 3632 2143 in
3664 2089 3894 2158 myrrhis
3911 2102 3935 2143 :

2352 2185 2604 2257 myrrhin
2659 2199 2831 2255 genus
2859 2181 3134 2253 quoddam
3169 2181 3382 2236 arboris
3429 2180 3743 2245 nominans,
3783 2179 3934 2249 quod

2353 2276 2531 2332 Latini
2567 2285 2817 2345 putantes
2837 2273 3059 2347 myrrha
3087 2272 3318 2340 dictum,
3352 2280 3626 2342 unguenta
3660 2273 3928 2340 interpre--

2356 2367 2453 2421 tati
2504 2372 2652 2422 sunt.
2688 2364 2862 2436 Igitur
2906 2363 3046 2418 ordo
3097 2360 3372 2417 sermonis
3423 2361 3738 2431 hujusmodi
3785 2368 3873 2415 est
3914 2376 3931 2415 :

2357 2467 2716 2528 posteaquam
2748 2470 2952 2526 sponsa
2991 2463 3048 2510 et
3093 2455 3256 2509 verba
3288 2468 3355 2508 ex
3388 2467 3485 2507 ore
3537 2452 3710 2523 ipsius
3741 2453 3934 2523 sponsi

2357 2550 2588 2615 audivit,
2614 2556 2671 2604 et
2700 2547 3012 2603 cubiculum
3041 2546 3185 2616 regis
3211 2545 3458 2617 ingressa
3491 2552 3596 2610 est,
3629 2553 3685 2599 et
3705 2544 3933 2601 domum

2356 2641 2469 2695 vini
2493 2639 2786 2709 locumque
2800 2638 3039 2694 convivii
3051 2653 3118 2693 ac
3135 2637 3436 2707 sapientiae,
3454 2637 3578 2691 etin
3596 2650 3663 2691 eo
3678 2634 3937 2692 victimas

2354 2740 2409 2786 et
2427 2739 2690 2786 craterem
2716 2729 2935 2784 mistum
2969 2728 3331 2784 sacramentis
3363 2727 3485 2797 ejus
3510 2725 3749 2796 aspexit,
3771 2725 3937 2795 quasi

2358 2821 2414 2876 in
2445 2821 2639 2876 horum
2686 2819 2930 2875 omnium
2959 2818 3321 2873 admiratione
3363 2826 3592 2886 stupens
3611 2855 3627 2882 ,
3657 2827 3710 2870 et
3744 2813 3934 2870 saucia

2357 2912 2605 2984 postulat
2644 2911 2714 2966 ab
2764 2911 2899 2980 ipsis
2935 2909 3297 2964 nihilominus
3332 2907 3529 2962 amicis
3562 2914 3619 2961 et
3655 2905 3941 2975 sodalibus.
4002 2922 4003 2925 ‘

2360 3006 2549 3078 sponsi
2588 3013 2649 3061 ut
2677 3004 3055 3069 conﬁrmetur,
3097 3013 3153 3059 et
3182 3003 3346 3073 quasi
3385 3001 3645 3057 deﬁciens
3668 3009 3939 3057 sustente-

2363 3108 2474 3166 tur,
2507 3098 2832 3154 incumbens
2860 3096 3082 3167 paulum
3126 3110 3294 3165 super
3322 3095 3576 3150 arborem
3609 3093 3810 3165 μύῤῥιν
3845 3091 3937 3147 vel

2360 3192 2602 3247 meliam.
2634 3189 2853 3246 Amoris
2899 3189 3047 3244 enim
3095 3189 3318 3242 vulnere
3365 3203 3626 3257 percussa
3670 3187 3933 3241 arborum

2353 3282 2551 3338 solatia
2598 3281 2972 3350 silvarumque
3005 3287 3263 3334 sectatur.
3292 3275 3419 3332 Haec
3453 3277 3755 3333 secundum
3790 3276 3941 3332 litte-

2352 3389 2492 3429 ram.
2527 3373 2631 3429 Sed
2661 3388 2727 3428 ex
2752 3372 2838 3428 his
2865 3381 2925 3427 ut
2950 3371 3178 3441 exsequi
3208 3370 3484 3440 possimus
3518 3369 3935 3440 intelligentiam

2360 3465 2682 3536 spiritalem,
2722 3462 3029 3534 indigemus
3058 3461 3150 3516 illa
3179 3462 3353 3532 gratia
3393 3476 3556 3531 quam
3593 3459 3855 3530 consequi
3901 3473 3933 3513 a

2362 3554 2474 3610 Deo
2520 3554 2722 3609 meruit
2753 3552 2868 3622 ipse
2902 3552 3185 3620 Salomon,
3231 3551 3327 3620 qui
3371 3552 3616 3606 omnium
3658 3566 3783 3620 qua:
3807 3559 3936 3605 sunt

2360 3643 2611 3699 radicum
2638 3651 2692 3698 et
2713 3642 2974 3696 arborum
3002 3650 3058 3696 et
3082 3641 3439 3711 virgultorum
3470 3649 3694 3696 naturas
3718 3639 3931 3704 didicit,

2362 3741 2424 3790 ut
2453 3735 2720 3790 sciremus
2757 3742 2814 3788 et
2845 3747 2946 3787 nos
2978 3747 3101 3801 qua:
3130 3731 3233 3796 vis,
3262 3740 3318 3786 et
3341 3747 3463 3802 qua:
3496 3741 3691 3787 natura
3725 3732 3798 3787 sit
3839 3745 3936 3785 ar-

2363 3826 2515 3881 boris
2563 3824 2824 3895 myrrhte,
2870 3839 2983 3894 quo
3019 3832 3389 3893 competenter
3433 3838 3499 3879 ex
3543 3826 3645 3879 hac
3674 3823 3939 3893 Spiritalis

2361 3914 2534 3988 aptari
2566 3915 2740 3986 possit
2761 3915 3055 3984 expositio.
3102 3913 3220 3969 Hoc
3251 3923 3335 3970 est
3358 3924 3538 3970 autem
3579 3914 3723 3983 quod
3754 3914 3933 3968 solum

2363 4007 2649 4078 pervenire
2686 4006 2756 4061 ad
2787 4020 2890 4062 nos
2928 4005 2997 4060 de
3046 4006 3209 4076 hujus
3250 4006 3464 4061 arboris
3507 4005 3698 4060 notitia
3726 4011 3935 4074 potuit,

2363 4099 2491 4167 quia
2522 4097 2744 4151 odorem
2780 4095 2958 4151 solum
2997 4095 3195 4150 habeat
3223 4110 3471 4163 suavem,
3508 4094 3716 4148 nullum
3757 4102 3936 4148 tamen

2364 4188 2555 4244 all'erat
2583 4186 2846 4243 fructum.
2869 4185 3025 4241 Melia
3049 4202 3176 4241 vero
3197 4187 3362 4241 arbor
3385 4195 3572 4240 notum
3601 4184 3813 4239 cunctis
3827 4192 3933 4250 est,

2362 4280 2508 4352 quod
2544 4295 2651 4335 non
2683 4278 2859 4335 solum
2893 4277 3033 4334 ierat
3060 4276 3322 4344 fructum,
3344 4277 3439 4331 sed
3468 4285 3523 4331 et
3549 4277 3933 4332 dulcissimum

3709 4433 3752 4465 ⁵⁷
3776 4432 3935 4489 Deut.

2894 4508 2938 4539 “
2973 4505 3017 4559 ll
3047 4503 3184 4560 Mac.
3219 4520 3309 4570 xv,
3339 4503 3424 4559 14.

760 4646 1188 4720 (67)$tipa_teme
1207 4647 1263 4720 in
1285 4645 1894 4720 malis,_etc_.Procopius
1909 4663 1975 4720 ex
1991 4647 2256 4720 Origene:
2294 4654 2339 4709 ι)
2368 4650 2431 4720 tit
2458 4665 2474 4703 :
2505 4646 2818 4720 «Rectinate
2840 4664 2920 4701 me
2950 4645 3186 4720 inﬂare,
3219 4663 3266 4720 i_
3290 4644 3394 4698 hoc
3429 4651 3513 4698 est
3540 4643 3595 4695 in
3624 4640 3936 4720 lignisbene

690 4716 1055 4789 Στοιόάοζιιτέ
1079 4736 1157 4789 με
1181 4717 1426 4789 μήλοις.
1462 4717 1521 4771 '0
1536 4716 1842 4789 Σύμμαχος
1885 4718 2059 4783 οὕτως
2095 4716 2264 4789 ’ἐκδέ-

688 4787 887 4857 δωκενξ
921 4786 1403 4857 μἘπαόοαιὶνῑίνατέ
1424 4803 1500 4857 με
1522 4786 1592 4840 ἐν
1615 4786 1804 4854 araer,
1834 4790 2109 4843 τουτέστιν
2131 4787 2266 4842 εὐώ-

692 4856 807 4936 δεησι
828 4854 1197 4944 δὲνρλροιςςτοϊς
1219 4857 1382 4944 διαλδν
1396 4854 1616 4944 inguini
1630 4856 1840 4944 τξοιοῦσι
1866 4860 1961 4944 καὶ
1979 4858 2263 4944 ἀνθοῦντα,

691 4926 802 4981 τῶν
826 4924 1042 4994 φαύλων
1065 4925 1370 5012 λεγομένοιν
1393 4924 1620 5011 δένδρων
1640 4927 1905 4999 ἀκάρπων
1934 4927 1966 5000 ἢ
1991 4924 2266 5000 κακοκάρὲ

695 5012 813 5049 πων
834 4994 1020 5047 ὄντων.
1042 4996 1175 5050 de:
1195 4997 1254 5050 οὲ
1281 5014 1386 5050 των
1408 4998 1755 5054 αντιγβὰφων
1774 4997 1888 5054 erat
1902 5015 1917 5030 ο
1944 4998 2267 5054 Στηοιεατέ

695 5012 813 5049 πων
834 5000 1020 5047 ὅντων.
1042 5000 1175 5050 Τινὰ
1195 5000 1254 5050 δὲ
1281 5000 1386 5050 τῶν
1408 5000 1755 5070 ἀντιγράφων
1774 5000 1888 5070 ἔχει
1902 5015 1917 5030 ο
1944 5000 2265 5068 Στηρίξατέ

688 5083 766 5137 με
792 5064 863 5118 ἐν
908 5065 1155 5133 ἀμύροις
1175 5083 1188 5095 ·
1232 5066 1261 5118 ὃ
1304 5067 1518 5147 νωλτέον
1545 5070 1578 5139 ἢ
1623 5070 1849 5133 πιστοὺς
1889 5069 2008 5140 μὲν,
2047 5071 2109 5122 οὐ
2159 5068 2265 5140 μὴν

692 5136 770 5177 ,τιξ-
795 5135 1150 5177 νηθηιιατίῖςιν
1185 5135 1317 5177 ιιέλτι
1346 5154 1445 5177 ττιέ·
1477 5136 1550 5177 uda
1577 5138 1809 5177 Evm'imn,»
1837 5138 2025 5177 «enm.
2049 5140 2081 5177 -Ἁ
2127 5139 2264 5177 οἱονεί-

692 5135 770 5199 ib;
795 5135 1150 5277 χῆηματίζειν
1185 5135 1318 5216 μέλη
1346 5135 1445 5206 τῆς
1475 5136 1551 5210 μὴ
1567 5135 1809 5209 ’ἐχούσης
1837 5135 2025 5219 anno»)
2049 5140 2082 5212 ἢ
2101 5135 2264 5261 git-:2-

692 5207 788 5281 6a_°
891 5204 1206 5281 ᾳλλοτριους
1233 5222 1333 5281 της
1368 5205 1603 5281 πίστειιις
1636 5211 1891 5281 Χριστου.
1917 5209 1989 5261 Τὸ
2020 5209 2077 5263 δὲ
2149 5225 2262 5262 τοι·

693 5274 917 5355 σάοςᾳλτέ
935 5291 1013 5355 με
1036 5274 1106 5329 ἐν
1126 5274 1362 5355 μίμοις⁷
1372 5274 1738 5355 σαφηνίςῳνὸ
1762 5278 2075 5355 Σιξμμᾳχος,
2104 5281 2266 5355 Hept—

696 5340 989 5420 κυςέίίῐαέέ
1008 5363 1085 5414 με
1114 5340 1286 5420 uti?!“
1312 5340 1465 5420 ὲῖῖτεί
1488 5340 1744 5420 Missas
1776 5340 1899 5420 ad
1919 5340 2163 5420 ﬁdem
2181 5340 2262 5420 ίὲν

696 5413 911 5488 πολλοῖς
959 5413 1501 5488 πὲρικξκυλισμένοις
1558 5415 1728 5487 αὐτὴν
1760 5413 1951 5488 [ﬂeti
1987 5413 2263 5469 ὰνξιιιτάύε-

697 5485 819 5558 eQat
838 5500 853 5516 δ
885 5480 1063 5558 arma,
1098 5480 1272 5558 cluat,
1318 5480 1529 5558 itaqu
1556 5480 2029 5558 twn-7766;311:100
2060 5487 2263 5558 suae};

696 5554 873 5628 ξύλοις
897 5555 993 5610 τοῦ
1015 5553 1242 5628 δρυμοῦ,
1268 5553 1522 5628 vapules,
1552 5557 1638 5610 ἵνα
1660 5557 1757 5628 τῆς
1778 5553 1958 5608 αὐτῶν
1986 5554 2263 5628 μεταλάϐῃ

700 5624 975 5695 ιιοιότητος
1004 5643 1018 5657 ·
1047 5623 1059 5628 ’
1094 5623 1399 5695 Τέτρωμὰι
1440 5626 1549 5695 γὰρ
1603 5623 1827 5695 φίλτρῳ
1849 5663 1863 5686 ,
1922 5624 2055 5694 φησι
2112 5623 2266 5695 ,κατᾶ

702 5690 1016 5763 ξρμμὰχον,
1065 5690 1204 5748 dmi
1236 5690 1341 5747 τοῦ
1384 5690 1669 5747 assumas
1708 5690 1944 5759 βέλους(
1984 5690 2134 5747 ’κατὰ
2171 5692 2262 5746 τὸν

714 5758 959 5817 Ἠσαίαν.
1000 5758 1018 5815 ι
1053 5764 1260 5835 Stipate
1289 5779 1366 5818 me
1397 5765 1451 5816 in
1474 5763 1647 5817 malis.
1687 5783 1703 5813 ι
1746 5758 2106 5838 Symmachus
2140 5780 2248 5821 vcr-

2368 4719 2652 4784 olentibus,
2675 4711 3215 4788 pulchrumieidelicet
3238 4715 3470 4783 fructum
3501 4724 3654 4788 atque
3683 4711 3936 4782 ﬂoridum

2368 4783 2708 4859 facientibus.
2742 4787 2864 4842 Illa:
2889 4787 3028 4841 enim
3049 4786 3260 4859 arbores
3293 4800 3409 4859 qua:
3438 4783 3594 4859 mala;
3635 4797 3935 4859 nuncupan-

2368 4797 2708 4859 [acientibus.
2742 4797 2864 4842 Illa:
2889 4797 3028 4841 enim
3049 4797 3260 4839 arbores
3293 4800 3409 4854 qua:
3438 4797 3594 4837 mata:
3635 4797 3915 4915 nuncuémn

2367 4871 2476 4924 tur,
2507 4858 2583 4912 vel
2613 4859 2820 4913 steriles
2843 4864 2988 4921 sunt,
3023 4855 3099 4909 vel
3122 4854 3290 4909 malos
3317 4856 3536 4924 fructui
3557 4853 3753 4924 ferunt.
3832 4866 3916 4924 utr

2368 4920 2493 4982 dum
2531 4938 2708 4981 autem
2755 4920 3080 4994 exemplaria
3121 4920 3327 4979 habent
3359 4939 3378 4978 :
3436 4942 3453 4974 ι
3490 4920 3698 4994 Fulcite
3740 4936 3844 4994 _m_e_
3876 4923 3937 4974 in

2367 4998 2600 5069 amyris,
2633 5016 2653 5050 ι
2708 5014 2806 5067 quo
2847 4990 3055 5069 nomine
3087 4994 3412 5069 intelligendi
3445 5001 3567 5069 sunt
3598 4990 3675 5045 uel
3718 4990 3931 5069 ﬁdeles,

2368 5060 2479 5122 non
2496 5060 2773 5121 sic'tamen
2808 5077 2865 5121 ut
2897 5066 3118 5120 audiant
3157 5060 3387 5119 membra
3412 5062 3525 5130 ejus
3550 5075 3668 5130 qua:
3697 5076 3797 5130 non
3828 5060 3935 5130 lia-

2368 5138 2486 5192 bent
2522 5137 2790 5191 maculant
2827 5146 2921 5190 aut
2962 5152 3168 5207 rugam,
3208 5129 3538 5207 uelhalientLa
3566 5129 3673 5198 [ide
3710 5129 3931 5207 parieti.

2365 5207 2515 5280 Illud
2556 5217 2754 5280 autem,
2790 5224 2810 5258 ι
2842 5198 3049 5280 διίΡᾳίὲ
3069 5198 3161 5259 me
3186 5203 3365 5280 malis,
3398 5221 3418 5252 ι
3456 5198 3935 5280 Symmachust?

2367 5278 2579 5331 clarans
2612 5266 2750 5331 dixit
2782 5292 2801 5330 :
2841 5296 2860 5328 ι
2893 5266 3325 5331 Circumsternite
3375 5287 3455 5325 me
3496 5266 3674 5323 malis.
3726 5286 3745 5322 ι
3810 5266 3933 5321 Vult

2367 5347 2505 5402 enim
2526 5363 2719 5416 sponsa
2741 5347 2799 5400 in
2840 5347 3021 5400 multis
3044 5361 3160 5400 eam
3186 5338 3633 5416 circumdantibus
3666 5337 3818 5416 malis
3849 5354 3935 5391 re-

2366 5407 2650 5496 quiescere,
2684 5432 2815 5496 fluat
2861 5416 3093 5496 quidem,
3135 5416 3342 5496 opinor,
3388 5409 3698 5496 illius‘ntali
3727 5407 3932 5496 [ructus

2370 5478 2490 5539 s'unt
2515 5478 2652 5540 inter
2676 5478 2823 5554 ligna
2844 5478 3014 5545 silvae.
3042 5478 3137 5539 hoc
3160 5478 3237 5538 est
3266 5478 3464 5554 sponsi,
3496 5489 3552 5533 ut
3578 5478 3794 5532 illorum
3815 5492 3937 5546 per-

2370 5555 2533 5624 cipiat
2565 5553 2895 5625 qualitatem.
2944 5574 2964 5607 ι
3009 5555 3298 5609 Vulnerata
3338 5553 3475 5625 enim
3526 5562 3871 5625 sum_amore,
3908 5565 3930 5598 ι

2370 5621 2655 5695 secundum
2704 5623 3101 5695 Symmachum,
3152 5644 3171 5677 ι
3204 5625 3266 5679 ab
3322 5621 3488 5677 electu
3538 5621 3756 5690 sagitta,
3806 5636 3823 5668 ι
3876 5626 3935 5671 ιιι

2374 5692 2547 5748 Isaias
2570 5692 2822 5762 loquitur.
