4236 6282
141 268 228 324 liii
1178 290 1208 340 ,'
1350 290 1353 292 ’
1457 283 1656 338 LIBER
1699 285 1738 340 T

1767 285 2023 343 CRTIES.
3265 305 3366 360 162

136 395 181 441 et
205 389 582 444 suavissimum
617 389 774 446 ferat.
809 393 1014 450 Omnes
1041 397 1206 467 igitur
1234 399 1486 455 homines
1517 402 1675 456 arbo-
1710 409 1752 463 Λ
1783 403 2001 466 cibum,
2036 405 2129 458 sed
2164 413 2217 458 et
2257 419 2452 460 omnes
2497 407 2719 463 delicias
2749 428 2762 463 :
2799 420 2852 464 et
2896 427 2989 481 per
3021 430 3083 470 ea
3125 433 3366 476 maxime

135 492 210 532 res
246 478 502 534 dicuntur
547 481 664 536 sive
695 483 872 549 bonae,
918 486 1032 541 sive
1063 488 1240 552 malae,
1279 499 1332 544 et
1367 489 1682 556 fructuosae,

134 569 230 624 sive
252 570 622 631 infructuosae.
651 574 794 630 sicut
815 585 869 629 et
900 577 1164 634 Dominus
1189 579 1241 632 in
1272 579 1564 651 Evangelio
1595 583 1683 636 di-

133 660 194 714 cit
222 677 235 714 :
263 659 361 713 Aut
386 661 556 731 facite
587 665 827 719 arborem
859 668 1071 733 bonam,
1106 680 1156 723 et
1192 670 1426 738 fructum
1455 673 1569 741 ejus
1593 674 1686 727 bo-

133 767 272 816 num;
315 762 406 806 aut
463 754 624 822 facite
664 757 906 811 arborem
945 759 1166 820 malam.
1215 773 1264 816 et
1299 764 1532 832 fructum
1568 767 1682 836 ejus

135 842 304 896 malum
325 845 407 912 ";
454 852 510 900 et
537 864 552 901 :
588 846 774 902 Omnis
807 849 969 904 arbor
996 868 1117 922 qua
1155 870 1257 908 non
1286 855 1417 924 facit
1449 856 1683 924 fructum

130 931 312 998 bonum,
342 937 643 1004 occidetur,
674 947 723 992 et
750 940 805 992 in
833 941 1004 1010 ignem
1039 944 1280 998 mittetur
1299 947 1367 1000 ⁵³.
1395 946 1528 1004 Tres
1553 964 1684 1019 ergo

131 1022 414 1082 diﬂerentiaa
445 1027 502 1082 in
533 1029 850 1086 hominibus
871 1032 1126 1089 videntur
1150 1051 1290 1093 esse.
1317 1037 1550 1105 Quidam
1584 1041 1682 1109 qui

129 1115 324 1171 omnino
364 1119 580 1174 nullum
625 1120 864 1176 fructum
905 1123 1170 1191 aﬁ'eruut,
1205 1137 1261 1182 et
1297 1144 1425 1184 ecce
1458 1130 1553 1184 alii
1587 1130 1680 1200 qui

124 1205 350 1264 aderunt.
383 1211 496 1266 Sed
538 1212 591 1266 in
619 1212 705 1268 bis
726 1213 820 1282 qui
845 1213 1083 1270 afferunt
1122 1227 1220 1271 aut
1253 1219 1380 1272 mali
1410 1230 1539 1275 sunt
1566 1221 1680 1275 fru-

121 1308 242 1366 ctus,
297 1313 393 1358 aut
448 1305 598 1359 boni.
651 1305 751 1360 llic
793 1322 925 1378 ergo
971 1325 1197 1378 sponsa,
1238 1311 1290 1365 id
1326 1321 1411 1367 est
1437 1312 1678 1369 Ecclesia

120 1387 325 1456 Christi,
351 1395 670 1450 conﬁrmari
701 1412 761 1452 se
795 1398 1058 1467 postulat,
1089 1408 1144 1454 et
1172 1401 1423 1456 reclinari
1458 1404 1678 1472 quidem

121 1494 264 1549 super
284 1501 451 1540 unam
478 1487 732 1544 arborem
757 1489 972 1543 meliam
1002 1489 1318 1548 afferentem
1351 1494 1564 1552 fructus
1587 1498 1679 1552 bo~

120 1586 204 1626 nos
228 1592 243 1626 :
281 1583 335 1629 et
357 1585 505 1631 recte
535 1593 600 1633 ac
626 1589 1022 1648 competenter.
1058 1583 1235 1654 Super
1261 1586 1347 1642 his
1373 1589 1518 1642 enim
1544 1605 1674 1644 con-

119 1665 348 1720 ﬁrmatur
379 1675 435 1722 et
465 1670 700 1740 stipatur
721 1672 988 1740 Ecclesia,
1013 1678 1105 1747 qui
1136 1678 1190 1732 in
1231 1679 1389 1734 bonis
1416 1682 1674 1750 operibus

119 1753 432 1814 fructiﬁcant
469 1772 522 1816 et
562 1774 839 1820 crescunt.
890 1743 1046 1833 Quid
1075 1777 1253 1824 autem
1303 1780 1387 1826 est
1417 1743 1563 1842 quod
1617 1773 1679 1826 in.
1707 1743 1747 1798 Β

118 1849 355 1917 myrrhis,
388 1851 749 1911 intructuosis
777 1860 985 1915 scilicet
1027 1862 1314 1918 arboribus
1357 1865 1672 1920 conﬁrmari

116 1940 206 1991 vult
254 1942 432 1999 odore
462 1946 580 2000 solo
609 1949 1009 2016 gaudentibus?
1046 1951 1160 2024 Ego
1187 1963 1322 2023 puto
1346 1957 1492 2024 quod
1537 1957 1682 2011 istos

114 2030 184 2096 qui
211 2032 336 2086 solo
368 2032 543 2088 odore
564 2037 822 2104 gaudent,
854 2048 909 2092 et
937 2041 1168 2095 necdum
1201 2043 1414 2097 fructus
1441 2044 1563 2097 ﬁdei
1589 2043 1675 2097 af-

114 2117 298 2186 ferunt,
338 2123 466 2177 illos
494 2125 641 2180 dicat
671 2143 811 2196 quos
837 2129 1038 2187 Paulus
1073 2133 1140 2186 ad
1172 2132 1494 2190 Corinthios
1537 2136 1678 2189 scri-

111 2208 240 2278 bens,
275 2212 458 2267 dicit:
493 2213 598 2279 Qui
631 2216 874 2272 int'ocant
903 2238 1089 2275 nomen
1118 2223 1332 2278 Domini
1356 2228 1524 2280 nostri
1547 2226 1678 2280 Iesu

111 2298 290 2356 Christi
326 2302 386 2356 in
425 2307 569 2358 omni
599 2307 713 2360 loco
741 2310 978 2379 ipsorum
1009 2322 1058 2366 et
1092 2323 1332 2369 nostrum
1365 2315 1433 2370 ⁸⁸.
1469 2316 1579 2371 Pro
1611 2333 1678 2372 eo

109 2407 217 2462 ergo
271 2395 426 2464 quod
479 2397 737 2452 invocant
787 2415 986 2456 nomen
1044 2401 1259 2457 Domini
1315 2408 1487 2461 nostri
1546 2406 1675 2463 Jesu

112 2480 333 2549 Christi,
371 2485 574 2540 habent
601 2486 658 2541 in
699 2491 1006 2560 semetipsis
1049 2493 1239 2548 odoris
1270 2496 1563 2562 quamdam
1608 2513 1676 2551 ex

113 2571 209 2640 ipsa
269 2576 620 2631 invocatione
682 2580 920 2636 nominis
985 2584 1332 2639 suavitatem.
1399 2587 1507 2641 Pro
1568 2587 1677 2657 76

113 2675 167 2716 eo
195 2679 320 2719 vero
352 2667 500 2736 quod
529 2683 637 2722 non
665 2685 792 2724 curn
824 2671 975 2724 omni
1001 2671 1200 2727 ﬁducia
1226 2683 1281 2728 et
1305 2674 1555 2730 libertate
1578 2692 1674 2732 ac-

115 2753 294 2810 cedunt
331 2755 403 2810 ad
437 2756 622 2823 ﬁdem,
660 2759 843 2814 nullos
884 2761 1007 2816 fidei
1053 2762 1290 2818 aﬁ‘erunt
1337 2764 1571 2822 fructus.
1615 2766 1674 2823 In

117 2843 217 2902 loco
252 2847 359 2902 hoc
387 2863 686 2918 possumus
717 2865 819 2906 nos
848 2853 1272 2912 catechumenos
1310 2855 1569 2914 Ecclesiae
1595 2858 1676 2913 in-

118 2937 354 3008 telligere,
399 2957 566 3011 super
602 2959 743 3013 quos
769 2963 835 3002 ex
869 2960 1021 3018 parte
1069 2948 1252 3019 aliqua
1279 2949 1676 3005 conﬁrmantur

120 3025 368 3130 Ecclesiae.
405 3033 618 3090 Habent
643 3037 788 3091 enim
815 3049 870 3094 et
913 3039 968 3094 in
1002 3041 1134 3111 ipsis
1169 3057 1277 3095 non
1309 3056 1502 3110 parum
1529 3042 1673 3096 ﬁdu—
1698 3073 1742 3131 ο

119 3121 197 3176 cite
219 3133 272 3178 et
296 3125 412 3196 spei
451 3127 771 3198 plurimum,
811 3133 957 3202 quod
984 3141 1038 3187 et
1080 3133 1183 3203 ipsi
1210 3134 1344 3186 fiant
1370 3133 1670 3203 aliquando

122 3213 318 3272 arbores
348 3217 651 3276 fructifera:
683 3231 736 3276 et
763 3224 1079 3293 plantentur
1105 3225 1157 3278 in
1197 3224 1451 3294 paradiso
1473 3223 1567 3280 Dei
1600 3226 1670 3281 ab

123 3305 220 3374 ipso
240 3311 483 3380 agricola
513 3310 692 3368 Patre.
719 3316 839 3384 Ipse
867 3317 1010 3370 enim
1034 3324 1118 3371 est
1135 3317 1227 3387 qui
1255 3317 1459 3387 plantat
1481 3317 1671 3388 hujus-

119 3399 238 3454 modi
267 3401 497 3456 arbores
521 3403 574 3456 in
603 3402 849 3459 Ecclesia
875 3405 1102 3469 Christi,
1133 3421 1256 3476 quas
1277 3414 1360 3462 est
1381 3407 1670 3477 paradisus

119 3489 411 3548 deliciarum
446 3512 460 3548 :
507 3495 648 3550 sicut
676 3506 731 3550 et
761 3496 1027 3553 Dominus
1053 3499 1188 3553 dicit
1220 3516 1235 3553 :
1293 3501 1482 3554 Omnis
1515 3499 1671 3570 plan-

119 3582 229 3634 tatio
253 3601 410 3653 quam
436 3601 540 3638 non
569 3585 830 3654 plantavit
863 3587 1023 3642 Pater
1052 3606 1195 3643 meus
1221 3589 1467 3656 cazlestis,
1497 3589 1672 3643 eradi-

115 3673 299 3730 cabttur
320 3679 390 3730 ⁸⁵.
423 3675 670 3746 Stipatur
699 3694 832 3749 ergo
870 3679 1112 3736 Ecclesia
1135 3690 1191 3735 et
1220 3682 1361 3735 inter
1392 3682 1581 3738 melias
1613 3693 1668 3738 et

117 3778 258 3834 super
304 3769 456 3839 ipsas
506 3769 815 3840 requiescit.
867 3770 1001 3838 Quae
1043 3773 1217 3827 meliae
1264 3772 1370 3826 illae
1415 3773 1669 3842 putandte

118 3868 224 3914 sunt
247 3862 449 3916 anima:
481 3877 602 3932 qua:
639 3863 881 3932 quotidie
905 3864 1232 3921 innovantur
1266 3866 1333 3920 ad
1375 3866 1664 3936 imaginem

118 3949 218 4016 ejus
255 3952 350 4022 qui
383 3954 591 4008 creavit
615 3969 729 4009 eas.
763 3954 901 4020 Quia
942 3956 1086 4009 enim
1120 3972 1216 4026 per
1257 3957 1664 4011 innovationem

121 4039 188 4093 Sui
217 4041 508 4112 imaginem
540 4054 796 4113 reparant
826 4045 921 4098 ﬁlii
963 4046 1080 4112 Dei,
1116 4047 1311 4100 merito
1349 4055 1405 4100 et
1428 4049 1559 4115 ipsa:
1582 4064 1667 4101 ar-

122 4128 256 4188 bores
282 4133 462 4188 meliat
491 4136 850 4204 appellantur,
889 4137 1018 4205 quia
1063 4145 1117 4190 et
1149 4137 1266 4206 ipse
1306 4152 1543 4205 sponsus
1573 4152 1668 4192 ea-

121 4235 224 4277 rum
256 4225 312 4278 in
360 4226 737 4295 superioribus
781 4227 962 4282 dictus
991 4237 1098 4292 est,
1130 4227 1273 4282 sicut
1303 4229 1467 4281 arbor
1504 4228 1667 4283 melia

120 4323 224 4367 esse
254 4315 307 4369 in
334 4315 501 4387 lignis
530 4316 701 4371 silvae.
733 4315 800 4371 Et
829 4333 899 4372 ne
931 4319 1152 4374 mireris
1183 4318 1231 4374 si
1264 4319 1404 4374 idem
1455 4319 1574 4388 ipse
1613 4329 1667 4374 et

1788 493 2064 559 discurrit,
2109 496 2235 548 dum
2287 511 2348 551 se
2391 499 2731 553 vulneratam
2785 505 2954 556 sentit
3000 521 3119 560 esse
3165 509 3364 578 jaculis

1787 582 2092 638 cbaritatis.
2130 583 2185 637 Si
2226 585 2350 654 quis
2386 602 2617 656 usquam
2646 591 2850 658 estqui
2882 592 3020 646 ﬁdeli
3049 594 3153 649 hoc
3177 612 3364 652 amore

1786 672 1934 725 verbi
1982 671 2075 725 Dei
2110 674 2245 727 arsit
2276 674 2596 743 aliquando,
2631 677 2676 731 si
2705 678 2830 747 quis
2871 689 2973 743 est,
3010 689 3070 735 ut
3102 687 3358 753 propheta

1784 760 2004 824 dicit“,
2031 762 2126 831 qui
2157 762 2316 818 electi
2341 763 2511 832 jaculi
2537 765 2658 834 ejus
2687 766 2848 822 dulce
2884 769 3083 824 vulnus
3116 772 3356 842 plagam-

1785 866 1892 920 que
1922 853 2151 922 accepit,
2196 853 2240 907 si
2273 854 2398 924 quis
2439 855 2645 924 estqui
2694 856 2938 912 scientiae
2982 859 3102 928 ejus
3138 863 3361 918 amabili

1785 941 2034 998 conﬁxus
2066 951 2149 998 est
2176 945 2304 1010 telo,
2340 945 2414 1000 ita
2446 954 2506 999 ut
2528 946 2743 1001 diurnis
2771 963 2894 1002 eum
2937 949 3226 1015 desideriis
3259 969 3360 1009 no-

1784 1032 2100 1103 cturnisque
2117 1035 2373 1103 suspiret,
2411 1035 2558 1090 aliud
2578 1037 2707 1106 quid
2729 1037 2877 1108 loqui
2904 1055 3011 1094 non
3037 1042 3229 1110 possit,
3253 1059 3362 1098 au-

1783 1124 1902 1179 dire
1930 1124 2076 1179 aliud
2121 1125 2278 1192 nolit,
2311 1127 2554 1197 cogitare
2583 1128 2730 1183 aliud
2779 1130 3008 1195 nesciat,
3040 1132 3360 1190 desiderare

1784 1221 1975 1281 praeter
1991 1214 2192 1283 ipsum,
2213 1228 2305 1270 aut
2326 1231 2522 1286 cupere
2537 1217 2682 1272 aliud
2701 1219 2782 1273 vel
2800 1235 3022 1288 sperare
3035 1237 3140 1276 non
3157 1223 3350 1279 libeat:

1781 1306 1883 1361 ista
1898 1306 2077 1361 anima
2094 1307 2287 1361 merito
2303 1308 2434 1362 dicit
2453 1327 2466 1362 :
2492 1307 2793 1365 Vulnerata:
2805 1310 3086 1365 claaritatis
3102 1329 3193 1381 ego
3205 1329 3318 1368 sum
3334 1329 3356 1378 ,-

1778 1396 1913 1451 etab
1928 1397 2021 1450 illo
2038 1397 2232 1452 vulnus
2249 1398 2454 1466 accepi,
2468 1398 2536 1453 de
2553 1398 2985 1468 quodicitlsaias
3001 1402 3068 1456 ’τε
3089 1402 3163 1454 Et
3177 1407 3352 1471 posuit

1779 1503 1859 1539 me
1883 1489 2018 1540 sicut
2031 1487 2276 1554 jaculum
2298 1488 2541 1554 electum,
2575 1498 2624 1543 et
2648 1491 2702 1543 in
2728 1495 2978 1557 pharetra
3001 1508 3099 1546 sua
3127 1493 3352 1547 abscon-

1777 1581 1856 1633 dit
1885 1598 1984 1634 me.
2022 1580 2138 1636 Tali
2166 1582 2391 1637 vulnere
2419 1582 2573 1636 decet
2606 1581 2771 1635 Deum
2800 1592 3087 1650 percutere
3112 1585 3350 1648 animas,

1779 1672 1978 1727 talibus
2005 1672 2204 1742 jaculis
2227 1674 2460 1745 telisque
2478 1673 2770 1742 conﬁgere,
2803 1688 2866 1728 ac
2897 1673 3231 1730 salutaribus
3253 1691 3350 1732 eas

1777 1763 2102 1819 vulneribus
2136 1766 2386 1819 sauciare
2413 1782 2425 1817 :
2451 1773 2510 1818 ut
2533 1765 2661 1834 quia
2693 1763 2835 1819 Deus
2868 1765 3109 1821 cbaritas
3137 1775 3240 1833 est,
3267 1767 3353 1820 di-

1775 1864 1864 1910 cat
1900 1865 1954 1911 et
1983 1857 2098 1926 ipse
2133 1875 2146 1912 :
2187 1857 2325 1923 Quia
2357 1857 2646 1912 vulnerata
2677 1857 2954 1911 c/taritatis
2985 1875 3076 1927 ego
3109 1875 3244 1912 sum.
3285 1858 3354 1914 Et

1775 1947 1996 2016 quidem
2030 1948 2083 2001 in
2111 1949 2216 2001 hoc
2242 1948 2399 2016 quasi
2429 1949 2696 2001 amatorio
2721 1948 2967 2002 dramate
2991 1965 3189 2016 sponsa
3216 1951 3354 2004 cha-

1778 2037 1958 2090 ritatis
1982 2052 2041 2090 se
2069 2037 2202 2090 dicit
2226 2037 2458 2090 vulnera
2489 2037 2796 2105 suscepisse
2821 2053 2835 2090 :
2873 2045 3046 2106 potest
3075 2051 3253 2092 autem
3278 2040 3357 2093 si-

1780 2126 1984 2179 militer
2029 2124 2246 2180 fervens
2271 2125 2456 2180 anima
2489 2142 2616 2197 erga
2660 2127 2981 2196 sapientiam
3013 2128 3106 2182 Dei
3138 2129 3354 2194 dicere,

1780 2217 1908 2286 quia
1935 2216 2230 2271 vulneratae
2255 2217 2535 2286 sapientia:
2562 2234 2662 2289 ego
2690 2233 2811 2273 sum
2840 2237 2854 2272 :
2883 2219 2973 2274 illa
3002 2221 3209 2276 scilicet
3225 2237 3348 2291 quae

1781 2308 2063 2377 sapientia:
2085 2309 2205 2378 ejus
2227 2309 2684 2379 pulchritudinem
2713 2311 2890 2380 potuit
2919 2313 3136 2367 intueri.
3163 2312 3348 2369 Potest

1777 2408 1833 2456 et
1859 2401 1963 2454 alia
1991 2400 2172 2455 anima
2205 2401 2424 2456 virtutis
2453 2401 2572 2470 ejus
2605 2402 3061 2471 magniﬁcentiam
3083 2413 3349 2462 contuens

1777 2497 1831 2544 et
1869 2489 2134 2544 admirata
2167 2491 2466 2559 potentiam
2495 2490 2656 2546 Verbi
2700 2492 2796 2546 Dei
2830 2493 3033 2560 dicere,
3064 2496 3192 2564 quia
3229 2498 3352 2550 vul-

1779 2589 1989 2635 neratae
2033 2582 2252 2637 virtutis
2277 2597 2380 2654 ego
2411 2581 2555 2637 sum.
2591 2582 2758 2648 Talis,
2793 2585 2975 2650 credo,
3005 2586 3186 2655 aliqua
3209 2587 3354 2643 sicut

1774 2680 1893 2727 erat
1923 2672 2012 2726 illa
2042 2688 2165 2742 qua:
2195 2672 2409 2728 dicebat
2440 2693 2452 2728 :
2487 2672 2746 2726 Dominus
2775 2673 3099 2728 illuminatio
3143 2693 3261 2730 mea
3295 2687 3350 2732 et

1775 2765 1922 2819 salus
1953 2781 2090 2831 inea,
2123 2781 2277 2836 quem
2307 2763 2496 2819 timebo
2519 2765 2608 2818 δεῖ
2640 2764 2744 2820 Sed
2785 2775 2840 2820 et
2872 2765 2976 2821 alia
3008 2767 3190 2822 anima
3218 2782 3346 2838 erga

1776 2870 2017 2911 amorem
2038 2856 2264 2926 justitize
2286 2856 2405 2926 ejus
2431 2855 2664 2924 fervens,
2697 2865 2752 2912 et
2783 2858 3251 2929 dispensationum
3279 2876 3345 2917 ac

1775 2945 2128 3016 providentiae
2160 2945 2279 3014 ejus
2315 2945 2584 3012 justitiam
2613 2956 2899 3012 contuens,
2931 2947 3063 3003 dicit
3088 2949 3206 3005 sine
3243 2949 3349 3004 du-

1776 3035 1890 3102 bio,
1921 3034 2211 3089 vulnerata:
2249 3034 2470 3104 iustitia:
2497 3051 2599 3106 ego
2643 3052 2788 3092 sum.
2823 3037 2889 3092 Et
2931 3039 3035 3093 alia
3085 3039 3345 3096 bonitatis

1773 3126 1894 3195 ejus
1923 3140 1989 3180 ac
2020 3124 2239 3194 pietatis
2270 3126 2688 3181 immensitatem
2715 3129 3013 3198 respiciens
3043 3130 3242 3186 similia
3268 3133 3349 3186 lt-

1769 3220 1977 3290 quitur.
2017 3215 2122 3273 Sed
2153 3227 2209 3273 et
2253 3217 2450 3273 horum
2500 3219 2744 3273 omnium
2777 3220 3026 3290 generale
3071 3233 3157 3277 est
3193 3222 3344 3279 istud

1770 3310 2054 3366 charitatis
2111 3310 2355 3376 vulnus,
2405 3324 2515 3380 quo
2571 3325 2630 3364 se
2685 3311 3022 3368 vulneratam
3087 3315 3346 3384 praedicat

1770 3419 1992 3474 sponsa.
2043 3402 2335 3459 Sciendum
2371 3412 2553 3459 tamen
2613 3412 2697 3459 est
2727 3406 2872 3475 quod
2909 3406 3051 3461 sicut
3079 3419 3208 3462 sunt
3240 3409 3344 3465 ista

1769 3494 1866 3550 Dei
1890 3495 2094 3565 jacula,
2119 3511 2240 3566 quae
2263 3496 2459 3550 animat
2483 3495 2700 3550 habenti
2723 3497 3048 3552 desiderium
3072 3499 3342 3554 bonorum

1769 3584 1960 3640 salutis
1989 3585 2189 3640 vulnus
2219 3585 2469 3656 inﬂigunt
2494 3603 2508 3641 :
2545 3587 2620 3641 ita
2652 3596 2784 3642 sunt
2821 3596 2873 3642 et
2897 3587 3081 3658 jacula
3111 3590 3338 3658 maligni

1769 3677 1958 3749 ignita,
1993 3678 2194 3746 quibus
2221 3677 2404 3732 anima
2440 3693 2562 3748 quae
2595 3693 2701 3732 non
2733 3688 2815 3734 est
2847 3687 3003 3733 scuto
3041 3679 3165 3732 lidci
3213 3693 3341 3747 pro-

1767 3776 1930 3831 tecta,
1974 3767 2291 3820 vulneratur
2334 3767 2388 3820 in
2426 3775 2679 3820 mortem.
2728 3763 2805 3819 De
2859 3764 2994 3832 ipsis
3039 3763 3174 3817 dicit
3213 3761 3348 3815 Pro-

1767 3859 1926 3929 pheta
1957 3877 1970 3911 :
2005 3858 2140 3911 Ecce
2186 3869 2481 3926 peccatores
2515 3854 2851 3909 intenderunt
2884 3868 3087 3914 arcum,
3121 3868 3344 3921 parave-

1768 3960 1890 4002 runt
1931 3950 2156 4018 sagittas
2186 3964 2310 4001 suas
2354 3951 2407 4000 in
2439 3949 2687 4017 pharetra
2730 3961 2850 4009 sua,
2896 3953 2953 3998 ut
2995 3947 3242 4016 sagittrnt
3289 3945 3345 3998 in

1769 4043 1992 4094 obscuro
2038 4052 2206 4094 rectos
2256 4042 2411 4094 corde
2432 4041 2500 4093 ⁵⁸.
2537 4039 2635 4093 Hic
2687 4047 2996 4107 peccatores
3032 4041 3098 4094 de
3127 4040 3346 4094 occulto

1770 4132 2093 4202 sagittantes
2131 4131 2408 4185 daemones
2439 4129 2742 4184 invisibiles
2787 4129 2938 4192 dicit,
2983 4139 3038 4184 et
3068 4130 3174 4198 ipsi
3215 4141 3348 4184 sunt

1771 4223 2034 4278 habentes
2059 4221 2307 4292 quaedam
2344 4220 2527 4289 jacula
2561 4218 2964 4287 fornicationis,
2996 4220 3103 4275 alia
3132 4220 3314 4290 cupidi
3327 4248 3348 4261 -

1772 4313 1896 4369 tatis
1923 4323 1977 4369 et
2003 4314 2264 4378 avaritiae,
2296 4314 2497 4385 quibus
2541 4312 2928 4386 quamplurimi
2965 4313 3342 4369 vulnerantur.

122 4405 263 4461 arbor
289 4410 414 4464 vita:
455 4421 510 4464 et
556 4409 772 4465 diversa
819 4411 924 4466 alia
966 4413 1202 4478 dicatur,
1243 4429 1367 4468 cum
1419 4415 1560 4469 idem
1607 4423 1662 4470 et
1694 4410 1744 4472 Ι)
1769 4403 1982 4460 Habent
2011 4406 2171 4459 etiam
2203 4403 2408 4474 spicula
2434 4405 2711 4476 jactantizn
2731 4413 2784 4459 et
2805 4419 2959 4459 vanas
2985 4403 3216 4474 gloriae:
3249 4403 3345 4458 sed

126 4498 259 4562 panis
293 4515 473 4566 verus,
510 4511 563 4556 et
599 4502 728 4558 vitis
761 4518 911 4570 vera,
941 4512 996 4559 et
1033 4519 1206 4575 agnus
1247 4503 1365 4570 Dei,
1401 4515 1456 4560 et
1499 4506 1666 4562 multa

131 4586 216 4642 alia
255 4593 587 4666 nominetur.
617 4592 814 4649 Omnia
849 4611 1088 4666 namque
1136 4596 1253 4650 haec
1299 4597 1525 4650 verbum
1572 4597 1666 4651 Dei

135 4679 397 4752 unicuique
441 4665 691 4752 eﬁicitur,
729 4695 886 4756 prout
929 4665 1184 4742 mensura
1214 4687 1298 4740 vel
1335 4687 1668 4742 desiderium

133 4772 481 4844 participantis
507 4777 757 4848 exposcit
784 4796 798 4832 :
831 4778 1131 4834 secundum
1163 4779 1312 4850 quod
1342 4787 1396 4833 et
1433 4794 1667 4846 manna,

134 4861 210 4925 qui
234 4878 351 4918 cum
383 4877 525 4922 esset
551 4884 695 4925 unus
720 4869 890 4934 cibus,
923 4870 1217 4939 unicuique
1246 4879 1423 4924 tamen
1454 4869 1670 4924 deside-

135 4951 203 5006 rio
243 4957 322 5011 sui
368 4959 629 5016 reddebat
671 4975 939 5030 saporem.
987 4959 1200 5015 Praebet
1244 4976 1375 5031 ergo
1428 4960 1670 5029 seipsum

136 5055 224 5098 non
243 5047 412 5103 solum
438 5051 804 5107 esurientibus
826 5067 1020 5121 panem
1043 5061 1098 5106 et
1123 5051 1434 5107 sitientibus
1457 5051 1669 5119 viuum,

136 5137 212 5191 sed
241 5148 293 5194 et
323 5142 565 5199 deliciari
597 5144 902 5199 volentibus
934 5144 1287 5214 semetipsum
1317 5154 1372 5198 et
1417 5142 1669 5214 fragran-

138 5226 196 5280 tia
221 5232 432 5288 exhibet
472 5250 654 5305 poma.
699 5234 992 5304 Propterea
1020 5249 1152 5305 ergo
1190 5243 1245 5289 et
1282 5249 1483 5304 sponsa
1525 5234 1674 5288 velut

139 5317 311 5377 reiecta
354 5326 464 5394 jam
509 5336 564 5382 et
606 5328 742 5381 bene
790 5335 980 5396 pasta,
1033 5324 1216 5380 fulciri
1265 5325 1320 5379 in
1390 5325 1568 5380 meliis
1615 5340 1674 5380 se

141 5418 306 5479 Poscit,
337 5417 511 5473 sciens
539 5417 594 5472 in
625 5418 790 5473 verbo
819 5433 941 5473 esse
972 5417 1076 5472 sibi
1108 5431 1216 5471 non
1246 5415 1424 5471 solum
1455 5429 1670 5470 omnem

1760 4493 1864 4551 ista
1894 4495 2051 4551 valde
2079 4493 2295 4550 subtilia
2331 4501 2476 4559 sunt,
2511 4494 2582 4548 ita
2609 4501 2667 4544 ut
2688 4490 2954 4546 conﬁxam
2992 4507 3050 4548 se
3071 4492 3251 4545 anima
3276 4492 3344 4544 ab

1762 4586 1842 4642 eis
1864 4586 2267 4654 sauciatamque
2289 4583 2377 4638 vix
2397 4583 2614 4647 sentiat,
2641 4581 2745 4635 nisi
2771 4579 2816 4634 si
2852 4580 3040 4634 induta
3072 4588 3157 4636 est
3180 4581 3346 4634 armis

1762 4677 1882 4744 Dei,
1905 4686 1961 4733 et
1975 4685 2082 4732 stat
2101 4675 2326 4748 vigilans
2347 4684 2401 4730 et
2422 4672 2712 4729 immobilis
2731 4686 2858 4743 erga
2877 4672 3103 4728 astutias
3123 4671 3342 4735 diaboli,

1765 4779 1921 4826 scuto
1941 4771 2290 4840 semetipsam
2317 4767 2438 4822 ﬁdei
2474 4781 2573 4836 per
2594 4765 2774 4819 omnia
2805 4773 3120 4836 contegens,
3143 4774 3197 4820 et
3221 4766 3346 4820 nul-

1764 4863 1870 4920 lam
1893 4878 2116 4934 prorsus
2138 4861 2380 4933 corporis
2400 4868 2609 4930 partem
2634 4856 2736 4911 ﬁde
2773 4859 2975 4913 nudam
3010 4858 3342 4928 relinquens.

1767 4953 2198 5024 Quantacunque
2215 4962 2396 5006 autem
2422 4950 2696 5004 dazmones
2723 4949 2951 5004 fecerint
2973 4950 3097 5016 tela,
3123 4951 3166 5004 si
3193 4951 3347 5005 inve-
3405 4949 3420 4964 ‘

1767 5047 1921 5103 niani
1943 5057 2183 5102 mentem
2207 5045 2442 5101 hominis
2471 5045 2575 5099 ﬁde
2596 5043 2882 5111 munitam,
2907 5044 3119 5098 etiamsi
3145 5043 3350 5098 fuerint

1770 5136 1958 5209 ignita,
1985 5135 2196 5191 etiamsi
2229 5135 2584 5205 cupiditatum
2625 5133 2857 5188 flammis
2883 5142 2939 5188 et
2964 5133 3230 5188 incendiis
3258 5150 3351 5187 ar-

1771 5229 1935 5284 deant
1959 5229 2233 5293 vitiorum,
2270 5227 2403 5283 ﬁdes
2429 5227 2590 5297 plena
2617 5234 2812 5282 cuncta
2843 5226 3149 5298 restinguit.

1842 5320 1998 5377 Vers.
2027 5322 2079 5376 6.
2117 5322 2271 5376 Ltcva
2307 5320 2420 5390 ejus
2444 5319 2539 5373 sub
2569 5320 2742 5390 capite
2779 5336 2911 5385 meo,
2942 5330 2989 5374 et
3020 5321 3206 5373 dextra
3239 5319 3352 5388 ejus

1775 5413 2122 5483 amplectetur
2173 5430 2272 5467 me.
2328 5411 2631 5481 Descriptio
2698 5421 2782 5467 est
2843 5413 3062 5480 quidem
3103 5409 3351 5465 amatorii

195 5588 233 5663 ξ’
258 5589 442 5663 Matth.
473 5611 571 5658 xu,
600 5595 689 5648 '55.
765 5595 810 5626 ⁸³
843 5593 1031 5647 Matth.
1073 5607 1153 5663 Ill,
1195 5592 1278 5650 10.
1390 5591 1438 5626 “
1475 5584 1492 5640 Ι
1529 5588 1658 5645 Cor.
1696 5605 1735 5656 ι,

1770 5590 1823 5643 2.
1935 5587 1982 5620 ⁸⁸
2018 5582 2209 5639 Matth.
2240 5597 2326 5648 xv,
2359 5580 2448 5634 15.
2559 5578 2607 5611 ⁸⁸
2641 5576 2746 5632 lsa.
2795 5588 2941 5642 sua,
2975 5574 3031 5628 2.
3109 5573 3154 5607 ⁸⁷
3207 5572 3343 5631 ibid.

144 5648 323 5716 "Psal.
349 5679 515 5732 xxvii,
540 5648 586 5722 ί.
663 5667 706 5696 ⁸³
731 5663 875 5718 Psal.
905 5677 981 5729 ιι,
1002 5663 1056 5717 2.
