4236 6282
641 401 744 458 165
1185 437 1193 443 .
1706 380 2031 441 ORIGENIS
2067 378 2135 435 1N
2174 375 2527 433 CANTICUM
2565 373 2838 431 CANTIC.
3781 365 3883 424 16l-

639 522 904 580 tiramatis
934 531 1148 590 sponsa!
1192 509 1499 568 festinantis
1529 507 1596 563 ad
1625 505 1960 562 connubium
1985 501 2197 572 sponsi,
2228 503 2273 558 Α
2301 497 2520 551 dicitur.
2550 495 2651 551 Per
2683 493 3116 548 incarnationem
3159 501 3398 558 namque
3441 483 3658 541 divitias
3687 491 3742 539 et
3766 482 3884 554 glo-

641 617 788 673 vclut
817 576 992 668 tamen
1027 606 1188 677 paulo
1209 600 1576 673 apertioribus
1607 597 1856 666 corporis
1887 592 2206 663 appellatio—
2307 591 2445 644 riam
2471 586 2743 658 qumsivit,
2767 587 3011 639 omnium
3045 582 3255 637 scilicet
3289 579 3543 632 salutem.
3573 577 3630 629 In
3661 576 3881 630 dextera

643 708 807 763 uibus
832 700 1020 757 currit.
1066 697 1173 751 Sed
1205 702 1461 750 converte
1484 701 1537 746 te
1566 690 1807 744 velocius
1852 687 1920 741 ad
1952 685 2207 754 spiritum
2308 689 2489 736 autem
2534 676 2819 749 longitudo
2868 677 2994 730 vive
3026 688 3148 728 esse
3179 670 3382 725 dicitur
3413 687 3427 723 :
3455 683 3553 738 per
3591 667 3736 736 quod
3767 665 3884 720 sine

641 797 1026 854 viviﬁcantem,
1059 799 1115 843 et
1151 785 1426 856 refugiens
1455 782 1850 854 appellationes
1882 788 2206 846 corporeas,

643 900 766 943 vere
791 882 1037 954 perspice
1060 894 1182 949 qtae
1208 879 1280 934 sit
1304 875 1469 930 Verbi
1505 873 1596 928 Dei
1631 873 1783 936 laeva,
1816 883 1941 939 quae
1984 867 2054 921 sit
2076 865 2211 919 dex-

645 987 748 1042 tra,
786 974 933 1046 quod
973 973 1136 1027 etiam
1170 976 1333 1039 caput
1359 980 1576 1037 sponsae
1605 965 1747 1034 ejus,
1775 961 1973 1016 anima:
2004 957 2212 1013 scilicet

644 1067 915 1141 perfectae,
940 1064 1026 1119 vel
1056 1060 1331 1126 Ecclesiae,
1366 1067 1557 1121 etnon
1590 1064 1641 1111 te
1683 1053 1860 1123 rapiat
1891 1048 2130 1106 carnalis
2158 1057 2213 1101 et

642 1138 920 1232 passibilis
963 1167 1179 1210 sensus.
1213 1149 1332 1220 Ipsa
1368 1148 1513 1202 enim
1545 1153 1629 1201 est
1655 1143 1745 1198 hic
1785 1139 1971 1210 sponsi
2024 1138 2212 1192 dextra

645 1231 700 1311 ct
741 1249 894 1317 lawa,
945 1264 1067 1320 quae
1116 1248 1170 1302 in
1218 1242 1529 1300 Proverbiis
1572 1241 1640 1295 de
1689 1235 1954 1308 sapientia
1986 1231 2211 1296 dicitur,

647 1347 739 1402 ubi
768 1347 841 1400 ait
878 1362 893 1399 :
939 1341 1234 1413 Longitudo
1300 1337 1437 1392 enim
1474 1335 1594 1390 vita:
1623 1334 1680 1387 in
1719 1332 1937 1386 dextera
1995 1327 2130 1396 ejus,
2160 1325 2217 1379 in

648 1439 864 1493 sinistra
909 1451 1026 1489 vero
1077 1432 1194 1501 ejus
1264 1428 1466 1483 divitia:
1523 1436 1571 1480 et
1635 1423 1809 1495 gloria
1841 1422 1907 1475 '°.
1959 1418 2027 1473 Et
2074 1417 2218 1472 sicut

648 1531 737 1585 hic
794 1525 1113 1598 sapientiam
1172 1536 1280 1578 non
1327 1521 1448 1575 ideo
1496 1517 1760 1587 aliquam'
1795 1513 2051 1568 feminam
2108 1505 2215 1562 dici

649 1620 887 1694 putabis,
933 1618 1061 1689 quia
1096 1615 1331 1670 femineo
1372 1610 1595 1666 nomine
1647 1604 1908 1678 appellari
1958 1602 2213 1656 videtur:

652 1714 826 1769 itane
865 1711 918 1765 in
953 1710 1060 1765 hoc
1105 1706 1324 1777 quidem
1373 1702 1633 1772 quoniam
1676 1695 1978 1753 masculino
2024 1704 2219 1763 genere

654 1817 888 1875 sponsus
917 1799 1151 1855 Verbum
1179 1797 1271 1851 Dei
1297 1795 1517 1855 dicitur.
1541 1788 1896 1861 corporaliter
1921 1785 2220 1855 intelligere

656 1896 821 1951 debes
862 1894 1049 1948 lmvam
1098 1889 1241 1959 ejus,
1289 1895 1384 1942 aut
1439 1886 1740 1945 dexteram,
1792 1878 1877 1933 vel
1939 1877 2221 1945 amplexus

657 2000 906 2058 sponsae,
967 1983 1050 2038 vel
1105 1980 1301 2034 animae
1357 1993 1456 2048 pro
1511 1972 1730 2030 feminei
1783 1967 1998 2041 generis
2055 1964 2223 2020 decli-

658 2056 878 2133 natione
944 2074 1255 2144 percipere;
1329 2069 1423 2125 sed
1491 2065 1730 2121 Verbum
1798 2061 1916 2125 Dei,
1971 2056 2223 2128 quamvis

654 2167 800 2238 apud
859 2165 1073 2221 Graecos
1128 2161 1454 2223 masculino,
1507 2157 1648 2227 apud
1710 2169 1812 2210 nos
1866 2158 2061 2206 neutro
2127 2160 2223 2218 ge-

655 2277 786 2316 nere
847 2256 1177 2329 proferatur,
1241 2268 1404 2323 super
1475 2248 1839 2305 masculinum
1910 2252 2092 2297 tamen
2172 2247 2226 2293 et

660 2356 911 2405 neutrum
992 2361 1058 2400 ac
1118 2342 1411 2400 femineum
1486 2356 1690 2412 genus,
1758 2346 1812 2393 et
1879 2349 2046 2405 super
2117 2331 2225 2403 7³1

660 2452 825 2494 omne
874 2435 1100 2492 omnino
1152 2433 1294 2504 quod
1345 2431 1413 2486 ad
1469 2431 1572 2486 hoc
1622 2428 1864 2498 respicit,
1907 2440 2029 2482 esse
2075 2423 2227 2495 cogi-

659 2531 821 2587 tanda
856 2537 982 2583 sunt
1010 2527 1111 2582 ista
1144 2526 1211 2581 de
1248 2524 1448 2595 quibus
1487 2536 1668 2577 sermo
1714 2530 1799 2575 est
1832 2538 1847 2574 :
1883 2529 1938 2573 et
1984 2535 2091 2573 non
2139 2533 2229 2573 so-

661 2623 773 2678 lum
805 2619 1039 2675 Verbum
1075 2616 1188 2681 Dei,
1217 2615 1392 2670 sedet
1422 2611 1659 2667 Ecclesia
1689 2610 1832 2679 ejus,
1857 2617 2020 2680 atquc
2045 2609 2229 2662 anima

660 2712 920 2786 perfecta,
955 2727 1078 2781 quae
1131 2716 1187 2762 et
1239 2721 1439 2776 sponsa
1481 2705 1817 2759 nominatur.
1857 2704 1949 2759 Sic
1984 2704 2129 2759 enim
2177 2711 2232 2758 et

663 2809 957 2881 Apostolus
968 2806 1099 2861 dicit
1115 2823 1128 2860 :
1152 2803 1212 2858 In
1231 2803 1442 2858 Clarisfo
1459 2802 1595 2855 enim
1607 2819 1769 2873 neque
1780 2802 2232 2873 masculus,neque

666 2901 885 2972 fenuina,
919 2899 1010 2954 sed
1046 2914 1222 2952 omnes
1250 2897 1306 2949 in
1346 2896 1461 2965 ipso
1486 2911 1646 2948 unum
1681 2911 1862 2948 sumus
1890 2896 1955 2947 “.
1983 2892 2109 2950 Haec
2133 2910 2233 2949 au-

667 3005 776 3051 tem
803 3001 1023 3064 propter
1051 2989 1299 3046 homines
1325 2988 1419 3059 qui
1443 2987 1599 3043 aliter
1623 2986 1814 3043 audire
1839 3002 1945 3042 non
1972 2993 2230 3058 possunt,

671 3086 774 3143 nisi
808 3085 894 3140 his
925 3083 1110 3139 verbis
1139 3097 1260 3152 quae
1291 3079 1346 3135 in
1380 3095 1484 3135 usu
1532 3080 1821 3145 habentur,
1862 3080 1915 3134 in
1950 3077 2232 3148 Scriptura

668 3190 851 3246 divina
880 3186 1103 3242 humani
1135 3200 1285 3242 more
1311 3182 1628 3239 referuntur
1671 3184 1871 3255 eloquii
1916 3201 1930 3238 :
1967 3191 2027 3238 ut
2054 3182 2237 3238 verbis

669 3281 887 3353 quidem
931 3278 1075 3333 notis
1119 3293 1182 3332 ea
1220 3286 1274 3332 et
1302 3276 1481 3331 solitis
1513 3262 1823 3339 audiamus,
1855 3290 2021 3331 sensu
2055 3284 2236 3330 tamen

672 3372 765 3426 illo
794 3384 905 3440 quo
929 3369 1152 3437 dignum
1180 3376 1263 3422 est
1291 3367 1359 3422 dc
1391 3366 1592 3421 divinis
1617 3366 1781 3422 rebus
1814 3373 1869 3421 et
1901 3364 2238 3437 incorporeis

672 3462 993 3518 sentiamus.
1014 3453 1149 3514 Nam
1180 3458 1321 3513 sicut
1344 3458 1390 3512 is
1416 3457 1510 3527 qui
1537 3465 1836 3511 amatorem
1869 3455 2001 3511 dicit
2030 3471 2090 3512 se
2117 3470 2241 3511 esse

674 3547 1093 3623 pulchritudinis
1126 3546 1425 3623 sapientiae,
1473 3546 1578 3600 hoc
1630 3543 1865 3599 ostendit
1895 3544 2042 3611 quod
2075 3550 2239 3597 natu-

673 3622 843 3698 ralem
889 3640 986 3711 qni
1033 3639 1087 3693 in
1137 3654 1196 3694 sc
1243 3647 1325 3692 εει
1359 3622 1639 3692 charitatis
1683 3634 1934 3691 affectum
1963 3634 2031 3691 ad
2061 3634 2241 3690 studia

670 3731 1013 3791 transtulerit
1058 3731 1372 3801 sapientiae:
1410 3730 1483 3784 ita
1531 3738 1586 3785 et
1611 3729 1701 3784 hic
1749 3742 1944 3798 sponsa
1975 3728 2240 3797 deposcit,

676 3826 761 3881 vel
804 3826 1006 3888 anima,
1035 3822 1122 3876 vel
1169 3820 1433 3886 Ecclesia,
1461 3829 1524 3875 ut
1567 3835 1802 3890 sponsus
1839 3834 1973 3874 suus
2017 3818 2112 3889 qui
2159 3827 2244 3874 est

676 3917 914 3972 Verbum
948 3914 1062 3983 Dei,
1089 3915 1218 3969 laeva
1248 3913 1468 3983 quidem
1499 3928 1597 3967 sua
1627 3920 1791 3981 caput
1810 3910 1929 3981 ejus
1951 3919 2240 3976 sustentet,

678 4010 899 4063 dextera
923 4023 1050 4062 vero
1078 4007 1198 4077 ejus
1227 4020 1390 4060 omne
1414 4003 1534 4073 ejus
1556 4002 1827 4072 reliquum
1856 4001 2246 4072 complectatur

677 4108 732 4153 et
782 4099 1120 4168 constringat
1161 4111 1381 4166 corpus.
1421 4093 1518 4151 Est
1558 4101 1736 4148 autem
1778 4092 1910 4147 laeva
1938 4092 1993 4147 in
2024 4109 2129 4163 qua
2157 4108 2247 4148 sa-

680 4188 881 4261 pientia
927 4187 1142 4244 divitias
1175 4187 1450 4243 continere
1496 4196 1553 4241 ει
1583 4185 1812 4257 gloriam
1844 4184 2065 4240 dicitur.
2096 4183 2248 4250 Quas

682 4291 862 4337 autem
891 4281 1052 4336 habet
1074 4280 1292 4335 divitias
1314 4276 1579 4345 Ecclesia,
1608 4285 1663 4332 et
1689 4292 1853 4348 quam
1883 4276 2111 4348 gloriam
2139 4274 2246 4330 nisi

679 4372 802 4427 iilas
827 4386 965 4440 quas
990 4369 1197 4438 accepit
1227 4368 1296 4422 ab
1322 4383 1387 4422 co
1424 4369 1518 4437 qui
1559 4382 1685 4423 cum
1734 4368 1886 4422 dives
1918 4378 2081 4432 esset,
2115 4380 2248 4434 pau-

2309 772 2477 827 dubio
2524 770 2610 824 illa
2663 769 2782 837 ejus
2828 781 2957 836 pars
2985 779 3109 835 qua:
3149 762 3203 815 in
3237 760 3506 831 principio
3540 756 3683 828 apud
3714 756 3882 813 Deum

2310 863 2455 919 Deus
2494 869 2615 916 erat
2654 854 2920 924 Verbum,
2957 852 3361 925 sempiternitas
3406 850 3696 905 indicatur.
3733 847 3887 902 Hanc

2312 970 2442 1023 ergo
2472 954 2661 1008 larvam
2691 948 2957 1013 Ecclesia,
2984 946 3142 1017 cujus
3169 944 3426 999 Christus
3457 948 3540 996 est
3563 947 3747 1009 caput,
3783 953 3884 1008 op-

2315 1053 2391 1098 tat
2421 1043 2622 1097 habere
2646 1039 2749 1096 sub
2773 1038 2951 1108 capite
2978 1049 3102 1102 suo,
3126 1043 3181 1089 et
3202 1033 3308 1088 lide
3330 1030 3725 1087 incarnationis
3765 1030 3887 1098 ejus

2313 1142 2474 1203 caput
2502 1147 2661 1188 suum
2693 1129 2896 1186 muniri
2922 1146 2937 1195 ;
2968 1126 3192 1181 dextera
3223 1137 3354 1180 vero
3382 1122 3503 1192 ejus
3535 1119 3806 1189 amplecti,
3832 1118 3886 1172 id

2314 1233 2400 1279 est
2424 1223 2854 1292 illa‘agnoscere,
2877 1225 2931 1273 et
2955 1217 3023 1271 de
3045 1216 3153 1269 illis
3180 1212 3400 1277 instrui,
3430 1224 3550 1281 quae
3574 1217 3698 1263 ante
3725 1207 3886 1277 hujus

2315 1327 2533 1385 quoque
2589 1326 2688 1381 per
2747 1308 3181 1364 incarnationem
3247 1309 3409 1372 gestae
3469 1296 3889 1368 dispensationis

2324 1412 2539 1473 tempus
2575 1403 2630 1457 in
2660 1401 2877 1457 arcanis
2912 1399 3178 1454 habentur
3218 1400 3274 1449 et
3298 1390 3616 1447 reconditis.
3661 1388 3887 1441 Dextera

2324 1508 2565 1564 namque
2608 1493 2682 1548 ibi
2712 1491 2951 1562 putanda
2993 1498 3122 1544 sunt
3146 1500 3268 1541 esse
3297 1482 3506 1547 omnia,
3532 1479 3624 1534 ubi
3658 1478 3793 1532 nihil
3823 1478 3892 1532 de

2319 1593 2669 1656 peccatorum
2703 1582 2963 1648 miseriis,
2987 1580 3124 1635 nihil
3148 1577 3216 1633 de
3237 1574 3547 1646 fragilitatis
3572 1573 3735 1641 iapsu
3762 1584 3894 1625 con-

2321 1678 2544 1732 tinetur.
2578 1674 2678 1729 Hic
2706 1688 2836 1729 vero
2867 1672 3024 1738 Lava,
3060 1669 3154 1724 ubi
3178 1668 3406 1723 vulnera
3435 1672 3625 1719 nostra
3656 1661 3892 1726 curavit,

2320 1775 2375 1822 ct
2417 1773 2638 1836 peccata
2681 1772 2873 1819 nostra
2915 1763 3151 1832 portavit
3191 1759 3371 1813 factus
3414 1756 3578 1809 etiam
3635 1753 3751 1822 ipse
3796 1766 3895 1821 pro

2256 1828 2297 1882 Β
2322 1828 2484 1913 nobis
2508 1830 2791 1927 peccatum
2821 1867 2877 1909 ct
2910 1828 3277 1908 maledictum.
3310 1847 3442 1914 Quae
3467 1844 3650 1899 omnia
3695 1857 3894 1913 quam-

2321 1949 2406 2004 vis
2434 1954 2600 2017 caput
2643 1954 2699 2001 et
2741 1946 2903 2001 ﬁdem
2935 1949 3244 1999 sustentent
3274 1936 3552 2000 Ecclesiae,
3585 1934 3780 1988 merito
3807 1940 3895 1987 ta-

2323 2055 2448 2095 men
2500 2038 2723 2093 sinistra
2775 2035 2937 2091 Verbi
2985 2034 3076 2088 Dei
3122 2030 3556 2103 appellabuntur.
3589 2023 3648 2079 In
3694 2024 3898 2093 quibus

2325 2131 2507 2201 aliqua
2536 2129 2700 2183 etiam
2731 2136 2925 2198 praeter
2953 2126 3101 2181 illam
3142 2132 3399 2178 naturam
3446 2133 3570 2190 qua:
3612 2125 3725 2172 tota
3764 2115 3901 2170 dex-

2327 2230 2438 2276 tera
2462 2229 2566 2286 cst,
2590 2229 2645 2274 ει
2663 2227 2776 2274 tota
2791 2218 2908 2283 lux,
2931 2232 2996 2273 ac
3021 2215 3298 2287 splendor,
3331 2221 3384 2268 et
3413 2209 3584 2281 gloria
3613 2207 3900 2277 pertulisse

2329 2317 2688 2364 memoratur.

2399 2400 2556 2456 Vcrs.
2584 2400 2639 2453 7.
2670 2396 2928 2468 Adjuravi
2955 2412 3064 2459 vos,
3093 2394 3222 2463 ﬁliae
3268 2389 3623 2451 Hierusalem,
3649 2388 3701 2441 in
3729 2387 3898 2441 uirtu-

2330 2490 2468 2543 tibus
2494 2499 2541 2543 et
2573 2489 2627 2541 in
2655 2486 2850 2542 viribus
2878 2484 3016 2553 agri,
3041 2483 3088 2536 si
3119 2480 3413 2535 leuaret-itis
3444 2487 3494 2531 et
3521 2474 3901 2531 suscitaret-itis

2329 2582 2641 2637 charitatem
2671 2577 3007 2649 quoadusque
3034 2575 3176 2629 velit.
3206 2570 3415 2641 Sponsa
3449 2568 3628 2623 adhuc
3656 2567 3723 2620 ad
3768 2565 3901 2619 ado-

2328 2671 2654 2729 lescentulas
2702 2670 2971 2739 loquitur,
3010 2679 3317 2737 provocans
3346 2676 3443 2718 eas
3488 2669 3544 2715 et
3582 2659 3899 2720 exhortans,

2331 2766 2443 2820 imo
2479 2772 2535 2819 ει
2574 2762 2834 2832 adjurans
2871 2774 2967 2830 per
3012 2772 3076 2812 ea
3118 2770 3242 2827 qua:
3274 2754 3355 2809 eis
3400 2751 3568 2807 chara
3599 2763 3722 2805 esse
3748 2747 3905 2801 nevit

2331 2866 2387 2914 ct
2409 2855 2689 2919 amabilia,
2706 2861 2768 2908 ut
2788 2852 2835 2908 si
2864 2850 3004 2905 forte
3025 2849 3236 2904 elevare
3260 2844 3529 2915 cceperint
3551 2842 3899 2906 charitatem,

2328 2947 2602 3019 iacentem
2651 2942 2853 3013 quippe
2900 2940 2954 2994 in
3003 2938 3105 3003 eis,
3151 2941 3209 2992 et
3251 2935 3493 2990 excitare
3538 2946 3682 2998 eam,
3716 2938 3907 3000 utpote

2335 3040 2521 3094 adhuc
2562 3034 2921 3091 dormientem
2962 3030 3104 3100 apud
3155 3042 3273 3092 eas,
3318 3027 3373 3081 in
3429 3033 3638 3080 tantum
3695 3023 3908 3078 elevent

2259 3157 2304 3216 ο
2335 3143 2479 3195 eam,
2508 3133 2564 3182 et
2602 3125 2660 3181 in
2707 3132 2917 3179 tantum
2952 3120 3241 3208 suscitent,
3275 3118 3329 3172 in
3377 3123 3642 3185 quantum
3673 3112 3909 3168 voluerit

2338 3233 2595 3289 sponsus,
2637 3229 2741 3271 nee
2768 3213 2951 3269 minus
2980 3197 3185 3281 aliquid
3213 3211 3269 3262 in
3297 3223 3362 3264 ea
3393 3214 3557 3277 agant
3600 3220 3764 3274 quam
3812 3218 3907 3258 vo—

2338 3310 2521 3365 luntas
2543 3307 2713 3379 ipsius
2736 3305 2960 3376 patitur.
2991 3301 3121 3357 Haec
3144 3310 3231 3357 est
3261 3300 3407 3354 enim
3428 3297 3664 3353 amantis
3688 3308 3907 3366 sponsae

2339 3400 2623 3472 perfectio,
2655 3405 2716 3452 ut
2743 3411 2774 3451 a
2807 3393 2962 3450 nullo
2993 3392 3123 3447 velit
3145 3398 3335 3446 contra
3366 3389 3612 3444 animum
3642 3396 3696 3442 ει
3721 3386 3911 3440 volun-

2342 3499 2509 3547 tatem
2541 3490 2660 3560 ejus
2695 3486 2810 3542 lieri
2837 3499 3000 3556 quem
3029 3482 3224 3553 diligit.
3254 3480 3326 3536 Et
3354 3489 3416 3535 ut
3449 3481 3552 3534 hoc
3595 3493 3705 3532 non
3739 3476 3915 3547 negli-

2342 3593 2530 3655 genter
2571 3589 2666 3636 aut
2697 3578 2937 3650 segniter
2961 3585 3145 3647 agant,
3171 3589 3269 3646 per
3310 3573 3538 3628 virtutes
3563 3570 3677 3640 agri
3703 3587 3720 3637 ;
3751 3570 3801 3623 id
3829 3576 3914 3624 est

2340 3689 2440 3745 per
2485 3671 2754 3743 plantaria
2792 3669 2859 3724 ει
2876 3668 3107 3739 virgulta
3136 3680 3261 3736 qua:
3289 3663 3341 3719 in
3378 3677 3509 3733 agro
3541 3669 3689 3726 sunt,
3735 3669 3789 3714 et
3818 3674 3913 3729 per

2343 3766 2488 3820 vires
2515 3764 2656 3833 ejus,
2693 3763 2812 3816 sine
2855 3758 3024 3814 dubio
3063 3773 3160 3827 per
3184 3771 3248 3811 ea
3279 3769 3402 3826 quae
3430 3753 3485 3807 in
3522 3766 3589 3808 eo
3618 3760 3733 3806 sata
3760 3757 3910 3815 sunt,

2345 3856 2687 3926 adjurantur.
2724 3850 2843 3906 Tali
2890 3848 3083 3904 ordine
3119 3847 3321 3916 talique
3362 3844 3651 3899 verborum
3688 3856 3911 3910 compo-

2345 3947 2541 4003 sitione
2593 3952 2778 3998 textus
2832 3938 3078 3994 historici
3133 3936 3395 3993 dramatis
3445 3934 3720 4005 dirigitur.
3759 3930 3915 3987 Nunc

2346 4039 2464 4108 jam
2494 4034 2625 4105 quid
2664 4032 2849 4088 arcani
2883 4030 3216 4085 intrinsecus
3236 4037 3511 4098 contegat,
3545 4022 3911 4095 requiramus.

2346 4127 2541 4184 Omnis
2588 4124 2773 4180 anima
2809 4120 3084 4194 pracipue
3131 4134 3253 4190 qua:
3281 4118 3393 4174 alia
3434 4126 3519 4173 est
3552 4115 3913 4178 Hierusaicm,

2348 4223 2510 4277 habet
2559 4220 2796 4289 aliquem
2848 4230 3040 4287 agrum
3094 4214 3405 4286 proprium,
3454 4213 3549 4283 qui
3600 4212 3649 4267 ei
3709 4219 3915 4267 secreta

2348 4313 2582 4382 quadam
2629 4325 2724 4380 per
2769 4306 2955 4363 Jcsnm
3006 4307 3325 4360 meritorum
3366 4311 3517 4357 sorte
3564 4302 3779 4355 delatus
3811 4309 3915 4354 est.

2352 4403 2506 4457 Sicut
2534 4401 2637 4455 fuit
2663 4408 2717 4454 et
2740 4399 2829 4453 ille
2859 4411 2984 4467 ager
3009 4394 3197 4460 Jacob,
3220 4393 3378 4462 cujus
3400 4392 3669 4447 suavitate
3701 4406 3920 4460 permo-

682 4489 781 4547 Ρθτ
830 4471 1007 4526 tam“
1054 4478 1158 4531 es“
1191 4478 1250 4521 “l
1284 4468 1431 4523 im“
1465 4477 1783 4538 Ρθυβθηθίθ
1821 4466 2065 4559 Emeisi?
2086 4469 2249 4559 _“°"f"
2284 4486 2327 4538 1)
2356 4501 2444 4546 ιιιε
2478 4489 2631 4545 Isaac
2657 4466 2970 4559 patriarcha
3002 4484 3248 4557 mysticis
3276 4484 3456 4538 aiebat
3488 4481 3721 4551 eloquiis
3749 4499 3766 4536 :
3790 4479 3923 4534 Ecre

682 4564 871 4623 dives?
897 4560 1030 4629 Quae
1059 4569 1238 4615 autem
1285 4566 1369 4613 est
1420 4559 1633 4629 gloria?
1676 4559 1767 4612 illa
1809 4559 1928 4613 sine
1971 4557 2137 4611 dubio
2181 4556 2250 4611 de

684 4671 793 4727 qua
822 4655 954 4710 dicit
988 4672 1001 4708 :
1036 4651 1222 4719 Pater,
1252 4648 1490 4719 clariﬁca
1522 4647 1721 4702 Filium
1750 4660 1898 4702 tuum
1946 4647 2016 4712 ⁶²,
2041 4647 2251 4718 passio-

684 4746 772 4800 nis
813 4746 930 4800 sine
968 4744 1134 4799 dubio
1172 4740 1400 4813 gloriam
1433 4739 1744 4810 designans.
1778 4738 1939 4793 Fides
1967 4752 2096 4809 ergo
2124 4753 2250 4808 pas-

686 4834 857 4892 sionis
883 4835 1108 4898 Christi,
1139 4833 1311 4903 gloria
1340 4840 1395 4886 et
1421 4831 1624 4886 divitiae
1657 4828 1911 4884 Ecclesia:
1953 4838 2101 4895 sunt,
2129 4843 2252 4899 quae

687 4931 743 4989 in
770 4930 902 4986 laeva
925 4931 1043 5001 ejus
1068 4931 1435 4986 continentur.
1466 4929 1679 4993 Laavam
1710 4939 1893 4985 autem
1925 4939 2056 5001 pulo
2088 4928 2251 4984 Verbi

691 5022 783 5078 Dei
826 5023 928 5078 hoc
973 5023 1134 5077 modo
1176 5022 1370 5077 debere
1416 5023 1684 5094 intelligi;
1730 5022 1989 5093 quoniam
2037 5023 2253 5092 quidem

689 5121 817 5169 sunt
843 5113 897 5166 in
927 5127 993 5167 eo
1024 5112 1271 5182 quaedam
1300 5112 1733 5183 dispensationes
1760 5121 1887 5167 ante
1919 5113 2253 5169 incarnatio-

689 5231 810 5271 nem
841 5224 1022 5288 gestae,
1055 5224 1181 5270 sunt
1212 5230 1340 5270 vero
1366 5216 1562 5286 aliqua!
1587 5227 1640 5271 ει
1672 5232 1766 5286 per
1794 5217 2250 5273 incarnationem.

688 5304 785 5359 illa
814 5321 941 5375 pars
976 5303 1136 5359 Verbi
1168 5304 1260 5360 Dei
1294 5321 1416 5376 qua:
1447 5314 1571 5361 ante
1600 5308 2038 5377 assumptionem
2073 5309 2257 5363 carnis

692 5397 749 5452 in
785 5396 1282 5467 dispensationibus
1323 5406 1537 5468 peracta
1587 5409 1689 5462 est,
1716 5399 1940 5454 dextera
1966 5408 2146 5468 potest
2177 5401 2260 5455 vi-

688 5489 840 5556 deri;
867 5489 981 5543 hanc
1008 5504 1136 5543 vero
1166 5503 1287 5559 quae
1309 5503 1402 5558 per
1430 5489 1888 5555 incarnationem,
1912 5490 2135 5545 sinistra
2160 5506 2257 5560 ap-

691 5580 897 5652 pellari.
934 5577 1084 5634 Unde
1122 5589 1176 5634 et
1206 5579 1429 5634 sinistra
1455 5580 1671 5635 divitias
1708 5591 1762 5636 et
1789 5581 2018 5652 gloriam
2055 5583 2258 5638 habere

2356 4583 2490 4637 odor
2514 4581 2615 4651 ﬁlii
2641 4582 2741 4634 mei
2774 4581 2911 4635 sicut
2937 4577 3067 4632 odor
3091 4577 3207 4646 agri
3233 4575 3392 4646 pleni,
3419 4574 3503 4628 cui
3532 4572 3794 4627 benedixit
3821 4570 3926 4627 Do-

2355 4674 2529 4728 minus
2556 4671 2621 4724 ⁶³.
2651 4669 2828 4725 Habet
2874 4683 3004 4742 ergo
3061 4680 3402 4738 unaquaeque
3441 4666 3647 4731 anima,
3679 4672 3739 4719 ut
3783 4663 3926 4718 dixi-

2362 4776 2505 4825 mus,
2537 4774 2726 4830 agrum
2752 4773 2945 4823 suum;
2978 4758 3052 4812 ita
3082 4770 3318 4827 namque
3338 4763 3393 4809 et
3419 4750 3761 4810 conversatio
3782 4750 3928 4822 ejus,

2359 4867 2488 4922 ager
2514 4859 2599 4905 est
2625 4849 2769 4919 ejus.
2815 4851 2875 4903 In
2917 4851 3021 4903 hoc
3065 4862 3197 4919 agro
3239 4848 3421 4902 anima
3469 4859 3592 4916 qua:
3618 4844 3848 4914 diligens
3873 4851 3928 4896 ct

2363 4942 2610 4998 studiosa
2660 4948 2768 5006 est,
2808 4939 2943 4995 satis
2986 4940 3097 5010 agit
3139 4947 3192 4994 et
3240 4938 3422 4994 studet
3470 4937 3714 5006 plantare
3753 4934 3930 4988 bonos

2364 5048 2584 5099 sensus,
2609 5040 2663 5086 ει
2692 5045 2887 5086 οηιηεε
2924 5031 3174 5086 excolere
3204 5029 3373 5084 animi
3415 5027 3665 5090 virtutes,
3697 5038 3807 5078 non
3836 5039 3930 5077 so-

2363 5124 2475 5178 lum
2520 5117 2702 5178 autem
2750 5121 2916 5176 animi
2958 5122 3206 5187 virtutes,
3251 5119 3349 5174 sed
3392 5124 3448 5171 et
3494 5115 3636 5169 vires
3683 5127 3931 5183 operum.

2359 5217 2566 5286 quibus
2599 5214 2851 5270 videlicet
2878 5212 3089 5283 impleri
3120 5219 3346 5282 possunt
3374 5206 3676 5261 ministeria
3705 5205 3934 5257 mansa-

2358 5319 2561 5364 torum.
2611 5305 2709 5361 Est
2750 5320 2900 5375 ergo,
2950 5313 3012 5359 ut
3058 5303 3320 5365 diximus,
3370 5295 3668 5365 unicuique
3714 5294 3933 5348 animus

2364 5417 2500 5458 suus
2536 5415 2667 5470 ager
2696 5413 2857 5469 quem
2889 5395 3020 5451 colit
3048 5402 3104 5448 et
3131 5393 3359 5463 plantat,
3387 5398 3441 5445 et
3463 5388 3698 5445 seminat
3733 5401 3933 5442 secun-

2362 5493 2492 5547 dum
2528 5493 2641 5547 haec
2688 5505 2811 5560 qua:
2839 5487 3098 5542 diximus.
3134 5481 3232 5537 Est
3262 5489 3443 5535 autem
3493 5487 3547 5533 et
3571 5477 3819 5533 omnium
3854 5474 3932 5529 si-

2360 5584 2474 5638 mul
2509 5582 2743 5636 ﬁliarum
2790 5575 3129 5632 Hierusalem
3163 5588 3303 5628 unus
3337 5571 3561 5642 quidam
3593 5578 3647 5625 et
3689 5579 3938 5624 commu-

763 5767 808 5799 ⁸⁵
833 5765 991 5821 Prov.
1043 5782 1121 5831 ιιι,
1161 5766 1243 5820 16.
1321 5766 1362 5796 ⁶¹
1397 5767 1513 5821 Gal.
1542 5768 1733 5832 "1,28.
1811 5768 1854 5798 θ’
1884 5767 2040 5822 Joan.
2081 5785 2176 5830 xu,
2222 5768 2312 5822 23.
2390 5767 2432 5797 ⁸³

1321 5766 1362 5796 ⁶¹
1397 5767 1513 5821 Gal.
1542 5783 1619 5832 ιιι,
1642 5768 1733 5820 9.8.
1811 5768 1854 5798 θ’
1884 5767 2040 5851 Joan.
2081 5785 2176 5830 xu,
2222 5768 2312 5822 23.
2390 5767 2432 5797 ⁸³
2471 5727 2805 5822 ϐειιξκχνιι.
2838 5759 2929 5815 27.
