4236 6282
670 291 772 348 16⁸1

1749 286 2075 345 ΟηιϐΕΝὶΒ
2113 287 2180 345 IN
2212 287 2571 346 CANTICUM
2613 287 2886 345 CANTIC.

3823 291 3929 358 N38.

667 413 829 476 ptes;
855 416 908 461 et
941 405 1121 461 adhuc
1144 413 1205 459 ut
1238 397 1477 473 amplius
1503 401 1571 457 ad
1611 416 1671 459 se
1697 399 1955 474 sponsam
1988 413 2248 475 provocet
2275 406 2325 462 Α
2349 412 2655 475 gesserunt.
2690 401 2795 457 Sed
2859 400 2963 458 etsi
3021 400 3078 456 in
3112 400 3376 471 apostolis
3413 412 3540 459 eum
3569 415 3745 473 ponas
3771 401 3929 474 quasi

667 495 947 556 festinare.
982 496 1125 549 dicat
1157 495 1207 548 ei
1241 512 1255 547 :
1298 493 1439 560 Quia
1480 508 1643 549 omne
1687 502 1903 566 tempus
1941 497 2087 566 quod
2125 496 2239 564 ja-m

667 600 832 657 grave
874 585 1180 651 videbatur,
1211 584 1486 653 transivit,
1514 594 1570 639 et
1596 581 1773 657 hiems
1813 600 1938 657 quas
1978 587 2028 641 ei
2074 600 2242 642 causa

666 668 852 732 ekorta
876 674 1182 740 videbatur,
1200 674 1488 742 abscessit,
1510 675 1818 747 pluviaeque
1838 677 2060 733 inutiles
2082 678 2239 733 abie-

666 773 811 828 runt,
842 771 898 817 et
935 770 1151 832 tempus
1171 763 1286 833 jam
1330 762 1586 819 ﬂoridum
1627 766 1797 833 venit,
1839 767 1975 821 nihil
2010 768 2241 823 moreris

664 855 766 910 iter
784 855 1006 926 aggredi
1032 855 1287 910 veniendi
1313 856 1381 910 ad
1408 870 1519 911 me.
1549 855 1691 912 Ecce
1710 857 1857 912 enim
1882 868 1937 914 et
1965 859 2239 930 agricolae,

661 944 791 1013 quia
820 943 966 1000 veris
996 943 1109 1014 jam
1135 951 1354 1013 tempus
1394 944 1600 1010 arrisit,
1638 944 1828 1001 vineas
1874 948 2100 1014 colunt;
2132 964 2241 1006 vox

659 1034 807 1089 enim
854 1042 971 1089 tum
1004 1043 1060 1089 et
1082 1032 1314 1089 aliarum
1346 1033 1555 1098 avium,
1601 1042 1714 1089 tum
1749 1036 1915 1091 etiam
1957 1053 2156 1093 sonora
2186 1048 2241 1094 et

662 1137 817 1196 grata
856 1131 1090 1185 turturis
1130 1132 1417 1187 vernantis
1464 1132 1705 1189 auditur.
1748 1132 1857 1190 Sed
1901 1145 1957 1190 et
2004 1136 2140 1191 licus
2171 1137 2241 1193 de

662 1219 809 1275 veris
836 1230 981 1276 certa
1012 1222 1273 1292 temperie
1303 1236 1524 1293 germen
1553 1238 1716 1278 suum
1762 1223 2057 1294 produxit;
2100 1225 2239 1283 vites

673 1321 807 1365 vero
845 1311 900 1366 in
928 1319 1142 1367 tantum
1185 1311 1254 1366 de
1278 1311 1540 1383 temporis
1566 1313 1962 1384 tranquillitate
1992 1329 2100 1370 non
2136 1323 2241 1371 du-

663 1400 857 1470 bitant,
892 1412 951 1457 ut
989 1403 1151 1462 liores
1182 1421 1315 1463 suos
1353 1406 1466 1477 jam
1508 1406 1745 1462 audeant
1771 1405 2079 1483 odoresque
2104 1421 2237 1477 pro-

664 1490 826 1548 ferre.
855 1491 981 1549 Haec
1010 1495 1230 1564 quidem
1274 1496 1342 1550 de
1371 1496 1771 1567 tranquillitate
1798 1494 2064 1566 temporis
2096 1495 2239 1552 indi-

662 1589 753 1635 cat
772 1595 989 1651 sponsa:
1021 1591 1082 1638 ut
1111 1584 1319 1654 majore
1351 1598 1474 1639 cum
1505 1585 1701 1640 ﬁducia
1732 1586 1974 1656 arripere
2005 1586 2106 1641 iter
2136 1601 2237 1640 au-

664 1671 790 1727 deat
830 1674 1086 1744 pergendi
1130 1675 1198 1730 ad
1225 1689 1513 1746 sponsum.
1542 1676 1650 1734 Sed
1683 1686 1739 1732 et
1759 1677 1942 1733 locum
1977 1676 2241 1733 describit

663 1762 736 1827 ei,
767 1763 821 1817 in
844 1779 956 1834 quo
983 1763 1100 1820 vult
1130 1780 1250 1822 eam
1284 1782 1470 1823 secum
1500 1768 1883 1839 requiescere;
1908 1776 1961 1824 et
1992 1769 2127 1826 dicit
2147 1784 2243 1825 ve-

665 1851 903 1907 lamento
945 1856 1232 1925 cujusdam
1279 1859 1397 1912 saxi
1443 1859 1591 1928 quod
1626 1873 1785 1913 muro
1830 1858 1956 1930 ipsi,
1987 1858 2072 1913 vel
2118 1858 2245 1914 loco

663 1958 763 2013 pro
806 1946 1004 2000 murali
1051 1946 1369 2018 contiguum
1402 1948 1493 2013 sit,
1529 1949 1918 2019 opacissimum
1946 1950 2258 2019 quemdam

660 2032 799 2088 emci
846 2034 1059 2102 locum;
1103 2037 1172 2097 ad
1214 2051 1375 2106 quem
1421 2038 1762 2093 vruireeam
1807 2038 1944 2103 vult,
1974 2046 2030 2093 et
2056 2038 2240 2094 ablato

661 2122 930 2179 velamine
976 2125 1052 2180 ibi
1101 2126 1223 2197 ejus
1267 2129 1564 2184 revelatam
1615 2128 1811 2185 faciem
1859 2129 2129 2196 contueri,
2177 2137 2240 2185 ut

663 2212 801 2270 facie
832 2215 900 2269 ad
933 2215 1129 2272 faciem
1158 2218 1472 2275 innotescat
1509 2235 1716 2288 sponso
1743 2235 1869 2285 suo,
1907 2227 1965 2275 et
1992 2234 2103 2274 non
2147 2234 2240 2276 so—

662 2303 776 2358 lum
820 2302 1017 2361 faciem
1048 2307 1169 2378 ejus
1216 2309 1509 2377 revelatam
1536 2310 1716 2365 videat
1751 2325 1989 2380 sponsus
2022 2320 2078 2366 et
2105 2310 2242 2366 libe-

664 2409 804 2461 ram,
828 2395 923 2451 sed
953 2406 1009 2452 et
1038 2413 1225 2454 vocem
1249 2399 1367 2470 ejus
1388 2401 1459 2456 ibi
1496 2401 1702 2467 audiat,
1725 2410 1912 2456 certus
1942 2400 2055 2471 jam
2088 2403 2238 2474 quod

662 2492 716 2547 et
761 2483 929 2541 facies
952 2486 1073 2558 ejus
1099 2489 1329 2560 pulchra
1355 2490 1447 2558 sit,
1472 2499 1526 2546 et
1557 2506 1665 2547 vox
1691 2491 1813 2560 ejus
1836 2491 2023 2547 suavis
2048 2506 2112 2547 ac
2143 2492 2243 2549 de-

663 2574 953 2634 lectabitis.

733 2666 861 2723 Haec
889 2676 1070 2724 autem
1102 2670 1495 2741 praevenierltes
1535 2672 1950 2744 conjunximus,
1983 2688 2052 2730 ne
2088 2675 2239 2731 erdi-

664 2773 788 2813 nem
815 2759 1084 2816 dramatis
1114 2770 1169 2816 et
1200 2762 1446 2818 historia:
1476 2771 1683 2819 textum
1723 2765 2032 2821 videremur
2070 2766 2239 2822 inter-

666 2864 938 2921 rumpere.
992 2851 1098 2908 Sed
1148 2854 1544 2922 prtevenientes
1594 2855 1879 2925 paululum
1936 2871 2114 2927 usque
2166 2857 2239 2914 ad

661 2940 818 2998 illum
880 2943 1063 2998 locum
1132 2944 1332 3000 fabula:
1390 2946 1640 3002 ordinem
1704 2950 1980 3018 prosecuti
2041 2964 2306 3024 sumusc

664 3032 756 3087 ubi
801 3033 876 3087 ait
905 3048 921 3088 :
950 3033 1217 3099 Quoniam
1257 3051 1357 3091 eoa:
1400 3046 1494 3092 tua
1540 3039 1743 3108 suavis,
1792 3039 1956 3108 [acies
1997 3050 2092 3097 tua
2118 3046 2238 3110 spe-

660 3124 804 3178 ciosa
855 3125 921 3180 "’.
974 3123 1131 3181 Nunc
1181 3142 1312 3198 ergo
1366 3137 1673 3199 repetentes
1723 3131 2008 3188 videamus
2056 3134 2239 3203 primo

662 3211 773 3282 79
798 3214 929 3284 quid
954 3223 1041 3271 est
1066 3216 1215 3286 quod
1242 3219 1321 3273 ait
1349 3236 1364 3274 :
1406 3217 1519 3275 Vox
1545 3220 1771 3290 fraterni
1819 3223 1949 3277 mei.
1994 3222 2071 3278 Ex
2105 3237 2237 3280 voce

662 3303 781 3357 sola
826 3305 895 3361 ab
939 3304 1182 3363 Ecclesia
1221 3323 1323 3363 sua
1370 3311 1549 3380 primo
1590 3311 1847 3369 Christus
1894 3315 2236 3386 agnoscitur.

663 3393 849 3449 Primo
896 3397 1042 3452 enim
1075 3413 1264 3453 vocem
1308 3414 1465 3455 suam
1493 3403 1760 3472 praemisit
1786 3418 1883 3474 per
1913 3406 2236 3477 prophetas,

661 3493 716 3538 et
744 3500 869 3540 cum
893 3500 1000 3543 non
1025 3487 1299 3545 videretur
1320 3491 1648 3548 audiebatur
1674 3502 1877 3550 tamen.
1897 3495 2239 3553 Audiebatur

614 3632 618 3637 ,
661 3584 842 3631 autem
876 3591 973 3647 per
998 3592 1063 3633 ea
1092 3593 1217 3648 qua:
1247 3582 1714 3638 annuntiabantur
1732 3582 1800 3639 de
1824 3598 1892 3640 eo
1922 3602 1938 3640 :
1963 3593 2017 3641 et
2046 3585 2238 3643 tandiu

672 3682 897 3737 sponsa,
928 3668 981 3723 id
1004 3677 1090 3725 est
1122 3668 1363 3727 Ecclesia
1385 3687 1508 3743 quae
1531 3673 1600 3728 ab
1627 3674 1782 3729 initio
1809 3675 1996 3730 saeculi
2017 3690 2240 3747 congre-

665 3760 917 3830 gabatur,
946 3762 1121 3817 solam
1159 3777 1349 3819 vocem
1378 3764 1499 3836 ejus
1528 3766 1757 3831 audivit,
1786 3780 2071 3838 usquequo
2099 3781 2236 3822 ocu-

664 3852 731 3906 lis
753 3853 868 3909 suis
898 3868 1022 3908 eum
1058 3853 1286 3923 videret,
1321 3864 1377 3912 et
1397 3857 1602 3914 diceret
1632 3875 1647 3913 :

741 3941 893 3997 Vers.
928 3943 982 3998 8.
1039 3943 1175 4000 Ecce
1224 3947 1310 4002 hic
1361 3951 1495 4004 venit
1558 3948 1751 4004 saliens
1801 3965 1958 4020 super
2012 3952 2236 4018 montes,

663 4036 965 4091 transiliens
1013 4052 1170 4107 super
1219 4038 1400 4094 colles.
1456 4037 1695 4097 Saliehat
1743 4042 1889 4097 enim
1922 4058 2084 4113 super
2105 4057 2239 4113 pre-

662 4125 907 4196 phetices
936 4133 1150 4186 montes
1175 4127 1313 4202 (69),
1340 4141 1397 4188 et
1443 4142 1668 4191 sanctos
1702 4134 1892 4204 colles,
1924 4134 2048 4191 illos
2087 4134 2239 4191 scili-

661 4229 748 4276 cet
775 4223 870 4292 qui
906 4222 961 4278 in
1014 4223 1117 4280 hoc
1151 4227 1356 4284 munde
1385 4226 1676 4299 imaginem
1721 4227 1841 4299 ejus
1893 4225 2238 4300 formamque

2347 495 2404 548 in
2436 495 2717 550 montibus
2746 494 3031 548 salientem
3056 501 3110 546 ct
3153 494 3484 548 eminentem
3518 493 3735 548 cunctis
3766 502 3821 549 ct
3872 495 3925 547 in

2347 584 2602 661 collibus,
2641 584 3001 638 nihilominus
3057 583 3143 638 his
3207 584 3476 638 duntaxat
3530 583 3627 653 qui
3688 584 3930 641 secundo

2348 675 2471 730 loco
2500 674 2658 730 electi
2689 674 2759 729 ab
2782 688 2850 729 co
2894 682 2951 727 et
2983 673 3142 728 missi
3169 680 3320 738 sunt,
3361 686 3474 728 non
3505 673 3612 728 erit
3664 672 3926 728 inconve—

2352 764 2535 819 niens.
2563 762 2622 817 in
2650 762 2737 819 bis
2762 763 2910 817 enim
2959 762 3160 818 similis
3194 761 3428 817 efﬁcitur
3452 776 3685 833 capreae,
3710 770 3766 816 et
3805 760 3929 816 hinc

2345 854 2477 909 nulo
2505 869 2827 919 cervorum;
2859 868 3093 923 capreae,
3135 853 3283 923 quod
3328 867 3546 908 omnem
3574 852 3751 907 visum
3774 851 3929 907 visus

2344 947 2467 1015 ejus
2493 945 2784 1016 prascellit;
2811 953 2867 1000 et
2887 959 3052 1000 cervo
3080 944 3230 1015 quod
3258 945 3327 999 ad
3358 944 3633 1001 interitum
3655 943 3928 1014 serpentis

2348 1035 2592 1090 advenit.
2625 1034 2734 1092 Sed
2790 1049 3137 1104 unaquaeque
3170 1034 3354 1090 anima
3396 1033 3600 1105 (siqua
3636 1042 3817 1090 tamen
3839 1039 3928 1088 est

2343 1137 2466 1192 quae
2487 1120 2651 1179 Verbi
2681 1122 2778 1179 Dei
2833 1137 3023 1178 amore
3053 1124 3490 1197 constringitur),
3534 1125 3582 1181 si
3629 1122 3924 1195 quandoin

2342 1213 2710 1283 disputatione
2758 1215 3053 1271 sermonis.
3086 1224 3173 1275 est
3198 1214 3404 1285 posita,
3435 1223 3497 1270 ut
3557 1214 3711 1271 nevit
3739 1214 3926 1279 omnis

2344 1307 2439 1376 qui
2472 1315 2730 1375 expertus
2752 1314 2838 1362 est
2854 1346 2873 1373 ,
2897 1306 3178 1376 quomodo
3203 1321 3331 1362 cum
3366 1307 3422 1362 in
3449 1314 3661 1362 arctum
3685 1304 3921 1371 venitur,

2344 1407 2397 1452 et
2418 1397 2692 1467 angustiis
2717 1397 3158 1468 propositionum
3189 1397 3665 1468 quaestionumque
3693 1395 3920 1453 conclu-

2344 1488 2512 1546 ditur.
2546 1488 2618 1543 -Sl
2668 1489 2890 1559 quando
2938 1502 3062 1546 eam
3111 1489 3248 1561 legis
3296 1504 3363 1546 ac
3415 1490 3804 1560 prophetarum
3837 1487 3921 1541 vel

2342 1580 2632 1650 aenigmata
2654 1579 2738 1635 vel
2777 1580 3011 1644 obscura
3043 1595 3275 1652 quaeque
3300 1581 3446 1637 dicta
3481 1580 3839 1643 concludunt,
3872 1578 3920 1632 si
3972 1639 3985 1650 ο

2341 1670 2483 1726 forte
2520 1670 2713 1727 adesse
2735 1686 2861 1726 eum
2898 1672 3099 1728 sentiat
3124 1673 3329 1741 anima,
3355 1682 3410 1728 et
3435 1671 3650 1730 eminus
3679 1660 3921 1727 sonitum

2343 1761 2496 1818 vocis
2532 1762 2654 1832 ejus
2687 1762 2941 1832 accipiat,
2971 1763 3289 1820 sublevatur
3343 1764 3560 1829 statim;
3595 1772 3649 1818 et
3678 1763 3771 1818 ubi
3804 1777 3921 1816 ma-

2341 1849 2425 1920 gis
2445 1864 2512 1905 ac
2557 1852 2735 1922 magis
2764 1853 3133 1922 propinquare
3176 1854 3434 1909 sensibus
3485 1853 3607 1923 ejus
3665 1852 3916 1921 coeperit.

2340 1949 2395 2001 et
2420 1942 2731 1999 illuminare
2782 1959 2904 2014 qua:
2949 1945 3184 2002 obscura
3237 1953 3384 2011 sunt,
3438 1953 3567 2000 tunc
3603 1959 3727 1999 cum
3773 1943 3921 1997 videt

2344 2032 2632 2089 salientem
2679 2047 2845 2104 supra
2896 2044 3113 2092 montes
3155 2045 3211 2091 et
3233 2036 3424 2101 colles,
3466 2036 3589 2090 altae
3629 2035 3839 2089 scilicet
3865 2043 3920 2088 et

2339 2124 2570 2180 excelsae
2597 2138 2798 2181 sensus
2829 2126 2934 2181 sibi
2965 2126 3339 2198 intelligentia:
3367 2135 3742 2197 suggerentem
3779 2143 3794 2181 :
3845 2127 3919 2180 ita

2341 2221 2403 2268 ut
2424 2214 2623 2269 merito
2651 2215 2798 2271 dicat
2849 2217 2965 2273 haec
3015 2217 3199 2271 anima
3227 2236 3242 2272 :
3287 2216 3423 2271 Ecce
3444 2217 3526 2270 ln'c
3552 2219 3690 2272 venit
3719 2216 3916 2269 saliens

2339 2306 2396 2359 in
2426 2306 2726 2375 montibus,
2772 2309 3077 2365 transiliens
3120 2325 3278 2379 super
3317 2309 3498 2363 colles.
3561 2308 3686 2363 Haec
3728 2316 3915 2369 autem

2340 2395 2577 2454 dicimus
2606 2412 2716 2457 non
2761 2382 3110 2454 immemores
3133 2400 3277 2469 quod
3301 2399 3413 2467 jam
3445 2407 3500 2452 et
3527 2399 3580 2453 in
3614 2398 3915 2468 superiori-

2340 2487 2445 2544 bus
2470 2504 2654 2544 ceram
2688 2488 2902 2559 positus
2931 2487 3183 2559 presenti
3214 2488 3524 2543 collocutus
3553 2488 3626 2543 sit
3653 2503 3870 2558 spens:e
3897 2508 3912 2545 :

2341 2576 2438 2641 sed
2464 2576 2746 2647 quoniam,
2783 2584 2846 2631 ut
2900 2591 3045 2647 sape
3087 2576 3348 2645 diximus,
3391 2577 3654 2634 dramatis
3678 2580 3916 2648 speciem

2340 2666 2563 2723 libellus
2627 2666 2719 2722 hic
2755 2667 3019 2733 continet,
3075 2668 3322 2732 nuncin
3357 2670 3610 2738 praesenti
3652 2668 3917 2724 dicuntur

2338 2755 2546 2827 aliqua,
2578 2770 2728 2811 nunc
2761 2754 2927 2810 etiam
2947 2755 3001 2809 in
3031 2754 3241 2811 absenti
3268 2773 3283 2821 ;
3313 2764 3366 2810 et
3400 2755 3481 2811 sic
3513 2755 3691 2825 agitur
3718 2754 3919 2808 immu-

2340 2844 2478 2905 tatio
2523 2858 2909 2916 personarum,
2953 2853 3017 2900 ut
3067 2853 3300 2916 uterque
3359 2844 3495 2899 ordo
3537 2853 3914 2914 competenter

2338 2936 2500 3007 dirigi
2534 2936 2808 2993 videatur.
2841 2935 3104 3005 Quamvis
3151 2936 3297 2992 enim
3325 2937 3608 3007 promittat
3649 2952 3910 3006 sponsus.

2337 3035 2392 3082 et
2423 3028 2570 3083 dicat
2602 3028 2669 3084 ad
2695 3043 2953 3099 sponsam
2982 3043 3161 3091 suam,
3186 3028 3278 3098 qui
3304 3037 3433 3083 sunt
3461 3028 3616 3083 electi
3656 3029 3914 3099 discipuli

2337 3117 2480 3187 ejus,
2512 3117 2660 3188 quia,
2695 3134 2810 3183 cccc
2842 3134 2935 3189 ego
2969 3117 3237 3172 vobiscum
3284 3134 3401 3173 sum
3454 3117 3694 3172 omnibus
3729 3119 3914 3173 diebus

2337 3221 2498 3278 usque
2526 3206 2596 3260 ad
2623 3208 3124 3261 consummationem
3160 3207 3346 3261 sa’culi
3375 3206 3458 3272 ⁶³;
3496 3215 3675 3262 tamen
3706 3205 3903 3262 iterum

2337 3311 2434 3367 per
2458 3296 2759 3366 parabolas
2781 3296 2935 3362 dicit,
2969 3296 3099 3366 quia
3129 3294 3522 3366 paterfamilias
3553 3296 3768 3349 vocavit
3796 3311 3915 3350 ser~

2337 3399 2437 3440 vos
2472 3400 2629 3452 suos,
2666 3393 2722 3440 et
2769 3385 3064 3455 unicuique
3104 3384 3385 3440 distribuit
3437 3384 3719 3454 pecuniam
3751 3399 3919 3454 nege-

2342 3475 2515 3531 tiandi
2543 3477 2737 3551 gratia,
2787 3482 2842 3530 et
2895 3472 3173 3545 profectus
3208 3482 3291 3529 est
3321 3473 3385 3527 θ’,
3418 3473 3481 3527 Et
3514 3475 3711 3528 iterum
3737 3474 3867 3529 dicit
3899 3493 3912 3528 ε

2337 3562 2478 3630 Quia
2508 3563 2643 3618 abiit
2677 3573 2862 3632 petere
2921 3564 3025 3619 sibi
3063 3579 3290 3634 regnum
3324 3562 3393 3617 ⁷⁸.
3427 3561 3494 3617 Et
3519 3559 3723 3618 iterum
3752 3565 3914 3635 quasi

2336 3654 2406 3710 de
2433 3655 2661 3710 absente
2685 3668 2893 3724 sponso
2916 3653 3140 3720 dicitur,
3181 3654 3312 3725 quia
3373 3654 3552 3709 media
3591 3647 3776 3710 'noete
3803 3657 3917 3710 cla-

2336 3762 2458 3802 mor
2495 3745 2673 3802 laetus
2701 3755 2788 3802 est
2837 3746 3160 3812 dicentium,
3216 3748 3347 3818 quia
3398 3747 3549 3804 venit
3580 3762 3819 3820 sponsus
3842 3750 3910 3802 '“.

2338 3835 2430 3892 Sic
2450 3852 2582 3906 ergo
2607 3852 2755 3891 nunc
2799 3851 3039 3908 praesens
3093 3845 3178 3891 est
3210 3853 3464 3907 sponsus,
3492 3847 3546 3894 et
3564 3840 3743 3905 docet,
3767 3855 3915 3896 nunc

2335 3932 2535 3990 absens
2563 3935 2785 4003 dicitur,
2844 3944 2900 3991 et
2952 3933 3324 4005 desideratur;
3380 3946 3435 3993 et
3488 3938 3781 4010 utrumque
3829 3940 3913 3995 vel

2335 4027 2613 4107 Ecclesiae,
2647 4032 2731 4086 vel
2757 4030 2953 4087 anima:
2974 4032 3234 4088 studiosa:
3265 4036 3571 4089 conveniet.
3604 4034 3741 4091 Cum
3765 4036 3941 4099 enim,

2335 4125 2449 4197 pati
2482 4128 2891 4196 persecutiones
2926 4137 2981 4185 et
3013 4129 3391 4188 tribulationes
3418 4134 3753 4202 permittitur
3806 4134 3912 4189 Ec-
3940 4175 3951 4183 .

2342 4225 2533 4293 clcsia,
2569 4227 2766 4284 absens
2796 4228 2844 4284 ei
2873 4229 3107 4285 videtur.
3144 4228 3210 4285 Et
3269 4245 3488 4287 rursum
3530 4249 3653 4288 cum
3699 4236 3752 4290 in
3781 4250 3915 4306 pace

708 4425 776 4507 ⁸⁸⁷
811 4424 970 4482 Cant.
1004 4442 1061 4492 ll,
1102 4429 1187 4483 M.
1265 4428 1311 4458 ⁸⁸
1335 4427 1523 4484 Matth.
1557 4447 1748 4497 xxvm,
1772 4431 1865 4486 20.
1940 4433 1986 4465 "
2018 4431 2207 4490 Matth.
2237 4451 2267 4491 ι

2337 4453 2366 4505 ν,
2401 4441 2490 4507 μ,
2517 4437 2606 4492 15.
2682 4437 2729 4469 ⁷⁸
2758 4434 2894 4493 Luc.
2919 4453 3033 4506 xu,
3064 4437 3152 4492 l2.
3229 4438 3273 4469 ⁷⁸
3304 4436 3493 4496 Matth.
3524 4455 3650 4505 xxv,
3673 4441 3728 4497 6.

879 4605 1113 4692 S‘gliebat
1143 4609 1295 4692 enim
1313 4613 1844 4692 super_proph_eticos,
1875 4622 1982 4692 etc.
2026 4614 2232 4692 Proce-
2264 4625 2308 4683 ι)
2336 4621 2621 4692 prophetas
2638 4628 2785 4673 vocat
2825 4633 2980 4671 sensu
3008 4618 3300 4692 perfectos,
3329 4632 3570 4692 cerarum
3594 4621 3912 4692 contempla-

666 4676 787 4756 pius
815 4689 879 4729 ex
899 4676 1131 4760 Origene
1166 4700 1178 4735 :
1226 4681 1296 4734 Ἢ
1336 4676 1428 4735 κὰ).
1463 4676 1563 4765 ὅρη
1586 4676 1714 4748 ἑοὺς
1760 4686 2041 4766 προφήτας
2070 4688 2235 4758 φησὶν

666 4742 893 4793 αοτίουε
932 4765 1010 4793 τω
1057 4752 1380 4793 conmrlnurm,
1441 4769 1547 4793 eum
1607 4752 1874 4793 sanam...“
1930 4755 2231 4793 ﬂammam-.4...

666 4752 893 4866 ῧῖτιους
932 4752 1010 4817 τῷ
1057 4752 1385 4851 φρρΥήματι,
1441 4752 1561 4807 τῶν⁷
1607 4752 1890 4824 ἀληθινῶν
1928 4752 2231 4879 Occupat-{air

736 4828 832 4896 par.
860 4814 1185 4896 obnata-eu,
1236 4822 1587 4896 ἀποστᾴλᾳυς·
1621 4823 1742 4896 ἐπεὶ
1777 4823 1928 4896 nisth
1953 4842 2088 4894 τεν-ε
2131 4843 2169 4879 ν
2194 4828 2234 4896 ἡ

666 4883 850 4968 0353'th
884 4887 974 4953 εις
997 4889 1212 4968 pexae
1252 4883 1618 4968 geraﬁalret.
1640 4895 1780 4966 Ὄρη
1820 4894 1899 4958 δὲ,
1927 4883 2236 4968 insitiva;

665 4951 958 5035 τὲξιλοχτοξ
985 4951 1137 5027 ήλθίοῦ
1176 4951 1370 5031 ἱδρῶτα
1419 4951 1907 5035 καταλάμτῴκίταιοί
1921 4964 2141 5035 βουνοὺς
2178 4965 2239 5019 δὲ

665 5022 792 5107 rein;
814 5022 1034 5107 ἐλατῖοῇ
1085 5022 1438 5107 χωρῂςαντας
1462 5034 1580 5107 μτὴν
1782 5022 2090 5107 πνεύματος
2118 5022 2240 5089 ἒπε-

667 5094 912 5162 φάνειαν.
946 5097 1021 5150 At
1062 5094 1142 5162 et;
1168 5094 1210 5154 δ’
1223 5094 1304 5155 ’ἂν
1334 5094 1429 5156 καὶ.
1459 5094 1559 5175 6ρὴ
1591 5094 1659 5157 sit
1688 5105 1746 5156 ὲν
1771 5105 1830 5158 vd
1877 5094 1935 5175 (ρ’
1959 5094 2226 5177 νοήματα·

668 5164 886 5222 ϐουνοὺς
905 5167 962 5221 δὲ
990 5115 1060 5222 τί
1079 5168 1187 5222 τῶν
1215 5169 1415 5222 λοιπῶν
1463 5173 1772 5222 ﬁnem-116w-
1805 5122 1875 5222 “ﬁ
1923 5176 2017 5222 καὶ
2042 5178 2072 5222 ὁ
2099 5175 2226 5222 θεω-

668 5122 912 5162 ψυινειαν.
946 5122 1021 5150 [ιε
1062 5122 1142 5162 υις
1168 5122 1197 5154 ο
1238 5122 1304 5155 αν
1334 5122 1427 5156 και
1459 5122 1559 5175 ορη
1591 5122 1659 5157 τα
1688 5122 1746 5156 εν
1771 5122 1830 5158 νο
1877 5122 1923 5175 ῳ
1959 5122 2226 5177 νοηματα·

668 5164 886 5246 ϐνξυνοὺς
985 5122 1059 5246 ςτέ
1079 5168 1187 5223 τῶν
1204 5169 1440 5246 λοιπῶν,
1463 5173 1772 5246 προφητῶν.
1923 5176 2017 5229 καὶ
2042 5178 2072 5246 e
2099 5175 2235 5229 θεω-

668 5235 838 5305 ρήσας
868 5237 959 5290 τὸν
981 5241 1039 5320 ἐξ
1072 5243 1236 5364 καινῇ
1285 5235 1525 5314 Διαθήκῂ
1572 5235 1749 5311 λύγον,
1796 5243 1983 5313 βλέπει
2008 5245 2100 5298 τὸν
2139 5248 2233 5300 ἐπὶ

665 5304 728 5383 τςι
753 5305 854 5383 om
890 5306 1163 5383 πηδωνιςα,
1197 5380 1219 5383 μ
1242 5313 1303 5365 πὶ
1338 5312 1397 5383 δὲ
1437 5317 1566 5377 τοὺς
1601 5312 1823 5383 βουνοὺς
1864 5314 2228 5383 διαλλόμενον,

662 5324 872 5429 ζένορέν
890 5324 1163 5431 πησωντί,
1194 5324 1303 5394 ἐπὶ
1338 5324 1397 5365 δε
1437 5324 1566 5377 τοὺς
1601 5324 1823 5411 pet-tvoan
1864 5324 2228 5387 διαλλόμενον,

821 5447 832 5455 .
910 5394 987 5455 τφ
1015 5396 1092 5455 πει
1126 5397 1230 5452 αιιρ
1264 5382 1572 5455 γράμματα
1620 5383 1817 5455 Νεσρφ
1854 5383 1925 5455 δὲ
1956 5384 2171 5454 ὲλιέιερων
2202 5388 2232 5439 ὁ

664 5447 1392 5524 ευμφίοςηᾲιξτεᾼζκασιὲᾳποῦ
1422 5447 1597 5524 ξμόνον
1643 5447 1749 5516 ὡς’
1769 5447 2080 5524 ᾇναλίσκῳῦ
2107 5455 2234 5518 τοὺς

664 5513 856 5594 ὅφξιξ,⁸
879 5518 995 5594 id}?
1016 5520 1119 5594 Δἱείίι
1171 5522 1277 5594 xui.
1299 5513 1541 5594 statle
1574 5513 1867 5594 ersfrﬁOn
1912 5523 2078 5592 ἡμῖν,
2108 5513 2240 5594 ulpi-

664 5585 761 5658 κᾳὶ
792 5586 969 5658 egoen
995 5590 1159 5658 ἡμῖν·
1198 5592 1292 5645 καὶ
1332 5592 1418 5646 ὅτι
1456 5585 1864 5648 crassatum”;
1894 5585 2131 5647 ὲᾶυτόν.
2159 5585 2238 5646 Ἦ

665 5650 771 5723 ·,ὰρ
820 5654 886 5709 ἂν
917 5650 1111 5727 lineo;
1161 5662 1371 5733 ὑπῆρχε
1422 5661 1626 5716 τελεία.
1682 5661 1770 5717 Vel
1819 5664 1979 5718 etiam
2031 5675 2234 5719 montes

2338 4688 2499 4756 tores,
2537 4688 2724 4758 opinor
2739 4698 2914 4760 autem
2940 4691 3108 4760 etiam
3142 4689 3431 4758 apostolos,
3471 4688 3518 4740 si
3538 4689 3746 4758 quidem
3777 4707 3796 4742 t
3818 4707 3912 4760 per

2336 4760 2696 4832 generationes
2722 4758 2984 4832 sapientia
3008 4774 3062 4810 se
3089 4759 3143 4810 in
3169 4760 3398 4832 Δαηὶημαδ
3428 4762 3732 4832 (ναηδιετιᾳ
3764 4758 3912 4832 Mett-

2341 4827 2416 4884 tes
2452 4840 2630 4899 autem
2655 4827 3009 4899 appellantur,
3041 4828 3202 4899 quod,
3245 4828 3354 4881 sole
3370 4829 3589 4892 oriente,
3621 4827 3754 4882 lucis
3796 4829 3910 4899 fal-

2338 4915 2486 4969 gores
2515 4898 2674 4969 primi
2702 4897 2994 4969 recipiant;
3030 4897 3188 4950 colles
3235 4914 3386 4969 vero,
3411 4912 3497 4969 eos
3543 4899 3634 4967 qui
3688 4897 3908 4968 spiritus

2339 4966 2754 5024 illustrationem
2799 4966 2969 5019 minus
3019 4969 3253 5034 capiant.
3287 4968 3465 5020 Possis
3507 4966 3670 5020 etiam
3709 4966 3909 5025 montes
4016 4989 4019 4991 ν

2341 5037 2606 5110 appellare
2630 5036 2757 5104 legis
2779 5036 2918 5111 ipsos
2947 5051 3133 5111 sensus
3139 5051 3160 5111 ί
3190 5036 3350 5111 colles
3370 5052 3509 5098 vero,
3536 5052 3662 5111 quis
3681 5037 3909 5109 relique-

2337 5104 2458 5162 runt
2500 5116 2623 5161 sunt
2676 5104 3069 5174 prophetarum.
3119 5104 3205 5158 Vel
3259 5106 3351 5174 qui
3405 5104 3802 5174 contemplatus
3830 5118 3907 5163 est

2337 5177 2475 5249 quod
2492 5177 2553 5249 in
2587 5172 3098 5249 Noeo_Testamento
3139 5184 3238 5249 est_
3271 5172 3510 5239 Verbum,
3543 5172 3909 5249 videt‘salieu-

2338 5242 2443 5301 tem
2480 5248 2537 5300 in
2575 5245 2872 5314 montibus,
2923 5260 3080 5314 super
3134 5242 3292 5314 colles
3349 5259 3466 5297 vero
3525 5246 3907 5302 transilientem

2337 5316 2477 5387 quod
2518 5317 2573 5387 in
2609 5315 2768 5371 veteri
2813 5312 3116 5383 Scriptura.
3172 5312 3406 5366 llinnulo
3433 5321 3609 5368 autem
3638 5331 3909 5387 cervorum

2337 5386 2669 5440 assimilatas
2694 5394 2771 5438 est
2804 5399 3027 5456 sponsus
3051 5399 3151 5436 non
3187 5392 3403 5456 tantum
3447 5394 3720 5453 propterea
3766 5386 3907 5456 quod

2342 5466 2604 5526 serpentes
2635 5451 2886 5526 absumit,
2915 5451 3023 5526 sed
3056 5451 3197 5521 quod
3226 5454 3388 5526 etiam
3419 5451 3721 5526 «paruulus
3747 5451 3907 5509 natus

2342 5521 2614 5587 est'nobis,
2641 5535 2690 5577 et
2718 5522 2861 5594 ﬁlius
2889 5523 3047 5594 datus
3070 5530 3158 5594 est
3188 5521 3367 5587 nobis;
3402 5542 3420 5574 ›
3457 5521 3596 5594 quod
3623 5525 3745 5578 item
3773 5544 3792 5577 ι
3828 5543 3908 5580 se-

2338 5597 2512 5665 ipsnm
2533 5593 2864 5658 humiliavit;
2898 5610 2918 5644 ι
2957 5591 3159 5662 alioqui
3193 5606 3372 5647 cervus
3394 5591 3527 5648 esset
3548 5597 3792 5662 perlecta.
