  <div class='ocr_page' id='page_1' title='image "/cluster/home/n/w/nwhite01/storage/ocr_20150623/13/mdp.39015007036059/088.png"; bbox 0 0 4236 6282; ppageno 0'>
   <div class='ocr_carea' id='block_1_1' title="bbox 241 336 341 393">
    <p class='ocr_par' dir='ltr' id='par_1_1' title="bbox 241 336 341 393">
     <span class='ocr_line' id='line_1_1' title="bbox 241 336 341 393; baseline 0.02 -2"><span class='ocrx_word' id='word_1_1' title='bbox 241 336 341 393; x_wconf 74' lang='lat' dir='ltr'><strong>I69</strong></span> 
     </span>
    </p>
   </div>
   <div class='ocr_carea' id='block_1_2' title="bbox 1587 334 2149 396">
    <p class='ocr_par' dir='ltr' id='par_1_2' title="bbox 1587 334 2149 396">
     <span class='ocr_line' id='line_1_2' title="bbox 1587 334 2149 396; baseline 0.007 -6"><span class='ocrx_word' id='word_1_2' title='bbox 1587 335 1788 392; x_wconf 78' lang='lat' dir='ltr'><strong>LIBER</strong></span> <span class='ocrx_word' id='word_1_3' title='bbox 1827 334 2149 396; x_wconf 79' lang='lat' dir='ltr'><strong>TERTIUS.</strong></span> 
     </span>
    </p>
   </div>
   <div class='ocr_carea' id='block_1_3' title="bbox 3396 346 3501 407">
    <p class='ocr_par' dir='ltr' id='par_1_3' title="bbox 3396 346 3501 407">
     <span class='ocr_line' id='line_1_3' title="bbox 3396 346 3501 407; baseline 0.057 -6"><span class='ocrx_word' id='word_1_4' title='bbox 3396 346 3501 407; x_wconf 67' lang='lat'><strong>£70</strong></span> 
     </span>
    </p>
   </div>
   <div class='ocr_carea' id='block_1_4' title="bbox 238 449 3494 535">
    <p class='ocr_par' dir='ltr' id='par_1_4' title="bbox 238 449 3494 535">
     <span class='ocr_line' id='line_1_4' title="bbox 238 449 3494 535; baseline 0.006 -29"><span class='ocrx_word' id='word_1_5' title='bbox 238 451 471 522; x_wconf 83' lang='lat' dir='ltr'><strong>prolicit,</strong></span> <span class='ocrx_word' id='word_1_6' title='bbox 499 459 558 507; x_wconf 90' lang='lat' dir='ltr'><strong>et</strong></span> <span class='ocrx_word' id='word_1_7' title='bbox 582 451 638 507; x_wconf 88' lang='lat' dir='ltr'><strong>in</strong></span> <span class='ocrx_word' id='word_1_8' title='bbox 666 449 773 506; x_wconf 86' lang='lat' dir='ltr'><strong>lide</strong></span> <span class='ocrx_word' id='word_1_9' title='bbox 803 465 869 508; x_wconf 88' lang='lat' dir='ltr'><strong>ac</strong></span> <span class='ocrx_word' id='word_1_10' title='bbox 889 452 1052 509; x_wconf 82' lang='lat' dir='ltr'><strong>bonis</strong></span> <span class='ocrx_word' id='word_1_11' title='bbox 1076 453 1339 523; x_wconf 79' lang='lat' dir='ltr'><strong>operibus</strong></span> <span class='ocrx_word' id='word_1_12' title='bbox 1367 456 1542 522; x_wconf 88' lang='lat' dir='ltr'><strong>tloret,</strong></span> <span class='ocrx_word' id='word_1_13' title='bbox 1574 472 1818 527; x_wconf 72' lang='lat' dir='ltr'><strong>praesens</strong></span> <span class='ocrx_word' id='word_1_14' title='bbox 1846 465 1889 520; x_wconf 78' lang='grc' dir='ltr'><strong>Α</strong></span> <span class='ocrx_word' id='word_1_15' title='bbox 1921 474 2077 529; x_wconf 83' lang='lat' dir='ltr'><strong>super</strong></span> <span class='ocrx_word' id='word_1_16' title='bbox 2099 459 2278 516; x_wconf 86' lang='lat' dir='ltr'><strong>colles.</strong></span> <span class='ocrx_word' id='word_1_17' title='bbox 2304 459 2637 516; x_wconf 84' lang='lat' dir='ltr'><strong>Historicum</strong></span> <span class='ocrx_word' id='word_1_18' title='bbox 2665 461 2909 517; x_wconf 83' lang='lat' dir='ltr'><strong>ordinem</strong></span> <span class='ocrx_word' id='word_1_19' title='bbox 2947 464 3058 534; x_wconf 87' lang='lat' dir='ltr'><strong>jam</strong></span> <span class='ocrx_word' id='word_1_20' title='bbox 3095 467 3367 535; x_wconf 79' lang='lat' dir='ltr'><strong>prosecuti</strong></span> <span class='ocrx_word' id='word_1_21' title='bbox 3404 483 3494 525; x_wconf 56' lang='lat' dir='ltr'><strong>seu</strong></span> 
     </span>
    </p>
   </div>
   <div class='ocr_carea' id='block_1_5' title="bbox 239 542 1821 619">
    <p class='ocr_par' dir='ltr' id='par_1_5' title="bbox 239 542 1821 619">
     <span class='ocr_line' id='line_1_5' title="bbox 239 542 1821 619; baseline 0.002 -20"><span class='ocrx_word' id='word_1_22' title='bbox 239 543 282 599; x_wconf 81' lang='lat' dir='ltr'><strong>ei</strong></span> <span class='ocrx_word' id='word_1_23' title='bbox 312 558 436 599; x_wconf 89' lang='lat' dir='ltr'><strong>esse</strong></span> <span class='ocrx_word' id='word_1_24' title='bbox 460 544 806 616; x_wconf 77' lang='lat' dir='ltr'><strong>intelligitur.</strong></span> <span class='ocrx_word' id='word_1_25' title='bbox 849 542 955 598; x_wconf 89' lang='lat' dir='ltr'><strong>Sed</strong></span> <span class='ocrx_word' id='word_1_26' title='bbox 982 552 1037 598; x_wconf 91' lang='lat' dir='ltr'><strong>et</strong></span> <span class='ocrx_word' id='word_1_27' title='bbox 1082 547 1265 599; x_wconf 89' lang='lat' dir='ltr'><strong>anima</strong></span> <span class='ocrx_word' id='word_1_28' title='bbox 1311 562 1436 602; x_wconf 91' lang='lat' dir='ltr'><strong>eum</strong></span> <span class='ocrx_word' id='word_1_29' title='bbox 1476 551 1674 619; x_wconf 63' lang='lat' dir='ltr'><strong>quaerit</strong></span> <span class='ocrx_word' id='word_1_30' title='bbox 1716 549 1821 605; x_wconf 83' lang='lat' dir='ltr'><strong>ali-</strong></span> 
     </span>
    </p>
   </div>
   <div class='ocr_carea' id='block_1_6' title="bbox 238 636 1821 710">
    <p class='ocr_par' dir='ltr' id='par_1_6' title="bbox 238 636 1821 710">
     <span class='ocr_line' id='line_1_6' title="bbox 238 636 1821 710; baseline 0.005 -22"><span class='ocrx_word' id='word_1_31' title='bbox 238 650 391 705; x_wconf 82' lang='lat' dir='ltr'><strong>quem</strong></span> <span class='ocrx_word' id='word_1_32' title='bbox 422 649 679 701; x_wconf 78' lang='lat' dir='ltr'><strong>sensum,</strong></span> <span class='ocrx_word' id='word_1_33' title='bbox 703 643 760 691; x_wconf 90' lang='lat' dir='ltr'><strong>et</strong></span> <span class='ocrx_word' id='word_1_34' title='bbox 787 650 1083 706; x_wconf 90' lang='lat' dir='ltr'><strong>agnoscere</strong></span> <span class='ocrx_word' id='word_1_35' title='bbox 1117 636 1352 693; x_wconf 90' lang='lat' dir='ltr'><strong>obscura</strong></span> <span class='ocrx_word' id='word_1_36' title='bbox 1383 655 1613 710; x_wconf 84' lang='lat' dir='ltr'><strong>quaeque</strong></span> <span class='ocrx_word' id='word_1_37' title='bbox 1653 650 1708 697; x_wconf 90' lang='lat' dir='ltr'><strong>ct</strong></span> <span class='ocrx_word' id='word_1_38' title='bbox 1733 658 1821 696; x_wconf 83' lang='lat' dir='ltr'><strong>ar-</strong></span> 
     </span>
    </p>
   </div>
   <div class='ocr_carea' id='block_1_7' title="bbox 238 727 1819 802">
    <p class='ocr_par' dir='ltr' id='par_1_7' title="bbox 238 727 1819 802">
     <span class='ocr_line' id='line_1_7' title="bbox 238 727 1819 802; baseline 0.004 -19"><span class='ocrx_word' id='word_1_39' title='bbox 238 742 366 783; x_wconf 80' lang='lat' dir='ltr'><strong>cana</strong></span> <span class='ocrx_word' id='word_1_40' title='bbox 398 727 705 797; x_wconf 71' lang='lat' dir='ltr'><strong>desiderat,</strong></span> <span class='ocrx_word' id='word_1_41' title='bbox 736 727 913 783; x_wconf 88' lang='lat' dir='ltr'><strong>donec</strong></span> <span class='ocrx_word' id='word_1_42' title='bbox 968 729 1219 785; x_wconf 86' lang='lat' dir='ltr'><strong>invenire</strong></span> <span class='ocrx_word' id='word_1_43' title='bbox 1255 746 1362 785; x_wconf 89' lang='lat' dir='ltr'><strong>nou</strong></span> <span class='ocrx_word' id='word_1_44' title='bbox 1394 741 1593 802; x_wconf 90' lang='lat' dir='ltr'><strong>potest,</strong></span> <span class='ocrx_word' id='word_1_45' title='bbox 1619 733 1819 789; x_wconf 77' lang='lat' dir='ltr'><strong>absens</strong></span> 
     </span>
    </p>
   </div>
   <div class='ocr_carea' id='block_1_8' title="bbox 240 823 1821 887">
    <p class='ocr_par' dir='ltr' id='par_1_8' title="bbox 240 823 1821 887">
     <span class='ocr_line' id='line_1_8' title="bbox 240 823 1821 887; baseline 0.004 -8"><span class='ocrx_word' id='word_1_46' title='bbox 240 823 284 879; x_wconf 88' lang='lat' dir='ltr'><strong>ei</strong></span> <span class='ocrx_word' id='word_1_47' title='bbox 309 838 425 879; x_wconf 80' lang='lat' dir='ltr'><strong>sine</strong></span> <span class='ocrx_word' id='word_1_48' title='bbox 453 824 634 881; x_wconf 89' lang='lat' dir='ltr'><strong>dubio</strong></span> <span class='ocrx_word' id='word_1_49' title='bbox 679 834 767 881; x_wconf 87' lang='lat' dir='ltr'><strong>est</strong></span> <span class='ocrx_word' id='word_1_50' title='bbox 789 824 1027 881; x_wconf 81' lang='lat' dir='ltr'><strong>Verbum</strong></span> <span class='ocrx_word' id='word_1_51' title='bbox 1061 824 1182 883; x_wconf 88' lang='lat' dir='ltr'><strong>Dei.</strong></span> <span class='ocrx_word' id='word_1_52' title='bbox 1213 825 1316 882; x_wconf 86' lang='lat' dir='ltr'><strong>Ubi</strong></span> <span class='ocrx_word' id='word_1_53' title='bbox 1358 844 1488 884; x_wconf 91' lang='lat' dir='ltr'><strong>vero</strong></span> <span class='ocrx_word' id='word_1_54' title='bbox 1516 832 1821 887; x_wconf 86' lang='lat' dir='ltr'><strong>occurrerit</strong></span> 
     </span>
    </p>
   </div>
   <div class='ocr_carea' id='block_1_9' title="bbox 238 915 1821 989">
    <p class='ocr_par' dir='ltr' id='par_1_9' title="bbox 238 915 1821 989">
     <span class='ocr_line' id='line_1_9' title="bbox 238 915 1821 989; baseline 0.005 -20"><span class='ocrx_word' id='word_1_55' title='bbox 238 922 284 970; x_wconf 89' lang='lat' dir='ltr'><strong>et</strong></span> <span class='ocrx_word' id='word_1_56' title='bbox 306 917 635 985; x_wconf 75' lang='lat' dir='ltr'><strong>apparuerit</strong></span> <span class='ocrx_word' id='word_1_57' title='bbox 675 915 825 987; x_wconf 91' lang='lat' dir='ltr'><strong>quod</strong></span> <span class='ocrx_word' id='word_1_58' title='bbox 871 916 1192 987; x_wconf 77' lang='lat' dir='ltr'><strong>requiritur,</strong></span> <span class='ocrx_word' id='word_1_59' title='bbox 1217 919 1341 989; x_wconf 89' lang='lat' dir='ltr'><strong>quis</strong></span> <span class='ocrx_word' id='word_1_60' title='bbox 1385 920 1599 975; x_wconf 82' lang='lat' dir='ltr'><strong>dubitat</strong></span> <span class='ocrx_word' id='word_1_61' title='bbox 1628 921 1821 977; x_wconf 86' lang='lat' dir='ltr'><strong>adesse</strong></span> 
     </span>
    </p>
   </div>
   <div class='ocr_carea' id='block_1_10' title="bbox 236 1003 1821 1076">
    <p class='ocr_par' dir='ltr' id='par_1_10' title="bbox 236 1003 1821 1076">
     <span class='ocr_line' id='line_1_10' title="bbox 236 1003 1821 1076; baseline 0.004 -15"><span class='ocrx_word' id='word_1_62' title='bbox 236 1003 471 1063; x_wconf 69' lang='lat' dir='ltr'><strong>Verbum</strong></span> <span class='ocrx_word' id='word_1_63' title='bbox 505 1008 634 1076; x_wconf 89' lang='lat' dir='ltr'><strong>Dei,</strong></span> <span class='ocrx_word' id='word_1_64' title='bbox 668 1018 728 1065; x_wconf 88' lang='lat' dir='ltr'><strong>et</strong></span> <span class='ocrx_word' id='word_1_65' title='bbox 749 1009 1322 1069; x_wconf 76' lang='lat' dir='ltr'><strong>illuminarementem</strong></span> <span class='ocrx_word' id='word_1_66' title='bbox 1357 1027 1425 1067; x_wconf 90' lang='lat' dir='ltr'><strong>ac</strong></span> <span class='ocrx_word' id='word_1_67' title='bbox 1466 1013 1711 1068; x_wconf 80' lang='lat' dir='ltr'><strong>scientiae</strong></span> <span class='ocrx_word' id='word_1_68' title='bbox 1737 1014 1821 1068; x_wconf 81' lang='lat' dir='ltr'><strong>lu-</strong></span> 
     </span>
    </p>
   </div>
   <div class='ocr_carea' id='block_1_11' title="bbox 234 1101 1821 1171">
    <p class='ocr_par' dir='ltr' id='par_1_11' title="bbox 234 1101 1821 1171">
     <span class='ocr_line' id='line_1_11' title="bbox 234 1101 1821 1171; baseline 0.004 -15"><span class='ocrx_word' id='word_1_69' title='bbox 234 1114 349 1156; x_wconf 81' lang='lat' dir='ltr'><strong>men</strong></span> <span class='ocrx_word' id='word_1_70' title='bbox 373 1101 425 1155; x_wconf 90' lang='lat' dir='ltr'><strong>ei</strong></span> <span class='ocrx_word' id='word_1_71' title='bbox 454 1101 751 1171; x_wconf 65' lang='lat' dir='ltr'><strong>praebere?</strong></span> <span class='ocrx_word' id='word_1_72' title='bbox 786 1101 855 1158; x_wconf 88' lang='lat' dir='ltr'><strong>Et</strong></span> <span class='ocrx_word' id='word_1_73' title='bbox 888 1102 1085 1158; x_wconf 88' lang='lat' dir='ltr'><strong>iterum</strong></span> <span class='ocrx_word' id='word_1_74' title='bbox 1110 1103 1342 1161; x_wconf 90' lang='lat' dir='ltr'><strong>subduci</strong></span> <span class='ocrx_word' id='word_1_75' title='bbox 1381 1106 1543 1162; x_wconf 88' lang='lat' dir='ltr'><strong>nobis</strong></span> <span class='ocrx_word' id='word_1_76' title='bbox 1574 1121 1700 1160; x_wconf 76' lang='lat' dir='ltr'><strong>etim</strong></span> <span class='ocrx_word' id='word_1_77' title='bbox 1738 1117 1821 1162; x_wconf 84' lang='lat' dir='ltr'><strong>at-</strong></span> 
     </span>
    </p>
   </div>
   <div class='ocr_carea' id='block_1_12' title="bbox 232 1190 1823 1267">
    <p class='ocr_par' dir='ltr' id='par_1_12' title="bbox 232 1190 1823 1267">
     <span class='ocr_line' id='line_1_12' title="bbox 232 1190 1823 1267; baseline 0.005 -22"><span class='ocrx_word' id='word_1_78' title='bbox 232 1205 332 1262; x_wconf 83' lang='lat' dir='ltr'><strong>que</strong></span> <span class='ocrx_word' id='word_1_79' title='bbox 360 1191 573 1246; x_wconf 83' lang='lat' dir='ltr'><strong>iterum</strong></span> <span class='ocrx_word' id='word_1_80' title='bbox 606 1190 800 1249; x_wconf 87' lang='lat' dir='ltr'><strong>adesse</strong></span> <span class='ocrx_word' id='word_1_81' title='bbox 834 1192 1105 1250; x_wconf 84' lang='lat' dir='ltr'><strong>sentimus</strong></span> <span class='ocrx_word' id='word_1_82' title='bbox 1141 1209 1238 1264; x_wconf 90' lang='lat' dir='ltr'><strong>per</strong></span> <span class='ocrx_word' id='word_1_83' title='bbox 1294 1195 1516 1266; x_wconf 84' lang='lat' dir='ltr'><strong>singula</strong></span> <span class='ocrx_word' id='word_1_84' title='bbox 1550 1212 1673 1267; x_wconf 68' lang='lat' dir='ltr'><strong>quae</strong></span> <span class='ocrx_word' id='word_1_85' title='bbox 1725 1206 1823 1253; x_wconf 89' lang='lat' dir='ltr'><strong>aut</strong></span> 
     </span>
    </p>
   </div>
   <div class='ocr_carea' id='block_1_13' title="bbox 231 1283 1822 1353">
    <p class='ocr_par' dir='ltr' id='par_1_13' title="bbox 231 1283 1822 1353">
     <span class='ocr_line' id='line_1_13' title="bbox 231 1283 1822 1353; baseline 0.004 -16"><span class='ocrx_word' id='word_1_86' title='bbox 231 1283 587 1353; x_wconf 86' lang='lat' dir='ltr'><strong>aperiuntur,</strong></span> <span class='ocrx_word' id='word_1_87' title='bbox 614 1292 710 1339; x_wconf 86' lang='lat' dir='ltr'><strong>aut</strong></span> <span class='ocrx_word' id='word_1_88' title='bbox 746 1283 1079 1340; x_wconf 88' lang='lat' dir='ltr'><strong>clauduntur</strong></span> <span class='ocrx_word' id='word_1_89' title='bbox 1117 1284 1172 1340; x_wconf 90' lang='lat' dir='ltr'><strong>in</strong></span> <span class='ocrx_word' id='word_1_90' title='bbox 1204 1286 1460 1342; x_wconf 82' lang='lat' dir='ltr'><strong>sensibus</strong></span> <span class='ocrx_word' id='word_1_91' title='bbox 1501 1288 1726 1344; x_wconf 89' lang='lat' dir='ltr'><strong>nostris.</strong></span> <span class='ocrx_word' id='word_1_92' title='bbox 1755 1287 1822 1343; x_wconf 87' lang='lat' dir='ltr'><strong>Et</strong></span> 
     </span>
    </p>
   </div>
   <div class='ocr_carea' id='block_1_14' title="bbox 233 1374 1822 1448">
    <p class='ocr_par' dir='ltr' id='par_1_14' title="bbox 233 1374 1822 1448">
     <span class='ocr_line' id='line_1_14' title="bbox 233 1374 1822 1448; baseline 0.004 -18"><span class='ocrx_word' id='word_1_93' title='bbox 233 1374 424 1431; x_wconf 90' lang='lat' dir='ltr'><strong>hoceo</strong></span> <span class='ocrx_word' id='word_1_94' title='bbox 461 1390 649 1448; x_wconf 87' lang='lat' dir='ltr'><strong>usque</strong></span> <span class='ocrx_word' id='word_1_95' title='bbox 693 1375 936 1447; x_wconf 79' lang='lat' dir='ltr'><strong>patimur</strong></span> <span class='ocrx_word' id='word_1_96' title='bbox 976 1376 1156 1433; x_wconf 89' lang='lat' dir='ltr'><strong>donec</strong></span> <span class='ocrx_word' id='word_1_97' title='bbox 1188 1378 1325 1435; x_wconf 89' lang='lat' dir='ltr'><strong>tales</strong></span> <span class='ocrx_word' id='word_1_98' title='bbox 1379 1380 1702 1448; x_wconf 80' lang='lat' dir='ltr'><strong>efﬁciamur,</strong></span> <span class='ocrx_word' id='word_1_99' title='bbox 1759 1389 1822 1436; x_wconf 91' lang='lat' dir='ltr'><strong>ut</strong></span> 
     </span>
    </p>
   </div>
   <div class='ocr_carea' id='block_1_15' title="bbox 231 1469 1821 1544">
    <p class='ocr_par' dir='ltr' id='par_1_15' title="bbox 231 1469 1821 1544">
     <span class='ocr_line' id='line_1_15' title="bbox 231 1469 1821 1544; baseline 0.005 -21"><span class='ocrx_word' id='word_1_100' title='bbox 231 1482 337 1523; x_wconf 82' lang='lat' dir='ltr'><strong>non</strong></span> <span class='ocrx_word' id='word_1_101' title='bbox 378 1469 569 1526; x_wconf 82' lang='lat' dir='ltr'><strong>solum</strong></span> <span class='ocrx_word' id='word_1_102' title='bbox 618 1470 862 1525; x_wconf 88' lang='lat' dir='ltr'><strong>revisere</strong></span> <span class='ocrx_word' id='word_1_103' title='bbox 896 1484 1021 1535; x_wconf 89' lang='lat' dir='ltr'><strong>nos,</strong></span> <span class='ocrx_word' id='word_1_104' title='bbox 1083 1471 1177 1527; x_wconf 89' lang='lat' dir='ltr'><strong>sed</strong></span> <span class='ocrx_word' id='word_1_105' title='bbox 1211 1479 1266 1526; x_wconf 91' lang='lat' dir='ltr'><strong>et</strong></span> <span class='ocrx_word' id='word_1_106' title='bbox 1306 1487 1529 1529; x_wconf 89' lang='lat' dir='ltr'><strong>manere</strong></span> <span class='ocrx_word' id='word_1_107' title='bbox 1564 1474 1821 1544; x_wconf 78' lang='lat' dir='ltr'><strong>dignetur</strong></span> 
     </span>
    </p>
   </div>
   <div class='ocr_carea' id='block_1_16' title="bbox 230 1560 1815 1635">
    <p class='ocr_par' dir='ltr' id='par_1_16' title="bbox 230 1560 1815 1635">
     <span class='ocr_line' id='line_1_16' title="bbox 230 1560 1815 1635; baseline 0.004 -21"><span class='ocrx_word' id='word_1_108' title='bbox 230 1561 371 1631; x_wconf 86' lang='lat' dir='ltr'><strong>apud</strong></span> <span class='ocrx_word' id='word_1_109' title='bbox 409 1576 540 1626; x_wconf 89' lang='lat' dir='ltr'><strong>nos,</strong></span> <span class='ocrx_word' id='word_1_110' title='bbox 573 1560 876 1616; x_wconf 88' lang='lat' dir='ltr'><strong>secundum</strong></span> <span class='ocrx_word' id='word_1_111' title='bbox 916 1562 1062 1630; x_wconf 90' lang='lat' dir='ltr'><strong>quod</strong></span> <span class='ocrx_word' id='word_1_112' title='bbox 1112 1561 1479 1635; x_wconf 85' lang='lat' dir='ltr'><strong>interrogatus</strong></span> <span class='ocrx_word' id='word_1_113' title='bbox 1504 1580 1537 1618; x_wconf 85' lang='lat' dir='ltr'><strong>a</strong></span> <span class='ocrx_word' id='word_1_114' title='bbox 1575 1564 1815 1635; x_wconf 89' lang='lat' dir='ltr'><strong>quodam</strong></span> 
     </span>
    </p>
   </div>
   <div class='ocr_carea' id='block_1_17' title="bbox 232 1651 1817 1727">
    <p class='ocr_par' dir='ltr' id='par_1_17' title="bbox 232 1651 1817 1727">
     <span class='ocr_line' id='line_1_17' title="bbox 232 1651 1817 1727; baseline 0.001 -18"><span class='ocrx_word' id='word_1_115' title='bbox 232 1653 504 1724; x_wconf 88' lang='lat' dir='ltr'><strong>discipulo</strong></span> <span class='ocrx_word' id='word_1_116' title='bbox 523 1654 791 1709; x_wconf 87' lang='lat' dir='ltr'><strong>dicente:</strong></span> <span class='ocrx_word' id='word_1_117' title='bbox 832 1651 1078 1721; x_wconf 82' lang='lat' dir='ltr'><strong>Domine,</strong></span> <span class='ocrx_word' id='word_1_118' title='bbox 1125 1656 1255 1726; x_wconf 82' lang='lat' dir='ltr'><strong>quid</strong></span> <span class='ocrx_word' id='word_1_119' title='bbox 1306 1666 1385 1715; x_wconf 90' lang='lat' dir='ltr'><strong>est</strong></span> <span class='ocrx_word' id='word_1_120' title='bbox 1431 1657 1633 1725; x_wconf 80' lang='lat' dir='ltr'><strong>factum</strong></span> <span class='ocrx_word' id='word_1_121' title='bbox 1677 1657 1817 1727; x_wconf 86' lang='lat' dir='ltr'><strong>quod</strong></span> 
     </span>
    </p>
   </div>
   <div class='ocr_carea' id='block_1_18' title="bbox 232 1744 1816 1817">
    <p class='ocr_par' dir='ltr' id='par_1_18' title="bbox 232 1744 1816 1817">
     <span class='ocr_line' id='line_1_18' title="bbox 232 1744 1816 1817; baseline 0.003 -18"><span class='ocrx_word' id='word_1_122' title='bbox 232 1745 419 1815; x_wconf 81' lang='lat' dir='ltr'><strong>incipis</strong></span> <span class='ocrx_word' id='word_1_123' title='bbox 451 1745 609 1800; x_wconf 81' lang='lat' dir='ltr'><strong>nobis</strong></span> <span class='ocrx_word' id='word_1_124' title='bbox 663 1744 1014 1811; x_wconf 70' lang='lat' dir='ltr'><strong>manifestare</strong></span> <span class='ocrx_word' id='word_1_125' title='bbox 1043 1748 1395 1817; x_wconf 74' lang='lat' dir='ltr'><strong>temetipsum,</strong></span> <span class='ocrx_word' id='word_1_126' title='bbox 1427 1759 1475 1802; x_wconf 89' lang='lat' dir='ltr'><strong>et</strong></span> <span class='ocrx_word' id='word_1_127' title='bbox 1531 1765 1636 1804; x_wconf 85' lang='lat' dir='ltr'><strong>non</strong></span> <span class='ocrx_word' id='word_1_128' title='bbox 1693 1750 1816 1803; x_wconf 82' lang='lat' dir='ltr'><strong>huic</strong></span> 
     </span>
    </p>
   </div>
   <div class='ocr_carea' id='block_1_19' title="bbox 232 1835 1815 1912">
    <p class='ocr_par' dir='ltr' id='par_1_19' title="bbox 232 1835 1815 1912">
     <span class='ocr_line' id='line_1_19' title="bbox 232 1835 1815 1912; baseline 0.004 -23"><span class='ocrx_word' id='word_1_129' title='bbox 232 1837 428 1891; x_wconf 78' lang='lat' dir='ltr'><strong>mundo</strong></span> <span class='ocrx_word' id='word_1_130' title='bbox 467 1838 559 1892; x_wconf 79' lang='lat' dir='ltr'><strong>&quot;‘i</strong></span> <span class='ocrx_word' id='word_1_131' title='bbox 592 1835 875 1910; x_wconf 85' lang='lat' dir='ltr'><strong>respondit</strong></span> <span class='ocrx_word' id='word_1_132' title='bbox 913 1836 1165 1896; x_wconf 87' lang='lat' dir='ltr'><strong>Salvator</strong></span> <span class='ocrx_word' id='word_1_133' title='bbox 1199 1857 1213 1894; x_wconf 91' lang='lat'><strong>:</strong></span> <span class='ocrx_word' id='word_1_134' title='bbox 1249 1839 1310 1896; x_wconf 88' lang='lat' dir='ltr'><strong>Si</strong></span> <span class='ocrx_word' id='word_1_135' title='bbox 1331 1841 1450 1912; x_wconf 84' lang='lat' dir='ltr'><strong>quis</strong></span> <span class='ocrx_word' id='word_1_136' title='bbox 1493 1841 1669 1911; x_wconf 83' lang='lat' dir='ltr'><strong>diligit</strong></span> <span class='ocrx_word' id='word_1_137' title='bbox 1713 1859 1815 1907; x_wconf 81' lang='lat' dir='ltr'><strong>me,</strong></span> 
     </span>
    </p>
   </div>
   <div class='ocr_carea' id='block_1_20' title="bbox 230 1931 1818 2001">
    <p class='ocr_par' dir='ltr' id='par_1_20' title="bbox 230 1931 1818 2001">
     <span class='ocr_line' id='line_1_20' title="bbox 230 1931 1818 2001; baseline 0.001 -17"><span class='ocrx_word' id='word_1_138' title='bbox 230 1932 445 1985; x_wconf 72' lang='lat' dir='ltr'><strong>verbum</strong></span> <span class='ocrx_word' id='word_1_139' title='bbox 483 1948 660 1988; x_wconf 87' lang='lat' dir='ltr'><strong>meum</strong></span> <span class='ocrx_word' id='word_1_140' title='bbox 695 1933 954 2001; x_wconf 72' lang='lat' dir='ltr'><strong>custodit,</strong></span> <span class='ocrx_word' id='word_1_141' title='bbox 976 1944 1027 1988; x_wconf 88' lang='lat' dir='ltr'><strong>et</strong></span> <span class='ocrx_word' id='word_1_142' title='bbox 1057 1932 1225 1988; x_wconf 80' lang='lat' dir='ltr'><strong>Pater</strong></span> <span class='ocrx_word' id='word_1_143' title='bbox 1269 1948 1414 1987; x_wconf 87' lang='lat' dir='ltr'><strong>meus</strong></span> <span class='ocrx_word' id='word_1_144' title='bbox 1464 1931 1649 2001; x_wconf 80' lang='lat' dir='ltr'><strong>diliget</strong></span> <span class='ocrx_word' id='word_1_145' title='bbox 1677 1949 1818 2000; x_wconf 89' lang='lat' dir='ltr'><strong>eum,</strong></span> 
     </span>
    </p>
   </div>
   <div class='ocr_carea' id='block_1_21' title="bbox 231 2022 1823 2094">
    <p class='ocr_par' dir='ltr' id='par_1_21' title="bbox 231 2022 1823 2094">
     <span class='ocr_line' id='line_1_21' title="bbox 231 2022 1823 2094; baseline 0.001 -19"><span class='ocrx_word' id='word_1_146' title='bbox 231 2031 275 2076; x_wconf 84' lang='lat' dir='ltr'><strong>et</strong></span> <span class='ocrx_word' id='word_1_147' title='bbox 302 2024 375 2077; x_wconf 83' lang='lat' dir='ltr'><strong>ad</strong></span> <span class='ocrx_word' id='word_1_148' title='bbox 396 2024 582 2094; x_wconf 84' lang='lat' dir='ltr'><strong>ipsum</strong></span> <span class='ocrx_word' id='word_1_149' title='bbox 615 2024 899 2091; x_wconf 78' lang='lat' dir='ltr'><strong>veniemus,</strong></span> <span class='ocrx_word' id='word_1_150' title='bbox 934 2033 983 2078; x_wconf 89' lang='lat' dir='ltr'><strong>et</strong></span> <span class='ocrx_word' id='word_1_151' title='bbox 1035 2024 1366 2078; x_wconf 75' lang='lat' dir='ltr'><strong>mansionem</strong></span> <span class='ocrx_word' id='word_1_152' title='bbox 1415 2023 1556 2090; x_wconf 84' lang='lat' dir='ltr'><strong>apud</strong></span> <span class='ocrx_word' id='word_1_153' title='bbox 1589 2038 1707 2076; x_wconf 86' lang='lat' dir='ltr'><strong>eum</strong></span> <span class='ocrx_word' id='word_1_154' title='bbox 1739 2022 1823 2090; x_wconf 78' lang='lat' dir='ltr'><strong>[a-</strong></span> 
     </span>
    </p>
   </div>
   <div class='ocr_carea' id='block_1_22' title="bbox 232 2111 1823 2186">
    <p class='ocr_par' dir='ltr' id='par_1_22' title="bbox 232 2111 1823 2186">
     <span class='ocr_line' id='line_1_22' title="bbox 232 2111 1823 2186; baseline 0 -19"><span class='ocrx_word' id='word_1_155' title='bbox 232 2115 435 2170; x_wconf 86' lang='lat' dir='ltr'><strong>ciemus</strong></span> <span class='ocrx_word' id='word_1_156' title='bbox 464 2117 540 2169; x_wconf 80' lang='grc'><strong>⁷³.</strong></span> <span class='ocrx_word' id='word_1_157' title='bbox 579 2115 640 2170; x_wconf 89' lang='lat' dir='ltr'><strong>Si</strong></span> <span class='ocrx_word' id='word_1_158' title='bbox 671 2131 799 2186; x_wconf 84' lang='lat' dir='ltr'><strong>ergo</strong></span> <span class='ocrx_word' id='word_1_159' title='bbox 825 2125 882 2171; x_wconf 86' lang='lat' dir='ltr'><strong>et</strong></span> <span class='ocrx_word' id='word_1_160' title='bbox 911 2131 1012 2171; x_wconf 88' lang='lat' dir='ltr'><strong>nos</strong></span> <span class='ocrx_word' id='word_1_161' title='bbox 1064 2115 1319 2171; x_wconf 88' lang='lat' dir='ltr'><strong>volumus</strong></span> <span class='ocrx_word' id='word_1_162' title='bbox 1350 2114 1534 2169; x_wconf 89' lang='lat' dir='ltr'><strong>videre</strong></span> <span class='ocrx_word' id='word_1_163' title='bbox 1584 2111 1823 2167; x_wconf 84' lang='lat' dir='ltr'><strong>Verbum</strong></span> 
     </span>
    </p>
   </div>
   <div class='ocr_carea' id='block_1_23' title="bbox 234 2204 1826 2277">
    <p class='ocr_par' dir='ltr' id='par_1_23' title="bbox 234 2204 1826 2277">
     <span class='ocr_line' id='line_1_23' title="bbox 234 2204 1826 2277; baseline -0.001 -16"><span class='ocrx_word' id='word_1_164' title='bbox 234 2204 321 2262; x_wconf 90' lang='lat' dir='ltr'><strong>Dei</strong></span> <span class='ocrx_word' id='word_1_165' title='bbox 347 2214 529 2277; x_wconf 86' lang='lat' dir='ltr'><strong>atque</strong></span> <span class='ocrx_word' id='word_1_166' title='bbox 557 2207 752 2262; x_wconf 70' lang='lat' dir='ltr'><strong>animae</strong></span> <span class='ocrx_word' id='word_1_167' title='bbox 785 2220 1048 2276; x_wconf 89' lang='lat' dir='ltr'><strong>sponsum</strong></span> <span class='ocrx_word' id='word_1_168' title='bbox 1106 2205 1391 2261; x_wconf 90' lang='lat' dir='ltr'><strong>salientem</strong></span> <span class='ocrx_word' id='word_1_169' title='bbox 1437 2220 1608 2274; x_wconf 83' lang='lat' dir='ltr'><strong>super</strong></span> <span class='ocrx_word' id='word_1_170' title='bbox 1669 2220 1826 2261; x_wconf 88' lang='lat' dir='ltr'><strong>mou-</strong></span> 
     </span>
    </p>
   </div>
   <div class='ocr_carea' id='block_1_24' title="bbox 232 2296 1826 2369">
    <p class='ocr_par' dir='ltr' id='par_1_24' title="bbox 232 2296 1826 2369">
     <span class='ocr_line' id='line_1_24' title="bbox 232 2296 1826 2369; baseline 0.001 -17"><span class='ocrx_word' id='word_1_171' title='bbox 232 2306 331 2364; x_wconf 88' lang='lat' dir='ltr'><strong>tes,</strong></span> <span class='ocrx_word' id='word_1_172' title='bbox 357 2306 418 2354; x_wconf 82' lang='lat' dir='ltr'><strong>et</strong></span> <span class='ocrx_word' id='word_1_173' title='bbox 448 2298 820 2353; x_wconf 81' lang='lat' dir='ltr'><strong>exsultantem</strong></span> <span class='ocrx_word' id='word_1_174' title='bbox 878 2310 1045 2369; x_wconf 85' lang='lat' dir='ltr'><strong>super</strong></span> <span class='ocrx_word' id='word_1_175' title='bbox 1082 2297 1272 2364; x_wconf 87' lang='lat' dir='ltr'><strong>colles,</strong></span> <span class='ocrx_word' id='word_1_176' title='bbox 1313 2296 1491 2368; x_wconf 90' lang='lat' dir='ltr'><strong>primo</strong></span> <span class='ocrx_word' id='word_1_177' title='bbox 1533 2297 1826 2354; x_wconf 84' lang='lat' dir='ltr'><strong>audiamus</strong></span> 
     </span>
    </p>
   </div>
   <div class='ocr_carea' id='block_1_25' title="bbox 233 2387 1821 2461">
    <p class='ocr_par' dir='ltr' id='par_1_25' title="bbox 233 2387 1821 2461">
     <span class='ocr_line' id='line_1_25' title="bbox 233 2387 1821 2461; baseline -0.001 -17"><span class='ocrx_word' id='word_1_178' title='bbox 233 2404 420 2447; x_wconf 86' lang='lat' dir='ltr'><strong>vocem</strong></span> <span class='ocrx_word' id='word_1_179' title='bbox 446 2390 603 2461; x_wconf 86' lang='lat' dir='ltr'><strong>ejus;</strong></span> <span class='ocrx_word' id='word_1_180' title='bbox 653 2400 710 2446; x_wconf 92' lang='lat' dir='ltr'><strong>et</strong></span> <span class='ocrx_word' id='word_1_181' title='bbox 760 2403 887 2445; x_wconf 88' lang='lat' dir='ltr'><strong>cum</strong></span> <span class='ocrx_word' id='word_1_182' title='bbox 922 2388 1265 2444; x_wconf 86' lang='lat' dir='ltr'><strong>audierimus</strong></span> <span class='ocrx_word' id='word_1_183' title='bbox 1296 2401 1423 2443; x_wconf 90' lang='lat' dir='ltr'><strong>eum</strong></span> <span class='ocrx_word' id='word_1_184' title='bbox 1458 2387 1513 2442; x_wconf 90' lang='lat' dir='ltr'><strong>in</strong></span> <span class='ocrx_word' id='word_1_185' title='bbox 1541 2388 1821 2454; x_wconf 88' lang='lat' dir='ltr'><strong>omnibus,</strong></span> 
     </span>
    </p>
   </div>
   <div class='ocr_carea' id='block_1_26' title="bbox 235 2478 1823 2549">
    <p class='ocr_par' dir='ltr' id='par_1_26' title="bbox 235 2478 1823 2549">
     <span class='ocr_line' id='line_1_26' title="bbox 235 2478 1823 2549; baseline -0.001 -13"><span class='ocrx_word' id='word_1_186' title='bbox 235 2488 367 2538; x_wconf 83' lang='lat' dir='ltr'><strong>tunc</strong></span> <span class='ocrx_word' id='word_1_187' title='bbox 414 2480 586 2536; x_wconf 90' lang='lat' dir='ltr'><strong>etiam</strong></span> <span class='ocrx_word' id='word_1_188' title='bbox 629 2494 755 2535; x_wconf 86' lang='lat' dir='ltr'><strong>cum</strong></span> <span class='ocrx_word' id='word_1_189' title='bbox 799 2479 989 2535; x_wconf 85' lang='lat' dir='ltr'><strong>videre</strong></span> <span class='ocrx_word' id='word_1_190' title='bbox 1041 2478 1377 2549; x_wconf 80' lang='lat' dir='ltr'><strong>peterimus,</strong></span> <span class='ocrx_word' id='word_1_191' title='bbox 1429 2479 1734 2535; x_wconf 89' lang='lat' dir='ltr'><strong>secundum</strong></span> <span class='ocrx_word' id='word_1_192' title='bbox 1760 2495 1823 2535; x_wconf 87' lang='lat' dir='ltr'><strong>ea</strong></span> 
     </span>
    </p>
   </div>
   <div class='ocr_carea' id='block_1_27' title="bbox 236 2566 1819 2641">
    <p class='ocr_par' dir='ltr' id='par_1_27' title="bbox 236 2566 1819 2641">
     <span class='ocr_line' id='line_1_27' title="bbox 236 2566 1819 2641; baseline -0.002 -17"><span class='ocrx_word' id='word_1_193' title='bbox 236 2585 355 2641; x_wconf 67' lang='lat' dir='ltr'><strong>quas</strong></span> <span class='ocrx_word' id='word_1_194' title='bbox 404 2570 463 2625; x_wconf 89' lang='lat' dir='ltr'><strong>in</strong></span> <span class='ocrx_word' id='word_1_195' title='bbox 518 2569 777 2640; x_wconf 59' lang='lat' dir='ltr'><strong>praesenti</strong></span> <span class='ocrx_word' id='word_1_196' title='bbox 806 2569 926 2624; x_wconf 90' lang='lat' dir='ltr'><strong>loco</strong></span> <span class='ocrx_word' id='word_1_197' title='bbox 977 2568 1184 2624; x_wconf 79' lang='lat' dir='ltr'><strong>vidisse</strong></span> <span class='ocrx_word' id='word_1_198' title='bbox 1234 2566 1567 2623; x_wconf 85' lang='lat' dir='ltr'><strong>describitur</strong></span> <span class='ocrx_word' id='word_1_199' title='bbox 1598 2581 1819 2637; x_wconf 84' lang='lat' dir='ltr'><strong>sponsa.</strong></span> 
     </span>
    </p>
   </div>
   <div class='ocr_carea' id='block_1_28' title="bbox 233 2659 1821 2734">
    <p class='ocr_par' dir='ltr' id='par_1_28' title="bbox 233 2659 1821 2734">
     <span class='ocr_line' id='line_1_28' title="bbox 233 2659 1821 2734; baseline -0.003 -14"><span class='ocrx_word' id='word_1_200' title='bbox 233 2662 366 2720; x_wconf 76' lang='lat' dir='ltr'><strong>Nam</strong></span> <span class='ocrx_word' id='word_1_201' title='bbox 395 2671 451 2720; x_wconf 89' lang='lat' dir='ltr'><strong>et</strong></span> <span class='ocrx_word' id='word_1_202' title='bbox 473 2664 598 2734; x_wconf 86' lang='lat' dir='ltr'><strong>ipsa</strong></span> <span class='ocrx_word' id='word_1_203' title='bbox 623 2660 877 2733; x_wconf 87' lang='lat' dir='ltr'><strong>quamvis</strong></span> <span class='ocrx_word' id='word_1_204' title='bbox 908 2671 965 2719; x_wconf 88' lang='lat' dir='ltr'><strong>et</strong></span> <span class='ocrx_word' id='word_1_205' title='bbox 995 2662 1150 2733; x_wconf 89' lang='lat' dir='ltr'><strong>prius</strong></span> <span class='ocrx_word' id='word_1_206' title='bbox 1170 2674 1294 2715; x_wconf 90' lang='lat' dir='ltr'><strong>eum</strong></span> <span class='ocrx_word' id='word_1_207' title='bbox 1324 2659 1538 2727; x_wconf 87' lang='lat' dir='ltr'><strong>viderit,</strong></span> <span class='ocrx_word' id='word_1_208' title='bbox 1560 2674 1668 2714; x_wconf 88' lang='lat' dir='ltr'><strong>non</strong></span> <span class='ocrx_word' id='word_1_209' title='bbox 1694 2675 1821 2715; x_wconf 82' lang='lat' dir='ltr'><strong>eum</strong></span> 
     </span>
    </p>
   </div>
   <div class='ocr_carea' id='block_1_29' title="bbox 235 2755 1823 2824">
    <p class='ocr_par' dir='ltr' id='par_1_29' title="bbox 235 2755 1823 2824">
     <span class='ocr_line' id='line_1_29' title="bbox 235 2755 1823 2824; baseline -0.003 -9"><span class='ocrx_word' id='word_1_210' title='bbox 235 2767 410 2815; x_wconf 80' lang='lat' dir='ltr'><strong>tamen</strong></span> <span class='ocrx_word' id='word_1_211' title='bbox 432 2759 519 2814; x_wconf 74' lang='lat' dir='ltr'><strong>ita</strong></span> <span class='ocrx_word' id='word_1_212' title='bbox 551 2758 782 2823; x_wconf 85' lang='lat' dir='ltr'><strong>viderat,</strong></span> <span class='ocrx_word' id='word_1_213' title='bbox 825 2764 884 2812; x_wconf 91' lang='lat' dir='ltr'><strong>ut</strong></span> <span class='ocrx_word' id='word_1_214' title='bbox 910 2770 1057 2812; x_wconf 89' lang='lat' dir='ltr'><strong>nunc</strong></span> <span class='ocrx_word' id='word_1_215' title='bbox 1088 2755 1375 2811; x_wconf 88' lang='lat' dir='ltr'><strong>salientem</strong></span> <span class='ocrx_word' id='word_1_216' title='bbox 1401 2769 1565 2824; x_wconf 80' lang='lat' dir='ltr'><strong>super</strong></span> <span class='ocrx_word' id='word_1_217' title='bbox 1610 2765 1823 2811; x_wconf 88' lang='lat' dir='ltr'><strong>montes</strong></span> 
     </span>
    </p>
   </div>
   <div class='ocr_carea' id='block_1_30' title="bbox 236 2843 1824 2920">
    <p class='ocr_par' dir='ltr' id='par_1_30' title="bbox 236 2843 1824 2920">
     <span class='ocr_line' id='line_1_30' title="bbox 236 2843 1824 2920; baseline -0.002 -14"><span class='ocrx_word' id='word_1_218' title='bbox 236 2850 663 2906; x_wconf 82' lang='lat' dir='ltr'><strong>etexsilieutem</strong></span> <span class='ocrx_word' id='word_1_219' title='bbox 722 2862 889 2920; x_wconf 85' lang='lat' dir='ltr'><strong>super</strong></span> <span class='ocrx_word' id='word_1_220' title='bbox 940 2847 1132 2915; x_wconf 91' lang='lat' dir='ltr'><strong>colles,</strong></span> <span class='ocrx_word' id='word_1_221' title='bbox 1193 2861 1370 2918; x_wconf 86' lang='lat' dir='ltr'><strong>neque</strong></span> <span class='ocrx_word' id='word_1_222' title='bbox 1412 2860 1510 2916; x_wconf 89' lang='lat' dir='ltr'><strong>per</strong></span> <span class='ocrx_word' id='word_1_223' title='bbox 1554 2843 1824 2903; x_wconf 68' lang='lat' dir='ltr'><strong>terrestres</strong></span> 
     </span>
    </p>
   </div>
   <div class='ocr_carea' id='block_1_31' title="bbox 240 2934 1826 3008">
    <p class='ocr_par' dir='ltr' id='par_1_31' title="bbox 240 2934 1826 3008">
     <span class='ocr_line' id='line_1_31' title="bbox 240 2934 1826 3008; baseline 0 -17"><span class='ocrx_word' id='word_1_224' title='bbox 240 2948 362 2993; x_wconf 83' lang='lat' dir='ltr'><strong>suas</strong></span> <span class='ocrx_word' id='word_1_225' title='bbox 399 2937 884 3008; x_wconf 82' lang='lat' dir='ltr'><strong>procumbentem,</strong></span> <span class='ocrx_word' id='word_1_226' title='bbox 938 2950 1117 3006; x_wconf 87' lang='lat' dir='ltr'><strong>neque</strong></span> <span class='ocrx_word' id='word_1_227' title='bbox 1164 2949 1264 3006; x_wconf 90' lang='lat' dir='ltr'><strong>per</strong></span> <span class='ocrx_word' id='word_1_228' title='bbox 1299 2935 1437 2990; x_wconf 89' lang='lat' dir='ltr'><strong>retia</strong></span> <span class='ocrx_word' id='word_1_229' title='bbox 1482 2934 1826 3005; x_wconf 76' lang='lat' dir='ltr'><strong>prospicien-</strong></span> 
     </span>
    </p>
   </div>
   <div class='ocr_carea' id='block_1_32' title="bbox 241 3026 1824 3099">
    <p class='ocr_par' dir='ltr' id='par_1_32' title="bbox 241 3026 1824 3099">
     <span class='ocr_line' id='line_1_32' title="bbox 241 3026 1824 3099; baseline 0 -15"><span class='ocrx_word' id='word_1_230' title='bbox 241 3036 364 3098; x_wconf 85' lang='lat' dir='ltr'><strong>tem,</strong></span> <span class='ocrx_word' id='word_1_231' title='bbox 396 3028 506 3086; x_wconf 86' lang='lat' dir='ltr'><strong>sed</strong></span> <span class='ocrx_word' id='word_1_232' title='bbox 534 3029 709 3099; x_wconf 86' lang='lat' dir='ltr'><strong>magis</strong></span> <span class='ocrx_word' id='word_1_233' title='bbox 752 3027 971 3083; x_wconf 87' lang='lat' dir='ltr'><strong>videtur</strong></span> <span class='ocrx_word' id='word_1_234' title='bbox 991 3026 1140 3099; x_wconf 90' lang='lat' dir='ltr'><strong>quod</strong></span> <span class='ocrx_word' id='word_1_235' title='bbox 1165 3028 1321 3097; x_wconf 90' lang='lat' dir='ltr'><strong>prius</strong></span> <span class='ocrx_word' id='word_1_236' title='bbox 1352 3027 1550 3085; x_wconf 81' lang='lat' dir='ltr'><strong>hiemis</strong></span> <span class='ocrx_word' id='word_1_237' title='bbox 1574 3037 1824 3099; x_wconf 86' lang='lat' dir='ltr'><strong>tempore</strong></span> 
     </span>
    </p>
   </div>
   <div class='ocr_carea' id='block_1_33' title="bbox 1928 558 3499 626">
    <p class='ocr_par' dir='ltr' id='par_1_33' title="bbox 1928 558 3499 626">
     <span class='ocr_line' id='line_1_33' title="bbox 1928 558 3499 626; baseline 0.008 -20"><span class='ocrx_word' id='word_1_238' title='bbox 1928 568 2087 621; x_wconf 89' lang='lat' dir='ltr'><strong>mus;</strong></span> <span class='ocrx_word' id='word_1_239' title='bbox 2137 572 2286 612; x_wconf 91' lang='lat' dir='ltr'><strong>nunc</strong></span> <span class='ocrx_word' id='word_1_240' title='bbox 2336 566 2517 611; x_wconf 88' lang='lat' dir='ltr'><strong>autem</strong></span> <span class='ocrx_word' id='word_1_241' title='bbox 2574 558 2851 626; x_wconf 82' lang='lat' dir='ltr'><strong>quomodo</strong></span> <span class='ocrx_word' id='word_1_242' title='bbox 2905 558 3155 616; x_wconf 85' lang='lat' dir='ltr'><strong>Christus</strong></span> <span class='ocrx_word' id='word_1_243' title='bbox 3206 562 3273 617; x_wconf 81' lang='lat' dir='ltr'><strong>ad</strong></span> <span class='ocrx_word' id='word_1_244' title='bbox 3307 561 3499 619; x_wconf 85' lang='lat' dir='ltr'><strong>Eccle-</strong></span> 
     </span>
    </p>
   </div>
   <div class='ocr_carea' id='block_1_34' title="bbox 1925 646 3501 725">
    <p class='ocr_par' dir='ltr' id='par_1_34' title="bbox 1925 646 3501 725">
     <span class='ocr_line' id='line_1_34' title="bbox 1925 646 3501 725; baseline 0.008 -25"><span class='ocrx_word' id='word_1_245' title='bbox 1925 646 2061 700; x_wconf 86' lang='lat' dir='ltr'><strong>siam</strong></span> <span class='ocrx_word' id='word_1_246' title='bbox 2094 649 2319 702; x_wconf 85' lang='lat' dir='ltr'><strong>veniens</strong></span> <span class='ocrx_word' id='word_1_247' title='bbox 2340 647 2502 703; x_wconf 84' lang='lat' dir='ltr'><strong>saliat</strong></span> <span class='ocrx_word' id='word_1_248' title='bbox 2535 663 2701 717; x_wconf 87' lang='lat' dir='ltr'><strong>super</strong></span> <span class='ocrx_word' id='word_1_249' title='bbox 2742 658 2978 718; x_wconf 90' lang='lat' dir='ltr'><strong>montes,</strong></span> <span class='ocrx_word' id='word_1_250' title='bbox 3017 660 3072 706; x_wconf 90' lang='lat' dir='ltr'><strong>et</strong></span> <span class='ocrx_word' id='word_1_251' title='bbox 3095 652 3312 708; x_wconf 84' lang='lat' dir='ltr'><strong>exsiliat</strong></span> <span class='ocrx_word' id='word_1_252' title='bbox 3336 670 3501 725; x_wconf 86' lang='lat' dir='ltr'><strong>super</strong></span> 
     </span>
    </p>
   </div>
   <div class='ocr_carea' id='block_1_35' title="bbox 1925 738 3497 815">
    <p class='ocr_par' dir='ltr' id='par_1_35' title="bbox 1925 738 3497 815">
     <span class='ocr_line' id='line_1_35' title="bbox 1925 738 3497 815; baseline 0.006 -23"><span class='ocrx_word' id='word_1_253' title='bbox 1925 738 2111 802; x_wconf 86' lang='lat' dir='ltr'><strong>colles,</strong></span> <span class='ocrx_word' id='word_1_254' title='bbox 2142 738 2431 793; x_wconf 90' lang='lat' dir='ltr'><strong>videndum</strong></span> <span class='ocrx_word' id='word_1_255' title='bbox 2454 750 2558 793; x_wconf 90' lang='lat' dir='ltr'><strong>est.</strong></span> <span class='ocrx_word' id='word_1_256' title='bbox 2592 738 2866 795; x_wconf 78' lang='lat' dir='ltr'><strong>Exsilieus</strong></span> <span class='ocrx_word' id='word_1_257' title='bbox 2902 740 3048 796; x_wconf 90' lang='lat' dir='ltr'><strong>enim</strong></span> <span class='ocrx_word' id='word_1_258' title='bbox 3112 744 3289 815; x_wconf 81' lang='lat' dir='ltr'><strong>magis</strong></span> <span class='ocrx_word' id='word_1_259' title='bbox 3335 762 3497 815; x_wconf 81' lang='lat' dir='ltr'><strong>quam</strong></span> 
     </span>
    </p>
   </div>
   <div class='ocr_carea' id='block_1_36' title="bbox 1927 830 3500 904">
    <p class='ocr_par' dir='ltr' id='par_1_36' title="bbox 1927 830 3500 904">
     <span class='ocr_line' id='line_1_36' title="bbox 1927 830 3500 904; baseline 0.007 -21"><span class='ocrx_word' id='word_1_260' title='bbox 1927 830 2244 886; x_wconf 89' lang='lat' dir='ltr'><strong>transiliens</strong></span> <span class='ocrx_word' id='word_1_261' title='bbox 2298 830 2564 900; x_wconf 82' lang='lat' dir='ltr'><strong>propositi</strong></span> <span class='ocrx_word' id='word_1_262' title='bbox 2629 832 2901 888; x_wconf 88' lang='lat' dir='ltr'><strong>sermonis</strong></span> <span class='ocrx_word' id='word_1_263' title='bbox 2959 834 3263 904; x_wconf 85' lang='lat' dir='ltr'><strong>proprietas</strong></span> <span class='ocrx_word' id='word_1_264' title='bbox 3318 836 3500 894; x_wconf 77' lang='lat' dir='ltr'><strong>habet.</strong></span> 
     </span>
    </p>
   </div>
   <div class='ocr_carea' id='block_1_37' title="bbox 1924 918 3503 996">
    <p class='ocr_par' dir='ltr' id='par_1_37' title="bbox 1924 918 3503 996">
     <span class='ocr_line' id='line_1_37' title="bbox 1924 918 3503 996; baseline 0.006 -23"><span class='ocrx_word' id='word_1_265' title='bbox 1924 918 2078 975; x_wconf 83' lang='lat' dir='ltr'><strong>Isaac</strong></span> <span class='ocrx_word' id='word_1_266' title='bbox 2098 920 2245 976; x_wconf 91' lang='lat' dir='ltr'><strong>enim</strong></span> <span class='ocrx_word' id='word_1_267' title='bbox 2297 921 2588 979; x_wconf 83' lang='lat' dir='ltr'><strong>ambulans</strong></span> <span class='ocrx_word' id='word_1_268' title='bbox 2624 931 2679 978; x_wconf 90' lang='lat' dir='ltr'><strong>et</strong></span> <span class='ocrx_word' id='word_1_269' title='bbox 2727 923 3077 994; x_wconf 81' lang='lat' dir='ltr'><strong>pr0grediens</strong></span> <span class='ocrx_word' id='word_1_270' title='bbox 3111 927 3288 996; x_wconf 85' lang='lat' dir='ltr'><strong>major</strong></span> <span class='ocrx_word' id='word_1_271' title='bbox 3317 928 3503 995; x_wconf 86' lang='lat' dir='ltr'><strong>liebat,</strong></span> 
     </span>
    </p>
   </div>
   <div class='ocr_carea' id='block_1_38' title="bbox 1925 1011 3504 1084">
    <p class='ocr_par' dir='ltr' id='par_1_38' title="bbox 1925 1011 3504 1084">
     <span class='ocr_line' id='line_1_38' title="bbox 1925 1011 3504 1084; baseline 0.006 -20"><span class='ocrx_word' id='word_1_272' title='bbox 1925 1026 2213 1082; x_wconf 88' lang='lat' dir='ltr'><strong>usquequo</strong></span> <span class='ocrx_word' id='word_1_273' title='bbox 2245 1011 2396 1067; x_wconf 81' lang='lat' dir='ltr'><strong>ﬁeret</strong></span> <span class='ocrx_word' id='word_1_274' title='bbox 2427 1029 2656 1084; x_wconf 85' lang='lat' dir='ltr'><strong>magnus</strong></span> <span class='ocrx_word' id='word_1_275' title='bbox 2709 1015 2884 1071; x_wconf 88' lang='lat' dir='ltr'><strong>valde.</strong></span> <span class='ocrx_word' id='word_1_276' title='bbox 2934 1014 3138 1072; x_wconf 87' lang='lat' dir='ltr'><strong>Paulus</strong></span> <span class='ocrx_word' id='word_1_277' title='bbox 3175 1028 3356 1076; x_wconf 89' lang='lat' dir='ltr'><strong>autem</strong></span> <span class='ocrx_word' id='word_1_278' title='bbox 3394 1036 3504 1074; x_wconf 77' lang='lat' dir='ltr'><strong>non</strong></span> 
     </span>
    </p>
   </div>
   <div class='ocr_carea' id='block_1_39' title="bbox 1920 1091 3503 1174">
    <p class='ocr_par' dir='ltr' id='par_1_39' title="bbox 1920 1091 3503 1174">
     <span class='ocr_line' id='line_1_39' title="bbox 1920 1091 3503 1174; baseline 0.008 -18"><span class='ocrx_word' id='word_1_279' title='bbox 1920 1091 2034 1170; x_wconf 83' lang='lat' dir='ltr'><strong>jam</strong></span> <span class='ocrx_word' id='word_1_280' title='bbox 2062 1102 2395 1159; x_wconf 89' lang='lat' dir='ltr'><strong>ambulando</strong></span> <span class='ocrx_word' id='word_1_281' title='bbox 2418 1104 2667 1174; x_wconf 82' lang='lat' dir='ltr'><strong>profecit,</strong></span> <span class='ocrx_word' id='word_1_282' title='bbox 2698 1106 2791 1160; x_wconf 89' lang='lat' dir='ltr'><strong>sed</strong></span> <span class='ocrx_word' id='word_1_283' title='bbox 2823 1109 3116 1174; x_wconf 87' lang='lat' dir='ltr'><strong>currendo,</strong></span> <span class='ocrx_word' id='word_1_284' title='bbox 3148 1123 3273 1164; x_wconf 90' lang='lat' dir='ltr'><strong>cum</strong></span> <span class='ocrx_word' id='word_1_285' title='bbox 3318 1110 3451 1167; x_wconf 87' lang='lat' dir='ltr'><strong>dicit</strong></span> <span class='ocrx_word' id='word_1_286' title='bbox 3486 1128 3503 1168; x_wconf 85' lang='lat'><strong>:</strong></span> 
     </span>
    </p>
   </div>
   <div class='ocr_carea' id='block_1_40' title="bbox 1926 1191 3508 1259">
    <p class='ocr_par' dir='ltr' id='par_1_40' title="bbox 1926 1191 3508 1259">
     <span class='ocr_line' id='line_1_40' title="bbox 1926 1191 3508 1259; baseline 0.007 -12"><span class='ocrx_word' id='word_1_287' title='bbox 1926 1191 2153 1247; x_wconf 83' lang='lat' dir='ltr'><strong>Cursum</strong></span> <span class='ocrx_word' id='word_1_288' title='bbox 2195 1197 2554 1249; x_wconf 85' lang='lat' dir='ltr'><strong>consummavi</strong></span> <span class='ocrx_word' id='word_1_289' title='bbox 2585 1196 2652 1250; x_wconf 71' lang='lat'><strong>7“.</strong></span> <span class='ocrx_word' id='word_1_290' title='bbox 2713 1195 2961 1252; x_wconf 86' lang='lat' dir='ltr'><strong>Salvator</strong></span> <span class='ocrx_word' id='word_1_291' title='bbox 3012 1206 3196 1254; x_wconf 83' lang='lat' dir='ltr'><strong>autem</strong></span> <span class='ocrx_word' id='word_1_292' title='bbox 3233 1211 3420 1259; x_wconf 85' lang='lat' dir='ltr'><strong>noster</strong></span> <span class='ocrx_word' id='word_1_293' title='bbox 3452 1213 3508 1258; x_wconf 88' lang='lat' dir='ltr'><strong>et</strong></span> 
     </span>
    </p>
   </div>
   <div class='ocr_carea' id='block_1_41' title="bbox 1923 1283 3505 1363">
    <p class='ocr_par' dir='ltr' id='par_1_41' title="bbox 1923 1283 3505 1363">
     <span class='ocr_line' id='line_1_41' title="bbox 1923 1283 3505 1363; baseline 0.007 -24"><span class='ocrx_word' id='word_1_294' title='bbox 1923 1283 2184 1341; x_wconf 69' lang='lat' dir='ltr'><strong>Ecclesiae</strong></span> <span class='ocrx_word' id='word_1_295' title='bbox 2229 1301 2488 1356; x_wconf 90' lang='lat' dir='ltr'><strong>sponsus,</strong></span> <span class='ocrx_word' id='word_1_296' title='bbox 2519 1302 2694 1358; x_wconf 90' lang='lat' dir='ltr'><strong>neque</strong></span> <span class='ocrx_word' id='word_1_297' title='bbox 2722 1289 3026 1356; x_wconf 90' lang='lat' dir='ltr'><strong>ambulare,</strong></span> <span class='ocrx_word' id='word_1_298' title='bbox 3056 1306 3236 1363; x_wconf 90' lang='lat' dir='ltr'><strong>neque</strong></span> <span class='ocrx_word' id='word_1_299' title='bbox 3259 1309 3505 1363; x_wconf 87' lang='lat' dir='ltr'><strong>currere,</strong></span> 
     </span>
    </p>
   </div>
   <div class='ocr_carea' id='block_1_42' title="bbox 1924 1379 3503 1449">
    <p class='ocr_par' dir='ltr' id='par_1_42' title="bbox 1924 1379 3503 1449">
     <span class='ocr_line' id='line_1_42' title="bbox 1924 1379 3503 1449; baseline 0.007 -17"><span class='ocrx_word' id='word_1_300' title='bbox 1924 1379 2018 1434; x_wconf 87' lang='lat' dir='ltr'><strong>sed</strong></span> <span class='ocrx_word' id='word_1_301' title='bbox 2048 1394 2215 1449; x_wconf 89' lang='lat' dir='ltr'><strong>super</strong></span> <span class='ocrx_word' id='word_1_302' title='bbox 2264 1380 2383 1436; x_wconf 71' lang='lat' dir='ltr'><strong>hzee</strong></span> <span class='ocrx_word' id='word_1_303' title='bbox 2437 1380 2601 1436; x_wconf 83' lang='lat' dir='ltr'><strong>salire</strong></span> <span class='ocrx_word' id='word_1_304' title='bbox 2655 1381 2857 1438; x_wconf 91' lang='lat' dir='ltr'><strong>dicitur</strong></span> <span class='ocrx_word' id='word_1_305' title='bbox 2900 1390 2957 1438; x_wconf 88' lang='lat' dir='ltr'><strong>et</strong></span> <span class='ocrx_word' id='word_1_306' title='bbox 2984 1385 3223 1440; x_wconf 80' lang='lat' dir='ltr'><strong>exsilire.</strong></span> <span class='ocrx_word' id='word_1_307' title='bbox 3255 1385 3315 1442; x_wconf 89' lang='lat' dir='ltr'><strong>Si</strong></span> <span class='ocrx_word' id='word_1_308' title='bbox 3357 1387 3503 1443; x_wconf 89' lang='lat' dir='ltr'><strong>enim</strong></span> 
     </span>
    </p>
   </div>
   <div class='ocr_carea' id='block_1_43' title="bbox 1922 1470 3506 1548">
    <p class='ocr_par' dir='ltr' id='par_1_43' title="bbox 1922 1470 3506 1548">
     <span class='ocr_line' id='line_1_43' title="bbox 1922 1470 3506 1548; baseline 0.006 -23"><span class='ocrx_word' id='word_1_309' title='bbox 1922 1470 2238 1528; x_wconf 80' lang='lat' dir='ltr'><strong>consideres</strong></span> <span class='ocrx_word' id='word_1_310' title='bbox 2277 1475 2556 1542; x_wconf 89' lang='lat' dir='ltr'><strong>quomodo</strong></span> <span class='ocrx_word' id='word_1_311' title='bbox 2581 1472 2732 1542; x_wconf 90' lang='lat' dir='ltr'><strong>parvi</strong></span> <span class='ocrx_word' id='word_1_312' title='bbox 2771 1474 3032 1544; x_wconf 89' lang='lat' dir='ltr'><strong>temporis</strong></span> <span class='ocrx_word' id='word_1_313' title='bbox 3062 1476 3238 1545; x_wconf 90' lang='lat' dir='ltr'><strong>spatio</strong></span> <span class='ocrx_word' id='word_1_314' title='bbox 3268 1492 3506 1548; x_wconf 84' lang='lat' dir='ltr'><strong>occupa-</strong></span> 
     </span>
    </p>
   </div>
   <div class='ocr_carea' id='block_1_44' title="bbox 1921 1561 3506 1639">
    <p class='ocr_par' dir='ltr' id='par_1_44' title="bbox 1921 1561 3506 1639">
     <span class='ocr_line' id='line_1_44' title="bbox 1921 1561 3506 1639; baseline 0.005 -22"><span class='ocrx_word' id='word_1_315' title='bbox 1921 1572 2039 1617; x_wconf 91' lang='lat' dir='ltr'><strong>tum</strong></span> <span class='ocrx_word' id='word_1_316' title='bbox 2064 1561 2219 1620; x_wconf 83' lang='lat' dir='ltr'><strong>falsis</strong></span> <span class='ocrx_word' id='word_1_317' title='bbox 2250 1564 2734 1634; x_wconf 87' lang='lat' dir='ltr'><strong>superstitionibus</strong></span> <span class='ocrx_word' id='word_1_318' title='bbox 2757 1567 3020 1621; x_wconf 90' lang='lat' dir='ltr'><strong>mundum</strong></span> <span class='ocrx_word' id='word_1_319' title='bbox 3045 1582 3226 1624; x_wconf 88' lang='lat' dir='ltr'><strong>sermo</strong></span> <span class='ocrx_word' id='word_1_320' title='bbox 3253 1568 3347 1624; x_wconf 90' lang='lat' dir='ltr'><strong>Dei</strong></span> <span class='ocrx_word' id='word_1_321' title='bbox 3381 1585 3506 1639; x_wconf 88' lang='lat' dir='ltr'><strong>per-</strong></span> 
     </span>
    </p>
   </div>
   <div class='ocr_carea' id='block_1_45' title="bbox 1922 1654 3500 1729">
    <p class='ocr_par' dir='ltr' id='par_1_45' title="bbox 1922 1654 3500 1729">
     <span class='ocr_line' id='line_1_45' title="bbox 1922 1654 3500 1729; baseline 0.004 -20"><span class='ocrx_word' id='word_1_322' title='bbox 1922 1655 2118 1721; x_wconf 90' lang='lat' dir='ltr'><strong>currit,</strong></span> <span class='ocrx_word' id='word_1_323' title='bbox 2144 1665 2199 1711; x_wconf 91' lang='lat' dir='ltr'><strong>ct</strong></span> <span class='ocrx_word' id='word_1_324' title='bbox 2221 1654 2288 1710; x_wconf 87' lang='lat' dir='ltr'><strong>ad</strong></span> <span class='ocrx_word' id='word_1_325' title='bbox 2318 1657 2650 1727; x_wconf 78' lang='lat' dir='ltr'><strong>agnitionem</strong></span> <span class='ocrx_word' id='word_1_326' title='bbox 2684 1672 2826 1713; x_wconf 74' lang='lat' dir='ltr'><strong>verte</strong></span> <span class='ocrx_word' id='word_1_327' title='bbox 2847 1656 2971 1714; x_wconf 82' lang='lat' dir='ltr'><strong>ﬁdei</strong></span> <span class='ocrx_word' id='word_1_328' title='bbox 3017 1661 3315 1729; x_wconf 85' lang='lat' dir='ltr'><strong>revocavit,</strong></span> <span class='ocrx_word' id='word_1_329' title='bbox 3346 1661 3500 1716; x_wconf 84' lang='lat' dir='ltr'><strong>intel-</strong></span> 
     </span>
    </p>
   </div>
   <div class='ocr_carea' id='block_1_46' title="bbox 1922 1746 3503 1822">
    <p class='ocr_par' dir='ltr' id='par_1_46' title="bbox 1922 1746 3503 1822">
     <span class='ocr_line' id='line_1_46' title="bbox 1922 1746 3503 1822; baseline 0.006 -22"><span class='ocrx_word' id='word_1_330' title='bbox 1922 1746 2062 1819; x_wconf 84' lang='lat' dir='ltr'><strong>liges</strong></span> <span class='ocrx_word' id='word_1_331' title='bbox 2088 1747 2364 1818; x_wconf 86' lang='lat' dir='ltr'><strong>quomodo</strong></span> <span class='ocrx_word' id='word_1_332' title='bbox 2395 1748 2557 1803; x_wconf 87' lang='lat' dir='ltr'><strong>saliat</strong></span> <span class='ocrx_word' id='word_1_333' title='bbox 2598 1762 2764 1819; x_wconf 90' lang='lat' dir='ltr'><strong>super</strong></span> <span class='ocrx_word' id='word_1_334' title='bbox 2809 1758 3043 1818; x_wconf 86' lang='lat' dir='ltr'><strong>montes,</strong></span> <span class='ocrx_word' id='word_1_335' title='bbox 3076 1767 3275 1822; x_wconf 84' lang='lat' dir='ltr'><strong>magna</strong></span> <span class='ocrx_word' id='word_1_336' title='bbox 3308 1752 3503 1809; x_wconf 84' lang='lat' dir='ltr'><strong>videli-</strong></span> 
     </span>
    </p>
   </div>
   <div class='ocr_carea' id='block_1_47' title="bbox 1921 1833 3507 1913">
    <p class='ocr_par' dir='ltr' id='par_1_47' title="bbox 1921 1833 3507 1913">
     <span class='ocr_line' id='line_1_47' title="bbox 1921 1833 3507 1913; baseline 0.005 -17"><span class='ocrx_word' id='word_1_337' title='bbox 1921 1850 2007 1896; x_wconf 87' lang='lat' dir='ltr'><strong>cet</strong></span> <span class='ocrx_word' id='word_1_338' title='bbox 2025 1855 2254 1911; x_wconf 82' lang='lat' dir='ltr'><strong>quaeque</strong></span> <span class='ocrx_word' id='word_1_339' title='bbox 2274 1855 2438 1910; x_wconf 80' lang='lat' dir='ltr'><strong>regna</strong></span> <span class='ocrx_word' id='word_1_340' title='bbox 2469 1840 2698 1896; x_wconf 87' lang='lat' dir='ltr'><strong>saltibus</strong></span> <span class='ocrx_word' id='word_1_341' title='bbox 2726 1841 2847 1898; x_wconf 89' lang='lat' dir='ltr'><strong>suis</strong></span> <span class='ocrx_word' id='word_1_342' title='bbox 2888 1857 3176 1913; x_wconf 84' lang='lat' dir='ltr'><strong>superans,</strong></span> <span class='ocrx_word' id='word_1_343' title='bbox 3198 1853 3253 1899; x_wconf 89' lang='lat' dir='ltr'><strong>et</strong></span> <span class='ocrx_word' id='word_1_344' title='bbox 3276 1845 3343 1900; x_wconf 87' lang='lat' dir='ltr'><strong>ad</strong></span> <span class='ocrx_word' id='word_1_345' title='bbox 3362 1833 3507 1903; x_wconf 76' lang='lat' dir='ltr'><strong>reci-</strong></span> 
     </span>
    </p>
   </div>
   <div class='ocr_carea' id='block_1_48' title="bbox 1923 1932 3502 2004">
    <p class='ocr_par' dir='ltr' id='par_1_48' title="bbox 1923 1932 3502 2004">
     <span class='ocr_line' id='line_1_48' title="bbox 1923 1932 3502 2004; baseline 0.005 -18"><span class='ocrx_word' id='word_1_346' title='bbox 1923 1934 2175 2004; x_wconf 88' lang='lat' dir='ltr'><strong>piendam</strong></span> <span class='ocrx_word' id='word_1_347' title='bbox 2222 1933 2594 2002; x_wconf 77' lang='lat' dir='ltr'><strong>cognitionem</strong></span> <span class='ocrx_word' id='word_1_348' title='bbox 2639 1932 2839 1988; x_wconf 83' lang='lat' dir='ltr'><strong>divinae</strong></span> <span class='ocrx_word' id='word_1_349' title='bbox 2884 1934 3161 2004; x_wconf 78' lang='lat' dir='ltr'><strong>religionis</strong></span> <span class='ocrx_word' id='word_1_350' title='bbox 3193 1937 3502 2004; x_wconf 88' lang='lat' dir='ltr'><strong>inclinans;</strong></span> 
     </span>
    </p>
   </div>
   <div class='ocr_carea' id='block_1_49' title="bbox 1923 2024 3505 2099">
    <p class='ocr_par' dir='ltr' id='par_1_49' title="bbox 1923 2024 3505 2099">
     <span class='ocr_line' id='line_1_49' title="bbox 1923 2024 3505 2099; baseline 0.003 -19"><span class='ocrx_word' id='word_1_351' title='bbox 1923 2035 1978 2080; x_wconf 92' lang='lat' dir='ltr'><strong>et</strong></span> <span class='ocrx_word' id='word_1_352' title='bbox 2006 2025 2229 2081; x_wconf 79' lang='lat' dir='ltr'><strong>exsiliat</strong></span> <span class='ocrx_word' id='word_1_353' title='bbox 2257 2039 2422 2093; x_wconf 89' lang='lat' dir='ltr'><strong>super</strong></span> <span class='ocrx_word' id='word_1_354' title='bbox 2452 2024 2643 2088; x_wconf 89' lang='lat' dir='ltr'><strong>colles,</strong></span> <span class='ocrx_word' id='word_1_355' title='bbox 2681 2040 2808 2079; x_wconf 89' lang='lat' dir='ltr'><strong>cum</strong></span> <span class='ocrx_word' id='word_1_356' title='bbox 2857 2025 3022 2079; x_wconf 86' lang='lat' dir='ltr'><strong>etiam</strong></span> <span class='ocrx_word' id='word_1_357' title='bbox 3072 2027 3286 2082; x_wconf 89' lang='lat' dir='ltr'><strong>minora</strong></span> <span class='ocrx_word' id='word_1_358' title='bbox 3336 2044 3505 2099; x_wconf 83' lang='lat' dir='ltr'><strong>regna</strong></span> 
     </span>
    </p>
   </div>
   <div class='ocr_carea' id='block_1_50' title="bbox 1929 2114 3509 2185">
    <p class='ocr_par' dir='ltr' id='par_1_50' title="bbox 1929 2114 3509 2185">
     <span class='ocr_line' id='line_1_50' title="bbox 1929 2114 3509 2185; baseline 0.003 -14"><span class='ocrx_word' id='word_1_359' title='bbox 1929 2116 2185 2171; x_wconf 84' lang='lat' dir='ltr'><strong>velociter</strong></span> <span class='ocrx_word' id='word_1_360' title='bbox 2235 2114 2490 2183; x_wconf 86' lang='lat' dir='ltr'><strong>subjugat</strong></span> <span class='ocrx_word' id='word_1_361' title='bbox 2538 2114 2706 2184; x_wconf 81' lang='lat' dir='ltr'><strong>atque</strong></span> <span class='ocrx_word' id='word_1_362' title='bbox 2752 2115 2819 2169; x_wconf 89' lang='lat' dir='ltr'><strong>ad</strong></span> <span class='ocrx_word' id='word_1_363' title='bbox 2850 2115 3106 2185; x_wconf 84' lang='lat' dir='ltr'><strong>pietatem</strong></span> <span class='ocrx_word' id='word_1_364' title='bbox 3160 2116 3277 2172; x_wconf 85' lang='lat' dir='ltr'><strong>veri</strong></span> <span class='ocrx_word' id='word_1_365' title='bbox 3328 2119 3509 2175; x_wconf 89' lang='lat' dir='ltr'><strong>cultus</strong></span> 
     </span>
    </p>
   </div>
   <div class='ocr_carea' id='block_1_51' title="bbox 1927 2204 3508 2281">
    <p class='ocr_par' dir='ltr' id='par_1_51' title="bbox 1927 2204 3508 2281">
     <span class='ocr_line' id='line_1_51' title="bbox 1927 2204 3508 2281; baseline 0.003 -19"><span class='ocrx_word' id='word_1_366' title='bbox 1927 2205 2182 2272; x_wconf 86' lang='lat' dir='ltr'><strong>adducit;</strong></span> <span class='ocrx_word' id='word_1_367' title='bbox 2214 2216 2272 2260; x_wconf 90' lang='lat' dir='ltr'><strong>et</strong></span> <span class='ocrx_word' id='word_1_368' title='bbox 2297 2206 2378 2260; x_wconf 89' lang='lat' dir='ltr'><strong>sic</strong></span> <span class='ocrx_word' id='word_1_369' title='bbox 2403 2205 2470 2261; x_wconf 90' lang='lat' dir='ltr'><strong>de</strong></span> <span class='ocrx_word' id='word_1_370' title='bbox 2503 2204 2626 2261; x_wconf 88' lang='lat' dir='ltr'><strong>loco</strong></span> <span class='ocrx_word' id='word_1_371' title='bbox 2657 2205 2724 2261; x_wconf 90' lang='lat' dir='ltr'><strong>ad</strong></span> <span class='ocrx_word' id='word_1_372' title='bbox 2779 2206 2984 2273; x_wconf 82' lang='lat' dir='ltr'><strong>locum,</strong></span> <span class='ocrx_word' id='word_1_373' title='bbox 3011 2207 3079 2264; x_wconf 94' lang='lat' dir='ltr'><strong>de</strong></span> <span class='ocrx_word' id='word_1_374' title='bbox 3116 2223 3285 2281; x_wconf 87' lang='lat' dir='ltr'><strong>regno</strong></span> <span class='ocrx_word' id='word_1_375' title='bbox 3316 2210 3385 2266; x_wconf 85' lang='lat' dir='ltr'><strong>ad</strong></span> <span class='ocrx_word' id='word_1_376' title='bbox 3419 2226 3508 2267; x_wconf 85' lang='lat' dir='ltr'><strong>re-</strong></span> 
     </span>
    </p>
   </div>
   <div class='ocr_carea' id='block_1_52' title="bbox 1926 2300 3507 2373">
    <p class='ocr_par' dir='ltr' id='par_1_52' title="bbox 1926 2300 3507 2373">
     <span class='ocr_line' id='line_1_52' title="bbox 1926 2300 3507 2373; baseline 0.002 -18"><span class='ocrx_word' id='word_1_377' title='bbox 1926 2316 2116 2371; x_wconf 85' lang='lat' dir='ltr'><strong>gnum,</strong></span> <span class='ocrx_word' id='word_1_378' title='bbox 2143 2301 2209 2355; x_wconf 90' lang='lat' dir='ltr'><strong>de</strong></span> <span class='ocrx_word' id='word_1_379' title='bbox 2241 2300 2538 2370; x_wconf 89' lang='lat' dir='ltr'><strong>provinciis</strong></span> <span class='ocrx_word' id='word_1_380' title='bbox 2573 2300 2640 2355; x_wconf 89' lang='lat' dir='ltr'><strong>ad</strong></span> <span class='ocrx_word' id='word_1_381' title='bbox 2670 2300 2980 2370; x_wconf 87' lang='lat' dir='ltr'><strong>provincias</strong></span> <span class='ocrx_word' id='word_1_382' title='bbox 3009 2303 3411 2373; x_wconf 81' lang='lat' dir='ltr'><strong>praedicationis</strong></span> <span class='ocrx_word' id='word_1_383' title='bbox 3444 2305 3507 2360; x_wconf 90' lang='lat' dir='ltr'><strong>il-</strong></span> 
     </span>
    </p>
   </div>
   <div class='ocr_carea' id='block_1_53' title="bbox 1925 2389 3506 2464">
    <p class='ocr_par' dir='ltr' id='par_1_53' title="bbox 1925 2389 3506 2464">
     <span class='ocr_line' id='line_1_53' title="bbox 1925 2389 3506 2464; baseline 0.003 -19"><span class='ocrx_word' id='word_1_384' title='bbox 1925 2390 2250 2446; x_wconf 89' lang='lat' dir='ltr'><strong>lustratione</strong></span> <span class='ocrx_word' id='word_1_385' title='bbox 2280 2389 2595 2445; x_wconf 87' lang='lat' dir='ltr'><strong>transiliens</strong></span> <span class='ocrx_word' id='word_1_386' title='bbox 2626 2403 2723 2459; x_wconf 87' lang='lat' dir='ltr'><strong>per</strong></span> <span class='ocrx_word' id='word_1_387' title='bbox 2745 2405 2869 2458; x_wconf 85' lang='lat' dir='ltr'><strong>eum</strong></span> <span class='ocrx_word' id='word_1_388' title='bbox 2895 2390 2990 2460; x_wconf 89' lang='lat' dir='ltr'><strong>qui</strong></span> <span class='ocrx_word' id='word_1_389' title='bbox 3019 2390 3255 2462; x_wconf 86' lang='lat' dir='ltr'><strong>dicebat,</strong></span> <span class='ocrx_word' id='word_1_390' title='bbox 3288 2394 3417 2464; x_wconf 85' lang='lat' dir='ltr'><strong>quia</strong></span> <span class='ocrx_word' id='word_1_391' title='bbox 3440 2397 3506 2448; x_wconf 83' lang='lat' dir='ltr'><strong>ab</strong></span> 
     </span>
    </p>
   </div>
   <div class='ocr_carea' id='block_1_54' title="bbox 1926 2478 3509 2551">
    <p class='ocr_par' dir='ltr' id='par_1_54' title="bbox 1926 2478 3509 2551">
     <span class='ocr_line' id='line_1_54' title="bbox 1926 2478 3509 2551; baseline -0.001 -17"><span class='ocrx_word' id='word_1_392' title='bbox 1926 2479 2264 2534; x_wconf 85' lang='lat' dir='ltr'><strong>Hierusalem</strong></span> <span class='ocrx_word' id='word_1_393' title='bbox 2289 2480 2347 2533; x_wconf 86' lang='lat' dir='ltr'><strong>in</strong></span> <span class='ocrx_word' id='word_1_394' title='bbox 2372 2479 2598 2534; x_wconf 81' lang='lat' dir='ltr'><strong>circuitu</strong></span> <span class='ocrx_word' id='word_1_395' title='bbox 2651 2496 2812 2551; x_wconf 84' lang='lat' dir='ltr'><strong>usque</strong></span> <span class='ocrx_word' id='word_1_396' title='bbox 2866 2480 2936 2534; x_wconf 85' lang='lat' dir='ltr'><strong>ad</strong></span> <span class='ocrx_word' id='word_1_397' title='bbox 2980 2478 3264 2550; x_wconf 80' lang='lat' dir='ltr'><strong>Illyricum</strong></span> <span class='ocrx_word' id='word_1_398' title='bbox 3290 2481 3509 2551; x_wconf 66' lang='lat' dir='ltr'><strong>replevit</strong></span> 
     </span>
    </p>
   </div>
   <div class='ocr_carea' id='block_1_55' title="bbox 1923 2569 3506 2643">
    <p class='ocr_par' dir='ltr' id='par_1_55' title="bbox 1923 2569 3506 2643">
     <span class='ocr_line' id='line_1_55' title="bbox 1923 2569 3506 2643; baseline -0.002 -17"><span class='ocrx_word' id='word_1_399' title='bbox 1923 2571 2272 2643; x_wconf 83' lang='lat' dir='ltr'><strong>Evangeliunt</strong></span> <span class='ocrx_word' id='word_1_400' title='bbox 2319 2569 2417 2624; x_wconf 88' lang='lat' dir='ltr'><strong>Dei</strong></span> <span class='ocrx_word' id='word_1_401' title='bbox 2440 2571 2507 2638; x_wconf 88' lang='grc'><strong>⁷⁷,</strong></span> <span class='ocrx_word' id='word_1_402' title='bbox 2539 2569 2807 2642; x_wconf 77' lang='lat' dir='ltr'><strong>intelliges</strong></span> <span class='ocrx_word' id='word_1_403' title='bbox 2830 2571 3106 2640; x_wconf 91' lang='lat' dir='ltr'><strong>quomodo</strong></span> <span class='ocrx_word' id='word_1_404' title='bbox 3151 2585 3316 2642; x_wconf 83' lang='lat' dir='ltr'><strong>super</strong></span> <span class='ocrx_word' id='word_1_405' title='bbox 3347 2585 3506 2625; x_wconf 88' lang='lat' dir='ltr'><strong>mou-</strong></span> 
     </span>
    </p>
   </div>
   <div class='ocr_carea' id='block_1_56' title="bbox 1929 2662 3504 2735">
    <p class='ocr_par' dir='ltr' id='par_1_56' title="bbox 1929 2662 3504 2735">
     <span class='ocr_line' id='line_1_56' title="bbox 1929 2662 3504 2735; baseline -0.001 -14"><span class='ocrx_word' id='word_1_406' title='bbox 1929 2675 2013 2723; x_wconf 89' lang='lat' dir='ltr'><strong>tcs</strong></span> <span class='ocrx_word' id='word_1_407' title='bbox 2045 2665 2249 2722; x_wconf 89' lang='lat' dir='ltr'><strong>saliens</strong></span> <span class='ocrx_word' id='word_1_408' title='bbox 2301 2665 2519 2731; x_wconf 69' lang='lat' dir='ltr'><strong>veniat,</strong></span> <span class='ocrx_word' id='word_1_409' title='bbox 2558 2676 2615 2721; x_wconf 91' lang='lat' dir='ltr'><strong>ct</strong></span> <span class='ocrx_word' id='word_1_410' title='bbox 2652 2665 2913 2721; x_wconf 80' lang='lat' dir='ltr'><strong>exsiliens</strong></span> <span class='ocrx_word' id='word_1_411' title='bbox 2964 2679 3130 2735; x_wconf 89' lang='lat' dir='ltr'><strong>super</strong></span> <span class='ocrx_word' id='word_1_412' title='bbox 3169 2664 3361 2722; x_wconf 87' lang='lat' dir='ltr'><strong>colles.</strong></span> <span class='ocrx_word' id='word_1_413' title='bbox 3400 2662 3504 2720; x_wconf 88' lang='lat' dir='ltr'><strong>Sed</strong></span> 
     </span>
    </p>
   </div>
   <div class='ocr_carea' id='block_1_57' title="bbox 1921 2755 3508 2828">
    <p class='ocr_par' dir='ltr' id='par_1_57' title="bbox 1921 2755 3508 2828">
     <span class='ocr_line' id='line_1_57' title="bbox 1921 2755 3508 2828; baseline -0.001 -15"><span class='ocrx_word' id='word_1_414' title='bbox 1921 2767 1977 2813; x_wconf 90' lang='lat' dir='ltr'><strong>et</strong></span> <span class='ocrx_word' id='word_1_415' title='bbox 2004 2757 2112 2813; x_wconf 88' lang='lat' dir='ltr'><strong>alio</strong></span> <span class='ocrx_word' id='word_1_416' title='bbox 2140 2756 2301 2811; x_wconf 91' lang='lat' dir='ltr'><strong>modo</strong></span> <span class='ocrx_word' id='word_1_417' title='bbox 2343 2765 2521 2826; x_wconf 90' lang='lat' dir='ltr'><strong>potest</strong></span> <span class='ocrx_word' id='word_1_418' title='bbox 2551 2756 2800 2828; x_wconf 78' lang='lat' dir='ltr'><strong>intelligi,</strong></span> <span class='ocrx_word' id='word_1_419' title='bbox 2851 2755 2995 2811; x_wconf 89' lang='lat' dir='ltr'><strong>sicut</strong></span> <span class='ocrx_word' id='word_1_420' title='bbox 3028 2770 3196 2826; x_wconf 88' lang='lat' dir='ltr'><strong>supra</strong></span> <span class='ocrx_word' id='word_1_421' title='bbox 3211 2756 3327 2827; x_wconf 85' lang='lat' dir='ltr'><strong>jam</strong></span> <span class='ocrx_word' id='word_1_422' title='bbox 3361 2755 3508 2811; x_wconf 74' lang='lat' dir='ltr'><strong>dixi—</strong></span> 
     </span>
    </p>
   </div>
   <div class='ocr_carea' id='block_1_58' title="bbox 1925 2847 3499 2919">
    <p class='ocr_par' dir='ltr' id='par_1_58' title="bbox 1925 2847 3499 2919">
     <span class='ocr_line' id='line_1_58' title="bbox 1925 2847 3499 2919; baseline -0.001 -17"><span class='ocrx_word' id='word_1_423' title='bbox 1925 2863 2069 2913; x_wconf 84' lang='lat' dir='ltr'><strong>mus,</strong></span> <span class='ocrx_word' id='word_1_424' title='bbox 2099 2848 2357 2918; x_wconf 85' lang='lat' dir='ltr'><strong>quoniam</strong></span> <span class='ocrx_word' id='word_1_425' title='bbox 2391 2848 2611 2918; x_wconf 80' lang='lat' dir='ltr'><strong>quidem</strong></span> <span class='ocrx_word' id='word_1_426' title='bbox 2661 2847 2877 2919; x_wconf 80' lang='lat' dir='ltr'><strong>Moyses</strong></span> <span class='ocrx_word' id='word_1_427' title='bbox 2911 2847 2981 2902; x_wconf 89' lang='lat' dir='ltr'><strong>de</strong></span> <span class='ocrx_word' id='word_1_428' title='bbox 3020 2847 3140 2917; x_wconf 87' lang='lat' dir='ltr'><strong>ipso</strong></span> <span class='ocrx_word' id='word_1_429' title='bbox 3170 2847 3409 2919; x_wconf 86' lang='lat' dir='ltr'><strong>scripsit,</strong></span> <span class='ocrx_word' id='word_1_430' title='bbox 3441 2857 3499 2904; x_wconf 91' lang='lat' dir='ltr'><strong>et</strong></span> 
     </span>
    </p>
   </div>
   <div class='ocr_carea' id='block_1_59' title="bbox 1923 2937 3504 3013">
    <p class='ocr_par' dir='ltr' id='par_1_59' title="bbox 1923 2937 3504 3013">
     <span class='ocr_line' id='line_1_59' title="bbox 1923 2937 3504 3013; baseline 0.001 -17"><span class='ocrx_word' id='word_1_431' title='bbox 1923 2942 2201 3013; x_wconf 81' lang='lat' dir='ltr'><strong>pruphetae</strong></span> <span class='ocrx_word' id='word_1_432' title='bbox 2250 2940 2610 2996; x_wconf 84' lang='lat' dir='ltr'><strong>nihilominus</strong></span> <span class='ocrx_word' id='word_1_433' title='bbox 2640 2940 2708 2995; x_wconf 91' lang='lat' dir='ltr'><strong>de</strong></span> <span class='ocrx_word' id='word_1_434' title='bbox 2743 2940 2861 3011; x_wconf 83' lang='lat' dir='ltr'><strong>ipso</strong></span> <span class='ocrx_word' id='word_1_435' title='bbox 2890 2939 3370 2995; x_wconf 86' lang='lat' dir='ltr'><strong>annuntiaveruut.</strong></span> <span class='ocrx_word' id='word_1_436' title='bbox 3396 2937 3504 2997; x_wconf 80' lang='lat' dir='ltr'><strong>Sed</strong></span> 
     </span>
    </p>
   </div>
   <div class='ocr_carea' id='block_1_60' title="bbox 1925 3028 3506 3087">
    <p class='ocr_par' dir='ltr' id='par_1_60' title="bbox 1925 3028 3506 3087">
     <span class='ocr_line' id='line_1_60' title="bbox 1925 3028 3506 3087; baseline 0 0"><span class='ocrx_word' id='word_1_437' title='bbox 1925 3040 1980 3087; x_wconf 84' lang='lat' dir='ltr'><strong>et</strong></span> <span class='ocrx_word' id='word_1_438' title='bbox 2007 3032 2123 3086; x_wconf 74' lang='lat' dir='ltr'><strong>haec</strong></span> <span class='ocrx_word' id='word_1_439' title='bbox 2164 3030 2509 3085; x_wconf 86' lang='lat' dir='ltr'><strong>annuutiatio</strong></span> <span class='ocrx_word' id='word_1_440' title='bbox 2554 3030 2609 3084; x_wconf 93' lang='lat' dir='ltr'><strong>in</strong></span> <span class='ocrx_word' id='word_1_441' title='bbox 2648 3030 2875 3085; x_wconf 82' lang='lat' dir='ltr'><strong>lectione</strong></span> <span class='ocrx_word' id='word_1_442' title='bbox 2923 3028 3134 3086; x_wconf 75' lang='lat' dir='ltr'><strong>Veteris</strong></span> <span class='ocrx_word' id='word_1_443' title='bbox 3172 3028 3506 3087; x_wconf 82' lang='lat' dir='ltr'><strong>Tcstamenti</strong></span> 
     </span>
    </p>
   </div>
   <div class='ocr_carea' id='block_1_61' title="bbox 243 3119 3503 3194">
    <p class='ocr_par' dir='ltr' id='par_1_61' title="bbox 243 3119 3503 3194">
     <span class='ocr_line' id='line_1_61' title="bbox 243 3119 3503 3194; baseline -0.001 -13"><span class='ocrx_word' id='word_1_444' title='bbox 243 3136 356 3181; x_wconf 85' lang='lat' dir='ltr'><strong>eum</strong></span> <span class='ocrx_word' id='word_1_445' title='bbox 385 3124 616 3182; x_wconf 86' lang='lat' dir='ltr'><strong>viderit.</strong></span> <span class='ocrx_word' id='word_1_446' title='bbox 649 3121 808 3179; x_wconf 86' lang='lat' dir='ltr'><strong>Nunc</strong></span> <span class='ocrx_word' id='word_1_447' title='bbox 861 3123 1010 3178; x_wconf 85' lang='lat' dir='ltr'><strong>enim</strong></span> <span class='ocrx_word' id='word_1_448' title='bbox 1059 3121 1299 3194; x_wconf 90' lang='lat' dir='ltr'><strong>primum</strong></span> <span class='ocrx_word' id='word_1_449' title='bbox 1355 3122 1488 3177; x_wconf 87' lang='lat' dir='ltr'><strong>dicit</strong></span> <span class='ocrx_word' id='word_1_450' title='bbox 1536 3122 1628 3177; x_wconf 88' lang='lat' dir='ltr'><strong>ei:</strong></span> <span class='ocrx_word' id='word_1_451' title='bbox 1681 3119 1894 3188; x_wconf 81' lang='lat' dir='ltr'><strong>Qniac</strong></span> <span class='ocrx_word' id='word_1_452' title='bbox 1929 3123 2175 3179; x_wconf 75' lang='lat' dir='ltr'><strong>velamen</strong></span> <span class='ocrx_word' id='word_1_453' title='bbox 2232 3121 2397 3176; x_wconf 86' lang='lat' dir='ltr'><strong>habet</strong></span> <span class='ocrx_word' id='word_1_454' title='bbox 2448 3121 2901 3192; x_wconf 86' lang='lat' dir='ltr'><strong>superpositum:</strong></span> <span class='ocrx_word' id='word_1_455' title='bbox 2964 3120 3057 3177; x_wconf 90' lang='lat' dir='ltr'><strong>ubi</strong></span> <span class='ocrx_word' id='word_1_456' title='bbox 3087 3137 3219 3177; x_wconf 89' lang='lat' dir='ltr'><strong>vero</strong></span> <span class='ocrx_word' id='word_1_457' title='bbox 3267 3137 3503 3192; x_wconf 76' lang='lat' dir='ltr'><strong>sponsze,</strong></span> 
     </span>
    </p>
   </div>
   <div class='ocr_carea' id='block_1_62' title="bbox 246 3202 1820 3285">
    <p class='ocr_par' dir='ltr' id='par_1_62' title="bbox 246 3202 1820 3285">
     <span class='ocr_line' id='line_1_62' title="bbox 246 3202 1820 3285; baseline 0 -16"><span class='ocrx_word' id='word_1_458' title='bbox 246 3216 394 3270; x_wconf 81' lang='lat' dir='ltr'><strong>hiems</strong></span> <span class='ocrx_word' id='word_1_459' title='bbox 443 3216 672 3272; x_wconf 83' lang='lat' dir='ltr'><strong>transiit</strong></span> <span class='ocrx_word' id='word_1_460' title='bbox 708 3214 775 3269; x_wconf 75' lang='grc'><strong>⁷⁸.</strong></span> <span class='ocrx_word' id='word_1_461' title='bbox 808 3211 979 3283; x_wconf 85' lang='lat' dir='ltr'><strong>Igitur</strong></span> <span class='ocrx_word' id='word_1_462' title='bbox 1031 3222 1091 3268; x_wconf 91' lang='lat' dir='ltr'><strong>ut</strong></span> <span class='ocrx_word' id='word_1_463' title='bbox 1138 3202 1476 3270; x_wconf 19' lang='lat' dir='ltr'><strong>rcs‘indicat</strong></span> <span class='ocrx_word' id='word_1_464' title='bbox 1512 3214 1676 3269; x_wconf 88' lang='lat' dir='ltr'><strong>etiam</strong></span> <span class='ocrx_word' id='word_1_465' title='bbox 1723 3230 1820 3285; x_wconf 89' lang='lat' dir='ltr'><strong>per</strong></span> 
     </span>
    </p>
   </div>
   <div class='ocr_carea' id='block_1_63' title="bbox 246 3306 1819 3378">
    <p class='ocr_par' dir='ltr' id='par_1_63' title="bbox 246 3306 1819 3378">
     <span class='ocr_line' id='line_1_63' title="bbox 246 3306 1819 3378; baseline 0 -16"><span class='ocrx_word' id='word_1_466' title='bbox 246 3306 475 3364; x_wconf 79' lang='lat' dir='ltr'><strong>hiemem</strong></span> <span class='ocrx_word' id='word_1_467' title='bbox 509 3318 731 3378; x_wconf 67' lang='lat' dir='ltr'><strong>sponsa:</strong></span> <span class='ocrx_word' id='word_1_468' title='bbox 761 3322 878 3363; x_wconf 62' lang='lat' dir='ltr'><strong>suae</strong></span> <span class='ocrx_word' id='word_1_469' title='bbox 906 3316 1154 3378; x_wconf 87' lang='lat' dir='ltr'><strong>apparet,</strong></span> <span class='ocrx_word' id='word_1_470' title='bbox 1192 3306 1246 3362; x_wconf 92' lang='lat' dir='ltr'><strong>id</strong></span> <span class='ocrx_word' id='word_1_471' title='bbox 1275 3315 1360 3362; x_wconf 91' lang='lat' dir='ltr'><strong>est</strong></span> <span class='ocrx_word' id='word_1_472' title='bbox 1406 3306 1819 3363; x_wconf 85' lang='lat' dir='ltr'><strong>tribulationum</strong></span> 
     </span>
    </p>
   </div>
   <div class='ocr_carea' id='block_1_64' title="bbox 245 3398 1822 3470">
    <p class='ocr_par' dir='ltr' id='par_1_64' title="bbox 245 3398 1822 3470">
     <span class='ocr_line' id='line_1_64' title="bbox 245 3398 1822 3470; baseline 0.001 -16"><span class='ocrx_word' id='word_1_473' title='bbox 245 3408 295 3454; x_wconf 86' lang='lat' dir='ltr'><strong>et</strong></span> <span class='ocrx_word' id='word_1_474' title='bbox 318 3400 689 3456; x_wconf 86' lang='lat' dir='ltr'><strong>tentationum</strong></span> <span class='ocrx_word' id='word_1_475' title='bbox 722 3408 984 3470; x_wconf 89' lang='lat' dir='ltr'><strong>tempore.</strong></span> <span class='ocrx_word' id='word_1_476' title='bbox 1021 3398 1127 3454; x_wconf 87' lang='lat' dir='ltr'><strong>Sed</strong></span> <span class='ocrx_word' id='word_1_477' title='bbox 1161 3407 1215 3454; x_wconf 90' lang='lat' dir='ltr'><strong>et</strong></span> <span class='ocrx_word' id='word_1_478' title='bbox 1240 3399 1349 3453; x_wconf 88' lang='lat' dir='ltr'><strong>alia</strong></span> <span class='ocrx_word' id='word_1_479' title='bbox 1395 3407 1480 3454; x_wconf 89' lang='lat' dir='ltr'><strong>est</strong></span> <span class='ocrx_word' id='word_1_480' title='bbox 1509 3399 1603 3454; x_wconf 89' lang='lat' dir='ltr'><strong>illa</strong></span> <span class='ocrx_word' id='word_1_481' title='bbox 1634 3400 1822 3456; x_wconf 87' lang='lat' dir='ltr'><strong>visita-</strong></span> 
     </span>
    </p>
   </div>
   <div class='ocr_carea' id='block_1_65' title="bbox 247 3492 1822 3565">
    <p class='ocr_par' dir='ltr' id='par_1_65' title="bbox 247 3492 1822 3565">
     <span class='ocr_line' id='line_1_65' title="bbox 247 3492 1822 3565; baseline 0.001 -19"><span class='ocrx_word' id='word_1_482' title='bbox 247 3493 334 3560; x_wconf 91' lang='lat' dir='ltr'><strong>tio,</strong></span> <span class='ocrx_word' id='word_1_483' title='bbox 366 3494 422 3549; x_wconf 90' lang='lat' dir='ltr'><strong>in</strong></span> <span class='ocrx_word' id='word_1_484' title='bbox 453 3508 570 3565; x_wconf 88' lang='lat' dir='ltr'><strong>qua</strong></span> <span class='ocrx_word' id='word_1_485' title='bbox 605 3493 863 3549; x_wconf 87' lang='lat' dir='ltr'><strong>visitatur</strong></span> <span class='ocrx_word' id='word_1_486' title='bbox 909 3492 1214 3563; x_wconf 89' lang='lat' dir='ltr'><strong>paululum,</strong></span> <span class='ocrx_word' id='word_1_487' title='bbox 1267 3502 1323 3547; x_wconf 89' lang='lat' dir='ltr'><strong>ct</strong></span> <span class='ocrx_word' id='word_1_488' title='bbox 1371 3494 1573 3549; x_wconf 89' lang='lat' dir='ltr'><strong>iterum</strong></span> <span class='ocrx_word' id='word_1_489' title='bbox 1615 3492 1822 3550; x_wconf 88' lang='lat' dir='ltr'><strong>deseri-</strong></span> 
     </span>
    </p>
   </div>
   <div class='ocr_carea' id='block_1_66' title="bbox 245 3584 1823 3656">
    <p class='ocr_par' dir='ltr' id='par_1_66' title="bbox 245 3584 1823 3656">
     <span class='ocr_line' id='line_1_66' title="bbox 245 3584 1823 3656; baseline 0 -17"><span class='ocrx_word' id='word_1_490' title='bbox 245 3591 360 3654; x_wconf 90' lang='lat' dir='ltr'><strong>tur,</strong></span> <span class='ocrx_word' id='word_1_491' title='bbox 403 3595 471 3642; x_wconf 92' lang='lat' dir='ltr'><strong>ut</strong></span> <span class='ocrx_word' id='word_1_492' title='bbox 516 3585 801 3655; x_wconf 88' lang='lat' dir='ltr'><strong>probetur,</strong></span> <span class='ocrx_word' id='word_1_493' title='bbox 831 3598 896 3639; x_wconf 88' lang='lat' dir='ltr'><strong>ac</strong></span> <span class='ocrx_word' id='word_1_494' title='bbox 927 3599 1121 3639; x_wconf 88' lang='lat' dir='ltr'><strong>rursus</strong></span> <span class='ocrx_word' id='word_1_495' title='bbox 1177 3584 1498 3654; x_wconf 83' lang='lat' dir='ltr'><strong>requiritur,</strong></span> <span class='ocrx_word' id='word_1_496' title='bbox 1538 3595 1601 3641; x_wconf 88' lang='lat' dir='ltr'><strong>ut</strong></span> <span class='ocrx_word' id='word_1_497' title='bbox 1657 3592 1823 3656; x_wconf 88' lang='lat' dir='ltr'><strong>caput</strong></span> 
     </span>
    </p>
   </div>
   <div class='ocr_carea' id='block_1_67' title="bbox 244 3675 1822 3750">
    <p class='ocr_par' dir='ltr' id='par_1_67' title="bbox 244 3675 1822 3750">
     <span class='ocr_line' id='line_1_67' title="bbox 244 3675 1822 3750; baseline 0 -17"><span class='ocrx_word' id='word_1_498' title='bbox 244 3678 358 3750; x_wconf 88' lang='lat' dir='ltr'><strong>ejus</strong></span> <span class='ocrx_word' id='word_1_499' title='bbox 384 3687 750 3749; x_wconf 86' lang='lat' dir='ltr'><strong>sustentetur,</strong></span> <span class='ocrx_word' id='word_1_500' title='bbox 797 3687 852 3735; x_wconf 90' lang='lat' dir='ltr'><strong>et</strong></span> <span class='ocrx_word' id='word_1_501' title='bbox 881 3688 942 3735; x_wconf 93' lang='lat' dir='ltr'><strong>ut</strong></span> <span class='ocrx_word' id='word_1_502' title='bbox 997 3685 1108 3733; x_wconf 89' lang='lat' dir='ltr'><strong>tota</strong></span> <span class='ocrx_word' id='word_1_503' title='bbox 1134 3678 1549 3747; x_wconf 89' lang='lat' dir='ltr'><strong>complectatur,</strong></span> <span class='ocrx_word' id='word_1_504' title='bbox 1584 3693 1653 3733; x_wconf 91' lang='lat' dir='ltr'><strong>ne</strong></span> <span class='ocrx_word' id='word_1_505' title='bbox 1682 3675 1822 3733; x_wconf 85' lang='lat' dir='ltr'><strong>forte</strong></span> 
     </span>
    </p>
   </div>
   <div class='ocr_carea' id='block_1_68' title="bbox 246 3767 1819 3838">
    <p class='ocr_par' dir='ltr' id='par_1_68' title="bbox 246 3767 1819 3838">
     <span class='ocr_line' id='line_1_68' title="bbox 246 3767 1819 3838; baseline -0.001 -14"><span class='ocrx_word' id='word_1_506' title='bbox 246 3773 414 3826; x_wconf 81' lang='lat' dir='ltr'><strong>autin</strong></span> <span class='ocrx_word' id='word_1_507' title='bbox 469 3771 575 3826; x_wconf 84' lang='lat' dir='ltr'><strong>ﬁde</strong></span> <span class='ocrx_word' id='word_1_508' title='bbox 616 3771 846 3835; x_wconf 90' lang='lat' dir='ltr'><strong>titubet,</strong></span> <span class='ocrx_word' id='word_1_509' title='bbox 895 3776 991 3823; x_wconf 88' lang='lat' dir='ltr'><strong>aut</strong></span> <span class='ocrx_word' id='word_1_510' title='bbox 1044 3783 1245 3838; x_wconf 88' lang='lat' dir='ltr'><strong>corpus</strong></span> <span class='ocrx_word' id='word_1_511' title='bbox 1289 3767 1409 3838; x_wconf 82' lang='lat' dir='ltr'><strong>ejus</strong></span> <span class='ocrx_word' id='word_1_512' title='bbox 1460 3767 1819 3823; x_wconf 87' lang='lat' dir='ltr'><strong>teutationum</strong></span> 
     </span>
    </p>
   </div>
   <div class='ocr_carea' id='block_1_69' title="bbox 246 3854 1820 3934">
    <p class='ocr_par' dir='ltr' id='par_1_69' title="bbox 246 3854 1820 3934">
     <span class='ocr_line' id='line_1_69' title="bbox 246 3854 1820 3934; baseline -0.003 -17"><span class='ocrx_word' id='word_1_513' title='bbox 246 3865 485 3930; x_wconf 85' lang='lat' dir='ltr'><strong>pondere</strong></span> <span class='ocrx_word' id='word_1_514' title='bbox 534 3871 922 3934; x_wconf 80' lang='lat' dir='ltr'><strong>praegravetur.</strong></span> <span class='ocrx_word' id='word_1_515' title='bbox 961 3854 1028 3913; x_wconf 86' lang='lat' dir='ltr'><strong>Et</strong></span> <span class='ocrx_word' id='word_1_516' title='bbox 1068 3858 1191 3914; x_wconf 88' lang='lat' dir='ltr'><strong>ideo</strong></span> <span class='ocrx_word' id='word_1_517' title='bbox 1233 3858 1448 3914; x_wconf 87' lang='lat' dir='ltr'><strong>videtur</strong></span> <span class='ocrx_word' id='word_1_518' title='bbox 1477 3859 1612 3913; x_wconf 90' lang='lat' dir='ltr'><strong>mihi</strong></span> <span class='ocrx_word' id='word_1_519' title='bbox 1645 3858 1820 3913; x_wconf 84' lang='lat' dir='ltr'><strong>hiems</strong></span> 
     </span>
    </p>
   </div>
   <div class='ocr_carea' id='block_1_70' title="bbox 245 3947 1823 4024">
    <p class='ocr_par' dir='ltr' id='par_1_70' title="bbox 245 3947 1823 4024">
     <span class='ocr_line' id='line_1_70' title="bbox 245 3947 1823 4024; baseline -0.006 -15"><span class='ocrx_word' id='word_1_520' title='bbox 245 3952 351 4024; x_wconf 69' lang='lat'><strong>80</strong></span> <span class='ocrx_word' id='word_1_521' title='bbox 377 3954 556 4010; x_wconf 73' lang='lat' dir='ltr'><strong>fuisse</strong></span> <span class='ocrx_word' id='word_1_522' title='bbox 600 3953 736 4008; x_wconf 90' lang='lat' dir='ltr'><strong>illud</strong></span> <span class='ocrx_word' id='word_1_523' title='bbox 764 3961 1003 4020; x_wconf 87' lang='lat' dir='ltr'><strong>tempus,</strong></span> <span class='ocrx_word' id='word_1_524' title='bbox 1036 3964 1161 4003; x_wconf 90' lang='lat' dir='ltr'><strong>cum</strong></span> <span class='ocrx_word' id='word_1_525' title='bbox 1186 3956 1351 4017; x_wconf 88' lang='lat' dir='ltr'><strong>caput</strong></span> <span class='ocrx_word' id='word_1_526' title='bbox 1377 3964 1539 4004; x_wconf 87' lang='lat' dir='ltr'><strong>suum</strong></span> <span class='ocrx_word' id='word_1_527' title='bbox 1568 3948 1688 4003; x_wconf 83' lang='lat' dir='ltr'><strong>ﬁdei</strong></span> <span class='ocrx_word' id='word_1_528' title='bbox 1721 3947 1823 4003; x_wconf 77' lang='lat' dir='ltr'><strong>sci—</strong></span> 
     </span>
    </p>
   </div>
   <div class='ocr_carea' id='block_1_71' title="bbox 248 4036 1819 4106">
    <p class='ocr_par' dir='ltr' id='par_1_71' title="bbox 248 4036 1819 4106">
     <span class='ocr_line' id='line_1_71' title="bbox 248 4036 1819 4106; baseline -0.007 -6"><span class='ocrx_word' id='word_1_529' title='bbox 248 4041 367 4099; x_wconf 82' lang='lat' dir='ltr'><strong>licet</strong></span> <span class='ocrx_word' id='word_1_530' title='bbox 397 4042 775 4100; x_wconf 86' lang='lat' dir='ltr'><strong>summitatem</strong></span> <span class='ocrx_word' id='word_1_531' title='bbox 817 4041 951 4095; x_wconf 62' lang='lat' dir='ltr'><strong>la&#39;va</strong></span> <span class='ocrx_word' id='word_1_532' title='bbox 1008 4036 1192 4106; x_wconf 90' lang='lat' dir='ltr'><strong>sponsi</strong></span> <span class='ocrx_word' id='word_1_533' title='bbox 1243 4037 1509 4091; x_wconf 88' lang='lat' dir='ltr'><strong>contineri</strong></span> <span class='ocrx_word' id='word_1_534' title='bbox 1541 4036 1819 4106; x_wconf 74' lang='lat' dir='ltr'><strong>poscebat,</strong></span> 
     </span>
    </p>
   </div>
   <div class='ocr_carea' id='block_1_72' title="bbox 248 4126 1820 4205">
    <p class='ocr_par' dir='ltr' id='par_1_72' title="bbox 248 4126 1820 4205">
     <span class='ocr_line' id='line_1_72' title="bbox 248 4126 1820 4205; baseline -0.006 -15"><span class='ocrx_word' id='word_1_535' title='bbox 248 4144 300 4190; x_wconf 83' lang='lat' dir='ltr'><strong>et</strong></span> <span class='ocrx_word' id='word_1_536' title='bbox 326 4135 550 4191; x_wconf 87' lang='lat' dir='ltr'><strong>dextera</strong></span> <span class='ocrx_word' id='word_1_537' title='bbox 581 4136 701 4205; x_wconf 87' lang='lat' dir='ltr'><strong>ejus</strong></span> <span class='ocrx_word' id='word_1_538' title='bbox 728 4148 892 4190; x_wconf 90' lang='lat' dir='ltr'><strong>omne</strong></span> <span class='ocrx_word' id='word_1_539' title='bbox 912 4144 1115 4201; x_wconf 90' lang='lat' dir='ltr'><strong>corpus</strong></span> <span class='ocrx_word' id='word_1_540' title='bbox 1148 4128 1424 4198; x_wconf 83' lang='lat' dir='ltr'><strong>amplecti.</strong></span> <span class='ocrx_word' id='word_1_541' title='bbox 1455 4126 1612 4182; x_wconf 87' lang='lat' dir='ltr'><strong>Nunc</strong></span> <span class='ocrx_word' id='word_1_542' title='bbox 1638 4136 1820 4182; x_wconf 89' lang='lat' dir='ltr'><strong>autem</strong></span> 
     </span>
    </p>
   </div>
   <div class='ocr_carea' id='block_1_73' title="bbox 250 4219 1820 4299">
    <p class='ocr_par' dir='ltr' id='par_1_73' title="bbox 250 4219 1820 4299">
     <span class='ocr_line' id='line_1_73' title="bbox 250 4219 1820 4299; baseline -0.005 -18"><span class='ocrx_word' id='word_1_543' title='bbox 250 4226 349 4282; x_wconf 85' lang='lat' dir='ltr'><strong>ista</strong></span> <span class='ocrx_word' id='word_1_544' title='bbox 378 4227 520 4284; x_wconf 90' lang='lat' dir='ltr'><strong>visio</strong></span> <span class='ocrx_word' id='word_1_545' title='bbox 575 4241 697 4299; x_wconf 72' lang='lat' dir='ltr'><strong>qua:</strong></span> <span class='ocrx_word' id='word_1_546' title='bbox 744 4227 813 4283; x_wconf 90' lang='lat' dir='ltr'><strong>de</strong></span> <span class='ocrx_word' id='word_1_547' title='bbox 865 4222 1148 4281; x_wconf 89' lang='lat' dir='ltr'><strong>montibus</strong></span> <span class='ocrx_word' id='word_1_548' title='bbox 1192 4229 1417 4291; x_wconf 88' lang='lat' dir='ltr'><strong>apparet</strong></span> <span class='ocrx_word' id='word_1_549' title='bbox 1459 4228 1515 4276; x_wconf 87' lang='lat' dir='ltr'><strong>et</strong></span> <span class='ocrx_word' id='word_1_550' title='bbox 1561 4219 1820 4283; x_wconf 87' lang='lat' dir='ltr'><strong>collibus,</strong></span> 
     </span>
    </p>
   </div>
   <div class='ocr_carea' id='block_1_74' title="bbox 252 4312 1822 4390">
    <p class='ocr_par' dir='ltr' id='par_1_74' title="bbox 252 4312 1822 4390">
     <span class='ocr_line' id='line_1_74' title="bbox 252 4312 1822 4390; baseline -0.007 -15"><span class='ocrx_word' id='word_1_551' title='bbox 252 4321 541 4389; x_wconf 73' lang='lat' dir='ltr'><strong>gratiarum</strong></span> <span class='ocrx_word' id='word_1_552' title='bbox 624 4329 757 4390; x_wconf 91' lang='lat' dir='ltr'><strong>puto</strong></span> <span class='ocrx_word' id='word_1_553' title='bbox 835 4315 1164 4387; x_wconf 88' lang='lat' dir='ltr'><strong>spiritalium</strong></span> <span class='ocrx_word' id='word_1_554' title='bbox 1227 4312 1574 4379; x_wconf 80' lang='lat' dir='ltr'><strong>altitudines,</strong></span> <span class='ocrx_word' id='word_1_555' title='bbox 1630 4318 1822 4382; x_wconf 88' lang='lat' dir='ltr'><strong>poten-</strong></span> 
     </span>
    </p>
   </div>
   <div class='ocr_carea' id='block_1_75' title="bbox 253 4404 1820 4481">
    <p class='ocr_par' dir='ltr' id='par_1_75' title="bbox 253 4404 1820 4481">
     <span class='ocr_line' id='line_1_75' title="bbox 253 4404 1820 4481; baseline -0.003 -18"><span class='ocrx_word' id='word_1_556' title='bbox 253 4408 457 4480; x_wconf 87' lang='lat' dir='ltr'><strong>tiasque</strong></span> <span class='ocrx_word' id='word_1_557' title='bbox 477 4408 746 4481; x_wconf 76' lang='lat' dir='ltr'><strong>designat.</strong></span> <span class='ocrx_word' id='word_1_558' title='bbox 784 4407 893 4463; x_wconf 89' lang='lat' dir='ltr'><strong>Sed</strong></span> <span class='ocrx_word' id='word_1_559' title='bbox 922 4417 976 4464; x_wconf 90' lang='lat' dir='ltr'><strong>et</strong></span> <span class='ocrx_word' id='word_1_560' title='bbox 1018 4421 1114 4477; x_wconf 77' lang='lat' dir='ltr'><strong>per</strong></span> <span class='ocrx_word' id='word_1_561' title='bbox 1142 4405 1409 4462; x_wconf 86' lang='lat' dir='ltr'><strong>lenestras</strong></span> <span class='ocrx_word' id='word_1_562' title='bbox 1438 4405 1581 4477; x_wconf 92' lang='lat' dir='ltr'><strong>quod</strong></span> <span class='ocrx_word' id='word_1_563' title='bbox 1612 4404 1820 4474; x_wconf 89' lang='lat' dir='ltr'><strong>prospi-</strong></span> 
     </span>
    </p>
   </div>
   <div class='ocr_carea' id='block_1_76' title="bbox 256 4496 1813 4567">
    <p class='ocr_par' dir='ltr' id='par_1_76' title="bbox 256 4496 1813 4567">
     <span class='ocr_line' id='line_1_76' title="bbox 256 4496 1813 4567; baseline -0.001 -13"><span class='ocrx_word' id='word_1_564' title='bbox 256 4510 369 4557; x_wconf 83' lang='lat' dir='ltr'><strong>cere</strong></span> <span class='ocrx_word' id='word_1_565' title='bbox 385 4502 608 4567; x_wconf 81' lang='lat' dir='ltr'><strong>dicitur,</strong></span> <span class='ocrx_word' id='word_1_566' title='bbox 634 4501 893 4557; x_wconf 88' lang='lat' dir='ltr'><strong>sensibus</strong></span> <span class='ocrx_word' id='word_1_567' title='bbox 922 4501 1053 4556; x_wconf 92' lang='lat' dir='ltr'><strong>mihi</strong></span> <span class='ocrx_word' id='word_1_568' title='bbox 1086 4501 1272 4556; x_wconf 91' lang='lat' dir='ltr'><strong>lumen</strong></span> <span class='ocrx_word' id='word_1_569' title='bbox 1309 4498 1526 4553; x_wconf 89' lang='lat' dir='ltr'><strong>videtur</strong></span> <span class='ocrx_word' id='word_1_570' title='bbox 1551 4496 1813 4567; x_wconf 67' lang='lat' dir='ltr'><strong>praebere.</strong></span> 
     </span>
    </p>
   </div>
   <div class='ocr_carea' id='block_1_77' title="bbox 258 4586 1818 4665">
    <p class='ocr_par' dir='ltr' id='par_1_77' title="bbox 258 4586 1818 4665">
     <span class='ocr_line' id='line_1_77' title="bbox 258 4586 1818 4665; baseline 0 -20"><span class='ocrx_word' id='word_1_571' title='bbox 258 4586 317 4645; x_wconf 80' lang='lat' dir='ltr'><strong>Et</strong></span> <span class='ocrx_word' id='word_1_572' title='bbox 363 4596 493 4650; x_wconf 87' lang='lat' dir='ltr'><strong>retia</strong></span> <span class='ocrx_word' id='word_1_573' title='bbox 524 4608 648 4665; x_wconf 76' lang='lat' dir='ltr'><strong>qua:</strong></span> <span class='ocrx_word' id='word_1_574' title='bbox 689 4593 975 4663; x_wconf 90' lang='lat' dir='ltr'><strong>dirumpit,</strong></span> <span class='ocrx_word' id='word_1_575' title='bbox 1013 4600 1068 4648; x_wconf 88' lang='lat' dir='ltr'><strong>et</strong></span> <span class='ocrx_word' id='word_1_576' title='bbox 1107 4590 1363 4656; x_wconf 81' lang='lat' dir='ltr'><strong>conterit,</strong></span> <span class='ocrx_word' id='word_1_577' title='bbox 1418 4590 1646 4660; x_wconf 88' lang='lat' dir='ltr'><strong>laqueos</strong></span> <span class='ocrx_word' id='word_1_578' title='bbox 1675 4590 1818 4645; x_wconf 87' lang='lat' dir='ltr'><strong>indi-</strong></span> 
     </span>
    </p>
   </div>
   <div class='ocr_carea' id='block_1_78' title="bbox 262 4683 1817 4755">
    <p class='ocr_par' dir='ltr' id='par_1_78' title="bbox 262 4683 1817 4755">
     <span class='ocr_line' id='line_1_78' title="bbox 262 4683 1817 4755; baseline 0 -17"><span class='ocrx_word' id='word_1_579' title='bbox 262 4683 361 4738; x_wconf 79' lang='lat' dir='ltr'><strong>cari</strong></span> <span class='ocrx_word' id='word_1_580' title='bbox 394 4684 692 4741; x_wconf 87' lang='lat' dir='ltr'><strong>diabolicos</strong></span> <span class='ocrx_word' id='word_1_581' title='bbox 743 4692 897 4755; x_wconf 92' lang='lat' dir='ltr'><strong>puto,</strong></span> <span class='ocrx_word' id='word_1_582' title='bbox 942 4691 1129 4754; x_wconf 89' lang='lat' dir='ltr'><strong>utpote</strong></span> <span class='ocrx_word' id='word_1_583' title='bbox 1158 4683 1520 4738; x_wconf 83' lang='lat' dir='ltr'><strong>tentatiouum</strong></span> <span class='ocrx_word' id='word_1_584' title='bbox 1570 4690 1817 4752; x_wconf 88' lang='lat' dir='ltr'><strong>tempore</strong></span> 
     </span>
    </p>
   </div>
   <div class='ocr_carea' id='block_1_79' title="bbox 186 4773 1813 4851">
    <p class='ocr_par' dir='ltr' id='par_1_79' title="bbox 186 4773 1813 4851">
     <span class='ocr_line' id='line_1_79' title="bbox 186 4773 1813 4851; baseline -0.004 -18"><span class='ocrx_word' id='word_1_585' title='bbox 186 4812 192 4819; x_wconf 66' lang='grc' dir='ltr'><strong><em>η</em></strong></span> <span class='ocrx_word' id='word_1_586' title='bbox 260 4783 501 4851; x_wconf 79' lang='lat' dir='ltr'><strong>tanquam</strong></span> <span class='ocrx_word' id='word_1_587' title='bbox 539 4781 719 4836; x_wconf 88' lang='lat' dir='ltr'><strong>hieme</strong></span> <span class='ocrx_word' id='word_1_588' title='bbox 765 4780 880 4850; x_wconf 88' lang='lat' dir='ltr'><strong>jam</strong></span> <span class='ocrx_word' id='word_1_589' title='bbox 938 4786 1178 4849; x_wconf 82' lang='lat' dir='ltr'><strong>peracta.</strong></span> <span class='ocrx_word' id='word_1_590' title='bbox 1239 4774 1617 4831; x_wconf 89' lang='lat' dir='ltr'><strong>Ostenduntur</strong></span> <span class='ocrx_word' id='word_1_591' title='bbox 1648 4773 1813 4828; x_wconf 90' lang='lat' dir='ltr'><strong>etiam</strong></span> 
     </span>
    </p>
   </div>
   <div class='ocr_carea' id='block_1_80' title="bbox 263 4866 1812 4939">
    <p class='ocr_par' dir='ltr' id='par_1_80' title="bbox 263 4866 1812 4939">
     <span class='ocr_line' id='line_1_80' title="bbox 263 4866 1812 4939; baseline -0.003 -15"><span class='ocrx_word' id='word_1_592' title='bbox 263 4868 400 4939; x_wconf 85' lang='lat' dir='ltr'><strong>signa</strong></span> <span class='ocrx_word' id='word_1_593' title='bbox 423 4873 588 4937; x_wconf 85' lang='lat' dir='ltr'><strong>veris,</strong></span> <span class='ocrx_word' id='word_1_594' title='bbox 610 4882 665 4928; x_wconf 94' lang='lat' dir='ltr'><strong>et</strong></span> <span class='ocrx_word' id='word_1_595' title='bbox 694 4871 922 4936; x_wconf 62' lang='lat' dir='ltr'><strong>aestatis,</strong></span> <span class='ocrx_word' id='word_1_596' title='bbox 948 4870 1090 4925; x_wconf 89' lang='lat' dir='ltr'><strong>sicut</strong></span> <span class='ocrx_word' id='word_1_597' title='bbox 1109 4869 1162 4923; x_wconf 91' lang='lat' dir='ltr'><strong>in</strong></span> <span class='ocrx_word' id='word_1_598' title='bbox 1185 4866 1420 4924; x_wconf 86' lang='lat' dir='ltr'><strong>Psalmis</strong></span> <span class='ocrx_word' id='word_1_599' title='bbox 1453 4867 1657 4921; x_wconf 90' lang='lat' dir='ltr'><strong>dictum</strong></span> <span class='ocrx_word' id='word_1_600' title='bbox 1687 4874 1772 4920; x_wconf 89' lang='lat' dir='ltr'><strong>est</strong></span> <span class='ocrx_word' id='word_1_601' title='bbox 1797 4882 1812 4919; x_wconf 91' lang='lat'><strong>:</strong></span> 
     </span>
    </p>
   </div>
   <div class='ocr_carea' id='block_1_81' title="bbox 261 4954 1818 5030">
    <p class='ocr_par' dir='ltr' id='par_1_81' title="bbox 261 4954 1818 5030">
     <span class='ocr_line' id='line_1_81' title="bbox 261 4954 1818 5030; baseline -0.003 -17"><span class='ocrx_word' id='word_1_602' title='bbox 261 4954 510 5017; x_wconf 70' lang='lat' dir='ltr'><strong>£statem</strong></span> <span class='ocrx_word' id='word_1_603' title='bbox 550 4974 598 5018; x_wconf 89' lang='lat' dir='ltr'><strong>et</strong></span> <span class='ocrx_word' id='word_1_604' title='bbox 633 4978 739 5028; x_wconf 88' lang='lat' dir='ltr'><strong>ver,</strong></span> <span class='ocrx_word' id='word_1_605' title='bbox 774 4970 829 5015; x_wconf 88' lang='lat' dir='ltr'><strong>tu</strong></span> <span class='ocrx_word' id='word_1_606' title='bbox 886 4959 1058 5030; x_wconf 81' lang='lat' dir='ltr'><strong>fecisti</strong></span> <span class='ocrx_word' id='word_1_607' title='bbox 1087 4974 1150 5012; x_wconf 90' lang='lat' dir='ltr'><strong>ea</strong></span> <span class='ocrx_word' id='word_1_608' title='bbox 1192 4958 1261 5010; x_wconf 79' lang='grc'><strong>⁷⁸.</strong></span> <span class='ocrx_word' id='word_1_609' title='bbox 1296 4956 1423 5011; x_wconf 89' lang='lat' dir='ltr'><strong>lnde</strong></span> <span class='ocrx_word' id='word_1_610' title='bbox 1483 4955 1721 5024; x_wconf 90' lang='lat' dir='ltr'><strong>denique</strong></span> <span class='ocrx_word' id='word_1_611' title='bbox 1762 4963 1818 5009; x_wconf 89' lang='lat' dir='ltr'><strong>et</strong></span> 
     </span>
    </p>
   </div>
   <div class='ocr_carea' id='block_1_82' title="bbox 260 5045 1818 5125">
    <p class='ocr_par' dir='ltr' id='par_1_82' title="bbox 260 5045 1818 5125">
     <span class='ocr_line' id='line_1_82' title="bbox 260 5045 1818 5125; baseline -0.001 -24"><span class='ocrx_word' id='word_1_612' title='bbox 260 5045 407 5109; x_wconf 81' lang='lat' dir='ltr'><strong>liores</strong></span> <span class='ocrx_word' id='word_1_613' title='bbox 442 5055 783 5125; x_wconf 79' lang='lat' dir='ltr'><strong>perfectuum</strong></span> <span class='ocrx_word' id='word_1_614' title='bbox 838 5051 1064 5123; x_wconf 80' lang='lat' dir='ltr'><strong>protulit</strong></span> <span class='ocrx_word' id='word_1_615' title='bbox 1113 5047 1379 5113; x_wconf 88' lang='lat' dir='ltr'><strong>Ecclesia,</strong></span> <span class='ocrx_word' id='word_1_616' title='bbox 1422 5045 1818 5101; x_wconf 90' lang='lat' dir='ltr'><strong>tentationibus</strong></span> 
     </span>
    </p>
   </div>
   <div class='ocr_carea' id='block_1_83' title="bbox 263 5140 1815 5218">
    <p class='ocr_par' dir='ltr' id='par_1_83' title="bbox 263 5140 1815 5218">
     <span class='ocr_line' id='line_1_83' title="bbox 263 5140 1815 5218; baseline -0.006 -16"><span class='ocrx_word' id='word_1_617' title='bbox 263 5149 536 5214; x_wconf 77' lang='lat' dir='ltr'><strong>Superatis,</strong></span> <span class='ocrx_word' id='word_1_618' title='bbox 562 5157 617 5203; x_wconf 86' lang='lat' dir='ltr'><strong>et</strong></span> <span class='ocrx_word' id='word_1_619' title='bbox 663 5145 989 5218; x_wconf 85' lang='lat' dir='ltr'><strong>putationis-</strong></span> <span class='ocrx_word' id='word_1_620' title='bbox 1019 5142 1134 5213; x_wconf 87' lang='lat'><strong>(70)</strong></span> <span class='ocrx_word' id='word_1_621' title='bbox 1178 5140 1589 5209; x_wconf 88' lang='lat' dir='ltr'><strong>dispensatione</strong></span> <span class='ocrx_word' id='word_1_622' title='bbox 1634 5148 1815 5192; x_wconf 88' lang='lat' dir='ltr'><strong>trans-</strong></span> 
     </span>
    </p>
   </div>
   <div class='ocr_carea' id='block_1_84' title="bbox 263 5229 1814 5303">
    <p class='ocr_par' dir='ltr' id='par_1_84' title="bbox 263 5229 1814 5303">
     <span class='ocr_line' id='line_1_84' title="bbox 263 5229 1814 5303; baseline -0.005 -15"><span class='ocrx_word' id='word_1_623' title='bbox 263 5245 389 5303; x_wconf 82' lang='lat' dir='ltr'><strong>acta,</strong></span> <span class='ocrx_word' id='word_1_624' title='bbox 422 5241 563 5296; x_wconf 90' lang='lat' dir='ltr'><strong>sicut</strong></span> <span class='ocrx_word' id='word_1_625' title='bbox 593 5241 647 5295; x_wconf 89' lang='lat' dir='ltr'><strong>in</strong></span> <span class='ocrx_word' id='word_1_626' title='bbox 698 5239 815 5295; x_wconf 90' lang='lat' dir='ltr'><strong>suis</strong></span> <span class='ocrx_word' id='word_1_627' title='bbox 861 5237 997 5293; x_wconf 89' lang='lat' dir='ltr'><strong>locis</strong></span> <span class='ocrx_word' id='word_1_628' title='bbox 1051 5249 1178 5290; x_wconf 90' lang='lat' dir='ltr'><strong>cum</strong></span> <span class='ocrx_word' id='word_1_629' title='bbox 1230 5233 1298 5287; x_wconf 91' lang='lat' dir='ltr'><strong>ad</strong></span> <span class='ocrx_word' id='word_1_630' title='bbox 1332 5233 1448 5286; x_wconf 79' lang='lat' dir='ltr'><strong>haec</strong></span> <span class='ocrx_word' id='word_1_631' title='bbox 1498 5229 1814 5285; x_wconf 82' lang='lat' dir='ltr'><strong>disserenda</strong></span> 
     </span>
    </p>
   </div>
   <div class='ocr_carea' id='block_1_85' title="bbox 267 5331 1519 5401">
    <p class='ocr_par' dir='ltr' id='par_1_85' title="bbox 267 5331 1519 5401">
     <span class='ocr_line' id='line_1_85' title="bbox 267 5331 1519 5401; baseline 0.002 -19"><span class='ocrx_word' id='word_1_632' title='bbox 267 5339 461 5387; x_wconf 78' lang='lat' dir='ltr'><strong>rentum</strong></span> <span class='ocrx_word' id='word_1_633' title='bbox 486 5331 651 5387; x_wconf 83' lang='lat' dir='ltr'><strong>luerit</strong></span> <span class='ocrx_word' id='word_1_634' title='bbox 676 5332 1012 5387; x_wconf 69' lang='lat' dir='ltr'><strong>ostendetur.</strong></span> <span class='ocrx_word' id='word_1_635' title='bbox 1511 5394 1519 5401; x_wconf 34' lang='lat'><em>.</em></span> 
     </span>
    </p>
   </div>
   <div class='ocr_carea' id='block_1_86' title="bbox 322 5412 1814 5490">
    <p class='ocr_par' dir='ltr' id='par_1_86' title="bbox 322 5412 1814 5490">
     <span class='ocr_line' id='line_1_86' title="bbox 322 5412 1814 5490; baseline -0.007 -13"><span class='ocrx_word' id='word_1_636' title='bbox 322 5419 450 5480; x_wconf 80' lang='lat' dir='ltr'><strong>Ecce</strong></span> <span class='ocrx_word' id='word_1_637' title='bbox 478 5426 564 5479; x_wconf 81' lang='lat' dir='ltr'><strong>hic</strong></span> <span class='ocrx_word' id='word_1_638' title='bbox 610 5425 749 5480; x_wconf 86' lang='lat' dir='ltr'><strong>venit</strong></span> <span class='ocrx_word' id='word_1_639' title='bbox 786 5423 983 5478; x_wconf 84' lang='lat' dir='ltr'><strong>saliens</strong></span> <span class='ocrx_word' id='word_1_640' title='bbox 1033 5434 1191 5490; x_wconf 85' lang='lat' dir='ltr'><strong>super</strong></span> <span class='ocrx_word' id='word_1_641' title='bbox 1236 5424 1459 5482; x_wconf 85' lang='lat' dir='ltr'><strong>montes,</strong></span> <span class='ocrx_word' id='word_1_642' title='bbox 1509 5412 1814 5468; x_wconf 82' lang='lat' dir='ltr'><strong>transiliens</strong></span> 
     </span>
    </p>
   </div>
   <div class='ocr_carea' id='block_1_87' title="bbox 320 5556 1751 5633">
    <p class='ocr_par' dir='ltr' id='par_1_87' title="bbox 320 5556 1751 5633">
     <span class='ocr_line' id='line_1_87' title="bbox 320 5556 1751 5633; baseline -0.01 -10"><span class='ocrx_word' id='word_1_643' title='bbox 320 5560 365 5603; x_wconf 73' lang='lat'>&quot;</span> <span class='ocrx_word' id='word_1_644' title='bbox 393 5567 551 5623; x_wconf 78' lang='lat' dir='ltr'><strong>Joan.</strong></span> <span class='ocrx_word' id='word_1_645' title='bbox 587 5583 700 5633; x_wconf 79' lang='lat' dir='ltr'><strong>xw,</strong></span> <span class='ocrx_word' id='word_1_646' title='bbox 733 5566 823 5620; x_wconf 73' lang='lat'><strong>‘22.</strong></span> <span class='ocrx_word' id='word_1_647' title='bbox 899 5565 946 5598; x_wconf 86' lang='grc'><strong>⁷³</strong></span> <span class='ocrx_word' id='word_1_648' title='bbox 984 5562 1117 5618; x_wconf 89' lang='lat' dir='ltr'><strong>Ibid.</strong></span> <span class='ocrx_word' id='word_1_649' title='bbox 1143 5561 1233 5616; x_wconf 73' lang='lat'><strong>25.</strong></span> <span class='ocrx_word' id='word_1_650' title='bbox 1272 5631 1283 5633; x_wconf 74' lang='lat'><strong><em>_</em></strong></span> <span class='ocrx_word' id='word_1_651' title='bbox 1310 5559 1357 5591; x_wconf 70' lang='lat'><strong>7‘</strong></span> <span class='ocrx_word' id='word_1_652' title='bbox 1379 5558 1534 5633; x_wconf 64' lang='lat' dir='ltr'><strong>Cant.</strong></span> <span class='ocrx_word' id='word_1_653' title='bbox 1564 5573 1626 5633; x_wconf 69' lang='grc' dir='ltr'><strong>ῃ,</strong></span> <span class='ocrx_word' id='word_1_654' title='bbox 1665 5556 1751 5609; x_wconf 83' lang='grc' dir='ltr'><strong>Η.</strong></span> 
     </span>
    </p>
   </div>
   <div class='ocr_carea' id='block_1_88' title="bbox 513 5749 1557 5815">
    <p class='ocr_par' dir='ltr' id='par_1_88' title="bbox 513 5749 1557 5815">
     <span class='ocr_line' id='line_1_88' title="bbox 513 5749 1557 5815; baseline -0.003 -8"><span class='ocrx_word' id='word_1_655' title='bbox 513 5752 839 5807; x_wconf 82' lang='lat' dir='ltr'><strong>Putationis.</strong></span> <span class='ocrx_word' id='word_1_656' title='bbox 927 5751 1105 5805; x_wconf 83' lang='lat' dir='ltr'><strong>Codex</strong></span> <span class='ocrx_word' id='word_1_657' title='bbox 1177 5749 1557 5815; x_wconf 81' lang='lat' dir='ltr'><strong>Turonensis,</strong></span> 
     </span>
    </p>
   </div>
   <div class='ocr_carea' id='block_1_89' title="bbox 614 5843 1262 5905">
    <p class='ocr_par' dir='ltr' id='par_1_89' title="bbox 614 5843 1262 5905">
     <span class='ocr_line' id='line_1_89' title="bbox 614 5843 1262 5905; baseline -0.002 0"><span class='ocrx_word' id='word_1_658' title='bbox 614 5846 884 5905; x_wconf 74' lang='grc' dir='ltr'><strong>ΡΑτιιοι..</strong></span> <span class='ocrx_word' id='word_1_659' title='bbox 927 5844 1039 5905; x_wconf 79' lang='lat' dir='ltr'><strong>Gn.</strong></span> <span class='ocrx_word' id='word_1_660' title='bbox 1094 5843 1262 5904; x_wconf 74' lang='lat' dir='ltr'><strong>XIII.</strong></span> 
     </span>
    </p>
   </div>
   <div class='ocr_carea' id='block_1_90' title="bbox 330 5750 432 5824">
    <p class='ocr_par' dir='ltr' id='par_1_90' title="bbox 330 5750 432 5824">
     <span class='ocr_line' id='line_1_90' title="bbox 330 5750 432 5824; baseline 0 0"><span class='ocrx_word' id='word_1_661' title='bbox 330 5750 432 5824; x_wconf 74' lang='lat'><strong>(70}</strong></span> 
     </span>
    </p>
   </div>
   <div class='ocr_carea' id='block_1_91' title="bbox 1922 3214 3503 3282">
    <p class='ocr_par' dir='ltr' id='par_1_91' title="bbox 1922 3214 3503 3282">
     <span class='ocr_line' id='line_1_91' title="bbox 1922 3214 3503 3282; baseline -0.001 -12"><span class='ocrx_word' id='word_1_662' title='bbox 1922 3214 2180 3272; x_wconf 72' lang='lat' dir='ltr'><strong>Ecclesiae</strong></span> <span class='ocrx_word' id='word_1_663' title='bbox 2208 3214 2418 3270; x_wconf 88' lang='lat' dir='ltr'><strong>scilicet</strong></span> <span class='ocrx_word' id='word_1_664' title='bbox 2452 3214 2519 3269; x_wconf 86' lang='lat' dir='ltr'><strong>ad</strong></span> <span class='ocrx_word' id='word_1_665' title='bbox 2552 3229 2675 3268; x_wconf 88' lang='lat' dir='ltr'><strong>eum</strong></span> <span class='ocrx_word' id='word_1_666' title='bbox 2703 3228 3001 3282; x_wconf 63' lang='lat' dir='ltr'><strong>conversae,</strong></span> <span class='ocrx_word' id='word_1_667' title='bbox 3026 3215 3267 3269; x_wconf 87' lang='lat' dir='ltr'><strong>ablatum</strong></span> <span class='ocrx_word' id='word_1_668' title='bbox 3299 3223 3384 3270; x_wconf 89' lang='lat' dir='ltr'><strong>est</strong></span> <span class='ocrx_word' id='word_1_669' title='bbox 3411 3230 3503 3269; x_wconf 84' lang='lat' dir='ltr'><strong>ve-</strong></span> 
     </span>
    </p>
   </div>
   <div class='ocr_carea' id='block_1_92' title="bbox 1921 3305 3505 3379">
    <p class='ocr_par' dir='ltr' id='par_1_92' title="bbox 1921 3305 3505 3379">
     <span class='ocr_line' id='line_1_92' title="bbox 1921 3305 3505 3379; baseline 0.001 -16"><span class='ocrx_word' id='word_1_670' title='bbox 1921 3308 2125 3373; x_wconf 83' lang='lat' dir='ltr'><strong>lamen,</strong></span> <span class='ocrx_word' id='word_1_671' title='bbox 2160 3307 2342 3365; x_wconf 88' lang='lat' dir='ltr'><strong>subito</strong></span> <span class='ocrx_word' id='word_1_672' title='bbox 2388 3307 2535 3362; x_wconf 87' lang='lat' dir='ltr'><strong>videt</strong></span> <span class='ocrx_word' id='word_1_673' title='bbox 2580 3321 2705 3362; x_wconf 90' lang='lat' dir='ltr'><strong>eum</strong></span> <span class='ocrx_word' id='word_1_674' title='bbox 2759 3305 2814 3360; x_wconf 90' lang='lat' dir='ltr'><strong>in</strong></span> <span class='ocrx_word' id='word_1_675' title='bbox 2870 3306 2993 3363; x_wconf 88' lang='lat' dir='ltr'><strong>istis</strong></span> <span class='ocrx_word' id='word_1_676' title='bbox 3040 3307 3341 3373; x_wconf 90' lang='lat' dir='ltr'><strong>montibus,</strong></span> <span class='ocrx_word' id='word_1_677' title='bbox 3366 3307 3505 3379; x_wconf 85' lang='lat' dir='ltr'><strong>legis</strong></span> 
     </span>
    </p>
   </div>
   <div class='ocr_carea' id='block_1_93' title="bbox 1922 3396 3504 3455">
    <p class='ocr_par' dir='ltr' id='par_1_93' title="bbox 1922 3396 3504 3455">
     <span class='ocr_line' id='line_1_93' title="bbox 1922 3396 3504 3455; baseline -0.002 0"><span class='ocrx_word' id='word_1_678' title='bbox 1922 3400 2133 3455; x_wconf 88' lang='lat' dir='ltr'><strong>scilicet</strong></span> <span class='ocrx_word' id='word_1_679' title='bbox 2157 3398 2530 3455; x_wconf 84' lang='lat' dir='ltr'><strong>voluminibus</strong></span> <span class='ocrx_word' id='word_1_680' title='bbox 2565 3398 2851 3453; x_wconf 87' lang='lat' dir='ltr'><strong>salientem</strong></span> <span class='ocrx_word' id='word_1_681' title='bbox 2890 3407 2945 3453; x_wconf 91' lang='lat' dir='ltr'><strong>et</strong></span> <span class='ocrx_word' id='word_1_682' title='bbox 2991 3398 3046 3452; x_wconf 92' lang='lat' dir='ltr'><strong>in</strong></span> <span class='ocrx_word' id='word_1_683' title='bbox 3088 3398 3321 3454; x_wconf 91' lang='lat' dir='ltr'><strong>collibus</strong></span> <span class='ocrx_word' id='word_1_684' title='bbox 3351 3396 3504 3454; x_wconf 88' lang='lat' dir='ltr'><strong>Scri-</strong></span> 
     </span>
    </p>
   </div>
   <div class='ocr_carea' id='block_1_94' title="bbox 1925 3490 3505 3564">
    <p class='ocr_par' dir='ltr' id='par_1_94' title="bbox 1925 3490 3505 3564">
     <span class='ocr_line' id='line_1_94' title="bbox 1925 3490 3505 3564; baseline -0.002 -16"><span class='ocrx_word' id='word_1_685' title='bbox 1925 3502 2099 3564; x_wconf 69' lang='lat' dir='ltr'><strong>ptura:</strong></span> <span class='ocrx_word' id='word_1_686' title='bbox 2131 3493 2465 3564; x_wconf 69' lang='lat' dir='ltr'><strong>prophetica:</strong></span> <span class='ocrx_word' id='word_1_687' title='bbox 2494 3506 2594 3561; x_wconf 92' lang='lat' dir='ltr'><strong>pro</strong></span> <span class='ocrx_word' id='word_1_688' title='bbox 2627 3490 2863 3546; x_wconf 85' lang='lat' dir='ltr'><strong>evidenti</strong></span> <span class='ocrx_word' id='word_1_689' title='bbox 2921 3490 3362 3548; x_wconf 79' lang='lat' dir='ltr'><strong>manifestatione</strong></span> <span class='ocrx_word' id='word_1_690' title='bbox 3391 3505 3505 3545; x_wconf 89' lang='lat' dir='ltr'><strong>non</strong></span> 
     </span>
    </p>
   </div>
   <div class='ocr_carea' id='block_1_95' title="bbox 1925 3581 3504 3656">
    <p class='ocr_par' dir='ltr' id='par_1_95' title="bbox 1925 3581 3504 3656">
     <span class='ocr_line' id='line_1_95' title="bbox 1925 3581 3504 3656; baseline -0.003 -15"><span class='ocrx_word' id='word_1_691' title='bbox 1925 3595 2034 3641; x_wconf 79' lang='lat' dir='ltr'><strong>tam</strong></span> <span class='ocrx_word' id='word_1_692' title='bbox 2079 3595 2431 3656; x_wconf 86' lang='lat' dir='ltr'><strong>apparentem</strong></span> <span class='ocrx_word' id='word_1_693' title='bbox 2467 3598 2630 3654; x_wconf 87' lang='lat' dir='ltr'><strong>quam</strong></span> <span class='ocrx_word' id='word_1_694' title='bbox 2676 3583 3041 3650; x_wconf 81' lang='lat' dir='ltr'><strong>exsilientcm,</strong></span> <span class='ocrx_word' id='word_1_695' title='bbox 3101 3583 3249 3639; x_wconf 84' lang='lat' dir='ltr'><strong>verbi</strong></span> <span class='ocrx_word' id='word_1_696' title='bbox 3305 3581 3504 3652; x_wconf 80' lang='lat' dir='ltr'><strong>gratia,</strong></span> 
     </span>
    </p>
   </div>
   <div class='ocr_carea' id='block_1_96' title="bbox 1923 3672 3505 3748">
    <p class='ocr_par' dir='ltr' id='par_1_96' title="bbox 1923 3672 3505 3748">
     <span class='ocr_line' id='line_1_96' title="bbox 1923 3672 3505 3748; baseline -0.002 -14"><span class='ocrx_word' id='word_1_697' title='bbox 1923 3679 2084 3748; x_wconf 84' lang='lat' dir='ltr'><strong>quasi</strong></span> <span class='ocrx_word' id='word_1_698' title='bbox 2121 3677 2170 3733; x_wconf 89' lang='lat' dir='ltr'><strong>si</strong></span> <span class='ocrx_word' id='word_1_699' title='bbox 2228 3677 2516 3733; x_wconf 85' lang='lat' dir='ltr'><strong>revolvens</strong></span> <span class='ocrx_word' id='word_1_700' title='bbox 2570 3676 2815 3746; x_wconf 86' lang='lat' dir='ltr'><strong>singulas</strong></span> <span class='ocrx_word' id='word_1_701' title='bbox 2876 3675 3208 3746; x_wconf 69' lang='lat' dir='ltr'><strong>prophetica:</strong></span> <span class='ocrx_word' id='word_1_702' title='bbox 3253 3672 3505 3731; x_wconf 84' lang='lat' dir='ltr'><strong>lectionis</strong></span> 
     </span>
    </p>
   </div>
   <div class='ocr_carea' id='block_1_97' title="bbox 1922 3765 3506 3843">
    <p class='ocr_par' dir='ltr' id='par_1_97' title="bbox 1922 3765 3506 3843">
     <span class='ocr_line' id='line_1_97' title="bbox 1922 3765 3506 3843; baseline -0.002 -17"><span class='ocrx_word' id='word_1_703' title='bbox 1922 3772 2151 3843; x_wconf 88' lang='lat' dir='ltr'><strong>paginas</strong></span> <span class='ocrx_word' id='word_1_704' title='bbox 2174 3770 2418 3826; x_wconf 89' lang='lat' dir='ltr'><strong>inveniat</strong></span> <span class='ocrx_word' id='word_1_705' title='bbox 2460 3769 2527 3825; x_wconf 89' lang='lat' dir='ltr'><strong>de</strong></span> <span class='ocrx_word' id='word_1_706' title='bbox 2576 3769 2710 3839; x_wconf 87' lang='lat' dir='ltr'><strong>ipsis</strong></span> <span class='ocrx_word' id='word_1_707' title='bbox 2748 3768 3092 3824; x_wconf 86' lang='lat' dir='ltr'><strong>exsilientem</strong></span> <span class='ocrx_word' id='word_1_708' title='bbox 3119 3765 3423 3834; x_wconf 89' lang='lat' dir='ltr'><strong>Christum,</strong></span> <span class='ocrx_word' id='word_1_709' title='bbox 3449 3775 3506 3823; x_wconf 85' lang='lat' dir='ltr'><strong>ct</strong></span> 
     </span>
    </p>
   </div>
   <div class='ocr_carea' id='block_1_98' title="bbox 1926 3857 3503 3933">
    <p class='ocr_par' dir='ltr' id='par_1_98' title="bbox 1926 3857 3503 3933">
     <span class='ocr_line' id='line_1_98' title="bbox 1926 3857 3503 3933; baseline -0.004 -15"><span class='ocrx_word' id='word_1_710' title='bbox 1926 3876 2024 3933; x_wconf 89' lang='lat' dir='ltr'><strong>per</strong></span> <span class='ocrx_word' id='word_1_711' title='bbox 2053 3863 2175 3918; x_wconf 88' lang='lat' dir='ltr'><strong>loca</strong></span> <span class='ocrx_word' id='word_1_712' title='bbox 2233 3862 2448 3933; x_wconf 83' lang='lat' dir='ltr'><strong>singula</strong></span> <span class='ocrx_word' id='word_1_713' title='bbox 2507 3859 2801 3916; x_wconf 88' lang='lat' dir='ltr'><strong>lectionum</strong></span> <span class='ocrx_word' id='word_1_714' title='bbox 2860 3860 3043 3914; x_wconf 88' lang='lat' dir='ltr'><strong>ablato</strong></span> <span class='ocrx_word' id='word_1_715' title='bbox 3094 3873 3239 3913; x_wconf 87' lang='lat' dir='ltr'><strong>nunc</strong></span> <span class='ocrx_word' id='word_1_716' title='bbox 3282 3857 3503 3913; x_wconf 88' lang='lat' dir='ltr'><strong>demum</strong></span> 
     </span>
    </p>
   </div>
   <div class='ocr_carea' id='block_1_99' title="bbox 1921 3948 3505 4024">
    <p class='ocr_par' dir='ltr' id='par_1_99' title="bbox 1921 3948 3505 4024">
     <span class='ocr_line' id='line_1_99' title="bbox 1921 3948 3505 4024; baseline -0.003 -15"><span class='ocrx_word' id='word_1_717' title='bbox 1921 3968 2032 4024; x_wconf 93' lang='lat' dir='ltr'><strong>quo</strong></span> <span class='ocrx_word' id='word_1_718' title='bbox 2055 3954 2210 4024; x_wconf 87' lang='lat' dir='ltr'><strong>prius</strong></span> <span class='ocrx_word' id='word_1_719' title='bbox 2238 3953 2522 4023; x_wconf 84' lang='lat' dir='ltr'><strong>tegebatur</strong></span> <span class='ocrx_word' id='word_1_720' title='bbox 2550 3951 2839 4015; x_wconf 82' lang='lat' dir='ltr'><strong>velamine,</strong></span> <span class='ocrx_word' id='word_1_721' title='bbox 2870 3948 3101 4003; x_wconf 89' lang='lat' dir='ltr'><strong>ebullire</strong></span> <span class='ocrx_word' id='word_1_722' title='bbox 3141 3963 3267 4003; x_wconf 90' lang='lat' dir='ltr'><strong>eum</strong></span> <span class='ocrx_word' id='word_1_723' title='bbox 3294 3959 3505 4017; x_wconf 89' lang='lat' dir='ltr'><strong>cernat,</strong></span> 
     </span>
    </p>
   </div>
   <div class='ocr_carea' id='block_1_100' title="bbox 1924 4034 3508 4109">
    <p class='ocr_par' dir='ltr' id='par_1_100' title="bbox 1924 4034 3508 4109">
     <span class='ocr_line' id='line_1_100' title="bbox 1924 4034 3508 4109; baseline -0.006 -12"><span class='ocrx_word' id='word_1_724' title='bbox 1924 4051 1978 4097; x_wconf 89' lang='lat' dir='ltr'><strong>et</strong></span> <span class='ocrx_word' id='word_1_725' title='bbox 1997 4055 2275 4109; x_wconf 89' lang='lat' dir='ltr'><strong>emergere</strong></span> <span class='ocrx_word' id='word_1_726' title='bbox 2302 4049 2467 4107; x_wconf 89' lang='lat' dir='ltr'><strong>atque</strong></span> <span class='ocrx_word' id='word_1_727' title='bbox 2494 4037 2729 4091; x_wconf 88' lang='lat' dir='ltr'><strong>evidenti</strong></span> <span class='ocrx_word' id='word_1_728' title='bbox 2766 4037 2878 4105; x_wconf 91' lang='lat' dir='ltr'><strong>jam</strong></span> <span class='ocrx_word' id='word_1_729' title='bbox 2907 4034 3349 4090; x_wconf 83' lang='lat' dir='ltr'><strong>manilestatioue</strong></span> <span class='ocrx_word' id='word_1_730' title='bbox 3378 4049 3508 4103; x_wconf 81' lang='lat' dir='ltr'><strong>pro-</strong></span> 
     </span>
    </p>
   </div>
   <div class='ocr_carea' id='block_1_101' title="bbox 1924 4123 3506 4200">
    <p class='ocr_par' dir='ltr' id='par_1_101' title="bbox 1924 4123 3506 4200">
     <span class='ocr_line' id='line_1_101' title="bbox 1924 4123 3506 4200; baseline -0.006 -11"><span class='ocrx_word' id='word_1_731' title='bbox 1924 4144 2199 4200; x_wconf 88' lang='lat' dir='ltr'><strong>rumpere.</strong></span> <span class='ocrx_word' id='word_1_732' title='bbox 2263 4127 2346 4183; x_wconf 75' lang='grc' dir='ltr'><strong>οι)</strong></span> <span class='ocrx_word' id='word_1_733' title='bbox 2402 4128 2507 4182; x_wconf 89' lang='lat' dir='ltr'><strong>hoc</strong></span> <span class='ocrx_word' id='word_1_734' title='bbox 2556 4126 2723 4181; x_wconf 88' lang='lat' dir='ltr'><strong>credo</strong></span> <span class='ocrx_word' id='word_1_735' title='bbox 2774 4134 2830 4180; x_wconf 92' lang='lat' dir='ltr'><strong>et</strong></span> <span class='ocrx_word' id='word_1_736' title='bbox 2884 4127 3000 4194; x_wconf 91' lang='lat' dir='ltr'><strong>ipse</strong></span> <span class='ocrx_word' id='word_1_737' title='bbox 3058 4123 3220 4178; x_wconf 83' lang='lat' dir='ltr'><strong>Jesus</strong></span> <span class='ocrx_word' id='word_1_738' title='bbox 3252 4140 3378 4179; x_wconf 92' lang='lat' dir='ltr'><strong>cum</strong></span> <span class='ocrx_word' id='word_1_739' title='bbox 3437 4126 3506 4179; x_wconf 69' lang='lat' dir='ltr'><strong>ad</strong></span> 
     </span>
    </p>
   </div>
   <div class='ocr_carea' id='block_1_102' title="bbox 1926 4213 3510 4284">
    <p class='ocr_par' dir='ltr' id='par_1_102' title="bbox 1926 4213 3510 4284">
     <span class='ocr_line' id='line_1_102' title="bbox 1926 4213 3510 4284; baseline -0.005 -5"><span class='ocrx_word' id='word_1_740' title='bbox 1926 4218 2426 4280; x_wconf 86' lang='lat' dir='ltr'><strong>transformandum</strong></span> <span class='ocrx_word' id='word_1_741' title='bbox 2467 4231 2526 4273; x_wconf 86' lang='lat' dir='ltr'><strong>se</strong></span> <span class='ocrx_word' id='word_1_742' title='bbox 2583 4215 2750 4282; x_wconf 84' lang='lat' dir='ltr'><strong>venit,</strong></span> <span class='ocrx_word' id='word_1_743' title='bbox 2778 4230 2887 4270; x_wconf 91' lang='lat' dir='ltr'><strong>non</strong></span> <span class='ocrx_word' id='word_1_744' title='bbox 2939 4213 2993 4268; x_wconf 91' lang='lat' dir='ltr'><strong>in</strong></span> <span class='ocrx_word' id='word_1_745' title='bbox 3050 4214 3232 4284; x_wconf 88' lang='lat' dir='ltr'><strong>aliqua</strong></span> <span class='ocrx_word' id='word_1_746' title='bbox 3285 4213 3510 4283; x_wconf 83' lang='lat' dir='ltr'><strong>planitie</strong></span> 
     </span>
    </p>
   </div>
   <div class='ocr_carea' id='block_1_103' title="bbox 1924 4308 3504 4380">
    <p class='ocr_par' dir='ltr' id='par_1_103' title="bbox 1924 4308 3504 4380">
     <span class='ocr_line' id='line_1_103' title="bbox 1924 4308 3504 4380; baseline -0.008 -5"><span class='ocrx_word' id='word_1_747' title='bbox 1924 4326 2022 4375; x_wconf 89' lang='lat' dir='ltr'><strong>aut</strong></span> <span class='ocrx_word' id='word_1_748' title='bbox 2052 4315 2299 4372; x_wconf 89' lang='lat' dir='ltr'><strong>convalle</strong></span> <span class='ocrx_word' id='word_1_749' title='bbox 2335 4312 2459 4380; x_wconf 77' lang='lat' dir='ltr'><strong>fuit,</strong></span> <span class='ocrx_word' id='word_1_750' title='bbox 2519 4311 2614 4367; x_wconf 90' lang='lat' dir='ltr'><strong>sed</strong></span> <span class='ocrx_word' id='word_1_751' title='bbox 2665 4319 2902 4364; x_wconf 88' lang='lat' dir='ltr'><strong>montem</strong></span> <span class='ocrx_word' id='word_1_752' title='bbox 2952 4309 3292 4376; x_wconf 89' lang='lat' dir='ltr'><strong>conscendit,</strong></span> <span class='ocrx_word' id='word_1_753' title='bbox 3325 4308 3415 4363; x_wconf 91' lang='lat' dir='ltr'><strong>ubi</strong></span> <span class='ocrx_word' id='word_1_754' title='bbox 3448 4318 3504 4368; x_wconf 85' lang='lat' dir='ltr'><strong>et</strong></span> 
     </span>
    </p>
   </div>
   <div class='ocr_carea' id='block_1_104' title="bbox 1924 4400 3506 4470">
    <p class='ocr_par' dir='ltr' id='par_1_104' title="bbox 1924 4400 3506 4470">
     <span class='ocr_line' id='line_1_104' title="bbox 1924 4400 3506 4470; baseline -0.008 -6"><span class='ocrx_word' id='word_1_755' title='bbox 1924 4405 2345 4464; x_wconf 79' lang='lat' dir='ltr'><strong>translormatus</strong></span> <span class='ocrx_word' id='word_1_756' title='bbox 2370 4413 2454 4459; x_wconf 87' lang='lat' dir='ltr'><strong>est</strong></span> <span class='ocrx_word' id='word_1_757' title='bbox 2476 4403 2557 4469; x_wconf 81' lang='grc'><strong>⁷⁸;</strong></span> <span class='ocrx_word' id='word_1_758' title='bbox 2594 4410 2656 4457; x_wconf 88' lang='lat' dir='ltr'><strong>ut</strong></span> <span class='ocrx_word' id='word_1_759' title='bbox 2682 4401 2826 4458; x_wconf 76' lang='lat' dir='ltr'><strong>scias</strong></span> <span class='ocrx_word' id='word_1_760' title='bbox 2854 4415 2980 4456; x_wconf 90' lang='lat' dir='ltr'><strong>eum</strong></span> <span class='ocrx_word' id='word_1_761' title='bbox 3012 4415 3236 4470; x_wconf 87' lang='lat' dir='ltr'><strong>semper</strong></span> <span class='ocrx_word' id='word_1_762' title='bbox 3262 4400 3314 4454; x_wconf 93' lang='lat' dir='ltr'><strong>in</strong></span> <span class='ocrx_word' id='word_1_763' title='bbox 3343 4415 3506 4454; x_wconf 82' lang='lat' dir='ltr'><strong>mou-</strong></span> 
     </span>
    </p>
   </div>
   <div class='ocr_carea' id='block_1_105' title="bbox 1923 4490 3507 4564">
    <p class='ocr_par' dir='ltr' id='par_1_105' title="bbox 1923 4490 3507 4564">
     <span class='ocr_line' id='line_1_105' title="bbox 1923 4490 3507 4564; baseline -0.004 -10"><span class='ocrx_word' id='word_1_764' title='bbox 1923 4498 2091 4562; x_wconf 85' lang='lat' dir='ltr'><strong>tibus,</strong></span> <span class='ocrx_word' id='word_1_765' title='bbox 2116 4505 2213 4552; x_wconf 83' lang='lat' dir='ltr'><strong>aut</strong></span> <span class='ocrx_word' id='word_1_766' title='bbox 2264 4496 2319 4550; x_wconf 89' lang='lat' dir='ltr'><strong>in</strong></span> <span class='ocrx_word' id='word_1_767' title='bbox 2373 4493 2605 4550; x_wconf 91' lang='lat' dir='ltr'><strong>collibus</strong></span> <span class='ocrx_word' id='word_1_768' title='bbox 2636 4508 2921 4564; x_wconf 87' lang='lat' dir='ltr'><strong>apparere,</strong></span> <span class='ocrx_word' id='word_1_769' title='bbox 2953 4500 3007 4546; x_wconf 90' lang='lat' dir='ltr'><strong>et</strong></span> <span class='ocrx_word' id='word_1_770' title='bbox 3038 4498 3100 4545; x_wconf 86' lang='lat' dir='ltr'><strong>ut</strong></span> <span class='ocrx_word' id='word_1_771' title='bbox 3146 4500 3199 4546; x_wconf 90' lang='lat' dir='ltr'><strong>te</strong></span> <span class='ocrx_word' id='word_1_772' title='bbox 3222 4490 3414 4546; x_wconf 88' lang='lat' dir='ltr'><strong>doceat</strong></span> <span class='ocrx_word' id='word_1_773' title='bbox 3438 4506 3507 4547; x_wconf 88' lang='lat' dir='ltr'><strong>ne</strong></span> 
     </span>
    </p>
   </div>
   <div class='ocr_carea' id='block_1_106' title="bbox 1924 4579 3505 4659">
    <p class='ocr_par' dir='ltr' id='par_1_106' title="bbox 1924 4579 3505 4659">
     <span class='ocr_line' id='line_1_106' title="bbox 1924 4579 3505 4659; baseline -0.004 -15"><span class='ocrx_word' id='word_1_774' title='bbox 1924 4602 2159 4659; x_wconf 88' lang='lat' dir='ltr'><strong>usquam</strong></span> <span class='ocrx_word' id='word_1_775' title='bbox 2188 4600 2312 4641; x_wconf 90' lang='lat' dir='ltr'><strong>eum</strong></span> <span class='ocrx_word' id='word_1_776' title='bbox 2355 4583 2463 4639; x_wconf 91' lang='lat' dir='ltr'><strong>nisi</strong></span> <span class='ocrx_word' id='word_1_777' title='bbox 2488 4583 2540 4636; x_wconf 91' lang='lat' dir='ltr'><strong>in</strong></span> <span class='ocrx_word' id='word_1_778' title='bbox 2569 4582 2702 4652; x_wconf 83' lang='lat' dir='ltr'><strong>legis</strong></span> <span class='ocrx_word' id='word_1_779' title='bbox 2727 4590 2781 4637; x_wconf 91' lang='lat' dir='ltr'><strong>et</strong></span> <span class='ocrx_word' id='word_1_780' title='bbox 2806 4579 3193 4650; x_wconf 84' lang='lat' dir='ltr'><strong>prophetarum</strong></span> <span class='ocrx_word' id='word_1_781' title='bbox 3226 4580 3505 4638; x_wconf 85' lang='lat' dir='ltr'><strong>montibus</strong></span> 
     </span>
    </p>
   </div>
   <div class='ocr_carea' id='block_1_107' title="bbox 1920 4672 3505 4753">
    <p class='ocr_par' dir='ltr' id='par_1_107' title="bbox 1920 4672 3505 4753">
     <span class='ocr_line' id='line_1_107' title="bbox 1920 4672 3505 4753; baseline -0.005 -16"><span class='ocrx_word' id='word_1_782' title='bbox 1920 4696 2163 4753; x_wconf 66' lang='lat' dir='ltr'><strong>quaeras.</strong></span> <span class='ocrx_word' id='word_1_783' title='bbox 2198 4678 2354 4745; x_wconf 83' lang='lat' dir='ltr'><strong>Quod</strong></span> <span class='ocrx_word' id='word_1_784' title='bbox 2400 4685 2580 4731; x_wconf 81' lang='lat' dir='ltr'><strong>autem</strong></span> <span class='ocrx_word' id='word_1_785' title='bbox 2625 4673 2801 4730; x_wconf 90' lang='lat' dir='ltr'><strong>sancti</strong></span> <span class='ocrx_word' id='word_1_786' title='bbox 2836 4672 3041 4743; x_wconf 84' lang='lat' dir='ltr'><strong>quique</strong></span> <span class='ocrx_word' id='word_1_787' title='bbox 3074 4680 3288 4728; x_wconf 90' lang='lat' dir='ltr'><strong>montes</strong></span> <span class='ocrx_word' id='word_1_788' title='bbox 3321 4675 3505 4745; x_wconf 83' lang='lat' dir='ltr'><strong>appel-</strong></span> 
     </span>
    </p>
   </div>
   <div class='ocr_carea' id='block_1_108' title="bbox 1924 4764 3502 4836">
    <p class='ocr_par' dir='ltr' id='par_1_108' title="bbox 1924 4764 3502 4836">
     <span class='ocr_line' id='line_1_108' title="bbox 1924 4764 3502 4836; baseline -0.003 -10"><span class='ocrx_word' id='word_1_789' title='bbox 1924 4772 2129 4834; x_wconf 85' lang='lat' dir='ltr'><strong>lantur,</strong></span> <span class='ocrx_word' id='word_1_790' title='bbox 2162 4768 2216 4822; x_wconf 91' lang='lat' dir='ltr'><strong>iu</strong></span> <span class='ocrx_word' id='word_1_791' title='bbox 2241 4767 2425 4822; x_wconf 91' lang='lat' dir='ltr'><strong>multis</strong></span> <span class='ocrx_word' id='word_1_792' title='bbox 2474 4765 2772 4834; x_wconf 77' lang='lat' dir='ltr'><strong>Scripturae</strong></span> <span class='ocrx_word' id='word_1_793' title='bbox 2803 4765 2937 4819; x_wconf 90' lang='lat' dir='ltr'><strong>locis</strong></span> <span class='ocrx_word' id='word_1_794' title='bbox 2968 4764 3212 4821; x_wconf 81' lang='lat' dir='ltr'><strong>invenies</strong></span> <span class='ocrx_word' id='word_1_795' title='bbox 3251 4766 3502 4836; x_wconf 87' lang='lat' dir='ltr'><strong>iudicari,</strong></span> 
     </span>
    </p>
   </div>
   <div class='ocr_carea' id='block_1_109' title="bbox 1925 4854 3502 4925">
    <p class='ocr_par' dir='ltr' id='par_1_109' title="bbox 1925 4854 3502 4925">
     <span class='ocr_line' id='line_1_109' title="bbox 1925 4854 3502 4925; baseline -0.001 -8"><span class='ocrx_word' id='word_1_796' title='bbox 1925 4862 2069 4918; x_wconf 90' lang='lat' dir='ltr'><strong>sicut</strong></span> <span class='ocrx_word' id='word_1_797' title='bbox 2101 4861 2179 4914; x_wconf 89' lang='lat' dir='ltr'><strong>ait</strong></span> <span class='ocrx_word' id='word_1_798' title='bbox 2202 4860 2258 4913; x_wconf 92' lang='lat' dir='ltr'><strong>iu</strong></span> <span class='ocrx_word' id='word_1_799' title='bbox 2290 4858 2524 4914; x_wconf 89' lang='lat' dir='ltr'><strong>Psalmis</strong></span> <span class='ocrx_word' id='word_1_800' title='bbox 2558 4873 2571 4911; x_wconf 77' lang='grc' dir='ltr'>ς</span> <span class='ocrx_word' id='word_1_801' title='bbox 2607 4854 2982 4909; x_wconf 81' lang='lat' dir='ltr'><strong>Fundamenta</strong></span> <span class='ocrx_word' id='word_1_802' title='bbox 3007 4856 3121 4925; x_wconf 85' lang='lat' dir='ltr'><strong>ejus</strong></span> <span class='ocrx_word' id='word_1_803' title='bbox 3156 4858 3209 4911; x_wconf 86' lang='lat' dir='ltr'><strong>in</strong></span> <span class='ocrx_word' id='word_1_804' title='bbox 3236 4860 3502 4915; x_wconf 84' lang='lat' dir='ltr'><strong>montibus</strong></span> 
     </span>
    </p>
   </div>
   <div class='ocr_carea' id='block_1_110' title="bbox 1925 4946 3503 5010">
    <p class='ocr_par' dir='ltr' id='par_1_110' title="bbox 1925 4946 3503 5010">
     <span class='ocr_line' id='line_1_110' title="bbox 1925 4946 3503 5010; baseline -0.001 -2"><span class='ocrx_word' id='word_1_805' title='bbox 1925 4954 2123 5010; x_wconf 81' lang='lat' dir='ltr'><strong>sanctis</strong></span> <span class='ocrx_word' id='word_1_806' title='bbox 2148 4953 2215 5006; x_wconf 72' lang='grc'><strong>⁷⁸.</strong></span> <span class='ocrx_word' id='word_1_807' title='bbox 2268 4950 2336 5005; x_wconf 83' lang='grc' dir='ltr'><strong>Ει</strong></span> <span class='ocrx_word' id='word_1_808' title='bbox 2366 4950 2560 5004; x_wconf 89' lang='lat' dir='ltr'><strong>iterum</strong></span> <span class='ocrx_word' id='word_1_809' title='bbox 2605 4967 2618 5002; x_wconf 92' lang='lat'><strong>:</strong></span> <span class='ocrx_word' id='word_1_810' title='bbox 2653 4946 2842 5002; x_wconf 85' lang='lat' dir='ltr'><strong>Levavi</strong></span> <span class='ocrx_word' id='word_1_811' title='bbox 2891 4949 3073 5003; x_wconf 83' lang='lat' dir='ltr'><strong>oculos</strong></span> <span class='ocrx_word' id='word_1_812' title='bbox 3105 4966 3245 5005; x_wconf 85' lang='lat' dir='ltr'><strong>meos</strong></span> <span class='ocrx_word' id='word_1_813' title='bbox 3277 4951 3331 5004; x_wconf 88' lang='lat' dir='ltr'><strong>in</strong></span> <span class='ocrx_word' id='word_1_814' title='bbox 3355 4969 3503 5006; x_wconf 87' lang='lat' dir='ltr'><strong>mon-</strong></span> 
     </span>
    </p>
   </div>
   <div class='ocr_carea' id='block_1_111' title="bbox 1924 5039 3503 5112">
    <p class='ocr_par' dir='ltr' id='par_1_111' title="bbox 1924 5039 3503 5112">
     <span class='ocr_line' id='line_1_111' title="bbox 1924 5039 3503 5112; baseline -0.002 -12"><span class='ocrx_word' id='word_1_815' title='bbox 1924 5056 2022 5110; x_wconf 82' lang='lat' dir='ltr'><strong>tes,</strong></span> <span class='ocrx_word' id='word_1_816' title='bbox 2058 5045 2193 5099; x_wconf 81' lang='lat' dir='ltr'><strong>unde</strong></span> <span class='ocrx_word' id='word_1_817' title='bbox 2215 5044 2377 5097; x_wconf 86' lang='lat' dir='ltr'><strong>veniet</strong></span> <span class='ocrx_word' id='word_1_818' title='bbox 2413 5040 2677 5095; x_wconf 74' lang='lat' dir='ltr'><strong>auxilium</strong></span> <span class='ocrx_word' id='word_1_819' title='bbox 2712 5039 2837 5094; x_wconf 86' lang='lat' dir='ltr'><strong>mihi</strong></span> <span class='ocrx_word' id='word_1_820' title='bbox 2868 5040 2934 5094; x_wconf 67' lang='lat'><strong>8°.</strong></span> <span class='ocrx_word' id='word_1_821' title='bbox 2968 5041 3243 5096; x_wconf 78' lang='lat' dir='ltr'><strong>Auxilium</strong></span> <span class='ocrx_word' id='word_1_822' title='bbox 3268 5057 3503 5112; x_wconf 84' lang='lat' dir='ltr'><strong>namque</strong></span> 
     </span>
    </p>
   </div>
   <div class='ocr_carea' id='block_1_112' title="bbox 1925 5131 3501 5202">
    <p class='ocr_par' dir='ltr' id='par_1_112' title="bbox 1925 5131 3501 5202">
     <span class='ocr_line' id='line_1_112' title="bbox 1925 5131 3501 5202; baseline -0.003 -10"><span class='ocrx_word' id='word_1_823' title='bbox 1925 5138 1979 5192; x_wconf 89' lang='lat' dir='ltr'><strong>iu</strong></span> <span class='ocrx_word' id='word_1_824' title='bbox 2008 5136 2471 5199; x_wconf 86' lang='lat' dir='ltr'><strong>tribulationibus,</strong></span> <span class='ocrx_word' id='word_1_825' title='bbox 2506 5149 2570 5188; x_wconf 85' lang='lat' dir='ltr'><strong>ex</strong></span> <span class='ocrx_word' id='word_1_826' title='bbox 2604 5131 3007 5202; x_wconf 86' lang='lat' dir='ltr'><strong>Scripturarum</strong></span> <span class='ocrx_word' id='word_1_827' title='bbox 3044 5133 3349 5188; x_wconf 86' lang='lat' dir='ltr'><strong>divinarum</strong></span> <span class='ocrx_word' id='word_1_828' title='bbox 3377 5149 3501 5188; x_wconf 91' lang='lat' dir='ltr'><strong>sen-</strong></span> 
     </span>
    </p>
   </div>
   <div class='ocr_carea' id='block_1_113' title="bbox 1926 5223 3501 5298">
    <p class='ocr_par' dir='ltr' id='par_1_113' title="bbox 1926 5223 3501 5298">
     <span class='ocr_line' id='line_1_113' title="bbox 1926 5223 3501 5298; baseline -0.004 -14"><span class='ocrx_word' id='word_1_829' title='bbox 1926 5230 2080 5285; x_wconf 89' lang='lat' dir='ltr'><strong>sibus</strong></span> <span class='ocrx_word' id='word_1_830' title='bbox 2102 5230 2370 5298; x_wconf 82' lang='lat' dir='ltr'><strong>capimus.</strong></span> <span class='ocrx_word' id='word_1_831' title='bbox 2398 5224 2700 5280; x_wconf 81' lang='lat' dir='ltr'><strong>Possumus</strong></span> <span class='ocrx_word' id='word_1_832' title='bbox 2727 5223 2906 5279; x_wconf 89' lang='lat' dir='ltr'><strong>adhuc</strong></span> <span class='ocrx_word' id='word_1_833' title='bbox 2937 5233 2991 5278; x_wconf 89' lang='lat' dir='ltr'><strong>et</strong></span> <span class='ocrx_word' id='word_1_834' title='bbox 3012 5233 3225 5279; x_wconf 89' lang='lat' dir='ltr'><strong>montes</strong></span> <span class='ocrx_word' id='word_1_835' title='bbox 3266 5223 3319 5277; x_wconf 91' lang='lat' dir='ltr'><strong>in</strong></span> <span class='ocrx_word' id='word_1_836' title='bbox 3376 5224 3501 5294; x_wconf 89' lang='lat' dir='ltr'><strong>qui-</strong></span> 
     </span>
    </p>
   </div>
   <div class='ocr_carea' id='block_1_114' title="bbox 1924 5309 3496 5386">
    <p class='ocr_par' dir='ltr' id='par_1_114' title="bbox 1924 5309 3496 5386">
     <span class='ocr_line' id='line_1_114' title="bbox 1924 5309 3496 5386; baseline -0.003 -10"><span class='ocrx_word' id='word_1_837' title='bbox 1924 5322 2027 5376; x_wconf 89' lang='lat' dir='ltr'><strong>bus</strong></span> <span class='ocrx_word' id='word_1_838' title='bbox 2056 5321 2219 5375; x_wconf 87' lang='lat' dir='ltr'><strong>salire</strong></span> <span class='ocrx_word' id='word_1_839' title='bbox 2246 5318 2483 5374; x_wconf 82' lang='lat' dir='ltr'><strong>Vcrbum</strong></span> <span class='ocrx_word' id='word_1_840' title='bbox 2535 5316 2628 5372; x_wconf 88' lang='lat' dir='ltr'><strong>Dei</strong></span> <span class='ocrx_word' id='word_1_841' title='bbox 2681 5316 2902 5379; x_wconf 91' lang='lat' dir='ltr'><strong>dicitur,</strong></span> <span class='ocrx_word' id='word_1_842' title='bbox 2955 5325 3007 5370; x_wconf 90' lang='lat' dir='ltr'><strong>et</strong></span> <span class='ocrx_word' id='word_1_843' title='bbox 3065 5317 3222 5386; x_wconf 88' lang='lat' dir='ltr'><strong>quasi</strong></span> <span class='ocrx_word' id='word_1_844' title='bbox 3266 5309 3496 5371; x_wconf 87' lang='lat' dir='ltr'><strong>liberius</strong></span> 
     </span>
    </p>
   </div>
   <div class='ocr_carea' id='block_1_115' title="bbox 1922 5405 3500 5479">
    <p class='ocr_par' dir='ltr' id='par_1_115' title="bbox 1922 5405 3500 5479">
     <span class='ocr_line' id='line_1_115' title="bbox 1922 5405 3500 5479; baseline -0.003 -11"><span class='ocrx_word' id='word_1_845' title='bbox 1922 5411 2124 5477; x_wconf 85' lang='lat' dir='ltr'><strong>ell‘erri,</strong></span> <span class='ocrx_word' id='word_1_846' title='bbox 2153 5408 2365 5465; x_wconf 87' lang='lat' dir='ltr'><strong>Novum</strong></span> <span class='ocrx_word' id='word_1_847' title='bbox 2419 5409 2664 5479; x_wconf 84' lang='lat' dir='ltr'><strong>accipere</strong></span> <span class='ocrx_word' id='word_1_848' title='bbox 2694 5406 3141 5475; x_wconf 87' lang='lat' dir='ltr'><strong>Testamentum;</strong></span> <span class='ocrx_word' id='word_1_849' title='bbox 3174 5405 3340 5462; x_wconf 84' lang='lat' dir='ltr'><strong>colles</strong></span> <span class='ocrx_word' id='word_1_850' title='bbox 3366 5420 3500 5464; x_wconf 77' lang='lat' dir='ltr'><strong>vero</strong></span> 
     </span>
    </p>
   </div>
   <div class='ocr_carea' id='block_1_116' title="bbox 1840 5543 3496 5625">
    <p class='ocr_par' dir='ltr' id='par_1_116' title="bbox 1840 5543 3496 5625">
     <span class='ocr_line' id='line_1_116' title="bbox 1840 5543 3496 5625; baseline -0.004 -17"><span class='ocrx_word' id='word_1_851' title='bbox 1840 5555 1887 5587; x_wconf 86' lang='grc'><strong>⁷⁵</strong></span> <span class='ocrx_word' id='word_1_852' title='bbox 1918 5554 2064 5611; x_wconf 83' lang='lat' dir='ltr'><strong>Psal.</strong></span> <span class='ocrx_word' id='word_1_853' title='bbox 2098 5568 2283 5625; x_wconf 61' lang='grc' dir='ltr'><strong>ιιςᾳιν,</strong></span> <span class='ocrx_word' id='word_1_854' title='bbox 2320 5552 2406 5607; x_wconf 88' lang='lat' dir='ltr'><strong>l7.</strong></span> <span class='ocrx_word' id='word_1_855' title='bbox 2484 5549 2575 5605; x_wconf 77' lang='lat' dir='ltr'><strong>&quot;l</strong></span> <span class='ocrx_word' id='word_1_856' title='bbox 2613 5549 2756 5606; x_wconf 84' lang='lat' dir='ltr'><strong>Tim.</strong></span> <span class='ocrx_word' id='word_1_857' title='bbox 2790 5564 2864 5616; x_wconf 74' lang='grc' dir='ltr'><strong>ιν,</strong></span> <span class='ocrx_word' id='word_1_858' title='bbox 2891 5546 2943 5602; x_wconf 87' lang='lat'><strong>7.</strong></span> <span class='ocrx_word' id='word_1_859' title='bbox 3020 5548 3065 5580; x_wconf 88' lang='grc'><strong>⁷⁷</strong></span> <span class='ocrx_word' id='word_1_860' title='bbox 3095 5547 3256 5603; x_wconf 79' lang='lat' dir='ltr'><strong>Rom.</strong></span> <span class='ocrx_word' id='word_1_861' title='bbox 3282 5562 3373 5617; x_wconf 91' lang='lat' dir='ltr'><strong>xv,</strong></span> <span class='ocrx_word' id='word_1_862' title='bbox 3406 5543 3496 5603; x_wconf 74' lang='grc'><strong>19.</strong></span> 
     </span>
    </p>
   </div>
   <div class='ocr_carea' id='block_1_117' title="bbox 259 5626 1892 5695">
    <p class='ocr_par' dir='ltr' id='par_1_117' title="bbox 259 5626 1892 5695">
     <span class='ocr_line' id='line_1_117' title="bbox 259 5626 1892 5695; baseline -0.01 -2"><span class='ocrx_word' id='word_1_863' title='bbox 259 5631 497 5693; x_wconf 69' lang='lat' dir='ltr'><strong>&quot;Ilazth.</strong></span> <span class='ocrx_word' id='word_1_864' title='bbox 531 5626 697 5692; x_wconf 43' lang='grc' dir='ltr'><strong>ινα(</strong></span> <span class='ocrx_word' id='word_1_865' title='bbox 740 5638 784 5667; x_wconf 76' lang='grc'><strong>⁷⁸³</strong></span> <span class='ocrx_word' id='word_1_866' title='bbox 810 5635 950 5692; x_wconf 79' lang='lat' dir='ltr'><strong>Psal.</strong></span> <span class='ocrx_word' id='word_1_867' title='bbox 983 5648 1226 5695; x_wconf 71' lang='lat' dir='ltr'><strong>Lxxxvn,</strong></span> <span class='ocrx_word' id='word_1_868' title='bbox 1265 5631 1315 5686; x_wconf 82' lang='grc'><strong>1.</strong></span> <span class='ocrx_word' id='word_1_869' title='bbox 1389 5630 1434 5661; x_wconf 81' lang='grc'><strong>⁸⁰</strong></span> <span class='ocrx_word' id='word_1_870' title='bbox 1465 5628 1613 5683; x_wconf 82' lang='lat' dir='ltr'><strong>Psal.</strong></span> <span class='ocrx_word' id='word_1_871' title='bbox 1665 5641 1815 5691; x_wconf 77' lang='lat' dir='ltr'><strong>cm,</strong></span> <span class='ocrx_word' id='word_1_872' title='bbox 1843 5626 1892 5679; x_wconf 84' lang='lat' dir='ltr'><strong>l.</strong></span> 
     </span>
    </p>
   </div>
   <div class='ocr_carea' id='block_1_118' title="bbox 1632 5744 1954 5803">
    <p class='ocr_par' dir='ltr' id='par_1_118' title="bbox 1632 5744 1954 5803">
     <span class='ocr_line' id='line_1_118' title="bbox 1632 5744 1954 5803; baseline -0.003 -4"><span class='ocrx_word' id='word_1_873' title='bbox 1632 5744 1954 5803; x_wconf 79' lang='lat' dir='ltr'><strong>tentationis.</strong></span> 
     </span>
    </p>
   </div>
  </div>
