4236 6282
279 382 385 437 173

1633 385 1832 441 LIBER
1873 385 2193 443 TERTIUS.

3438 415 3541 474 174

272 501 381 555 dus
427 502 499 556 de
537 501 798 558 invisibili
849 503 1076 569 doceat,
1122 515 1177 561 et
1224 506 1557 576 exemplaria
1607 506 1856 576 qumdam
1889 516 1932 570 Α
1965 516 2076 562 tere
2104 511 2513 579 proposuimus,
2545 513 2778 571 lucidius
2811 520 3226 596 cvidenliusque
3257 530 3533 603 colligere.

271 594 588 651 calestium
617 597 889 652 contineat
922 598 1123 673 positio
1164 598 1269 654 ista
1300 607 1553 666 terrena;
1589 608 1649 653 ut
1673 600 1742 653 ah
1777 600 1862 655 his

270 701 397 757 quae
447 688 707 745 deorsum
763 690 830 744 ad
876 706 939 745 ea
981 706 1103 760 qum
1148 706 1368 746 sursum
1413 699 1542 745 sunt
1585 690 1861 760 possimus

190 770 195 773 ’
267 779 604 842 ascendere,
653 788 818 849 atque
857 795 922 834 ex
972 779 1056 834 his
1108 796 1231 850 qua:
1266 780 1514 835 videmus
1559 779 1611 833 in
1667 780 1856 843 terris,

267 869 473 924 sentire
507 877 565 924 et
598 870 899 941 intelligere
940 885 1003 924 ea
1037 887 1160 939 quae
1185 870 1459 925 habentur
1488 871 1542 925 in
1572 871 1743 926 ctelis.
1776 871 1859 925 Ad

267 974 509 1028 quorum
547 959 958 1017 similitudinem
986 963 1276 1031 quamdam
1303 1003 1317 1030 ,
1352 980 1462 1034 quo
1499 962 1715 1019 facilius
1745 964 1861 1017 col-

263 1051 351 1121 ligi
384 1066 491 1121 per
528 1051 643 1107 haec
673 1068 738 1107 ac
765 1053 953 1108 sentiri
987 1063 1212 1124 possent
1238 1056 1607 1119 diversitates,
1638 1063 1859 1109 creatu-

260 1156 451 1196 rarum
497 1159 625 1213 qua:
665 1145 720 1197 in
762 1145 923 1200 terris
972 1156 1100 1200 sunt
1147 1146 1556 1202 similitudinem
1605 1145 1856 1201 conditor

258 1232 430 1289 dedit.
488 1234 560 1289 Et
606 1234 854 1292 fortassis
884 1238 1025 1293 sicut
1086 1238 1360 1294 hominem
1393 1237 1537 1294 Deus
1564 1239 1629 1292 ad
1664 1238 1856 1308 imagi-

257 1334 383 1373 nem
412 1332 473 1376 et
511 1322 924 1380 similitudinem
954 1341 1110 1380 suam
1146 1325 1294 1392 fecit,
1332 1327 1407 1381 ita
1431 1326 1595 1381 etiam
1628 1336 1853 1382 eteteras

255 1421 552 1469 creaturas
586 1415 653 1469 ad
692 1415 825 1470 alias
859 1418 1127 1487 quasdam
1166 1417 1418 1474 caelestes
1462 1417 1728 1490 imagines
1754 1434 1852 1488 per

254 1503 692 1560 similitudinem
741 1506 1022 1575 condidit;
1055 1515 1110 1562 et
1142 1506 1374 1563 fortasse
1401 1508 1455 1562 in
1487 1515 1697 1563 tantum
1733 1508 1848 1563 sin-

251 1592 376 1662 gula
428 1611 669 1665 quaeque
715 1611 835 1666 qum
881 1596 936 1650 in
979 1597 1137 1653 terris
1183 1607 1340 1663 sunt,
1387 1597 1591 1653 habent
1638 1598 1846 1668 aliquid

250 1681 521 1753 imaginis
565 1693 620 1740 et
673 1687 1046 1743 similitudinis
1079 1687 1136 1742 in
1172 1688 1525 1754 cmlestibus,
1572 1696 1633 1744 ut
1679 1689 1842 1744 etiam

250 1790 495 1843 granum
531 1778 737 1848 sinapis
763 1779 909 1850 quod
940 1779 1227 1835 minimum
1261 1788 1346 1836 est
1370 1781 1423 1835 in
1460 1781 1721 1837 omnibus
1755 1796 1843 1837 sc-

1964 597 2177 656 Etenim
2223 604 2456 673 scriptor
2482 606 2587 661 istc
2629 608 2910 677 sapientiae
2941 614 3136 671 divinae
3166 634 3287 675 cum
3322 597 3534 696 singula

1961 706 2192 762 quaeque
2239 708 2654 766 enumerasset,
2708 703 2774 758 ad
2807 704 3057 761 ultimum
3092 708 3261 778 dixit,
3286 717 3411 784 quia
3442 736 3535 779 oc-

1962 782 2272 852 cultorum,
2318 794 2372 841 et
2415 788 2832 847 manifestorum
2881 799 3153 866 acceperit
3199 782 3531 864 scientiam:

1958 874 2255 929 ostendens
2304 876 2424 932 sine
2465 878 2633 934 dubio
2677 884 2822 951 quod
2874 890 3301 961 unumquodque
3344 909 3534 953 eorum

1958 978 2079 1031 quae
2109 965 2164 1019 in
2193 967 2485 1025 manifesto
2514 982 2661 1037 sunt,
2694 975 2963 1031 referatur
2996 980 3062 1034 ad
3103 982 3305 1053 aliquid
3339 1005 3531 1044 eorum

1957 1071 2077 1123 qua:
2107 1056 2158 1110 in
2192 1059 2407 1115 occulto
2436 1070 2596 1129 sunt;
2636 1065 2687 1119 id
2720 1075 2836 1133 est,
2889 1069 3099 1143 singula
3147 1090 3376 1147 qumque
3405 1081 3536 1137 visi-

1957 1147 2084 1201 bilia
2121 1149 2319 1205 habere
2356 1151 2562 1223 aliquid
2615 1157 2989 1217 similitudinis
3013 1171 3067 1218 et
3092 1167 3322 1225 rationis
3345 1171 3412 1226 ad
3442 1173 3532 1227 in-

1954 1238 2209 1293 visibilia.
2239 1240 2378 1307 Quia
2409 1258 2541 1315 ergo
2575 1245 2915 1323 impossibile
2938 1262 3019 1308 est
3045 1255 3257 1313 homini
3285 1261 3338 1315 in
3362 1278 3530 1319 carne

1953 1327 2155 1382 viventi
2176 1345 2473 1399 agnoscere
2496 1335 2701 1405 aliquid
2728 1337 2797 1393 de
2818 1343 3047 1399 occultis
3067 1355 3118 1399 et
3137 1347 3525 1421 iuvisibilibus,

1951 1415 2053 1470 nisi
2087 1416 2378 1489 imaginem
2411 1423 2650 1495 aliquam
2682 1437 2736 1482 et
2767 1431 3181 1492 similitudinem
3210 1415 3528 1515 conceperit

1949 1506 2015 1561 de
2066 1508 2403 1605 visibilibus;
2458 1515 2529 1570 ob
2580 1518 2687 1573 hoc
2736 1522 3010 1591 arbitror,
3079 1532 3225 1600 quod
3276 1506 3524 1607 ille—qui

1948 1601 2131 1655 omnia
2161 1600 2214 1656 in
2246 1604 2513 1673 sapientia
2561 1607 2709 1679 fecit,
2746 1612 2819 1668 ita
2853 1619 3054 1675 creavit
3082 1600 3525 1698 unamquamque

1946 1693 2240 1749 visibilium
2280 1698 2516 1766 speciem
2563 1698 2618 1755 in
2652 1704 2848 1773 terris,
2894 1717 2956 1763 ut
3002 1710 3059 1766 in
3096 1712 3184 1770 bis
3212 1693 3519 1775 doctrinam

1947 1787 2239 1853 quamdam
2290 1800 2343 1843 et
2398 1791 2731 1860 agnitionem
2787 1814 2971 1855 rerum
3040 1803 3396 1865 invisibilium
3463 1824 3520 1869 et

247 1865 530 1933 minibus,
561 1868 758 1924 habeat
786 1869 990 1941 aliquid
1022 1871 1275 1943 imaginis
1300 1879 1352 1926 et
1375 1871 1751 1927 similitudinis
1779 1872 1834 1925 in
1871 1865 1911 1919 Β
1938 1876 2241 1934 caelestium
2281 1894 2538 1951 poneret;
2570 1903 2679 1957 quo
2707 1903 2802 1958 per
2830 1891 2944 1948 hac
2987 1899 3310 1956 ascenderet
3361 1865 3518 1961 mens

245 1956 446 2023 caelis;
488 1966 543 2013 et
584 1958 687 2015 hoc
736 1961 881 2030 quod
913 1962 1033 2016 talis
1064 1962 1115 2016 ei
1151 1962 1399 2031 quaedam
1425 1963 1726 2033 composita
1753 1972 1839 2018 est

243 2047 554 2102 alternatio
584 2058 791 2104 naturae
816 2088 832 2115 ,
883 2059 945 2105 ut
994 2066 1118 2106 cum
1151 2052 1438 2107 minimum
1475 2052 1547 2107 sn
1590 2053 1839 2107 omnium

243 2137 564 2200 seminum,
597 2137 773 2206 majus
813 2138 905 2192 fiat
933 2141 1189 2196 omnibus
1219 2141 1483 2209 oleribus,
1515 2142 1590 2196 ita
1619 2150 1678 2197 ut
1712 2156 1842 2212 pos-

244 2235 368 2283 sent
395 2226 595 2282 venire
624 2241 752 2283 aves
780 2229 902 2284 caeli
923 2269 937 2294 ,
991 2239 1045 2287 et
1096 2230 1342 2288 habitare
1384 2231 1443 2286 in
1485 2232 1653 2288 ramis
1682 2232 1835 2302 ejus;

243 2316 675 2372 similitudinem
720 2317 859 2374 ferat
904 2336 1014 2376 non
1068 2322 1249 2377 solum
1299 2323 1535 2393 alicujus
1599 2325 1837 2381 caelestis

241 2408 547 2480 imaginis,
596 2410 690 2466 sed
744 2419 796 2466 et
839 2411 1013 2482 ipsius
1049 2413 1206 2483 regni
1237 2414 1521 2470 ccelorum.
1576 2416 1668 2473 Sic
1706 2432 1835 2487 ergo

239 2501 515 2570 possibile
558 2509 642 2557 est
692 2502 856 2558 etiam
903 2512 1097 2560 caetera
1144 2506 1354 2562 semina
1397 2524 1521 2578 quae
1571 2509 1623 2563 in
1671 2508 1831 2564 terris

243 2606 392 2663 sunt,
418 2604 485 2650 ut
513 2595 749 2651 habeant
784 2596 989 2668 aliquid
1021 2599 1076 2653 in
1106 2600 1422 2656 caelestibus
1454 2601 1830 2659 similitudinis

241 2696 294 2743 et
321 2687 584 2744 rationis.
617 2686 772 2754 Quod
809 2690 855 2745 si
883 2691 1115 2758 semina,
1143 2691 1262 2747 sine
1288 2693 1454 2748 dubio
1482 2702 1535 2748 et
1566 2695 1827 2765 virgulta;

241 2787 294 2833 et
321 2779 368 2833 si
406 2778 673 2848 virgulta,
705 2779 826 2835 sine
856 2780 1025 2836 dubio
1057 2790 1112 2836 et
1145 2782 1466 2851 animantia,
1496 2784 1579 2838 vel
1611 2786 1825 2853 alitum,

241 2871 323 2925 vel
352 2871 691 2941 repentium,
721 2879 776 2926 et
801 2872 1238 2942 quadrupedum.
1258 2873 1366 2930 Sed
1396 2884 1450 2931 et
1481 2876 1610 2932 illud
1645 2877 1825 2934 adhuc

244 2970 421 3029 potest
476 2962 744 3032 intelligi,
799 2963 944 3033 quod
993 2964 1134 3019 sicut
1177 2981 1406 3035 granum
1454 2967 1659 3038 sinapis
1713 2985 1821 3024 non

245 3067 404 3106 unam
438 3052 860 3108 similitudinem
890 3062 1034 3109 tenet
1063 3056 1212 3125 regni
1257 3058 1521 3113 ctelorum
1566 3069 1620 3116 et
1668 3060 1822 3115 habi-

1941 1967 2178 2024 humana
2228 1971 2297 2026 ad
2343 1975 2641 2042 spiritalem
2708 1980 3154 2056 intelligentiam,
3217 2001 3274 2046 et
3330 2010 3516 2052 rerum

1940 2072 2137 2114 causas
2183 2061 2237 2114 in
2271 2064 2588 2122 coelestibus
2624 2081 2924 2139 quaereret,
2985 2084 3046 2131 ut
3092 2092 3277 2148 posset
3324 2086 3517 2143 edocta

1941 2163 2036 2218 per
2059 2151 2385 2220 sapientiam
2423 2154 2519 2211 Dei
2546 2158 2713 2213 etiam
2755 2160 2872 2230 ipsa
2916 2164 3137 2223 dicere:
3172 2170 3305 2236 Qum
3338 2175 3394 2228 in
3429 2191 3518 2230 oc-

1939 2238 2080 2294 culto
2109 2254 2254 2307 sunt,
2289 2251 2339 2298 et
2369 2261 2487 2316 quae
2514 2248 2566 2302 in
2592 2250 2894 2320 manifesto,
2931 2261 3167 2328 cognovi.
3200 2262 3511 2322 Secundum

1939 2328 2054 2386 haec
2081 2348 2300 2404 quoque
2336 2340 2588 2407 agnoscit
2630 2351 2685 2397 et
2723 2345 3088 2404 substantiam
3135 2354 3357 2420 mundi,
3399 2373 3511 2413 non

1935 2420 2112 2476 solum
2170 2423 2311 2481 hanc
2353 2427 2625 2485 visibilem
2660 2447 3126 2508 corporea-mque,
3176 2459 3299 2513 qua:
3329 2447 3511 2516 palam

1933 2520 2047 2577 est,
2092 2513 2187 2568 sed
2230 2523 2285 2570 et
2333 2516 2481 2572 illam
2514 2520 2894 2593 incorporeum
2925 2513 3366 2604 invisibilemque
3389 2552 3512 2607 qum

1932 2601 1983 2655 in
2015 2605 2233 2659 occulto
2256 2615 2358 2662 est.
2395 2608 2658 2680 Agnoscit
2686 2614 2849 2670 etiam
2882 2617 3152 2677 elementa
3185 2601 3375 2679 mundi
3399 2601 3510 2682 non

1930 2693 2109 2749 solum
2147 2697 2381 2754 visibilia
2404 2743 2419 2768 ,
2456 2702 2549 2757 sed
2593 2712 2648 2759 et
2678 2705 3008 2778 invisibilia,
3052 2720 3108 2767 et
3148 2722 3510 2788 utrorumque

1927 2785 2175 2843 virtutes.
2214 2787 2319 2845 Sed
2354 2800 2408 2847 et
2454 2793 2671 2851 initium
2718 2800 2861 2869 quod
2910 2803 3073 2870 dicit,
3105 2814 3161 2860 et
3208 2807 3369 2864 linem
3392 2785 3433 2879 ,—
3450 2822 3508 2867 et

1927 2876 2273 2935 medietatem
2303 2888 2631 2954 temporum,
2669 2888 2887 2946 initium
2919 2894 2995 2949 ait
3020 2896 3253 2955 visibilis
3279 2876 3503 2970 quidem

1926 2968 2149 3036 mundi,
2184 2971 2331 3040 quod
2365 2983 2490 3030 ante
2541 2991 2636 3032 sex
2684 2980 2854 3037 millia
2894 2998 3003 3038 non
3049 2968 3504 3058 integros—annos

1924 3057 2143 3115 initium
2176 3063 2427 3136 designat
2472 3066 2719 3138 Moyses;
2757 3075 3100 3134 medietatem
3149 3095 3370 3153 quoque
3408 3101 3500 3142 se-

245 3144 462 3200 tationis
523 3144 728 3199 scilicet
759 3145 943 3213 avium
978 3146 1033 3200 in
1067 3149 1236 3203 ramis
1265 3149 1402 3214 suis,
1446 3150 1539 3204 sed
1572 3151 1733 3206 habet
1764 3160 1819 3206 et

247 3237 402 3292 aliam
452 3238 875 3295 similitudinem
929 3240 1011 3295 vel
1070 3240 1399 3312 imaginem,
1468 3243 1815 3314 perfectionis

244 3330 444 3386 scilicet
481 3329 642 3396 ﬁdei,
677 3330 753 3385 ita
783 3339 844 3386 ut
874 3331 918 3386 si
944 3332 1069 3402 quis
1099 3333 1293 3388 habeat
1320 3334 1481 3391 fidem
1508 3336 1651 3393 sicut
1682 3354 1809 3409 gra-

242 3436 363 3475 num
417 3422 666 3491 sinapis,
698 3422 846 3477 dicat
892 3423 1064 3477 monti
1103 3424 1400 3482 transferre
1431 3442 1513 3493 se,
1543 3436 1595 3484 et
1628 3437 1812 3486 trans-

241 3509 405 3577 feret;
435 3513 517 3567 ita
548 3513 808 3582 possibile
837 3522 919 3569 est
949 3522 1008 3568 ut
1048 3515 1209 3571 etiam
1240 3527 1437 3573 caetera
1471 3534 1578 3575 non
1620 3520 1672 3574 in
1701 3536 1812 3576 uno

239 3602 436 3672 aliquo,
491 3604 584 3658 sed
633 3603 687 3657 in
721 3604 970 3673 pluribus
1003 3605 1235 3674 speciem
1273 3614 1328 3661 et
1364 3607 1654 3678 imaginem
1697 3625 1811 3666 coe-

236 3692 449 3749 lestium
484 3692 681 3749 ferant.
715 3694 782 3749 Et
806 3711 928 3751 cum
957 3695 1148 3766 plures
1174 3697 1314 3767 sint,
1346 3701 1495 3756 verbi
1536 3701 1646 3772 82
1685 3718 1809 3774 gra-

236 3783 328 3850 tia,
359 3785 413 3839 in
442 3801 619 3857 grano
645 3785 851 3855 sinapis
884 3786 1112 3843 virtutes
1140 3803 1262 3858 qua:
1285 3804 1467 3846 rerum
1499 3792 1807 3850 caelestium

237 3875 502 3949 imagines
532 3887 783 3947 teneant,
816 3881 1037 3937 ultimus
1087 3891 1140 3938 et
1175 3891 1454 3941 extremus
1501 3884 1622 3955 ejus
1670 3901 1806 3943 usus

236 3977 314 4023 est
350 3970 455 4027 iste
491 3971 587 4041 qui
626 3972 858 4027 habetur
900 3971 1045 4042 apud
1097 3974 1350 4032 homines
1400 3978 1455 4033 in
1497 3977 1806 4034 ministerio

238 4063 524 4131 corporali.
542 4062 621 4119 Ita
638 4064 800 4119 etiam
821 4064 874 4118 in
891 4066 1138 4134 reliquis,
1157 4067 1239 4121 vel
1257 4068 1582 4139 seminibus,
1596 4073 1682 4127 vel
1695 4073 1807 4127 vir-

238 4153 415 4220 gultis,
432 4156 519 4210 vel
545 4155 834 4211 herbarum
861 4156 1160 4223 radicibus,
1188 4158 1275 4214 vel
1292 4159 1454 4213 etiam
1479 4162 1534 4215 in
1560 4163 1806 4218 animan-

239 4241 376 4299 tibus
402 4246 847 4317 intelligipotest;
866 4257 927 4303 ut
944 4262 1103 4302 usum
1125 4248 1344 4320 quidem
1358 4257 1413 4306 et
1436 4251 1803 4309 ministerium

237 4332 540 4393 hominibus
570 4339 845 4407 praebeant
869 4339 1185 4411 corporale,
1227 4341 1462 4398 habeant
1496 4354 1677 4402 autem
1715 4347 1802 4402 in-
1975 4339 2222 4398 Circulos
2254 4358 2475 4414 quoque
2502 4360 2772 4403 annorum
2806 4352 3210 4423 temporalium,
3246 4367 3302 4413 et
3332 4372 3476 4428 prae-

238 4430 587 4496 corporalium
614 4446 799 4486 rerum
824 4430 1028 4489 formas
1054 4440 1107 4488 et
1136 4433 1402 4504 imagines
1421 4479 1435 4503 ,
1465 4437 1666 4507 quibus
1698 4438 1799 4495 do-
1905 4432 2138 4490 sentium
2179 4434 2347 4490 refert
2379 4434 2445 4489 ad
2473 4437 2813 4508 antiquiores
2842 4442 3057 4514 aliquos
3091 4458 3158 4502 ac
3186 4449 3477 4519 sempiter-

239 4516 339 4569 ceri
356 4519 530 4573 anima
555 4520 748 4590 possit,
773 4529 828 4574 et
854 4520 1051 4576 instrui
1079 4522 1146 4577 ad
1178 4525 1596 4595 contemplanda
1628 4528 1792 4583 etiam
1827 4532 1872 4588 D
1901 4537 2003 4579 n08
2051 4538 2259 4593 annOS,
2294 4527 2593 4582 secundum
2633 4544 2758 4585 eum
2788 4533 2883 4602 qui
2912 4533 3128 4592 dicebat
3155 4553 3168 4592 :
3206 4537 3278 4592 Et
3309 4557 3477 4597 annos

241 4618 296 4658 ea
322 4623 436 4677 quis
461 4619 587 4665 sunt
613 4610 907 4667 invisibilia
934 4621 986 4668 et
1014 4613 1281 4669 caelestia.
1308 4613 1376 4669 Et
1404 4615 1509 4671 hoc
1534 4615 1790 4675 fortassis
1900 4622 2121 4669 internas
2155 4617 2212 4669 ἱη
2244 4626 2414 4672 mente
2438 4620 2678 4678 habui”.
2709 4623 2818 4679 Sed
2847 4633 2903 4680 et
2932 4627 3210 4684 stellarum
3243 4633 3473 4702 positio-

242 4705 316 4749 est
366 4702 506 4768 quod
570 4702 661 4757 ille
725 4703 957 4773 scriptor
1016 4704 1216 4759 divinae
1268 4704 1549 4775 sapientiae
1604 4707 1786 4763 dicit:
1896 4718 1995 4759 nes
2039 4720 2149 4759 non
2199 4705 2468 4763 dubitavit
2513 4711 2582 4765 ab
2612 4711 2699 4767 his
2741 4728 2864 4782 quae
2886 4714 3063 4782 palam
3101 4717 3356 4777 videntur
3382 4742 3471 4781 rc-

244 4780 350 4852 lpsc
392 4792 523 4845 enim
574 4794 703 4847 mihi
748 4794 892 4849 dedit
940 4811 1121 4850 eorum
1168 4804 1286 4868 quia
1341 4805 1463 4851 sunt
1510 4800 1787 4854 scientiam
1894 4794 2040 4851 ferre
2071 4797 2139 4851 ad
2172 4797 2261 4852 illa
2290 4814 2411 4868 quae
2440 4801 2492 4853 in
2518 4802 2749 4857 occultis
2785 4814 2949 4869 sunt,
2983 4823 3104 4877 quae
3130 4813 3469 4871 occultorum

240 4887 427 4944 veram,
470 4892 527 4935 ut
577 4884 742 4937 sciant
797 4884 1153 4940 substantiam
1204 4887 1420 4954 mundi,
1462 4897 1511 4943 et
1569 4890 1788 4944 uirtutes
1895 4888 2423 4963 manifestorumque
2476 4894 2760 4950 scientiam
2804 4900 3050 4956 meruit:
3087 4911 3140 4957 et
3178 4904 3308 4961 dicit
3349 4922 3473 4965 esse

238 4964 621 5039 elementorum,
658 4976 892 5041 initium,
924 4985 973 5031 et
1005 4978 1184 5046 ﬁnem,
1215 4987 1264 5033 et
1293 4980 1624 5034 medietatem
1658 4991 1789 5036 tem—
1894 4980 2114 5050 aliquod
2162 4991 2476 5037 sanctorum
2508 5000 2679 5055 genus
2727 4989 2871 5057 quod
2905 4989 2973 5045 de
3012 4992 3245 5050 Abrahae
3278 4998 3472 5067 praeci-

237 5072 427 5127 porum,
451 5067 868 5123 vicissitudinum
889 5070 1319 5139 permutationes,
1351 5081 1401 5125 et
1427 5074 1784 5128 conversiones
1893 5086 1999 5140 pue
2031 5072 2197 5142 stirpe
2226 5073 2525 5141 descendit,
2567 5077 2708 5132 sicut
2738 5080 2920 5137 stellas
2947 5084 3091 5139 cceli.
3138 5083 3244 5141 Sed
3289 5097 3346 5143 et
3376 5103 3466 5143 re-

241 5155 538 5222 temporum,
564 5170 612 5214 et
644 5163 772 5215 anni
797 5160 1050 5227 circulos,
1086 5170 1135 5215 et
1169 5161 1443 5218 stellarum
1470 5166 1783 5234 positiones,
1894 5165 2249 5222 surrectionis
2291 5165 2489 5223 futurae
2517 5169 2744 5238 gloriam
2779 5173 2963 5229 stellas
3006 5190 3127 5231 esse
3159 5180 3461 5234 secundum

239 5252 442 5300 naturas
491 5252 842 5320 animalium,
891 5262 940 5307 et
967 5255 1075 5308 iras
1123 5252 1449 5320 bestiarum,
1496 5257 1783 5325 spirituum
1893 5255 2233 5311 occultorum
2283 5258 2564 5314 scientiam
2613 5264 3026 5333 pronuntiavit,
3065 5282 3298 5338 sequens
3339 5285 3467 5325 eum

242 5333 510 5406 violentius,
539 5353 588 5396 et
618 5347 963 5415 cogitationes
989 5346 1279 5412 hominum,
1307 5346 1640 5416 diﬂcrentias
1675 5351 1784 5403 vir-
1889 5347 1981 5416 qui
2009 5348 2182 5404 dixit:
2216 5350 2339 5403 Alia
2370 5351 2543 5421 gloria
2574 5352 2722 5419 solis,
2746 5364 2795 5408 et
2823 5355 2934 5410 alia
2966 5333 3263 5414 stellarum.
3293 5359 3466 5418 Stella

239 5424 498 5497 gultorum,
529 5443 577 5486 et
604 5435 820 5490 virtutes
849 5437 1124 5501 radicum;
1157 5437 1247 5492 sed
1276 5446 1326 5492 et
1350 5454 1672 5510 quacunque
1697 5455 1784 5493 oc-
1885 5443 2025 5496 enim
2048 5459 2081 5496 a
2109 5442 2264 5496 stella
2293 5443 2473 5511 cli/fert
2496 5443 2549 5496 in
2576 5443 2768 5514 gloria,
2792 5448 2870 5500 ita
2895 5457 2943 5502 et
2972 5450 3286 5504 resurrectio
3320 5466 3465 5506 mor-

241 5516 365 5571 t‘ttlta
392 5532 437 5574 ct
462 5526 740 5594 manifesta
769 5536 892 5581 sunt
921 5528 1216 5598 cognovi”.
1244 5527 1379 5585 Vide
1410 5544 1539 5602 ergo
1573 5532 1619 5587 si
1648 5546 1780 5601 pos-
1886 5531 2177 5587 tuorum”.
2223 5528 2339 5586 Nisi
2393 5532 2693 5587 secundum
2753 5536 2867 5591 haec
2908 5537 3299 5609 intelligeretur
3328 5541 3463 5599 illud

240 5601 391 5664 simus
410 5627 473 5666 ex
502 5614 585 5670 his
619 5614 911 5686 Scriptura;
947 5618 1288 5675 sermonibus
1321 5635 1409 5689 ea,
1440 5601 1563 5692 quae
1591 5622 1778 5679 discu-
1883 5623 2029 5692 quod
2056 5622 2133 5677 ait
2161 5638 2174 5675 :
2212 5620 2454 5676 Naluras
2486 5624 2820 5695 animalium,
2846 5628 3057 5697 irasque
3086 5630 3371 5689 bestiarum
3388 5633 3457 5701 “,

1921 3152 2161 3207 cundum
2196 3162 2501 3226 temporum
2541 3154 2843 3233 rationem,
2891 3167 3166 3241 ﬁnemque
3205 3152 3358 3229 illum
3400 3178 3497 3247 qui

1919 3251 2171 3308 speratur
2194 3260 2318 3300 cum
2347 3248 2548 3304 caelum
2580 3261 2632 3307 et
2657 3264 2798 3310 terra
2826 3260 3154 3317 transibunt.
3180 3261 3494 3324 Secundum

1917 3333 2259 3419 occultorum
2288 3352 2418 3394 vero
2462 3341 2743 3398 scientiam
2763 3385 2777 3410 ,
2811 3347 3026 3405 initium
3057 3352 3188 3408 illud
3221 3358 3366 3427 quod
3406 3359 3496 3414 in-

1919 3423 2108 3495 telligit
2142 3426 2188 3482 is
2212 3444 2374 3498 quem
2423 3432 2693 3502 sapientia
2725 3436 2818 3492 Dei
2846 3440 3127 3510 docuerit,
3159 3423 3306 3517 quod
3343 3451 3493 3507 nulla

1914 3526 2148 3585 possunt
2204 3529 2442 3593 tempora
2469 3565 2484 3590 ,
2541 3526 2690 3583 nulla
2742 3533 2939 3590 saecula
3008 3540 3488 3606 comprehendere.

1912 3606 2250 3668 Medietatcm
2277 3630 2406 3671 vero
2440 3616 2553 3674 haec
2582 3634 2704 3690 quae
2728 3639 2873 3679 nunc
2898 3636 3043 3691 sunt,
3071 3628 3233 3684 linem
3267 3646 3393 3685 vero
3425 3648 3491 3689 ea

1912 3716 2034 3771 quae
2076 3704 2260 3761 futura
2300 3720 2457 3776 sunt,
2491 3710 2543 3765 id
2576 3720 2679 3779 est,
2721 3714 3106 3784 perfectionem
3137 3736 3491 3779 consumma-

1910 3793 2224 3866 tionemque
2258 3799 2652 3870 universitatis,
2682 3820 2802 3875 qua:
2835 3817 3016 3862 tamen
3045 3826 3112 3864 ex
3142 3812 3226 3866 his
3262 3812 3490 3870 visibili-

1909 3885 2012 3942 bus
2042 3888 2242 3958 conjici
2274 3902 2507 3960 possunt
2532 3904 2587 3949 et
2626 3895 2872 3966 intelligi.
2921 3895 3028 3953 Sed
3064 3907 3119 3954 et
3149 3901 3487 3962 vicissitudi-

1909 3993 2039 4033 num
2102 3983 2567 4050 permutationes,
2609 3996 2663 4041 et
2717 3997 3024 4058 temporum
3072 3997 3482 4069 conversiones,

1909 4069 2037 4123 anni
2065 4070 2321 4138 circulus,
2345 4087 2412 4125 ex
2445 4073 2531 4126 his
2561 4089 2684 4143 qua:
2712 4078 2964 4133 videntur
2993 4082 3157 4139 refert
3187 4087 3255 4140 ad
3288 4087 3482 4143 invisi-

1909 4158 2045 4214 biles
2079 4174 2260 4214 rerum
2290 4162 2655 4230 corporalium
2686 4170 3120 4236 permutationes
3158 4189 3224 4229 ac
3264 4175 3484 4234 vicissi-

1910 4247 2144 4304 tudines.

295 5790 336 5822 ’³
372 5793 494 5867 Sap.
530 5815 627 5867 vn,
658 5799 744 5865 17,
777 5799 862 5867 i8,
892 5802 976 5872 l9,
1001 5803 1091 5871 20,
1120 5805 1211 5860 ‘2].
1253 5808 1333 5883 _“
1371 5807 1515 5867 Psal.
1550 5825 1758 5882 uxvn,
1788 5810 1840 5866 3.
1916 5812 1960 5844 "
1989 5811 2030 5868 ll
2070 5812 2103 5825 "
2126 5828 2188 5868 ετ.
2219 5828 2307 5884 xv,
2341 5812 2539 5885 “,42.
2613 5818 2659 5852 "
2687 5819 2813 5891 Sap.
2847 5834 2940 5887 vn,
3009 5821 3100 5880 20.
