4236 6282
668 423 770 477 175

1719 423 2044 482 ORIGENIS
2080 424 2151 480 IN
2189 425 2543 484 CANTICUM
2582 428 2854 485 CANTIC.

3826 441 3926 498 I76

665 555 947 611 nunquam
998 539 1226 596 dixisset
1271 541 1327 595 in
1366 538 1674 612 Evangeliis
1726 538 1979 598 Salvator
2012 560 2025 596 :
2070 543 2239 599 Dicite
2269 549 2315 606 Α
2344 558 2561 611 causas,
2588 554 2649 600 ut
2674 546 2779 601 ill's
2806 546 3036 604 occultis
3067 558 3121 603 et
3150 549 3519 608 invisibilibus
3540 554 3718 609 cervis
3746 557 3928 614 videa-

664 634 812 705 tmlpi
831 634 951 688 huic
966 633 1033 698 ",
1064 648 1242 704 neque
1260 632 1501 689 Joannes
1524 634 1592 690 de
1612 634 1939 704 quibusdam
1964 635 2194 691 dixisset
2222 651 2236 687 :

666 725 940 796 Serpentes
983 728 1255 796 generatio
1306 726 1681 797 viperarum",
1731 730 1827 782 sed
1886 743 2061 798 neque
2111 742 2242 798 pro-

664 816 825 887 pheta
856 815 1061 869 diceret
1094 814 1161 869 de
1194 815 1476 871 nonnullis
1508 817 1652 884 quod
1679 818 1798 887 equi
1827 818 2141 871 admissarii
2165 819 2243 888 fa-

661 909 735 963 cti
759 917 881 962 sunt
899 916 973 964 η.
1001 916 1056 962 et
1078 908 1205 962 item
1232 907 1375 963 alius
1408 924 1422 961 :
1459 908 1628 963 Homo
1659 926 1778 964 cum
1804 911 1857 964 in
1883 912 2076 965 honore
2108 920 2241 967 esset

660 1016 764 1053 non
789 999 1072 1064 intellexit,
1101 1006 1441 1068 comparatus
1468 1009 1544 1053 est
1567 999 1824 1068 jumentis
1849 1000 2238 1069 insipientibus,

659 1099 710 1145 et
757 1088 949 1142 similis
986 1087 1162 1157 factus
1202 1095 1279 1141 est
1328 1086 1440 1140 illis
1466 1088 1508 1143 ¹.
1562 1086 1668 1143 Sed
1722 1098 1775 1144 et
1828 1090 1919 1145 ille
1953 1091 2243 1162 diligenter

661 1183 883 1254 agnovit
918 1182 1028 1237 iras
1055 1182 1354 1238 bestiarum
1383 1183 1477 1254 qui
1508 1182 1724 1238 dicebat
1753 1199 1766 1235 :
1802 1181 1984 1237 Furor
2016 1184 2127 1238 illis
2158 1201 2240 1239 se—

659 1273 891 1327 cundum
920 1274 1325 1327 similitudinem
1356 1275 1611 1344 serpentis
1639 1275 1778 1328 sicut
1802 1275 2002 1344 aspidis
2039 1275 2237 1339 surdw,

659 1364 961 1418 obturantis
991 1380 1145 1418 aures
1179 1366 1366 1420 suas’.
1410 1363 1534 1420 Hauc
1587 1364 1691 1419 erit
1721 1364 1862 1419 ratio
1892 1365 2053 1419 etiam
2079 1366 2147 1420 de
2173 1380 2240 1421 eo

650 1453 804 1522 quod
837 1454 944 1519 ait,
992 1454 1278 1522 spirituum
1317 1453 1595 1507 violentias
1612 1453 1655 1520 ⁹;
1700 1454 1987 1510 visibiliter
2018 1455 2239 1524 quidem

659 1544 728 1597 de
778 1544 953 1598 ventis
978 1584 993 1609 ,
1044 1552 1098 1598 et
1145 1543 1364 1599 ﬂatibus
1396 1546 1579 1611 aeris,
1614 1545 1960 1600 invisibiliter
1997 1561 2127 1601 vero
2172 1546 2240 1601 de

659 1636 935 1692 violentiis
961 1637 1369 1692 immundorum
1414 1637 1707 1707 spirituum
1737 1638 1989 1708 loquens,
2013 1652 2153 1709 quos
2185 1649 2240 1695 et

650 1725 867 1783 Paulus
900 1738 1092 1783 ventos
1126 1729 1389 1784 doctrinae
1423 1729 1778 1784 nominavit‘.
1809 1729 1940 1786 Post
1980 1732 2095 1786 haec
2122 1732 2238 1802 jam

638 1822 909 1892 sequitur
940 1832 996 1875 ut
1028 1823 1385 1892 cogitationes
1432 1822 1715 1877 hominum
1768 1823 1904 1877 sciat
1941 1824 2238 1894 corporali-

2347 643 2436 688 tur
2466 649 2627 703 posse
2681 636 2972 691 convenire
3000 637 3145 706 quod
3174 639 3380 695 dictum
3412 650 3498 696 est
3524 659 3537 697 :
3571 641 3683 696 Vox
3709 643 3928 702 Domini

2344 727 2661 795 perﬁcienlt's
2703 746 2877 783 cervos
2909 729 2951 782 ’.
2999 727 3134 795 Quae
3172 731 3318 785 enim
3378 733 3638 801 perfectio
3681 751 3745 790 ex
3792 753 3928 794 voce

2348 817 2563 873 Domini
2598 819 2657 873 fit
2702 820 2821 875 istis
2851 819 3163 877 visiliilibus
3196 823 3420 879 cervis?
3444 824 3551 879 Aut
3579 842 3703 896 quae
3728 827 3795 882 ad
3826 842 3928 886 eos

2342 905 2588 961 doctrina
2643 923 2882 977 unquam
2935 924 3003 963 ex
3035 909 3250 965 Domini
3308 927 3440 968 voce
3492 914 3816 970 descendit?
3865 915 3925 972 Si

2343 1011 2473 1051 vero
2521 998 2795 1067 spiritales
2837 1015 3028 1055 cervos
3054 1015 3387 1070 quaeramus,
3420 1019 3652 1074 quorum
3691 1005 3922 1062 formam

2342 1095 2397 1141 et
2426 1088 2717 1159 imaginem
2762 1097 2907 1144 tenet
2936 1090 3069 1145 illud
3096 1092 3301 1146 animal
3350 1088 3653 1163 corporale,
3691 1095 3813 1152 illos
3839 1097 3921 1151 iu-

2344 1177 2531 1231 venias
2579 1179 2646 1231 ad
2699 1193 2970 1234 summam
3026 1180 3375 1251 perfectionis
3425 1200 3493 1240 es
3540 1200 3674 1241 voce
3708 1185 3921 1242 Domini

2341 1280 2505 1336 posse
2531 1268 2777 1337 perduci.
2811 1269 3005 1327 Sedet
3036 1287 3269 1341 quorum
3314 1290 3598 1331 cervorum
3629 1276 3921 1333 Dominum

2342 1372 2564 1413 servare
2606 1359 2851 1414 decuerit
2902 1369 3112 1431 partus,
3160 1373 3215 1419 et
3265 1365 3416 1420 velut
3465 1367 3919 1423 medendiollicia

2341 1451 2669 1521 praebentem
2708 1455 3138 1521 parturientibus
3165 1464 3349 1513 astare
3378 1461 3714 1528 convenerit,
3748 1461 3921 1517 donec

2340 1551 2597 1611 parerent
2632 1541 2774 1598 filios
2826 1545 2982 1610 tales,
3016 1545 3109 1614 qui
3154 1548 3590 1616 adversarentur,
3643 1560 3693 1605 et
3733 1566 3918 1622 perse-

2340 1641 2641 1701 querentur
2683 1637 3017 1704 scrpentium
3051 1653 3244 1707 genus,
3278 1650 3336 1694 ut
3363 1640 3585 1710 dignum
3623 1651 3706 1697 est
3734 1644 3917 1699 divina

2341 1724 2648 1792 majestate,
2695 1725 2958 1784 debemus
3007 1731 3290 1786 advertere
3333 1726 3577 1802 qualium
3629 1750 3915 1789 cervorum

2342 1813 2515 1868 Deum
2556 1817 2710 1871 decet
2756 1817 2869 1888 (Ἠ)
2919 1834 3137 1876 servare
3183 1833 3392 1891 partus,
3446 1840 3513 1879 ne
3560 1825 3612 1878 in
3658 1826 3916 1880 aborsum

659 1886 991 1981 ter-quidem
1021 1926 1144 1981 quae
1173 1911 1240 1965 de
1289 1913 1530 1965 humano
1555 1912 1719 1966 corde
1744 1912 2066 1980 procedunt,
2096 1912 2238 1967 invi-
2267 1886 2311 1941 Β
2338 1906 2621 1973 decidant;
2660 1908 2753 1963 sed
2802 1918 2856 1964 et
2909 1926 3124 1968 menses
3169 1928 3358 1969 eorum
3410 1930 3696 1969 numerare
3725 1915 3916 1985 plenos

656 2002 890 2058 sibiliter
917 2009 1100 2057 autem
1133 2002 1401 2071 intelligat
1436 2017 1534 2057 eos
1554 2042 1569 2067 ,
1601 2002 1692 2072 qui
1723 2003 1975 2072 injiciunt
2001 2002 2237 2058 homini-

654 2093 759 2148 bus
782 2092 956 2148 malas
979 2101 1033 2147 et
1059 2092 1327 2161 pessimas
1362 2092 1743 2162 cogitationes,
1785 2093 1930 2148 sicut
1958 2093 2012 2147 in
2054 2092 2236 2149 Evan-

653 2183 796 2254 gelio
828 2183 1093 2253 scriptum
1132 2190 1218 2237 est
1250 2198 1263 2235 :
1306 2180 1442 2236 Cum
1490 2180 1737 2235 diabolus
1786 2184 2012 2238 misisset
2046 2186 2104 2238 in
2144 2202 2237 2238 cor

650 2278 813 2334 Juda:
857 2278 1168 2345 Iscariotis,
1210 2287 1269 2332 ut
1317 2278 1546 2333 traderet
1581 2280 1874 2335 Dominum
1891 2283 1933 2337 ⁸.
1984 2280 2053 2338 Ει
2086 2291 2147 2337 ut
2178 2283 2233 2338 in

655 2371 972 2428 Proverbiis
1013 2371 1219 2427 dicitur
1247 2387 1262 2426 :
1296 2368 1357 2425 Si
1388 2371 1607 2441 spiritus
1639 2381 1951 2443 potestatem
1996 2376 2234 2432 habentis

653 2466 951 2522 ascenderit
979 2481 1135 2535 super
1164 2473 1235 2530 te,
1264 2464 1440 2519 locum
1466 2473 1616 2519 tuum
1640 2482 1702 2521 ne
1723 2466 2078 2540 derelinquas,
2106 2473 2235 2540 quia

650 2559 859 2614 sanitas
902 2558 1182 2627 compescit
1211 2567 1429 2626 peccata
1464 2573 1658 2627 magna
1671 2559 1711 2613 ⁵.
1747 2558 1850 2615 Sed
1878 2568 1934 2615 et
1965 2562 2232 2620 bonarum

650 2648 1050 2720 cogitationum
1084 2656 1168 2702 est
1208 2647 1405 2718 aliquis
1456 2660 1692 2705 auctor:
1726 2660 1946 2719 propter
1985 2653 2129 2724 quod
2179 2663 2231 2709 ct

651 2741 708 2795 in
743 2738 980 2795 Psalmis
1018 2748 1151 2810 puto
1178 2739 1441 2809 scriptum
1476 2755 1597 2796 esse
1626 2760 1639 2796 :
1681 2740 1876 2797 Beatus
1904 2743 2056 2797 homo
2080 2744 2232 2816 cujus

648 2842 728 2891 cst
751 2832 1017 2888 auxilium
1041 2831 1134 2886 abs
1169 2842 1239 2896 te,
1268 2830 1512 2898 Domine,
1538 2835 1866 2889 ascensiones
1889 2836 1942 2889 in
1961 2836 2116 2892 corde
2137 2854 2233 2892 suo

649 2927 968 2996 disposuit".
1006 2924 1071 2979 Et
1105 2925 1299 2980 iterum
1331 2941 1345 2979 :
1381 2924 1649 2997 Cogitatio
1695 2927 1923 2981 hominis
1959 2929 2233 2998 conﬁtebi-

652 3031 741 3075 tur
766 3020 883 3086 tibi,
928 3028 976 3074 et
1006 3019 1245 3090 reliquie:
1286 3021 1666 3090 cogitationum
1693 3020 1828 3073 diem
1857 3021 2051 3090 festum
2078 3032 2230 3093 agent

649 3112 748 3166 tibi
763 3112 806 3166 ⁸.
862 3111 940 3166 lta
982 3110 1151 3181 igitur
1185 3120 1382 3165 cuncta
1432 3110 1732 3164 secundum
1772 3125 1835 3165 ea
1869 3127 1991 3180 quae
2020 3112 2229 3182 praefati

2337 1994 2403 2048 ad
2438 2004 2673 2066 partum,
2704 2012 3008 2071 eorumque
3038 2002 3252 2058 labores
3282 2013 3335 2058 et
3368 2004 3583 2060 dolores
3616 2005 3913 2071 custodire,

2339 2093 2398 2140 ut
2449 2089 2829 2156 generationes
2858 2106 3047 2147 eorum
3086 2093 3426 2149 non‘cadant
3479 2094 3533 2148 in
3566 2111 3785 2158 vanum,
3818 2096 3913 2150 sed

2338 2186 2397 2231 ut
2422 2177 2661 2248 perfecta
2687 2180 2757 2234 sit
2778 2195 2968 2236 eorum
3003 2184 3279 2249 nativitas,
3311 2194 3367 2240 et
3391 2186 3578 2240 tandiu
3610 2186 3916 2255 parturiant

2336 2272 2511 2329 donec
2559 2274 2826 2331 formetur
2857 2275 3110 2333 Christus
3140 2275 3195 2333 iu
3226 2278 3328 2334 eis.
3370 2277 3693 2350 Huiusmodi
3722 2297 3914 2338 cervo-

2336 2377 2459 2418 rum
2513 2365 2693 2435 pullos
2724 2365 2988 2423 Dominus
3039 2369 3230 2433 nutrit,
3274 2384 3466 2425 eorum
3513 2371 3778 2425 duntaxat
3816 2373 3911 2442 qui

2331 2453 2542 2525 jactant
2577 2455 2632 2510 in
2664 2455 2896 2511 Domino
2938 2457 3326 2527 cogitationem
3365 2475 3544 2527 suam,
3574 2470 3633 2515 ut
3669 2461 3787 2531 ipse
3814 2476 3913 2518 eos

2337 2545 2561 2612 nutriat,
2591 2554 2646 2601 et
2673 2546 2789 2613 ipse
2821 2554 2999 2601 servet
3050 2546 3267 2602 dolores
3296 2556 3485 2618 partus
3535 2564 3754 2617 eorum,
3783 2566 3910 2606 cum

2333 2650 2399 2690 ex
2427 2634 2620 2689 timore
2654 2633 2746 2689 Dei
2778 2642 2833 2689 et
2865 2634 2918 2688 in
2947 2644 3134 2691 ventre
3166 2639 3539 2708 conceperint,
3568 2647 3621 2694 et
3644 2642 3915 2710 parturie-

2333 2729 2465 2795 rint,
2482 2736 2536 2783 et
2561 2728 2810 2798 spiritum
2830 2728 3023 2784 salutis
3037 2731 3363 2799 pepererint.
3385 2729 3706 2801 Huiusmodi
3724 2741 3912 2805 partus

2333 2816 2550 2871 dolores
2580 2820 2695 2887 ipse
2716 2816 2981 2872 Dominus
3005 2827 3187 2873 servat
3212 2828 3266 2874 et
3297 2829 3472 2874 curat.
3505 2820 3611 2875 Sed
3635 2832 3689 2877 et
3714 2825 3913 2879 emittit

2334 2908 2547 2964 dolores
2583 2923 2796 2976 eorum,
2827 2917 2887 2964 ut
2925 2924 3118 2965 euntes
3161 2921 3308 2976 eaut,
3347 2921 3401 2966 et
3437 2912 3600 2968 lleant
3631 2924 3911 2983 portantes

2334 2999 2545 3054 semina
2582 3015 2703 3067 sua,
2735 3008 2790 3055 et
2822 3001 2927 3056 sint
2966 3002 3020 3056 in
3062 3002 3344 3059 doloribus
3388 3005 3671 3060 hominum
3717 3023 3779 3061 ac
3809 3008 3909 3063 lla-

2333 3091 2599 3162 gellentur
2630 3107 2755 3147 cum
2801 3090 3137 3159 hominibus,
3170 3110 3238 3149 ne
3280 3094 3419 3151 forte
3460 3106 3639 3153 teneat
3673 3112 3772 3154 eos
3809 3114 3910 3155 su»

647 3218 874 3269 sumus,
917 3219 981 3258 ex
1015 3203 1323 3258 visibilibus
1372 3202 1564 3257 referri
1600 3210 1831 3272 possunt
1864 3203 1930 3257 ad
1979 3204 2227 3259 invisibi-
2253 3216 2296 3275 ο

2253 3216 2296 3275 C
2331 3185 2538 3254 perbia.
2586 3183 2681 3241 Isti
2715 3201 2937 3257 quoque
2986 3187 3095 3256 ipsi
3123 3189 3267 3243 cervi
3327 3189 3685 3260 abrumpunt,
3722 3203 3779 3247 ut
3812 3192 3907 3257 ait,

632 3295 741 3358 lia,
773 3302 828 3348 et
858 3308 889 3347 a
925 3292 1305 3362 corporalibus
1335 3292 1400 3348 ad
1432 3293 1754 3363 incorporea
1779 3331 1794 3357 ,
1821 3292 1931 3364 83
1963 3300 2017 3348 et
2052 3309 2082 3348 a
2110 3310 2229 3348 ma-

645 3384 865 3440 nifestis
907 3385 975 3438 ad
1018 3385 1270 3451 occulta,
1320 3394 1379 3440 ut
1426 3385 1542 3454 ipsa
1597 3392 1851 3439 creatura
1895 3386 2085 3441 mundi
2133 3388 2226 3441 tali

643 3477 884 3548 quadam
914 3477 1323 3547 dispensatione
1351 3476 1573 3533 condita
1624 3476 1959 3548 intelligatur
2004 3494 2100 3549 per
2138 3480 2226 3534 di-

643 3572 830 3627 vinam
862 3570 1217 3642 sapientiam,
1249 3586 1371 3641 quae
1396 3570 1564 3625 rebus
1598 3570 1733 3640 ipsis
1761 3578 1815 3625 et
1855 3572 2120 3642 exemplis
2150 3572 2229 3627 in-

628 3664 883 3720 uisibilia
918 3678 1019 3719 nos
1047 3663 1115 3718 de
1142 3662 1453 3718 visibilibus
1483 3663 1698 3728 doceat,
1725 3669 1779 3717 et
1807 3676 1837 3716 a
1870 3663 2099 3720 terrenis
2127 3678 2227 3720 nos

623 3756 940 3812 "transferat
972 3756 1039 3811 ad
1073 3755 1338 3811 coelestia.

720 3845 813 3901 lla:
836 3856 1015 3902 autem
1047 3846 1290 3902 rationes
1322 3859 1429 3899 non
1460 3846 1636 3900 solum
1671 3846 1724 3900 in
1755 3848 2023 3903 creaturis
2050 3848 2229 3903 omni-

628 3937 754 3993 »‘bus
785 3937 1073 4001 habentur,
1106 3937 1201 3991 sed
1230 3945 1282 3989 ct
1310 3934 1592 4004 Scriptura
1638 3936 1819 3991 divina
1859 3938 1951 3991 tali
1990 3940 2224 4008 quadam

630 4028 930 4099 Sapientiae
976 4037 1092 4083 arte
1149 4028 1459 4097 conscripta
1523 4037 1624 4082 est.
1697 4026 1924 4098 Propter
1978 4031 2226 4100 quaedam

645 4136 883 4192 namque
917 4123 1151 4188 occulta,
1181 4130 1236 4177 et
1267 4123 1495 4192 mystica
1528 4121 2064 4192 visibilitcrpopulus
2096 4124 2228 4179 edu-

630 4198 788 4269 reitur
813 4214 879 4268 de
900 4212 1133 4285 Egypto
1169 4215 1267 4268 ista
1298 4225 1532 4279 terrena,
1566 4222 1620 4268 et
1645 4214 1746 4268 iter
1773 4213 1886 4284 agit
1920 4230 2012 4282 per
2039 4214 2225 4269 deser-

628 4303 895 4369 .tum,ubi
932 4318 1158 4372 serpens
1173 4313 1290 4357 erat
1319 4307 1598 4368 mordens,
1628 4314 1682 4359 et
1708 4305 1978 4375 scorpius,
2007 4312 2061 4360 et
2084 4305 2225 4369 sitis,

626 4395 739 4448 mhi
784 4408 891 4448 non
940 4403 1096 4448 erant
1140 4409 1317 4463 aquae,
1364 4404 1418 4449 et
1464 4405 1660 4452 caetera
1713 4411 1835 4466 quae
1878 4396 1932 4449 in
1963 4394 2050 4450 his
2078 4405 2227 4465 gesta

626 4480 977 4538 rrefet'ttntur.
1025 4481 1158 4549 Qua:
1207 4482 1418 4550 omnia,
1467 4493 1525 4540 ut
1568 4483 1830 4553 diximus,
1886 4486 2223 4542 occultorum

2331 3286 2487 3335 natos
2520 3292 2670 3334 suos.
2706 3276 2857 3344 Quos
2896 3279 3041 3333 enim
3073 3280 3364 3350 genuerint
3406 3297 3502 3351 per
3534 3281 3909 3353 Evangelium,

2328 3370 2659 3439 abrumpunt
2686 3384 2782 3426 eos
2812 3384 2842 3424 a
2873 3370 3105 3426 vinculis
3139 3380 3510 3441 peccatorum,
3544 3382 3600 3429 et
3642 3389 3674 3429 a
3700 3373 3912 3443 laqueis

2327 3462 2551 3523 diaboli,
2594 3478 2662 3517 ne
2696 3463 2837 3517 ultra
2865 3462 3132 3518 voluntati
3162 3478 3356 3520 eorum
3386 3473 3673 3522 teneantur
3702 3465 3909 3523 obstri-

2329 3555 2421 3608 cti.
2459 3555 2553 3609 lsti
2584 3554 2748 3609 etiam
2780 3555 3312 3625 multiplicabuntur,
3344 3566 3419 3622 et,
3457 3565 3515 3611 ut
3544 3558 3643 3625 ait,
3678 3573 3789 3613 non
3819 3573 3905 3613 re-

2331 3654 2631 3703 vertentur.
2662 3643 2782 3700 Non
2820 3645 2966 3700 enim
3007 3646 3372 3703 imitabuntur
3417 3663 3643 3704 uxorem
3673 3648 3811 3705 Loth
3841 3648 3910 3715 “,

2328 3751 2438 3791 non
2490 3736 2751 3793 redibunt
2800 3742 3124 3792 retrorsum.
3189 3736 3381 3793 Sciunt
3444 3739 3593 3793 enim‘
3636 3740 3765 3810 quia
3816 3739 3911 3810 qui

2337 3828 2508 3884 mittit
2556 3843 2780 3883 manum
2835 3842 2992 3883 suam
3037 3828 3104 3884 ad
3148 3838 3415 3900 aratrum,
3446 3832 3494 3887 si
3524 3833 3913 3901 retrospexerit

2330 3929 2491 3989 aptus
2524 3934 2634 3973 non
2670 3919 2779 3975 erit
2805 3933 2976 3991 regno
3006 3920 3270 3976 cmlorum
3302 3925 3379 3992 ηε
3416 3924 3510 3979 sed
3546 3938 3762 3995 semper
3788 3940 3912 3994 quae

2329 4019 2476 4066 retro
2511 4018 2640 4066 sunt
2666 4010 3089 4076 obliviscuntur,
3115 4021 3171 4067 et
3199 4013 3254 4068 in
3283 4029 3347 4069 ea
3379 4029 3501 4084 qua:
3527 4023 3652 4071 ante
3689 4029 3750 4070 se
3781 4023 3912 4070 sunt

2330 4118 2389 4159 se
2420 4102 2738 4159 extendunt.
2784 4101 2946 4159 Tales
2979 4103 3125 4159 enim
3164 4120 3356 4161 cervos
3385 4121 3490 4161 vox
3523 4106 3737 4163 Domini
3781 4107 3912 4165 facit

2326 4207 2451 4248 esse
2494 4191 2783 4263 perfectos.
2830 4194 2965 4260 Qua:
3005 4210 3110 4248 vox
3156 4194 3393 4263 Domini,
3426 4198 3528 4259 nisi
3575 4199 3663 4252 illa
3702 4214 3826 4268 qua:
3855 4199 3909 4255 in

2328 4284 2445 4354 lege
2468 4294 2526 4339 et
2553 4285 2607 4338 in
2638 4285 2920 4354 prophetis
2968 4285 3221 4346 habetur,
3247 4294 3302 4339 et
3331 4287 3577 4354 pervenit
3624 4303 3797 4356 usque
3839 4288 3907 4340 ad

2328 4374 2631 4439 Joannem,
2681 4375 2779 4443 qui
2825 4381 2944 4427 erat
2994 4388 3097 4427 vox
3142 4375 3436 4431 clamantis
3486 4376 3542 4430 in
3592 4378 3912 4433 deserto"?

2329 4469 2396 4525 Et
2426 4469 2543 4538 ipsa
2572 4467 2717 4522 enim
2752 4481 2855 4520 vox
2881 4464 3121 4529 Ioannis,
3148 4466 3242 4535 qui
3271 4465 3521 4523 dicebat:
3547 4468 3745 4523 Parate
3771 4473 3911 4525 viam

643 4571 1007 4638 quorumdam
1056 4570 1265 4627 formas
1315 4581 1369 4627 et
1418 4573 1683 4644 imagines
1733 4582 1936 4629 tenent.
1984 4573 2052 4629 Et
2097 4575 2221 4642 hoc,
2256 4564 2300 4622 Ι)

2256 4564 2300 4622 D
2329 4559 2566 4627 Domini,
2598 4567 2768 4613 rectas
2797 4558 2955 4627 facile
2987 4558 3201 4612 semitas
3229 4558 3322 4613 Dei
3348 4561 3516 4615 nostri
3548 4562 3613 4624 ³³,
3640 4560 3908 4632 perfectos

632 4676 753 4713 non
797 4662 849 4714 in
891 4664 1180 4733 scripturis
1205 4672 1425 4719 tantum
1463 4675 1727 4731 veterum,
1763 4666 1864 4722 sed
1896 4676 1950 4721 et
1979 4667 2033 4720 in
2060 4669 2227 4736 gestis

645 4747 858 4804 Domini
894 4762 947 4805 et
974 4751 1272 4809 Salvatoris
1326 4755 1522 4818 nostri,
1567 4770 1688 4824 quae
1722 4755 1775 4808 in
1803 4753 2110 4825 Evangeliis
2145 4770 2228 4809 re-

632 4840 919 4906 feruntur,
949 4842 1220 4899 invenies.
1262 4844 1430 4915 Igitur
1455 4846 1503 4900 si
1533 4845 1717 4900 omnia
1748 4862 1871 4916 qua‘
1903 4847 1958 4901 in
1992 4845 2224 4902 manife-

627 4942 734 4986 sto
781 4942 931 5001 sunt,
975 4936 1274 4991 secundum
1324 4953 1387 4993 ea
1425 4953 1546 5010 quae
1593 4939 1847 5008 superius
1902 4939 2223 5009 approbavi-

632 5037 790 5088 .mus,
832 5024 900 5079 ad
930 5024 1124 5096 aliqua
1175 5028 1488 5084 referuntur
1533 5044 1655 5100 qua:
1700 5028 1756 5083 in
1811 5029 2026 5083 occulto
2075 5040 2224 5095 sunt,

640 5106 991 5188 Consequens
1032 5119 1151 5174 sine
1183 5120 1349 5176 dubio
1376 5130 1462 5178 est
1501 5129 1560 5177 ut
1590 5135 1784 5176 cervus
1826 5119 1929 5175 iste
1963 5120 2223 5185 visibilis,

636 5210 726 5264 evel
774 5225 968 5281 caprea
1021 5227 1143 5284 qua:
1191 5213 1245 5268 in
1293 5213 1520 5270 Cantico
1572 5213 1911 5268 canticorum
1962 5211 2227 5267 scribitur

642 5303 943 5358 secundum
991 5304 1255 5359 rationem
1284 5316 1491 5361 natura:
1512 5322 1624 5362 suae
1655 5319 1819 5375 quam
1869 5304 2228 5374 corporaliter

640 5407 856 5467 gerunt,
891 5382 1196 5454 referantur
1223 5398 1289 5453 ad
1324 5399 1536 5471 aliquas
1566 5411 1746 5453 rerum
1792 5396 2219 5466 incorporalium

711 5559 755 5590 "’
797 5559 927 5615 Luc.
963 5577 1094 5623 χιιι,
1124 5561 1212 5616 3‘2.
1291 5560 1336 5593 ’⁸
1374 5560 1564 5615 Matth.
1598 5577 1692 5621 ιιι,
1720 5559 1773 5613 7.
1851 5560 1896 5594 ”
1934 5559 2046 5615 Jer.
2083 5575 2137 5621 v,
2173 5557 2227 5612 8.

641 5628 667 5662 ⁵
706 5628 901 5697 Epltes.
933 5649 1005 5695 tv,
1046 5633 1132 5686 Η.

640 5699 695 5755 9.
776 5701 816 5730 '°
840 5698 973 5754 Gen.
1005 5718 1111 5755 xix.

1193 5704 1233 5733 “
1261 5702 1391 5757 Luc.
1423 5718 1496 5768 Ix,
1517 5702 1605 5756 6‘2.
1715 5701 1757 5732 ¹¹
1799 5700 1988 5774 Matth.
2016 5716 2096 5762 ιιι,
2122 5700 2174 5752 5.

713 5857 826 5927 (7i)
870 5855 1022 5929 Mss»,
1051 5858 1216 5914 Deum
1246 5860 1407 5915 decet.
1440 5859 1597 5915 Libb.
1628 5858 1779 5928 editi,
1808 5859 2020 5915 Domini
2053 5858 2223 5913 docet.

1239 5633 1260 5664 ⁸
1296 5631 1455 5686 Joan.
1513 5648 1637 5695 λιιι,
1668 5631 1726 5684 2..
1799 5630 1820 5662 ⁸
1857 5629 2021 5685 Eceli.
2050 5646 2104 5693 χ,
2139 5629 2193 5683 lt.
2267 5630 2287 5660 "
2327 5627 2470 5683 Psal.
2496 5645 2716 5693 Lxxxw,
2747 5630 2800 5683 5.

1261 5702 1391 5752 Luc.
1423 5718 1496 5752 Ix.
1517 5702 1605 5752 6‘2.
1715 5701 1757 5732 ¹¹
1799 5700 1988 5752 Matth.
2016 5716 2096 5752 ιιι.
2122 5700 2174 5752 5.
2255 5699 2297 5729 ³³
2318 5699 2385 5752 Is.
2416 5716 2501 5752 XL.
2526 5701 2579 5752 5.
2661 5701 2704 5731 ιν
2726 5699 2796 5752 Ps

2340 5716 2385 5752 s.
2416 5716 2502 5765 an,
2526 5716 2579 5754 ο.

2334 4655 2573 4713 faciebat
2610 4670 2823 4720 cervos,
2853 4666 2912 4710 ut
2945 4663 3131 4709 essent
3162 4653 3384 4724 perfecti
3426 4655 3480 4709 in
3509 4656 3697 4712 eodem
3744 4670 3909 4711 sensu

2331 4759 2386 4804 et
2428 4749 2482 4802 in
2518 4747 2707 4802 eadem
2757 4745 3006 4802 scientia.
3054 4743 3158 4811 Qui
3208 4746 3354 4800 enim
3415 4746 3536 4801 talis
3578 4755 3680 4812 est,
3717 4746 3910 4800 merito

2332 4842 2463 4897 dicit
2492 4858 2506 4896 :
2535 4839 2687 4896 Sicut
2711 4854 2892 4893 cervus
2927 4838 3193 4892 desiderat
3219 4836 3287 4892 ad
3319 4839 3490 4905 fontes
3523 4855 3799 4909 aquarum,
3834 4840 3909 4891 ita

2330 4933 2597 4986 desiderat
2637 4932 2820 4985 anima
2855 4945 2972 4983 mea
2997 4928 3068 4983 ad
3099 4940 3167 4997 te,
3195 4929 3338 4984 Deus
3365 4930 3426 4985 “.
3458 4929 3664 4985 Cervus
3692 4946 3911 5000 quoque

2334 5028 2704 5083 amicitiarum
2734 5025 2858 5098 quis
2886 5026 3028 5082 alius
3056 5026 3328 5082 videbitur
3365 5027 3470 5081 nisi
3513 5026 3602 5080 ille
3634 5027 3727 5097 qui
3758 5040 3914 5097 pere-

2334 5121 2434 5175 mit
2462 5128 2769 5190 serpentem
2800 5119 2952 5174 illum
2981 5120 3076 5191 qui
3107 5119 3397 5175 seduxerat
3428 5117 3594 5172 Evam
3624 5119 3690 5181 ",
3715 5128 3768 5173 et
3794 5120 3912 5173 elo-

2334 5212 2447 5282 quii
2493 5213 2578 5267 sui
2606 5210 2824 5265 ﬂatibus
2854 5212 3061 5281 peccati
3105 5210 3159 5264 in
3194 5224 3316 5264 eam
3345 5224 3552 5264 venena
3580 5209 3912 5278 diffundens,

2333 5319 2548 5358 omnem
2583 5304 2914 5374 posteritatis
2948 5301 3191 5357 sobolem
3233 5301 3484 5371 contagio
3511 5304 3905 5371 praevariea'io-

2335 5396 2421 5451 nis
2484 5394 2745 5451 infecerat
2794 5411 2806 5447 :
2855 5405 2907 5450 ct
2937 5405 3160 5449 venerat
3216 5394 3428 5449 solvere
3485 5393 3801 5451 inimicitias
3855 5397 3910 5450 in

2327 5560 2343 5591 ί
2375 5559 2519 5613 Psal.
2551 5574 2696 5621 thx,
2726 5558 2813 5612 1'2.
2892 5560 2911 5590 '
2950 5556 3094 5614 Psal.
3124 5573 3286 5621 LVIII,
3318 5556 3370 5611 ι.
3448 5556 3471 5589 ³
3516 5559 3785 5627 Sap.vn,
3816 5556 3909 5611 ‘20.

2882 5629 2904 5660 ⁸
2944 5628 3091 5684 Psal.
3118 5644 3276 5683 Lxxvt
3296 5668 3311 5693 ,
3342 5627 3426 5683 10.
3510 5627 3531 5657 ⁹
3553 5626 3695 5681 i’Sal.
3723 5641 3911 5693 xxviii,

2661 5701 2704 5731 ιι
2726 5699 2869 5753 Psal.
2903 5714 3034 5766 xui,
3063 5701 3112 5754 1.
3208 5699 3249 5729 ¹⁵
3271 5697 3408 5753 Gen.
3442 5713 3526 5755 tu.
