  <div class='ocr_page' id='page_1' title='image "/cluster/home/n/w/nwhite01/storage/ocr_20150623/13/mdp.39015007036059/093.png"; bbox 0 0 4236 6282; ppageno 0'>
   <div class='ocr_carea' id='block_1_1' title="bbox 616 337 714 395">
    <p class='ocr_par' dir='ltr' id='par_1_1' title="bbox 616 337 714 395">
     <span class='ocr_line' id='line_1_1' title="bbox 616 337 714 395; baseline 0.041 -3"><span class='ocrx_word' id='word_1_1' title='bbox 616 337 714 395; x_wconf 83' lang='lat' dir='ltr'><strong>I79</strong></span> 
     </span>
    </p>
   </div>
   <div class='ocr_carea' id='block_1_2' title="bbox 1680 334 2804 393">
    <p class='ocr_par' dir='ltr' id='par_1_2' title="bbox 1680 334 2804 393">
     <span class='ocr_line' id='line_1_2' title="bbox 1680 334 2804 393; baseline -0.001 0"><span class='ocrx_word' id='word_1_2' title='bbox 1680 334 2001 393; x_wconf 76' lang='lat' dir='ltr'><strong>ORIGENIS</strong></span> <span class='ocrx_word' id='word_1_3' title='bbox 2040 336 2105 391; x_wconf 83' lang='lat' dir='ltr'><strong>IN</strong></span> <span class='ocrx_word' id='word_1_4' title='bbox 2144 336 2497 393; x_wconf 77' lang='lat' dir='ltr'><strong>CANTICUM</strong></span> <span class='ocrx_word' id='word_1_5' title='bbox 2534 334 2804 392; x_wconf 73' lang='lat' dir='ltr'><strong>CANTIC.</strong></span> 
     </span>
    </p>
   </div>
   <div class='ocr_carea' id='block_1_3' title="bbox 3755 340 3855 395">
    <p class='ocr_par' dir='ltr' id='par_1_3' title="bbox 3755 340 3855 395">
     <span class='ocr_line' id='line_1_3' title="bbox 3755 340 3855 395; baseline 0.02 -2"><span class='ocrx_word' id='word_1_6' title='bbox 3755 340 3855 395; x_wconf 77' lang='grc'><strong>180</strong></span> 
     </span>
    </p>
   </div>
   <div class='ocr_carea' id='block_1_4' title="bbox 612 449 3859 523">
    <p class='ocr_par' dir='ltr' id='par_1_4' title="bbox 612 449 3859 523">
     <span class='ocr_line' id='line_1_4' title="bbox 612 449 3859 523; baseline -0.001 -16"><span class='ocrx_word' id='word_1_7' title='bbox 612 452 668 507; x_wconf 83' lang='grc' dir='ltr'><strong>1η</strong></span> <span class='ocrx_word' id='word_1_8' title='bbox 700 467 810 522; x_wconf 92' lang='lat' dir='ltr'><strong>quo</strong></span> <span class='ocrx_word' id='word_1_9' title='bbox 842 467 900 508; x_wconf 88' lang='lat' dir='ltr'><strong>se</strong></span> <span class='ocrx_word' id='word_1_10' title='bbox 928 451 1093 508; x_wconf 89' lang='lat' dir='ltr'><strong>altius</strong></span> <span class='ocrx_word' id='word_1_11' title='bbox 1117 451 1397 505; x_wconf 81' lang='lat' dir='ltr'><strong>excutiens</strong></span> <span class='ocrx_word' id='word_1_12' title='bbox 1422 451 1636 506; x_wconf 85' lang='lat' dir='ltr'><strong>venatio</strong></span> <span class='ocrx_word' id='word_1_13' title='bbox 1669 451 1897 506; x_wconf 96' lang='lat' dir='ltr'><strong>latenter</strong></span> <span class='ocrx_word' id='word_1_14' title='bbox 1929 452 1995 506; x_wconf 88' lang='lat' dir='ltr'><strong>ad</strong></span> <span class='ocrx_word' id='word_1_15' title='bbox 2018 452 2176 505; x_wconf 86' lang='lat' dir='ltr'><strong>aliam</strong></span> <span class='ocrx_word' id='word_1_16' title='bbox 2211 456 2249 512; x_wconf 78' lang='grc' dir='ltr'>Α</span> <span class='ocrx_word' id='word_1_17' title='bbox 2285 450 2516 521; x_wconf 83' lang='lat' dir='ltr'><strong>indeque</strong></span> <span class='ocrx_word' id='word_1_18' title='bbox 2560 451 2898 522; x_wconf 83' lang='lat' dir='ltr'><strong>prospiciens</strong></span> <span class='ocrx_word' id='word_1_19' title='bbox 2942 450 3253 521; x_wconf 87' lang='lat' dir='ltr'><strong>alloquatur</strong></span> <span class='ocrx_word' id='word_1_20' title='bbox 3296 464 3580 523; x_wconf 85' lang='lat' dir='ltr'><strong>sponsam,</strong></span> <span class='ocrx_word' id='word_1_21' title='bbox 3632 458 3686 505; x_wconf 89' lang='lat' dir='ltr'><strong>et</strong></span> <span class='ocrx_word' id='word_1_22' title='bbox 3713 449 3859 505; x_wconf 91' lang='lat' dir='ltr'><strong>dicat</strong></span> 
     </span>
    </p>
   </div>
   <div class='ocr_carea' id='block_1_5' title="bbox 608 543 2178 610">
    <p class='ocr_par' dir='ltr' id='par_1_5' title="bbox 608 543 2178 610">
     <span class='ocr_line' id='line_1_5' title="bbox 608 543 2178 610; baseline 0 -13"><span class='ocrx_word' id='word_1_23' title='bbox 608 545 889 599; x_wconf 70' lang='lat' dir='ltr'><strong>transtulit</strong></span> <span class='ocrx_word' id='word_1_24' title='bbox 920 544 1062 596; x_wconf 90' lang='lat' dir='ltr'><strong>viam</strong></span> <span class='ocrx_word' id='word_1_25' title='bbox 1096 559 1109 594; x_wconf 92' lang='lat'><strong>:</strong></span> <span class='ocrx_word' id='word_1_26' title='bbox 1143 557 1305 610; x_wconf 90' lang='lat' dir='ltr'><strong>quam</strong></span> <span class='ocrx_word' id='word_1_27' title='bbox 1340 557 1464 597; x_wconf 91' lang='lat' dir='ltr'><strong>cum</strong></span> <span class='ocrx_word' id='word_1_28' title='bbox 1494 551 1718 597; x_wconf 81' lang='lat' dir='ltr'><strong>venator</strong></span> <span class='ocrx_word' id='word_1_29' title='bbox 1745 543 2031 608; x_wconf 82' lang='lat' dir='ltr'><strong>invenerit,</strong></span> <span class='ocrx_word' id='word_1_30' title='bbox 2066 544 2178 597; x_wconf 88' lang='lat' dir='ltr'><strong>ala-</strong></span> 
     </span>
    </p>
   </div>
   <div class='ocr_carea' id='block_1_6' title="bbox 608 634 2176 705">
    <p class='ocr_par' dir='ltr' id='par_1_6' title="bbox 608 634 2176 705">
     <span class='ocr_line' id='line_1_6' title="bbox 608 634 2176 705; baseline 0.001 -17"><span class='ocrx_word' id='word_1_31' title='bbox 608 636 753 688; x_wconf 86' lang='lat' dir='ltr'><strong>crior</strong></span> <span class='ocrx_word' id='word_1_32' title='bbox 785 634 1087 702; x_wconf 89' lang='lat' dir='ltr'><strong>insequitur</strong></span> <span class='ocrx_word' id='word_1_33' title='bbox 1115 648 1209 702; x_wconf 88' lang='lat' dir='ltr'><strong>spe</strong></span> <span class='ocrx_word' id='word_1_34' title='bbox 1237 635 1426 702; x_wconf 58' lang='lat' dir='ltr'><strong>praedae</strong></span> <span class='ocrx_word' id='word_1_35' title='bbox 1452 635 1668 698; x_wconf 88' lang='lat' dir='ltr'><strong>certior,</strong></span> <span class='ocrx_word' id='word_1_36' title='bbox 1685 644 1740 690; x_wconf 87' lang='lat' dir='ltr'><strong>et</strong></span> <span class='ocrx_word' id='word_1_37' title='bbox 1765 635 1974 705; x_wconf 81' lang='lat' dir='ltr'><strong>vestigii</strong></span> <span class='ocrx_word' id='word_1_38' title='bbox 2006 635 2176 690; x_wconf 84' lang='lat' dir='ltr'><strong>ﬁrmi-</strong></span> 
     </span>
    </p>
   </div>
   <div class='ocr_carea' id='block_1_7' title="bbox 608 722 2173 795">
    <p class='ocr_par' dir='ltr' id='par_1_7' title="bbox 608 722 2173 795">
     <span class='ocr_line' id='line_1_7' title="bbox 608 722 2173 795; baseline 0 -15"><span class='ocrx_word' id='word_1_39' title='bbox 608 735 715 781; x_wconf 87' lang='lat' dir='ltr'><strong>tate</strong></span> <span class='ocrx_word' id='word_1_40' title='bbox 738 724 998 779; x_wconf 88' lang='lat' dir='ltr'><strong>securior.</strong></span> <span class='ocrx_word' id='word_1_41' title='bbox 1021 722 1094 777; x_wconf 83' lang='lat' dir='ltr'><strong>Ita</strong></span> <span class='ocrx_word' id='word_1_42' title='bbox 1123 739 1251 794; x_wconf 82' lang='lat' dir='ltr'><strong>ergo</strong></span> <span class='ocrx_word' id='word_1_43' title='bbox 1278 733 1333 779; x_wconf 88' lang='lat' dir='ltr'><strong>et</strong></span> <span class='ocrx_word' id='word_1_44' title='bbox 1356 741 1453 779; x_wconf 91' lang='lat' dir='ltr'><strong>nos</strong></span> <span class='ocrx_word' id='word_1_45' title='bbox 1481 726 1572 779; x_wconf 91' lang='lat' dir='ltr'><strong>ubi</strong></span> <span class='ocrx_word' id='word_1_46' title='bbox 1602 741 1659 780; x_wconf 90' lang='lat' dir='ltr'><strong>se</strong></span> <span class='ocrx_word' id='word_1_47' title='bbox 1676 726 1967 795; x_wconf 84' lang='lat' dir='ltr'><strong>pr0positae</strong></span> <span class='ocrx_word' id='word_1_48' title='bbox 1991 726 2173 795; x_wconf 82' lang='lat' dir='ltr'><strong>expla-</strong></span> 
     </span>
    </p>
   </div>
   <div class='ocr_carea' id='block_1_8' title="bbox 607 817 2178 889">
    <p class='ocr_par' dir='ltr' id='par_1_8' title="bbox 607 817 2178 889">
     <span class='ocr_line' id='line_1_8' title="bbox 607 817 2178 889; baseline 0.001 -19"><span class='ocrx_word' id='word_1_49' title='bbox 607 817 842 871; x_wconf 91' lang='lat' dir='ltr'><strong>nationis</strong></span> <span class='ocrx_word' id='word_1_50' title='bbox 888 817 1295 886; x_wconf 88' lang='lat' dir='ltr'><strong>quodammodo</strong></span> <span class='ocrx_word' id='word_1_51' title='bbox 1341 818 1690 873; x_wconf 79' lang='lat' dir='ltr'><strong>substraxere</strong></span> <span class='ocrx_word' id='word_1_52' title='bbox 1737 818 1989 888; x_wconf 83' lang='lat' dir='ltr'><strong>vestigia,</strong></span> <span class='ocrx_word' id='word_1_53' title='bbox 2042 834 2178 889; x_wconf 87' lang='lat' dir='ltr'><strong>pau-</strong></span> 
     </span>
    </p>
   </div>
   <div class='ocr_carea' id='block_1_9' title="bbox 605 909 2178 979">
    <p class='ocr_par' dir='ltr' id='par_1_9' title="bbox 605 909 2178 979">
     <span class='ocr_line' id='line_1_9' title="bbox 605 909 2178 979; baseline 0.003 -19"><span class='ocrx_word' id='word_1_54' title='bbox 605 909 771 961; x_wconf 90' lang='lat' dir='ltr'><strong>lulum</strong></span> <span class='ocrx_word' id='word_1_55' title='bbox 805 922 1026 963; x_wconf 87' lang='lat' dir='ltr'><strong>emensa</strong></span> <span class='ocrx_word' id='word_1_56' title='bbox 1076 917 1400 977; x_wconf 86' lang='lat' dir='ltr'><strong>repetentes,</strong></span> <span class='ocrx_word' id='word_1_57' title='bbox 1444 917 1498 964; x_wconf 91' lang='lat' dir='ltr'><strong>et</strong></span> <span class='ocrx_word' id='word_1_58' title='bbox 1541 912 1836 978; x_wconf 80' lang='lat' dir='ltr'><strong>planiorem</strong></span> <span class='ocrx_word' id='word_1_59' title='bbox 1869 925 2033 979; x_wconf 87' lang='lat' dir='ltr'><strong>quam</strong></span> <span class='ocrx_word' id='word_1_60' title='bbox 2076 909 2178 964; x_wconf 86' lang='lat' dir='ltr'><strong>du-</strong></span> 
     </span>
    </p>
   </div>
   <div class='ocr_carea' id='block_1_10' title="bbox 605 997 2174 1070">
    <p class='ocr_par' dir='ltr' id='par_1_10' title="bbox 605 997 2174 1070">
     <span class='ocr_line' id='line_1_10' title="bbox 605 997 2174 1070; baseline 0.002 -19"><span class='ocrx_word' id='word_1_61' title='bbox 605 998 734 1051; x_wconf 88' lang='lat' dir='ltr'><strong>dum</strong></span> <span class='ocrx_word' id='word_1_62' title='bbox 778 997 1064 1053; x_wconf 83' lang='lat' dir='ltr'><strong>videbatur</strong></span> <span class='ocrx_word' id='word_1_63' title='bbox 1097 1000 1457 1069; x_wconf 81' lang='lat' dir='ltr'><strong>expositionis</strong></span> <span class='ocrx_word' id='word_1_64' title='bbox 1489 1000 1734 1056; x_wconf 88' lang='lat' dir='ltr'><strong>ordinem</strong></span> <span class='ocrx_word' id='word_1_65' title='bbox 1768 1009 2174 1070; x_wconf 81' lang='lat' dir='ltr'><strong>persequentes,</strong></span> 
     </span>
    </p>
   </div>
   <div class='ocr_carea' id='block_1_11' title="bbox 600 1088 2173 1157">
    <p class='ocr_par' dir='ltr' id='par_1_11' title="bbox 600 1088 2173 1157">
     <span class='ocr_line' id='line_1_11' title="bbox 600 1088 2173 1157; baseline 0.001 -16"><span class='ocrx_word' id='word_1_66' title='bbox 600 1101 888 1156; x_wconf 81' lang='lat' dir='ltr'><strong>speramus</strong></span> <span class='ocrx_word' id='word_1_67' title='bbox 953 1088 1098 1157; x_wconf 90' lang='lat' dir='ltr'><strong>quod</strong></span> <span class='ocrx_word' id='word_1_68' title='bbox 1146 1088 1408 1145; x_wconf 89' lang='lat' dir='ltr'><strong>Dominus</strong></span> <span class='ocrx_word' id='word_1_69' title='bbox 1454 1089 1596 1145; x_wconf 88' lang='lat' dir='ltr'><strong>Deus</strong></span> <span class='ocrx_word' id='word_1_70' title='bbox 1651 1097 1838 1145; x_wconf 82' lang='lat' dir='ltr'><strong>noster</strong></span> <span class='ocrx_word' id='word_1_71' title='bbox 1894 1090 2069 1144; x_wconf 85' lang='lat' dir='ltr'><strong>tradat</strong></span> <span class='ocrx_word' id='word_1_72' title='bbox 2120 1090 2173 1143; x_wconf 88' lang='lat' dir='ltr'><strong>in</strong></span> 
     </span>
    </p>
   </div>
   <div class='ocr_carea' id='block_1_12' title="bbox 601 1181 2177 1251">
    <p class='ocr_par' dir='ltr' id='par_1_12' title="bbox 601 1181 2177 1251">
     <span class='ocr_line' id='line_1_12' title="bbox 601 1181 2177 1251; baseline 0.001 -19"><span class='ocrx_word' id='word_1_73' title='bbox 601 1192 800 1234; x_wconf 90' lang='lat' dir='ltr'><strong>manus</strong></span> <span class='ocrx_word' id='word_1_74' title='bbox 841 1188 1056 1234; x_wconf 90' lang='lat' dir='ltr'><strong>nostras</strong></span> <span class='ocrx_word' id='word_1_75' title='bbox 1089 1181 1453 1246; x_wconf 88' lang='lat' dir='ltr'><strong>venationem,</strong></span> <span class='ocrx_word' id='word_1_76' title='bbox 1483 1195 1646 1250; x_wconf 88' lang='lat' dir='ltr'><strong>quam</strong></span> <span class='ocrx_word' id='word_1_77' title='bbox 1692 1188 2076 1251; x_wconf 63' lang='lat' dir='ltr'><strong>praeparantes,</strong></span> <span class='ocrx_word' id='word_1_78' title='bbox 2123 1189 2177 1234; x_wconf 90' lang='lat' dir='ltr'><strong>et</strong></span> 
     </span>
    </p>
   </div>
   <div class='ocr_carea' id='block_1_13' title="bbox 582 1271 2174 1328">
    <p class='ocr_par' dir='ltr' id='par_1_13' title="bbox 582 1271 2174 1328">
     <span class='ocr_line' id='line_1_13' title="bbox 582 1271 2174 1328; baseline -0.001 -2"><span class='ocrx_word' id='word_1_79' title='bbox 582 1271 900 1326; x_wconf 77' lang='lat' dir='ltr'><strong>secundum</strong></span> <span class='ocrx_word' id='word_1_80' title='bbox 932 1271 1213 1328; x_wconf 81' lang='lat' dir='ltr'><strong>scientiam</strong></span> <span class='ocrx_word' id='word_1_81' title='bbox 1251 1272 1442 1327; x_wconf 88' lang='lat' dir='ltr'><strong>matris</strong></span> <span class='ocrx_word' id='word_1_82' title='bbox 1472 1272 1673 1328; x_wconf 77' lang='lat' dir='ltr'><strong>Rachel</strong></span> <span class='ocrx_word' id='word_1_83' title='bbox 1702 1272 1987 1328; x_wconf 85' lang='lat' dir='ltr'><strong>rationalis</strong></span> <span class='ocrx_word' id='word_1_84' title='bbox 2023 1271 2174 1325; x_wconf 86' lang='lat' dir='ltr'><strong>verbi</strong></span> 
     </span>
    </p>
   </div>
   <div class='ocr_carea' id='block_1_14' title="bbox 600 1362 2173 1429">
    <p class='ocr_par' dir='ltr' id='par_1_14' title="bbox 600 1362 2173 1429">
     <span class='ocr_line' id='line_1_14' title="bbox 600 1362 2173 1429; baseline 0 -12"><span class='ocrx_word' id='word_1_85' title='bbox 600 1362 809 1417; x_wconf 88' lang='lat' dir='ltr'><strong>salibus</strong></span> <span class='ocrx_word' id='word_1_86' title='bbox 842 1362 1177 1429; x_wconf 88' lang='lat' dir='ltr'><strong>condientes,</strong></span> <span class='ocrx_word' id='word_1_87' title='bbox 1204 1362 1609 1418; x_wconf 87' lang='lat' dir='ltr'><strong>henedictiones</strong></span> <span class='ocrx_word' id='word_1_88' title='bbox 1642 1377 1949 1418; x_wconf 87' lang='lat' dir='ltr'><strong>mereamur</strong></span> <span class='ocrx_word' id='word_1_89' title='bbox 1975 1376 2173 1418; x_wconf 82' lang='lat' dir='ltr'><strong>conse—</strong></span> 
     </span>
    </p>
   </div>
   <div class='ocr_carea' id='block_1_15' title="bbox 598 1450 2171 1523">
    <p class='ocr_par' dir='ltr' id='par_1_15' title="bbox 598 1450 2171 1523">
     <span class='ocr_line' id='line_1_15' title="bbox 598 1450 2171 1523; baseline -0.001 -17"><span class='ocrx_word' id='word_1_90' title='bbox 598 1452 694 1522; x_wconf 88' lang='lat' dir='ltr'><strong>qui</strong></span> <span class='ocrx_word' id='word_1_91' title='bbox 723 1467 751 1506; x_wconf 90' lang='lat' dir='ltr'><strong>a</strong></span> <span class='ocrx_word' id='word_1_92' title='bbox 769 1452 997 1522; x_wconf 84' lang='lat' dir='ltr'><strong>spiritali</strong></span> <span class='ocrx_word' id='word_1_93' title='bbox 1013 1451 1361 1523; x_wconf 81' lang='lat' dir='ltr'><strong>patrelacob.</strong></span> <span class='ocrx_word' id='word_1_94' title='bbox 1383 1451 1613 1522; x_wconf 87' lang='lat' dir='ltr'><strong>Propter</strong></span> <span class='ocrx_word' id='word_1_95' title='bbox 1629 1452 1775 1522; x_wconf 89' lang='lat' dir='ltr'><strong>quod</strong></span> <span class='ocrx_word' id='word_1_96' title='bbox 1804 1450 2171 1506; x_wconf 90' lang='lat' dir='ltr'><strong>necessarium</strong></span> 
     </span>
    </p>
   </div>
   <div class='ocr_carea' id='block_1_16' title="bbox 600 1539 2175 1610">
    <p class='ocr_par' dir='ltr' id='par_1_16' title="bbox 600 1539 2175 1610">
     <span class='ocr_line' id='line_1_16' title="bbox 600 1539 2175 1610; baseline -0.002 -15"><span class='ocrx_word' id='word_1_97' title='bbox 600 1543 834 1610; x_wconf 87' lang='lat' dir='ltr'><strong>videtur,</strong></span> <span class='ocrx_word' id='word_1_98' title='bbox 867 1550 927 1597; x_wconf 90' lang='lat' dir='ltr'><strong>ut</strong></span> <span class='ocrx_word' id='word_1_99' title='bbox 962 1542 1220 1608; x_wconf 82' lang='lat' dir='ltr'><strong>diximus,</strong></span> <span class='ocrx_word' id='word_1_100' title='bbox 1264 1541 1500 1597; x_wconf 82' lang='lat' dir='ltr'><strong>breviter</strong></span> <span class='ocrx_word' id='word_1_101' title='bbox 1521 1540 1664 1595; x_wconf 89' lang='lat' dir='ltr'><strong>dicta</strong></span> <span class='ocrx_word' id='word_1_102' title='bbox 1707 1549 1968 1610; x_wconf 81' lang='lat' dir='ltr'><strong>repetere,</strong></span> <span class='ocrx_word' id='word_1_103' title='bbox 1992 1539 2175 1608; x_wconf 82' lang='lat' dir='ltr'><strong>expla-</strong></span> 
     </span>
    </p>
   </div>
   <div class='ocr_carea' id='block_1_17' title="bbox 597 1629 2173 1705">
    <p class='ocr_par' dir='ltr' id='par_1_17' title="bbox 597 1629 2173 1705">
     <span class='ocr_line' id='line_1_17' title="bbox 597 1629 2173 1705; baseline -0.004 -17"><span class='ocrx_word' id='word_1_104' title='bbox 597 1635 985 1705; x_wconf 89' lang='lat' dir='ltr'><strong>nationemque</strong></span> <span class='ocrx_word' id='word_1_105' title='bbox 1014 1632 1253 1703; x_wconf 89' lang='lat' dir='ltr'><strong>priorem</strong></span> <span class='ocrx_word' id='word_1_106' title='bbox 1298 1640 1563 1698; x_wconf 78' lang='lat' dir='ltr'><strong>retexere,</strong></span> <span class='ocrx_word' id='word_1_107' title='bbox 1606 1640 1667 1684; x_wconf 94' lang='lat' dir='ltr'><strong>ut</strong></span> <span class='ocrx_word' id='word_1_108' title='bbox 1700 1630 1793 1700; x_wconf 89' lang='lat' dir='ltr'><strong>qui</strong></span> <span class='ocrx_word' id='word_1_109' title='bbox 1836 1630 1908 1686; x_wconf 90' lang='lat' dir='ltr'><strong>sit</strong></span> <span class='ocrx_word' id='word_1_110' title='bbox 1942 1629 2173 1684; x_wconf 88' lang='lat' dir='ltr'><strong>lucidior</strong></span> 
     </span>
    </p>
   </div>
   <div class='ocr_carea' id='block_1_18' title="bbox 584 1719 2171 1793">
    <p class='ocr_par' dir='ltr' id='par_1_18' title="bbox 584 1719 2171 1793">
     <span class='ocr_line' id='line_1_18' title="bbox 584 1719 2171 1793; baseline -0.004 -12"><span class='ocrx_word' id='word_1_111' title='bbox 584 1740 797 1781; x_wconf 80' lang='lat' dir='ltr'><strong>sensus</strong></span> <span class='ocrx_word' id='word_1_112' title='bbox 827 1727 1117 1793; x_wconf 89' lang='lat' dir='ltr'><strong>aperiatur.</strong></span> <span class='ocrx_word' id='word_1_113' title='bbox 1176 1722 1402 1792; x_wconf 76' lang='lat' dir='ltr'><strong>intelligi</strong></span> <span class='ocrx_word' id='word_1_114' title='bbox 1430 1737 1561 1793; x_wconf 81' lang='lat' dir='ltr'><strong>ergo</strong></span> <span class='ocrx_word' id='word_1_115' title='bbox 1589 1721 1722 1776; x_wconf 91' lang='lat' dir='ltr'><strong>mihi</strong></span> <span class='ocrx_word' id='word_1_116' title='bbox 1750 1721 1962 1776; x_wconf 87' lang='lat' dir='ltr'><strong>videtur</strong></span> <span class='ocrx_word' id='word_1_117' title='bbox 1988 1735 2056 1775; x_wconf 79' lang='lat' dir='ltr'><strong>ex</strong></span> <span class='ocrx_word' id='word_1_118' title='bbox 2088 1719 2171 1774; x_wconf 86' lang='lat' dir='ltr'><strong>in-</strong></span> 
     </span>
    </p>
   </div>
   <div class='ocr_carea' id='block_1_19' title="bbox 597 1810 2171 1886">
    <p class='ocr_par' dir='ltr' id='par_1_19' title="bbox 597 1810 2171 1886">
     <span class='ocr_line' id='line_1_19' title="bbox 597 1810 2171 1886; baseline -0.003 -16"><span class='ocrx_word' id='word_1_119' title='bbox 597 1814 701 1870; x_wconf 87' lang='lat' dir='ltr'><strong>itio</strong></span> <span class='ocrx_word' id='word_1_120' title='bbox 728 1814 991 1886; x_wconf 91' lang='lat' dir='ltr'><strong>propositi</strong></span> <span class='ocrx_word' id='word_1_121' title='bbox 1017 1813 1278 1868; x_wconf 86' lang='lat' dir='ltr'><strong>dramatis</strong></span> <span class='ocrx_word' id='word_1_122' title='bbox 1306 1828 1563 1882; x_wconf 86' lang='lat' dir='ltr'><strong>sponsam</strong></span> <span class='ocrx_word' id='word_1_123' title='bbox 1587 1810 1722 1868; x_wconf 88' lang='lat' dir='ltr'><strong>foris</strong></span> <span class='ocrx_word' id='word_1_124' title='bbox 1750 1820 1895 1868; x_wconf 91' lang='lat' dir='ltr'><strong>stare</strong></span> <span class='ocrx_word' id='word_1_125' title='bbox 1925 1812 1979 1866; x_wconf 90' lang='lat' dir='ltr'><strong>in</strong></span> <span class='ocrx_word' id='word_1_126' title='bbox 2004 1811 2171 1878; x_wconf 86' lang='lat' dir='ltr'><strong>bivio,</strong></span> 
     </span>
    </p>
   </div>
   <div class='ocr_carea' id='block_1_20' title="bbox 596 1902 2169 1975">
    <p class='ocr_par' dir='ltr' id='par_1_20' title="bbox 596 1902 2169 1975">
     <span class='ocr_line' id='line_1_20' title="bbox 596 1902 2169 1975; baseline -0.003 -15"><span class='ocrx_word' id='word_1_127' title='bbox 596 1916 652 1962; x_wconf 92' lang='lat' dir='ltr'><strong>et</strong></span> <span class='ocrx_word' id='word_1_128' title='bbox 684 1906 755 1961; x_wconf 90' lang='lat' dir='ltr'><strong>ob</strong></span> <span class='ocrx_word' id='word_1_129' title='bbox 791 1921 1032 1961; x_wconf 86' lang='lat' dir='ltr'><strong>amorem</strong></span> <span class='ocrx_word' id='word_1_130' title='bbox 1080 1904 1269 1975; x_wconf 90' lang='lat' dir='ltr'><strong>sponsi</strong></span> <span class='ocrx_word' id='word_1_131' title='bbox 1317 1903 1447 1959; x_wconf 91' lang='lat' dir='ltr'><strong>hinc</strong></span> <span class='ocrx_word' id='word_1_132' title='bbox 1483 1910 1647 1973; x_wconf 89' lang='lat' dir='ltr'><strong>atque</strong></span> <span class='ocrx_word' id='word_1_133' title='bbox 1698 1903 1824 1958; x_wconf 92' lang='lat' dir='ltr'><strong>inde</strong></span> <span class='ocrx_word' id='word_1_134' title='bbox 1857 1902 2169 1972; x_wconf 86' lang='lat' dir='ltr'><strong>prospicere</strong></span> 
     </span>
    </p>
   </div>
   <div class='ocr_carea' id='block_1_21' title="bbox 596 1992 2174 2066">
    <p class='ocr_par' dir='ltr' id='par_1_21' title="bbox 596 1992 2174 2066">
     <span class='ocr_line' id='line_1_21' title="bbox 596 1992 2174 2066; baseline -0.003 -14"><span class='ocrx_word' id='word_1_135' title='bbox 596 1998 644 2052; x_wconf 76' lang='lat' dir='ltr'><strong>si</strong></span> <span class='ocrx_word' id='word_1_136' title='bbox 675 1995 815 2052; x_wconf 86' lang='lat' dir='ltr'><strong>forte</strong></span> <span class='ocrx_word' id='word_1_137' title='bbox 842 1997 1044 2061; x_wconf 86' lang='lat' dir='ltr'><strong>veniat,</strong></span> <span class='ocrx_word' id='word_1_138' title='bbox 1076 1997 1123 2051; x_wconf 91' lang='lat' dir='ltr'><strong>si</strong></span> <span class='ocrx_word' id='word_1_139' title='bbox 1154 1994 1295 2051; x_wconf 90' lang='lat' dir='ltr'><strong>forte</strong></span> <span class='ocrx_word' id='word_1_140' title='bbox 1324 2002 1609 2065; x_wconf 87' lang='lat' dir='ltr'><strong>appareat,</strong></span> <span class='ocrx_word' id='word_1_141' title='bbox 1642 2009 1744 2050; x_wconf 91' lang='lat' dir='ltr'><strong>nec</strong></span> <span class='ocrx_word' id='word_1_142' title='bbox 1767 1994 1910 2049; x_wconf 89' lang='lat' dir='ltr'><strong>viam</strong></span> <span class='ocrx_word' id='word_1_143' title='bbox 1965 1992 2174 2066; x_wconf 82' lang='lat' dir='ltr'><strong>ingredi</strong></span> 
     </span>
    </p>
   </div>
   <div class='ocr_carea' id='block_1_22' title="bbox 597 2083 2175 2158">
    <p class='ocr_par' dir='ltr' id='par_1_22' title="bbox 597 2083 2175 2158">
     <span class='ocr_line' id='line_1_22' title="bbox 597 2083 2175 2158; baseline -0.002 -16"><span class='ocrx_word' id='word_1_144' title='bbox 597 2088 735 2144; x_wconf 82' lang='lat' dir='ltr'><strong>velle</strong></span> <span class='ocrx_word' id='word_1_145' title='bbox 761 2088 999 2158; x_wconf 88' lang='lat' dir='ltr'><strong>aliquam</strong></span> <span class='ocrx_word' id='word_1_146' title='bbox 1029 2087 1159 2142; x_wconf 92' lang='lat' dir='ltr'><strong>dum</strong></span> <span class='ocrx_word' id='word_1_147' title='bbox 1199 2087 1414 2157; x_wconf 80' lang='lat' dir='ltr'><strong>ignorat</strong></span> <span class='ocrx_word' id='word_1_148' title='bbox 1458 2085 1599 2140; x_wconf 90' lang='lat' dir='ltr'><strong>unde</strong></span> <span class='ocrx_word' id='word_1_149' title='bbox 1635 2085 1808 2156; x_wconf 88' lang='lat' dir='ltr'><strong>magis</strong></span> <span class='ocrx_word' id='word_1_150' title='bbox 1831 2083 2033 2149; x_wconf 87' lang='lat' dir='ltr'><strong>veniat,</strong></span> <span class='ocrx_word' id='word_1_151' title='bbox 2074 2097 2175 2139; x_wconf 90' lang='lat' dir='ltr'><strong>nec</strong></span> 
     </span>
    </p>
   </div>
   <div class='ocr_carea' id='block_1_23' title="bbox 594 2174 2173 2249">
    <p class='ocr_par' dir='ltr' id='par_1_23' title="bbox 594 2174 2173 2249">
     <span class='ocr_line' id='line_1_23' title="bbox 594 2174 2173 2249; baseline -0.003 -14"><span class='ocrx_word' id='word_1_152' title='bbox 594 2180 765 2249; x_wconf 91' lang='lat' dir='ltr'><strong>domi,</strong></span> <span class='ocrx_word' id='word_1_153' title='bbox 799 2179 891 2236; x_wconf 83' lang='lat' dir='ltr'><strong>se‘d</strong></span> <span class='ocrx_word' id='word_1_154' title='bbox 925 2178 1062 2234; x_wconf 86' lang='lat' dir='ltr'><strong>foris</strong></span> <span class='ocrx_word' id='word_1_155' title='bbox 1096 2186 1264 2241; x_wconf 90' lang='lat' dir='ltr'><strong>stare,</strong></span> <span class='ocrx_word' id='word_1_156' title='bbox 1311 2185 1366 2232; x_wconf 90' lang='lat' dir='ltr'><strong>et</strong></span> <span class='ocrx_word' id='word_1_157' title='bbox 1409 2175 1679 2245; x_wconf 76' lang='lat' dir='ltr'><strong>desiderio</strong></span> <span class='ocrx_word' id='word_1_158' title='bbox 1724 2174 1842 2244; x_wconf 88' lang='lat' dir='ltr'><strong>ejus</strong></span> <span class='ocrx_word' id='word_1_159' title='bbox 1883 2175 2075 2245; x_wconf 83' lang='lat' dir='ltr'><strong>agitari</strong></span> <span class='ocrx_word' id='word_1_160' title='bbox 2108 2189 2173 2230; x_wconf 92' lang='lat' dir='ltr'><strong>ac</strong></span> 
     </span>
    </p>
   </div>
   <div class='ocr_carea' id='block_1_24' title="bbox 592 2265 2169 2332">
    <p class='ocr_par' dir='ltr' id='par_1_24' title="bbox 592 2265 2169 2332">
     <span class='ocr_line' id='line_1_24' title="bbox 592 2265 2169 2332; baseline -0.003 -7"><span class='ocrx_word' id='word_1_161' title='bbox 592 2272 774 2327; x_wconf 89' lang='lat' dir='ltr'><strong>dicere</strong></span> <span class='ocrx_word' id='word_1_162' title='bbox 809 2289 824 2327; x_wconf 87' lang='lat'><strong>:</strong></span> <span class='ocrx_word' id='word_1_163' title='bbox 859 2268 1143 2326; x_wconf 79' lang='lat' dir='ltr'><strong>Osculetur</strong></span> <span class='ocrx_word' id='word_1_164' title='bbox 1171 2283 1252 2322; x_wconf 83' lang='lat' dir='ltr'><strong>me</strong></span> <span class='ocrx_word' id='word_1_165' title='bbox 1281 2266 1462 2322; x_wconf 80' lang='lat' dir='ltr'><strong>osculo</strong></span> <span class='ocrx_word' id='word_1_166' title='bbox 1494 2267 1603 2322; x_wconf 79' lang='lat' dir='ltr'><strong>oris</strong></span> <span class='ocrx_word' id='word_1_167' title='bbox 1635 2267 1720 2321; x_wconf 79' lang='lat' dir='ltr'><strong>sui</strong></span> <span class='ocrx_word' id='word_1_168' title='bbox 1745 2266 1826 2332; x_wconf 69' lang='lat'><strong>“;</strong></span> <span class='ocrx_word' id='word_1_169' title='bbox 1860 2265 1955 2321; x_wconf 88' lang='lat' dir='ltr'><strong>ubi</strong></span> <span class='ocrx_word' id='word_1_170' title='bbox 1988 2275 2169 2321; x_wconf 89' lang='lat' dir='ltr'><strong>autem</strong></span> 
     </span>
    </p>
   </div>
   <div class='ocr_carea' id='block_1_25' title="bbox 595 2358 2169 2432">
    <p class='ocr_par' dir='ltr' id='par_1_25' title="bbox 595 2358 2169 2432">
     <span class='ocr_line' id='line_1_25' title="bbox 595 2358 2169 2432; baseline -0.003 -17"><span class='ocrx_word' id='word_1_171' title='bbox 595 2364 743 2419; x_wconf 81' lang='lat' dir='ltr'><strong>venit</strong></span> <span class='ocrx_word' id='word_1_172' title='bbox 818 2377 1098 2432; x_wconf 89' lang='lat' dir='ltr'><strong>sponsus,</strong></span> <span class='ocrx_word' id='word_1_173' title='bbox 1171 2360 1317 2414; x_wconf 89' lang='lat' dir='ltr'><strong>dicat</strong></span> <span class='ocrx_word' id='word_1_174' title='bbox 1374 2378 1387 2413; x_wconf 90' lang='lat'><strong>:</strong></span> <span class='ocrx_word' id='word_1_175' title='bbox 1450 2358 1600 2412; x_wconf 84' lang='lat' dir='ltr'><strong>Bona</strong></span> <span class='ocrx_word' id='word_1_176' title='bbox 1648 2367 1771 2412; x_wconf 73' lang='lat' dir='ltr'><strong>sunt</strong></span> <span class='ocrx_word' id='word_1_177' title='bbox 1859 2358 2018 2412; x_wconf 86' lang='lat' dir='ltr'><strong>ubera</strong></span> <span class='ocrx_word' id='word_1_178' title='bbox 2077 2369 2169 2410; x_wconf 90' lang='lat' dir='ltr'><strong>tua</strong></span> 
     </span>
    </p>
   </div>
   <div class='ocr_carea' id='block_1_26' title="bbox 590 2449 2167 2522">
    <p class='ocr_par' dir='ltr' id='par_1_26' title="bbox 590 2449 2167 2522">
     <span class='ocr_line' id='line_1_26' title="bbox 590 2449 2167 2522; baseline -0.003 -15"><span class='ocrx_word' id='word_1_179' title='bbox 590 2469 751 2522; x_wconf 76' lang='lat' dir='ltr'><strong>super</strong></span> <span class='ocrx_word' id='word_1_180' title='bbox 792 2452 991 2518; x_wconf 77' lang='lat' dir='ltr'><strong>vinum,</strong></span> <span class='ocrx_word' id='word_1_181' title='bbox 1048 2458 1103 2506; x_wconf 89' lang='lat' dir='ltr'><strong>et</strong></span> <span class='ocrx_word' id='word_1_182' title='bbox 1155 2450 1392 2520; x_wconf 88' lang='lat' dir='ltr'><strong>reliqua,</strong></span> <span class='ocrx_word' id='word_1_183' title='bbox 1452 2465 1627 2519; x_wconf 90' lang='lat' dir='ltr'><strong>usque</strong></span> <span class='ocrx_word' id='word_1_184' title='bbox 1681 2449 1749 2504; x_wconf 92' lang='lat' dir='ltr'><strong>ad</strong></span> <span class='ocrx_word' id='word_1_185' title='bbox 1808 2464 1934 2504; x_wconf 90' lang='lat' dir='ltr'><strong>eum</strong></span> <span class='ocrx_word' id='word_1_186' title='bbox 1987 2449 2167 2503; x_wconf 92' lang='lat' dir='ltr'><strong>locum</strong></span> 
     </span>
    </p>
   </div>
   <div class='ocr_carea' id='block_1_27' title="bbox 592 2541 2168 2611">
    <p class='ocr_par' dir='ltr' id='par_1_27' title="bbox 592 2541 2168 2611">
     <span class='ocr_line' id='line_1_27' title="bbox 592 2541 2168 2611; baseline -0.004 -11"><span class='ocrx_word' id='word_1_187' title='bbox 592 2545 685 2600; x_wconf 86' lang='lat' dir='ltr'><strong>ubi</strong></span> <span class='ocrx_word' id='word_1_188' title='bbox 718 2544 793 2600; x_wconf 91' lang='lat' dir='ltr'><strong>ait</strong></span> <span class='ocrx_word' id='word_1_189' title='bbox 835 2559 849 2600; x_wconf 89' lang='lat'><strong>:</strong></span> <span class='ocrx_word' id='word_1_190' title='bbox 884 2544 1009 2598; x_wconf 83' lang='lat' dir='ltr'><strong>Post</strong></span> <span class='ocrx_word' id='word_1_191' title='bbox 1056 2553 1104 2598; x_wconf 77' lang='lat' dir='ltr'><strong>te</strong></span> <span class='ocrx_word' id='word_1_192' title='bbox 1142 2558 1432 2599; x_wconf 73' lang='lat' dir='ltr'><strong>curramus.</strong></span> <span class='ocrx_word' id='word_1_193' title='bbox 1479 2543 1614 2597; x_wconf 89' lang='lat' dir='ltr'><strong>Post</strong></span> <span class='ocrx_word' id='word_1_194' title='bbox 1661 2543 1777 2597; x_wconf 67' lang='lat' dir='ltr'><strong>haec</strong></span> <span class='ocrx_word' id='word_1_195' title='bbox 1818 2541 2011 2596; x_wconf 88' lang='lat' dir='ltr'><strong>dilecta</strong></span> <span class='ocrx_word' id='word_1_196' title='bbox 2055 2541 2168 2611; x_wconf 89' lang='lat' dir='ltr'><strong>jam</strong></span> 
     </span>
    </p>
   </div>
   <div class='ocr_carea' id='block_1_28' title="bbox 589 2632 2167 2705">
    <p class='ocr_par' dir='ltr' id='par_1_28' title="bbox 589 2632 2167 2705">
     <span class='ocr_line' id='line_1_28' title="bbox 589 2632 2167 2705; baseline -0.003 -13"><span class='ocrx_word' id='word_1_197' title='bbox 589 2646 646 2692; x_wconf 91' lang='lat' dir='ltr'><strong>et</strong></span> <span class='ocrx_word' id='word_1_198' title='bbox 668 2638 836 2693; x_wconf 87' lang='lat' dir='ltr'><strong>vicem</strong></span> <span class='ocrx_word' id='word_1_199' title='bbox 872 2636 1155 2692; x_wconf 90' lang='lat' dir='ltr'><strong>charitatis</strong></span> <span class='ocrx_word' id='word_1_200' title='bbox 1193 2636 1264 2691; x_wconf 86' lang='lat' dir='ltr'><strong>ab</strong></span> <span class='ocrx_word' id='word_1_201' title='bbox 1284 2636 1403 2704; x_wconf 92' lang='lat' dir='ltr'><strong>ipso</strong></span> <span class='ocrx_word' id='word_1_202' title='bbox 1432 2649 1638 2705; x_wconf 91' lang='lat' dir='ltr'><strong>sponso</strong></span> <span class='ocrx_word' id='word_1_203' title='bbox 1675 2633 1963 2703; x_wconf 90' lang='lat' dir='ltr'><strong>recipiens,</strong></span> <span class='ocrx_word' id='word_1_204' title='bbox 1991 2632 2167 2688; x_wconf 91' lang='lat' dir='ltr'><strong>intro-</strong></span> 
     </span>
    </p>
   </div>
   <div class='ocr_carea' id='block_1_29' title="bbox 587 2725 2167 2799">
    <p class='ocr_par' dir='ltr' id='par_1_29' title="bbox 587 2725 2167 2799">
     <span class='ocr_line' id='line_1_29' title="bbox 587 2725 2167 2799; baseline -0.004 -14"><span class='ocrx_word' id='word_1_205' title='bbox 587 2731 823 2786; x_wconf 80' lang='lat' dir='ltr'><strong>ducatur</strong></span> <span class='ocrx_word' id='word_1_206' title='bbox 852 2730 907 2784; x_wconf 92' lang='lat' dir='ltr'><strong>in</strong></span> <span class='ocrx_word' id='word_1_207' title='bbox 938 2729 1250 2784; x_wconf 88' lang='lat' dir='ltr'><strong>cubiculum</strong></span> <span class='ocrx_word' id='word_1_208' title='bbox 1283 2730 1423 2799; x_wconf 90' lang='lat' dir='ltr'><strong>ejus,</strong></span> <span class='ocrx_word' id='word_1_209' title='bbox 1454 2737 1510 2783; x_wconf 92' lang='lat' dir='ltr'><strong>et</strong></span> <span class='ocrx_word' id='word_1_210' title='bbox 1534 2727 1679 2783; x_wconf 90' lang='lat' dir='ltr'><strong>dicat</strong></span> <span class='ocrx_word' id='word_1_211' title='bbox 1704 2744 1719 2782; x_wconf 90' lang='lat'><strong>:</strong></span> <span class='ocrx_word' id='word_1_212' title='bbox 1754 2725 2065 2781; x_wconf 71' lang='lat' dir='ltr'><strong>Introduxit</strong></span> <span class='ocrx_word' id='word_1_213' title='bbox 2087 2742 2167 2780; x_wconf 82' lang='lat' dir='ltr'><strong>me</strong></span> 
     </span>
    </p>
   </div>
   <div class='ocr_carea' id='block_1_30' title="bbox 587 2819 2168 2893">
    <p class='ocr_par' dir='ltr' id='par_1_30' title="bbox 587 2819 2168 2893">
     <span class='ocr_line' id='line_1_30' title="bbox 587 2819 2168 2893; baseline -0.002 -16"><span class='ocrx_word' id='word_1_214' title='bbox 587 2822 701 2893; x_wconf 72' lang='lat'><strong>85</strong></span> <span class='ocrx_word' id='word_1_215' title='bbox 750 2821 940 2887; x_wconf 62' lang='lat' dir='ltr'><strong>remqt&#39;n</strong></span> <span class='ocrx_word' id='word_1_216' title='bbox 969 2820 1267 2874; x_wconf 78' lang='lat' dir='ltr'><strong>cubiculum</strong></span> <span class='ocrx_word' id='word_1_217' title='bbox 1296 2837 1451 2875; x_wconf 83' lang='lat' dir='ltr'><strong>suum</strong></span> <span class='ocrx_word' id='word_1_218' title='bbox 1480 2819 1547 2874; x_wconf 76' lang='lat'><strong>’&quot;.</strong></span> <span class='ocrx_word' id='word_1_219' title='bbox 1591 2819 1696 2875; x_wconf 86' lang='lat' dir='ltr'><strong>Sed</strong></span> <span class='ocrx_word' id='word_1_220' title='bbox 1740 2828 1794 2875; x_wconf 90' lang='lat' dir='ltr'><strong>et</strong></span> <span class='ocrx_word' id='word_1_221' title='bbox 1819 2827 2014 2875; x_wconf 61' lang='lat' dir='ltr'><strong>caetera</strong></span> <span class='ocrx_word' id='word_1_222' title='bbox 2045 2833 2168 2888; x_wconf 67' lang='lat' dir='ltr'><strong>quae</strong></span> 
     </span>
    </p>
   </div>
   <div class='ocr_carea' id='block_1_31' title="bbox 589 2911 2168 2986">
    <p class='ocr_par' dir='ltr' id='par_1_31' title="bbox 589 2911 2168 2986">
     <span class='ocr_line' id='line_1_31' title="bbox 589 2911 2168 2986; baseline -0.003 -17"><span class='ocrx_word' id='word_1_223' title='bbox 589 2922 779 2986; x_wconf 91' lang='lat' dir='ltr'><strong>postea</strong></span> <span class='ocrx_word' id='word_1_224' title='bbox 814 2921 942 2969; x_wconf 88' lang='lat' dir='ltr'><strong>sunt</strong></span> <span class='ocrx_word' id='word_1_225' title='bbox 967 2914 1193 2984; x_wconf 90' lang='lat' dir='ltr'><strong>scripta,</strong></span> <span class='ocrx_word' id='word_1_226' title='bbox 1225 2913 1373 2969; x_wconf 91' lang='lat' dir='ltr'><strong>intus</strong></span> <span class='ocrx_word' id='word_1_227' title='bbox 1406 2912 1584 2982; x_wconf 90' lang='lat' dir='ltr'><strong>posita</strong></span> <span class='ocrx_word' id='word_1_228' title='bbox 1612 2911 1871 2982; x_wconf 87' lang='lat' dir='ltr'><strong>loquatur</strong></span> <span class='ocrx_word' id='word_1_229' title='bbox 1902 2911 1969 2966; x_wconf 91' lang='lat' dir='ltr'><strong>ad</strong></span> <span class='ocrx_word' id='word_1_230' title='bbox 2003 2926 2168 2981; x_wconf 88' lang='lat' dir='ltr'><strong>spon-</strong></span> 
     </span>
    </p>
   </div>
   <div class='ocr_carea' id='block_1_32' title="bbox 589 3003 2160 3076">
    <p class='ocr_par' dir='ltr' id='par_1_32' title="bbox 589 3003 2160 3076">
     <span class='ocr_line' id='line_1_32' title="bbox 589 3003 2160 3076; baseline -0.003 -15"><span class='ocrx_word' id='word_1_231' title='bbox 589 3020 714 3061; x_wconf 87' lang='lat' dir='ltr'><strong>sum</strong></span> <span class='ocrx_word' id='word_1_232' title='bbox 763 3005 1122 3076; x_wconf 62' lang='lat' dir='ltr'><strong>praesentibus</strong></span> <span class='ocrx_word' id='word_1_233' title='bbox 1169 3013 1223 3059; x_wconf 86' lang='lat' dir='ltr'><strong>et</strong></span> <span class='ocrx_word' id='word_1_234' title='bbox 1274 3004 1658 3060; x_wconf 86' lang='lat' dir='ltr'><strong>assistentibus</strong></span> <span class='ocrx_word' id='word_1_235' title='bbox 1702 3018 1917 3073; x_wconf 69' lang='lat' dir='ltr'><strong>sponsae</strong></span> <span class='ocrx_word' id='word_1_236' title='bbox 1942 3003 2160 3072; x_wconf 88' lang='lat' dir='ltr'><strong>quidem</strong></span> 
     </span>
    </p>
   </div>
   <div class='ocr_carea' id='block_1_33' title="bbox 2280 557 2377 597">
    <p class='ocr_par' dir='ltr' id='par_1_33' title="bbox 2280 557 2377 597">
     <span class='ocr_line' id='line_1_33' title="bbox 2280 557 2377 597; baseline -0.031 0"><span class='ocrx_word' id='word_1_237' title='bbox 2280 557 2377 597; x_wconf 72' lang='lat' dir='ltr'><strong>Cl!</strong></span> 
     </span>
    </p>
   </div>
   <div class='ocr_carea' id='block_1_34' title="bbox 2354 630 3859 704">
    <p class='ocr_par' dir='ltr' id='par_1_34' title="bbox 2354 630 3859 704">
     <span class='ocr_line' id='line_1_34' title="bbox 2354 630 3859 704; baseline 0.001 -20"><span class='ocrx_word' id='word_1_238' title='bbox 2354 630 2509 687; x_wconf 86' lang='lat' dir='ltr'><strong>Vers.</strong></span> <span class='ocrx_word' id='word_1_239' title='bbox 2544 633 2629 686; x_wconf 78' lang='grc'><strong>10.</strong></span> <span class='ocrx_word' id='word_1_240' title='bbox 2677 631 2939 703; x_wconf 70' lang='lat' dir='ltr'><strong>Exsurge,</strong></span> <span class='ocrx_word' id='word_1_241' title='bbox 2990 634 3123 700; x_wconf 82' lang='lat' dir='ltr'><strong>veni,</strong></span> <span class='ocrx_word' id='word_1_242' title='bbox 3154 633 3400 704; x_wconf 74' lang='lat' dir='ltr'><strong>proxima</strong></span> <span class='ocrx_word' id='word_1_243' title='bbox 3444 648 3586 697; x_wconf 85' lang='lat' dir='ltr'><strong>mea,</strong></span> <span class='ocrx_word' id='word_1_244' title='bbox 3622 633 3859 703; x_wconf 80' lang='lat' dir='ltr'><strong>formosa</strong></span> 
     </span>
    </p>
   </div>
   <div class='ocr_carea' id='block_1_35' title="bbox 2280 724 3864 796">
    <p class='ocr_par' dir='ltr' id='par_1_35' title="bbox 2280 724 3864 796">
     <span class='ocr_line' id='line_1_35' title="bbox 2280 724 3864 796; baseline 0.002 -20"><span class='ocrx_word' id='word_1_245' title='bbox 2280 740 2414 789; x_wconf 86' lang='lat' dir='ltr'><strong>mea,</strong></span> <span class='ocrx_word' id='word_1_246' title='bbox 2448 724 2691 777; x_wconf 79' lang='lat' dir='ltr'><strong>columba</strong></span> <span class='ocrx_word' id='word_1_247' title='bbox 2733 742 2872 789; x_wconf 87' lang='lat' dir='ltr'><strong>mea,</strong></span> <span class='ocrx_word' id='word_1_248' title='bbox 2918 734 2972 780; x_wconf 87' lang='lat' dir='ltr'><strong>et</strong></span> <span class='ocrx_word' id='word_1_249' title='bbox 3017 726 3247 796; x_wconf 76' lang='lat' dir='ltr'><strong>reliqua.</strong></span> <span class='ocrx_word' id='word_1_250' title='bbox 3276 725 3401 781; x_wconf 64' lang='lat' dir='ltr'><strong>Haec</strong></span> <span class='ocrx_word' id='word_1_251' title='bbox 3446 735 3573 780; x_wconf 90' lang='lat' dir='ltr'><strong>sunt</strong></span> <span class='ocrx_word' id='word_1_252' title='bbox 3608 740 3763 794; x_wconf 69' lang='lat' dir='ltr'><strong>quae,</strong></span> <span class='ocrx_word' id='word_1_253' title='bbox 3801 734 3864 779; x_wconf 82' lang='lat' dir='ltr'><strong>ut</strong></span> 
     </span>
    </p>
   </div>
   <div class='ocr_carea' id='block_1_36' title="bbox 2280 814 3864 886">
    <p class='ocr_par' dir='ltr' id='par_1_36' title="bbox 2280 814 3864 886">
     <span class='ocr_line' id='line_1_36' title="bbox 2280 814 3864 886; baseline 0.001 -19"><span class='ocrx_word' id='word_1_254' title='bbox 2280 814 2530 883; x_wconf 90' lang='lat' dir='ltr'><strong>superius</strong></span> <span class='ocrx_word' id='word_1_255' title='bbox 2560 815 2988 885; x_wconf 83' lang='lat' dir='ltr'><strong>designavimus,</strong></span> <span class='ocrx_word' id='word_1_256' title='bbox 3035 816 3419 871; x_wconf 83' lang='lat' dir='ltr'><strong>dillicultatem-</strong></span> <span class='ocrx_word' id='word_1_257' title='bbox 3453 817 3745 886; x_wconf 87' lang='lat' dir='ltr'><strong>plurimam</strong></span> <span class='ocrx_word' id='word_1_258' title='bbox 3775 815 3864 868; x_wconf 74' lang='lat' dir='ltr'><strong>di-</strong></span> 
     </span>
    </p>
   </div>
   <div class='ocr_carea' id='block_1_37' title="bbox 2279 903 3861 976">
    <p class='ocr_par' dir='ltr' id='par_1_37' title="bbox 2279 903 3861 976">
     <span class='ocr_line' id='line_1_37' title="bbox 2279 903 3861 976; baseline 0.002 -19"><span class='ocrx_word' id='word_1_259' title='bbox 2279 903 2488 975; x_wconf 78' lang='lat' dir='ltr'><strong>rigendi</strong></span> <span class='ocrx_word' id='word_1_260' title='bbox 2536 905 2746 960; x_wconf 86' lang='lat' dir='ltr'><strong>ordinis</strong></span> <span class='ocrx_word' id='word_1_261' title='bbox 2794 913 2850 960; x_wconf 92' lang='lat' dir='ltr'><strong>et</strong></span> <span class='ocrx_word' id='word_1_262' title='bbox 2897 905 3611 976; x_wconf 66' lang='lat' dir='ltr'><strong>aperiendaeintelligentite</strong></span> <span class='ocrx_word' id='word_1_263' title='bbox 3657 906 3861 960; x_wconf 89' lang='lat' dir='ltr'><strong>habere</strong></span> 
     </span>
    </p>
   </div>
   <div class='ocr_carea' id='block_1_38' title="bbox 2277 995 3860 1066">
    <p class='ocr_par' dir='ltr' id='par_1_38' title="bbox 2277 995 3860 1066">
     <span class='ocr_line' id='line_1_38' title="bbox 2277 995 3860 1066; baseline 0.002 -17"><span class='ocrx_word' id='word_1_264' title='bbox 2277 995 2437 1050; x_wconf 88' lang='lat' dir='ltr'><strong>nobis</strong></span> <span class='ocrx_word' id='word_1_265' title='bbox 2482 996 2600 1051; x_wconf 88' lang='lat' dir='ltr'><strong>visa</strong></span> <span class='ocrx_word' id='word_1_266' title='bbox 2649 1004 2796 1052; x_wconf 91' lang='lat' dir='ltr'><strong>sunt.</strong></span> <span class='ocrx_word' id='word_1_267' title='bbox 2847 995 2999 1063; x_wconf 67' lang='lat' dir='ltr'><strong>Quae,</strong></span> <span class='ocrx_word' id='word_1_268' title='bbox 3037 1005 3099 1051; x_wconf 91' lang='lat' dir='ltr'><strong>ut</strong></span> <span class='ocrx_word' id='word_1_269' title='bbox 3128 997 3641 1066; x_wconf 62' lang='lat' dir='ltr'><strong>puto,~evidentiora</strong></span> <span class='ocrx_word' id='word_1_270' title='bbox 3670 996 3860 1053; x_wconf 88' lang='lat' dir='ltr'><strong>fecerit</strong></span> 
     </span>
    </p>
   </div>
   <div class='ocr_carea' id='block_1_39' title="bbox 2276 1087 3858 1159">
    <p class='ocr_par' dir='ltr' id='par_1_39' title="bbox 2276 1087 3858 1159">
     <span class='ocr_line' id='line_1_39' title="bbox 2276 1087 3858 1159; baseline 0.003 -19"><span class='ocrx_word' id='word_1_271' title='bbox 2276 1087 2502 1157; x_wconf 83' lang='lat' dir='ltr'><strong>repetita</strong></span> <span class='ocrx_word' id='word_1_272' title='bbox 2556 1087 2673 1143; x_wconf 85' lang='lat' dir='ltr'><strong>haec</strong></span> <span class='ocrx_word' id='word_1_273' title='bbox 2733 1104 2881 1143; x_wconf 91' lang='lat' dir='ltr'><strong>nunc</strong></span> <span class='ocrx_word' id='word_1_274' title='bbox 2934 1088 3134 1158; x_wconf 88' lang='lat' dir='ltr'><strong>indago</strong></span> <span class='ocrx_word' id='word_1_275' title='bbox 3185 1103 3527 1144; x_wconf 90' lang='lat' dir='ltr'><strong>sermonum.</strong></span> <span class='ocrx_word' id='word_1_276' title='bbox 3581 1088 3858 1159; x_wconf 79' lang='lat' dir='ltr'><strong>Spiritalis</strong></span> 
     </span>
    </p>
   </div>
   <div class='ocr_carea' id='block_1_40' title="bbox 2276 1175 3856 1246">
    <p class='ocr_par' dir='ltr' id='par_1_40' title="bbox 2276 1175 3856 1246">
     <span class='ocr_line' id='line_1_40' title="bbox 2276 1175 3856 1246; baseline 0.003 -16"><span class='ocrx_word' id='word_1_277' title='bbox 2276 1187 2457 1230; x_wconf 90' lang='lat' dir='ltr'><strong>autem</strong></span> <span class='ocrx_word' id='word_1_278' title='bbox 2504 1175 2559 1230; x_wconf 92' lang='lat' dir='ltr'><strong>in</strong></span> <span class='ocrx_word' id='word_1_279' title='bbox 2595 1177 2681 1232; x_wconf 91' lang='lat' dir='ltr'><strong>his</strong></span> <span class='ocrx_word' id='word_1_280' title='bbox 2712 1177 3005 1246; x_wconf 78' lang='lat' dir='ltr'><strong>expositio,</strong></span> <span class='ocrx_word' id='word_1_281' title='bbox 3035 1191 3146 1231; x_wconf 90' lang='lat' dir='ltr'><strong>non</strong></span> <span class='ocrx_word' id='word_1_282' title='bbox 3180 1179 3255 1233; x_wconf 80' lang='lat' dir='ltr'><strong>ita</strong></span> <span class='ocrx_word' id='word_1_283' title='bbox 3300 1178 3572 1234; x_wconf 88' lang='lat' dir='ltr'><strong>laboriosa</strong></span> <span class='ocrx_word' id='word_1_284' title='bbox 3603 1194 3667 1235; x_wconf 88' lang='lat' dir='ltr'><strong>ac</strong></span> <span class='ocrx_word' id='word_1_285' title='bbox 3713 1180 3856 1235; x_wconf 85' lang='lat' dir='ltr'><strong>dilli-</strong></span> 
     </span>
    </p>
   </div>
   <div class='ocr_carea' id='block_1_41' title="bbox 2275 1269 3853 1347">
    <p class='ocr_par' dir='ltr' id='par_1_41' title="bbox 2275 1269 3853 1347">
     <span class='ocr_line' id='line_1_41' title="bbox 2275 1269 3853 1347; baseline 0.006 -24"><span class='ocrx_word' id='word_1_286' title='bbox 2275 1269 2398 1325; x_wconf 91' lang='lat' dir='ltr'><strong>cilis</strong></span> <span class='ocrx_word' id='word_1_287' title='bbox 2447 1270 2697 1327; x_wconf 84' lang='lat' dir='ltr'><strong>habetur.</strong></span> <span class='ocrx_word' id='word_1_288' title='bbox 2736 1271 2948 1343; x_wconf 89' lang='lat' dir='ltr'><strong>Sponsa</strong></span> <span class='ocrx_word' id='word_1_289' title='bbox 2994 1274 3139 1328; x_wconf 88' lang='lat' dir='ltr'><strong>enim</strong></span> <span class='ocrx_word' id='word_1_290' title='bbox 3184 1274 3335 1329; x_wconf 89' lang='lat' dir='ltr'><strong>verbi</strong></span> <span class='ocrx_word' id='word_1_291' title='bbox 3382 1276 3595 1343; x_wconf 91' lang='lat' dir='ltr'><strong>anima,</strong></span> <span class='ocrx_word' id='word_1_292' title='bbox 3629 1293 3752 1347; x_wconf 52' lang='lat' dir='ltr'><strong>quae.</strong></span> <span class='ocrx_word' id='word_1_293' title='bbox 3798 1278 3853 1332; x_wconf 91' lang='lat' dir='ltr'><strong>in</strong></span> 
     </span>
    </p>
   </div>
   <div class='ocr_carea' id='block_1_42' title="bbox 2274 1360 3859 1432">
    <p class='ocr_par' dir='ltr' id='par_1_42' title="bbox 2274 1360 3859 1432">
     <span class='ocr_line' id='line_1_42' title="bbox 2274 1360 3859 1432; baseline 0.006 -19"><span class='ocrx_word' id='word_1_294' title='bbox 2274 1360 2437 1415; x_wconf 94' lang='lat' dir='ltr'><strong>domo</strong></span> <span class='ocrx_word' id='word_1_295' title='bbox 2463 1362 2650 1431; x_wconf 81' lang='lat' dir='ltr'><strong>regali,</strong></span> <span class='ocrx_word' id='word_1_296' title='bbox 2682 1364 2788 1418; x_wconf 92' lang='lat' dir='ltr'><strong>hoc</strong></span> <span class='ocrx_word' id='word_1_297' title='bbox 2815 1372 2896 1419; x_wconf 85' lang='lat' dir='ltr'><strong>est</strong></span> <span class='ocrx_word' id='word_1_298' title='bbox 2922 1364 2978 1418; x_wconf 89' lang='lat' dir='ltr'><strong>in</strong></span> <span class='ocrx_word' id='word_1_299' title='bbox 3012 1363 3275 1430; x_wconf 86' lang='lat' dir='ltr'><strong>Ecclesia,</strong></span> <span class='ocrx_word' id='word_1_300' title='bbox 3314 1367 3596 1432; x_wconf 88' lang='lat' dir='ltr'><strong>consistit,</strong></span> <span class='ocrx_word' id='word_1_301' title='bbox 3628 1368 3859 1422; x_wconf 88' lang='lat' dir='ltr'><strong>docetur</strong></span> 
     </span>
    </p>
   </div>
   <div class='ocr_carea' id='block_1_43' title="bbox 2277 1449 3856 1527">
    <p class='ocr_par' dir='ltr' id='par_1_43' title="bbox 2277 1449 3856 1527">
     <span class='ocr_line' id='line_1_43' title="bbox 2277 1449 3856 1527; baseline 0.005 -23"><span class='ocrx_word' id='word_1_302' title='bbox 2277 1466 2307 1504; x_wconf 92' lang='lat' dir='ltr'><strong>a</strong></span> <span class='ocrx_word' id='word_1_303' title='bbox 2343 1449 2519 1505; x_wconf 85' lang='lat' dir='ltr'><strong>Verbo</strong></span> <span class='ocrx_word' id='word_1_304' title='bbox 2570 1451 2701 1516; x_wconf 92' lang='lat' dir='ltr'><strong>Dei,</strong></span> <span class='ocrx_word' id='word_1_305' title='bbox 2737 1455 2832 1523; x_wconf 91' lang='lat' dir='ltr'><strong>qui</strong></span> <span class='ocrx_word' id='word_1_306' title='bbox 2875 1464 2959 1510; x_wconf 91' lang='lat' dir='ltr'><strong>est</strong></span> <span class='ocrx_word' id='word_1_307' title='bbox 3011 1470 3251 1525; x_wconf 85' lang='lat' dir='ltr'><strong>sponsus</strong></span> <span class='ocrx_word' id='word_1_308' title='bbox 3298 1471 3471 1524; x_wconf 90' lang='lat' dir='ltr'><strong>suus,</strong></span> <span class='ocrx_word' id='word_1_309' title='bbox 3516 1472 3856 1527; x_wconf 83' lang='lat' dir='ltr'><strong>quaecunque</strong></span> 
     </span>
    </p>
   </div>
   <div class='ocr_carea' id='block_1_44' title="bbox 2274 1540 3855 1617">
    <p class='ocr_par' dir='ltr' id='par_1_44' title="bbox 2274 1540 3855 1617">
     <span class='ocr_line' id='line_1_44' title="bbox 2274 1540 3855 1617; baseline 0.005 -25"><span class='ocrx_word' id='word_1_310' title='bbox 2274 1540 2510 1608; x_wconf 86' lang='lat' dir='ltr'><strong>reposita</strong></span> <span class='ocrx_word' id='word_1_311' title='bbox 2561 1550 2690 1596; x_wconf 91' lang='lat' dir='ltr'><strong>sunt</strong></span> <span class='ocrx_word' id='word_1_312' title='bbox 2733 1551 2788 1597; x_wconf 90' lang='lat' dir='ltr'><strong>et</strong></span> <span class='ocrx_word' id='word_1_313' title='bbox 2834 1544 3112 1599; x_wconf 87' lang='lat' dir='ltr'><strong>recondita</strong></span> <span class='ocrx_word' id='word_1_314' title='bbox 3154 1545 3297 1601; x_wconf 92' lang='lat' dir='ltr'><strong>intra</strong></span> <span class='ocrx_word' id='word_1_315' title='bbox 3342 1547 3523 1600; x_wconf 89' lang='lat' dir='ltr'><strong>aulam</strong></span> <span class='ocrx_word' id='word_1_316' title='bbox 3567 1547 3771 1617; x_wconf 84' lang='lat' dir='ltr'><strong>regiam</strong></span> <span class='ocrx_word' id='word_1_317' title='bbox 3799 1555 3855 1600; x_wconf 86' lang='lat' dir='ltr'><strong>et</strong></span> 
     </span>
    </p>
   </div>
   <div class='ocr_carea' id='block_1_45' title="bbox 2275 1630 3858 1708">
    <p class='ocr_par' dir='ltr' id='par_1_45' title="bbox 2275 1630 3858 1708">
     <span class='ocr_line' id='line_1_45' title="bbox 2275 1630 3858 1708; baseline 0.006 -24"><span class='ocrx_word' id='word_1_318' title='bbox 2275 1630 2585 1685; x_wconf 91' lang='lat' dir='ltr'><strong>cubiculum</strong></span> <span class='ocrx_word' id='word_1_319' title='bbox 2618 1631 2791 1703; x_wconf 81' lang='lat' dir='ltr'><strong>regis;</strong></span> <span class='ocrx_word' id='word_1_320' title='bbox 2826 1634 2989 1689; x_wconf 90' lang='lat' dir='ltr'><strong>discit</strong></span> <span class='ocrx_word' id='word_1_321' title='bbox 3021 1634 3078 1689; x_wconf 91' lang='lat' dir='ltr'><strong>in</strong></span> <span class='ocrx_word' id='word_1_322' title='bbox 3124 1635 3229 1692; x_wconf 90' lang='lat' dir='ltr'><strong>hac</strong></span> <span class='ocrx_word' id='word_1_323' title='bbox 3267 1636 3451 1704; x_wconf 90' lang='lat' dir='ltr'><strong>domo,</strong></span> <span class='ocrx_word' id='word_1_324' title='bbox 3477 1653 3599 1708; x_wconf 59' lang='lat' dir='ltr'><strong>quae</strong></span> <span class='ocrx_word' id='word_1_325' title='bbox 3640 1647 3725 1693; x_wconf 89' lang='lat' dir='ltr'><strong>est</strong></span> <span class='ocrx_word' id='word_1_326' title='bbox 3750 1637 3858 1694; x_wconf 85' lang='lat' dir='ltr'><strong>Ec-</strong></span> 
     </span>
    </p>
   </div>
   <div class='ocr_carea' id='block_1_46' title="bbox 2277 1722 3855 1799">
    <p class='ocr_par' dir='ltr' id='par_1_46' title="bbox 2277 1722 3855 1799">
     <span class='ocr_line' id='line_1_46' title="bbox 2277 1722 3855 1799; baseline 0.005 -23"><span class='ocrx_word' id='word_1_327' title='bbox 2277 1722 2444 1777; x_wconf 85' lang='lat' dir='ltr'><strong>clesia</strong></span> <span class='ocrx_word' id='word_1_328' title='bbox 2493 1722 2584 1778; x_wconf 86' lang='lat' dir='ltr'><strong>Dei</strong></span> <span class='ocrx_word' id='word_1_329' title='bbox 2633 1725 2764 1792; x_wconf 87' lang='lat' dir='ltr'><strong>vivi,</strong></span> <span class='ocrx_word' id='word_1_330' title='bbox 2809 1726 2974 1781; x_wconf 87' lang='lat' dir='ltr'><strong>cellas</strong></span> <span class='ocrx_word' id='word_1_331' title='bbox 3022 1728 3188 1783; x_wconf 88' lang='lat' dir='ltr'><strong>etiam</strong></span> <span class='ocrx_word' id='word_1_332' title='bbox 3241 1728 3355 1783; x_wconf 85' lang='lat' dir='ltr'><strong>vini</strong></span> <span class='ocrx_word' id='word_1_333' title='bbox 3400 1729 3549 1784; x_wconf 90' lang='lat' dir='ltr'><strong>illius</strong></span> <span class='ocrx_word' id='word_1_334' title='bbox 3589 1729 3735 1799; x_wconf 89' lang='lat' dir='ltr'><strong>quod</strong></span> <span class='ocrx_word' id='word_1_335' title='bbox 3785 1730 3855 1784; x_wconf 88' lang='lat' dir='ltr'><strong>de</strong></span> 
     </span>
    </p>
   </div>
   <div class='ocr_carea' id='block_1_47' title="bbox 2277 1815 3852 1890">
    <p class='ocr_par' dir='ltr' id='par_1_47' title="bbox 2277 1815 3852 1890">
     <span class='ocr_line' id='line_1_47' title="bbox 2277 1815 3852 1890; baseline 0.003 -21"><span class='ocrx_word' id='word_1_336' title='bbox 2277 1815 2480 1870; x_wconf 90' lang='lat' dir='ltr'><strong>sanctis</strong></span> <span class='ocrx_word' id='word_1_337' title='bbox 2528 1817 2890 1873; x_wconf 87' lang='lat' dir='ltr'><strong>torcularibus</strong></span> <span class='ocrx_word' id='word_1_338' title='bbox 2938 1828 3326 1889; x_wconf 81' lang='lat' dir='ltr'><strong>congregatum</strong></span> <span class='ocrx_word' id='word_1_339' title='bbox 3358 1829 3475 1890; x_wconf 73' lang='lat' dir='ltr'><strong>est,</strong></span> <span class='ocrx_word' id='word_1_340' title='bbox 3535 1821 3698 1877; x_wconf 89' lang='lat' dir='ltr'><strong>cellas</strong></span> <span class='ocrx_word' id='word_1_341' title='bbox 3739 1820 3852 1875; x_wconf 89' lang='lat' dir='ltr'><strong>vini</strong></span> 
     </span>
    </p>
   </div>
   <div class='ocr_carea' id='block_1_48' title="bbox 2275 1908 3856 1981">
    <p class='ocr_par' dir='ltr' id='par_1_48' title="bbox 2275 1908 3856 1981">
     <span class='ocr_line' id='line_1_48' title="bbox 2275 1908 3856 1981; baseline 0.001 -17"><span class='ocrx_word' id='word_1_342' title='bbox 2275 1924 2383 1964; x_wconf 90' lang='lat' dir='ltr'><strong>non</strong></span> <span class='ocrx_word' id='word_1_343' title='bbox 2417 1908 2595 1964; x_wconf 92' lang='lat' dir='ltr'><strong>solum</strong></span> <span class='ocrx_word' id='word_1_344' title='bbox 2640 1909 2766 1964; x_wconf 90' lang='lat' dir='ltr'><strong>novi</strong></span> <span class='ocrx_word' id='word_1_345' title='bbox 2813 1909 2906 1965; x_wconf 90' lang='lat' dir='ltr'><strong>sed</strong></span> <span class='ocrx_word' id='word_1_346' title='bbox 2949 1919 3003 1965; x_wconf 89' lang='lat' dir='ltr'><strong>et</strong></span> <span class='ocrx_word' id='word_1_347' title='bbox 3048 1911 3245 1967; x_wconf 89' lang='lat' dir='ltr'><strong>veteris</strong></span> <span class='ocrx_word' id='word_1_348' title='bbox 3273 1925 3339 1966; x_wconf 88' lang='lat' dir='ltr'><strong>ac</strong></span> <span class='ocrx_word' id='word_1_349' title='bbox 3370 1910 3575 1977; x_wconf 86' lang='lat' dir='ltr'><strong>suavis,</strong></span> <span class='ocrx_word' id='word_1_350' title='bbox 3605 1926 3728 1981; x_wconf 82' lang='lat' dir='ltr'><strong>quae</strong></span> <span class='ocrx_word' id='word_1_351' title='bbox 3770 1920 3856 1967; x_wconf 89' lang='lat' dir='ltr'><strong>est</strong></span> 
     </span>
    </p>
   </div>
   <div class='ocr_carea' id='block_1_49' title="bbox 2274 1999 3856 2073">
    <p class='ocr_par' dir='ltr' id='par_1_49' title="bbox 2274 1999 3856 2073">
     <span class='ocr_line' id='line_1_49' title="bbox 2274 1999 3856 2073; baseline 0.001 -17"><span class='ocrx_word' id='word_1_352' title='bbox 2274 1999 2524 2056; x_wconf 87' lang='lat' dir='ltr'><strong>doctrina</strong></span> <span class='ocrx_word' id='word_1_353' title='bbox 2560 2001 2695 2073; x_wconf 88' lang='lat' dir='ltr'><strong>legis</strong></span> <span class='ocrx_word' id='word_1_354' title='bbox 2721 2009 2776 2057; x_wconf 92' lang='lat' dir='ltr'><strong>et</strong></span> <span class='ocrx_word' id='word_1_355' title='bbox 2808 2003 3229 2073; x_wconf 90' lang='lat' dir='ltr'><strong>prophetarum;</strong></span> <span class='ocrx_word' id='word_1_356' title='bbox 3263 2002 3318 2057; x_wconf 92' lang='lat' dir='ltr'><strong>in</strong></span> <span class='ocrx_word' id='word_1_357' title='bbox 3351 2003 3551 2073; x_wconf 86' lang='lat' dir='ltr'><strong>quibus</strong></span> <span class='ocrx_word' id='word_1_358' title='bbox 3581 2003 3856 2058; x_wconf 84' lang='lat' dir='ltr'><strong>sullicien-</strong></span> 
     </span>
    </p>
   </div>
   <div class='ocr_carea' id='block_1_50' title="bbox 2273 2092 3853 2165">
    <p class='ocr_par' dir='ltr' id='par_1_50' title="bbox 2273 2092 3853 2165">
     <span class='ocr_line' id='line_1_50' title="bbox 2273 2092 3853 2165; baseline 0.002 -20"><span class='ocrx_word' id='word_1_359' title='bbox 2273 2098 2357 2146; x_wconf 90' lang='lat' dir='ltr'><strong>ter</strong></span> <span class='ocrx_word' id='word_1_360' title='bbox 2380 2092 2677 2148; x_wconf 85' lang='lat' dir='ltr'><strong>exercitata</strong></span> <span class='ocrx_word' id='word_1_361' title='bbox 2708 2093 2935 2165; x_wconf 86' lang='lat' dir='ltr'><strong>recipiat</strong></span> <span class='ocrx_word' id='word_1_362' title='bbox 2965 2093 3021 2147; x_wconf 90' lang='lat' dir='ltr'><strong>in</strong></span> <span class='ocrx_word' id='word_1_363' title='bbox 3051 2109 3111 2148; x_wconf 90' lang='lat' dir='ltr'><strong>se</strong></span> <span class='ocrx_word' id='word_1_364' title='bbox 3146 2093 3321 2164; x_wconf 91' lang='lat' dir='ltr'><strong>ipsum</strong></span> <span class='ocrx_word' id='word_1_365' title='bbox 3349 2094 3444 2165; x_wconf 85' lang='lat' dir='ltr'><strong>qui</strong></span> <span class='ocrx_word' id='word_1_366' title='bbox 3473 2103 3592 2150; x_wconf 90' lang='lat' dir='ltr'><strong>erat</strong></span> <span class='ocrx_word' id='word_1_367' title='bbox 3617 2095 3670 2148; x_wconf 93' lang='lat' dir='ltr'><strong>in</strong></span> <span class='ocrx_word' id='word_1_368' title='bbox 3700 2095 3853 2164; x_wconf 83' lang='lat' dir='ltr'><strong>priu-</strong></span> 
     </span>
    </p>
   </div>
   <div class='ocr_carea' id='block_1_51' title="bbox 2273 2182 3854 2256">
    <p class='ocr_par' dir='ltr' id='par_1_51' title="bbox 2273 2182 3854 2256">
     <span class='ocr_line' id='line_1_51' title="bbox 2273 2182 3854 2256; baseline 0.001 -18"><span class='ocrx_word' id='word_1_369' title='bbox 2273 2182 2417 2253; x_wconf 90' lang='lat' dir='ltr'><strong>cipio</strong></span> <span class='ocrx_word' id='word_1_370' title='bbox 2450 2184 2593 2254; x_wconf 91' lang='lat' dir='ltr'><strong>apud</strong></span> <span class='ocrx_word' id='word_1_371' title='bbox 2624 2183 2795 2240; x_wconf 89' lang='lat' dir='ltr'><strong>Deum</strong></span> <span class='ocrx_word' id='word_1_372' title='bbox 2827 2184 2973 2241; x_wconf 91' lang='lat' dir='ltr'><strong>Deus</strong></span> <span class='ocrx_word' id='word_1_373' title='bbox 3003 2185 3243 2241; x_wconf 78' lang='lat' dir='ltr'><strong>Verbum</strong></span> <span class='ocrx_word' id='word_1_374' title='bbox 3277 2187 3344 2254; x_wconf 80' lang='lat'><strong>“,</strong></span> <span class='ocrx_word' id='word_1_375' title='bbox 3369 2186 3462 2241; x_wconf 88' lang='lat' dir='ltr'><strong>sed</strong></span> <span class='ocrx_word' id='word_1_376' title='bbox 3494 2201 3604 2241; x_wconf 91' lang='lat' dir='ltr'><strong>non</strong></span> <span class='ocrx_word' id='word_1_377' title='bbox 3640 2201 3854 2256; x_wconf 86' lang='lat' dir='ltr'><strong>semper</strong></span> 
     </span>
    </p>
   </div>
   <div class='ocr_carea' id='block_1_52' title="bbox 2274 2278 3855 2350">
    <p class='ocr_par' dir='ltr' id='par_1_52' title="bbox 2274 2278 3855 2350">
     <span class='ocr_line' id='line_1_52' title="bbox 2274 2278 3855 2350; baseline 0.002 -21"><span class='ocrx_word' id='word_1_378' title='bbox 2274 2289 2461 2330; x_wconf 89' lang='lat' dir='ltr'><strong>secum</strong></span> <span class='ocrx_word' id='word_1_379' title='bbox 2490 2285 2953 2345; x_wconf 84' lang='lat' dir='ltr'><strong>permanentem:</strong></span> <span class='ocrx_word' id='word_1_380' title='bbox 2998 2294 3109 2335; x_wconf 93' lang='lat' dir='ltr'><strong>non</strong></span> <span class='ocrx_word' id='word_1_381' title='bbox 3152 2278 3297 2334; x_wconf 91' lang='lat' dir='ltr'><strong>enim</strong></span> <span class='ocrx_word' id='word_1_382' title='bbox 3346 2278 3606 2350; x_wconf 88' lang='lat' dir='ltr'><strong>possibile</strong></span> <span class='ocrx_word' id='word_1_383' title='bbox 3638 2278 3855 2332; x_wconf 88' lang='lat' dir='ltr'><strong>esthoc</strong></span> 
     </span>
    </p>
   </div>
   <div class='ocr_carea' id='block_1_53' title="bbox 2271 2363 3853 2438">
    <p class='ocr_par' dir='ltr' id='par_1_53' title="bbox 2271 2363 3853 2438">
     <span class='ocr_line' id='line_1_53' title="bbox 2271 2363 3853 2438; baseline 0.002 -19"><span class='ocrx_word' id='word_1_384' title='bbox 2271 2363 2525 2421; x_wconf 83' lang='lat' dir='ltr'><strong>humanae</strong></span> <span class='ocrx_word' id='word_1_385' title='bbox 2569 2374 2827 2422; x_wconf 72' lang='lat' dir='ltr'><strong>naturae:</strong></span> <span class='ocrx_word' id='word_1_386' title='bbox 2880 2368 2973 2423; x_wconf 90' lang='lat' dir='ltr'><strong>sed</strong></span> <span class='ocrx_word' id='word_1_387' title='bbox 3025 2368 3298 2424; x_wconf 88' lang='lat' dir='ltr'><strong>interdum</strong></span> <span class='ocrx_word' id='word_1_388' title='bbox 3344 2368 3562 2438; x_wconf 89' lang='lat' dir='ltr'><strong>quidem</strong></span> <span class='ocrx_word' id='word_1_389' title='bbox 3600 2368 3853 2422; x_wconf 87' lang='lat' dir='ltr'><strong>visitetur</strong></span> 
     </span>
    </p>
   </div>
   <div class='ocr_carea' id='block_1_54' title="bbox 2272 2455 3854 2527">
    <p class='ocr_par' dir='ltr' id='par_1_54' title="bbox 2272 2455 3854 2527">
     <span class='ocr_line' id='line_1_54' title="bbox 2272 2455 3854 2527; baseline 0.002 -18"><span class='ocrx_word' id='word_1_390' title='bbox 2272 2455 2340 2510; x_wconf 89' lang='lat' dir='ltr'><strong>ab</strong></span> <span class='ocrx_word' id='word_1_391' title='bbox 2370 2471 2457 2522; x_wconf 91' lang='lat' dir='ltr'><strong>eo,</strong></span> <span class='ocrx_word' id='word_1_392' title='bbox 2486 2456 2759 2512; x_wconf 90' lang='lat' dir='ltr'><strong>interdum</strong></span> <span class='ocrx_word' id='word_1_393' title='bbox 2790 2473 2920 2512; x_wconf 91' lang='lat' dir='ltr'><strong>vero</strong></span> <span class='ocrx_word' id='word_1_394' title='bbox 2955 2458 3312 2527; x_wconf 88' lang='lat' dir='ltr'><strong>relinquatur,</strong></span> <span class='ocrx_word' id='word_1_395' title='bbox 3348 2466 3409 2512; x_wconf 90' lang='lat' dir='ltr'><strong>ut</strong></span> <span class='ocrx_word' id='word_1_396' title='bbox 3439 2458 3673 2526; x_wconf 89' lang='lat' dir='ltr'><strong>amplius</strong></span> <span class='ocrx_word' id='word_1_397' title='bbox 3707 2458 3854 2512; x_wconf 86' lang='lat' dir='ltr'><strong>desi-</strong></span> 
     </span>
    </p>
   </div>
   <div class='ocr_carea' id='block_1_55' title="bbox 2269 2545 3850 2604">
    <p class='ocr_par' dir='ltr' id='par_1_55' title="bbox 2269 2545 3850 2604">
     <span class='ocr_line' id='line_1_55' title="bbox 2269 2545 3850 2604; baseline -0.001 0"><span class='ocrx_word' id='word_1_398' title='bbox 2269 2547 2423 2604; x_wconf 88' lang='lat' dir='ltr'><strong>deret</strong></span> <span class='ocrx_word' id='word_1_399' title='bbox 2449 2562 2597 2601; x_wconf 89' lang='lat' dir='ltr'><strong>eum.</strong></span> <span class='ocrx_word' id='word_1_400' title='bbox 2623 2545 2761 2602; x_wconf 86' lang='lat' dir='ltr'><strong>Cum</strong></span> <span class='ocrx_word' id='word_1_401' title='bbox 2791 2562 2923 2601; x_wconf 91' lang='lat' dir='ltr'><strong>vero</strong></span> <span class='ocrx_word' id='word_1_402' title='bbox 2947 2547 3201 2603; x_wconf 87' lang='lat' dir='ltr'><strong>visitatur</strong></span> <span class='ocrx_word' id='word_1_403' title='bbox 3233 2563 3264 2602; x_wconf 92' lang='lat' dir='ltr'><strong>a</strong></span> <span class='ocrx_word' id='word_1_404' title='bbox 3297 2546 3475 2604; x_wconf 84' lang='lat' dir='ltr'><strong>Verbo</strong></span> <span class='ocrx_word' id='word_1_405' title='bbox 3507 2547 3599 2603; x_wconf 90' lang='lat' dir='ltr'><strong>Dei</strong></span> <span class='ocrx_word' id='word_1_406' title='bbox 3647 2562 3850 2604; x_wconf 79' lang='lat' dir='ltr'><strong>secun-</strong></span> 
     </span>
    </p>
   </div>
   <div class='ocr_carea' id='block_1_56' title="bbox 2268 2636 3854 2709">
    <p class='ocr_par' dir='ltr' id='par_1_56' title="bbox 2268 2636 3854 2709">
     <span class='ocr_line' id='line_1_56' title="bbox 2268 2636 3854 2709; baseline 0.002 -16"><span class='ocrx_word' id='word_1_407' title='bbox 2268 2638 2396 2693; x_wconf 89' lang='lat' dir='ltr'><strong>dum</strong></span> <span class='ocrx_word' id='word_1_408' title='bbox 2433 2636 2695 2707; x_wconf 91' lang='lat' dir='ltr'><strong>propositi</strong></span> <span class='ocrx_word' id='word_1_409' title='bbox 2728 2636 2979 2692; x_wconf 90' lang='lat' dir='ltr'><strong>versiculi</strong></span> <span class='ocrx_word' id='word_1_410' title='bbox 3007 2652 3253 2704; x_wconf 89' lang='lat' dir='ltr'><strong>sensum,</strong></span> <span class='ocrx_word' id='word_1_411' title='bbox 3284 2653 3380 2709; x_wconf 92' lang='lat' dir='ltr'><strong>per</strong></span> <span class='ocrx_word' id='word_1_412' title='bbox 3407 2645 3622 2694; x_wconf 91' lang='lat' dir='ltr'><strong>montes</strong></span> <span class='ocrx_word' id='word_1_413' title='bbox 3647 2639 3854 2696; x_wconf 85' lang='lat' dir='ltr'><strong>saliens</strong></span> 
     </span>
    </p>
   </div>
   <div class='ocr_carea' id='block_1_57' title="bbox 2267 2727 3855 2797">
    <p class='ocr_par' dir='ltr' id='par_1_57' title="bbox 2267 2727 3855 2797">
     <span class='ocr_line' id='line_1_57' title="bbox 2267 2727 3855 2797; baseline 0.002 -14"><span class='ocrx_word' id='word_1_414' title='bbox 2267 2728 2457 2784; x_wconf 85' lang='lat' dir='ltr'><strong>venire</strong></span> <span class='ocrx_word' id='word_1_415' title='bbox 2489 2728 2692 2783; x_wconf 91' lang='lat' dir='ltr'><strong>dicitur</strong></span> <span class='ocrx_word' id='word_1_416' title='bbox 2719 2727 2784 2783; x_wconf 90' lang='lat' dir='ltr'><strong>ad</strong></span> <span class='ocrx_word' id='word_1_417' title='bbox 2814 2742 2971 2797; x_wconf 90' lang='lat' dir='ltr'><strong>eam;</strong></span> <span class='ocrx_word' id='word_1_418' title='bbox 3006 2729 3256 2787; x_wconf 91' lang='lat' dir='ltr'><strong>excelsos</strong></span> <span class='ocrx_word' id='word_1_419' title='bbox 3291 2730 3498 2786; x_wconf 91' lang='lat' dir='ltr'><strong>scilicet</strong></span> <span class='ocrx_word' id='word_1_420' title='bbox 3523 2740 3577 2786; x_wconf 92' lang='lat' dir='ltr'><strong>et</strong></span> <span class='ocrx_word' id='word_1_421' title='bbox 3611 2730 3855 2786; x_wconf 85' lang='lat' dir='ltr'><strong>elevatos</strong></span> 
     </span>
    </p>
   </div>
   <div class='ocr_carea' id='block_1_58' title="bbox 2267 2820 3855 2899">
    <p class='ocr_par' dir='ltr' id='par_1_58' title="bbox 2267 2820 3855 2899">
     <span class='ocr_line' id='line_1_58' title="bbox 2267 2820 3855 2899; baseline 0.002 -24"><span class='ocrx_word' id='word_1_422' title='bbox 2267 2820 2514 2877; x_wconf 87' lang='lat' dir='ltr'><strong>revelans</strong></span> <span class='ocrx_word' id='word_1_423' title='bbox 2546 2821 2596 2877; x_wconf 91' lang='lat' dir='ltr'><strong>ei</strong></span> <span class='ocrx_word' id='word_1_424' title='bbox 2630 2820 2869 2877; x_wconf 82' lang='lat' dir='ltr'><strong>caelestis</strong></span> <span class='ocrx_word' id='word_1_425' title='bbox 2913 2820 3154 2877; x_wconf 78' lang='lat' dir='ltr'><strong>scientiae</strong></span> <span class='ocrx_word' id='word_1_426' title='bbox 3187 2837 3417 2890; x_wconf 89' lang='lat' dir='ltr'><strong>sensus,</strong></span> <span class='ocrx_word' id='word_1_427' title='bbox 3460 2822 3542 2899; x_wconf 54' lang='lat' dir='ltr'><strong>ita</strong></span> <span class='ocrx_word' id='word_1_428' title='bbox 3575 2830 3634 2876; x_wconf 93' lang='lat' dir='ltr'><strong>ut</strong></span> <span class='ocrx_word' id='word_1_429' title='bbox 3662 2836 3855 2893; x_wconf 83' lang='lat' dir='ltr'><strong>perve-</strong></span> 
     </span>
    </p>
   </div>
   <div class='ocr_carea' id='block_1_59' title="bbox 2269 2912 3854 2984">
    <p class='ocr_par' dir='ltr' id='par_1_59' title="bbox 2269 2912 3854 2984">
     <span class='ocr_line' id='line_1_59' title="bbox 2269 2912 3854 2984; baseline 0.003 -18"><span class='ocrx_word' id='word_1_430' title='bbox 2269 2912 2384 2967; x_wconf 90' lang='lat' dir='ltr'><strong>niat</strong></span> <span class='ocrx_word' id='word_1_431' title='bbox 2413 2928 2587 2983; x_wconf 90' lang='lat' dir='ltr'><strong>usque</strong></span> <span class='ocrx_word' id='word_1_432' title='bbox 2635 2913 2701 2968; x_wconf 91' lang='lat' dir='ltr'><strong>ad</strong></span> <span class='ocrx_word' id='word_1_433' title='bbox 2731 2912 3144 2968; x_wconf 72' lang='lat' dir='ltr'><strong>:rdiﬁcationem</strong></span> <span class='ocrx_word' id='word_1_434' title='bbox 3186 2913 3463 2981; x_wconf 83' lang='lat' dir='ltr'><strong>Ecclesiae,</strong></span> <span class='ocrx_word' id='word_1_435' title='bbox 3494 2929 3616 2984; x_wconf 72' lang='lat' dir='ltr'><strong>qua:</strong></span> <span class='ocrx_word' id='word_1_436' title='bbox 3643 2925 3727 2970; x_wconf 89' lang='lat' dir='ltr'><strong>est</strong></span> <span class='ocrx_word' id='word_1_437' title='bbox 3753 2914 3854 2970; x_wconf 84' lang='lat' dir='ltr'><strong>do-</strong></span> 
     </span>
    </p>
   </div>
   <div class='ocr_carea' id='block_1_60' title="bbox 2268 3003 3850 3074">
    <p class='ocr_par' dir='ltr' id='par_1_60' title="bbox 2268 3003 3850 3074">
     <span class='ocr_line' id='line_1_60' title="bbox 2268 3003 3850 3074; baseline 0.001 -16"><span class='ocrx_word' id='word_1_438' title='bbox 2268 3019 2391 3059; x_wconf 92' lang='lat' dir='ltr'><strong>mus</strong></span> <span class='ocrx_word' id='word_1_439' title='bbox 2417 3003 2509 3059; x_wconf 90' lang='lat' dir='ltr'><strong>Dei</strong></span> <span class='ocrx_word' id='word_1_440' title='bbox 2539 3005 2680 3070; x_wconf 90' lang='lat' dir='ltr'><strong>vivi,</strong></span> <span class='ocrx_word' id='word_1_441' title='bbox 2716 3004 2971 3061; x_wconf 90' lang='lat' dir='ltr'><strong>columna</strong></span> <span class='ocrx_word' id='word_1_442' title='bbox 2991 3044 3008 3073; x_wconf 93' lang='lat'><strong>,</strong></span> <span class='ocrx_word' id='word_1_443' title='bbox 3038 3012 3094 3059; x_wconf 93' lang='lat' dir='ltr'><strong>et</strong></span> <span class='ocrx_word' id='word_1_444' title='bbox 3145 3004 3549 3060; x_wconf 79' lang='lat' dir='ltr'><strong>firmamentum</strong></span> <span class='ocrx_word' id='word_1_445' title='bbox 3582 3005 3850 3074; x_wconf 87' lang='lat' dir='ltr'><strong>veritatis,</strong></span> 
     </span>
    </p>
   </div>
   <div class='ocr_carea' id='block_1_61' title="bbox 590 3094 3851 3182">
    <p class='ocr_par' dir='ltr' id='par_1_61' title="bbox 590 3094 3851 3182">
     <span class='ocr_line' id='line_1_61' title="bbox 590 3094 3851 3182; baseline 0 -31"><span class='ocrx_word' id='word_1_446' title='bbox 590 3096 1032 3161; x_wconf 89' lang='lat' dir='ltr'><strong>adolescentulis,</strong></span> <span class='ocrx_word' id='word_1_447' title='bbox 1065 3095 1255 3166; x_wconf 90' lang='lat' dir='ltr'><strong>sponsi</strong></span> <span class='ocrx_word' id='word_1_448' title='bbox 1290 3109 1420 3150; x_wconf 92' lang='lat' dir='ltr'><strong>vero</strong></span> <span class='ocrx_word' id='word_1_449' title='bbox 1446 3094 1746 3150; x_wconf 85' lang='lat' dir='ltr'><strong>sodalibus.</strong></span> <span class='ocrx_word' id='word_1_450' title='bbox 1775 3094 2161 3149; x_wconf 81' lang='lat' dir='ltr'><strong>Verumtamen</strong></span> <span class='ocrx_word' id='word_1_451' title='bbox 2191 3118 2236 3182; x_wconf 69' lang='grc' dir='ltr'><strong>ρ</strong></span> <span class='ocrx_word' id='word_1_452' title='bbox 2266 3104 2322 3151; x_wconf 90' lang='lat' dir='ltr'><strong>et</strong></span> <span class='ocrx_word' id='word_1_453' title='bbox 2352 3105 2458 3152; x_wconf 88' lang='lat' dir='ltr'><strong>stet</strong></span> <span class='ocrx_word' id='word_1_454' title='bbox 2489 3096 2651 3167; x_wconf 80' lang='lat' dir='ltr'><strong>juxta</strong></span> <span class='ocrx_word' id='word_1_455' title='bbox 2681 3096 2966 3166; x_wconf 90' lang='lat' dir='ltr'><strong>parietem,</strong></span> <span class='ocrx_word' id='word_1_456' title='bbox 2996 3095 3080 3151; x_wconf 89' lang='lat' dir='ltr'><strong>vel</strong></span> <span class='ocrx_word' id='word_1_457' title='bbox 3112 3103 3236 3165; x_wconf 91' lang='lat' dir='ltr'><strong>post</strong></span> <span class='ocrx_word' id='word_1_458' title='bbox 3267 3096 3560 3166; x_wconf 89' lang='lat' dir='ltr'><strong>parietem,</strong></span> <span class='ocrx_word' id='word_1_459' title='bbox 3590 3105 3652 3152; x_wconf 89' lang='lat' dir='ltr'><strong>ut</strong></span> <span class='ocrx_word' id='word_1_460' title='bbox 3674 3111 3851 3167; x_wconf 90' lang='lat' dir='ltr'><strong>neque</strong></span> 
     </span>
    </p>
   </div>
   <div class='ocr_carea' id='block_1_62' title="bbox 589 3183 2164 3259">
    <p class='ocr_par' dir='ltr' id='par_1_62' title="bbox 589 3183 2164 3259">
     <span class='ocr_line' id='line_1_62' title="bbox 589 3183 2164 3259; baseline -0.003 -17"><span class='ocrx_word' id='word_1_461' title='bbox 589 3188 922 3259; x_wconf 84' lang='lat' dir='ltr'><strong>intelligatur</strong></span> <span class='ocrx_word' id='word_1_462' title='bbox 975 3200 1210 3256; x_wconf 88' lang='lat' dir='ltr'><strong>sponsus</strong></span> <span class='ocrx_word' id='word_1_463' title='bbox 1272 3194 1462 3256; x_wconf 92' lang='lat' dir='ltr'><strong>utpote</strong></span> <span class='ocrx_word' id='word_1_464' title='bbox 1520 3184 1636 3250; x_wconf 90' lang='lat' dir='ltr'><strong>vir,</strong></span> <span class='ocrx_word' id='word_1_465' title='bbox 1703 3200 1810 3238; x_wconf 92' lang='lat' dir='ltr'><strong>non</strong></span> <span class='ocrx_word' id='word_1_466' title='bbox 1861 3198 2077 3253; x_wconf 89' lang='lat' dir='ltr'><strong>semper</strong></span> <span class='ocrx_word' id='word_1_467' title='bbox 2108 3183 2164 3237; x_wconf 91' lang='lat' dir='ltr'><strong>in</strong></span> 
     </span>
    </p>
   </div>
   <div class='ocr_carea' id='block_1_63' title="bbox 586 3274 2161 3347">
    <p class='ocr_par' dir='ltr' id='par_1_63' title="bbox 586 3274 2161 3347">
     <span class='ocr_line' id='line_1_63' title="bbox 586 3274 2161 3347; baseline -0.004 -13"><span class='ocrx_word' id='word_1_468' title='bbox 586 3279 773 3345; x_wconf 90' lang='lat' dir='ltr'><strong>domo,</strong></span> <span class='ocrx_word' id='word_1_469' title='bbox 807 3293 985 3347; x_wconf 88' lang='lat' dir='ltr'><strong>neque</strong></span> <span class='ocrx_word' id='word_1_470' title='bbox 1016 3291 1230 3347; x_wconf 82' lang='lat' dir='ltr'><strong>seraper</strong></span> <span class='ocrx_word' id='word_1_471' title='bbox 1254 3276 1497 3332; x_wconf 88' lang='lat' dir='ltr'><strong>assidere</strong></span> <span class='ocrx_word' id='word_1_472' title='bbox 1527 3290 1742 3346; x_wconf 66' lang='lat' dir='ltr'><strong>sponsae</strong></span> <span class='ocrx_word' id='word_1_473' title='bbox 1770 3276 1911 3330; x_wconf 92' lang='lat' dir='ltr'><strong>intra</strong></span> <span class='ocrx_word' id='word_1_474' title='bbox 1940 3274 2161 3329; x_wconf 90' lang='lat' dir='ltr'><strong>domum</strong></span> 
     </span>
    </p>
   </div>
   <div class='ocr_carea' id='block_1_64' title="bbox 588 3364 2163 3439">
    <p class='ocr_par' dir='ltr' id='par_1_64' title="bbox 588 3364 2163 3439">
     <span class='ocr_line' id='line_1_64' title="bbox 588 3364 2163 3439; baseline -0.002 -16"><span class='ocrx_word' id='word_1_475' title='bbox 588 3368 816 3439; x_wconf 60' lang='lat' dir='ltr'><strong>positae:</strong></span> <span class='ocrx_word' id='word_1_476' title='bbox 860 3367 954 3422; x_wconf 91' lang='lat' dir='ltr'><strong>sed</strong></span> <span class='ocrx_word' id='word_1_477' title='bbox 1000 3374 1159 3421; x_wconf 81' lang='lat' dir='ltr'><strong>exeat</strong></span> <span class='ocrx_word' id='word_1_478' title='bbox 1209 3364 1553 3436; x_wconf 81' lang='lat' dir='ltr'><strong>frequenter,</strong></span> <span class='ocrx_word' id='word_1_479' title='bbox 1598 3374 1653 3420; x_wconf 91' lang='lat' dir='ltr'><strong>et</strong></span> <span class='ocrx_word' id='word_1_480' title='bbox 1692 3364 1784 3420; x_wconf 91' lang='lat' dir='ltr'><strong>illa</strong></span> <span class='ocrx_word' id='word_1_481' title='bbox 1829 3380 1955 3420; x_wconf 89' lang='lat' dir='ltr'><strong>eum</strong></span> <span class='ocrx_word' id='word_1_482' title='bbox 2005 3365 2163 3434; x_wconf 88' lang='lat' dir='ltr'><strong>quasi</strong></span> 
     </span>
    </p>
   </div>
   <div class='ocr_carea' id='block_1_65' title="bbox 589 3456 2166 3528">
    <p class='ocr_par' dir='ltr' id='par_1_65' title="bbox 589 3456 2166 3528">
     <span class='ocr_line' id='line_1_65' title="bbox 589 3456 2166 3528; baseline -0.001 -15"><span class='ocrx_word' id='word_1_483' title='bbox 589 3472 778 3513; x_wconf 84' lang='lat' dir='ltr'><strong>amore</strong></span> <span class='ocrx_word' id='word_1_484' title='bbox 811 3459 932 3528; x_wconf 89' lang='lat' dir='ltr'><strong>ejus</strong></span> <span class='ocrx_word' id='word_1_485' title='bbox 962 3456 1194 3512; x_wconf 88' lang='lat' dir='ltr'><strong>sollicita</strong></span> <span class='ocrx_word' id='word_1_486' title='bbox 1230 3456 1473 3527; x_wconf 91' lang='lat' dir='ltr'><strong>requirat</strong></span> <span class='ocrx_word' id='word_1_487' title='bbox 1496 3456 1812 3523; x_wconf 88' lang='lat' dir='ltr'><strong>absentem;</strong></span> <span class='ocrx_word' id='word_1_488' title='bbox 1844 3456 1938 3512; x_wconf 88' lang='lat' dir='ltr'><strong>sed</strong></span> <span class='ocrx_word' id='word_1_489' title='bbox 1969 3464 2023 3511; x_wconf 92' lang='lat' dir='ltr'><strong>et</strong></span> <span class='ocrx_word' id='word_1_490' title='bbox 2049 3457 2166 3527; x_wconf 89' lang='lat' dir='ltr'><strong>ipse</strong></span> 
     </span>
    </p>
   </div>
   <div class='ocr_carea' id='block_1_66' title="bbox 589 3546 2166 3619">
    <p class='ocr_par' dir='ltr' id='par_1_66' title="bbox 589 3546 2166 3619">
     <span class='ocr_line' id='line_1_66' title="bbox 589 3546 2166 3619; baseline -0.001 -14"><span class='ocrx_word' id='word_1_491' title='bbox 589 3549 864 3606; x_wconf 86' lang='lat' dir='ltr'><strong>interdum</strong></span> <span class='ocrx_word' id='word_1_492' title='bbox 900 3548 1084 3604; x_wconf 86' lang='lat' dir='ltr'><strong>redeat</strong></span> <span class='ocrx_word' id='word_1_493' title='bbox 1110 3548 1178 3602; x_wconf 92' lang='lat' dir='ltr'><strong>ad</strong></span> <span class='ocrx_word' id='word_1_494' title='bbox 1219 3561 1363 3602; x_wconf 89' lang='lat' dir='ltr'><strong>eam.</strong></span> <span class='ocrx_word' id='word_1_495' title='bbox 1407 3546 1638 3619; x_wconf 85' lang='lat' dir='ltr'><strong>Propter</strong></span> <span class='ocrx_word' id='word_1_496' title='bbox 1662 3550 1807 3619; x_wconf 89' lang='lat' dir='ltr'><strong>quod</strong></span> <span class='ocrx_word' id='word_1_497' title='bbox 1835 3557 1887 3604; x_wconf 89' lang='lat' dir='ltr'><strong>et</strong></span> <span class='ocrx_word' id='word_1_498' title='bbox 1917 3548 2166 3605; x_wconf 88' lang='lat' dir='ltr'><strong>videatur</strong></span> 
     </span>
    </p>
   </div>
   <div class='ocr_carea' id='block_1_67' title="bbox 587 3641 2165 3716">
    <p class='ocr_par' dir='ltr' id='par_1_67' title="bbox 587 3641 2165 3716">
     <span class='ocr_line' id='line_1_67' title="bbox 587 3641 2165 3716; baseline -0.002 -17"><span class='ocrx_word' id='word_1_499' title='bbox 587 3660 687 3716; x_wconf 89' lang='lat' dir='ltr'><strong>per</strong></span> <span class='ocrx_word' id='word_1_500' title='bbox 722 3652 893 3699; x_wconf 91' lang='lat' dir='ltr'><strong>totum</strong></span> <span class='ocrx_word' id='word_1_501' title='bbox 928 3641 1168 3698; x_wconf 88' lang='lat' dir='ltr'><strong>libellum</strong></span> <span class='ocrx_word' id='word_1_502' title='bbox 1216 3643 1509 3714; x_wconf 87' lang='lat' dir='ltr'><strong>aliquando</strong></span> <span class='ocrx_word' id='word_1_503' title='bbox 1539 3643 1758 3714; x_wconf 90' lang='lat' dir='ltr'><strong>quidem</strong></span> <span class='ocrx_word' id='word_1_504' title='bbox 1786 3642 1935 3698; x_wconf 90' lang='lat' dir='ltr'><strong>velut</strong></span> <span class='ocrx_word' id='word_1_505' title='bbox 1965 3645 2165 3698; x_wconf 89' lang='lat' dir='ltr'><strong>absens</strong></span> 
     </span>
    </p>
   </div>
   <div class='ocr_carea' id='block_1_68' title="bbox 587 3735 2162 3807">
    <p class='ocr_par' dir='ltr' id='par_1_68' title="bbox 587 3735 2162 3807">
     <span class='ocr_line' id='line_1_68' title="bbox 587 3735 2162 3807; baseline -0.002 -15"><span class='ocrx_word' id='word_1_506' title='bbox 587 3736 796 3807; x_wconf 64' lang='lat' dir='ltr'><strong>requiri</strong></span> <span class='ocrx_word' id='word_1_507' title='bbox 826 3750 1085 3806; x_wconf 85' lang='lat' dir='ltr'><strong>sponsus,</strong></span> <span class='ocrx_word' id='word_1_508' title='bbox 1110 3735 1401 3806; x_wconf 88' lang='lat' dir='ltr'><strong>aliquando</strong></span> <span class='ocrx_word' id='word_1_509' title='bbox 1432 3735 1575 3792; x_wconf 90' lang='lat' dir='ltr'><strong>sicut</strong></span> <span class='ocrx_word' id='word_1_510' title='bbox 1594 3751 1832 3807; x_wconf 67' lang='lat' dir='ltr'><strong>praesens</strong></span> <span class='ocrx_word' id='word_1_511' title='bbox 1868 3735 2016 3806; x_wconf 91' lang='lat' dir='ltr'><strong>loqui</strong></span> <span class='ocrx_word' id='word_1_512' title='bbox 2039 3748 2162 3789; x_wconf 67' lang='lat' dir='ltr'><strong>cum</strong></span> 
     </span>
    </p>
   </div>
   <div class='ocr_carea' id='block_1_69' title="bbox 587 3827 2164 3899">
    <p class='ocr_par' dir='ltr' id='par_1_69' title="bbox 587 3827 2164 3899">
     <span class='ocr_line' id='line_1_69' title="bbox 587 3827 2164 3899; baseline -0.003 -13"><span class='ocrx_word' id='word_1_513' title='bbox 587 3844 816 3899; x_wconf 87' lang='lat' dir='ltr'><strong>sponsa.</strong></span> <span class='ocrx_word' id='word_1_514' title='bbox 849 3829 971 3899; x_wconf 89' lang='lat' dir='ltr'><strong>Ipsa</strong></span> <span class='ocrx_word' id='word_1_515' title='bbox 998 3837 1178 3883; x_wconf 91' lang='lat' dir='ltr'><strong>autem</strong></span> <span class='ocrx_word' id='word_1_516' title='bbox 1209 3842 1411 3898; x_wconf 90' lang='lat' dir='ltr'><strong>sponsa</strong></span> <span class='ocrx_word' id='word_1_517' title='bbox 1437 3843 1564 3884; x_wconf 89' lang='lat' dir='ltr'><strong>cum</strong></span> <span class='ocrx_word' id='word_1_518' title='bbox 1596 3827 1767 3883; x_wconf 89' lang='lat' dir='ltr'><strong>multa</strong></span> <span class='ocrx_word' id='word_1_519' title='bbox 1798 3834 1853 3883; x_wconf 92' lang='lat' dir='ltr'><strong>et</strong></span> <span class='ocrx_word' id='word_1_520' title='bbox 1880 3827 2164 3897; x_wconf 87' lang='lat' dir='ltr'><strong>magniﬁca</strong></span> 
     </span>
    </p>
   </div>
   <div class='ocr_carea' id='block_1_70' title="bbox 589 3918 2163 3991">
    <p class='ocr_par' dir='ltr' id='par_1_70' title="bbox 589 3918 2163 3991">
     <span class='ocr_line' id='line_1_70' title="bbox 589 3918 2163 3991; baseline -0.002 -16"><span class='ocrx_word' id='word_1_521' title='bbox 589 3921 644 3976; x_wconf 91' lang='lat' dir='ltr'><strong>in</strong></span> <span class='ocrx_word' id='word_1_522' title='bbox 697 3922 881 3991; x_wconf 89' lang='lat' dir='ltr'><strong>sponsi</strong></span> <span class='ocrx_word' id='word_1_523' title='bbox 932 3921 1183 3977; x_wconf 91' lang='lat' dir='ltr'><strong>cubiculo</strong></span> <span class='ocrx_word' id='word_1_524' title='bbox 1227 3920 1582 3991; x_wconf 77' lang='lat' dir='ltr'><strong>pervidisset,</strong></span> <span class='ocrx_word' id='word_1_525' title='bbox 1624 3919 1760 3989; x_wconf 90' lang='lat' dir='ltr'><strong>petit</strong></span> <span class='ocrx_word' id='word_1_526' title='bbox 1800 3933 1860 3974; x_wconf 89' lang='lat' dir='ltr'><strong>se</strong></span> <span class='ocrx_word' id='word_1_527' title='bbox 1900 3918 2063 3973; x_wconf 89' lang='lat' dir='ltr'><strong>etiam</strong></span> <span class='ocrx_word' id='word_1_528' title='bbox 2108 3919 2163 3972; x_wconf 88' lang='lat' dir='ltr'><strong>in</strong></span> 
     </span>
    </p>
   </div>
   <div class='ocr_carea' id='block_1_71' title="bbox 588 4010 2163 4081">
    <p class='ocr_par' dir='ltr' id='par_1_71' title="bbox 588 4010 2163 4081">
     <span class='ocr_line' id='line_1_71' title="bbox 588 4010 2163 4081; baseline -0.002 -13"><span class='ocrx_word' id='word_1_529' title='bbox 588 4014 813 4068; x_wconf 89' lang='lat' dir='ltr'><strong>domum</strong></span> <span class='ocrx_word' id='word_1_530' title='bbox 841 4014 954 4068; x_wconf 89' lang='lat' dir='ltr'><strong>vini</strong></span> <span class='ocrx_word' id='word_1_531' title='bbox 1000 4013 1291 4069; x_wconf 87' lang='lat' dir='ltr'><strong>introduci.</strong></span> <span class='ocrx_word' id='word_1_532' title='bbox 1324 4010 1445 4079; x_wconf 85' lang='lat' dir='ltr'><strong>Quo</strong></span> <span class='ocrx_word' id='word_1_533' title='bbox 1488 4027 1613 4067; x_wconf 90' lang='lat' dir='ltr'><strong>cum</strong></span> <span class='ocrx_word' id='word_1_534' title='bbox 1663 4010 1909 4081; x_wconf 81' lang='lat' dir='ltr'><strong>ingressa</strong></span> <span class='ocrx_word' id='word_1_535' title='bbox 1938 4025 2163 4080; x_wconf 76' lang='lat' dir='ltr'><strong>perspe~</strong></span> 
     </span>
    </p>
   </div>
   <div class='ocr_carea' id='block_1_72' title="bbox 586 4100 2163 4177">
    <p class='ocr_par' dir='ltr' id='par_1_72' title="bbox 586 4100 2163 4177">
     <span class='ocr_line' id='line_1_72' title="bbox 586 4100 2163 4177; baseline -0.004 -16"><span class='ocrx_word' id='word_1_536' title='bbox 586 4104 757 4161; x_wconf 81' lang='lat' dir='ltr'><strong>xissct</strong></span> <span class='ocrx_word' id='word_1_537' title='bbox 803 4104 949 4177; x_wconf 92' lang='lat' dir='ltr'><strong>quod</strong></span> <span class='ocrx_word' id='word_1_538' title='bbox 995 4120 1232 4175; x_wconf 88' lang='lat' dir='ltr'><strong>sponsus</strong></span> <span class='ocrx_word' id='word_1_539' title='bbox 1282 4111 1468 4174; x_wconf 89' lang='lat' dir='ltr'><strong>utpote</strong></span> <span class='ocrx_word' id='word_1_540' title='bbox 1515 4103 1598 4156; x_wconf 89' lang='lat' dir='ltr'><strong>vir</strong></span> <span class='ocrx_word' id='word_1_541' title='bbox 1647 4116 1755 4156; x_wconf 91' lang='lat' dir='ltr'><strong>non</strong></span> <span class='ocrx_word' id='word_1_542' title='bbox 1804 4100 2067 4155; x_wconf 91' lang='lat' dir='ltr'><strong>resederit</strong></span> <span class='ocrx_word' id='word_1_543' title='bbox 2110 4100 2163 4153; x_wconf 91' lang='lat' dir='ltr'><strong>in</strong></span> 
     </span>
    </p>
   </div>
   <div class='ocr_carea' id='block_1_73' title="bbox 582 4190 2167 4266">
    <p class='ocr_par' dir='ltr' id='par_1_73' title="bbox 582 4190 2167 4266">
     <span class='ocr_line' id='line_1_73' title="bbox 582 4190 2167 4266; baseline -0.004 -15"><span class='ocrx_word' id='word_1_544' title='bbox 582 4196 771 4263; x_wconf 88' lang='lat' dir='ltr'><strong>domo,</strong></span> <span class='ocrx_word' id='word_1_545' title='bbox 808 4195 924 4266; x_wconf 87' lang='lat' dir='ltr'><strong>ipsa</strong></span> <span class='ocrx_word' id='word_1_546' title='bbox 972 4209 1167 4251; x_wconf 86' lang='lat' dir='ltr'><strong>rursus</strong></span> <span class='ocrx_word' id='word_1_547' title='bbox 1207 4208 1393 4250; x_wconf 87' lang='lat' dir='ltr'><strong>amore</strong></span> <span class='ocrx_word' id='word_1_548' title='bbox 1442 4192 1562 4263; x_wconf 88' lang='lat' dir='ltr'><strong>ejus</strong></span> <span class='ocrx_word' id='word_1_549' title='bbox 1609 4191 1916 4262; x_wconf 84' lang='lat' dir='ltr'><strong>exagitata,</strong></span> <span class='ocrx_word' id='word_1_550' title='bbox 1972 4190 2167 4245; x_wconf 71' lang='lat' dir='ltr'><strong>exit-rit</strong></span> 
     </span>
    </p>
   </div>
   <div class='ocr_carea' id='block_1_74' title="bbox 586 4284 2163 4356">
    <p class='ocr_par' dir='ltr' id='par_1_74' title="bbox 586 4284 2163 4356">
     <span class='ocr_line' id='line_1_74' title="bbox 586 4284 2163 4356; baseline -0.004 -14"><span class='ocrx_word' id='word_1_551' title='bbox 586 4288 770 4352; x_wconf 83' lang='lat' dir='ltr'><strong>foras,</strong></span> <span class='ocrx_word' id='word_1_552' title='bbox 814 4295 868 4341; x_wconf 90' lang='lat' dir='ltr'><strong>et</strong></span> <span class='ocrx_word' id='word_1_553' title='bbox 917 4286 1247 4343; x_wconf 90' lang='lat' dir='ltr'><strong>circumiens</strong></span> <span class='ocrx_word' id='word_1_554' title='bbox 1296 4293 1545 4356; x_wconf 83' lang='lat' dir='ltr'><strong>peragret</strong></span> <span class='ocrx_word' id='word_1_555' title='bbox 1594 4284 1739 4340; x_wconf 87' lang='lat' dir='ltr'><strong>circa</strong></span> <span class='ocrx_word' id='word_1_556' title='bbox 1779 4284 2002 4338; x_wconf 91' lang='lat' dir='ltr'><strong>domum</strong></span> <span class='ocrx_word' id='word_1_557' title='bbox 2055 4298 2163 4336; x_wconf 91' lang='lat' dir='ltr'><strong>non</strong></span> 
     </span>
    </p>
   </div>
   <div class='ocr_carea' id='block_1_75' title="bbox 586 4375 2160 4449">
    <p class='ocr_par' dir='ltr' id='par_1_75' title="bbox 586 4375 2160 4449">
     <span class='ocr_line' id='line_1_75' title="bbox 586 4375 2160 4449; baseline -0.003 -15"><span class='ocrx_word' id='word_1_558' title='bbox 586 4380 920 4449; x_wconf 83' lang='lat' dir='ltr'><strong>ingrediens,</strong></span> <span class='ocrx_word' id='word_1_559' title='bbox 951 4386 1007 4432; x_wconf 89' lang='lat' dir='ltr'><strong>et</strong></span> <span class='ocrx_word' id='word_1_560' title='bbox 1030 4392 1094 4431; x_wconf 86' lang='lat' dir='ltr'><strong>ex</strong></span> <span class='ocrx_word' id='word_1_561' title='bbox 1126 4377 1275 4431; x_wconf 91' lang='lat' dir='ltr'><strong>omni</strong></span> <span class='ocrx_word' id='word_1_562' title='bbox 1326 4387 1479 4446; x_wconf 89' lang='lat' dir='ltr'><strong>parte</strong></span> <span class='ocrx_word' id='word_1_563' title='bbox 1514 4378 1807 4446; x_wconf 89' lang='lat' dir='ltr'><strong>prospiciat</strong></span> <span class='ocrx_word' id='word_1_564' title='bbox 1840 4376 2060 4446; x_wconf 86' lang='lat' dir='ltr'><strong>quando</strong></span> <span class='ocrx_word' id='word_1_565' title='bbox 2093 4375 2160 4429; x_wconf 89' lang='lat' dir='ltr'><strong>ad</strong></span> 
     </span>
    </p>
   </div>
   <div class='ocr_carea' id='block_1_76' title="bbox 2264 3186 3842 3258">
    <p class='ocr_par' dir='ltr' id='par_1_76' title="bbox 2264 3186 3842 3258">
     <span class='ocr_line' id='line_1_76' title="bbox 2264 3186 3842 3258; baseline 0.001 -17"><span class='ocrx_word' id='word_1_566' title='bbox 2264 3187 2481 3258; x_wconf 88' lang='lat' dir='ltr'><strong>penitus</strong></span> <span class='ocrx_word' id='word_1_567' title='bbox 2508 3188 2894 3253; x_wconf 89' lang='lat' dir='ltr'><strong>abscondatur,</strong></span> <span class='ocrx_word' id='word_1_568' title='bbox 2923 3201 3099 3257; x_wconf 90' lang='lat' dir='ltr'><strong>neque</strong></span> <span class='ocrx_word' id='word_1_569' title='bbox 3125 3186 3351 3241; x_wconf 91' lang='lat' dir='ltr'><strong>omnino</strong></span> <span class='ocrx_word' id='word_1_570' title='bbox 3383 3186 3440 3241; x_wconf 91' lang='lat' dir='ltr'><strong>in</strong></span> <span class='ocrx_word' id='word_1_571' title='bbox 3468 3196 3721 3257; x_wconf 89' lang='lat' dir='ltr'><strong>promptu</strong></span> <span class='ocrx_word' id='word_1_572' title='bbox 3751 3188 3842 3244; x_wconf 88' lang='lat' dir='ltr'><strong>sit.</strong></span> 
     </span>
    </p>
   </div>
   <div class='ocr_carea' id='block_1_77' title="bbox 2267 3277 3842 3349">
    <p class='ocr_par' dir='ltr' id='par_1_77' title="bbox 2267 3277 3842 3349">
     <span class='ocr_line' id='line_1_77' title="bbox 2267 3277 3842 3349; baseline 0 -17"><span class='ocrx_word' id='word_1_573' title='bbox 2267 3278 2503 3334; x_wconf 82' lang='lat' dir='ltr'><strong>Verbum</strong></span> <span class='ocrx_word' id='word_1_574' title='bbox 2551 3278 2696 3334; x_wconf 90' lang='lat' dir='ltr'><strong>enim</strong></span> <span class='ocrx_word' id='word_1_575' title='bbox 2744 3278 2861 3346; x_wconf 92' lang='lat' dir='ltr'><strong>Dei,</strong></span> <span class='ocrx_word' id='word_1_576' title='bbox 2898 3285 2954 3335; x_wconf 92' lang='lat' dir='ltr'><strong>et</strong></span> <span class='ocrx_word' id='word_1_577' title='bbox 3004 3293 3187 3334; x_wconf 89' lang='lat' dir='ltr'><strong>sermo</strong></span> <span class='ocrx_word' id='word_1_578' title='bbox 3232 3277 3474 3333; x_wconf 72' lang='lat' dir='ltr'><strong>scientia:</strong></span> <span class='ocrx_word' id='word_1_579' title='bbox 3502 3293 3609 3333; x_wconf 91' lang='lat' dir='ltr'><strong>non</strong></span> <span class='ocrx_word' id='word_1_580' title='bbox 3652 3279 3704 3332; x_wconf 91' lang='lat' dir='ltr'><strong>in</strong></span> <span class='ocrx_word' id='word_1_581' title='bbox 3738 3295 3842 3349; x_wconf 79' lang='lat' dir='ltr'><strong>pu-</strong></span> 
     </span>
    </p>
   </div>
   <div class='ocr_carea' id='block_1_78' title="bbox 2265 3367 3849 3440">
    <p class='ocr_par' dir='ltr' id='par_1_78' title="bbox 2265 3367 3849 3440">
     <span class='ocr_line' id='line_1_78' title="bbox 2265 3367 3849 3440; baseline 0.002 -19"><span class='ocrx_word' id='word_1_582' title='bbox 2265 3367 2408 3422; x_wconf 91' lang='lat' dir='ltr'><strong>blico</strong></span> <span class='ocrx_word' id='word_1_583' title='bbox 2435 3375 2490 3422; x_wconf 90' lang='lat' dir='ltr'><strong>et</strong></span> <span class='ocrx_word' id='word_1_584' title='bbox 2516 3368 2693 3439; x_wconf 89' lang='lat' dir='ltr'><strong>palam</strong></span> <span class='ocrx_word' id='word_1_585' title='bbox 2719 3369 2952 3439; x_wconf 89' lang='lat' dir='ltr'><strong>positus,</strong></span> <span class='ocrx_word' id='word_1_586' title='bbox 2978 3384 3157 3440; x_wconf 89' lang='lat' dir='ltr'><strong>neque</strong></span> <span class='ocrx_word' id='word_1_587' title='bbox 3181 3368 3583 3427; x_wconf 89' lang='lat' dir='ltr'><strong>conculcandus</strong></span> <span class='ocrx_word' id='word_1_588' title='bbox 3617 3368 3849 3439; x_wconf 87' lang='lat' dir='ltr'><strong>pedibus</strong></span> 
     </span>
    </p>
   </div>
   <div class='ocr_carea' id='block_1_79' title="bbox 2266 3461 3849 3532">
    <p class='ocr_par' dir='ltr' id='par_1_79' title="bbox 2266 3461 3849 3532">
     <span class='ocr_line' id='line_1_79' title="bbox 2266 3461 3849 3532; baseline 0.001 -18"><span class='ocrx_word' id='word_1_589' title='bbox 2266 3469 2521 3530; x_wconf 88' lang='lat' dir='ltr'><strong>apparet;</strong></span> <span class='ocrx_word' id='word_1_590' title='bbox 2548 3461 2641 3516; x_wconf 88' lang='lat' dir='ltr'><strong>sed</strong></span> <span class='ocrx_word' id='word_1_591' title='bbox 2673 3475 2800 3515; x_wconf 90' lang='lat' dir='ltr'><strong>cum</strong></span> <span class='ocrx_word' id='word_1_592' title='bbox 2845 3463 3108 3532; x_wconf 83' lang='lat' dir='ltr'><strong>quaesitus</strong></span> <span class='ocrx_word' id='word_1_593' title='bbox 3145 3461 3311 3518; x_wconf 87' lang='lat' dir='ltr'><strong>fuerit</strong></span> <span class='ocrx_word' id='word_1_594' title='bbox 3348 3462 3644 3527; x_wconf 90' lang='lat' dir='ltr'><strong>invenitur,</strong></span> <span class='ocrx_word' id='word_1_595' title='bbox 3676 3471 3732 3517; x_wconf 91' lang='lat' dir='ltr'><strong>et</strong></span> <span class='ocrx_word' id='word_1_596' title='bbox 3762 3462 3849 3516; x_wconf 85' lang='lat' dir='ltr'><strong>in-</strong></span> 
     </span>
    </p>
   </div>
   <div class='ocr_carea' id='block_1_80' title="bbox 2265 3551 3848 3625">
    <p class='ocr_par' dir='ltr' id='par_1_80' title="bbox 2265 3551 3848 3625">
     <span class='ocr_line' id='line_1_80' title="bbox 2265 3551 3848 3625; baseline 0.003 -21"><span class='ocrx_word' id='word_1_597' title='bbox 2265 3551 2485 3606; x_wconf 90' lang='lat' dir='ltr'><strong>venitur</strong></span> <span class='ocrx_word' id='word_1_598' title='bbox 2514 3566 2647 3618; x_wconf 89' lang='lat' dir='ltr'><strong>non,</strong></span> <span class='ocrx_word' id='word_1_599' title='bbox 2677 3561 2738 3607; x_wconf 93' lang='lat' dir='ltr'><strong>ut</strong></span> <span class='ocrx_word' id='word_1_600' title='bbox 2778 3552 3040 3619; x_wconf 82' lang='lat' dir='ltr'><strong>diximus,</strong></span> <span class='ocrx_word' id='word_1_601' title='bbox 3076 3553 3130 3608; x_wconf 92' lang='lat' dir='ltr'><strong>in</strong></span> <span class='ocrx_word' id='word_1_602' title='bbox 3159 3553 3449 3625; x_wconf 87' lang='lat' dir='ltr'><strong>propatulo</strong></span> <span class='ocrx_word' id='word_1_603' title='bbox 3478 3554 3709 3623; x_wconf 85' lang='lat' dir='ltr'><strong>positus,</strong></span> <span class='ocrx_word' id='word_1_604' title='bbox 3748 3553 3848 3609; x_wconf 86' lang='lat' dir='ltr'><strong>sed</strong></span> 
     </span>
    </p>
   </div>
   <div class='ocr_carea' id='block_1_81' title="bbox 2265 3642 3471 3715">
    <p class='ocr_par' dir='ltr' id='par_1_81' title="bbox 2265 3642 3471 3715">
     <span class='ocr_line' id='line_1_81' title="bbox 2265 3642 3471 3715; baseline 0.002 -18"><span class='ocrx_word' id='word_1_605' title='bbox 2265 3642 2534 3710; x_wconf 89' lang='lat' dir='ltr'><strong>obtectus,</strong></span> <span class='ocrx_word' id='word_1_606' title='bbox 2561 3650 2616 3698; x_wconf 92' lang='lat' dir='ltr'><strong>et</strong></span> <span class='ocrx_word' id='word_1_607' title='bbox 2638 3643 2800 3714; x_wconf 89' lang='lat' dir='ltr'><strong>quasi</strong></span> <span class='ocrx_word' id='word_1_608' title='bbox 2826 3651 2951 3714; x_wconf 90' lang='lat' dir='ltr'><strong>post</strong></span> <span class='ocrx_word' id='word_1_609' title='bbox 2983 3645 3245 3715; x_wconf 87' lang='lat' dir='ltr'><strong>parietem</strong></span> <span class='ocrx_word' id='word_1_610' title='bbox 3274 3644 3471 3701; x_wconf 88' lang='lat' dir='ltr'><strong>latens.</strong></span> 
     </span>
    </p>
   </div>
   <div class='ocr_carea' id='block_1_82' title="bbox 2335 3734 3846 3806">
    <p class='ocr_par' dir='ltr' id='par_1_82' title="bbox 2335 3734 3846 3806">
     <span class='ocr_line' id='line_1_82' title="bbox 2335 3734 3846 3806; baseline 0.002 -18"><span class='ocrx_word' id='word_1_611' title='bbox 2335 3734 2530 3790; x_wconf 83' lang='lat' dir='ltr'><strong>Anima</strong></span> <span class='ocrx_word' id='word_1_612' title='bbox 2566 3744 2748 3792; x_wconf 89' lang='lat' dir='ltr'><strong>autem</strong></span> <span class='ocrx_word' id='word_1_613' title='bbox 2779 3750 2902 3806; x_wconf 69' lang='lat' dir='ltr'><strong>quae</strong></span> <span class='ocrx_word' id='word_1_614' title='bbox 2940 3735 2996 3789; x_wconf 93' lang='lat' dir='ltr'><strong>in</strong></span> <span class='ocrx_word' id='word_1_615' title='bbox 3044 3734 3289 3792; x_wconf 89' lang='lat' dir='ltr'><strong>Ecclesia</strong></span> <span class='ocrx_word' id='word_1_616' title='bbox 3329 3751 3450 3792; x_wconf 90' lang='lat' dir='ltr'><strong>esse</strong></span> <span class='ocrx_word' id='word_1_617' title='bbox 3479 3736 3697 3804; x_wconf 91' lang='lat' dir='ltr'><strong>dicitur,</strong></span> <span class='ocrx_word' id='word_1_618' title='bbox 3735 3751 3846 3791; x_wconf 89' lang='lat' dir='ltr'><strong>non</strong></span> 
     </span>
    </p>
   </div>
   <div class='ocr_carea' id='block_1_83' title="bbox 2268 3826 3847 3898">
    <p class='ocr_par' dir='ltr' id='par_1_83' title="bbox 2268 3826 3847 3898">
     <span class='ocr_line' id='line_1_83' title="bbox 2268 3826 3847 3898; baseline 0.001 -16"><span class='ocrx_word' id='word_1_619' title='bbox 2268 3826 2409 3882; x_wconf 91' lang='lat' dir='ltr'><strong>intra</strong></span> <span class='ocrx_word' id='word_1_620' title='bbox 2444 3827 2670 3883; x_wconf 83' lang='lat' dir='ltr'><strong>aediﬁcia</strong></span> <span class='ocrx_word' id='word_1_621' title='bbox 2712 3827 2982 3898; x_wconf 89' lang='lat' dir='ltr'><strong>parietum</strong></span> <span class='ocrx_word' id='word_1_622' title='bbox 3033 3826 3298 3883; x_wconf 90' lang='lat' dir='ltr'><strong>collocata</strong></span> <span class='ocrx_word' id='word_1_623' title='bbox 3352 3827 3706 3898; x_wconf 77' lang='lat' dir='ltr'><strong>intelligitur,</strong></span> <span class='ocrx_word' id='word_1_624' title='bbox 3751 3828 3847 3883; x_wconf 90' lang='lat' dir='ltr'><strong>sed</strong></span> 
     </span>
    </p>
   </div>
   <div class='ocr_carea' id='block_1_84' title="bbox 2269 3919 3845 3990">
    <p class='ocr_par' dir='ltr' id='par_1_84' title="bbox 2269 3919 3845 3990">
     <span class='ocr_line' id='line_1_84' title="bbox 2269 3919 3845 3990; baseline 0.001 -16"><span class='ocrx_word' id='word_1_625' title='bbox 2269 3921 2411 3974; x_wconf 91' lang='lat' dir='ltr'><strong>intra</strong></span> <span class='ocrx_word' id='word_1_626' title='bbox 2446 3919 2784 3975; x_wconf 91' lang='lat' dir='ltr'><strong>munimenta</strong></span> <span class='ocrx_word' id='word_1_627' title='bbox 2823 3919 2949 3976; x_wconf 84' lang='lat' dir='ltr'><strong>ﬁdei</strong></span> <span class='ocrx_word' id='word_1_628' title='bbox 2985 3928 3041 3976; x_wconf 92' lang='lat' dir='ltr'><strong>et</strong></span> <span class='ocrx_word' id='word_1_629' title='bbox 3079 3920 3308 3976; x_wconf 63' lang='lat' dir='ltr'><strong>aediﬁcia</strong></span> <span class='ocrx_word' id='word_1_630' title='bbox 3337 3920 3617 3990; x_wconf 72' lang='lat' dir='ltr'><strong>sapientiae</strong></span> <span class='ocrx_word' id='word_1_631' title='bbox 3645 3921 3845 3990; x_wconf 86' lang='lat' dir='ltr'><strong>posita,</strong></span> 
     </span>
    </p>
   </div>
   <div class='ocr_carea' id='block_1_85' title="bbox 2267 4008 3846 4082">
    <p class='ocr_par' dir='ltr' id='par_1_85' title="bbox 2267 4008 3846 4082">
     <span class='ocr_line' id='line_1_85' title="bbox 2267 4008 3846 4082; baseline 0.001 -18"><span class='ocrx_word' id='word_1_632' title='bbox 2267 4010 2536 4079; x_wconf 89' lang='lat' dir='ltr'><strong>celsisque</strong></span> <span class='ocrx_word' id='word_1_633' title='bbox 2585 4008 2820 4082; x_wconf 79' lang='lat' dir='ltr'><strong>fastigiis</strong></span> <span class='ocrx_word' id='word_1_634' title='bbox 2874 4010 3159 4067; x_wconf 89' lang='lat' dir='ltr'><strong>charitatis</strong></span> <span class='ocrx_word' id='word_1_635' title='bbox 3217 4013 3449 4068; x_wconf 90' lang='lat' dir='ltr'><strong>obtecta.</strong></span> <span class='ocrx_word' id='word_1_636' title='bbox 3501 4010 3846 4081; x_wconf 83' lang='lat' dir='ltr'><strong>Propositum</strong></span> 
     </span>
    </p>
   </div>
   <div class='ocr_carea' id='block_1_86' title="bbox 2267 4102 3847 4175">
    <p class='ocr_par' dir='ltr' id='par_1_86' title="bbox 2267 4102 3847 4175">
     <span class='ocr_line' id='line_1_86' title="bbox 2267 4102 3847 4175; baseline 0 -19"><span class='ocrx_word' id='word_1_637' title='bbox 2267 4117 2396 4171; x_wconf 89' lang='lat' dir='ltr'><strong>ergo</strong></span> <span class='ocrx_word' id='word_1_638' title='bbox 2422 4102 2647 4170; x_wconf 90' lang='lat' dir='ltr'><strong>bonum,</strong></span> <span class='ocrx_word' id='word_1_639' title='bbox 2681 4111 2736 4158; x_wconf 92' lang='lat' dir='ltr'><strong>et</strong></span> <span class='ocrx_word' id='word_1_640' title='bbox 2768 4103 2901 4160; x_wconf 83' lang='lat' dir='ltr'><strong>ﬁdes</strong></span> <span class='ocrx_word' id='word_1_641' title='bbox 2947 4111 3221 4159; x_wconf 89' lang='lat' dir='ltr'><strong>rectorum</strong></span> <span class='ocrx_word' id='word_1_642' title='bbox 3256 4104 3569 4175; x_wconf 89' lang='lat' dir='ltr'><strong>dogmatum</strong></span> <span class='ocrx_word' id='word_1_643' title='bbox 3605 4102 3847 4157; x_wconf 77' lang='lat' dir='ltr'><strong>anin’nam</strong></span> 
     </span>
    </p>
   </div>
   <div class='ocr_carea' id='block_1_87' title="bbox 2268 4193 3849 4265">
    <p class='ocr_par' dir='ltr' id='par_1_87' title="bbox 2268 4193 3849 4265">
     <span class='ocr_line' id='line_1_87' title="bbox 2268 4193 3849 4265; baseline -0.001 -16"><span class='ocrx_word' id='word_1_644' title='bbox 2268 4208 2389 4249; x_wconf 90' lang='lat' dir='ltr'><strong>esse</strong></span> <span class='ocrx_word' id='word_1_645' title='bbox 2415 4193 2467 4248; x_wconf 92' lang='lat' dir='ltr'><strong>in</strong></span> <span class='ocrx_word' id='word_1_646' title='bbox 2501 4194 2665 4251; x_wconf 92' lang='lat' dir='ltr'><strong>domo</strong></span> <span class='ocrx_word' id='word_1_647' title='bbox 2699 4193 2955 4252; x_wconf 73' lang='lat' dir='ltr'><strong>Ecclesia:</strong></span> <span class='ocrx_word' id='word_1_648' title='bbox 2987 4195 3150 4263; x_wconf 82' lang='lat' dir='ltr'><strong>facit;</strong></span> <span class='ocrx_word' id='word_1_649' title='bbox 3190 4195 3347 4265; x_wconf 89' lang='lat' dir='ltr'><strong>cujus</strong></span> <span class='ocrx_word' id='word_1_650' title='bbox 3379 4195 3575 4251; x_wconf 88' lang='lat' dir='ltr'><strong>domus</strong></span> <span class='ocrx_word' id='word_1_651' title='bbox 3605 4195 3849 4250; x_wconf 86' lang='lat' dir='ltr'><strong>membra</strong></span> 
     </span>
    </p>
   </div>
   <div class='ocr_carea' id='block_1_88' title="bbox 2267 4285 3846 4358">
    <p class='ocr_par' dir='ltr' id='par_1_88' title="bbox 2267 4285 3846 4358">
     <span class='ocr_line' id='line_1_88' title="bbox 2267 4285 3846 4358; baseline -0.003 -15"><span class='ocrx_word' id='word_1_652' title='bbox 2267 4288 2514 4358; x_wconf 61' lang='lat' dir='ltr'><strong>quendam</strong></span> <span class='ocrx_word' id='word_1_653' title='bbox 2556 4297 2707 4354; x_wconf 88' lang='lat' dir='ltr'><strong>sunt,</strong></span> <span class='ocrx_word' id='word_1_654' title='bbox 2737 4290 2823 4345; x_wconf 89' lang='lat' dir='ltr'><strong>vel</strong></span> <span class='ocrx_word' id='word_1_655' title='bbox 2868 4288 3205 4354; x_wconf 86' lang='lat' dir='ltr'><strong>cubiculum,</strong></span> <span class='ocrx_word' id='word_1_656' title='bbox 3238 4286 3324 4341; x_wconf 89' lang='lat' dir='ltr'><strong>vel</strong></span> <span class='ocrx_word' id='word_1_657' title='bbox 3368 4286 3566 4341; x_wconf 90' lang='lat' dir='ltr'><strong>domus</strong></span> <span class='ocrx_word' id='word_1_658' title='bbox 3598 4285 3734 4352; x_wconf 87' lang='lat' dir='ltr'><strong>vini,</strong></span> <span class='ocrx_word' id='word_1_659' title='bbox 3762 4285 3846 4340; x_wconf 83' lang='lat' dir='ltr'><strong>vel</strong></span> 
     </span>
    </p>
   </div>
   <div class='ocr_carea' id='block_1_89' title="bbox 2270 4375 3848 4450">
    <p class='ocr_par' dir='ltr' id='par_1_89' title="bbox 2270 4375 3848 4450">
     <span class='ocr_line' id='line_1_89' title="bbox 2270 4375 3848 4450; baseline -0.002 -17"><span class='ocrx_word' id='word_1_660' title='bbox 2270 4380 2374 4434; x_wconf 89' lang='lat' dir='ltr'><strong>alia</strong></span> <span class='ocrx_word' id='word_1_661' title='bbox 2408 4380 2722 4449; x_wconf 90' lang='lat' dir='ltr'><strong>hujusmodi</strong></span> <span class='ocrx_word' id='word_1_662' title='bbox 2768 4395 2867 4448; x_wconf 91' lang='lat' dir='ltr'><strong>pro</strong></span> <span class='ocrx_word' id='word_1_663' title='bbox 2892 4378 3187 4450; x_wconf 77' lang='lat' dir='ltr'><strong>gratiarum</strong></span> <span class='ocrx_word' id='word_1_664' title='bbox 3236 4375 3444 4431; x_wconf 89' lang='lat' dir='ltr'><strong>scilicet</strong></span> <span class='ocrx_word' id='word_1_665' title='bbox 3486 4375 3746 4445; x_wconf 85' lang='lat' dir='ltr'><strong>gradibus</strong></span> <span class='ocrx_word' id='word_1_666' title='bbox 3793 4384 3848 4430; x_wconf 88' lang='lat' dir='ltr'><strong>et</strong></span> 
     </span>
    </p>
   </div>
   <div class='ocr_carea' id='block_1_90' title="bbox 584 4460 3846 4540">
    <p class='ocr_par' dir='ltr' id='par_1_90' title="bbox 584 4460 3846 4540">
     <span class='ocr_line' id='line_1_90' title="bbox 584 4460 3846 4540; baseline -0.002 -13"><span class='ocrx_word' id='word_1_667' title='bbox 584 4488 705 4527; x_wconf 89' lang='lat' dir='ltr'><strong>eam</strong></span> <span class='ocrx_word' id='word_1_668' title='bbox 734 4471 920 4527; x_wconf 89' lang='lat' dir='ltr'><strong>redeat</strong></span> <span class='ocrx_word' id='word_1_669' title='bbox 951 4483 1221 4539; x_wconf 90' lang='lat' dir='ltr'><strong>sponsus;</strong></span> <span class='ocrx_word' id='word_1_670' title='bbox 1258 4477 1308 4523; x_wconf 91' lang='lat' dir='ltr'><strong>et</strong></span> <span class='ocrx_word' id='word_1_671' title='bbox 1342 4482 1468 4523; x_wconf 88' lang='lat' dir='ltr'><strong>ecce</strong></span> <span class='ocrx_word' id='word_1_672' title='bbox 1511 4469 1690 4523; x_wconf 91' lang='lat' dir='ltr'><strong>subito</strong></span> <span class='ocrx_word' id='word_1_673' title='bbox 1719 4470 1898 4525; x_wconf 89' lang='lat' dir='ltr'><strong>videat</strong></span> <span class='ocrx_word' id='word_1_674' title='bbox 1925 4485 2051 4524; x_wconf 91' lang='lat' dir='ltr'><strong>eum</strong></span> <span class='ocrx_word' id='word_1_675' title='bbox 2078 4467 2160 4521; x_wconf 90' lang='lat' dir='ltr'><strong>vi-</strong></span> <span class='ocrx_word' id='word_1_676' title='bbox 2194 4460 2236 4514; x_wconf 83' lang='grc' dir='ltr'><strong>Ι)</strong></span> <span class='ocrx_word' id='word_1_677' title='bbox 2265 4471 2535 4525; x_wconf 85' lang='lat' dir='ltr'><strong>donorum</strong></span> <span class='ocrx_word' id='word_1_678' title='bbox 2570 4469 2896 4540; x_wconf 89' lang='lat' dir='ltr'><strong>spiritalium</strong></span> <span class='ocrx_word' id='word_1_679' title='bbox 2929 4467 3335 4524; x_wconf 89' lang='lat' dir='ltr'><strong>diversitatibus</strong></span> <span class='ocrx_word' id='word_1_680' title='bbox 3361 4467 3723 4537; x_wconf 88' lang='lat' dir='ltr'><strong>appellantur.</strong></span> <span class='ocrx_word' id='word_1_681' title='bbox 3755 4466 3846 4522; x_wconf 89' lang='lat' dir='ltr'><strong>Sic</strong></span> 
     </span>
    </p>
   </div>
   <div class='ocr_carea' id='block_1_91' title="bbox 585 4558 2159 4631">
    <p class='ocr_par' dir='ltr' id='par_1_91' title="bbox 585 4558 2159 4631">
     <span class='ocr_line' id='line_1_91' title="bbox 585 4558 2159 4631; baseline -0.003 -12"><span class='ocrx_word' id='word_1_682' title='bbox 585 4564 835 4620; x_wconf 86' lang='lat' dir='ltr'><strong>cinerum</strong></span> <span class='ocrx_word' id='word_1_683' title='bbox 864 4561 1131 4618; x_wconf 89' lang='lat' dir='ltr'><strong>montium</strong></span> <span class='ocrx_word' id='word_1_684' title='bbox 1158 4559 1290 4630; x_wconf 86' lang='lat' dir='ltr'><strong>juga</strong></span> <span class='ocrx_word' id='word_1_685' title='bbox 1318 4558 1601 4615; x_wconf 89' lang='lat' dir='ltr'><strong>immensis</strong></span> <span class='ocrx_word' id='word_1_686' title='bbox 1634 4562 1863 4618; x_wconf 89' lang='lat' dir='ltr'><strong>saltibus</strong></span> <span class='ocrx_word' id='word_1_687' title='bbox 1895 4576 2159 4631; x_wconf 86' lang='lat' dir='ltr'><strong>superan-</strong></span> 
     </span>
    </p>
   </div>
   <div class='ocr_carea' id='block_1_92' title="bbox 586 4655 2162 4728">
    <p class='ocr_par' dir='ltr' id='par_1_92' title="bbox 586 4655 2162 4728">
     <span class='ocr_line' id='line_1_92' title="bbox 586 4655 2162 4728; baseline -0.001 -18"><span class='ocrx_word' id='word_1_688' title='bbox 586 4666 694 4711; x_wconf 88' lang='lat' dir='ltr'><strong>tem</strong></span> <span class='ocrx_word' id='word_1_689' title='bbox 726 4657 1057 4714; x_wconf 85' lang='lat' dir='ltr'><strong>descendere</strong></span> <span class='ocrx_word' id='word_1_690' title='bbox 1099 4656 1167 4712; x_wconf 91' lang='lat' dir='ltr'><strong>ad</strong></span> <span class='ocrx_word' id='word_1_691' title='bbox 1209 4656 1433 4711; x_wconf 89' lang='lat' dir='ltr'><strong>domum</strong></span> <span class='ocrx_word' id='word_1_692' title='bbox 1466 4655 1519 4710; x_wconf 88' lang='lat' dir='ltr'><strong>in</strong></span> <span class='ocrx_word' id='word_1_693' title='bbox 1562 4672 1669 4728; x_wconf 91' lang='lat' dir='ltr'><strong>qua</strong></span> <span class='ocrx_word' id='word_1_694' title='bbox 1698 4673 1884 4713; x_wconf 89' lang='lat' dir='ltr'><strong>amore</strong></span> <span class='ocrx_word' id='word_1_695' title='bbox 1909 4658 2027 4728; x_wconf 90' lang='lat' dir='ltr'><strong>ejus</strong></span> <span class='ocrx_word' id='word_1_696' title='bbox 2051 4656 2162 4712; x_wconf 90' lang='lat' dir='ltr'><strong>sol-</strong></span> 
     </span>
    </p>
   </div>
   <div class='ocr_carea' id='block_1_93' title="bbox 586 4747 2158 4820">
    <p class='ocr_par' dir='ltr' id='par_1_93' title="bbox 586 4747 2158 4820">
     <span class='ocr_line' id='line_1_93' title="bbox 586 4747 2158 4820; baseline 0.001 -18"><span class='ocrx_word' id='word_1_697' title='bbox 586 4748 734 4802; x_wconf 89' lang='lat' dir='ltr'><strong>licita</strong></span> <span class='ocrx_word' id='word_1_698' title='bbox 763 4758 949 4804; x_wconf 64' lang='lat' dir='ltr'><strong>aestuat</strong></span> <span class='ocrx_word' id='word_1_699' title='bbox 1008 4764 1231 4819; x_wconf 91' lang='lat' dir='ltr'><strong>sponsa.</strong></span> <span class='ocrx_word' id='word_1_700' title='bbox 1281 4747 1609 4805; x_wconf 90' lang='lat' dir='ltr'><strong>Perveniens</strong></span> <span class='ocrx_word' id='word_1_701' title='bbox 1651 4765 1781 4805; x_wconf 88' lang='lat' dir='ltr'><strong>vero</strong></span> <span class='ocrx_word' id='word_1_702' title='bbox 1812 4764 2046 4820; x_wconf 89' lang='lat' dir='ltr'><strong>sponsus</strong></span> <span class='ocrx_word' id='word_1_703' title='bbox 2090 4747 2158 4804; x_wconf 89' lang='lat' dir='ltr'><strong>ad</strong></span> 
     </span>
    </p>
   </div>
   <div class='ocr_carea' id='block_1_94' title="bbox 587 4838 2160 4913">
    <p class='ocr_par' dir='ltr' id='par_1_94' title="bbox 587 4838 2160 4913">
     <span class='ocr_line' id='line_1_94' title="bbox 587 4838 2160 4913; baseline 0 -19"><span class='ocrx_word' id='word_1_704' title='bbox 587 4838 847 4910; x_wconf 88' lang='lat' dir='ltr'><strong>parietem</strong></span> <span class='ocrx_word' id='word_1_705' title='bbox 874 4840 1092 4907; x_wconf 90' lang='lat' dir='ltr'><strong>domus,</strong></span> <span class='ocrx_word' id='word_1_706' title='bbox 1132 4851 1237 4898; x_wconf 89' lang='lat' dir='ltr'><strong>stet</strong></span> <span class='ocrx_word' id='word_1_707' title='bbox 1266 4843 1547 4913; x_wconf 89' lang='lat' dir='ltr'><strong>paululum</strong></span> <span class='ocrx_word' id='word_1_708' title='bbox 1590 4852 1712 4912; x_wconf 88' lang='lat' dir='ltr'><strong>post</strong></span> <span class='ocrx_word' id='word_1_709' title='bbox 1750 4842 1951 4912; x_wconf 90' lang='lat' dir='ltr'><strong>ipsum,</strong></span> <span class='ocrx_word' id='word_1_710' title='bbox 1979 4841 2160 4898; x_wconf 88' lang='lat' dir='ltr'><strong>consi-</strong></span> 
     </span>
    </p>
   </div>
   <div class='ocr_carea' id='block_1_95' title="bbox 587 4933 2152 5006">
    <p class='ocr_par' dir='ltr' id='par_1_95' title="bbox 587 4933 2152 5006">
     <span class='ocr_line' id='line_1_95' title="bbox 587 4933 2152 5006; baseline 0.001 -18"><span class='ocrx_word' id='word_1_711' title='bbox 587 4933 811 4996; x_wconf 86' lang='lat' dir='ltr'><strong>derans,</strong></span> <span class='ocrx_word' id='word_1_712' title='bbox 851 4941 910 4987; x_wconf 90' lang='lat' dir='ltr'><strong>ut</strong></span> <span class='ocrx_word' id='word_1_713' title='bbox 940 4933 1055 4987; x_wconf 80' lang='lat' dir='ltr'><strong>fieri</strong></span> <span class='ocrx_word' id='word_1_714' title='bbox 1094 4936 1248 5001; x_wconf 90' lang='lat' dir='ltr'><strong>solet,</strong></span> <span class='ocrx_word' id='word_1_715' title='bbox 1276 4935 1499 5006; x_wconf 90' lang='lat' dir='ltr'><strong>aliquid,</strong></span> <span class='ocrx_word' id='word_1_716' title='bbox 1531 4945 1584 4990; x_wconf 92' lang='lat' dir='ltr'><strong>et</strong></span> <span class='ocrx_word' id='word_1_717' title='bbox 1611 4935 1795 4989; x_wconf 90' lang='lat' dir='ltr'><strong>animo</strong></span> <span class='ocrx_word' id='word_1_718' title='bbox 1830 4943 2152 4991; x_wconf 90' lang='lat' dir='ltr'><strong>retractans.</strong></span> 
     </span>
    </p>
   </div>
   <div class='ocr_carea' id='block_1_96' title="bbox 588 5020 2161 5096">
    <p class='ocr_par' dir='ltr' id='par_1_96' title="bbox 588 5020 2161 5096">
     <span class='ocr_line' id='line_1_96' title="bbox 588 5020 2161 5096; baseline 0.003 -21"><span class='ocrx_word' id='word_1_719' title='bbox 588 5020 708 5076; x_wconf 85' lang='lat' dir='ltr'><strong>Jam</strong></span> <span class='ocrx_word' id='word_1_720' title='bbox 733 5034 863 5077; x_wconf 81' lang='lat' dir='ltr'><strong>vero</strong></span> <span class='ocrx_word' id='word_1_721' title='bbox 889 5023 1053 5079; x_wconf 86' lang='lat' dir='ltr'><strong>etiam</strong></span> <span class='ocrx_word' id='word_1_722' title='bbox 1100 5024 1215 5095; x_wconf 89' lang='lat' dir='ltr'><strong>ipse</strong></span> <span class='ocrx_word' id='word_1_723' title='bbox 1265 5028 1505 5082; x_wconf 88' lang='lat' dir='ltr'><strong>sentiens</strong></span> <span class='ocrx_word' id='word_1_724' title='bbox 1547 5025 1752 5096; x_wconf 89' lang='lat' dir='ltr'><strong>aliquid</strong></span> <span class='ocrx_word' id='word_1_725' title='bbox 1799 5024 2006 5081; x_wconf 90' lang='lat' dir='ltr'><strong>amoris</strong></span> <span class='ocrx_word' id='word_1_726' title='bbox 2034 5040 2161 5095; x_wconf 83' lang='lat' dir='ltr'><strong>erga</strong></span> 
     </span>
    </p>
   </div>
   <div class='ocr_carea' id='block_1_97' title="bbox 588 5116 2162 5187">
    <p class='ocr_par' dir='ltr' id='par_1_97' title="bbox 588 5116 2162 5187">
     <span class='ocr_line' id='line_1_97' title="bbox 588 5116 2162 5187; baseline -0.001 -16"><span class='ocrx_word' id='word_1_727' title='bbox 588 5130 869 5186; x_wconf 76' lang='lat' dir='ltr'><strong>sponsam,</strong></span> <span class='ocrx_word' id='word_1_728' title='bbox 902 5130 1037 5171; x_wconf 85' lang='lat' dir='ltr'><strong>usus</strong></span> <span class='ocrx_word' id='word_1_729' title='bbox 1087 5116 1373 5172; x_wconf 88' lang='lat' dir='ltr'><strong>altitudine</strong></span> <span class='ocrx_word' id='word_1_730' title='bbox 1424 5133 1521 5173; x_wconf 87' lang='lat' dir='ltr'><strong>sua</strong></span> <span class='ocrx_word' id='word_1_731' title='bbox 1570 5132 1691 5187; x_wconf 83' lang='lat' dir='ltr'><strong>quae</strong></span> <span class='ocrx_word' id='word_1_732' title='bbox 1732 5116 1948 5186; x_wconf 81' lang='lat' dir='ltr'><strong>attingit</strong></span> <span class='ocrx_word' id='word_1_733' title='bbox 1989 5129 2162 5185; x_wconf 88' lang='lat' dir='ltr'><strong>usque</strong></span> 
     </span>
    </p>
   </div>
   <div class='ocr_carea' id='block_1_98' title="bbox 590 5205 2159 5278">
    <p class='ocr_par' dir='ltr' id='par_1_98' title="bbox 590 5205 2159 5278">
     <span class='ocr_line' id='line_1_98' title="bbox 590 5205 2159 5278; baseline -0.002 -17"><span class='ocrx_word' id='word_1_734' title='bbox 590 5209 656 5264; x_wconf 88' lang='lat' dir='ltr'><strong>ad</strong></span> <span class='ocrx_word' id='word_1_735' title='bbox 685 5208 883 5263; x_wconf 89' lang='lat' dir='ltr'><strong>domus</strong></span> <span class='ocrx_word' id='word_1_736' title='bbox 911 5206 1199 5273; x_wconf 85' lang='lat' dir='ltr'><strong>fenestras,</strong></span> <span class='ocrx_word' id='word_1_737' title='bbox 1230 5223 1352 5278; x_wconf 85' lang='lat' dir='ltr'><strong>quae</strong></span> <span class='ocrx_word' id='word_1_738' title='bbox 1384 5206 1636 5263; x_wconf 73' lang='lat' dir='ltr'><strong>fenestrae</strong></span> <span class='ocrx_word' id='word_1_739' title='bbox 1661 5207 1895 5262; x_wconf 87' lang='lat' dir='ltr'><strong>habeant</strong></span> <span class='ocrx_word' id='word_1_740' title='bbox 1923 5205 2159 5275; x_wconf 88' lang='lat' dir='ltr'><strong>aliquam</strong></span> 
     </span>
    </p>
   </div>
   <div class='ocr_carea' id='block_1_99' title="bbox 583 5298 2160 5377">
    <p class='ocr_par' dir='ltr' id='par_1_99' title="bbox 583 5298 2160 5377">
     <span class='ocr_line' id='line_1_99' title="bbox 583 5298 2160 5377; baseline -0.005 -20"><span class='ocrx_word' id='word_1_741' title='bbox 583 5308 794 5377; x_wconf 85' lang='lat' dir='ltr'><strong>partem</strong></span> <span class='ocrx_word' id='word_1_742' title='bbox 827 5299 1027 5369; x_wconf 75' lang='lat' dir='ltr'><strong>operis,</strong></span> <span class='ocrx_word' id='word_1_743' title='bbox 1062 5307 1122 5353; x_wconf 90' lang='lat' dir='ltr'><strong>ut</strong></span> <span class='ocrx_word' id='word_1_744' title='bbox 1151 5299 1322 5365; x_wconf 91' lang='lat' dir='ltr'><strong>aiunt,</strong></span> <span class='ocrx_word' id='word_1_745' title='bbox 1352 5300 1642 5367; x_wconf 85' lang='lat' dir='ltr'><strong>reticulati.</strong></span> <span class='ocrx_word' id='word_1_746' title='bbox 1689 5298 1754 5351; x_wconf 87' lang='lat' dir='ltr'><strong>Et</strong></span> <span class='ocrx_word' id='word_1_747' title='bbox 1788 5305 1917 5352; x_wconf 90' lang='lat' dir='ltr'><strong>tunc</strong></span> <span class='ocrx_word' id='word_1_748' title='bbox 1947 5298 2160 5352; x_wconf 79' lang='lat' dir='ltr'><strong>incum-</strong></span> 
     </span>
    </p>
   </div>
   <div class='ocr_carea' id='block_1_100' title="bbox 584 5388 2162 5463">
    <p class='ocr_par' dir='ltr' id='par_1_100' title="bbox 584 5388 2162 5463">
     <span class='ocr_line' id='line_1_100' title="bbox 584 5388 2162 5463; baseline -0.003 -17"><span class='ocrx_word' id='word_1_749' title='bbox 584 5394 679 5447; x_wconf 87' lang='lat' dir='ltr'><strong>bat</strong></span> <span class='ocrx_word' id='word_1_750' title='bbox 702 5391 918 5463; x_wconf 90' lang='lat' dir='ltr'><strong>quidem</strong></span> <span class='ocrx_word' id='word_1_751' title='bbox 950 5407 1045 5462; x_wconf 89' lang='lat' dir='ltr'><strong>per</strong></span> <span class='ocrx_word' id='word_1_752' title='bbox 1064 5389 1355 5459; x_wconf 86' lang='lat' dir='ltr'><strong>fenestras,</strong></span> <span class='ocrx_word' id='word_1_753' title='bbox 1385 5392 1710 5446; x_wconf 87' lang='lat' dir='ltr'><strong>eminentior</strong></span> <span class='ocrx_word' id='word_1_754' title='bbox 1741 5399 1922 5444; x_wconf 89' lang='lat' dir='ltr'><strong>autem</strong></span> <span class='ocrx_word' id='word_1_755' title='bbox 1968 5389 2047 5444; x_wconf 90' lang='lat' dir='ltr'><strong>sic</strong></span> <span class='ocrx_word' id='word_1_756' title='bbox 2092 5388 2162 5443; x_wconf 85' lang='lat' dir='ltr'><strong>sit</strong></span> 
     </span>
    </p>
   </div>
   <div class='ocr_carea' id='block_1_101' title="bbox 589 5481 2158 5554">
    <p class='ocr_par' dir='ltr' id='par_1_101' title="bbox 589 5481 2158 5554">
     <span class='ocr_line' id='line_1_101' title="bbox 589 5481 2158 5554; baseline -0.001 -20"><span class='ocrx_word' id='word_1_757' title='bbox 589 5481 873 5550; x_wconf 86' lang='lat' dir='ltr'><strong>fenestris,</strong></span> <span class='ocrx_word' id='word_1_758' title='bbox 922 5483 1261 5553; x_wconf 86' lang='lat' dir='ltr'><strong>attingatque</strong></span> <span class='ocrx_word' id='word_1_759' title='bbox 1306 5498 1479 5554; x_wconf 89' lang='lat' dir='ltr'><strong>usque</strong></span> <span class='ocrx_word' id='word_1_760' title='bbox 1524 5483 1590 5536; x_wconf 84' lang='lat' dir='ltr'><strong>ad</strong></span> <span class='ocrx_word' id='word_1_761' title='bbox 1643 5481 1923 5553; x_wconf 86' lang='lat' dir='ltr'><strong>superiora</strong></span> <span class='ocrx_word' id='word_1_762' title='bbox 1971 5495 2158 5536; x_wconf 90' lang='lat' dir='ltr'><strong>earum</strong></span> 
     </span>
    </p>
   </div>
   <div class='ocr_carea' id='block_1_102' title="bbox 590 5573 2160 5644">
    <p class='ocr_par' dir='ltr' id='par_1_102' title="bbox 590 5573 2160 5644">
     <span class='ocr_line' id='line_1_102' title="bbox 590 5573 2160 5644; baseline -0.001 -17"><span class='ocrx_word' id='word_1_763' title='bbox 590 5587 711 5642; x_wconf 72' lang='lat' dir='ltr'><strong>qua:</strong></span> <span class='ocrx_word' id='word_1_764' title='bbox 743 5576 1047 5644; x_wconf 89' lang='lat' dir='ltr'><strong>reticulato,</strong></span> <span class='ocrx_word' id='word_1_765' title='bbox 1093 5584 1151 5630; x_wconf 91' lang='lat' dir='ltr'><strong>ut</strong></span> <span class='ocrx_word' id='word_1_766' title='bbox 1196 5574 1456 5642; x_wconf 82' lang='lat' dir='ltr'><strong>diximus,</strong></span> <span class='ocrx_word' id='word_1_767' title='bbox 1504 5588 1669 5644; x_wconf 86' lang='lat' dir='ltr'><strong>Opere</strong></span> <span class='ocrx_word' id='word_1_768' title='bbox 1697 5573 1965 5627; x_wconf 82' lang='lat' dir='ltr'><strong>distinctae</strong></span> <span class='ocrx_word' id='word_1_769' title='bbox 1998 5579 2160 5637; x_wconf 91' lang='lat' dir='ltr'><strong>sunt,</strong></span> 
     </span>
    </p>
   </div>
   <div class='ocr_carea' id='block_1_103' title="bbox 2261 4557 3841 4633">
    <p class='ocr_par' dir='ltr' id='par_1_103' title="bbox 2261 4557 3841 4633">
     <span class='ocr_line' id='line_1_103' title="bbox 2261 4557 3841 4633; baseline -0.003 -15"><span class='ocrx_word' id='word_1_770' title='bbox 2261 4577 2393 4633; x_wconf 83' lang='lat' dir='ltr'><strong>ergo</strong></span> <span class='ocrx_word' id='word_1_771' title='bbox 2417 4570 2472 4618; x_wconf 90' lang='lat' dir='ltr'><strong>et</strong></span> <span class='ocrx_word' id='word_1_772' title='bbox 2500 4562 2680 4633; x_wconf 91' lang='lat' dir='ltr'><strong>paries</strong></span> <span class='ocrx_word' id='word_1_773' title='bbox 2720 4577 2868 4618; x_wconf 91' lang='lat' dir='ltr'><strong>nunc</strong></span> <span class='ocrx_word' id='word_1_774' title='bbox 2899 4576 3025 4631; x_wconf 89' lang='lat' dir='ltr'><strong>pars</strong></span> <span class='ocrx_word' id='word_1_775' title='bbox 3052 4561 3300 4631; x_wconf 68' lang='lat' dir='ltr'><strong>quaedam</strong></span> <span class='ocrx_word' id='word_1_776' title='bbox 3332 4560 3529 4615; x_wconf 90' lang='lat' dir='ltr'><strong>domus</strong></span> <span class='ocrx_word' id='word_1_777' title='bbox 3552 4557 3716 4628; x_wconf 85' lang='lat' dir='ltr'><strong>hujus</strong></span> <span class='ocrx_word' id='word_1_778' title='bbox 3737 4568 3841 4623; x_wconf 86' lang='lat' dir='ltr'><strong>est,</strong></span> 
     </span>
    </p>
   </div>
   <div class='ocr_carea' id='block_1_104' title="bbox 2263 4650 3842 4726">
    <p class='ocr_par' dir='ltr' id='par_1_104' title="bbox 2263 4650 3842 4726">
     <span class='ocr_line' id='line_1_104' title="bbox 2263 4650 3842 4726; baseline -0.003 -17"><span class='ocrx_word' id='word_1_779' title='bbox 2263 4671 2384 4726; x_wconf 81' lang='lat' dir='ltr'><strong>quae</strong></span> <span class='ocrx_word' id='word_1_780' title='bbox 2410 4661 2587 4726; x_wconf 90' lang='lat' dir='ltr'><strong>potest</strong></span> <span class='ocrx_word' id='word_1_781' title='bbox 2617 4654 2858 4710; x_wconf 91' lang='lat' dir='ltr'><strong>indicare</strong></span> <span class='ocrx_word' id='word_1_782' title='bbox 2886 4654 3198 4724; x_wconf 85' lang='lat' dir='ltr'><strong>dogmatum</strong></span> <span class='ocrx_word' id='word_1_783' title='bbox 3225 4651 3572 4716; x_wconf 85' lang='lat' dir='ltr'><strong>ﬁrmitatem;</strong></span> <span class='ocrx_word' id='word_1_784' title='bbox 3607 4650 3710 4705; x_wconf 90' lang='lat' dir='ltr'><strong>sub</strong></span> <span class='ocrx_word' id='word_1_785' title='bbox 3734 4666 3842 4721; x_wconf 90' lang='lat' dir='ltr'><strong>qua</strong></span> 
     </span>
    </p>
   </div>
   <div class='ocr_carea' id='block_1_105' title="bbox 2263 4742 3844 4816">
    <p class='ocr_par' dir='ltr' id='par_1_105' title="bbox 2263 4742 3844 4816">
     <span class='ocr_line' id='line_1_105' title="bbox 2263 4742 3844 4816; baseline -0.006 -14"><span class='ocrx_word' id='word_1_786' title='bbox 2263 4755 2408 4802; x_wconf 88' lang='lat' dir='ltr'><strong>stare</strong></span> <span class='ocrx_word' id='word_1_787' title='bbox 2432 4745 2631 4801; x_wconf 90' lang='lat' dir='ltr'><strong>dicitur</strong></span> <span class='ocrx_word' id='word_1_788' title='bbox 2664 4759 2925 4816; x_wconf 88' lang='lat' dir='ltr'><strong>sponsus,</strong></span> <span class='ocrx_word' id='word_1_789' title='bbox 2953 4752 3006 4799; x_wconf 91' lang='lat' dir='ltr'><strong>et</strong></span> <span class='ocrx_word' id='word_1_790' title='bbox 3048 4743 3102 4797; x_wconf 91' lang='lat' dir='ltr'><strong>in</strong></span> <span class='ocrx_word' id='word_1_791' title='bbox 3133 4742 3333 4812; x_wconf 90' lang='lat' dir='ltr'><strong>quibus</strong></span> <span class='ocrx_word' id='word_1_792' title='bbox 3368 4749 3475 4795; x_wconf 86' lang='lat' dir='ltr'><strong>tam</strong></span> <span class='ocrx_word' id='word_1_793' title='bbox 3522 4755 3752 4810; x_wconf 87' lang='lat' dir='ltr'><strong>magnus</strong></span> <span class='ocrx_word' id='word_1_794' title='bbox 3780 4749 3844 4808; x_wconf 50' lang='lat' dir='ltr'><strong>.et</strong></span> 
     </span>
    </p>
   </div>
   <div class='ocr_carea' id='block_1_106' title="bbox 2262 4832 3844 4904">
    <p class='ocr_par' dir='ltr' id='par_1_106' title="bbox 2262 4832 3844 4904">
     <span class='ocr_line' id='line_1_106' title="bbox 2262 4832 3844 4904; baseline -0.004 -11"><span class='ocrx_word' id='word_1_795' title='bbox 2262 4839 2508 4894; x_wconf 82' lang='lat' dir='ltr'><strong>excelsus</strong></span> <span class='ocrx_word' id='word_1_796' title='bbox 2555 4846 2659 4904; x_wconf 90' lang='lat' dir='ltr'><strong>est,</strong></span> <span class='ocrx_word' id='word_1_797' title='bbox 2696 4845 2754 4891; x_wconf 92' lang='lat' dir='ltr'><strong>ut</strong></span> <span class='ocrx_word' id='word_1_798' title='bbox 2784 4837 3023 4892; x_wconf 85' lang='lat' dir='ltr'><strong>emineat</strong></span> <span class='ocrx_word' id='word_1_799' title='bbox 3069 4849 3233 4890; x_wconf 87' lang='lat' dir='ltr'><strong>omne</strong></span> <span class='ocrx_word' id='word_1_800' title='bbox 3271 4832 3593 4899; x_wconf 78' lang='lat' dir='ltr'><strong>aedilicium,</strong></span> <span class='ocrx_word' id='word_1_801' title='bbox 3633 4841 3688 4888; x_wconf 90' lang='lat' dir='ltr'><strong>et</strong></span> <span class='ocrx_word' id='word_1_802' title='bbox 3717 4845 3844 4903; x_wconf 91' lang='lat' dir='ltr'><strong>pro—</strong></span> 
     </span>
    </p>
   </div>
   <div class='ocr_carea' id='block_1_107' title="bbox 2265 4926 3843 5002">
    <p class='ocr_par' dir='ltr' id='par_1_107' title="bbox 2265 4926 3843 5002">
     <span class='ocr_line' id='line_1_107' title="bbox 2265 4926 3843 5002; baseline -0.003 -15"><span class='ocrx_word' id='word_1_803' title='bbox 2265 4932 2457 5002; x_wconf 88' lang='lat' dir='ltr'><strong>spiciat</strong></span> <span class='ocrx_word' id='word_1_804' title='bbox 2489 4947 2768 5002; x_wconf 88' lang='lat' dir='ltr'><strong>sponsam,</strong></span> <span class='ocrx_word' id='word_1_805' title='bbox 2797 4932 2846 4986; x_wconf 91' lang='lat' dir='ltr'><strong>id</strong></span> <span class='ocrx_word' id='word_1_806' title='bbox 2872 4940 2956 4986; x_wconf 90' lang='lat' dir='ltr'><strong>est</strong></span> <span class='ocrx_word' id='word_1_807' title='bbox 2983 4930 3255 4995; x_wconf 88' lang='lat' dir='ltr'><strong>animam;</strong></span> <span class='ocrx_word' id='word_1_808' title='bbox 3284 4938 3339 4984; x_wconf 88' lang='lat' dir='ltr'><strong>et</strong></span> <span class='ocrx_word' id='word_1_809' title='bbox 3358 4929 3598 4983; x_wconf 91' lang='lat' dir='ltr'><strong>nondum</strong></span> <span class='ocrx_word' id='word_1_810' title='bbox 3622 4926 3843 4998; x_wconf 88' lang='lat' dir='ltr'><strong>quidem</strong></span> 
     </span>
    </p>
   </div>
   <div class='ocr_carea' id='block_1_108' title="bbox 2265 5019 3845 5093">
    <p class='ocr_par' dir='ltr' id='par_1_108' title="bbox 2265 5019 3845 5093">
     <span class='ocr_line' id='line_1_108' title="bbox 2265 5019 3845 5093; baseline -0.002 -15"><span class='ocrx_word' id='word_1_811' title='bbox 2265 5032 2510 5093; x_wconf 85' lang='lat' dir='ltr'><strong>apertum</strong></span> <span class='ocrx_word' id='word_1_812' title='bbox 2558 5039 2617 5078; x_wconf 85' lang='lat' dir='ltr'><strong>se</strong></span> <span class='ocrx_word' id='word_1_813' title='bbox 2662 5024 2711 5077; x_wconf 89' lang='lat' dir='ltr'><strong>ci</strong></span> <span class='ocrx_word' id='word_1_814' title='bbox 2744 5030 3029 5092; x_wconf 89' lang='lat' dir='ltr'><strong>totumque</strong></span> <span class='ocrx_word' id='word_1_815' title='bbox 3066 5019 3396 5085; x_wconf 84' lang='lat' dir='ltr'><strong>manifestct,</strong></span> <span class='ocrx_word' id='word_1_816' title='bbox 3433 5021 3524 5075; x_wconf 90' lang='lat' dir='ltr'><strong>sed</strong></span> <span class='ocrx_word' id='word_1_817' title='bbox 3556 5020 3713 5090; x_wconf 88' lang='lat' dir='ltr'><strong>quasi</strong></span> <span class='ocrx_word' id='word_1_818' title='bbox 3747 5034 3845 5090; x_wconf 79' lang='lat' dir='ltr'><strong>per</strong></span> 
     </span>
    </p>
   </div>
   <div class='ocr_carea' id='block_1_109' title="bbox 2264 5112 3841 5183">
    <p class='ocr_par' dir='ltr' id='par_1_109' title="bbox 2264 5112 3841 5183">
     <span class='ocr_line' id='line_1_109' title="bbox 2264 5112 3841 5183; baseline 0 -16"><span class='ocrx_word' id='word_1_819' title='bbox 2264 5113 2399 5167; x_wconf 85' lang='lat' dir='ltr'><strong>retia</strong></span> <span class='ocrx_word' id='word_1_820' title='bbox 2421 5112 2758 5183; x_wconf 83' lang='lat' dir='ltr'><strong>prospiciens</strong></span> <span class='ocrx_word' id='word_1_821' title='bbox 2787 5112 3034 5168; x_wconf 87' lang='lat' dir='ltr'><strong>hortetur</strong></span> <span class='ocrx_word' id='word_1_822' title='bbox 3065 5127 3208 5175; x_wconf 90' lang='lat' dir='ltr'><strong>eam,</strong></span> <span class='ocrx_word' id='word_1_823' title='bbox 3236 5121 3291 5165; x_wconf 88' lang='lat' dir='ltr'><strong>et</strong></span> <span class='ocrx_word' id='word_1_824' title='bbox 3320 5120 3578 5179; x_wconf 87' lang='lat' dir='ltr'><strong>provocet</strong></span> <span class='ocrx_word' id='word_1_825' title='bbox 3613 5126 3720 5165; x_wconf 89' lang='lat' dir='ltr'><strong>non</strong></span> <span class='ocrx_word' id='word_1_826' title='bbox 3752 5127 3841 5167; x_wconf 85' lang='lat' dir='ltr'><strong>se-</strong></span> 
     </span>
    </p>
   </div>
   <div class='ocr_carea' id='block_1_110' title="bbox 2265 5201 3844 5273">
    <p class='ocr_par' dir='ltr' id='par_1_110' title="bbox 2265 5201 3844 5273">
     <span class='ocr_line' id='line_1_110' title="bbox 2265 5201 3844 5273; baseline -0.002 -12"><span class='ocrx_word' id='word_1_827' title='bbox 2265 5207 2393 5261; x_wconf 88' lang='lat' dir='ltr'><strong>dere</strong></span> <span class='ocrx_word' id='word_1_828' title='bbox 2421 5206 2749 5260; x_wconf 88' lang='lat' dir='ltr'><strong>intrinsecus</strong></span> <span class='ocrx_word' id='word_1_829' title='bbox 2782 5220 3021 5273; x_wconf 83' lang='lat' dir='ltr'><strong>segnem,</strong></span> <span class='ocrx_word' id='word_1_830' title='bbox 3054 5204 3149 5259; x_wconf 90' lang='lat' dir='ltr'><strong>sed</strong></span> <span class='ocrx_word' id='word_1_831' title='bbox 3181 5203 3331 5257; x_wconf 84' lang='lat' dir='ltr'><strong>exire</strong></span> <span class='ocrx_word' id='word_1_832' title='bbox 3371 5204 3438 5257; x_wconf 90' lang='lat' dir='ltr'><strong>ad</strong></span> <span class='ocrx_word' id='word_1_833' title='bbox 3488 5218 3546 5257; x_wconf 91' lang='lat' dir='ltr'><strong>se</strong></span> <span class='ocrx_word' id='word_1_834' title='bbox 3575 5201 3758 5270; x_wconf 86' lang='lat' dir='ltr'><strong>foras;</strong></span> <span class='ocrx_word' id='word_1_835' title='bbox 3789 5212 3844 5258; x_wconf 87' lang='lat' dir='ltr'><strong>et</strong></span> 
     </span>
    </p>
   </div>
   <div class='ocr_carea' id='block_1_111' title="bbox 2266 5293 3844 5365">
    <p class='ocr_par' dir='ltr' id='par_1_111' title="bbox 2266 5293 3844 5365">
     <span class='ocr_line' id='line_1_111' title="bbox 2266 5293 3844 5365; baseline -0.003 -14"><span class='ocrx_word' id='word_1_836' title='bbox 2266 5297 2453 5352; x_wconf 90' lang='lat' dir='ltr'><strong>conari</strong></span> <span class='ocrx_word' id='word_1_837' title='bbox 2481 5306 2540 5351; x_wconf 90' lang='lat' dir='ltr'><strong>ut</strong></span> <span class='ocrx_word' id='word_1_838' title='bbox 2565 5312 2670 5351; x_wconf 92' lang='lat' dir='ltr'><strong>non</strong></span> <span class='ocrx_word' id='word_1_839' title='bbox 2700 5297 2811 5365; x_wconf 90' lang='lat' dir='ltr'><strong>jam</strong></span> <span class='ocrx_word' id='word_1_840' title='bbox 2845 5312 2939 5365; x_wconf 86' lang='lat' dir='ltr'><strong>per</strong></span> <span class='ocrx_word' id='word_1_841' title='bbox 2973 5295 3236 5350; x_wconf 86' lang='lat' dir='ltr'><strong>fenestras</strong></span> <span class='ocrx_word' id='word_1_842' title='bbox 3263 5301 3317 5346; x_wconf 89' lang='lat' dir='ltr'><strong>et</strong></span> <span class='ocrx_word' id='word_1_843' title='bbox 3346 5293 3503 5358; x_wconf 88' lang='lat' dir='ltr'><strong>retia,</strong></span> <span class='ocrx_word' id='word_1_844' title='bbox 3541 5308 3715 5362; x_wconf 86' lang='lat' dir='ltr'><strong>neque</strong></span> <span class='ocrx_word' id='word_1_845' title='bbox 3748 5310 3844 5364; x_wconf 86' lang='lat' dir='ltr'><strong>per</strong></span> 
     </span>
    </p>
   </div>
   <div class='ocr_carea' id='block_1_112' title="bbox 2268 5382 3843 5460">
    <p class='ocr_par' dir='ltr' id='par_1_112' title="bbox 2268 5382 3843 5460">
     <span class='ocr_line' id='line_1_112' title="bbox 2268 5382 3843 5460; baseline -0.004 -15"><span class='ocrx_word' id='word_1_846' title='bbox 2268 5389 2546 5460; x_wconf 84' lang='lat' dir='ltr'><strong>speculum</strong></span> <span class='ocrx_word' id='word_1_847' title='bbox 2601 5388 2653 5442; x_wconf 89' lang='lat' dir='ltr'><strong>in</strong></span> <span class='ocrx_word' id='word_1_848' title='bbox 2697 5388 3020 5457; x_wconf 76' lang='lat' dir='ltr'><strong>amigmate,</strong></span> <span class='ocrx_word' id='word_1_849' title='bbox 3053 5385 3144 5439; x_wconf 87' lang='lat' dir='ltr'><strong>sed</strong></span> <span class='ocrx_word' id='word_1_850' title='bbox 3178 5383 3477 5453; x_wconf 86' lang='lat' dir='ltr'><strong>procedens</strong></span> <span class='ocrx_word' id='word_1_851' title='bbox 3522 5382 3668 5438; x_wconf 88' lang='lat' dir='ltr'><strong>foras</strong></span> <span class='ocrx_word' id='word_1_852' title='bbox 3702 5382 3843 5440; x_wconf 79' lang='lat' dir='ltr'><strong>facie</strong></span> 
     </span>
    </p>
   </div>
   <div class='ocr_carea' id='block_1_113' title="bbox 2271 5472 3837 5543">
    <p class='ocr_par' dir='ltr' id='par_1_113' title="bbox 2271 5472 3837 5543">
     <span class='ocr_line' id='line_1_113' title="bbox 2271 5472 3837 5543; baseline -0.001 -11"><span class='ocrx_word' id='word_1_853' title='bbox 2271 5479 2336 5532; x_wconf 91' lang='lat' dir='ltr'><strong>ad</strong></span> <span class='ocrx_word' id='word_1_854' title='bbox 2364 5478 2556 5533; x_wconf 83' lang='lat' dir='ltr'><strong>faciem</strong></span> <span class='ocrx_word' id='word_1_855' title='bbox 2593 5477 2771 5531; x_wconf 87' lang='lat' dir='ltr'><strong>videat</strong></span> <span class='ocrx_word' id='word_1_856' title='bbox 2799 5491 2923 5530; x_wconf 92' lang='lat' dir='ltr'><strong>eum</strong></span> <span class='ocrx_word' id='word_1_857' title='bbox 2954 5476 3019 5527; x_wconf 73' lang='grc'><strong>’⁷.</strong></span> <span class='ocrx_word' id='word_1_858' title='bbox 3056 5472 3211 5528; x_wconf 85' lang='lat' dir='ltr'><strong>Nunc</strong></span> <span class='ocrx_word' id='word_1_859' title='bbox 3249 5473 3417 5533; x_wconf 85' lang='lat' dir='ltr'><strong>enim,</strong></span> <span class='ocrx_word' id='word_1_860' title='bbox 3439 5473 3567 5543; x_wconf 87' lang='lat' dir='ltr'><strong>quia</strong></span> <span class='ocrx_word' id='word_1_861' title='bbox 3597 5474 3837 5530; x_wconf 89' lang='lat' dir='ltr'><strong>nondum</strong></span> 
     </span>
    </p>
   </div>
   <div class='ocr_carea' id='block_1_114' title="bbox 2275 5564 3840 5639">
    <p class='ocr_par' dir='ltr' id='par_1_114' title="bbox 2275 5564 3840 5639">
     <span class='ocr_line' id='line_1_114' title="bbox 2275 5564 3840 5639; baseline -0.002 -16"><span class='ocrx_word' id='word_1_862' title='bbox 2275 5579 2454 5639; x_wconf 87' lang='lat' dir='ltr'><strong>potest</strong></span> <span class='ocrx_word' id='word_1_863' title='bbox 2482 5570 2553 5624; x_wconf 88' lang='lat' dir='ltr'><strong>ita</strong></span> <span class='ocrx_word' id='word_1_864' title='bbox 2581 5584 2705 5625; x_wconf 90' lang='lat' dir='ltr'><strong>eum</strong></span> <span class='ocrx_word' id='word_1_865' title='bbox 2744 5566 2964 5635; x_wconf 88' lang='lat' dir='ltr'><strong>intueri,</strong></span> <span class='ocrx_word' id='word_1_866' title='bbox 2994 5574 3279 5636; x_wconf 86' lang='lat' dir='ltr'><strong>propterea</strong></span> <span class='ocrx_word' id='word_1_867' title='bbox 3309 5578 3415 5619; x_wconf 90' lang='lat' dir='ltr'><strong>non</strong></span> <span class='ocrx_word' id='word_1_868' title='bbox 3456 5575 3600 5632; x_wconf 89' lang='lat' dir='ltr'><strong>ante,</strong></span> <span class='ocrx_word' id='word_1_869' title='bbox 3632 5564 3722 5620; x_wconf 87' lang='lat' dir='ltr'><strong>sed</strong></span> <span class='ocrx_word' id='word_1_870' title='bbox 3751 5579 3840 5620; x_wconf 65' lang='lat' dir='ltr'><strong>reo</strong></span> 
     </span>
    </p>
   </div>
   <div class='ocr_carea' id='block_1_115' title="bbox 662 5752 2551 5822">
    <p class='ocr_par' dir='ltr' id='par_1_115' title="bbox 662 5752 2551 5822">
     <span class='ocr_line' id='line_1_115' title="bbox 662 5752 2551 5822; baseline -0.001 -13"><span class='ocrx_word' id='word_1_871' title='bbox 662 5753 705 5786; x_wconf 74' lang='lat'>“</span> <span class='ocrx_word' id='word_1_872' title='bbox 728 5753 881 5809; x_wconf 78' lang='lat' dir='ltr'><strong>Canl.</strong></span> <span class='ocrx_word' id='word_1_873' title='bbox 908 5772 946 5819; x_wconf 86' lang='grc'><strong>1,</strong></span> <span class='ocrx_word' id='word_1_874' title='bbox 983 5758 1035 5811; x_wconf 62' lang='grc' dir='ltr'><strong>εὶ.</strong></span> <span class='ocrx_word' id='word_1_875' title='bbox 1115 5761 1157 5791; x_wconf 73' lang='grc'><strong>’⁵</strong></span> <span class='ocrx_word' id='word_1_876' title='bbox 1184 5761 1339 5813; x_wconf 74' lang='lat' dir='ltr'><strong>Cant.</strong></span> <span class='ocrx_word' id='word_1_877' title='bbox 1378 5773 1416 5822; x_wconf 78' lang='grc' dir='ltr'><strong>ι,</strong></span> <span class='ocrx_word' id='word_1_878' title='bbox 1450 5757 1501 5809; x_wconf 64' lang='grc' dir='ltr'><strong>εί.</strong></span> <span class='ocrx_word' id='word_1_879' title='bbox 1580 5757 1625 5787; x_wconf 77' lang='grc'><strong>⁸⁸</strong></span> <span class='ocrx_word' id='word_1_880' title='bbox 1654 5755 1813 5810; x_wconf 78' lang='lat' dir='ltr'><strong>Joan.</strong></span> <span class='ocrx_word' id='word_1_881' title='bbox 1840 5773 1877 5822; x_wconf 85' lang='grc' dir='ltr'><strong>ι,</strong></span> <span class='ocrx_word' id='word_1_882' title='bbox 1910 5758 1960 5816; x_wconf 78' lang='grc' dir='ltr'><strong>ί.</strong></span> <span class='ocrx_word' id='word_1_883' title='bbox 2039 5754 2081 5788; x_wconf 70' lang='grc'><strong>’⁷</strong></span> <span class='ocrx_word' id='word_1_884' title='bbox 2107 5753 2123 5809; x_wconf 90' lang='grc'><strong>1</strong></span> <span class='ocrx_word' id='word_1_885' title='bbox 2152 5752 2278 5810; x_wconf 82' lang='lat' dir='ltr'><strong>Cor.</strong></span> <span class='ocrx_word' id='word_1_886' title='bbox 2311 5769 2433 5811; x_wconf 75' lang='lat' dir='ltr'><strong>xm.</strong></span> <span class='ocrx_word' id='word_1_887' title='bbox 2471 5755 2551 5809; x_wconf 66' lang='grc'><strong>12.</strong></span> 
     </span>
    </p>
   </div>
  </div>
