  <div class='ocr_page' id='page_1' title='image "/cluster/home/n/w/nwhite01/storage/ocr_20150623/13/mdp.39015007036059/094.png"; bbox 0 0 4236 6282; ppageno 0'>
   <div class='ocr_carea' id='block_1_1' title="bbox 225 224 323 279">
    <p class='ocr_par' dir='ltr' id='par_1_1' title="bbox 225 224 323 279">
     <span class='ocr_line' id='line_1_1' title="bbox 225 224 323 279; baseline 0 0"><span class='ocrx_word' id='word_1_1' title='bbox 225 224 323 279; x_wconf 77' lang='lat' dir='ltr'><strong>lSl</strong></span> 
     </span>
    </p>
   </div>
   <div class='ocr_carea' id='block_1_2' title="bbox 1564 232 2137 290">
    <p class='ocr_par' dir='ltr' id='par_1_2' title="bbox 1564 232 2137 290">
     <span class='ocr_line' id='line_1_2' title="bbox 1564 232 2137 290; baseline 0.002 -5"><span class='ocrx_word' id='word_1_2' title='bbox 1564 232 1761 286; x_wconf 77' lang='lat' dir='ltr'><strong>LIBER</strong></span> <span class='ocrx_word' id='word_1_3' title='bbox 1797 233 2137 290; x_wconf 75' lang='lat' dir='ltr'><strong>TERTIUS..</strong></span> 
     </span>
    </p>
   </div>
   <div class='ocr_carea' id='block_1_3' title="bbox 3364 234 3477 289">
    <p class='ocr_par' dir='ltr' id='par_1_3' title="bbox 3364 234 3477 289">
     <span class='ocr_line' id='line_1_3' title="bbox 3364 234 3477 289; baseline -0.009 0"><span class='ocrx_word' id='word_1_4' title='bbox 3364 234 3477 289; x_wconf 63' lang='lat'><strong>218%</strong></span> 
     </span>
    </p>
   </div>
   <div class='ocr_carea' id='block_1_4' title="bbox 211 343 3475 426">
    <p class='ocr_par' dir='ltr' id='par_1_4' title="bbox 211 343 3475 426">
     <span class='ocr_line' id='line_1_4' title="bbox 211 343 3475 426; baseline 0.004 -30"><span class='ocrx_word' id='word_1_5' title='bbox 211 352 299 397; x_wconf 90' lang='lat' dir='ltr'><strong>tro</strong></span> <span class='ocrx_word' id='word_1_6' title='bbox 329 343 383 399; x_wconf 89' lang='lat' dir='ltr'><strong>ei</strong></span> <span class='ocrx_word' id='word_1_7' title='bbox 432 354 493 400; x_wconf 84' lang='lat' dir='ltr'><strong>et</strong></span> <span class='ocrx_word' id='word_1_8' title='bbox 532 355 654 421; x_wconf 86' lang='lat' dir='ltr'><strong>post</strong></span> <span class='ocrx_word' id='word_1_9' title='bbox 684 349 939 418; x_wconf 80' lang='lat' dir='ltr'><strong>parietem</strong></span> <span class='ocrx_word' id='word_1_10' title='bbox 991 361 1137 408; x_wconf 89' lang='lat' dir='ltr'><strong>stet..</strong></span> <span class='ocrx_word' id='word_1_11' title='bbox 1169 355 1439 411; x_wconf 80' lang='lat' dir='ltr'><strong>Incumbit</strong></span> <span class='ocrx_word' id='word_1_12' title='bbox 1482 365 1662 411; x_wconf 80' lang='lat' dir='ltr'><strong>autem</strong></span> <span class='ocrx_word' id='word_1_13' title='bbox 1708 373 1803 426; x_wconf 84' lang='lat' dir='ltr'><strong>per</strong></span> <span class='ocrx_word' id='word_1_14' title='bbox 1833 356 2333 418; x_wconf 68' lang='lat' dir='ltr'><strong>AChristus-stetit</strong></span> <span class='ocrx_word' id='word_1_15' title='bbox 2358 353 2638 424; x_wconf 80' lang='lat' dir='ltr'><strong>paululum</strong></span> <span class='ocrx_word' id='word_1_16' title='bbox 2676 359 2801 423; x_wconf 79' lang='lat' dir='ltr'><strong>post</strong></span> <span class='ocrx_word' id='word_1_17' title='bbox 2843 352 3100 422; x_wconf 84' lang='lat' dir='ltr'><strong>parietem</strong></span> <span class='ocrx_word' id='word_1_18' title='bbox 3131 351 3341 409; x_wconf 83' lang='lat' dir='ltr'><strong>Veteris</strong></span> <span class='ocrx_word' id='word_1_19' title='bbox 3372 352 3475 408; x_wconf 68' lang='lat' dir='ltr'><strong>To~</strong></span> 
     </span>
    </p>
   </div>
   <div class='ocr_carea' id='block_1_5' title="bbox 210 429 1798 514">
    <p class='ocr_par' dir='ltr' id='par_1_5' title="bbox 210 429 1798 514">
     <span class='ocr_line' id='line_1_5' title="bbox 210 429 1798 514; baseline 0.011 -31"><span class='ocrx_word' id='word_1_20' title='bbox 210 429 519 495; x_wconf 76' lang='lat' dir='ltr'><strong>fenestras,</strong></span> <span class='ocrx_word' id='word_1_21' title='bbox 556 449 678 504; x_wconf 86' lang='lat' dir='ltr'><strong>qua</strong></span> <span class='ocrx_word' id='word_1_22' title='bbox 708 437 826 492; x_wconf 89' lang='lat' dir='ltr'><strong>sine</strong></span> <span class='ocrx_word' id='word_1_23' title='bbox 852 438 1020 495; x_wconf 90' lang='lat' dir='ltr'><strong>dubio</strong></span> <span class='ocrx_word' id='word_1_24' title='bbox 1048 443 1305 511; x_wconf 77' lang='lat' dir='ltr'><strong>patebant</strong></span> <span class='ocrx_word' id='word_1_25' title='bbox 1327 445 1396 498; x_wconf 87' lang='lat' dir='ltr'><strong>ad</strong></span> <span class='ocrx_word' id='word_1_26' title='bbox 1430 445 1798 514; x_wconf 88' lang='lat' dir='ltr'><strong>recipiendum</strong></span> 
     </span>
    </p>
   </div>
   <div class='ocr_carea' id='block_1_6' title="bbox 207 517 1800 607">
    <p class='ocr_par' dir='ltr' id='par_1_6' title="bbox 207 517 1800 607">
     <span class='ocr_line' id='line_1_6' title="bbox 207 517 1800 607; baseline 0.013 -35"><span class='ocrx_word' id='word_1_27' title='bbox 207 517 401 574; x_wconf 84' lang='lat' dir='ltr'><strong>lumen</strong></span> <span class='ocrx_word' id='word_1_28' title='bbox 457 522 531 577; x_wconf 90' lang='lat' dir='ltr'><strong>ad</strong></span> <span class='ocrx_word' id='word_1_29' title='bbox 585 524 1000 584; x_wconf 86' lang='lat' dir='ltr'><strong>illuminandam</strong></span> <span class='ocrx_word' id='word_1_30' title='bbox 1053 532 1298 588; x_wconf 84' lang='lat' dir='ltr'><strong>domum.</strong></span> <span class='ocrx_word' id='word_1_31' title='bbox 1356 532 1458 589; x_wconf 87' lang='lat' dir='ltr'><strong>Per</strong></span> <span class='ocrx_word' id='word_1_32' title='bbox 1522 536 1621 592; x_wconf 89' lang='lat' dir='ltr'><strong>has</strong></span> <span class='ocrx_word' id='word_1_33' title='bbox 1672 552 1800 607; x_wconf 87' lang='lat' dir='ltr'><strong>ergo</strong></span> 
     </span>
    </p>
   </div>
   <div class='ocr_carea' id='block_1_7' title="bbox 207 613 1800 695">
    <p class='ocr_par' dir='ltr' id='par_1_7' title="bbox 207 613 1800 695">
     <span class='ocr_line' id='line_1_7' title="bbox 207 613 1800 695; baseline 0.012 -31"><span class='ocrx_word' id='word_1_34' title='bbox 207 628 396 668; x_wconf 83' lang='lat' dir='ltr'><strong>sermo</strong></span> <span class='ocrx_word' id='word_1_35' title='bbox 440 613 545 671; x_wconf 85' lang='lat' dir='ltr'><strong>Dei</strong></span> <span class='ocrx_word' id='word_1_36' title='bbox 574 617 898 675; x_wconf 91' lang='lat' dir='ltr'><strong>incumbens</strong></span> <span class='ocrx_word' id='word_1_37' title='bbox 940 631 994 676; x_wconf 91' lang='lat' dir='ltr'><strong>et</strong></span> <span class='ocrx_word' id='word_1_38' title='bbox 1018 624 1376 693; x_wconf 86' lang='lat' dir='ltr'><strong>prospiciens,</strong></span> <span class='ocrx_word' id='word_1_39' title='bbox 1408 636 1666 695; x_wconf 84' lang='lat' dir='ltr'><strong>provocat</strong></span> <span class='ocrx_word' id='word_1_40' title='bbox 1701 644 1800 683; x_wconf 87' lang='lat' dir='ltr'><strong>ex-</strong></span> 
     </span>
    </p>
   </div>
   <div class='ocr_carea' id='block_1_8' title="bbox 205 708 1798 773">
    <p class='ocr_par' dir='ltr' id='par_1_8' title="bbox 205 708 1798 773">
     <span class='ocr_line' id='line_1_8' title="bbox 205 708 1798 773; baseline 0.011 -20"><span class='ocrx_word' id='word_1_41' title='bbox 205 715 441 773; x_wconf 87' lang='lat' dir='ltr'><strong>surgere</strong></span> <span class='ocrx_word' id='word_1_42' title='bbox 485 715 547 760; x_wconf 91' lang='lat' dir='ltr'><strong>et</strong></span> <span class='ocrx_word' id='word_1_43' title='bbox 592 708 658 762; x_wconf 90' lang='lat' dir='ltr'><strong>ad</strong></span> <span class='ocrx_word' id='word_1_44' title='bbox 702 724 762 764; x_wconf 90' lang='lat' dir='ltr'><strong>se</strong></span> <span class='ocrx_word' id='word_1_45' title='bbox 787 710 974 767; x_wconf 86' lang='lat' dir='ltr'><strong>venire</strong></span> <span class='ocrx_word' id='word_1_46' title='bbox 997 714 1257 770; x_wconf 90' lang='lat' dir='ltr'><strong>animam.</strong></span> <span class='ocrx_word' id='word_1_47' title='bbox 1286 715 1588 772; x_wconf 85' lang='lat' dir='ltr'><strong>Possumus</strong></span> <span class='ocrx_word' id='word_1_48' title='bbox 1620 726 1798 773; x_wconf 91' lang='lat' dir='ltr'><strong>autem</strong></span> 
     </span>
    </p>
   </div>
   <div class='ocr_carea' id='block_1_9' title="bbox 204 801 1799 879">
    <p class='ocr_par' dir='ltr' id='par_1_9' title="bbox 204 801 1799 879">
     <span class='ocr_line' id='line_1_9' title="bbox 204 801 1799 879; baseline 0.011 -33"><span class='ocrx_word' id='word_1_49' title='bbox 204 807 407 850; x_wconf 81' lang='lat' dir='ltr'><strong>sensus</strong></span> <span class='ocrx_word' id='word_1_50' title='bbox 465 812 776 867; x_wconf 86' lang='lat' dir='ltr'><strong>corporeos</strong></span> <span class='ocrx_word' id='word_1_51' title='bbox 826 801 1093 860; x_wconf 89' lang='lat' dir='ltr'><strong>fenestras</strong></span> <span class='ocrx_word' id='word_1_52' title='bbox 1142 805 1461 877; x_wconf 82' lang='lat' dir='ltr'><strong>intelligere,</strong></span> <span class='ocrx_word' id='word_1_53' title='bbox 1511 823 1609 877; x_wconf 83' lang='lat' dir='ltr'><strong>per</strong></span> <span class='ocrx_word' id='word_1_54' title='bbox 1663 824 1799 879; x_wconf 88' lang='lat' dir='ltr'><strong>quas</strong></span> 
     </span>
    </p>
   </div>
   <div class='ocr_carea' id='block_1_10' title="bbox 204 890 1800 964">
    <p class='ocr_par' dir='ltr' id='par_1_10' title="bbox 204 890 1800 964">
     <span class='ocr_line' id='line_1_10' title="bbox 204 890 1800 964; baseline 0.013 -28"><span class='ocrx_word' id='word_1_55' title='bbox 204 891 297 937; x_wconf 91' lang='lat' dir='ltr'><strong>aut</strong></span> <span class='ocrx_word' id='word_1_56' title='bbox 328 900 526 951; x_wconf 87' lang='lat' dir='ltr'><strong>mors,</strong></span> <span class='ocrx_word' id='word_1_57' title='bbox 556 898 652 943; x_wconf 89' lang='lat' dir='ltr'><strong>aut</strong></span> <span class='ocrx_word' id='word_1_58' title='bbox 683 890 791 945; x_wconf 90' lang='lat' dir='ltr'><strong>vita</strong></span> <span class='ocrx_word' id='word_1_59' title='bbox 827 892 996 949; x_wconf 83' lang='lat' dir='ltr'><strong>intrat</strong></span> <span class='ocrx_word' id='word_1_60' title='bbox 1035 896 1100 951; x_wconf 90' lang='lat' dir='ltr'><strong>ad</strong></span> <span class='ocrx_word' id='word_1_61' title='bbox 1141 897 1405 964; x_wconf 86' lang='lat' dir='ltr'><strong>animam;</strong></span> <span class='ocrx_word' id='word_1_62' title='bbox 1429 899 1509 954; x_wconf 91' lang='lat' dir='ltr'><strong>sic</strong></span> <span class='ocrx_word' id='word_1_63' title='bbox 1532 900 1676 954; x_wconf 90' lang='lat' dir='ltr'><strong>enim</strong></span> <span class='ocrx_word' id='word_1_64' title='bbox 1706 901 1800 956; x_wconf 87' lang='lat' dir='ltr'><strong>de-</strong></span> 
     </span>
    </p>
   </div>
   <div class='ocr_carea' id='block_1_11' title="bbox 202 972 1801 1057">
    <p class='ocr_par' dir='ltr' id='par_1_11' title="bbox 202 972 1801 1057">
     <span class='ocr_line' id='line_1_11' title="bbox 202 972 1801 1057; baseline 0.014 -33"><span class='ocrx_word' id='word_1_65' title='bbox 202 972 389 1042; x_wconf 83' lang='lat' dir='ltr'><strong>signat</strong></span> <span class='ocrx_word' id='word_1_66' title='bbox 425 972 708 1033; x_wconf 84' lang='lat' dir='ltr'><strong>Jeremias</strong></span> <span class='ocrx_word' id='word_1_67' title='bbox 750 980 1010 1050; x_wconf 86' lang='lat' dir='ltr'><strong>propheta</strong></span> <span class='ocrx_word' id='word_1_68' title='bbox 1056 1000 1179 1039; x_wconf 90' lang='lat' dir='ltr'><strong>cum</strong></span> <span class='ocrx_word' id='word_1_69' title='bbox 1210 988 1276 1042; x_wconf 89' lang='lat' dir='ltr'><strong>de</strong></span> <span class='ocrx_word' id='word_1_70' title='bbox 1306 991 1685 1057; x_wconf 82' lang='lat' dir='ltr'><strong>peccatoribus</strong></span> <span class='ocrx_word' id='word_1_71' title='bbox 1719 991 1801 1046; x_wconf 90' lang='lat' dir='ltr'><strong>lo-</strong></span> 
     </span>
    </p>
   </div>
   <div class='ocr_carea' id='block_1_12' title="bbox 200 1066 1802 1149">
    <p class='ocr_par' dir='ltr' id='par_1_12' title="bbox 200 1066 1802 1149">
     <span class='ocr_line' id='line_1_12' title="bbox 200 1066 1802 1149; baseline 0.013 -32"><span class='ocrx_word' id='word_1_72' title='bbox 200 1066 436 1134; x_wconf 86' lang='lat' dir='ltr'><strong>quitur,</strong></span> <span class='ocrx_word' id='word_1_73' title='bbox 504 1067 694 1124; x_wconf 87' lang='lat' dir='ltr'><strong>diceus</strong></span> <span class='ocrx_word' id='word_1_74' title='bbox 739 1085 752 1122; x_wconf 90' lang='lat'><strong>:</strong></span> <span class='ocrx_word' id='word_1_75' title='bbox 800 1073 1049 1128; x_wconf 80' lang='lat' dir='ltr'><strong>Ascendit</strong></span> <span class='ocrx_word' id='word_1_76' title='bbox 1097 1094 1237 1131; x_wconf 77' lang='lat' dir='ltr'><strong>mors</strong></span> <span class='ocrx_word' id='word_1_77' title='bbox 1280 1095 1373 1148; x_wconf 80' lang='lat' dir='ltr'><strong>per</strong></span> <span class='ocrx_word' id='word_1_78' title='bbox 1417 1081 1675 1149; x_wconf 80' lang='lat' dir='ltr'><strong>fenestras</strong></span> <span class='ocrx_word' id='word_1_79' title='bbox 1716 1100 1802 1137; x_wconf 81' lang='lat' dir='ltr'><strong>ve-</strong></span> 
     </span>
    </p>
   </div>
   <div class='ocr_carea' id='block_1_13' title="bbox 198 1158 1800 1244">
    <p class='ocr_par' dir='ltr' id='par_1_13' title="bbox 198 1158 1800 1244">
     <span class='ocr_line' id='line_1_13' title="bbox 198 1158 1800 1244; baseline 0.013 -35"><span class='ocrx_word' id='word_1_80' title='bbox 198 1166 342 1212; x_wconf 79' lang='lat' dir='ltr'><strong>stras</strong></span> <span class='ocrx_word' id='word_1_81' title='bbox 372 1158 445 1214; x_wconf 78' lang='grc'><strong>³⁸.</strong></span> <span class='ocrx_word' id='word_1_82' title='bbox 481 1158 773 1226; x_wconf 82' lang='lat' dir='ltr'><strong>Quomodo</strong></span> <span class='ocrx_word' id='word_1_83' title='bbox 816 1168 1058 1224; x_wconf 89' lang='lat' dir='ltr'><strong>ascendit</strong></span> <span class='ocrx_word' id='word_1_84' title='bbox 1088 1186 1238 1228; x_wconf 90' lang='lat' dir='ltr'><strong>mors</strong></span> <span class='ocrx_word' id='word_1_85' title='bbox 1285 1189 1382 1244; x_wconf 89' lang='lat' dir='ltr'><strong>per</strong></span> <span class='ocrx_word' id='word_1_86' title='bbox 1407 1175 1708 1232; x_wconf 88' lang='lat' dir='ltr'><strong>fenestras?</strong></span> <span class='ocrx_word' id='word_1_87' title='bbox 1743 1175 1800 1231; x_wconf 92' lang='lat' dir='ltr'><strong>Si</strong></span> 
     </span>
    </p>
   </div>
   <div class='ocr_carea' id='block_1_14' title="bbox 199 1248 1801 1327">
    <p class='ocr_par' dir='ltr' id='par_1_14' title="bbox 199 1248 1801 1327">
     <span class='ocr_line' id='line_1_14' title="bbox 199 1248 1801 1327; baseline 0.013 -26"><span class='ocrx_word' id='word_1_88' title='bbox 199 1248 710 1319; x_wconf 66' lang='lat' dir='ltr'><strong>oculi&#39;peccatoris</strong></span> <span class='ocrx_word' id='word_1_89' title='bbox 758 1254 976 1311; x_wconf 86' lang='lat' dir='ltr'><strong>videant</strong></span> <span class='ocrx_word' id='word_1_90' title='bbox 1022 1261 1328 1327; x_wconf 89' lang='lat' dir='ltr'><strong>mulierem,</strong></span> <span class='ocrx_word' id='word_1_91' title='bbox 1368 1272 1422 1318; x_wconf 90' lang='lat' dir='ltr'><strong>et</strong></span> <span class='ocrx_word' id='word_1_92' title='bbox 1458 1265 1801 1321; x_wconf 76' lang='lat' dir='ltr'><strong>machentur</strong></span> 
     </span>
    </p>
   </div>
   <div class='ocr_carea' id='block_1_15' title="bbox 200 1340 1800 1424">
    <p class='ocr_par' dir='ltr' id='par_1_15' title="bbox 200 1340 1800 1424">
     <span class='ocr_line' id='line_1_15' title="bbox 200 1340 1800 1424; baseline 0.013 -31"><span class='ocrx_word' id='word_1_93' title='bbox 200 1353 323 1393; x_wconf 86' lang='lat' dir='ltr'><strong>eam</strong></span> <span class='ocrx_word' id='word_1_94' title='bbox 356 1340 416 1394; x_wconf 90' lang='lat' dir='ltr'><strong>in</strong></span> <span class='ocrx_word' id='word_1_95' title='bbox 458 1343 628 1397; x_wconf 88' lang='lat' dir='ltr'><strong>corde</strong></span> <span class='ocrx_word' id='word_1_96' title='bbox 656 1359 757 1399; x_wconf 90' lang='lat' dir='ltr'><strong>suo</strong></span> <span class='ocrx_word' id='word_1_97' title='bbox 783 1347 848 1414; x_wconf 73' lang='lat'><strong>&quot;,</strong></span> <span class='ocrx_word' id='word_1_98' title='bbox 879 1347 960 1404; x_wconf 90' lang='lat' dir='ltr'><strong>sic</strong></span> <span class='ocrx_word' id='word_1_99' title='bbox 1002 1366 1152 1407; x_wconf 82' lang='lat' dir='ltr'><strong>mors</strong></span> <span class='ocrx_word' id='word_1_100' title='bbox 1184 1353 1544 1424; x_wconf 82' lang='lat' dir='ltr'><strong>ingressaest</strong></span> <span class='ocrx_word' id='word_1_101' title='bbox 1579 1358 1646 1413; x_wconf 89' lang='lat' dir='ltr'><strong>ad</strong></span> <span class='ocrx_word' id='word_1_102' title='bbox 1681 1359 1800 1414; x_wconf 90' lang='lat' dir='ltr'><strong>ani-</strong></span> 
     </span>
    </p>
   </div>
   <div class='ocr_carea' id='block_1_16' title="bbox 202 1433 1798 1522">
    <p class='ocr_par' dir='ltr' id='par_1_16' title="bbox 202 1433 1798 1522">
     <span class='ocr_line' id='line_1_16' title="bbox 202 1433 1798 1522; baseline 0.016 -41"><span class='ocrx_word' id='word_1_103' title='bbox 202 1442 350 1486; x_wconf 85' lang='lat' dir='ltr'><strong>mam</strong></span> <span class='ocrx_word' id='word_1_104' title='bbox 401 1448 514 1503; x_wconf 87' lang='lat' dir='ltr'><strong>per</strong></span> <span class='ocrx_word' id='word_1_105' title='bbox 555 1433 822 1493; x_wconf 83' lang='lat' dir='ltr'><strong>fenestras</strong></span> <span class='ocrx_word' id='word_1_106' title='bbox 852 1440 1156 1497; x_wconf 89' lang='lat' dir='ltr'><strong>oculorum.</strong></span> <span class='ocrx_word' id='word_1_107' title='bbox 1193 1441 1297 1498; x_wconf 90' lang='lat' dir='ltr'><strong>Sed</strong></span> <span class='ocrx_word' id='word_1_108' title='bbox 1343 1454 1560 1502; x_wconf 88' lang='lat' dir='ltr'><strong>etcum</strong></span> <span class='ocrx_word' id='word_1_109' title='bbox 1606 1452 1798 1522; x_wconf 90' lang='lat' dir='ltr'><strong>recipit</strong></span> 
     </span>
    </p>
   </div>
   <div class='ocr_carea' id='block_1_17' title="bbox 197 1521 1798 1605">
    <p class='ocr_par' dir='ltr' id='par_1_17' title="bbox 197 1521 1798 1605">
     <span class='ocr_line' id='line_1_17' title="bbox 197 1521 1798 1605; baseline 0.017 -35"><span class='ocrx_word' id='word_1_110' title='bbox 197 1521 327 1587; x_wconf 88' lang='lat' dir='ltr'><strong>quis</strong></span> <span class='ocrx_word' id='word_1_111' title='bbox 376 1523 639 1579; x_wconf 88' lang='lat' dir='ltr'><strong>auditum</strong></span> <span class='ocrx_word' id='word_1_112' title='bbox 687 1542 910 1595; x_wconf 89' lang='lat' dir='ltr'><strong>vanum,</strong></span> <span class='ocrx_word' id='word_1_113' title='bbox 952 1541 1005 1584; x_wconf 91' lang='lat' dir='ltr'><strong>et</strong></span> <span class='ocrx_word' id='word_1_114' title='bbox 1044 1533 1313 1605; x_wconf 80' lang='lat' dir='ltr'><strong>pracipue</strong></span> <span class='ocrx_word' id='word_1_115' title='bbox 1359 1535 1511 1593; x_wconf 82' lang='lat' dir='ltr'><strong>falsa</strong></span> <span class='ocrx_word' id='word_1_116' title='bbox 1555 1521 1798 1598; x_wconf 81' lang='lat' dir='ltr'><strong>scientia</strong></span> 
     </span>
    </p>
   </div>
   <div class='ocr_carea' id='block_1_18' title="bbox 196 1611 1796 1696">
    <p class='ocr_par' dir='ltr' id='par_1_18' title="bbox 196 1611 1796 1696">
     <span class='ocr_line' id='line_1_18' title="bbox 196 1611 1796 1696; baseline 0.017 -33"><span class='ocrx_word' id='word_1_117' title='bbox 196 1611 537 1681; x_wconf 86' lang='lat' dir='ltr'><strong>dogmatum</strong></span> <span class='ocrx_word' id='word_1_118' title='bbox 573 1632 983 1689; x_wconf 87' lang='lat' dir='ltr'><strong>perversorum;</strong></span> <span class='ocrx_word' id='word_1_119' title='bbox 1019 1635 1147 1679; x_wconf 90' lang='lat' dir='ltr'><strong>tunc</strong></span> <span class='ocrx_word' id='word_1_120' title='bbox 1173 1641 1268 1696; x_wconf 91' lang='lat' dir='ltr'><strong>per</strong></span> <span class='ocrx_word' id='word_1_121' title='bbox 1291 1629 1504 1685; x_wconf 86' lang='lat' dir='ltr'><strong>aurium</strong></span> <span class='ocrx_word' id='word_1_122' title='bbox 1530 1630 1796 1691; x_wconf 86' lang='lat' dir='ltr'><strong>fenestras</strong></span> 
     </span>
    </p>
   </div>
   <div class='ocr_carea' id='block_1_19' title="bbox 186 1709 1796 1781">
    <p class='ocr_par' dir='ltr' id='par_1_19' title="bbox 186 1709 1796 1781">
     <span class='ocr_line' id='line_1_19' title="bbox 186 1709 1796 1781; baseline 0.014 -23"><span class='ocrx_word' id='word_1_123' title='bbox 186 1716 354 1761; x_wconf 85' lang='lat' dir='ltr'><strong>&#39;mors</strong></span> <span class='ocrx_word' id='word_1_124' title='bbox 414 1709 604 1764; x_wconf 78' lang='lat' dir='ltr'><strong>intrat</strong></span> <span class='ocrx_word' id='word_1_125' title='bbox 642 1711 709 1765; x_wconf 88' lang='lat' dir='ltr'><strong>ad</strong></span> <span class='ocrx_word' id='word_1_126' title='bbox 762 1711 1023 1768; x_wconf 88' lang='lat' dir='ltr'><strong>animam.</strong></span> <span class='ocrx_word' id='word_1_127' title='bbox 1079 1712 1134 1769; x_wconf 85' lang='lat' dir='ltr'><strong>Si</strong></span> <span class='ocrx_word' id='word_1_128' title='bbox 1184 1732 1313 1773; x_wconf 90' lang='lat' dir='ltr'><strong>vero</strong></span> <span class='ocrx_word' id='word_1_129' title='bbox 1359 1720 1541 1776; x_wconf 88' lang='lat' dir='ltr'><strong>anima</strong></span> <span class='ocrx_word' id='word_1_130' title='bbox 1577 1723 1796 1781; x_wconf 89' lang='lat' dir='ltr'><strong>intuens</strong></span> 
     </span>
    </p>
   </div>
   <div class='ocr_carea' id='block_1_20' title="bbox 195 1804 1795 1876">
    <p class='ocr_par' dir='ltr' id='par_1_20' title="bbox 195 1804 1795 1876">
     <span class='ocr_line' id='line_1_20' title="bbox 195 1804 1795 1876; baseline 0.016 -28"><span class='ocrx_word' id='word_1_131' title='bbox 195 1809 597 1855; x_wconf 86' lang='lat' dir='ltr'><strong>ornamentum</strong></span> <span class='ocrx_word' id='word_1_132' title='bbox 629 1804 814 1858; x_wconf 88' lang='lat' dir='ltr'><strong>mundi</strong></span> <span class='ocrx_word' id='word_1_133' title='bbox 839 1813 894 1860; x_wconf 94' lang='lat' dir='ltr'><strong>et</strong></span> <span class='ocrx_word' id='word_1_134' title='bbox 915 1820 979 1861; x_wconf 82' lang='lat' dir='ltr'><strong>ex</strong></span> <span class='ocrx_word' id='word_1_135' title='bbox 1002 1806 1400 1876; x_wconf 85' lang='lat' dir='ltr'><strong>pulchritudine</strong></span> <span class='ocrx_word' id='word_1_136' title='bbox 1420 1824 1795 1873; x_wconf 86' lang='lat' dir='ltr'><strong>creaturarum</strong></span> 
     </span>
    </p>
   </div>
   <div class='ocr_carea' id='block_1_21' title="bbox 195 1888 1795 1978">
    <p class='ocr_par' dir='ltr' id='par_1_21' title="bbox 195 1888 1795 1978">
     <span class='ocr_line' id='line_1_21' title="bbox 195 1888 1795 1978; baseline 0.016 -39"><span class='ocrx_word' id='word_1_137' title='bbox 195 1888 556 1945; x_wconf 89' lang='lat' dir='ltr'><strong>conditorem</strong></span> <span class='ocrx_word' id='word_1_138' title='bbox 584 1894 825 1950; x_wconf 88' lang='lat' dir='ltr'><strong>omnium</strong></span> <span class='ocrx_word' id='word_1_139' title='bbox 855 1896 1119 1971; x_wconf 78' lang='lat' dir='ltr'><strong>intelligat</strong></span> <span class='ocrx_word' id='word_1_140' title='bbox 1156 1900 1350 1969; x_wconf 89' lang='lat' dir='ltr'><strong>Deum,</strong></span> <span class='ocrx_word' id='word_1_141' title='bbox 1386 1912 1441 1958; x_wconf 93' lang='lat' dir='ltr'><strong>et</strong></span> <span class='ocrx_word' id='word_1_142' title='bbox 1486 1920 1649 1975; x_wconf 85' lang='lat' dir='ltr'><strong>opera</strong></span> <span class='ocrx_word' id='word_1_143' title='bbox 1675 1908 1795 1978; x_wconf 87' lang='lat' dir='ltr'><strong>ejus</strong></span> 
     </span>
    </p>
   </div>
   <div class='ocr_carea' id='block_1_22' title="bbox 193 1978 1793 2059">
    <p class='ocr_par' dir='ltr' id='par_1_22' title="bbox 193 1978 1793 2059">
     <span class='ocr_line' id='line_1_22' title="bbox 193 1978 1793 2059; baseline 0.014 -29"><span class='ocrx_word' id='word_1_144' title='bbox 193 1978 471 2043; x_wconf 84' lang='lat' dir='ltr'><strong>miretur,</strong></span> <span class='ocrx_word' id='word_1_145' title='bbox 508 1982 795 2054; x_wconf 88' lang='lat' dir='ltr'><strong>laudetque</strong></span> <span class='ocrx_word' id='word_1_146' title='bbox 831 2002 1054 2056; x_wconf 88' lang='lat' dir='ltr'><strong>operum</strong></span> <span class='ocrx_word' id='word_1_147' title='bbox 1098 2002 1422 2059; x_wconf 87' lang='lat' dir='ltr'><strong>creatorem,</strong></span> <span class='ocrx_word' id='word_1_148' title='bbox 1454 1996 1521 2050; x_wconf 87' lang='lat' dir='ltr'><strong>ad</strong></span> <span class='ocrx_word' id='word_1_149' title='bbox 1555 1998 1793 2052; x_wconf 90' lang='lat' dir='ltr'><strong>animam</strong></span> 
     </span>
    </p>
   </div>
   <div class='ocr_carea' id='block_1_23' title="bbox 178 2064 1797 2145">
    <p class='ocr_par' dir='ltr' id='par_1_23' title="bbox 178 2064 1797 2145">
     <span class='ocr_line' id='line_1_23' title="bbox 178 2064 1797 2145; baseline 0.015 -27"><span class='ocrx_word' id='word_1_150' title='bbox 178 2064 347 2122; x_wconf 83' lang='lat' dir='ltr'><strong>hanc</strong></span> <span class='ocrx_word' id='word_1_151' title='bbox 398 2068 519 2123; x_wconf 84' lang='lat' dir='ltr'><strong>vita</strong></span> <span class='ocrx_word' id='word_1_152' title='bbox 572 2070 870 2141; x_wconf 76' lang='lat' dir='ltr'><strong>ingreditur</strong></span> <span class='ocrx_word' id='word_1_153' title='bbox 905 2092 1000 2145; x_wconf 92' lang='lat' dir='ltr'><strong>per</strong></span> <span class='ocrx_word' id='word_1_154' title='bbox 1033 2078 1301 2137; x_wconf 84' lang='lat' dir='ltr'><strong>fenestras</strong></span> <span class='ocrx_word' id='word_1_155' title='bbox 1345 2085 1650 2140; x_wconf 90' lang='lat' dir='ltr'><strong>oculorum.</strong></span> <span class='ocrx_word' id='word_1_156' title='bbox 1691 2085 1797 2143; x_wconf 73' lang='lat' dir='ltr'><strong>Sed</strong></span> 
     </span>
    </p>
   </div>
   <div class='ocr_carea' id='block_1_24' title="bbox 189 2158 1800 2239">
    <p class='ocr_par' dir='ltr' id='par_1_24' title="bbox 189 2158 1800 2239">
     <span class='ocr_line' id='line_1_24' title="bbox 189 2158 1800 2239; baseline 0.015 -31"><span class='ocrx_word' id='word_1_157' title='bbox 189 2166 241 2210; x_wconf 84' lang='lat' dir='ltr'><strong>et</strong></span> <span class='ocrx_word' id='word_1_158' title='bbox 267 2172 418 2211; x_wconf 89' lang='lat' dir='ltr'><strong>cum</strong></span> <span class='ocrx_word' id='word_1_159' title='bbox 454 2158 693 2214; x_wconf 87' lang='lat' dir='ltr'><strong>auditum</strong></span> <span class='ocrx_word' id='word_1_160' title='bbox 724 2163 947 2220; x_wconf 89' lang='lat' dir='ltr'><strong>inclinat</strong></span> <span class='ocrx_word' id='word_1_161' title='bbox 977 2167 1043 2222; x_wconf 90' lang='lat' dir='ltr'><strong>ad</strong></span> <span class='ocrx_word' id='word_1_162' title='bbox 1072 2167 1309 2226; x_wconf 84' lang='lat' dir='ltr'><strong>Verbum</strong></span> <span class='ocrx_word' id='word_1_163' title='bbox 1339 2171 1455 2239; x_wconf 91' lang='lat' dir='ltr'><strong>Dei,</strong></span> <span class='ocrx_word' id='word_1_164' title='bbox 1489 2183 1542 2229; x_wconf 92' lang='lat' dir='ltr'><strong>et</strong></span> <span class='ocrx_word' id='word_1_165' title='bbox 1570 2176 1800 2232; x_wconf 90' lang='lat' dir='ltr'><strong>rationi-</strong></span> 
     </span>
    </p>
   </div>
   <div class='ocr_carea' id='block_1_25' title="bbox 189 2246 1798 2332">
    <p class='ocr_par' dir='ltr' id='par_1_25' title="bbox 189 2246 1798 2332">
     <span class='ocr_line' id='line_1_25' title="bbox 189 2246 1798 2332; baseline 0.016 -32"><span class='ocrx_word' id='word_1_166' title='bbox 189 2246 300 2302; x_wconf 88' lang='lat' dir='ltr'><strong>bus</strong></span> <span class='ocrx_word' id='word_1_167' title='bbox 333 2248 634 2316; x_wconf 87' lang='lat' dir='ltr'><strong>sapientia</strong></span> <span class='ocrx_word' id='word_1_168' title='bbox 658 2253 770 2324; x_wconf 79' lang='grc'><strong>86</strong></span> <span class='ocrx_word' id='word_1_169' title='bbox 805 2271 869 2310; x_wconf 88' lang='lat' dir='ltr'><strong>ac</strong></span> <span class='ocrx_word' id='word_1_170' title='bbox 901 2256 1142 2315; x_wconf 85' lang='lat' dir='ltr'><strong>scientia</strong></span> <span class='ocrx_word' id='word_1_171' title='bbox 1173 2261 1292 2332; x_wconf 88' lang='lat' dir='ltr'><strong>ejus</strong></span> <span class='ocrx_word' id='word_1_172' title='bbox 1320 2264 1636 2332; x_wconf 82' lang='lat' dir='ltr'><strong>delectatur,</strong></span> <span class='ocrx_word' id='word_1_173' title='bbox 1670 2269 1798 2325; x_wconf 87' lang='lat' dir='ltr'><strong>huic</strong></span> 
     </span>
    </p>
   </div>
   <div class='ocr_carea' id='block_1_26' title="bbox 193 2339 1792 2424">
    <p class='ocr_par' dir='ltr' id='par_1_26' title="bbox 193 2339 1792 2424">
     <span class='ocr_line' id='line_1_26' title="bbox 193 2339 1792 2424; baseline 0.016 -35"><span class='ocrx_word' id='word_1_174' title='bbox 193 2352 293 2406; x_wconf 90' lang='lat' dir='ltr'><strong>per</strong></span> <span class='ocrx_word' id='word_1_175' title='bbox 331 2339 564 2394; x_wconf 86' lang='lat' dir='ltr'><strong>aurium</strong></span> <span class='ocrx_word' id='word_1_176' title='bbox 601 2341 869 2402; x_wconf 85' lang='lat' dir='ltr'><strong>fenestras</strong></span> <span class='ocrx_word' id='word_1_177' title='bbox 905 2350 970 2403; x_wconf 90' lang='lat' dir='ltr'><strong>ad</strong></span> <span class='ocrx_word' id='word_1_178' title='bbox 1005 2351 1242 2406; x_wconf 90' lang='lat' dir='ltr'><strong>animam</strong></span> <span class='ocrx_word' id='word_1_179' title='bbox 1293 2356 1573 2424; x_wconf 89' lang='lat' dir='ltr'><strong>sapientia</strong></span> <span class='ocrx_word' id='word_1_180' title='bbox 1610 2359 1792 2416; x_wconf 89' lang='lat' dir='ltr'><strong>lumen</strong></span> 
     </span>
    </p>
   </div>
   <div class='ocr_carea' id='block_1_27' title="bbox 198 2426 1795 2516">
    <p class='ocr_par' dir='ltr' id='par_1_27' title="bbox 198 2426 1795 2516">
     <span class='ocr_line' id='line_1_27' title="bbox 198 2426 1795 2516; baseline 0.016 -36"><span class='ocrx_word' id='word_1_181' title='bbox 198 2426 542 2496; x_wconf 85' lang='lat' dir='ltr'><strong>ingreditur.</strong></span> <span class='ocrx_word' id='word_1_182' title='bbox 571 2430 673 2488; x_wconf 90' lang='lat' dir='ltr'><strong>Per</strong></span> <span class='ocrx_word' id='word_1_183' title='bbox 717 2435 815 2491; x_wconf 89' lang='lat' dir='ltr'><strong>has</strong></span> <span class='ocrx_word' id='word_1_184' title='bbox 848 2451 978 2507; x_wconf 86' lang='lat' dir='ltr'><strong>ergo</strong></span> <span class='ocrx_word' id='word_1_185' title='bbox 1010 2439 1275 2498; x_wconf 87' lang='lat' dir='ltr'><strong>fenestras</strong></span> <span class='ocrx_word' id='word_1_186' title='bbox 1303 2447 1638 2516; x_wconf 86' lang='lat' dir='ltr'><strong>prospiciens</strong></span> <span class='ocrx_word' id='word_1_187' title='bbox 1663 2450 1795 2506; x_wconf 85' lang='lat' dir='ltr'><strong>Ver-</strong></span> 
     </span>
    </p>
   </div>
   <div class='ocr_carea' id='block_1_28' title="bbox 188 2515 1789 2600">
    <p class='ocr_par' dir='ltr' id='par_1_28' title="bbox 188 2515 1789 2600">
     <span class='ocr_line' id='line_1_28' title="bbox 188 2515 1789 2600; baseline 0.014 -30"><span class='ocrx_word' id='word_1_188' title='bbox 188 2515 329 2571; x_wconf 81' lang='lat' dir='ltr'><strong>‘bum</strong></span> <span class='ocrx_word' id='word_1_189' title='bbox 360 2517 488 2585; x_wconf 86' lang='lat' dir='ltr'><strong>Dei,</strong></span> <span class='ocrx_word' id='word_1_190' title='bbox 521 2531 574 2575; x_wconf 91' lang='lat' dir='ltr'><strong>et</strong></span> <span class='ocrx_word' id='word_1_191' title='bbox 602 2534 946 2594; x_wconf 88' lang='lat' dir='ltr'><strong>prospectum</strong></span> <span class='ocrx_word' id='word_1_192' title='bbox 972 2543 1131 2583; x_wconf 90' lang='lat' dir='ltr'><strong>suum</strong></span> <span class='ocrx_word' id='word_1_193' title='bbox 1173 2531 1237 2585; x_wconf 89' lang='lat' dir='ltr'><strong>ad</strong></span> <span class='ocrx_word' id='word_1_194' title='bbox 1263 2515 1519 2600; x_wconf 85' lang='lat' dir='ltr'><strong>sponsam</strong></span> <span class='ocrx_word' id='word_1_195' title='bbox 1552 2536 1789 2592; x_wconf 88' lang='lat' dir='ltr'><strong>animam</strong></span> 
     </span>
    </p>
   </div>
   <div class='ocr_carea' id='block_1_29' title="bbox 204 2609 1787 2695">
    <p class='ocr_par' dir='ltr' id='par_1_29' title="bbox 204 2609 1787 2695">
     <span class='ocr_line' id='line_1_29' title="bbox 204 2609 1787 2695; baseline 0.013 -32"><span class='ocrx_word' id='word_1_196' title='bbox 204 2609 481 2682; x_wconf 85' lang='lat' dir='ltr'><strong>dirigens,</strong></span> <span class='ocrx_word' id='word_1_197' title='bbox 532 2628 816 2684; x_wconf 71' lang='lat' dir='ltr'><strong>assurgere</strong></span> <span class='ocrx_word' id='word_1_198' title='bbox 864 2618 1112 2675; x_wconf 85' lang='lat' dir='ltr'><strong>hortatur</strong></span> <span class='ocrx_word' id='word_1_199' title='bbox 1143 2637 1284 2688; x_wconf 90' lang='lat' dir='ltr'><strong>eam,</strong></span> <span class='ocrx_word' id='word_1_200' title='bbox 1320 2633 1374 2678; x_wconf 89' lang='lat' dir='ltr'><strong>et</strong></span> <span class='ocrx_word' id='word_1_201' title='bbox 1399 2626 1581 2681; x_wconf 88' lang='lat' dir='ltr'><strong>venire</strong></span> <span class='ocrx_word' id='word_1_202' title='bbox 1608 2630 1672 2682; x_wconf 85' lang='lat' dir='ltr'><strong>ad</strong></span> <span class='ocrx_word' id='word_1_203' title='bbox 1708 2646 1787 2695; x_wconf 91' lang='lat' dir='ltr'><strong>se,</strong></span> 
     </span>
    </p>
   </div>
   <div class='ocr_carea' id='block_1_30' title="bbox 202 2700 1789 2786">
    <p class='ocr_par' dir='ltr' id='par_1_30' title="bbox 202 2700 1789 2786">
     <span class='ocr_line' id='line_1_30' title="bbox 202 2700 1789 2786; baseline 0.013 -30"><span class='ocrx_word' id='word_1_204' title='bbox 202 2700 259 2756; x_wconf 87' lang='lat' dir='ltr'><strong>id</strong></span> <span class='ocrx_word' id='word_1_205' title='bbox 291 2711 406 2769; x_wconf 91' lang='lat' dir='ltr'><strong>est,</strong></span> <span class='ocrx_word' id='word_1_206' title='bbox 435 2719 702 2775; x_wconf 87' lang='lat' dir='ltr'><strong>corporea</strong></span> <span class='ocrx_word' id='word_1_207' title='bbox 724 2717 779 2764; x_wconf 92' lang='lat' dir='ltr'><strong>et</strong></span> <span class='ocrx_word' id='word_1_208' title='bbox 800 2711 1035 2768; x_wconf 90' lang='lat' dir='ltr'><strong>visibilia</strong></span> <span class='ocrx_word' id='word_1_209' title='bbox 1064 2715 1391 2786; x_wconf 88' lang='lat' dir='ltr'><strong>relinquere,</strong></span> <span class='ocrx_word' id='word_1_210' title='bbox 1424 2731 1477 2773; x_wconf 92' lang='lat' dir='ltr'><strong>et</strong></span> <span class='ocrx_word' id='word_1_211' title='bbox 1512 2720 1578 2774; x_wconf 90' lang='lat' dir='ltr'><strong>ad</strong></span> <span class='ocrx_word' id='word_1_212' title='bbox 1608 2721 1789 2777; x_wconf 89' lang='lat' dir='ltr'><strong>incor-</strong></span> 
     </span>
    </p>
   </div>
   <div class='ocr_carea' id='block_1_31' title="bbox 208 2795 1790 2877">
    <p class='ocr_par' dir='ltr' id='par_1_31' title="bbox 208 2795 1790 2877">
     <span class='ocr_line' id='line_1_31' title="bbox 208 2795 1790 2877; baseline 0.013 -32"><span class='ocrx_word' id='word_1_213' title='bbox 208 2806 373 2861; x_wconf 79' lang='lat' dir='ltr'><strong>porea</strong></span> <span class='ocrx_word' id='word_1_214' title='bbox 412 2804 473 2849; x_wconf 85' lang='lat' dir='ltr'><strong>et</strong></span> <span class='ocrx_word' id='word_1_215' title='bbox 514 2795 805 2856; x_wconf 75' lang='lat' dir='ltr'><strong>invisibilia</strong></span> <span class='ocrx_word' id='word_1_216' title='bbox 849 2817 915 2858; x_wconf 90' lang='lat' dir='ltr'><strong>ac</strong></span> <span class='ocrx_word' id='word_1_217' title='bbox 960 2804 1224 2873; x_wconf 85' lang='lat' dir='ltr'><strong>spiritalia</strong></span> <span class='ocrx_word' id='word_1_218' title='bbox 1279 2822 1589 2877; x_wconf 88' lang='lat' dir='ltr'><strong>properare.</strong></span> <span class='ocrx_word' id='word_1_219' title='bbox 1638 2810 1790 2877; x_wconf 87' lang='lat' dir='ltr'><strong>Quo-</strong></span> 
     </span>
    </p>
   </div>
   <div class='ocr_carea' id='block_1_32' title="bbox 205 2883 1790 2969">
    <p class='ocr_par' dir='ltr' id='par_1_32' title="bbox 205 2883 1790 2969">
     <span class='ocr_line' id='line_1_32' title="bbox 205 2883 1790 2969; baseline 0.013 -33"><span class='ocrx_word' id='word_1_220' title='bbox 205 2883 352 2939; x_wconf 85' lang='lat' dir='ltr'><strong>niam</strong></span> <span class='ocrx_word' id='word_1_221' title='bbox 389 2902 517 2959; x_wconf 73' lang='lat' dir='ltr'><strong>qua:</strong></span> <span class='ocrx_word' id='word_1_222' title='bbox 541 2889 795 2959; x_wconf 83' lang='lat' dir='ltr'><strong>videntur,</strong></span> <span class='ocrx_word' id='word_1_223' title='bbox 829 2895 1138 2963; x_wconf 80' lang='lat' dir='ltr'><strong>temporalia</strong></span> <span class='ocrx_word' id='word_1_224' title='bbox 1163 2907 1307 2962; x_wconf 86' lang='lat' dir='ltr'><strong>sunt,</strong></span> <span class='ocrx_word' id='word_1_225' title='bbox 1336 2915 1453 2969; x_wconf 73' lang='lat' dir='ltr'><strong>qua:</strong></span> <span class='ocrx_word' id='word_1_226' title='bbox 1481 2911 1655 2955; x_wconf 86' lang='lat' dir='ltr'><strong>autem</strong></span> <span class='ocrx_word' id='word_1_227' title='bbox 1687 2920 1790 2958; x_wconf 86' lang='lat' dir='ltr'><strong>non</strong></span> 
     </span>
    </p>
   </div>
   <div class='ocr_carea' id='block_1_33' title="bbox 209 2976 1789 3059">
    <p class='ocr_par' dir='ltr' id='par_1_33' title="bbox 209 2976 1789 3059">
     <span class='ocr_line' id='line_1_33' title="bbox 209 2976 1789 3059; baseline 0.013 -31"><span class='ocrx_word' id='word_1_228' title='bbox 209 2976 675 3044; x_wconf 74' lang='lat' dir='ltr'><strong>ridentur,ceterna</strong></span> <span class='ocrx_word' id='word_1_229' title='bbox 700 2993 821 3038; x_wconf 80' lang='lat' dir='ltr'><strong>sunt</strong></span> <span class='ocrx_word' id='word_1_230' title='bbox 847 2986 912 3039; x_wconf 81' lang='grc' dir='ltr'><strong>³ο.</strong></span> <span class='ocrx_word' id='word_1_231' title='bbox 935 2985 1027 3042; x_wconf 91' lang='lat' dir='ltr'><strong>Sic</strong></span> <span class='ocrx_word' id='word_1_232' title='bbox 1052 2997 1109 3044; x_wconf 87' lang='lat' dir='ltr'><strong>et</strong></span> <span class='ocrx_word' id='word_1_233' title='bbox 1131 2990 1356 3059; x_wconf 88' lang='lat' dir='ltr'><strong>spiritus</strong></span> <span class='ocrx_word' id='word_1_234' title='bbox 1385 2990 1476 3045; x_wconf 90' lang='lat' dir='ltr'><strong>Dei</strong></span> <span class='ocrx_word' id='word_1_235' title='bbox 1501 2992 1789 3050; x_wconf 89' lang='lat' dir='ltr'><strong>circumire</strong></span> 
     </span>
    </p>
   </div>
   <div class='ocr_carea' id='block_1_34' title="bbox 207 3064 1789 3153">
    <p class='ocr_par' dir='ltr' id='par_1_34' title="bbox 207 3064 1789 3153">
     <span class='ocr_line' id='line_1_34' title="bbox 207 3064 1789 3153; baseline 0.013 -34"><span class='ocrx_word' id='word_1_236' title='bbox 207 3064 430 3137; x_wconf 81' lang='lat' dir='ltr'><strong>dicitur,</strong></span> <span class='ocrx_word' id='word_1_237' title='bbox 471 3078 527 3126; x_wconf 87' lang='lat' dir='ltr'><strong>et</strong></span> <span class='ocrx_word' id='word_1_238' title='bbox 555 3088 797 3142; x_wconf 85' lang='lat' dir='ltr'><strong>quarere</strong></span> <span class='ocrx_word' id='word_1_239' title='bbox 834 3076 1026 3148; x_wconf 91' lang='lat' dir='ltr'><strong>dignas</strong></span> <span class='ocrx_word' id='word_1_240' title='bbox 1052 3080 1285 3145; x_wconf 88' lang='lat' dir='ltr'><strong>animas,</strong></span> <span class='ocrx_word' id='word_1_241' title='bbox 1311 3096 1433 3151; x_wconf 81' lang='lat' dir='ltr'><strong>qua</strong></span> <span class='ocrx_word' id='word_1_242' title='bbox 1462 3091 1584 3153; x_wconf 88' lang='lat' dir='ltr'><strong>apte</strong></span> <span class='ocrx_word' id='word_1_243' title='bbox 1617 3093 1789 3141; x_wconf 88' lang='lat' dir='ltr'><strong>recte-</strong></span> 
     </span>
    </p>
   </div>
   <div class='ocr_carea' id='block_1_35' title="bbox 211 3161 1788 3242">
    <p class='ocr_par' dir='ltr' id='par_1_35' title="bbox 211 3161 1788 3242">
     <span class='ocr_line' id='line_1_35' title="bbox 211 3161 1788 3242; baseline 0.013 -30"><span class='ocrx_word' id='word_1_244' title='bbox 211 3173 311 3226; x_wconf 89' lang='lat' dir='ltr'><strong>que</strong></span> <span class='ocrx_word' id='word_1_245' title='bbox 360 3161 489 3216; x_wconf 88' lang='lat' dir='ltr'><strong>ﬁeri</strong></span> <span class='ocrx_word' id='word_1_246' title='bbox 530 3164 743 3233; x_wconf 86' lang='lat' dir='ltr'><strong>possint</strong></span> <span class='ocrx_word' id='word_1_247' title='bbox 769 3167 837 3221; x_wconf 89' lang='lat' dir='ltr'><strong>ad</strong></span> <span class='ocrx_word' id='word_1_248' title='bbox 882 3168 1253 3226; x_wconf 91' lang='lat' dir='ltr'><strong>habitaculum</strong></span> <span class='ocrx_word' id='word_1_249' title='bbox 1298 3173 1593 3242; x_wconf 88' lang='lat' dir='ltr'><strong>sapientia.</strong></span> <span class='ocrx_word' id='word_1_250' title='bbox 1632 3174 1788 3242; x_wconf 86' lang='lat' dir='ltr'><strong>Quod</strong></span> 
     </span>
    </p>
   </div>
   <div class='ocr_carea' id='block_1_36' title="bbox 211 3256 1784 3335">
    <p class='ocr_par' dir='ltr' id='par_1_36' title="bbox 211 3256 1784 3335">
     <span class='ocr_line' id='line_1_36' title="bbox 211 3256 1784 3335; baseline 0.01 -31"><span class='ocrx_word' id='word_1_251' title='bbox 211 3260 387 3307; x_wconf 88' lang='lat' dir='ltr'><strong>autem</strong></span> <span class='ocrx_word' id='word_1_252' title='bbox 446 3268 546 3323; x_wconf 89' lang='lat' dir='ltr'><strong>per</strong></span> <span class='ocrx_word' id='word_1_253' title='bbox 601 3256 736 3311; x_wconf 89' lang='lat' dir='ltr'><strong>retia</strong></span> <span class='ocrx_word' id='word_1_254' title='bbox 789 3256 1152 3316; x_wconf 87' lang='lat' dir='ltr'><strong>fenestrarum</strong></span> <span class='ocrx_word' id='word_1_255' title='bbox 1203 3263 1512 3333; x_wconf 89' lang='lat' dir='ltr'><strong>prospicere</strong></span> <span class='ocrx_word' id='word_1_256' title='bbox 1565 3266 1784 3335; x_wconf 84' lang='lat' dir='ltr'><strong>dicitur,</strong></span> 
     </span>
    </p>
   </div>
   <div class='ocr_carea' id='block_1_37' title="bbox 212 3342 1787 3430">
    <p class='ocr_par' dir='ltr' id='par_1_37' title="bbox 212 3342 1787 3430">
     <span class='ocr_line' id='line_1_37' title="bbox 212 3342 1787 3430; baseline 0.013 -36"><span class='ocrx_word' id='word_1_257' title='bbox 212 3342 333 3398; x_wconf 90' lang='lat' dir='ltr'><strong>illud</strong></span> <span class='ocrx_word' id='word_1_258' title='bbox 360 3347 489 3401; x_wconf 89' lang='lat' dir='ltr'><strong>sine</strong></span> <span class='ocrx_word' id='word_1_259' title='bbox 520 3346 685 3402; x_wconf 90' lang='lat' dir='ltr'><strong>dubio</strong></span> <span class='ocrx_word' id='word_1_260' title='bbox 718 3349 942 3419; x_wconf 88' lang='lat' dir='ltr'><strong>indicat,</strong></span> <span class='ocrx_word' id='word_1_261' title='bbox 969 3353 1114 3422; x_wconf 89' lang='lat' dir='ltr'><strong>quod</strong></span> <span class='ocrx_word' id='word_1_262' title='bbox 1144 3353 1319 3411; x_wconf 90' lang='lat' dir='ltr'><strong>donec</strong></span> <span class='ocrx_word' id='word_1_263' title='bbox 1343 3356 1398 3410; x_wconf 92' lang='lat' dir='ltr'><strong>in</strong></span> <span class='ocrx_word' id='word_1_264' title='bbox 1432 3358 1594 3413; x_wconf 90' lang='lat' dir='ltr'><strong>domo</strong></span> <span class='ocrx_word' id='word_1_265' title='bbox 1624 3360 1787 3430; x_wconf 88' lang='lat' dir='ltr'><strong>hujus</strong></span> 
     </span>
    </p>
   </div>
   <div class='ocr_carea' id='block_1_38' title="bbox 211 3438 1788 3517">
    <p class='ocr_par' dir='ltr' id='par_1_38' title="bbox 211 3438 1788 3517">
     <span class='ocr_line' id='line_1_38' title="bbox 211 3438 1788 3517; baseline 0.012 -28"><span class='ocrx_word' id='word_1_266' title='bbox 211 3438 464 3506; x_wconf 88' lang='lat' dir='ltr'><strong>corporis</strong></span> <span class='ocrx_word' id='word_1_267' title='bbox 510 3440 687 3508; x_wconf 90' lang='lat' dir='ltr'><strong>posita</strong></span> <span class='ocrx_word' id='word_1_268' title='bbox 727 3441 798 3497; x_wconf 84' lang='lat' dir='ltr'><strong>sit</strong></span> <span class='ocrx_word' id='word_1_269' title='bbox 830 3443 1036 3510; x_wconf 90' lang='lat' dir='ltr'><strong>anima,</strong></span> <span class='ocrx_word' id='word_1_270' title='bbox 1090 3460 1199 3500; x_wconf 91' lang='lat' dir='ltr'><strong>non</strong></span> <span class='ocrx_word' id='word_1_271' title='bbox 1252 3456 1431 3517; x_wconf 89' lang='lat' dir='ltr'><strong>potest</strong></span> <span class='ocrx_word' id='word_1_272' title='bbox 1479 3449 1683 3505; x_wconf 90' lang='lat' dir='ltr'><strong>nudam</strong></span> <span class='ocrx_word' id='word_1_273' title='bbox 1733 3461 1788 3508; x_wconf 89' lang='lat' dir='ltr'><strong>et</strong></span> 
     </span>
    </p>
   </div>
   <div class='ocr_carea' id='block_1_39' title="bbox 214 3528 1783 3612">
    <p class='ocr_par' dir='ltr' id='par_1_39' title="bbox 214 3528 1783 3612">
     <span class='ocr_line' id='line_1_39' title="bbox 214 3528 1783 3612; baseline 0.012 -33"><span class='ocrx_word' id='word_1_274' title='bbox 214 3536 457 3597; x_wconf 83' lang='lat' dir='ltr'><strong>apertam</strong></span> <span class='ocrx_word' id='word_1_275' title='bbox 500 3528 594 3585; x_wconf 89' lang='lat' dir='ltr'><strong>Dei</strong></span> <span class='ocrx_word' id='word_1_276' title='bbox 629 3532 948 3602; x_wconf 88' lang='lat' dir='ltr'><strong>sapientiam</strong></span> <span class='ocrx_word' id='word_1_277' title='bbox 986 3552 1208 3606; x_wconf 87' lang='lat' dir='ltr'><strong>capere,</strong></span> <span class='ocrx_word' id='word_1_278' title='bbox 1257 3540 1350 3595; x_wconf 91' lang='lat' dir='ltr'><strong>sed</strong></span> <span class='ocrx_word' id='word_1_279' title='bbox 1394 3555 1489 3610; x_wconf 90' lang='lat' dir='ltr'><strong>per</strong></span> <span class='ocrx_word' id='word_1_280' title='bbox 1536 3543 1783 3612; x_wconf 78' lang='lat' dir='ltr'><strong>exempla</strong></span> 
     </span>
    </p>
   </div>
   <div class='ocr_carea' id='block_1_40' title="bbox 211 3619 1781 3698">
    <p class='ocr_par' dir='ltr' id='par_1_40' title="bbox 211 3619 1781 3698">
     <span class='ocr_line' id='line_1_40' title="bbox 211 3619 1781 3698; baseline 0.013 -30"><span class='ocrx_word' id='word_1_281' title='bbox 211 3619 460 3684; x_wconf 81' lang='lat' dir='ltr'><strong>quadam</strong></span> <span class='ocrx_word' id='word_1_282' title='bbox 483 3629 536 3675; x_wconf 88' lang='lat' dir='ltr'><strong>et</strong></span> <span class='ocrx_word' id='word_1_283' title='bbox 561 3621 756 3677; x_wconf 89' lang='lat' dir='ltr'><strong>indicia</strong></span> <span class='ocrx_word' id='word_1_284' title='bbox 781 3633 943 3693; x_wconf 90' lang='lat' dir='ltr'><strong>atque</strong></span> <span class='ocrx_word' id='word_1_285' title='bbox 968 3626 1234 3698; x_wconf 82' lang='lat' dir='ltr'><strong>imagines</strong></span> <span class='ocrx_word' id='word_1_286' title='bbox 1256 3645 1437 3684; x_wconf 91' lang='lat' dir='ltr'><strong>rerum</strong></span> <span class='ocrx_word' id='word_1_287' title='bbox 1465 3632 1781 3689; x_wconf 77' lang='lat' dir='ltr'><strong>visibilium.</strong></span> 
     </span>
    </p>
   </div>
   <div class='ocr_carea' id='block_1_41' title="bbox 211 3702 1784 3795">
    <p class='ocr_par' dir='ltr' id='par_1_41' title="bbox 211 3702 1784 3795">
     <span class='ocr_line' id='line_1_41' title="bbox 211 3702 1784 3795; baseline 0.012 -34"><span class='ocrx_word' id='word_1_288' title='bbox 211 3702 298 3762; x_wconf 79' lang='lat' dir='ltr'><strong>Illa</strong></span> <span class='ocrx_word' id='word_1_289' title='bbox 327 3726 457 3778; x_wconf 78' lang='lat' dir='ltr'><strong>qua</strong></span> <span class='ocrx_word' id='word_1_290' title='bbox 496 3721 624 3767; x_wconf 89' lang='lat' dir='ltr'><strong>sunt</strong></span> <span class='ocrx_word' id='word_1_291' title='bbox 664 3713 954 3770; x_wconf 86' lang='lat' dir='ltr'><strong>invisibilia</strong></span> <span class='ocrx_word' id='word_1_292' title='bbox 995 3727 1049 3771; x_wconf 92' lang='lat' dir='ltr'><strong>et</strong></span> <span class='ocrx_word' id='word_1_293' title='bbox 1097 3719 1418 3791; x_wconf 88' lang='lat' dir='ltr'><strong>incorporea</strong></span> <span class='ocrx_word' id='word_1_294' title='bbox 1451 3725 1784 3795; x_wconf 84' lang='lat' dir='ltr'><strong>contempla-</strong></span> 
     </span>
    </p>
   </div>
   <div class='ocr_carea' id='block_1_42' title="bbox 212 3803 1783 3889">
    <p class='ocr_par' dir='ltr' id='par_1_42' title="bbox 212 3803 1783 3889">
     <span class='ocr_line' id='line_1_42' title="bbox 212 3803 1783 3889; baseline 0.013 -37"><span class='ocrx_word' id='word_1_295' title='bbox 212 3805 331 3868; x_wconf 78' lang='lat' dir='ltr'><strong>tur;</strong></span> <span class='ocrx_word' id='word_1_296' title='bbox 361 3813 421 3858; x_wconf 89' lang='lat' dir='ltr'><strong>et</strong></span> <span class='ocrx_word' id='word_1_297' title='bbox 469 3803 573 3886; x_wconf 80' lang='lat' dir='ltr'><strong>hoc</strong></span> <span class='ocrx_word' id='word_1_298' title='bbox 618 3811 702 3859; x_wconf 88' lang='lat' dir='ltr'><strong>est</strong></span> <span class='ocrx_word' id='word_1_299' title='bbox 746 3808 1057 3878; x_wconf 82' lang='lat' dir='ltr'><strong>prospicere</strong></span> <span class='ocrx_word' id='word_1_300' title='bbox 1101 3812 1168 3866; x_wconf 90' lang='lat' dir='ltr'><strong>ad</strong></span> <span class='ocrx_word' id='word_1_301' title='bbox 1204 3827 1324 3868; x_wconf 88' lang='lat' dir='ltr'><strong>eam</strong></span> <span class='ocrx_word' id='word_1_302' title='bbox 1378 3831 1639 3885; x_wconf 83' lang='lat' dir='ltr'><strong>sponsum</strong></span> <span class='ocrx_word' id='word_1_303' title='bbox 1686 3834 1783 3889; x_wconf 91' lang='lat' dir='ltr'><strong>per</strong></span> 
     </span>
    </p>
   </div>
   <div class='ocr_carea' id='block_1_43' title="bbox 213 3893 752 3953">
    <p class='ocr_par' dir='ltr' id='par_1_43' title="bbox 213 3893 752 3953">
     <span class='ocr_line' id='line_1_43' title="bbox 213 3893 752 3953; baseline 0.015 -8"><span class='ocrx_word' id='word_1_304' title='bbox 213 3894 341 3949; x_wconf 83' lang='lat' dir='ltr'><strong>retia</strong></span> <span class='ocrx_word' id='word_1_305' title='bbox 364 3893 752 3953; x_wconf 89' lang='lat' dir='ltr'><strong>fenestrarum.</strong></span> 
     </span>
    </p>
   </div>
   <div class='ocr_carea' id='block_1_44' title="bbox 283 3982 1778 4068">
    <p class='ocr_par' dir='ltr' id='par_1_44' title="bbox 283 3982 1778 4068">
     <span class='ocr_line' id='line_1_44' title="bbox 283 3982 1778 4068; baseline 0.012 -30"><span class='ocrx_word' id='word_1_306' title='bbox 283 3982 343 4038; x_wconf 75' lang='lat' dir='ltr'><strong>Si</strong></span> <span class='ocrx_word' id='word_1_307' title='bbox 385 4001 517 4041; x_wconf 88' lang='lat' dir='ltr'><strong>vero</strong></span> <span class='ocrx_word' id='word_1_308' title='bbox 544 3987 610 4041; x_wconf 89' lang='lat' dir='ltr'><strong>de</strong></span> <span class='ocrx_word' id='word_1_309' title='bbox 634 3986 852 4045; x_wconf 86' lang='lat' dir='ltr'><strong>Christo</strong></span> <span class='ocrx_word' id='word_1_310' title='bbox 887 3991 1004 4047; x_wconf 82' lang='lat' dir='ltr'><strong>haec</strong></span> <span class='ocrx_word' id='word_1_311' title='bbox 1045 4002 1109 4047; x_wconf 85' lang='lat' dir='ltr'><strong>et.</strong></span> <span class='ocrx_word' id='word_1_312' title='bbox 1140 3993 1380 4052; x_wconf 80' lang='lat' dir='ltr'><strong>Ecclesia</strong></span> <span class='ocrx_word' id='word_1_313' title='bbox 1409 4012 1778 4068; x_wconf 76' lang='lat' dir='ltr'><strong>exponamus,</strong></span> 
     </span>
    </p>
   </div>
   <div class='ocr_carea' id='block_1_45' title="bbox 219 4070 1783 4155">
    <p class='ocr_par' dir='ltr' id='par_1_45' title="bbox 219 4070 1783 4155">
     <span class='ocr_line' id='line_1_45' title="bbox 219 4070 1783 4155; baseline 0.011 -29"><span class='ocrx_word' id='word_1_314' title='bbox 219 4070 411 4131; x_wconf 84' lang='lat' dir='ltr'><strong>demus</strong></span> <span class='ocrx_word' id='word_1_315' title='bbox 458 4077 512 4130; x_wconf 90' lang='lat' dir='ltr'><strong>in</strong></span> <span class='ocrx_word' id='word_1_316' title='bbox 566 4094 672 4146; x_wconf 87' lang='lat' dir='ltr'><strong>qua</strong></span> <span class='ocrx_word' id='word_1_317' title='bbox 708 4079 984 4135; x_wconf 88' lang='lat' dir='ltr'><strong>habitabat</strong></span> <span class='ocrx_word' id='word_1_318' title='bbox 1018 4080 1282 4148; x_wconf 81' lang='lat' dir='ltr'><strong>Ecclesia,</strong></span> <span class='ocrx_word' id='word_1_319' title='bbox 1331 4084 1626 4155; x_wconf 88' lang='lat' dir='ltr'><strong>Scriptura</strong></span> <span class='ocrx_word' id='word_1_320' title='bbox 1654 4098 1783 4143; x_wconf 89' lang='lat' dir='ltr'><strong>sunt</strong></span> 
     </span>
    </p>
   </div>
   <div class='ocr_carea' id='block_1_46' title="bbox 220 4162 1781 4250">
    <p class='ocr_par' dir='ltr' id='par_1_46' title="bbox 220 4162 1781 4250">
     <span class='ocr_line' id='line_1_46' title="bbox 220 4162 1781 4250; baseline 0.012 -34"><span class='ocrx_word' id='word_1_321' title='bbox 220 4162 346 4234; x_wconf 80' lang='lat' dir='ltr'><strong>legis</strong></span> <span class='ocrx_word' id='word_1_322' title='bbox 372 4176 429 4221; x_wconf 90' lang='lat' dir='ltr'><strong>et</strong></span> <span class='ocrx_word' id='word_1_323' title='bbox 461 4169 866 4239; x_wconf 91' lang='lat' dir='ltr'><strong>prophetarum.</strong></span> <span class='ocrx_word' id='word_1_324' title='bbox 900 4170 975 4225; x_wconf 91' lang='lat' dir='ltr'><strong>lbi</strong></span> <span class='ocrx_word' id='word_1_325' title='bbox 1006 4175 1148 4227; x_wconf 91' lang='lat' dir='ltr'><strong>enim</strong></span> <span class='ocrx_word' id='word_1_326' title='bbox 1198 4183 1251 4229; x_wconf 93' lang='lat' dir='ltr'><strong>et</strong></span> <span class='ocrx_word' id='word_1_327' title='bbox 1288 4176 1598 4231; x_wconf 91' lang='lat' dir='ltr'><strong>cubiculum</strong></span> <span class='ocrx_word' id='word_1_328' title='bbox 1637 4181 1781 4250; x_wconf 75' lang='lat' dir='ltr'><strong>regis</strong></span> 
     </span>
    </p>
   </div>
   <div class='ocr_carea' id='block_1_47' title="bbox 222 4259 1775 4338">
    <p class='ocr_par' dir='ltr' id='par_1_47' title="bbox 222 4259 1775 4338">
     <span class='ocr_line' id='line_1_47' title="bbox 222 4259 1775 4338; baseline 0.01 -30"><span class='ocrx_word' id='word_1_329' title='bbox 222 4265 297 4310; x_wconf 89' lang='lat' dir='ltr'><strong>est</strong></span> <span class='ocrx_word' id='word_1_330' title='bbox 320 4259 574 4314; x_wconf 91' lang='lat' dir='ltr'><strong>omnibus</strong></span> <span class='ocrx_word' id='word_1_331' title='bbox 599 4260 801 4316; x_wconf 81' lang='lat' dir='ltr'><strong>divitiis</strong></span> <span class='ocrx_word' id='word_1_332' title='bbox 832 4261 1073 4318; x_wconf 82' lang='lat' dir='ltr'><strong>scientia</strong></span> <span class='ocrx_word' id='word_1_333' title='bbox 1095 4280 1157 4319; x_wconf 91' lang='lat' dir='ltr'><strong>ac</strong></span> <span class='ocrx_word' id='word_1_334' title='bbox 1182 4266 1461 4335; x_wconf 85' lang='lat' dir='ltr'><strong>sapientia</strong></span> <span class='ocrx_word' id='word_1_335' title='bbox 1490 4268 1775 4338; x_wconf 91' lang='lat' dir='ltr'><strong>repletum.</strong></span> 
     </span>
    </p>
   </div>
   <div class='ocr_carea' id='block_1_48' title="bbox 1907 445 3472 515">
    <p class='ocr_par' dir='ltr' id='par_1_48' title="bbox 1907 445 3472 515">
     <span class='ocr_line' id='line_1_48' title="bbox 1907 445 3472 515; baseline -0.006 -12"><span class='ocrx_word' id='word_1_336' title='bbox 1907 448 2181 504; x_wconf 88' lang='lat' dir='ltr'><strong>stamenti.</strong></span> <span class='ocrx_word' id='word_1_337' title='bbox 2221 445 2381 501; x_wconf 87' lang='lat' dir='ltr'><strong>Stetit</strong></span> <span class='ocrx_word' id='word_1_338' title='bbox 2405 446 2550 500; x_wconf 91' lang='lat' dir='ltr'><strong>enim</strong></span> <span class='ocrx_word' id='word_1_339' title='bbox 2589 452 2717 515; x_wconf 91' lang='lat' dir='ltr'><strong>post</strong></span> <span class='ocrx_word' id='word_1_340' title='bbox 2743 445 3025 515; x_wconf 88' lang='lat' dir='ltr'><strong>parietem,</strong></span> <span class='ocrx_word' id='word_1_341' title='bbox 3055 460 3179 500; x_wconf 90' lang='lat' dir='ltr'><strong>cum</strong></span> <span class='ocrx_word' id='word_1_342' title='bbox 3210 461 3319 500; x_wconf 93' lang='lat' dir='ltr'><strong>non</strong></span> <span class='ocrx_word' id='word_1_343' title='bbox 3351 461 3472 500; x_wconf 67' lang='lat' dir='ltr'><strong>ma.</strong></span> 
     </span>
    </p>
   </div>
   <div class='ocr_carea' id='block_1_49' title="bbox 1905 534 3470 607">
    <p class='ocr_par' dir='ltr' id='par_1_49' title="bbox 1905 534 3470 607">
     <span class='ocr_line' id='line_1_49' title="bbox 1905 534 3470 607; baseline -0.001 -14"><span class='ocrx_word' id='word_1_344' title='bbox 1905 538 2255 593; x_wconf 90' lang='lat' dir='ltr'><strong>nifestaretur</strong></span> <span class='ocrx_word' id='word_1_345' title='bbox 2287 536 2354 592; x_wconf 90' lang='lat' dir='ltr'><strong>ad</strong></span> <span class='ocrx_word' id='word_1_346' title='bbox 2393 537 2651 607; x_wconf 88' lang='lat' dir='ltr'><strong>populum</strong></span> <span class='ocrx_word' id='word_1_347' title='bbox 2680 554 2692 589; x_wconf 93' lang='lat'>:</span> <span class='ocrx_word' id='word_1_348' title='bbox 2732 534 2825 590; x_wconf 88' lang='lat' dir='ltr'><strong>ubi</strong></span> <span class='ocrx_word' id='word_1_349' title='bbox 2871 549 3003 589; x_wconf 91' lang='lat' dir='ltr'><strong>vero</strong></span> <span class='ocrx_word' id='word_1_350' title='bbox 3034 534 3208 590; x_wconf 87' lang='lat' dir='ltr'><strong>adfuit</strong></span> <span class='ocrx_word' id='word_1_351' title='bbox 3233 544 3470 604; x_wconf 89' lang='lat' dir='ltr'><strong>tempus,</strong></span> 
     </span>
    </p>
   </div>
   <div class='ocr_carea' id='block_1_50' title="bbox 1903 626 3469 698">
    <p class='ocr_par' dir='ltr' id='par_1_50' title="bbox 1903 626 3469 698">
     <span class='ocr_line' id='line_1_50' title="bbox 1903 626 3469 698; baseline -0.001 -14"><span class='ocrx_word' id='word_1_352' title='bbox 1903 637 1957 684; x_wconf 92' lang='lat' dir='ltr'><strong>et</strong></span> <span class='ocrx_word' id='word_1_353' title='bbox 1978 629 2141 698; x_wconf 67' lang='lat' dir='ltr'><strong>capit</strong></span> <span class='ocrx_word' id='word_1_354' title='bbox 2166 644 2262 698; x_wconf 83' lang='lat' dir='ltr'><strong>per</strong></span> <span class='ocrx_word' id='word_1_355' title='bbox 2284 626 2552 683; x_wconf 87' lang='lat' dir='ltr'><strong>fenestras</strong></span> <span class='ocrx_word' id='word_1_356' title='bbox 2577 626 2709 696; x_wconf 86' lang='lat' dir='ltr'><strong>legis</strong></span> <span class='ocrx_word' id='word_1_357' title='bbox 2751 641 2816 680; x_wconf 88' lang='lat' dir='ltr'><strong>ac</strong></span> <span class='ocrx_word' id='word_1_358' title='bbox 2838 626 3247 696; x_wconf 88' lang='lat' dir='ltr'><strong>prophetarum,</strong></span> <span class='ocrx_word' id='word_1_359' title='bbox 3280 642 3377 697; x_wconf 85' lang='lat' dir='ltr'><strong>per</strong></span> <span class='ocrx_word' id='word_1_360' title='bbox 3404 642 3469 682; x_wconf 91' lang='lat' dir='ltr'><strong>ca</strong></span> 
     </span>
    </p>
   </div>
   <div class='ocr_carea' id='block_1_51' title="bbox 1902 717 3474 789">
    <p class='ocr_par' dir='ltr' id='par_1_51' title="bbox 1902 717 3474 789">
     <span class='ocr_line' id='line_1_51' title="bbox 1902 717 3474 789; baseline 0.001 -15"><span class='ocrx_word' id='word_1_361' title='bbox 1902 720 2108 775; x_wconf 88' lang='lat' dir='ltr'><strong>scilicet</strong></span> <span class='ocrx_word' id='word_1_362' title='bbox 2134 735 2257 789; x_wconf 81' lang='lat' dir='ltr'><strong>qua</strong></span> <span class='ocrx_word' id='word_1_363' title='bbox 2293 719 2361 774; x_wconf 94' lang='lat' dir='ltr'><strong>de</strong></span> <span class='ocrx_word' id='word_1_364' title='bbox 2401 733 2468 773; x_wconf 92' lang='lat' dir='ltr'><strong>eo</strong></span> <span class='ocrx_word' id='word_1_365' title='bbox 2509 719 2799 788; x_wconf 80' lang='lat' dir='ltr'><strong>pradicata</strong></span> <span class='ocrx_word' id='word_1_366' title='bbox 2833 717 3066 783; x_wconf 84' lang='lat' dir='ltr'><strong>fuerant,</strong></span> <span class='ocrx_word' id='word_1_367' title='bbox 3107 733 3382 787; x_wconf 84' lang='lat' dir='ltr'><strong>apparere,</strong></span> <span class='ocrx_word' id='word_1_368' title='bbox 3418 727 3474 775; x_wconf 81' lang='lat' dir='ltr'><strong>et</strong></span> 
     </span>
    </p>
   </div>
   <div class='ocr_carea' id='block_1_52' title="bbox 1903 807 3473 872">
    <p class='ocr_par' dir='ltr' id='par_1_52' title="bbox 1903 807 3473 872">
     <span class='ocr_line' id='line_1_52' title="bbox 1903 807 3473 872; baseline 0.001 -10"><span class='ocrx_word' id='word_1_369' title='bbox 1903 810 2190 865; x_wconf 84' lang='lat' dir='ltr'><strong>ostendere</strong></span> <span class='ocrx_word' id='word_1_370' title='bbox 2236 823 2294 866; x_wconf 89' lang='lat' dir='ltr'><strong>se</strong></span> <span class='ocrx_word' id='word_1_371' title='bbox 2340 807 2597 865; x_wconf 86' lang='lat' dir='ltr'><strong>Ecclesia</strong></span> <span class='ocrx_word' id='word_1_372' title='bbox 2624 809 2767 865; x_wconf 82' lang='lat' dir='ltr'><strong>intra</strong></span> <span class='ocrx_word' id='word_1_373' title='bbox 2799 809 3045 872; x_wconf 72' lang='lat' dir='ltr'><strong>domum,</strong></span> <span class='ocrx_word' id='word_1_374' title='bbox 3082 809 3187 864; x_wconf 92' lang='lat' dir='ltr'><strong>hoc</strong></span> <span class='ocrx_word' id='word_1_375' title='bbox 3218 816 3303 863; x_wconf 91' lang='lat' dir='ltr'><strong>est</strong></span> <span class='ocrx_word' id='word_1_376' title='bbox 3333 808 3473 863; x_wconf 89' lang='lat' dir='ltr'><strong>intra</strong></span> 
     </span>
    </p>
   </div>
   <div class='ocr_carea' id='block_1_53' title="bbox 1900 899 3475 969">
    <p class='ocr_par' dir='ltr' id='par_1_53' title="bbox 1900 899 3475 969">
     <span class='ocr_line' id='line_1_53' title="bbox 1900 899 3475 969; baseline 0.001 -17"><span class='ocrx_word' id='word_1_377' title='bbox 1900 899 2134 955; x_wconf 89' lang='lat' dir='ltr'><strong>litteram</strong></span> <span class='ocrx_word' id='word_1_378' title='bbox 2165 899 2296 969; x_wconf 87' lang='lat' dir='ltr'><strong>legis</strong></span> <span class='ocrx_word' id='word_1_379' title='bbox 2338 899 2570 965; x_wconf 90' lang='lat' dir='ltr'><strong>sedenti,</strong></span> <span class='ocrx_word' id='word_1_380' title='bbox 2602 908 2871 969; x_wconf 30' lang='lat' dir='ltr'><strong>provocati</strong></span> <span class='ocrx_word' id='word_1_381' title='bbox 2898 915 3019 954; x_wconf 90' lang='lat' dir='ltr'><strong>eam</strong></span> <span class='ocrx_word' id='word_1_382' title='bbox 3068 899 3194 955; x_wconf 87' lang='lat' dir='ltr'><strong>inde</strong></span> <span class='ocrx_word' id='word_1_383' title='bbox 3222 901 3392 966; x_wconf 74' lang='lat' dir='ltr'><strong>exire,</strong></span> <span class='ocrx_word' id='word_1_384' title='bbox 3419 908 3475 954; x_wconf 88' lang='lat' dir='ltr'><strong>et</strong></span> 
     </span>
    </p>
   </div>
   <div class='ocr_carea' id='block_1_54' title="bbox 1904 989 3478 1060">
    <p class='ocr_par' dir='ltr' id='par_1_54' title="bbox 1904 989 3478 1060">
     <span class='ocr_line' id='line_1_54' title="bbox 1904 989 3478 1060; baseline 0 -15"><span class='ocrx_word' id='word_1_385' title='bbox 1904 991 2084 1045; x_wconf 88' lang='lat' dir='ltr'><strong>venire</strong></span> <span class='ocrx_word' id='word_1_386' title='bbox 2115 989 2264 1046; x_wconf 87' lang='lat' dir='ltr'><strong>foras</strong></span> <span class='ocrx_word' id='word_1_387' title='bbox 2303 990 2370 1045; x_wconf 90' lang='lat' dir='ltr'><strong>ad</strong></span> <span class='ocrx_word' id='word_1_388' title='bbox 2413 1005 2492 1046; x_wconf 87' lang='lat' dir='ltr'><strong>se.</strong></span> <span class='ocrx_word' id='word_1_389' title='bbox 2524 990 2638 1048; x_wconf 86' lang='lat' dir='ltr'><strong>Nisi</strong></span> <span class='ocrx_word' id='word_1_390' title='bbox 2670 992 2815 1047; x_wconf 88' lang='lat' dir='ltr'><strong>enim</strong></span> <span class='ocrx_word' id='word_1_391' title='bbox 2850 1000 3028 1057; x_wconf 69' lang='lat' dir='ltr'><strong>exeat,</strong></span> <span class='ocrx_word' id='word_1_392' title='bbox 3056 991 3478 1060; x_wconf 54' lang='lat' dir='ltr'><strong>nisiprocedat,</strong></span> 
     </span>
    </p>
   </div>
   <div class='ocr_carea' id='block_1_55' title="bbox 1902 1083 3476 1153">
    <p class='ocr_par' dir='ltr' id='par_1_55' title="bbox 1902 1083 3476 1153">
     <span class='ocr_line' id='line_1_55' title="bbox 1902 1083 3476 1153; baseline 0.001 -18"><span class='ocrx_word' id='word_1_393' title='bbox 1902 1091 1954 1135; x_wconf 92' lang='lat' dir='ltr'><strong>et</strong></span> <span class='ocrx_word' id='word_1_394' title='bbox 2000 1083 2382 1152; x_wconf 88' lang='lat' dir='ltr'><strong>progrediatur</strong></span> <span class='ocrx_word' id='word_1_395' title='bbox 2424 1099 2459 1139; x_wconf 89' lang='lat' dir='ltr'><strong>a</strong></span> <span class='ocrx_word' id='word_1_396' title='bbox 2501 1084 2676 1139; x_wconf 89' lang='lat' dir='ltr'><strong>littera</strong></span> <span class='ocrx_word' id='word_1_397' title='bbox 2724 1083 2792 1138; x_wconf 88' lang='lat' dir='ltr'><strong>ad</strong></span> <span class='ocrx_word' id='word_1_398' title='bbox 2836 1083 3109 1153; x_wconf 87' lang='lat' dir='ltr'><strong>spiritum,</strong></span> <span class='ocrx_word' id='word_1_399' title='bbox 3146 1096 3253 1136; x_wconf 90' lang='lat' dir='ltr'><strong>non</strong></span> <span class='ocrx_word' id='word_1_400' title='bbox 3296 1091 3476 1152; x_wconf 82' lang='lat' dir='ltr'><strong>potest</strong></span> 
     </span>
    </p>
   </div>
   <div class='ocr_carea' id='block_1_56' title="bbox 1902 1172 3481 1246">
    <p class='ocr_par' dir='ltr' id='par_1_56' title="bbox 1902 1172 3481 1246">
     <span class='ocr_line' id='line_1_56' title="bbox 1902 1172 3481 1246; baseline 0 -19"><span class='ocrx_word' id='word_1_401' title='bbox 1902 1188 2104 1242; x_wconf 89' lang='lat' dir='ltr'><strong>sponso</strong></span> <span class='ocrx_word' id='word_1_402' title='bbox 2130 1188 2231 1229; x_wconf 90' lang='lat' dir='ltr'><strong>suo</strong></span> <span class='ocrx_word' id='word_1_403' title='bbox 2263 1175 2540 1246; x_wconf 87' lang='lat' dir='ltr'><strong>conjungi,</strong></span> <span class='ocrx_word' id='word_1_404' title='bbox 2581 1190 2756 1244; x_wconf 89' lang='lat' dir='ltr'><strong>neque</strong></span> <span class='ocrx_word' id='word_1_405' title='bbox 2790 1173 3010 1229; x_wconf 88' lang='lat' dir='ltr'><strong>Christo</strong></span> <span class='ocrx_word' id='word_1_406' title='bbox 3054 1173 3270 1228; x_wconf 86' lang='lat' dir='ltr'><strong>sociari.</strong></span> <span class='ocrx_word' id='word_1_407' title='bbox 3304 1172 3481 1228; x_wconf 83' lang='lat' dir='ltr'><strong>Vocat</strong></span> 
     </span>
    </p>
   </div>
   <div class='ocr_carea' id='block_1_57' title="bbox 1900 1262 3472 1332">
    <p class='ocr_par' dir='ltr' id='par_1_57' title="bbox 1900 1262 3472 1332">
     <span class='ocr_line' id='line_1_57' title="bbox 1900 1262 3472 1332; baseline -0.001 -14"><span class='ocrx_word' id='word_1_408' title='bbox 1900 1278 2029 1332; x_wconf 90' lang='lat' dir='ltr'><strong>ergo</strong></span> <span class='ocrx_word' id='word_1_409' title='bbox 2069 1278 2214 1328; x_wconf 88' lang='lat' dir='ltr'><strong>eam,</strong></span> <span class='ocrx_word' id='word_1_410' title='bbox 2261 1272 2314 1319; x_wconf 91' lang='lat' dir='ltr'><strong>et</strong></span> <span class='ocrx_word' id='word_1_411' title='bbox 2363 1265 2554 1319; x_wconf 85' lang='lat' dir='ltr'><strong>invitat</strong></span> <span class='ocrx_word' id='word_1_412' title='bbox 2586 1280 2631 1319; x_wconf 89' lang='lat' dir='ltr'><strong>a.</strong></span> <span class='ocrx_word' id='word_1_413' title='bbox 2663 1265 2975 1318; x_wconf 90' lang='lat' dir='ltr'><strong>carnalibus</strong></span> <span class='ocrx_word' id='word_1_414' title='bbox 3019 1264 3085 1317; x_wconf 85' lang='lat' dir='ltr'><strong>ad</strong></span> <span class='ocrx_word' id='word_1_415' title='bbox 3132 1262 3413 1332; x_wconf 87' lang='lat' dir='ltr'><strong>spiritalia,</strong></span> <span class='ocrx_word' id='word_1_416' title='bbox 3440 1279 3472 1317; x_wconf 91' lang='lat' dir='ltr'><strong>a</strong></span> 
     </span>
    </p>
   </div>
   <div class='ocr_carea' id='block_1_58' title="bbox 1902 1354 3474 1427">
    <p class='ocr_par' dir='ltr' id='par_1_58' title="bbox 1902 1354 3474 1427">
     <span class='ocr_line' id='line_1_58' title="bbox 1902 1354 3474 1427; baseline 0.004 -23"><span class='ocrx_word' id='word_1_417' title='bbox 1902 1354 2212 1410; x_wconf 81' lang='lat' dir='ltr'><strong>visibilibus</strong></span> <span class='ocrx_word' id='word_1_418' title='bbox 2229 1355 2294 1410; x_wconf 89' lang='lat' dir='ltr'><strong>ad</strong></span> <span class='ocrx_word' id='word_1_419' title='bbox 2319 1355 2632 1419; x_wconf 87' lang='lat' dir='ltr'><strong>invisibilia,</strong></span> <span class='ocrx_word' id='word_1_420' title='bbox 2664 1371 2693 1409; x_wconf 91' lang='lat' dir='ltr'><strong>a</strong></span> <span class='ocrx_word' id='word_1_421' title='bbox 2721 1356 2833 1424; x_wconf 85' lang='lat' dir='ltr'><strong>lege</strong></span> <span class='ocrx_word' id='word_1_422' title='bbox 2862 1355 3042 1411; x_wconf 83' lang='lat' dir='ltr'><strong>venire</strong></span> <span class='ocrx_word' id='word_1_423' title='bbox 3063 1356 3130 1409; x_wconf 90' lang='lat' dir='ltr'><strong>ad</strong></span> <span class='ocrx_word' id='word_1_424' title='bbox 3158 1354 3474 1427; x_wconf 84' lang='lat' dir='ltr'><strong>Evangelia.</strong></span> 
     </span>
    </p>
   </div>
   <div class='ocr_carea' id='block_1_59' title="bbox 1898 1443 3471 1516">
    <p class='ocr_par' dir='ltr' id='par_1_59' title="bbox 1898 1443 3471 1516">
     <span class='ocr_line' id='line_1_59' title="bbox 1898 1443 3471 1516; baseline 0 -18"><span class='ocrx_word' id='word_1_425' title='bbox 1898 1443 1966 1499; x_wconf 87' lang='lat' dir='ltr'><strong>Et</strong></span> <span class='ocrx_word' id='word_1_426' title='bbox 2010 1445 2132 1501; x_wconf 89' lang='lat' dir='ltr'><strong>ideo</strong></span> <span class='ocrx_word' id='word_1_427' title='bbox 2173 1445 2308 1500; x_wconf 91' lang='lat' dir='ltr'><strong>dicit</strong></span> <span class='ocrx_word' id='word_1_428' title='bbox 2340 1446 2389 1501; x_wconf 93' lang='lat' dir='ltr'><strong>ei</strong></span> <span class='ocrx_word' id='word_1_429' title='bbox 2425 1465 2436 1500; x_wconf 96' lang='lat'>:</span> <span class='ocrx_word' id='word_1_430' title='bbox 2471 1444 2657 1516; x_wconf 85' lang='lat' dir='ltr'><strong>Surge,</strong></span> <span class='ocrx_word' id='word_1_431' title='bbox 2689 1445 2991 1516; x_wconf 66' lang='lat' dir='ltr'><strong>verti..(72),</strong></span> <span class='ocrx_word' id='word_1_432' title='bbox 3042 1445 3281 1514; x_wconf 75' lang='lat' dir='ltr'><strong>proxima</strong></span> <span class='ocrx_word' id='word_1_433' title='bbox 3332 1461 3471 1510; x_wconf 80' lang='lat' dir='ltr'><strong>mea,</strong></span> 
     </span>
    </p>
   </div>
   <div class='ocr_carea' id='block_1_60' title="bbox 1899 1536 3481 1608">
    <p class='ocr_par' dir='ltr' id='par_1_60' title="bbox 1899 1536 3481 1608">
     <span class='ocr_line' id='line_1_60' title="bbox 1899 1536 3481 1608; baseline 0.003 -19"><span class='ocrx_word' id='word_1_434' title='bbox 1899 1536 2131 1605; x_wconf 79' lang='lat' dir='ltr'><strong>formosa</strong></span> <span class='ocrx_word' id='word_1_435' title='bbox 2159 1554 2293 1602; x_wconf 70' lang='lat' dir='ltr'><strong>mea,</strong></span> <span class='ocrx_word' id='word_1_436' title='bbox 2323 1536 2566 1592; x_wconf 85' lang='lat' dir='ltr'><strong>columba</strong></span> <span class='ocrx_word' id='word_1_437' title='bbox 2595 1554 2730 1592; x_wconf 88' lang='lat' dir='ltr'><strong>mea.</strong></span> <span class='ocrx_word' id='word_1_438' title='bbox 2779 1536 2846 1592; x_wconf 86' lang='lat' dir='ltr'><strong>Et</strong></span> <span class='ocrx_word' id='word_1_439' title='bbox 2878 1547 2938 1592; x_wconf 84' lang='lat' dir='ltr'><strong>ut</strong></span> <span class='ocrx_word' id='word_1_440' title='bbox 2980 1536 3163 1608; x_wconf 85' lang='lat' dir='ltr'><strong>aliqua</strong></span> <span class='ocrx_word' id='word_1_441' title='bbox 3209 1538 3372 1593; x_wconf 86' lang='lat' dir='ltr'><strong>etiam</strong></span> <span class='ocrx_word' id='word_1_442' title='bbox 3404 1538 3481 1607; x_wconf 70' lang='lat' dir='ltr'><strong>do</strong></span> 
     </span>
    </p>
   </div>
   <div class='ocr_carea' id='block_1_61' title="bbox 1901 1625 3487 1699">
    <p class='ocr_par' dir='ltr' id='par_1_61' title="bbox 1901 1625 3487 1699">
     <span class='ocr_line' id='line_1_61' title="bbox 1901 1625 3487 1699; baseline 0.004 -19"><span class='ocrx_word' id='word_1_443' title='bbox 1901 1625 1985 1682; x_wconf 91' lang='lat' dir='ltr'><strong>his</strong></span> <span class='ocrx_word' id='word_1_444' title='bbox 2031 1642 2152 1697; x_wconf 84' lang='lat' dir='ltr'><strong>qua</strong></span> <span class='ocrx_word' id='word_1_445' title='bbox 2197 1629 2547 1698; x_wconf 87' lang='lat' dir='ltr'><strong>postmodum</strong></span> <span class='ocrx_word' id='word_1_446' title='bbox 2600 1628 2828 1685; x_wconf 90' lang='lat' dir='ltr'><strong>dicenda</strong></span> <span class='ocrx_word' id='word_1_447' title='bbox 2878 1638 3008 1685; x_wconf 88' lang='lat' dir='ltr'><strong>sunt</strong></span> <span class='ocrx_word' id='word_1_448' title='bbox 3050 1630 3487 1699; x_wconf 62' lang='lat' dir='ltr'><strong>praeveniamus,</strong></span> 
     </span>
    </p>
   </div>
   <div class='ocr_carea' id='block_1_62' title="bbox 1831 1696 3465 1791">
    <p class='ocr_par' dir='ltr' id='par_1_62' title="bbox 1831 1696 3465 1791">
     <span class='ocr_line' id='line_1_62' title="bbox 1831 1696 3465 1791; baseline 0.006 -22"><span class='ocrx_word' id='word_1_449' title='bbox 1831 1696 1871 1751; x_wconf 79' lang='grc' dir='ltr'><strong>Β</strong></span> <span class='ocrx_word' id='word_1_450' title='bbox 1899 1696 2152 1776; x_wconf 85' lang='lat' dir='ltr'><strong>timentes</strong></span> <span class='ocrx_word' id='word_1_451' title='bbox 2184 1696 2407 1777; x_wconf 77' lang='lat' dir='ltr'><strong>sensum</strong></span> <span class='ocrx_word' id='word_1_452' title='bbox 2437 1719 2664 1791; x_wconf 88' lang='lat' dir='ltr'><strong>perdere</strong></span> <span class='ocrx_word' id='word_1_453' title='bbox 2689 1720 2784 1790; x_wconf 90' lang='lat' dir='ltr'><strong>qui</strong></span> <span class='ocrx_word' id='word_1_454' title='bbox 2817 1722 3057 1778; x_wconf 85' lang='lat' dir='ltr'><strong>occurrit</strong></span> <span class='ocrx_word' id='word_1_455' title='bbox 3091 1722 3145 1777; x_wconf 90' lang='lat' dir='ltr'><strong>in</strong></span> <span class='ocrx_word' id='word_1_456' title='bbox 3178 1722 3425 1779; x_wconf 85' lang='lat' dir='ltr'><strong>hocloco</strong></span> <span class='ocrx_word' id='word_1_457' title='bbox 3452 1741 3465 1778; x_wconf 95' lang='lat'>:</span> 
     </span>
    </p>
   </div>
   <div class='ocr_carea' id='block_1_63' title="bbox 1894 1811 3467 1885">
    <p class='ocr_par' dir='ltr' id='par_1_63' title="bbox 1894 1811 3467 1885">
     <span class='ocr_line' id='line_1_63' title="bbox 1894 1811 3467 1885; baseline 0.003 -22"><span class='ocrx_word' id='word_1_458' title='bbox 1894 1819 2181 1880; x_wconf 84' lang='lat' dir='ltr'><strong>prepterea</strong></span> <span class='ocrx_word' id='word_1_459' title='bbox 2212 1811 2463 1868; x_wconf 85' lang='lat' dir='ltr'><strong>fortassis</strong></span> <span class='ocrx_word' id='word_1_460' title='bbox 2494 1821 2548 1868; x_wconf 94' lang='lat' dir='ltr'><strong>et</strong></span> <span class='ocrx_word' id='word_1_461' title='bbox 2577 1813 2707 1869; x_wconf 92' lang='lat' dir='ltr'><strong>illud</strong></span> <span class='ocrx_word' id='word_1_462' title='bbox 2730 1813 2860 1868; x_wconf 90' lang='lat' dir='ltr'><strong>dicit</strong></span> <span class='ocrx_word' id='word_1_463' title='bbox 2888 1813 2955 1869; x_wconf 89' lang='lat' dir='ltr'><strong>ad</strong></span> <span class='ocrx_word' id='word_1_464' title='bbox 2980 1828 3121 1880; x_wconf 91' lang='lat' dir='ltr'><strong>eam,</strong></span> <span class='ocrx_word' id='word_1_465' title='bbox 3152 1814 3280 1885; x_wconf 90' lang='lat' dir='ltr'><strong>quia</strong></span> <span class='ocrx_word' id='word_1_466' title='bbox 3300 1814 3467 1869; x_wconf 89' lang='lat' dir='ltr'><strong>etiam</strong></span> 
     </span>
    </p>
   </div>
   <div class='ocr_carea' id='block_1_64' title="bbox 1895 1901 3470 1976">
    <p class='ocr_par' dir='ltr' id='par_1_64' title="bbox 1895 1901 3470 1976">
     <span class='ocr_line' id='line_1_64' title="bbox 1895 1901 3470 1976; baseline 0.004 -21"><span class='ocrx_word' id='word_1_467' title='bbox 1895 1901 2072 1959; x_wconf 88' lang='lat' dir='ltr'><strong>hiems</strong></span> <span class='ocrx_word' id='word_1_468' title='bbox 2102 1905 2339 1972; x_wconf 88' lang='lat' dir='ltr'><strong>transiit,</strong></span> <span class='ocrx_word' id='word_1_469' title='bbox 2368 1906 2552 1976; x_wconf 89' lang='lat' dir='ltr'><strong>pluvia</strong></span> <span class='ocrx_word' id='word_1_470' title='bbox 2587 1905 2724 1962; x_wconf 90' lang='lat' dir='ltr'><strong>abiit</strong></span> <span class='ocrx_word' id='word_1_471' title='bbox 2767 1905 2930 1961; x_wconf 91' lang='lat' dir='ltr'><strong>simul</strong></span> <span class='ocrx_word' id='word_1_472' title='bbox 2975 1916 3028 1960; x_wconf 90' lang='lat' dir='ltr'><strong>et</strong></span> <span class='ocrx_word' id='word_1_473' title='bbox 3060 1907 3338 1974; x_wconf 74' lang='lat' dir='ltr'><strong>passionis.</strong></span> <span class='ocrx_word' id='word_1_474' title='bbox 3356 1921 3470 1961; x_wconf 83' lang='lat' dir='ltr'><strong>sua</strong></span> 
     </span>
    </p>
   </div>
   <div class='ocr_carea' id='block_1_65' title="bbox 1898 1994 3475 2065">
    <p class='ocr_par' dir='ltr' id='par_1_65' title="bbox 1898 1994 3475 2065">
     <span class='ocr_line' id='line_1_65' title="bbox 1898 1994 3475 2065; baseline 0.003 -21"><span class='ocrx_word' id='word_1_475' title='bbox 1898 1999 2113 2061; x_wconf 90' lang='lat' dir='ltr'><strong>tempus</strong></span> <span class='ocrx_word' id='word_1_476' title='bbox 2141 1994 2407 2059; x_wconf 90' lang='lat' dir='ltr'><strong>indicans,</strong></span> <span class='ocrx_word' id='word_1_477' title='bbox 2433 1996 2580 2065; x_wconf 86' lang='lat' dir='ltr'><strong>quod</strong></span> <span class='ocrx_word' id='word_1_478' title='bbox 2615 2003 2891 2049; x_wconf 89' lang='lat' dir='ltr'><strong>transacta</strong></span> <span class='ocrx_word' id='word_1_479' title='bbox 2930 1995 3127 2059; x_wconf 90' lang='lat' dir='ltr'><strong>hieme,</strong></span> <span class='ocrx_word' id='word_1_480' title='bbox 3162 2004 3217 2049; x_wconf 91' lang='lat' dir='ltr'><strong>et</strong></span> <span class='ocrx_word' id='word_1_481' title='bbox 3246 1995 3475 2065; x_wconf 89' lang='lat' dir='ltr'><strong>dejectis.</strong></span> 
     </span>
    </p>
   </div>
   <div class='ocr_carea' id='block_1_66' title="bbox 1899 2079 3487 2151">
    <p class='ocr_par' dir='ltr' id='par_1_66' title="bbox 1899 2079 3487 2151">
     <span class='ocr_line' id='line_1_66' title="bbox 1899 2079 3487 2151; baseline 0.003 -19"><span class='ocrx_word' id='word_1_482' title='bbox 1899 2079 2167 2135; x_wconf 85' lang='lat' dir='ltr'><strong>imbribus</strong></span> <span class='ocrx_word' id='word_1_483' title='bbox 2218 2083 2333 2151; x_wconf 82' lang='lat' dir='ltr'><strong>ipse</strong></span> <span class='ocrx_word' id='word_1_484' title='bbox 2382 2097 2581 2151; x_wconf 88' lang='lat' dir='ltr'><strong>passus</strong></span> <span class='ocrx_word' id='word_1_485' title='bbox 2611 2090 2738 2137; x_wconf 92' lang='lat' dir='ltr'><strong>est:</strong></span> <span class='ocrx_word' id='word_1_486' title='bbox 2786 2081 2950 2136; x_wconf 80' lang='lat' dir='ltr'><strong>simul</strong></span> <span class='ocrx_word' id='word_1_487' title='bbox 2993 2090 3048 2135; x_wconf 89' lang='lat' dir='ltr'><strong>et</strong></span> <span class='ocrx_word' id='word_1_488' title='bbox 3092 2080 3222 2135; x_wconf 90' lang='lat' dir='ltr'><strong>illud</strong></span> <span class='ocrx_word' id='word_1_489' title='bbox 3255 2096 3487 2150; x_wconf 65' lang='lat' dir='ltr'><strong>quoque:</strong></span> 
     </span>
    </p>
   </div>
   <div class='ocr_carea' id='block_1_67' title="bbox 1897 2173 3482 2245">
    <p class='ocr_par' dir='ltr' id='par_1_67' title="bbox 1897 2173 3482 2245">
     <span class='ocr_line' id='line_1_67' title="bbox 1897 2173 3482 2245; baseline 0.002 -20"><span class='ocrx_word' id='word_1_490' title='bbox 1897 2186 1993 2241; x_wconf 90' lang='lat' dir='ltr'><strong>per</strong></span> <span class='ocrx_word' id='word_1_491' title='bbox 2026 2173 2322 2241; x_wconf 89' lang='lat' dir='ltr'><strong>spiritalem</strong></span> <span class='ocrx_word' id='word_1_492' title='bbox 2349 2173 3091 2245; x_wconf 83' lang='lat' dir='ltr'><strong>designansintelligentiam,</strong></span> <span class='ocrx_word' id='word_1_493' title='bbox 3123 2174 3265 2244; x_wconf 90' lang='lat' dir='ltr'><strong>quod</strong></span> <span class='ocrx_word' id='word_1_494' title='bbox 3298 2187 3482 2242; x_wconf 70' lang='lat' dir='ltr'><strong>usque.</strong></span> 
     </span>
    </p>
   </div>
   <div class='ocr_carea' id='block_1_68' title="bbox 1897 2265 3466 2336">
    <p class='ocr_par' dir='ltr' id='par_1_68' title="bbox 1897 2265 3466 2336">
     <span class='ocr_line' id='line_1_68' title="bbox 1897 2265 3466 2336; baseline 0.001 -17"><span class='ocrx_word' id='word_1_495' title='bbox 1897 2267 1964 2319; x_wconf 91' lang='lat' dir='ltr'><strong>ad</strong></span> <span class='ocrx_word' id='word_1_496' title='bbox 1999 2265 2127 2320; x_wconf 82' lang='lat' dir='ltr'><strong>illud</strong></span> <span class='ocrx_word' id='word_1_497' title='bbox 2174 2275 2388 2335; x_wconf 90' lang='lat' dir='ltr'><strong>tempus</strong></span> <span class='ocrx_word' id='word_1_498' title='bbox 2433 2281 2544 2336; x_wconf 87' lang='lat' dir='ltr'><strong>quo</strong></span> <span class='ocrx_word' id='word_1_499' title='bbox 2592 2266 2861 2322; x_wconf 84' lang='lat' dir='ltr'><strong>Christus-</strong></span> <span class='ocrx_word' id='word_1_500' title='bbox 2892 2281 3086 2336; x_wconf 87' lang='lat' dir='ltr'><strong>passus</strong></span> <span class='ocrx_word' id='word_1_501' title='bbox 3131 2274 3234 2331; x_wconf 87' lang='lat' dir='ltr'><strong>est,</strong></span> <span class='ocrx_word' id='word_1_502' title='bbox 3264 2266 3466 2320; x_wconf 86' lang='lat' dir='ltr'><strong>imbres</strong></span> 
     </span>
    </p>
   </div>
   <div class='ocr_carea' id='block_1_69' title="bbox 1896 2355 3474 2426">
    <p class='ocr_par' dir='ltr' id='par_1_69' title="bbox 1896 2355 3474 2426">
     <span class='ocr_line' id='line_1_69' title="bbox 1896 2355 3474 2426; baseline 0.002 -17"><span class='ocrx_word' id='word_1_503' title='bbox 1896 2355 2118 2411; x_wconf 89' lang='lat' dir='ltr'><strong>fuerunt</strong></span> <span class='ocrx_word' id='word_1_504' title='bbox 2164 2371 2330 2426; x_wconf 89' lang='lat' dir='ltr'><strong>super</strong></span> <span class='ocrx_word' id='word_1_505' title='bbox 2379 2367 2598 2412; x_wconf 88' lang='lat' dir='ltr'><strong>terram.</strong></span> <span class='ocrx_word' id='word_1_506' title='bbox 2652 2357 2942 2413; x_wconf 86' lang='lat' dir='ltr'><strong>Mandabat</strong></span> <span class='ocrx_word' id='word_1_507' title='bbox 2981 2358 3126 2413; x_wconf 90' lang='lat' dir='ltr'><strong>enim</strong></span> <span class='ocrx_word' id='word_1_508' title='bbox 3155 2357 3334 2412; x_wconf 90' lang='lat' dir='ltr'><strong>adhuc</strong></span> <span class='ocrx_word' id='word_1_509' title='bbox 3363 2355 3474 2412; x_wconf 64' lang='lat' dir='ltr'><strong>Do-e</strong></span> 
     </span>
    </p>
   </div>
   <div class='ocr_carea' id='block_1_70' title="bbox 1895 2448 3479 2520">
    <p class='ocr_par' dir='ltr' id='par_1_70' title="bbox 1895 2448 3479 2520">
     <span class='ocr_line' id='line_1_70' title="bbox 1895 2448 3479 2520; baseline 0.003 -18"><span class='ocrx_word' id='word_1_510' title='bbox 1895 2448 2078 2503; x_wconf 93' lang='lat' dir='ltr'><strong>minus</strong></span> <span class='ocrx_word' id='word_1_511' title='bbox 2124 2448 2427 2511; x_wconf 86' lang='lat' dir='ltr'><strong>imbribus,</strong></span> <span class='ocrx_word' id='word_1_512' title='bbox 2485 2449 2692 2505; x_wconf 89' lang='lat' dir='ltr'><strong>scilicet</strong></span> <span class='ocrx_word' id='word_1_513' title='bbox 2744 2450 3060 2520; x_wconf 88' lang='lat' dir='ltr'><strong>prophetis,</strong></span> <span class='ocrx_word' id='word_1_514' title='bbox 3112 2459 3172 2504; x_wconf 91' lang='lat' dir='ltr'><strong>ut</strong></span> <span class='ocrx_word' id='word_1_515' title='bbox 3224 2450 3479 2518; x_wconf 69' lang='lat' dir='ltr'><strong>pluerent</strong></span> 
     </span>
    </p>
   </div>
   <div class='ocr_carea' id='block_1_71' title="bbox 1892 2538 3471 2611">
    <p class='ocr_par' dir='ltr' id='par_1_71' title="bbox 1892 2538 3471 2611">
     <span class='ocr_line' id='line_1_71' title="bbox 1892 2538 3471 2611; baseline 0.003 -18"><span class='ocrx_word' id='word_1_516' title='bbox 1892 2538 2041 2593; x_wconf 91' lang='lat' dir='ltr'><strong>verbi</strong></span> <span class='ocrx_word' id='word_1_517' title='bbox 2087 2540 2324 2608; x_wconf 85' lang='lat' dir='ltr'><strong>pluviam</strong></span> <span class='ocrx_word' id='word_1_518' title='bbox 2367 2554 2532 2609; x_wconf 89' lang='lat' dir='ltr'><strong>super</strong></span> <span class='ocrx_word' id='word_1_519' title='bbox 2573 2548 2794 2595; x_wconf 90' lang='lat' dir='ltr'><strong>terram.</strong></span> <span class='ocrx_word' id='word_1_520' title='bbox 2852 2540 2954 2596; x_wconf 87' lang='lat' dir='ltr'><strong>Sed</strong></span> <span class='ocrx_word' id='word_1_521' title='bbox 3003 2542 3130 2611; x_wconf 89' lang='lat' dir='ltr'><strong>quia</strong></span> <span class='ocrx_word' id='word_1_522' title='bbox 3183 2557 3355 2611; x_wconf 89' lang='lat' dir='ltr'><strong>usque</strong></span> <span class='ocrx_word' id='word_1_523' title='bbox 3401 2543 3471 2597; x_wconf 87' lang='lat' dir='ltr'><strong>ad</strong></span> 
     </span>
    </p>
   </div>
   <div class='ocr_carea' id='block_1_72' title="bbox 1893 2630 3468 2703">
    <p class='ocr_par' dir='ltr' id='par_1_72' title="bbox 1893 2630 3468 2703">
     <span class='ocr_line' id='line_1_72' title="bbox 1893 2630 3468 2703; baseline 0.001 -16"><span class='ocrx_word' id='word_1_524' title='bbox 1893 2630 2160 2687; x_wconf 80' lang='lat' dir='ltr'><strong>Joannem</strong></span> <span class='ocrx_word' id='word_1_525' title='bbox 2216 2631 2514 2702; x_wconf 86' lang='lat' dir='ltr'><strong>Baptistam</strong></span> <span class='ocrx_word' id='word_1_526' title='bbox 2566 2633 2880 2703; x_wconf 87' lang='lat' dir='ltr'><strong>prophetica</strong></span> <span class='ocrx_word' id='word_1_527' title='bbox 2937 2634 3202 2688; x_wconf 83' lang='lat' dir='ltr'><strong>liniuntur</strong></span> <span class='ocrx_word' id='word_1_528' title='bbox 3259 2634 3468 2701; x_wconf 86' lang='lat' dir='ltr'><strong>ollicia,</strong></span> 
     </span>
    </p>
   </div>
   <div class='ocr_carea' id='block_1_73' title="bbox 1893 2723 3475 2780">
    <p class='ocr_par' dir='ltr' id='par_1_73' title="bbox 1893 2723 3475 2780">
     <span class='ocr_line' id='line_1_73' title="bbox 1893 2723 3475 2780; baseline 0.001 -4"><span class='ocrx_word' id='word_1_529' title='bbox 1893 2723 2087 2778; x_wconf 87' lang='lat' dir='ltr'><strong>merito</strong></span> <span class='ocrx_word' id='word_1_530' title='bbox 2117 2723 2321 2777; x_wconf 90' lang='lat' dir='ltr'><strong>imbres</strong></span> <span class='ocrx_word' id='word_1_531' title='bbox 2353 2723 2557 2778; x_wconf 85' lang='lat' dir='ltr'><strong>abiisse</strong></span> <span class='ocrx_word' id='word_1_532' title='bbox 2589 2732 2643 2777; x_wconf 93' lang='lat' dir='ltr'><strong>et</strong></span> <span class='ocrx_word' id='word_1_533' title='bbox 2670 2724 2991 2779; x_wconf 85' lang='lat' dir='ltr'><strong>discessisse</strong></span> <span class='ocrx_word' id='word_1_534' title='bbox 3028 2724 3304 2779; x_wconf 88' lang='lat' dir='ltr'><strong>dicuntur.</strong></span> <span class='ocrx_word' id='word_1_535' title='bbox 3339 2724 3475 2780; x_wconf 57' lang='grc' dir='ltr'><strong>ϐεδε</strong></span> 
     </span>
    </p>
   </div>
   <div class='ocr_carea' id='block_1_74' title="bbox 1892 2814 3465 2884">
    <p class='ocr_par' dir='ltr' id='par_1_74' title="bbox 1892 2814 3465 2884">
     <span class='ocr_line' id='line_1_74' title="bbox 1892 2814 3465 2884; baseline 0.001 -16"><span class='ocrx_word' id='word_1_536' title='bbox 1892 2824 2085 2868; x_wconf 87' lang='lat' dir='ltr'><strong>sarunt</strong></span> <span class='ocrx_word' id='word_1_537' title='bbox 2129 2824 2308 2869; x_wconf 89' lang='lat' dir='ltr'><strong>autem</strong></span> <span class='ocrx_word' id='word_1_538' title='bbox 2357 2814 2656 2884; x_wconf 90' lang='lat' dir='ltr'><strong>prophetici</strong></span> <span class='ocrx_word' id='word_1_539' title='bbox 2705 2815 2907 2871; x_wconf 90' lang='lat' dir='ltr'><strong>imbres</strong></span> <span class='ocrx_word' id='word_1_540' title='bbox 2954 2830 3063 2870; x_wconf 93' lang='lat' dir='ltr'><strong>non</strong></span> <span class='ocrx_word' id='word_1_541' title='bbox 3106 2816 3173 2870; x_wconf 80' lang='lat' dir='ltr'><strong>ad</strong></span> <span class='ocrx_word' id='word_1_542' title='bbox 3205 2816 3465 2871; x_wconf 82' lang='lat' dir='ltr'><strong>damnum</strong></span> 
     </span>
    </p>
   </div>
   <div class='ocr_carea' id='block_1_75' title="bbox 1892 2905 3465 2977">
    <p class='ocr_par' dir='ltr' id='par_1_75' title="bbox 1892 2905 3465 2977">
     <span class='ocr_line' id='line_1_75' title="bbox 1892 2905 3465 2977; baseline 0.001 -17"><span class='ocrx_word' id='word_1_543' title='bbox 1892 2905 2257 2970; x_wconf 87' lang='lat' dir='ltr'><strong>credentium,</strong></span> <span class='ocrx_word' id='word_1_544' title='bbox 2310 2906 2402 2960; x_wconf 89' lang='lat' dir='ltr'><strong>sed</strong></span> <span class='ocrx_word' id='word_1_545' title='bbox 2448 2906 2516 2960; x_wconf 88' lang='lat' dir='ltr'><strong>ad</strong></span> <span class='ocrx_word' id='word_1_546' title='bbox 2566 2906 2775 2977; x_wconf 88' lang='lat' dir='ltr'><strong>majora</strong></span> <span class='ocrx_word' id='word_1_547' title='bbox 2817 2905 3073 2961; x_wconf 83' lang='lat' dir='ltr'><strong>Ecclesia</strong></span> <span class='ocrx_word' id='word_1_548' title='bbox 3119 2907 3291 2961; x_wconf 91' lang='lat' dir='ltr'><strong>lucra.</strong></span> <span class='ocrx_word' id='word_1_549' title='bbox 3323 2906 3465 2974; x_wconf 85' lang='lat' dir='ltr'><strong>Quid</strong></span> 
     </span>
    </p>
   </div>
   <div class='ocr_carea' id='block_1_76' title="bbox 1891 2996 3495 3066">
    <p class='ocr_par' dir='ltr' id='par_1_76' title="bbox 1891 2996 3495 3066">
     <span class='ocr_line' id='line_1_76' title="bbox 1891 2996 3495 3066; baseline 0.002 -15"><span class='ocrx_word' id='word_1_550' title='bbox 1891 2996 2034 3051; x_wconf 88' lang='lat' dir='ltr'><strong>enim</strong></span> <span class='ocrx_word' id='word_1_551' title='bbox 2071 2997 2338 3053; x_wconf 88' lang='lat' dir='ltr'><strong>imbribus</strong></span> <span class='ocrx_word' id='word_1_552' title='bbox 2381 3011 2524 3066; x_wconf 90' lang='lat' dir='ltr'><strong>opus</strong></span> <span class='ocrx_word' id='word_1_553' title='bbox 2565 3006 2671 3065; x_wconf 90' lang='lat' dir='ltr'><strong>est,</strong></span> <span class='ocrx_word' id='word_1_554' title='bbox 2718 2998 2807 3053; x_wconf 91' lang='lat' dir='ltr'><strong>ubi</strong></span> <span class='ocrx_word' id='word_1_555' title='bbox 2851 2996 3051 3053; x_wconf 85' lang='lat' dir='ltr'><strong>ﬂumen</strong></span> <span class='ocrx_word' id='word_1_556' title='bbox 3096 2997 3193 3052; x_wconf 90' lang='lat' dir='ltr'><strong>Dei</strong></span> <span class='ocrx_word' id='word_1_557' title='bbox 3230 2999 3495 3054; x_wconf 74' lang='lat' dir='ltr'><strong>latilicat</strong></span> 
     </span>
    </p>
   </div>
   <div class='ocr_carea' id='block_1_77' title="bbox 1891 3089 3461 3161">
    <p class='ocr_par' dir='ltr' id='par_1_77' title="bbox 1891 3089 3461 3161">
     <span class='ocr_line' id='line_1_77' title="bbox 1891 3089 3461 3161; baseline 0.002 -17"><span class='ocrx_word' id='word_1_558' title='bbox 1891 3089 2201 3144; x_wconf 86' lang='lat' dir='ltr'><strong>civitatem?</strong></span> <span class='ocrx_word' id='word_1_559' title='bbox 2231 3089 2409 3144; x_wconf 84' lang='lat' dir='ltr'><strong>ubiin</strong></span> <span class='ocrx_word' id='word_1_560' title='bbox 2441 3091 2602 3146; x_wconf 90' lang='lat' dir='ltr'><strong>corde</strong></span> <span class='ocrx_word' id='word_1_561' title='bbox 2650 3091 3084 3161; x_wconf 84' lang='lat' dir='ltr'><strong>uniuscujusque</strong></span> <span class='ocrx_word' id='word_1_562' title='bbox 3126 3092 3461 3147; x_wconf 82' lang='lat' dir='ltr'><strong>credentium</strong></span> 
     </span>
    </p>
   </div>
   <div class='ocr_carea' id='block_1_78' title="bbox 1890 3181 3479 3252">
    <p class='ocr_par' dir='ltr' id='par_1_78' title="bbox 1890 3181 3479 3252">
     <span class='ocr_line' id='line_1_78' title="bbox 1890 3181 3479 3252; baseline 0.001 -17"><span class='ocrx_word' id='word_1_563' title='bbox 1890 3181 2015 3237; x_wconf 91' lang='lat' dir='ltr'><strong>fons</strong></span> <span class='ocrx_word' id='word_1_564' title='bbox 2067 3198 2224 3252; x_wconf 84' lang='lat' dir='ltr'><strong>aqua</strong></span> <span class='ocrx_word' id='word_1_565' title='bbox 2269 3183 2402 3237; x_wconf 82' lang='lat' dir='ltr'><strong>viva</strong></span> <span class='ocrx_word' id='word_1_566' title='bbox 2451 3183 2510 3238; x_wconf 81' lang='lat' dir='ltr'><strong>lit</strong></span> <span class='ocrx_word' id='word_1_567' title='bbox 2569 3183 2814 3239; x_wconf 86' lang='lat' dir='ltr'><strong>salientis</strong></span> <span class='ocrx_word' id='word_1_568' title='bbox 2853 3183 2907 3237; x_wconf 93' lang='lat' dir='ltr'><strong>in</strong></span> <span class='ocrx_word' id='word_1_569' title='bbox 2952 3184 3118 3238; x_wconf 73' lang='lat' dir='ltr'><strong>vitam</strong></span> <span class='ocrx_word' id='word_1_570' title='bbox 3169 3186 3479 3239; x_wconf 56' lang='lat' dir='ltr'><strong>aternami</strong></span> 
     </span>
    </p>
   </div>
   <div class='ocr_carea' id='block_1_79' title="bbox 1890 3270 3462 3343">
    <p class='ocr_par' dir='ltr' id='par_1_79' title="bbox 1890 3270 3462 3343">
     <span class='ocr_line' id='line_1_79' title="bbox 1890 3270 3462 3343; baseline 0.001 -18"><span class='ocrx_word' id='word_1_571' title='bbox 1890 3270 2029 3339; x_wconf 85' lang='lat' dir='ltr'><strong>Quid</strong></span> <span class='ocrx_word' id='word_1_572' title='bbox 2061 3288 2199 3341; x_wconf 88' lang='lat' dir='ltr'><strong>opus</strong></span> <span class='ocrx_word' id='word_1_573' title='bbox 2224 3273 2511 3338; x_wconf 89' lang='lat' dir='ltr'><strong>imbribus,</strong></span> <span class='ocrx_word' id='word_1_574' title='bbox 2546 3274 2638 3327; x_wconf 92' lang='lat' dir='ltr'><strong>ubi</strong></span> <span class='ocrx_word' id='word_1_575' title='bbox 2665 3274 2776 3343; x_wconf 89' lang='lat' dir='ltr'><strong>jam</strong></span> <span class='ocrx_word' id='word_1_576' title='bbox 2807 3271 2966 3329; x_wconf 82' lang='lat' dir='ltr'><strong>liores</strong></span> <span class='ocrx_word' id='word_1_577' title='bbox 3008 3283 3375 3343; x_wconf 88' lang='lat' dir='ltr'><strong>apparuerunt</strong></span> <span class='ocrx_word' id='word_1_578' title='bbox 3406 3275 3462 3328; x_wconf 93' lang='lat' dir='ltr'><strong>in</strong></span> 
     </span>
    </p>
   </div>
   <div class='ocr_carea' id='block_1_80' title="bbox 1890 3363 3461 3434">
    <p class='ocr_par' dir='ltr' id='par_1_80' title="bbox 1890 3363 3461 3434">
     <span class='ocr_line' id='line_1_80' title="bbox 1890 3363 3461 3434; baseline -0.001 -15"><span class='ocrx_word' id='word_1_579' title='bbox 1890 3374 2030 3419; x_wconf 88' lang='lat' dir='ltr'><strong>terra</strong></span> <span class='ocrx_word' id='word_1_580' title='bbox 2059 3373 2267 3428; x_wconf 87' lang='lat' dir='ltr'><strong>nostra,</strong></span> <span class='ocrx_word' id='word_1_581' title='bbox 2301 3363 2353 3420; x_wconf 85' lang='lat' dir='ltr'><strong>et</strong></span> <span class='ocrx_word' id='word_1_582' title='bbox 2395 3381 2463 3420; x_wconf 84' lang='lat' dir='ltr'><strong>ex</strong></span> <span class='ocrx_word' id='word_1_583' title='bbox 2502 3366 2739 3420; x_wconf 88' lang='lat' dir='ltr'><strong>adventu</strong></span> <span class='ocrx_word' id='word_1_584' title='bbox 2780 3365 2992 3421; x_wconf 91' lang='lat' dir='ltr'><strong>Domini</strong></span> <span class='ocrx_word' id='word_1_585' title='bbox 3019 3365 3132 3434; x_wconf 89' lang='lat' dir='ltr'><strong>jam</strong></span> <span class='ocrx_word' id='word_1_586' title='bbox 3178 3381 3286 3419; x_wconf 89' lang='lat' dir='ltr'><strong>non</strong></span> <span class='ocrx_word' id='word_1_587' title='bbox 3312 3366 3461 3419; x_wconf 79' lang='lat' dir='ltr'><strong>exci-</strong></span> 
     </span>
    </p>
   </div>
   <div class='ocr_carea' id='block_1_81' title="bbox 1887 3455 3462 3526">
    <p class='ocr_par' dir='ltr' id='par_1_81' title="bbox 1887 3455 3462 3526">
     <span class='ocr_line' id='line_1_81' title="bbox 1887 3455 3462 3526; baseline 0 -16"><span class='ocrx_word' id='word_1_588' title='bbox 1887 3456 2034 3510; x_wconf 86' lang='lat' dir='ltr'><strong>ditur</strong></span> <span class='ocrx_word' id='word_1_589' title='bbox 2071 3455 2335 3523; x_wconf 85' lang='lat' dir='ltr'><strong>liculnea,</strong></span> <span class='ocrx_word' id='word_1_590' title='bbox 2367 3471 2489 3526; x_wconf 86' lang='lat' dir='ltr'><strong>qua</strong></span> <span class='ocrx_word' id='word_1_591' title='bbox 2532 3456 2682 3525; x_wconf 85' lang='lat' dir='ltr'><strong>prius</strong></span> <span class='ocrx_word' id='word_1_592' title='bbox 2732 3471 2841 3510; x_wconf 93' lang='lat' dir='ltr'><strong>non</strong></span> <span class='ocrx_word' id='word_1_593' title='bbox 2894 3456 3161 3512; x_wconf 75' lang='lat' dir='ltr'><strong>attulerat</strong></span> <span class='ocrx_word' id='word_1_594' title='bbox 3191 3456 3462 3512; x_wconf 81' lang='lat' dir='ltr'><strong>fructum?</strong></span> 
     </span>
    </p>
   </div>
   <div class='ocr_carea' id='block_1_82' title="bbox 1887 3546 3460 3619">
    <p class='ocr_par' dir='ltr' id='par_1_82' title="bbox 1887 3546 3460 3619">
     <span class='ocr_line' id='line_1_82' title="bbox 1887 3546 3460 3619; baseline 0.002 -19"><span class='ocrx_word' id='word_1_595' title='bbox 1887 3546 2044 3602; x_wconf 86' lang='lat' dir='ltr'><strong>Nunc</strong></span> <span class='ocrx_word' id='word_1_596' title='bbox 2077 3547 2221 3602; x_wconf 89' lang='lat' dir='ltr'><strong>enim</strong></span> <span class='ocrx_word' id='word_1_597' title='bbox 2268 3546 2380 3617; x_wconf 78' lang='lat' dir='ltr'><strong>jam</strong></span> <span class='ocrx_word' id='word_1_598' title='bbox 2430 3547 2937 3619; x_wconf 58' lang='lat' dir='ltr'><strong>produxitgrossos</strong></span> <span class='ocrx_word' id='word_1_599' title='bbox 2977 3565 3130 3605; x_wconf 92' lang='lat' dir='ltr'><strong>suos.</strong></span> <span class='ocrx_word' id='word_1_600' title='bbox 3167 3549 3270 3604; x_wconf 90' lang='lat' dir='ltr'><strong>Sed</strong></span> <span class='ocrx_word' id='word_1_601' title='bbox 3296 3560 3351 3604; x_wconf 90' lang='lat' dir='ltr'><strong>et</strong></span> <span class='ocrx_word' id='word_1_602' title='bbox 3378 3549 3460 3603; x_wconf 61' lang='lat' dir='ltr'><strong>&quot;is</strong></span> 
     </span>
    </p>
   </div>
   <div class='ocr_carea' id='block_1_83' title="bbox 1886 3638 3461 3711">
    <p class='ocr_par' dir='ltr' id='par_1_83' title="bbox 1886 3638 3461 3711">
     <span class='ocr_line' id='line_1_83' title="bbox 1886 3638 3461 3711; baseline -0.001 -18"><span class='ocrx_word' id='word_1_603' title='bbox 1886 3654 2002 3694; x_wconf 81' lang='lat' dir='ltr'><strong>nea</strong></span> <span class='ocrx_word' id='word_1_604' title='bbox 2030 3638 2298 3694; x_wconf 86' lang='lat' dir='ltr'><strong>dederunt</strong></span> <span class='ocrx_word' id='word_1_605' title='bbox 2335 3642 2558 3695; x_wconf 87' lang='lat' dir='ltr'><strong>odorem</strong></span> <span class='ocrx_word' id='word_1_606' title='bbox 2588 3657 2769 3697; x_wconf 90' lang='lat' dir='ltr'><strong>suum.</strong></span> <span class='ocrx_word' id='word_1_607' title='bbox 2797 3641 2950 3697; x_wconf 87' lang='lat' dir='ltr'><strong>Unde</strong></span> <span class='ocrx_word' id='word_1_608' title='bbox 2977 3650 3031 3696; x_wconf 89' lang='lat' dir='ltr'><strong>et</strong></span> <span class='ocrx_word' id='word_1_609' title='bbox 3059 3656 3201 3697; x_wconf 88' lang='lat' dir='ltr'><strong>unus</strong></span> <span class='ocrx_word' id='word_1_610' title='bbox 3235 3642 3461 3711; x_wconf 88' lang='lat' dir='ltr'><strong>quidam</strong></span> 
     </span>
    </p>
   </div>
   <div class='ocr_carea' id='block_1_84' title="bbox 1883 3732 3460 3799">
    <p class='ocr_par' dir='ltr' id='par_1_84' title="bbox 1883 3732 3460 3799">
     <span class='ocr_line' id='line_1_84' title="bbox 1883 3732 3460 3799; baseline 0 -13"><span class='ocrx_word' id='word_1_611' title='bbox 1883 3748 1949 3786; x_wconf 86' lang='lat' dir='ltr'><strong>ex</strong></span> <span class='ocrx_word' id='word_1_612' title='bbox 1978 3732 2080 3788; x_wconf 90' lang='lat' dir='ltr'><strong>ista</strong></span> <span class='ocrx_word' id='word_1_613' title='bbox 2111 3733 2269 3788; x_wconf 87' lang='lat' dir='ltr'><strong>vinea</strong></span> <span class='ocrx_word' id='word_1_614' title='bbox 2311 3734 2522 3789; x_wconf 86' lang='lat' dir='ltr'><strong>diccbat</strong></span> <span class='ocrx_word' id='word_1_615' title='bbox 2549 3751 2563 3786; x_wconf 91' lang='lat'><strong>:</strong></span> <span class='ocrx_word' id='word_1_616' title='bbox 2593 3734 2733 3799; x_wconf 84' lang='lat' dir='ltr'><strong>Quia</strong></span> <span class='ocrx_word' id='word_1_617' title='bbox 2766 3734 2965 3789; x_wconf 82' lang='lat' dir='ltr'><strong>Christi</strong></span> <span class='ocrx_word' id='word_1_618' title='bbox 2996 3735 3160 3788; x_wconf 82' lang='lat' dir='ltr'><strong>bonus</strong></span> <span class='ocrx_word' id='word_1_619' title='bbox 3207 3733 3338 3787; x_wconf 87' lang='lat' dir='ltr'><strong>odor</strong></span> <span class='ocrx_word' id='word_1_620' title='bbox 3367 3750 3460 3787; x_wconf 83' lang='lat' dir='ltr'><strong>su-</strong></span> 
     </span>
    </p>
   </div>
   <div class='ocr_carea' id='block_1_85' title="bbox 1884 3822 3456 3893">
    <p class='ocr_par' dir='ltr' id='par_1_85' title="bbox 1884 3822 3456 3893">
     <span class='ocr_line' id='line_1_85' title="bbox 1884 3822 3456 3893; baseline 0.001 -17"><span class='ocrx_word' id='word_1_621' title='bbox 1884 3839 1999 3877; x_wconf 86' lang='lat' dir='ltr'><strong>mus</strong></span> <span class='ocrx_word' id='word_1_622' title='bbox 2035 3822 2141 3876; x_wconf 90' lang='lat' dir='ltr'><strong>Deo</strong></span> <span class='ocrx_word' id='word_1_623' title='bbox 2170 3825 2225 3877; x_wconf 89' lang='lat' dir='ltr'><strong>in</strong></span> <span class='ocrx_word' id='word_1_624' title='bbox 2250 3825 2392 3877; x_wconf 81' lang='lat' dir='ltr'><strong>muni</strong></span> <span class='ocrx_word' id='word_1_625' title='bbox 2419 3822 2531 3877; x_wconf 88' lang='lat' dir='ltr'><strong>loco</strong></span> <span class='ocrx_word' id='word_1_626' title='bbox 2555 3825 2609 3878; x_wconf 91' lang='lat' dir='ltr'><strong>in</strong></span> <span class='ocrx_word' id='word_1_627' title='bbox 2639 3825 2719 3878; x_wconf 89' lang='lat' dir='ltr'><strong>his</strong></span> <span class='ocrx_word' id='word_1_628' title='bbox 2754 3825 2844 3893; x_wconf 87' lang='lat' dir='ltr'><strong>qui</strong></span> <span class='ocrx_word' id='word_1_629' title='bbox 2881 3823 3014 3877; x_wconf 84' lang='lat' dir='ltr'><strong>salvi</strong></span> <span class='ocrx_word' id='word_1_630' title='bbox 3041 3824 3196 3892; x_wconf 79' lang='lat' dir='ltr'><strong>ﬁunt,</strong></span> <span class='ocrx_word' id='word_1_631' title='bbox 3220 3833 3269 3877; x_wconf 89' lang='lat' dir='ltr'><strong>et</strong></span> <span class='ocrx_word' id='word_1_632' title='bbox 3298 3825 3352 3878; x_wconf 83' lang='lat' dir='ltr'><strong>in</strong></span> <span class='ocrx_word' id='word_1_633' title='bbox 3376 3825 3456 3878; x_wconf 86' lang='lat' dir='ltr'><strong>his</strong></span> 
     </span>
    </p>
   </div>
   <div class='ocr_carea' id='block_1_86' title="bbox 1881 3914 3453 3985">
    <p class='ocr_par' dir='ltr' id='par_1_86' title="bbox 1881 3914 3453 3985">
     <span class='ocr_line' id='line_1_86' title="bbox 1881 3914 3453 3985; baseline 0.002 -17"><span class='ocrx_word' id='word_1_634' title='bbox 1881 3917 1973 3985; x_wconf 86' lang='lat' dir='ltr'><strong>qui</strong></span> <span class='ocrx_word' id='word_1_635' title='bbox 1999 3925 2215 3984; x_wconf 86' lang='lat' dir='ltr'><strong>pereunt</strong></span> <span class='ocrx_word' id='word_1_636' title='bbox 2245 3916 2309 3968; x_wconf 69' lang='grc' dir='ltr'><strong>δι.</strong></span> <span class='ocrx_word' id='word_1_637' title='bbox 2340 3914 2444 3970; x_wconf 90' lang='lat' dir='ltr'><strong>Sed</strong></span> <span class='ocrx_word' id='word_1_638' title='bbox 2476 3916 2611 3980; x_wconf 81' lang='lat' dir='ltr'><strong>hac,</strong></span> <span class='ocrx_word' id='word_1_639' title='bbox 2640 3915 2782 3969; x_wconf 89' lang='lat' dir='ltr'><strong>sicut</strong></span> <span class='ocrx_word' id='word_1_640' title='bbox 2821 3928 2987 3982; x_wconf 85' lang='lat' dir='ltr'><strong>supra</strong></span> <span class='ocrx_word' id='word_1_641' title='bbox 3029 3914 3453 3985; x_wconf 71' lang='lat' dir='ltr'><strong>designarimus,</strong></span> 
     </span>
    </p>
   </div>
   <div class='ocr_carea' id='block_1_87' title="bbox 1885 4004 3455 4077">
    <p class='ocr_par' dir='ltr' id='par_1_87' title="bbox 1885 4004 3455 4077">
     <span class='ocr_line' id='line_1_87' title="bbox 1885 4004 3455 4077; baseline 0.001 -19"><span class='ocrx_word' id='word_1_642' title='bbox 1885 4014 2174 4073; x_wconf 83' lang='lat' dir='ltr'><strong>antequam</strong></span> <span class='ocrx_word' id='word_1_643' title='bbox 2217 4006 2283 4059; x_wconf 89' lang='lat' dir='ltr'><strong>ad</strong></span> <span class='ocrx_word' id='word_1_644' title='bbox 2317 4006 2432 4073; x_wconf 88' lang='lat' dir='ltr'><strong>ipsa</strong></span> <span class='ocrx_word' id='word_1_645' title='bbox 2477 4004 2773 4073; x_wconf 86' lang='lat' dir='ltr'><strong>Scriptura</strong></span> <span class='ocrx_word' id='word_1_646' title='bbox 2811 4005 2933 4059; x_wconf 87' lang='lat' dir='ltr'><strong>loca</strong></span> <span class='ocrx_word' id='word_1_647' title='bbox 2966 4006 3150 4061; x_wconf 87' lang='lat' dir='ltr'><strong>venire</strong></span> <span class='ocrx_word' id='word_1_648' title='bbox 3190 4023 3455 4077; x_wconf 68' lang='lat' dir='ltr'><strong>praesum...</strong></span> 
     </span>
    </p>
   </div>
   <div class='ocr_carea' id='block_1_88' title="bbox 1883 4091 3454 4164">
    <p class='ocr_par' dir='ltr' id='par_1_88' title="bbox 1883 4091 3454 4164">
     <span class='ocr_line' id='line_1_88' title="bbox 1883 4091 3454 4164; baseline 0.004 -18"><span class='ocrx_word' id='word_1_649' title='bbox 1883 4093 2113 4161; x_wconf 90' lang='lat' dir='ltr'><strong>psimus,</strong></span> <span class='ocrx_word' id='word_1_650' title='bbox 2152 4108 2219 4147; x_wconf 91' lang='lat' dir='ltr'><strong>nc</strong></span> <span class='ocrx_word' id='word_1_651' title='bbox 2249 4091 2389 4145; x_wconf 86' lang='lat' dir='ltr'><strong>forte</strong></span> <span class='ocrx_word' id='word_1_652' title='bbox 2414 4091 2756 4161; x_wconf 85' lang='lat' dir='ltr'><strong>fu‘geretnos</strong></span> <span class='ocrx_word' id='word_1_653' title='bbox 2797 4108 2992 4147; x_wconf 85' lang='lat' dir='ltr'><strong>sensus</strong></span> <span class='ocrx_word' id='word_1_654' title='bbox 3022 4096 3115 4164; x_wconf 88' lang='lat' dir='ltr'><strong>qui</strong></span> <span class='ocrx_word' id='word_1_655' title='bbox 3149 4098 3454 4152; x_wconf 78' lang='lat' dir='ltr'><strong>occurrisse</strong></span> 
     </span>
    </p>
   </div>
   <div class='ocr_carea' id='block_1_89' title="bbox 1882 4183 3453 4256">
    <p class='ocr_par' dir='ltr' id='par_1_89' title="bbox 1882 4183 3453 4256">
     <span class='ocr_line' id='line_1_89' title="bbox 1882 4183 3453 4256; baseline 0.003 -19"><span class='ocrx_word' id='word_1_656' title='bbox 1882 4183 2169 4237; x_wconf 87' lang='lat' dir='ltr'><strong>videbatur</strong></span> <span class='ocrx_word' id='word_1_657' title='bbox 2219 4183 2556 4252; x_wconf 84' lang='lat' dir='ltr'><strong>intempore</strong></span> <span class='ocrx_word' id='word_1_658' title='bbox 2596 4201 2611 4236; x_wconf 89' lang='lat'><strong>:</strong></span> <span class='ocrx_word' id='word_1_659' title='bbox 2643 4198 2790 4239; x_wconf 87' lang='lat' dir='ltr'><strong>nunc</strong></span> <span class='ocrx_word' id='word_1_660' title='bbox 2838 4196 3145 4253; x_wconf 80' lang='lat' dir='ltr'><strong>repetamus</strong></span> <span class='ocrx_word' id='word_1_661' title='bbox 3178 4189 3453 4256; x_wconf 77' lang='lat' dir='ltr'><strong>quomodo</strong></span> 
     </span>
    </p>
   </div>
   <div class='ocr_carea' id='block_1_90' title="bbox 1884 4272 2737 4345">
    <p class='ocr_par' dir='ltr' id='par_1_90' title="bbox 1884 4272 2737 4345">
     <span class='ocr_line' id='line_1_90' title="bbox 1884 4272 2737 4345; baseline 0 -16"><span class='ocrx_word' id='word_1_662' title='bbox 1884 4290 1980 4345; x_wconf 89' lang='lat' dir='ltr'><strong>per</strong></span> <span class='ocrx_word' id='word_1_663' title='bbox 2012 4274 2144 4328; x_wconf 87' lang='lat' dir='ltr'><strong>retia</strong></span> <span class='ocrx_word' id='word_1_664' title='bbox 2171 4272 2482 4345; x_wconf 88' lang='lat' dir='ltr'><strong>prospicere</strong></span> <span class='ocrx_word' id='word_1_665' title='bbox 2506 4273 2737 4329; x_wconf 90' lang='lat' dir='ltr'><strong>dicatur.</strong></span> 
     </span>
    </p>
   </div>
   <div class='ocr_carea' id='block_1_91' title="bbox 223 4346 3467 4440">
    <p class='ocr_par' dir='ltr' id='par_1_91' title="bbox 223 4346 3467 4440">
     <span class='ocr_line' id='line_1_91' title="bbox 223 4346 3467 4440; baseline 0.008 -41"><span class='ocrx_word' id='word_1_666' title='bbox 223 4346 577 4407; x_wconf 79' lang='lat' dir='ltr'><strong>lhictdomus</strong></span> <span class='ocrx_word' id='word_1_667' title='bbox 608 4352 736 4417; x_wconf 89' lang='lat' dir='ltr'><strong>vini,</strong></span> <span class='ocrx_word' id='word_1_668' title='bbox 775 4355 1020 4411; x_wconf 83' lang='lat' dir='ltr'><strong>doctrina</strong></span> <span class='ocrx_word' id='word_1_669' title='bbox 1063 4359 1270 4414; x_wconf 86' lang='lat' dir='ltr'><strong>scilicet</strong></span> <span class='ocrx_word' id='word_1_670' title='bbox 1296 4359 1380 4414; x_wconf 88' lang='lat' dir='ltr'><strong>vel</strong></span> <span class='ocrx_word' id='word_1_671' title='bbox 1419 4362 1666 4431; x_wconf 86' lang='lat' dir='ltr'><strong>mystica,</strong></span> <span class='ocrx_word' id='word_1_672' title='bbox 1695 4364 1777 4418; x_wconf 88' lang='lat' dir='ltr'><strong>vel</strong></span> <span class='ocrx_word' id='word_1_673' title='bbox 1809 4347 1853 4402; x_wconf 82' lang='grc' dir='ltr'>Ῑ)</span> <span class='ocrx_word' id='word_1_674' title='bbox 1955 4364 2225 4436; x_wconf 84' lang='lat' dir='ltr'><strong>Scriptum</strong></span> <span class='ocrx_word' id='word_1_675' title='bbox 2257 4373 2341 4421; x_wconf 88' lang='lat' dir='ltr'><strong>est</strong></span> <span class='ocrx_word' id='word_1_676' title='bbox 2377 4384 2389 4421; x_wconf 92' lang='lat'><strong>:</strong></span> <span class='ocrx_word' id='word_1_677' title='bbox 2427 4364 2551 4420; x_wconf 88' lang='lat' dir='ltr'><strong>Non</strong></span> <span class='ocrx_word' id='word_1_678' title='bbox 2593 4368 2732 4421; x_wconf 89' lang='lat' dir='ltr'><strong>enim</strong></span> <span class='ocrx_word' id='word_1_679' title='bbox 2778 4368 2956 4440; x_wconf 84' lang='lat' dir='ltr'><strong>inique</strong></span> <span class='ocrx_word' id='word_1_680' title='bbox 3002 4371 3288 4424; x_wconf 85' lang='lat' dir='ltr'><strong>tenduntur</strong></span> <span class='ocrx_word' id='word_1_681' title='bbox 3320 4372 3467 4427; x_wconf 76' lang='lat' dir='ltr'><strong>retia</strong></span> 
     </span>
    </p>
   </div>
   <div class='ocr_carea' id='block_1_92' title="bbox 227 4442 1775 4526">
    <p class='ocr_par' dir='ltr' id='par_1_92' title="bbox 227 4442 1775 4526">
     <span class='ocr_line' id='line_1_92' title="bbox 227 4442 1775 4526; baseline 0.013 -36"><span class='ocrx_word' id='word_1_682' title='bbox 227 4442 456 4505; x_wconf 83' lang='lat' dir='ltr'><strong>moralis,</strong></span> <span class='ocrx_word' id='word_1_683' title='bbox 486 4458 607 4512; x_wconf 81' lang='lat' dir='ltr'><strong>qua:</strong></span> <span class='ocrx_word' id='word_1_684' title='bbox 630 4443 864 4500; x_wconf 79' lang='lat' dir='ltr'><strong>laetiﬁcat</strong></span> <span class='ocrx_word' id='word_1_685' title='bbox 907 4464 999 4502; x_wconf 89' lang='lat' dir='ltr'><strong>cor</strong></span> <span class='ocrx_word' id='word_1_686' title='bbox 1028 4449 1286 4506; x_wconf 89' lang='lat' dir='ltr'><strong>hominis.</strong></span> <span class='ocrx_word' id='word_1_687' title='bbox 1319 4452 1622 4511; x_wconf 83' lang='lat' dir='ltr'><strong>Adveniens</strong></span> <span class='ocrx_word' id='word_1_688' title='bbox 1648 4470 1775 4526; x_wconf 89' lang='lat' dir='ltr'><strong>ergo</strong></span> 
     </span>
    </p>
   </div>
   <div class='ocr_carea' id='block_1_93' title="bbox 1882 4455 3454 4534">
    <p class='ocr_par' dir='ltr' id='par_1_93' title="bbox 1882 4455 3454 4534">
     <span class='ocr_line' id='line_1_93' title="bbox 1882 4455 3454 4534; baseline 0.007 -24"><span class='ocrx_word' id='word_1_689' title='bbox 1882 4456 2064 4511; x_wconf 80' lang='lat' dir='ltr'><strong>avibus</strong></span> <span class='ocrx_word' id='word_1_690' title='bbox 2109 4456 2172 4511; x_wconf 78' lang='lat'><strong>&quot;.</strong></span> <span class='ocrx_word' id='word_1_691' title='bbox 2200 4455 2288 4511; x_wconf 85' lang='lat' dir='ltr'><strong>Et</strong></span> <span class='ocrx_word' id='word_1_692' title='bbox 2332 4457 2528 4513; x_wconf 86' lang='lat' dir='ltr'><strong>iterum</strong></span> <span class='ocrx_word' id='word_1_693' title='bbox 2560 4472 2581 4510; x_wconf 63' lang='grc' dir='ltr'>ι</span> <span class='ocrx_word' id='word_1_694' title='bbox 2603 4456 2793 4516; x_wconf 81' lang='lat' dir='ltr'><strong>Justus</strong></span> <span class='ocrx_word' id='word_1_695' title='bbox 2826 4460 2872 4515; x_wconf 90' lang='lat' dir='ltr'><strong>si</strong></span> <span class='ocrx_word' id='word_1_696' title='bbox 2910 4461 3200 4518; x_wconf 88' lang='lat' dir='ltr'><strong>incurrerit</strong></span> <span class='ocrx_word' id='word_1_697' title='bbox 3234 4463 3285 4517; x_wconf 91' lang='lat' dir='ltr'><strong>in</strong></span> <span class='ocrx_word' id='word_1_698' title='bbox 3327 4479 3454 4534; x_wconf 64' lang='lat' dir='ltr'><strong>pec.-</strong></span> 
     </span>
    </p>
   </div>
   <div class='ocr_carea' id='block_1_94' title="bbox 304 4604 2919 4688">
    <p class='ocr_par' dir='ltr' id='par_1_94' title="bbox 304 4604 2919 4688">
     <span class='ocr_line' id='line_1_94' title="bbox 304 4604 2919 4688; baseline 0.008 -32"><span class='ocrx_word' id='word_1_699' title='bbox 304 4606 346 4635; x_wconf 75' lang='lat'>&quot;</span> <span class='ocrx_word' id='word_1_700' title='bbox 377 4604 487 4660; x_wconf 88' lang='lat' dir='ltr'><strong>.lcr.</strong></span> <span class='ocrx_word' id='word_1_701' title='bbox 524 4623 604 4673; x_wconf 68' lang='lat' dir='ltr'><strong>is,</strong></span> <span class='ocrx_word' id='word_1_702' title='bbox 630 4607 722 4660; x_wconf 73' lang='lat'><strong>‘21.</strong></span> <span class='ocrx_word' id='word_1_703' title='bbox 794 4609 840 4639; x_wconf 71' lang='grc' dir='ltr'><strong>’θ</strong></span> <span class='ocrx_word' id='word_1_704' title='bbox 870 4606 1059 4664; x_wconf 80' lang='lat' dir='ltr'><strong>Matth.</strong></span> <span class='ocrx_word' id='word_1_705' title='bbox 1096 4626 1148 4677; x_wconf 89' lang='lat' dir='ltr'><strong>v,</strong></span> <span class='ocrx_word' id='word_1_706' title='bbox 1173 4610 1264 4666; x_wconf 72' lang='lat'><strong>28.</strong></span> <span class='ocrx_word' id='word_1_707' title='bbox 1342 4614 1386 4645; x_wconf 78' lang='grc' dir='ltr'><strong>³ο</strong></span> <span class='ocrx_word' id='word_1_708' title='bbox 1422 4613 1461 4667; x_wconf 91' lang='lat' dir='ltr'><strong>ll</strong></span> <span class='ocrx_word' id='word_1_709' title='bbox 1487 4615 1614 4671; x_wconf 88' lang='lat' dir='ltr'><strong>Cor.</strong></span> <span class='ocrx_word' id='word_1_710' title='bbox 1645 4633 1722 4683; x_wconf 87' lang='lat' dir='ltr'><strong>tv,</strong></span> <span class='ocrx_word' id='word_1_711' title='bbox 1752 4618 1836 4674; x_wconf 71' lang='lat'><strong>18.</strong></span> <span class='ocrx_word' id='word_1_712' title='bbox 1912 4620 1969 4651; x_wconf 67' lang='lat'><strong>&#39;1‘</strong></span> <span class='ocrx_word' id='word_1_713' title='bbox 1992 4618 2033 4673; x_wconf 88' lang='lat' dir='ltr'><strong>ll</strong></span> <span class='ocrx_word' id='word_1_714' title='bbox 2062 4619 2187 4675; x_wconf 87' lang='lat' dir='ltr'><strong>Cor.</strong></span> <span class='ocrx_word' id='word_1_715' title='bbox 2229 4637 2291 4688; x_wconf 88' lang='lat' dir='ltr'><strong>ll,</strong></span> <span class='ocrx_word' id='word_1_716' title='bbox 2329 4620 2417 4676; x_wconf 73' lang='lat' dir='ltr'><strong>l5.</strong></span> <span class='ocrx_word' id='word_1_717' title='bbox 2496 4621 2727 4678; x_wconf 75' lang='lat' dir='ltr'><strong>&quot;&#39;Prov.</strong></span> <span class='ocrx_word' id='word_1_718' title='bbox 2754 4640 2794 4688; x_wconf 88' lang='grc' dir='ltr'><strong>ι,</strong></span> <span class='ocrx_word' id='word_1_719' title='bbox 2832 4623 2919 4678; x_wconf 83' lang='lat' dir='ltr'><strong>l7.</strong></span> 
     </span>
    </p>
   </div>
   <div class='ocr_carea' id='block_1_95' title="bbox 294 4698 1774 4783">
    <p class='ocr_par' dir='ltr' id='par_1_95' title="bbox 294 4698 1774 4783">
     <span class='ocr_line' id='line_1_95' title="bbox 294 4698 1774 4783; baseline 0.011 -33"><span class='ocrx_word' id='word_1_720' title='bbox 294 4698 396 4783; x_wconf 59' lang='lat' dir='ltr'><strong>(i2)</strong></span> <span class='ocrx_word' id='word_1_721' title='bbox 439 4699 637 4783; x_wconf 61' lang='lat' dir='ltr'><strong>Surge,</strong></span> <span class='ocrx_word' id='word_1_722' title='bbox 682 4702 827 4783; x_wconf 68' lang='lat' dir='ltr'><strong>veni,</strong></span> <span class='ocrx_word' id='word_1_723' title='bbox 878 4712 981 4783; x_wconf 72' lang='lat' dir='ltr'><strong>etc.</strong></span> <span class='ocrx_word' id='word_1_724' title='bbox 1025 4702 1324 4783; x_wconf 58' lang='lat' dir='ltr'><strong>Procopius</strong></span> <span class='ocrx_word' id='word_1_725' title='bbox 1376 4723 1442 4783; x_wconf 83' lang='lat' dir='ltr'><strong>ex</strong></span> <span class='ocrx_word' id='word_1_726' title='bbox 1491 4712 1774 4783; x_wconf 76' lang='lat' dir='ltr'><strong>Origene:</strong></span> 
     </span>
    </p>
   </div>
   <div class='ocr_carea' id='block_1_96' title="bbox 244 4764 1776 4851">
    <p class='ocr_par' dir='ltr' id='par_1_96' title="bbox 244 4764 1776 4851">
     <span class='ocr_line' id='line_1_96' title="bbox 244 4764 1776 4851; baseline 0.012 -33"><span class='ocrx_word' id='word_1_727' title='bbox 244 4764 470 4851; x_wconf 60' lang='grc' dir='ltr'><strong>ςΔνὰσέτε..</strong></span> <span class='ocrx_word' id='word_1_728' title='bbox 500 4764 823 4851; x_wconf 41' lang='grc' dir='ltr'><strong>φῇσὶκίκὰξδ</strong></span> <span class='ocrx_word' id='word_1_729' title='bbox 851 4771 983 4851; x_wconf 34' lang='grc' dir='ltr'><strong>τῷν.</strong></span> <span class='ocrx_word' id='word_1_730' title='bbox 1003 4764 1273 4851; x_wconf 46' lang='lat' dir='ltr'><strong>aio-011153</strong></span> <span class='ocrx_word' id='word_1_731' title='bbox 1312 4778 1448 4851; x_wconf 70' lang='grc' dir='ltr'><strong>πρὸς</strong></span> <span class='ocrx_word' id='word_1_732' title='bbox 1468 4780 1549 4851; x_wconf 16' lang='grc' dir='ltr'><strong>γτὰ</strong></span> <span class='ocrx_word' id='word_1_733' title='bbox 1588 4764 1776 4851; x_wconf 45' lang='lat' dir='ltr'><strong>iiiis;</strong></span> 
     </span>
    </p>
   </div>
   <div class='ocr_carea' id='block_1_97' title="bbox 233 4832 1780 4967">
    <p class='ocr_par' dir='ltr' id='par_1_97' title="bbox 233 4832 1780 4967">
     <span class='ocr_line' id='line_1_97' title="bbox 233 4832 1780 4921; baseline 0.014 -35"><span class='ocrx_word' id='word_1_734' title='bbox 233 4832 307 4888; x_wconf 76' lang='grc' dir='ltr'><strong>ἵνα</strong></span> <span class='ocrx_word' id='word_1_735' title='bbox 327 4842 484 4910; x_wconf 82' lang='grc' dir='ltr'><strong>συνῇς</strong></span> <span class='ocrx_word' id='word_1_736' title='bbox 507 4832 603 4911; x_wconf 63' lang='grc' dir='ltr'><strong>μὲν</strong></span> <span class='ocrx_word' id='word_1_737' title='bbox 643 4840 709 4894; x_wconf 82' lang='grc' dir='ltr'>δι’</span> <span class='ocrx_word' id='word_1_738' title='bbox 747 4837 821 4898; x_wconf 82' lang='grc' dir='ltr'><strong>ὧν</strong></span> <span class='ocrx_word' id='word_1_739' title='bbox 860 4842 998 4897; x_wconf 80' lang='grc' dir='ltr'><strong>αὐτὰ</strong></span> <span class='ocrx_word' id='word_1_740' title='bbox 1042 4832 1162 4898; x_wconf 83' lang='grc' dir='ltr'><strong>Θεω’</strong></span> <span class='ocrx_word' id='word_1_741' title='bbox 1185 4850 1281 4912; x_wconf 85' lang='grc' dir='ltr'><strong>εἰς.</strong></span> <span class='ocrx_word' id='word_1_742' title='bbox 1325 4832 1377 4901; x_wconf 80' lang='grc' dir='ltr'><strong>’ὁ</strong></span> <span class='ocrx_word' id='word_1_743' title='bbox 1428 4832 1445 4843; x_wconf 63' lang='grc'><em>’</em></span> 
     </span>
     <span class='ocr_line' id='line_1_98' title="bbox 234 4850 1777 4967; baseline 0.005 -10"><span class='ocrx_word' id='word_1_744' title='bbox 234 4903 501 4967; x_wconf 73' lang='grc' dir='ltr'><strong>ἀπῆλθεν·</strong></span> <span class='ocrx_word' id='word_1_745' title='bbox 535 4912 566 4962; x_wconf 86' lang='grc' dir='ltr'><em>ό</em></span> <span class='ocrx_word' id='word_1_746' title='bbox 591 4909 763 4967; x_wconf 74' lang='grc' dir='ltr'><em>ὑετὸς</em></span> <span class='ocrx_word' id='word_1_747' title='bbox 794 4910 1082 4967; x_wconf 75' lang='grc' dir='ltr'><strong>ἀπῆλθεν.</strong></span> <span class='ocrx_word' id='word_1_748' title='bbox 1120 4863 1384 4967; x_wconf 51' lang='grc' dir='ltr'><strong>ἅποιιιεν</strong></span> <span class='ocrx_word' id='word_1_749' title='bbox 1411 4850 1489 4967; x_wconf 49' lang='grc' dir='ltr'><strong>ἐξ(</strong></span> <span class='ocrx_word' id='word_1_750' title='bbox 1500 4920 1652 4967; x_wconf 81' lang='grc' dir='ltr'>ὑετὸν</span> <span class='ocrx_word' id='word_1_751' title='bbox 1682 4939 1777 4967; x_wconf 78' lang='grc' dir='ltr'><strong>γε..</strong></span> 
     </span>
    </p>
   </div>
   <div class='ocr_carea' id='block_1_98' title="bbox 234 4909 1777 5058">
    <p class='ocr_par' dir='ltr' id='par_1_98' title="bbox 234 4909 1777 5058">
     <span class='ocr_line' id='line_1_99' title="bbox 234 4909 1777 5003; baseline 0.012 -46"><span class='ocrx_word' id='word_1_752' title='bbox 234 4909 518 5003; x_wconf 50' lang='grc' dir='ltr'><strong>ἀπῆλθεν-⁷</strong></span> <span class='ocrx_word' id='word_1_753' title='bbox 535 4912 566 4962; x_wconf 86' lang='grc' dir='ltr'><em>ό</em></span> <span class='ocrx_word' id='word_1_754' title='bbox 591 4909 763 4977; x_wconf 82' lang='grc' dir='ltr'><em>ὑετὸς</em></span> <span class='ocrx_word' id='word_1_755' title='bbox 794 4910 1082 4992; x_wconf 61' lang='grc' dir='ltr'><strong>ρπῆλθεν.</strong></span> <span class='ocrx_word' id='word_1_756' title='bbox 1120 4909 1384 4989; x_wconf 77' lang='grc' dir='ltr'><strong>Εῐπόιμεν</strong></span> <span class='ocrx_word' id='word_1_757' title='bbox 1411 4909 1777 5000; x_wconf 46' lang='grc' dir='ltr'><strong>ἃνῗιεξὸᾶγε-</strong></span> 
     </span>
     <span class='ocr_line' id='line_1_100' title="bbox 234 4979 1774 5058; baseline 0.013 -33"><span class='ocrx_word' id='word_1_758' title='bbox 234 4987 446 5058; x_wconf 50' lang='grc' dir='ltr'><strong>ἴονιείαι,</strong></span> <span class='ocrx_word' id='word_1_759' title='bbox 481 4979 582 5058; x_wconf 40' lang='grc' dir='ltr'>,τὸν</span> <span class='ocrx_word' id='word_1_760' title='bbox 621 4979 724 5058; x_wconf 61' lang='grc' dir='ltr'><strong>πρὸ</strong></span> <span class='ocrx_word' id='word_1_761' title='bbox 768 4984 1212 5058; x_wconf 22' lang='grc' dir='ltr'><strong>τηςῃὲπιδῃμίαςλ</strong></span> <span class='ocrx_word' id='word_1_762' title='bbox 1245 4989 1457 5058; x_wconf 84' lang='grc' dir='ltr'><strong>καιρὸν,</strong></span> <span class='ocrx_word' id='word_1_763' title='bbox 1506 5008 1599 5043; x_wconf 79' lang='grc' dir='ltr'><strong>του</strong></span> <span class='ocrx_word' id='word_1_764' title='bbox 1640 4991 1774 5045; x_wconf 79' lang='grc' dir='ltr'><strong>Θεοῦ</strong></span> 
     </span>
    </p>
   </div>
   <div class='ocr_carea' id='block_1_99' title="bbox 236 5043 1778 5131">
    <p class='ocr_par' dir='ltr' id='par_1_99' title="bbox 236 5043 1778 5131">
     <span class='ocr_line' id='line_1_101' title="bbox 236 5043 1778 5131; baseline 0.012 -34"><span class='ocrx_word' id='word_1_765' title='bbox 236 5043 590 5131; x_wconf 57' lang='grc' dir='ltr'><strong>ξντειλμμέγου</strong></span> <span class='ocrx_word' id='word_1_766' title='bbox 610 5043 727 5112; x_wconf 81' lang='grc' dir='ltr'><strong>τοὶῑς</strong></span> <span class='ocrx_word' id='word_1_767' title='bbox 755 5043 1258 5131; x_wconf 33' lang='grc' dir='ltr'><strong>νεέρἐῇαιςλβέινηὲὸν</strong></span> <span class='ocrx_word' id='word_1_768' title='bbox 1280 5043 1498 5131; x_wconf 58' lang='grc' dir='ltr'><strong>νρξιικῷν</strong></span> <span class='ocrx_word' id='word_1_769' title='bbox 1528 5061 1621 5112; x_wconf 78' lang='grc' dir='ltr'><strong>καὶ</strong></span> 
     </span>
    </p>
   </div>
   <div class='ocr_carea' id='block_1_100' title="bbox 236 5119 1777 5254">
    <p class='ocr_par' dir='ltr' id='par_1_100' title="bbox 236 5119 1777 5254">
     <span class='ocr_line' id='line_1_102' title="bbox 236 5119 1777 5199; baseline 0.011 -32"><span class='ocrx_word' id='word_1_770' title='bbox 236 5119 439 5185; x_wconf 75' lang='grc' dir='ltr'><strong>φητικὸν</strong></span> <span class='ocrx_word' id='word_1_771' title='bbox 462 5119 637 5186; x_wconf 73' lang='grc' dir='ltr'><strong>Λόγον·</strong></span> <span class='ocrx_word' id='word_1_772' title='bbox 665 5119 973 5175; x_wconf 80' lang='grc' dir='ltr'><strong>πεπαῦσθαι</strong></span> <span class='ocrx_word' id='word_1_773' title='bbox 997 5122 1055 5176; x_wconf 81' lang='grc' dir='ltr'><strong>δὲ</strong></span> <span class='ocrx_word' id='word_1_774' title='bbox 1081 5124 1289 5190; x_wconf 79' lang='grc' dir='ltr'><strong>τοῦτον,</strong></span> <span class='ocrx_word' id='word_1_775' title='bbox 1318 5119 1502 5198; x_wconf 68' lang='grc' dir='ltr'><strong>ἕπειδὴ</strong></span> <span class='ocrx_word' id='word_1_776' title='bbox 1536 5133 1568 5182; x_wconf 86' lang='grc' dir='ltr'><strong><em>ό</em></strong></span> <span class='ocrx_word' id='word_1_777' title='bbox 1594 5119 1777 5199; x_wconf 65' lang='grc' dir='ltr'><em>νόιὶος</em></span> 
     </span>
     <span class='ocr_line' id='line_1_103' title="bbox 236 5185 1775 5254; baseline 0.013 -20"><span class='ocrx_word' id='word_1_778' title='bbox 236 5185 320 5237; x_wconf 75' lang='grc' dir='ltr'><strong>καὶ</strong></span> <span class='ocrx_word' id='word_1_779' title='bbox 358 5192 408 5242; x_wconf 85' lang='lat' dir='ltr'><strong>ol</strong></span> <span class='ocrx_word' id='word_1_780' title='bbox 438 5187 733 5254; x_wconf 69' lang='grc' dir='ltr'><strong>προφῆται</strong></span> <span class='ocrx_word' id='word_1_781' title='bbox 768 5190 875 5253; x_wconf 81' lang='grc' dir='ltr'><strong>ἕως</strong></span> <span class='ocrx_word' id='word_1_782' title='bbox 920 5191 1192 5246; x_wconf 74' lang='grc' dir='ltr'><em>Ἰωάννου</em></span> <span class='ocrx_word' id='word_1_783' title='bbox 1215 5212 1228 5225; x_wconf 89' lang='grc'><strong>·</strong></span> <span class='ocrx_word' id='word_1_784' title='bbox 1274 5195 1373 5254; x_wconf 76' lang='grc' dir='ltr'><strong>ἔαρ</strong></span> <span class='ocrx_word' id='word_1_785' title='bbox 1407 5196 1465 5250; x_wconf 83' lang='grc' dir='ltr'><strong>δὲ</strong></span> <span class='ocrx_word' id='word_1_786' title='bbox 1495 5200 1589 5251; x_wconf 76' lang='grc' dir='ltr'><strong>καὶ</strong></span> <span class='ocrx_word' id='word_1_787' title='bbox 1620 5199 1775 5254; x_wconf 72' lang='grc' dir='ltr'><strong>θέρος</strong></span> 
     </span>
    </p>
   </div>
   <div class='ocr_carea' id='block_1_101' title="bbox 233 5205 1775 5378">
    <p class='ocr_par' dir='ltr' id='par_1_101' title="bbox 233 5205 1775 5378">
     <span class='ocr_line' id='line_1_104' title="bbox 236 5205 1775 5273; baseline 0.013 -39"><span class='ocrx_word' id='word_1_788' title='bbox 236 5205 320 5237; x_wconf 68' lang='grc' dir='ltr'><strong>κιαι</strong></span> <span class='ocrx_word' id='word_1_789' title='bbox 358 5205 407 5242; x_wconf 88' lang='grc' dir='ltr'><strong>οι</strong></span> <span class='ocrx_word' id='word_1_790' title='bbox 438 5205 733 5256; x_wconf 70' lang='grc' dir='ltr'><strong>προφηται</strong></span> <span class='ocrx_word' id='word_1_791' title='bbox 768 5207 875 5253; x_wconf 78' lang='lat' dir='ltr'><strong>sco;</strong></span> <span class='ocrx_word' id='word_1_792' title='bbox 924 5205 1192 5246; x_wconf 70' lang='grc' dir='ltr'><strong>Ἰωάννου</strong></span> <span class='ocrx_word' id='word_1_793' title='bbox 1215 5212 1228 5225; x_wconf 89' lang='grc'><strong>·</strong></span> <span class='ocrx_word' id='word_1_794' title='bbox 1274 5205 1373 5267; x_wconf 68' lang='grc' dir='ltr'><strong>ἔαρ</strong></span> <span class='ocrx_word' id='word_1_795' title='bbox 1407 5205 1465 5250; x_wconf 78' lang='grc' dir='ltr'>δὲ</span> <span class='ocrx_word' id='word_1_796' title='bbox 1495 5205 1589 5251; x_wconf 73' lang='lat' dir='ltr'><strong>ml.</strong></span> <span class='ocrx_word' id='word_1_797' title='bbox 1620 5205 1775 5273; x_wconf 80' lang='grc' dir='ltr'>θέρος</span> 
     </span>
     <span class='ocr_line' id='line_1_105' title="bbox 233 5255 1775 5378; baseline 0.013 -74"><span class='ocrx_word' id='word_1_798' title='bbox 233 5255 357 5371; x_wconf 52' lang='lat' dir='ltr'><strong>tiara</strong></span> <span class='ocrx_word' id='word_1_799' title='bbox 382 5256 476 5328; x_wconf 83' lang='grc' dir='ltr'><strong>τὴν</strong></span> <span class='ocrx_word' id='word_1_800' title='bbox 508 5257 817 5378; x_wconf 62' lang='grc' dir='ltr'><strong>ἐπιδηδιξαν,</strong></span> <span class='ocrx_word' id='word_1_801' title='bbox 848 5261 935 5314; x_wconf 81' lang='grc' dir='ltr'><strong>ὅτε</strong></span> <span class='ocrx_word' id='word_1_802' title='bbox 970 5262 1163 5332; x_wconf 77' lang='grc' dir='ltr'>μηκέτι</span> <span class='ocrx_word' id='word_1_803' title='bbox 1197 5264 1363 5319; x_wconf 81' lang='grc' dir='ltr'>ὑετῶν</span> <span class='ocrx_word' id='word_1_804' title='bbox 1394 5267 1681 5353; x_wconf 49' lang='grc' dir='ltr'><strong>χρείαρτξ</strong></span> <span class='ocrx_word' id='word_1_805' title='bbox 1708 5272 1775 5325; x_wconf 81' lang='grc' dir='ltr'><strong>τὰ</strong></span> 
     </span>
     <span class='ocr_line' id='line_1_106' title="bbox 261 5326 1775 5378; baseline 0.001 -2"><span class='ocrx_word' id='word_1_806' title='bbox 261 5339 309 5374; x_wconf 71' lang='grc' dir='ltr'><strong>ια</strong></span> <span class='ocrx_word' id='word_1_807' title='bbox 337 5326 563 5378; x_wconf 76' lang='grc' dir='ltr'><strong>Χοιστὸν</strong></span> <span class='ocrx_word' id='word_1_808' title='bbox 595 5326 657 5378; x_wconf 79' lang='grc' dir='ltr'><strong>ἄν</strong></span> <span class='ocrx_word' id='word_1_809' title='bbox 697 5346 726 5378; x_wconf 76' lang='grc' dir='ltr'>η</span> <span class='ocrx_word' id='word_1_810' title='bbox 763 5329 914 5378; x_wconf 63' lang='grc' dir='ltr'><strong>ὤφθη</strong></span> <span class='ocrx_word' id='word_1_811' title='bbox 943 5331 1001 5378; x_wconf 80' lang='grc' dir='ltr'>ἐν</span> <span class='ocrx_word' id='word_1_812' title='bbox 1035 5335 1097 5378; x_wconf 56' lang='lat' dir='ltr'><strong>“Ei</strong></span> <span class='ocrx_word' id='word_1_813' title='bbox 1130 5336 1218 5378; x_wconf 74' lang='grc' dir='ltr'><strong>Ὑῆ-</strong></span> <span class='ocrx_word' id='word_1_814' title='bbox 1260 5335 1369 5378; x_wconf 74' lang='grc' dir='ltr'><strong>Καὶ</strong></span> <span class='ocrx_word' id='word_1_815' title='bbox 1401 5335 1508 5378; x_wconf 67' lang='grc' dir='ltr'><strong>ηπδ</strong></span> <span class='ocrx_word' id='word_1_816' title='bbox 1532 5355 1633 5378; x_wconf 62' lang='grc' dir='ltr'><strong>την-</strong></span> <span class='ocrx_word' id='word_1_817' title='bbox 1657 5356 1775 5378; x_wconf 67' lang='lat' dir='ltr'><strong>cer-1..</strong></span> 
     </span>
    </p>
   </div>
   <div class='ocr_carea' id='block_1_102' title="bbox 243 5326 1776 5408">
    <p class='ocr_par' dir='ltr' id='par_1_102' title="bbox 243 5326 1776 5408">
     <span class='ocr_line' id='line_1_107' title="bbox 243 5326 1776 5408; baseline 0.012 -35"><span class='ocrx_word' id='word_1_818' title='bbox 243 5326 309 5408; x_wconf 56' lang='lat' dir='ltr'><strong>ita</strong></span> <span class='ocrx_word' id='word_1_819' title='bbox 333 5326 563 5408; x_wconf 51' lang='lat' dir='ltr'><strong>&#39;Xpto‘t&#39;pv</strong></span> <span class='ocrx_word' id='word_1_820' title='bbox 595 5326 726 5408; x_wconf 61' lang='grc' dir='ltr'><strong>ςνρη</strong></span> <span class='ocrx_word' id='word_1_821' title='bbox 763 5329 915 5408; x_wconf 56' lang='lat' dir='ltr'><strong>dysng</strong></span> <span class='ocrx_word' id='word_1_822' title='bbox 943 5326 1001 5408; x_wconf 54' lang='lat' dir='ltr'><strong>ej;</strong></span> <span class='ocrx_word' id='word_1_823' title='bbox 1130 5336 1219 5402; x_wconf 83' lang='grc' dir='ltr'><strong>γῇ.</strong></span> <span class='ocrx_word' id='word_1_824' title='bbox 1259 5335 1369 5408; x_wconf 61' lang='lat' dir='ltr'><strong>Kal.</strong></span> <span class='ocrx_word' id='word_1_825' title='bbox 1395 5326 1508 5389; x_wconf 64' lang='grc' dir='ltr'><strong>Ἑίπὺ</strong></span> <span class='ocrx_word' id='word_1_826' title='bbox 1532 5326 1633 5408; x_wconf 57' lang='grc' dir='ltr'><strong>τ’ἧς</strong></span> <span class='ocrx_word' id='word_1_827' title='bbox 1657 5341 1776 5391; x_wconf 79' lang='grc' dir='ltr'>ἑπι-</span> 
     </span>
    </p>
   </div>
   <div class='ocr_carea' id='block_1_103' title="bbox 237 5394 1774 5479">
    <p class='ocr_par' dir='ltr' id='par_1_103' title="bbox 237 5394 1774 5479">
     <span class='ocr_line' id='line_1_108' title="bbox 237 5394 1774 5479; baseline 0.011 -34"><span class='ocrx_word' id='word_1_828' title='bbox 237 5394 407 5479; x_wconf 49' lang='grc' dir='ltr'><strong>δημὶσίζ</strong></span> <span class='ocrx_word' id='word_1_829' title='bbox 458 5395 625 5449; x_wconf 78' lang='grc' dir='ltr'>αὑτοῦ</span> <span class='ocrx_word' id='word_1_830' title='bbox 667 5394 878 5479; x_wconf 36' lang='lat' dir='ltr'><strong>ﬂaua-cii</strong></span> <span class='ocrx_word' id='word_1_831' title='bbox 905 5394 979 5479; x_wconf 73' lang='grc' dir='ltr'><strong>’ρῦ</strong></span> <span class='ocrx_word' id='word_1_832' title='bbox 1029 5394 1658 5479; x_wconf 34' lang='grc' dir='ltr'><strong>κᾷπῖτὲταιῄᾶρεᾳρποςίξν</strong></span> <span class='ocrx_word' id='word_1_833' title='bbox 1698 5408 1774 5479; x_wconf 79' lang='grc' dir='ltr'><strong>τῷ</strong></span> 
     </span>
    </p>
   </div>
   <div class='ocr_carea' id='block_1_104' title="bbox 236 5465 1774 5548">
    <p class='ocr_par' dir='ltr' id='par_1_104' title="bbox 236 5465 1774 5548">
     <span class='ocr_line' id='line_1_109' title="bbox 236 5465 1774 5548; baseline 0.007 -27"><span class='ocrx_word' id='word_1_834' title='bbox 236 5468 461 5548; x_wconf 50' lang='grc' dir='ltr'><strong>ῇρρτὲρῳ</strong></span> <span class='ocrx_word' id='word_1_835' title='bbox 486 5465 974 5548; x_wconf 34' lang='grc' dir='ltr'><strong>γενομένηικςιιρῷί</strong></span> <span class='ocrx_word' id='word_1_836' title='bbox 997 5474 1115 5548; x_wconf 66' lang='grc' dir='ltr'><strong>νυνῖ</strong></span> <span class='ocrx_word' id='word_1_837' title='bbox 1150 5473 1257 5548; x_wconf 68' lang='grc' dir='ltr'><strong>γὰρ</strong></span> <span class='ocrx_word' id='word_1_838' title='bbox 1285 5465 1774 5548; x_wconf 16' lang='grc' dir='ltr'><strong>ὀλύνβὸυςγῆνεγκέ,</strong></span> 
     </span>
    </p>
   </div>
   <div class='ocr_carea' id='block_1_105' title="bbox 240 5533 1774 5620">
    <p class='ocr_par' dir='ltr' id='par_1_105' title="bbox 240 5533 1774 5620">
     <span class='ocr_line' id='line_1_110' title="bbox 240 5533 1774 5620; baseline 0.012 -37"><span class='ocrx_word' id='word_1_839' title='bbox 240 5533 702 5620; x_wconf 35' lang='lat' dir='ltr'><strong>grumi-eiRoma</strong></span> <span class='ocrx_word' id='word_1_840' title='bbox 720 5533 1060 5620; x_wconf 48' lang='lat' dir='ltr'><strong>diaérielot&#39;</strong></span> <span class='ocrx_word' id='word_1_841' title='bbox 1090 5533 1171 5620; x_wconf 68' lang='lat' dir='ltr'><strong>6_t6</strong></span> <span class='ocrx_word' id='word_1_842' title='bbox 1211 5533 1463 5620; x_wconf 51' lang='lat' dir='ltr'><strong>«530-9an</strong></span> <span class='ocrx_word' id='word_1_843' title='bbox 1486 5533 1601 5620; x_wconf 59' lang='grc' dir='ltr'><strong>έῶὖ</strong></span> <span class='ocrx_word' id='word_1_844' title='bbox 1642 5533 1774 5620; x_wconf 59' lang='grc' dir='ltr'><strong>δέληέ</strong></span> 
     </span>
    </p>
   </div>
   <div class='ocr_carea' id='block_1_106' title="bbox 240 5595 1776 5688">
    <p class='ocr_par' dir='ltr' id='par_1_106' title="bbox 240 5595 1776 5688">
     <span class='ocr_line' id='line_1_111' title="bbox 240 5595 1776 5688; baseline 0.014 -38"><span class='ocrx_word' id='word_1_845' title='bbox 240 5595 418 5663; x_wconf 59' lang='grc' dir='ltr'><strong>μάτων</strong></span> <span class='ocrx_word' id='word_1_846' title='bbox 451 5595 601 5670; x_wconf 62' lang='grc' dir='ltr'><strong>Χρισ</strong></span> <span class='ocrx_word' id='word_1_847' title='bbox 604 5604 705 5658; x_wconf 82' lang='grc' dir='ltr'><strong>τοῦ</strong></span> <span class='ocrx_word' id='word_1_848' title='bbox 735 5595 944 5662; x_wconf 62' lang='grc' dir='ltr'><strong>εὐωδία</strong></span> <span class='ocrx_word' id='word_1_849' title='bbox 985 5610 1171 5679; x_wconf 75' lang='grc' dir='ltr'><em>ἐσμὲν</em></span> <span class='ocrx_word' id='word_1_850' title='bbox 1197 5595 1284 5679; x_wconf 57' lang='grc' dir='ltr'><strong>ίίῖἶ</strong></span> <span class='ocrx_word' id='word_1_851' title='bbox 1305 5595 1452 5681; x_wconf 49' lang='grc' dir='ltr'><strong>Θεῶί</strong></span> 
     </span>
    </p>
   </div>
   <div class='ocr_carea' id='block_1_107' title="bbox 1885 4716 3448 4795">
    <p class='ocr_par' dir='ltr' id='par_1_107' title="bbox 1885 4716 3448 4795">
     <span class='ocr_line' id='line_1_112' title="bbox 1885 4716 3448 4795; baseline 0.008 -28"><span class='ocrx_word' id='word_1_852' title='bbox 1885 4716 2016 4795; x_wconf 67' lang='lat' dir='ltr'><strong>quit,</strong></span> <span class='ocrx_word' id='word_1_853' title='bbox 2051 4717 2215 4795; x_wconf 44' lang='lat' dir='ltr'><strong>alluit-8</strong></span> <span class='ocrx_word' id='word_1_854' title='bbox 2261 4733 2376 4787; x_wconf 72' lang='lat' dir='ltr'><strong>qua:</strong></span> <span class='ocrx_word' id='word_1_855' title='bbox 2422 4718 2516 4771; x_wconf 82' lang='lat' dir='ltr'><strong>sub</strong></span> <span class='ocrx_word' id='word_1_856' title='bbox 2563 4735 2772 4795; x_wconf 71' lang='lat' dir='ltr'><strong>sensum</strong></span> <span class='ocrx_word' id='word_1_857' title='bbox 2803 4719 3017 4795; x_wconf 73' lang='lat' dir='ltr'><strong>cadunt,</strong></span> <span class='ocrx_word' id='word_1_858' title='bbox 3064 4722 3139 4795; x_wconf 63' lang='lat' dir='ltr'><strong>ad</strong></span> <span class='ocrx_word' id='word_1_859' title='bbox 3160 4724 3448 4795; x_wconf 76' lang='lat' dir='ltr'><strong>spiritalia,</strong></span> 
     </span>
    </p>
   </div>
   <div class='ocr_carea' id='block_1_108' title="bbox 1884 4785 3448 4859">
    <p class='ocr_par' dir='ltr' id='par_1_108' title="bbox 1884 4785 3448 4859">
     <span class='ocr_line' id='line_1_113' title="bbox 1884 4785 3448 4859; baseline 0.009 -22"><span class='ocrx_word' id='word_1_860' title='bbox 1884 4794 1943 4837; x_wconf 87' lang='lat' dir='ltr'><strong>ut</strong></span> <span class='ocrx_word' id='word_1_861' title='bbox 1983 4785 2246 4859; x_wconf 75' lang='lat' dir='ltr'><strong>intelligas</strong></span> <span class='ocrx_word' id='word_1_862' title='bbox 2273 4785 2383 4859; x_wconf 79' lang='lat' dir='ltr'><strong>per</strong></span> <span class='ocrx_word' id='word_1_863' title='bbox 2429 4804 2546 4859; x_wconf 77' lang='lat' dir='ltr'><strong>qua:</strong></span> <span class='ocrx_word' id='word_1_864' title='bbox 2578 4788 2700 4859; x_wconf 17' lang='lat' dir='ltr'><strong>ihwc</strong></span> <span class='ocrx_word' id='word_1_865' title='bbox 2754 4785 3049 4844; x_wconf 43' lang='lat' dir='ltr'><strong>intuerisﬂ</strong></span> <span class='ocrx_word' id='word_1_866' title='bbox 3089 4785 3267 4849; x_wconf 71' lang='lat' dir='ltr'><strong>Hiems</strong></span> <span class='ocrx_word' id='word_1_867' title='bbox 3309 4785 3448 4850; x_wconf 63' lang='lat' dir='ltr'><strong>enini</strong></span> 
     </span>
    </p>
   </div>
   <div class='ocr_carea' id='block_1_109' title="bbox 1885 4856 3465 4934">
    <p class='ocr_par' dir='ltr' id='par_1_109' title="bbox 1885 4856 3465 4934">
     <span class='ocr_line' id='line_1_114' title="bbox 1885 4856 3465 4934; baseline 0.008 -27"><span class='ocrx_word' id='word_1_868' title='bbox 1885 4856 2119 4922; x_wconf 87' lang='lat' dir='ltr'><strong>transiit,</strong></span> <span class='ocrx_word' id='word_1_869' title='bbox 2142 4856 2482 4934; x_wconf 61' lang='lat' dir='ltr'><strong>imber-abiit.</strong></span> <span class='ocrx_word' id='word_1_870' title='bbox 2513 4858 2748 4934; x_wconf 35' lang='lat' dir='ltr'><strong>{Dicere</strong></span> <span class='ocrx_word' id='word_1_871' title='bbox 2770 4875 3045 4934; x_wconf 76' lang='lat' dir='ltr'><strong>possumus</strong></span> <span class='ocrx_word' id='word_1_872' title='bbox 3067 4863 3298 4931; x_wconf 82' lang='lat' dir='ltr'><strong>pluviam</strong></span> <span class='ocrx_word' id='word_1_873' title='bbox 3320 4866 3465 4934; x_wconf 45' lang='lat' dir='ltr'><strong>[uiam</strong></span> 
     </span>
    </p>
   </div>
   <div class='ocr_carea' id='block_1_110' title="bbox 1882 4926 3446 5002">
    <p class='ocr_par' dir='ltr' id='par_1_110' title="bbox 1882 4926 3446 5002">
     <span class='ocr_line' id='line_1_115' title="bbox 1882 4926 3446 5002; baseline 0.008 -24"><span class='ocrx_word' id='word_1_874' title='bbox 1882 4940 1958 5002; x_wconf 79' lang='lat' dir='ltr'><strong>se,</strong></span> <span class='ocrx_word' id='word_1_875' title='bbox 1990 4934 2188 5002; x_wconf 79' lang='lat' dir='ltr'><strong>tempus</strong></span> <span class='ocrx_word' id='word_1_876' title='bbox 2228 4927 2371 5002; x_wconf 61' lang='lat' dir='ltr'><strong>quod</strong></span> <span class='ocrx_word' id='word_1_877' title='bbox 2405 4926 2560 5002; x_wconf 78' lang='lat' dir='ltr'><strong>Verbi</strong></span> <span class='ocrx_word' id='word_1_878' title='bbox 2583 4929 2645 5002; x_wconf 73' lang='lat' dir='ltr'><strong>in</strong></span> <span class='ocrx_word' id='word_1_879' title='bbox 2685 4926 2892 5002; x_wconf 76' lang='lat' dir='ltr'><strong>carnem</strong></span> <span class='ocrx_word' id='word_1_880' title='bbox 2923 4926 3199 5002; x_wconf 81' lang='lat' dir='ltr'><strong>adventum</strong></span> <span class='ocrx_word' id='word_1_881' title='bbox 3222 4926 3446 5002; x_wconf 66' lang='lat' dir='ltr'><strong>praees—</strong></span> 
     </span>
    </p>
   </div>
   <div class='ocr_carea' id='block_1_111' title="bbox 1882 4996 3443 5071">
    <p class='ocr_par' dir='ltr' id='par_1_111' title="bbox 1882 4996 3443 5071">
     <span class='ocr_line' id='line_1_116' title="bbox 1882 4996 3443 5071; baseline 0.007 -24"><span class='ocrx_word' id='word_1_882' title='bbox 1882 4998 1971 5057; x_wconf 80' lang='lat' dir='ltr'><strong>sit,</strong></span> <span class='ocrx_word' id='word_1_883' title='bbox 2008 4996 2290 5050; x_wconf 84' lang='lat' dir='ltr'><strong>mandante</strong></span> <span class='ocrx_word' id='word_1_884' title='bbox 2329 4996 2436 5071; x_wconf 74' lang='lat' dir='ltr'><strong>Deo</strong></span> <span class='ocrx_word' id='word_1_885' title='bbox 2469 4997 2712 5065; x_wconf 82' lang='lat' dir='ltr'><strong>nubibus,</strong></span> <span class='ocrx_word' id='word_1_886' title='bbox 2742 5010 2799 5053; x_wconf 86' lang='lat' dir='ltr'><strong>ut</strong></span> <span class='ocrx_word' id='word_1_887' title='bbox 2844 4997 3063 5069; x_wconf 81' lang='lat' dir='ltr'><strong>legalem</strong></span> <span class='ocrx_word' id='word_1_888' title='bbox 3096 5013 3141 5055; x_wconf 88' lang='lat' dir='ltr'><strong>et</strong></span> <span class='ocrx_word' id='word_1_889' title='bbox 3176 4996 3443 5071; x_wconf 72' lang='lat' dir='ltr'><strong>propheti-</strong></span> 
     </span>
    </p>
   </div>
   <div class='ocr_carea' id='block_1_112' title="bbox 1879 5066 3439 5136">
    <p class='ocr_par' dir='ltr' id='par_1_112' title="bbox 1879 5066 3439 5136">
     <span class='ocr_line' id='line_1_117' title="bbox 1879 5066 3439 5136; baseline 0.006 -21"><span class='ocrx_word' id='word_1_890' title='bbox 1879 5080 1997 5136; x_wconf 81' lang='lat' dir='ltr'><strong>cunt</strong></span> <span class='ocrx_word' id='word_1_891' title='bbox 2022 5082 2308 5136; x_wconf 81' lang='lat' dir='ltr'><strong>sermonem</strong></span> <span class='ocrx_word' id='word_1_892' title='bbox 2335 5066 2609 5136; x_wconf 84' lang='lat' dir='ltr'><strong>pluerent;</strong></span> <span class='ocrx_word' id='word_1_893' title='bbox 2634 5085 2860 5122; x_wconf 84' lang='lat' dir='ltr'><strong>cessasse</strong></span> <span class='ocrx_word' id='word_1_894' title='bbox 2894 5066 3016 5125; x_wconf 56' lang='grc' dir='ltr'><strong>’ὗεν-ο</strong></span> <span class='ocrx_word' id='word_1_895' title='bbox 3045 5066 3185 5124; x_wconf 76' lang='lat' dir='ltr'><strong>hunc</strong></span> <span class='ocrx_word' id='word_1_896' title='bbox 3206 5066 3439 5136; x_wconf 70' lang='lat' dir='ltr'><strong>inibi-em,</strong></span> 
     </span>
    </p>
   </div>
   <div class='ocr_carea' id='block_1_113' title="bbox 1877 5135 3443 5207">
    <p class='ocr_par' dir='ltr' id='par_1_113' title="bbox 1877 5135 3443 5207">
     <span class='ocr_line' id='line_1_118' title="bbox 1877 5135 3443 5207; baseline 0.006 -22"><span class='ocrx_word' id='word_1_897' title='bbox 1877 5135 2003 5203; x_wconf 88' lang='lat' dir='ltr'><strong>quia</strong></span> <span class='ocrx_word' id='word_1_898' title='bbox 2034 5154 2051 5185; x_wconf 74' lang='grc' dir='ltr'>ι</span> <span class='ocrx_word' id='word_1_899' title='bbox 2082 5135 2164 5188; x_wconf 84' lang='lat' dir='ltr'><strong>lea:</strong></span> <span class='ocrx_word' id='word_1_900' title='bbox 2188 5145 2240 5189; x_wconf 87' lang='lat' dir='ltr'><strong>et</strong></span> <span class='ocrx_word' id='word_1_901' title='bbox 2262 5137 2526 5207; x_wconf 68' lang='lat' dir='ltr'><strong>propheta</strong></span> <span class='ocrx_word' id='word_1_902' title='bbox 2560 5154 2718 5207; x_wconf 75' lang='lat' dir='ltr'><strong>usque</strong></span> <span class='ocrx_word' id='word_1_903' title='bbox 2760 5139 2831 5191; x_wconf 84' lang='lat' dir='ltr'><strong>ad</strong></span> <span class='ocrx_word' id='word_1_904' title='bbox 2854 5137 3142 5205; x_wconf 75' lang='lat' dir='ltr'><strong>Joannem;</strong></span> <span class='ocrx_word' id='word_1_905' title='bbox 3178 5160 3197 5191; x_wconf 69' lang='grc' dir='ltr'><strong>ι</strong></span> <span class='ocrx_word' id='word_1_906' title='bbox 3226 5157 3311 5193; x_wconf 79' lang='lat' dir='ltr'><strong>ver</strong></span> <span class='ocrx_word' id='word_1_907' title='bbox 3342 5135 3443 5195; x_wconf 57' lang='lat' dir='ltr'><strong>au?-</strong></span> 
     </span>
    </p>
   </div>
   <div class='ocr_carea' id='block_1_114' title="bbox 1878 5206 3443 5279">
    <p class='ocr_par' dir='ltr' id='par_1_114' title="bbox 1878 5206 3443 5279">
     <span class='ocr_line' id='line_1_119' title="bbox 1878 5206 3443 5279; baseline 0.006 -23"><span class='ocrx_word' id='word_1_908' title='bbox 1878 5215 1979 5256; x_wconf 84' lang='lat' dir='ltr'><strong>tcm</strong></span> <span class='ocrx_word' id='word_1_909' title='bbox 2026 5221 2089 5257; x_wconf 86' lang='lat' dir='ltr'><strong>ac</strong></span> <span class='ocrx_word' id='word_1_910' title='bbox 2133 5214 2362 5279; x_wconf 59' lang='lat' dir='ltr'><strong>aestatem</strong></span> <span class='ocrx_word' id='word_1_911' title='bbox 2389 5206 2482 5279; x_wconf 61' lang='lat' dir='ltr'><strong>alr</strong></span> <span class='ocrx_word' id='word_1_912' title='bbox 2517 5206 2643 5276; x_wconf 74' lang='lat' dir='ltr'><strong>ejus</strong></span> <span class='ocrx_word' id='word_1_913' title='bbox 2673 5208 2909 5275; x_wconf 84' lang='lat' dir='ltr'><strong>deinceps</strong></span> <span class='ocrx_word' id='word_1_914' title='bbox 2956 5212 3200 5275; x_wconf 87' lang='lat' dir='ltr'><strong>adventu,</strong></span> <span class='ocrx_word' id='word_1_915' title='bbox 3233 5212 3443 5279; x_wconf 81' lang='lat' dir='ltr'><strong>quando</strong></span> 
     </span>
    </p>
   </div>
   <div class='ocr_carea' id='block_1_115' title="bbox 1878 5275 3447 5351">
    <p class='ocr_par' dir='ltr' id='par_1_115' title="bbox 1878 5275 3447 5351">
     <span class='ocr_line' id='line_1_120' title="bbox 1878 5275 3447 5351; baseline 0.006 -26"><span class='ocrx_word' id='word_1_916' title='bbox 1878 5275 2257 5351; x_wconf 54' lang='lat' dir='ltr'><strong>nomamplius</strong></span> <span class='ocrx_word' id='word_1_917' title='bbox 2304 5275 2558 5351; x_wconf 64' lang='lat' dir='ltr'><strong>imhribus</strong></span> <span class='ocrx_word' id='word_1_918' title='bbox 2610 5293 2736 5346; x_wconf 88' lang='lat' dir='ltr'><strong>opus</strong></span> <span class='ocrx_word' id='word_1_919' title='bbox 2786 5289 2884 5342; x_wconf 86' lang='lat' dir='ltr'><strong>est,</strong></span> <span class='ocrx_word' id='word_1_920' title='bbox 2917 5297 3034 5334; x_wconf 89' lang='lat' dir='ltr'><strong>cum</strong></span> <span class='ocrx_word' id='word_1_921' title='bbox 3067 5281 3186 5351; x_wconf 67' lang='lat' dir='ltr'><strong>ja_m</strong></span> <span class='ocrx_word' id='word_1_922' title='bbox 3234 5275 3447 5351; x_wconf 73' lang='lat' dir='ltr'><strong>propter</strong></span> 
     </span>
    </p>
   </div>
   <div class='ocr_carea' id='block_1_116' title="bbox 1879 5342 3443 5419">
    <p class='ocr_par' dir='ltr' id='par_1_116' title="bbox 1879 5342 3443 5419">
     <span class='ocr_line' id='line_1_121' title="bbox 1879 5342 3443 5419; baseline 0.005 -22"><span class='ocrx_word' id='word_1_923' title='bbox 1879 5342 2162 5419; x_wconf 55' lang='lat' dir='ltr'><strong>Christum</strong></span> <span class='ocrx_word' id='word_1_924' title='bbox 2192 5346 2347 5419; x_wconf 82' lang='lat' dir='ltr'><strong>ﬂores</strong></span> <span class='ocrx_word' id='word_1_925' title='bbox 2389 5348 2445 5399; x_wconf 81' lang='lat' dir='ltr'><strong>in</strong></span> <span class='ocrx_word' id='word_1_926' title='bbox 2497 5342 2650 5419; x_wconf 45' lang='lat' dir='ltr'><strong>terra:</strong></span> <span class='ocrx_word' id='word_1_927' title='bbox 2676 5342 3166 5419; x_wconf 50' lang='lat' dir='ltr'><strong>appai&#39;ueruitt.&#39;Et</strong></span> <span class='ocrx_word' id='word_1_928' title='bbox 3216 5342 3279 5401; x_wconf 78' lang='lat' dir='ltr'><strong>ab</strong></span> <span class='ocrx_word' id='word_1_929' title='bbox 3328 5342 3443 5419; x_wconf 56' lang='lat' dir='ltr'><strong>&#39;ejtts</strong></span> 
     </span>
    </p>
   </div>
   <div class='ocr_carea' id='block_1_117' title="bbox 1874 5413 3453 5487">
    <p class='ocr_par' dir='ltr' id='par_1_117' title="bbox 1874 5413 3453 5487">
     <span class='ocr_line' id='line_1_122' title="bbox 1874 5413 3453 5487; baseline 0.006 -23"><span class='ocrx_word' id='word_1_930' title='bbox 1874 5414 2096 5487; x_wconf 75' lang='lat' dir='ltr'><strong>adventu</strong></span> <span class='ocrx_word' id='word_1_931' title='bbox 2127 5413 2349 5481; x_wconf 81' lang='lat' dir='ltr'><strong>ﬁculnea</strong></span> <span class='ocrx_word' id='word_1_932' title='bbox 2378 5432 2478 5487; x_wconf 86' lang='lat' dir='ltr'><strong>non</strong></span> <span class='ocrx_word' id='word_1_933' title='bbox 2505 5413 2816 5487; x_wconf 79' lang='lat' dir='ltr'><strong>succiditur,</strong></span> <span class='ocrx_word' id='word_1_934' title='bbox 2860 5434 2991 5487; x_wconf 51' lang='lat' dir='ltr'><strong>qua;</strong></span> <span class='ocrx_word' id='word_1_935' title='bbox 3014 5419 3155 5471; x_wconf 89' lang='lat' dir='ltr'><strong>omni</strong></span> <span class='ocrx_word' id='word_1_936' title='bbox 3184 5427 3322 5471; x_wconf 84' lang='lat' dir='ltr'><strong>retro</strong></span> <span class='ocrx_word' id='word_1_937' title='bbox 3348 5413 3453 5473; x_wconf 59' lang='grc' dir='ltr'><strong>ξας-ι</strong></span> 
     </span>
    </p>
   </div>
   <div class='ocr_carea' id='block_1_118' title="bbox 1869 5484 3441 5558">
    <p class='ocr_par' dir='ltr' id='par_1_118' title="bbox 1869 5484 3441 5558">
     <span class='ocr_line' id='line_1_123' title="bbox 1869 5484 3441 5558; baseline 0.004 -23"><span class='ocrx_word' id='word_1_938' title='bbox 1869 5484 2064 5551; x_wconf 85' lang='lat' dir='ltr'><strong>periori</strong></span> <span class='ocrx_word' id='word_1_939' title='bbox 2094 5492 2320 5558; x_wconf 68' lang='lat' dir='ltr'><strong>tempore</strong></span> <span class='ocrx_word' id='word_1_940' title='bbox 2354 5485 2690 5558; x_wconf 74' lang='lat' dir='ltr'><strong>infructifera</strong></span> <span class='ocrx_word' id='word_1_941' title='bbox 2718 5484 2911 5558; x_wconf 66' lang='lat' dir='ltr'><strong>fuerat.</strong></span> <span class='ocrx_word' id='word_1_942' title='bbox 2945 5486 2993 5539; x_wconf 85' lang='grc' dir='ltr'><strong>Ν</strong></span> <span class='ocrx_word' id='word_1_943' title='bbox 3000 5503 3099 5539; x_wconf 84' lang='lat' dir='ltr'><strong>unc</strong></span> <span class='ocrx_word' id='word_1_944' title='bbox 3126 5487 3264 5539; x_wconf 85' lang='lat' dir='ltr'><strong>enim</strong></span> <span class='ocrx_word' id='word_1_945' title='bbox 3290 5504 3441 5558; x_wconf 80' lang='lat' dir='ltr'><strong>gros-</strong></span> 
     </span>
    </p>
   </div>
   <div class='ocr_carea' id='block_1_119' title="bbox 1872 5551 3447 5626">
    <p class='ocr_par' dir='ltr' id='par_1_119' title="bbox 1872 5551 3447 5626">
     <span class='ocr_line' id='line_1_124' title="bbox 1872 5551 3447 5626; baseline 0.006 -20"><span class='ocrx_word' id='word_1_946' title='bbox 1872 5569 1957 5606; x_wconf 82' lang='lat' dir='ltr'><strong>sos</strong></span> <span class='ocrx_word' id='word_1_947' title='bbox 1986 5551 2238 5626; x_wconf 61' lang='lat' dir='ltr'><strong>protulit,</strong></span> <span class='ocrx_word' id='word_1_948' title='bbox 2262 5571 2322 5606; x_wconf 90' lang='lat' dir='ltr'><strong>ac</strong></span> <span class='ocrx_word' id='word_1_949' title='bbox 2349 5551 2480 5626; x_wconf 71' lang='lat' dir='ltr'><strong>uites</strong></span> <span class='ocrx_word' id='word_1_950' title='bbox 2510 5551 2726 5624; x_wconf 70' lang='lat' dir='ltr'><strong>ﬂorent.</strong></span> <span class='ocrx_word' id='word_1_951' title='bbox 2747 5553 2955 5626; x_wconf 71' lang='lat' dir='ltr'><strong>Idcirco</strong></span> <span class='ocrx_word' id='word_1_952' title='bbox 2982 5558 3058 5611; x_wconf 88' lang='lat' dir='ltr'><strong>ait</strong></span> <span class='ocrx_word' id='word_1_953' title='bbox 3089 5571 3221 5612; x_wconf 85' lang='lat' dir='ltr'><strong>unus</strong></span> <span class='ocrx_word' id='word_1_954' title='bbox 3251 5551 3447 5626; x_wconf 54' lang='lat' dir='ltr'><strong>palmi:</strong></span> 
     </span>
    </p>
   </div>
   <div class='ocr_carea' id='block_1_120' title="bbox 1874 5619 3078 5682">
    <p class='ocr_par' dir='ltr' id='par_1_120' title="bbox 1874 5619 3078 5682">
     <span class='ocr_line' id='line_1_125' title="bbox 1874 5619 3078 5682; baseline 0.003 -7"><span class='ocrx_word' id='word_1_955' title='bbox 1874 5631 1983 5675; x_wconf 87' lang='lat' dir='ltr'><strong>tum</strong></span> <span class='ocrx_word' id='word_1_956' title='bbox 2014 5634 2032 5673; x_wconf 89' lang='lat'><strong><em>:</em></strong></span> <span class='ocrx_word' id='word_1_957' title='bbox 2061 5638 2078 5671; x_wconf 73' lang='grc' dir='ltr'>ι</span> <span class='ocrx_word' id='word_1_958' title='bbox 2113 5619 2310 5677; x_wconf 79' lang='lat' dir='ltr'><strong>Christi</strong></span> <span class='ocrx_word' id='word_1_959' title='bbox 2340 5619 2658 5682; x_wconf 38' lang='lat' dir='ltr'><strong>bonus-odor</strong></span> <span class='ocrx_word' id='word_1_960' title='bbox 2682 5639 2864 5679; x_wconf 85' lang='lat' dir='ltr'><strong>sumus</strong></span> <span class='ocrx_word' id='word_1_961' title='bbox 2898 5624 3024 5681; x_wconf 83' lang='lat' dir='ltr'><strong>Deo.</strong></span> <span class='ocrx_word' id='word_1_962' title='bbox 3056 5644 3078 5679; x_wconf 71' lang='grc' dir='ltr'><strong><em>ι</em></strong></span> 
     </span>
    </p>
   </div>
  </div>
