4236 6282
616 308 726 366 183

1690 315 2017 373 ORIGENIS
2053 316 2122 374 IN
2163 317 2521 378 CANTICUM
2559 318 2834 378 CANTIC.

3788 331 3899 387 lsi

619 434 829 492 catum,
852 424 1092 498 etl‘ugere
1111 428 1353 498 iubetur,
1387 429 1531 485 sicut
1555 438 1609 485 et
1632 429 1852 487 damula
1877 447 1943 487 ex
1966 432 2202 502 laqueis,
2235 439 2280 496 Α
2310 432 2364 488 in
2396 430 2756 491 similitudine
2782 439 2965 493 carnis
2997 438 3229 508 peccati,
3256 440 3323 496 de
3347 449 3572 511 peccato
3602 442 3898 504 damnaret

619 527 675 573 et
724 519 841 573 avis
880 533 948 573 ex
980 519 1204 573 retibus.
1234 517 1399 576 Plena
1437 528 1522 575 est
1562 535 1695 592 ergo
1735 523 1842 577 vita
1887 524 2200 578 mortalium

620 613 833 683 laqueis
878 611 1242 666 on'ensionum
1268 651 1284 678 ,
1329 613 1536 669 retibus
1583 615 1741 685 plena
1794 619 2198 687 deeeptionum,

619 722 760 776 quas
805 705 974 761 tendit
1022 705 1313 761 adversum
1361 722 1536 779 genus
1588 708 1890 764 humanum
1944 711 2054 775 ille,
2106 709 2200 781 qui

616 805 805 851 contra
838 795 1133 852 Dominum
1170 795 1327 867 gigas
1356 806 1584 853 venator
1606 795 1843 852 Nemi-od
1872 798 2197 869 appellatur.

624 886 794 942 Verus
826 887 1029 942 etenim
1077 888 1230 958 gigas
1277 888 1404 958 quis
1455 889 1597 944 alius
1636 900 1720 945 est
1770 891 1874 946 nisi
1924 891 2198 960 diabolus,

611 980 707 1048 qui
752 977 916 1032 etiam
972 977 1239 1034 adversus
1299 977 1468 1034 Deum
1515 980 1777 1034 rebellat?
1822 980 2026 1052 Laquei
2071 997 2201 1053 ergo

610 1074 998 1137 tentationum,
1029 1081 1085 1126 et
1126 1072 1392 1142 decipula;
1440 1073 1787 1140 insidiarum,
1822 1073 2028 1129 diaboli
2058 1075 2196 1130 retia

610 1166 975 1238 appellantur.
1002 1165 1070 1219 Et
1094 1165 1357 1236 quoniam
1390 1168 1506 1222 haec
1538 1167 1675 1221 retia
1706 1166 1910 1237 ubique
1952 1167 2197 1224 tetende-

606 1270 694 1315 rat
724 1260 1003 1326 inimicus,
1037 1267 1201 1328 atque
1229 1258 1284 1312 in
1315 1259 1450 1329 ipsis
1474 1274 1612 1328 pene
1644 1274 1837 1315 omnes
1874 1259 2197 1328 involverat,

610 1353 904 1426 oportebat
954 1366 1079 1409 esse
1127 1352 1364 1422 aliquem
1414 1353 1509 1422 qui
1545 1352 1742 1407 fortior
1770 1362 1824 1409 et
1872 1350 2233 1408 eminentior

612 1449 764 1503 iteret
791 1446 903 1514 his,
926 1454 982 1500 et
1023 1452 1330 1500 contereret
1353 1460 1439 1509 ea,
1476 1453 1537 1499 ut
1568 1444 1923 1514 sequentibus
1965 1459 2026 1500 se
2052 1442 2195 1499 viam

608 1544 799 1607 posset
831 1537 1066 1607 aperire.
1097 1533 1308 1590 idcirco
1337 1550 1470 1607 ergo
1492 1543 1548 1592 et
1575 1535 1825 1590 Salvator
1851 1535 2004 1606 prius
2030 1548 2197 1605 quam

595 1629 668 1683 'in
714 1628 1030 1698 coniugium
1074 1634 1130 1682 et
1163 1625 1478 1682 societatem
1524 1628 1735 1684 veniret
1762 1627 2045 1694 Ecclesiae,
2076 1636 2199 1683 ten-

606 1732 766 1778 tatur
806 1736 837 1776 a
886 1720 1126 1787 diabolo,
1163 1731 1226 1776 ut
1265 1721 1495 1776 vincens
1539 1721 1674 1777 retia
1707 1721 2065 1776 tentationum
2102 1735 2201 1792 per

605 1816 732 1882 ipsa
784 1813 1159 1885 prospiceret,
1192 1821 1246 1868 et
1288 1827 1387 1884 per
1418 1814 1535 1883 ipsa
1583 1821 1805 1869 vocaret
1851 1828 1972 1868 eam
2015 1813 2082 1868 ad
2115 1829 2197 1882 se,

614 1908 819 1964 decens
872 1906 992 1962 sine
1031 1905 1201 1961 dubio
1249 1913 1304 1961 et
1354 1906 1647 1962 ostendens
1691 1907 1741 1962 ei
1769 1906 1914 1977 quod
1952 1922 2060 1961 non
2103 1922 2202 1977 per

609 1999 786 2054 otium
837 2008 893 2055 et
930 1999 1192 2065 delicias,
1227 1999 1323 2054 sed
1369 2013 1468 2068 per
1492 1998 1696 2053 multas
1728 1998 2113 2054 tribulationes
2145 2007 2201 2054 et

611 2091 942 2147 tentationes
994 2088 1320 2145 veniendum
1393 2088 1498 2144 sibi
1568 2098 1714 2143 esset
1767 2090 1833 2143 ad
1893 2088 2196 2144 Christum.

606 2181 804 2242 Nullus
834 2196 967 2253 ergo
991 2181 1133 2237 alius
1180 2177 1305 2248 fuit,
1341 2179 1436 2249 qui
1481 2178 1614 2233 retia
1671 2181 1773 2235 ista
1807 2194 2069 2248 superare
2099 2193 2199 2248 ps-

613 2274 799 2331 tuerit.
836 2272 1029 2330 Omnes
1080 2272 1217 2327 enim
1263 2280 1605 2341 peccaverunt
1638 2271 1703 2339 3',
1743 2270 1887 2325 sicut
1932 2271 2196 2340 scriptum

611 2379 715 2421 est.
743 2364 813 2420 Et
856 2379 1073 2429 rursus,
1103 2372 1163 2418 ut
1207 2362 1490 2433 Scriptura
1522 2362 1704 2417 dicit:
1743 2360 1866 2415 Non
1905 2371 1983 2415 est
2014 2363 2197 2430 justus

613 2474 771 2528 super
796 2467 991 2512 terram
1028 2456 1117 2526 qui
1148 2455 1329 2525 fecerit
1362 2458 1573 2517 bonunt,
1611 2463 1659 2507 et
1688 2469 1791 2507 non
1818 2454 2107 2524 peccaverit
2128 2452 2192 2507 “.

613 2549 682 2605 Et
713 2550 909 2605 iterum
943 2564 959 2601 :
988 2546 1158 2603 Nemo
1186 2546 1413 2602 mundus
1447 2563 1479 2601 a
1503 2546 1678 2610 sorde,
1714 2563 1805 2600 nec
1831 2547 1878 2600 si
1902 2547 2056 2601 unius
2087 2545 2198 2600 die!

613 2642 778 2709 fuerit
822 2623 930 2695 rita
968 2639 1084 2710 ejus
1115 2640 1180 2694 ⁸⁸.
1211 2638 1376 2694 Solus
1406 2654 1536 2710 ergo
1574 2648 1658 2694 est
1694 2637 1961 2694 Dominus
1988 2651 2042 2694 et
2070 2638 2193 2693 Sal-

614 2742 774 2788 vator
804 2732 915 2804 87
948 2737 1137 2786 noster
1169 2730 1331 2787 Jesus
1358 2730 1614 2786 Christus
1640 2731 1733 2800 qui
1765 2739 2049 2800 peccatum
2084 2746 2192 2785 non

594 2824 764 2889 iecit,
793 2823 886 2878 sed
935 2829 1218 2893 peccatum
1270 2837 1397 2877 eum
1451 2820 1607 2877 Pater
1637 2821 1766 2878 fecit
1792 2837 1891 2892 pro
1923 2823 2101 2887 nobis,
2134 2831 2195 2876 ut

2304 538 2610 597 peccatum.
2642 527 2797 583 Venit
2830 545 2963 601 ergo
3008 533 3075 586 ad
3123 532 3227 588 ista
3265 535 3434 602 retia,
3466 537 3559 591 sed
3594 536 3795 594 involvi
3837 542 3896 595 in

2303 619 2386 674 eis
2418 620 2570 675 solus
2610 620 2728 690 ipse
2756 637 2867 675 non
2914 624 3093 692 potuit
3138 640 3151 675 :
3189 625 3440 695 quinimo
3468 627 3702 699 diruptis
3729 631 3810 686 eis
3838 641 3899 686 et

2302 711 2553 767 contritis
2601 712 2696 766 dat
2736 711 2996 770 Ecclesiae
3031 729 3145 769 suae
3170 715 3424 771 ﬁduciam
3461 728 3522 773 ut
3551 721 3748 775 audeat
3772 722 3895 793 iam

2303 817 2524 858 eassare
2549 804 2800 874 laqueos,
2829 814 2882 859 et
2916 806 3153 863 transire
3180 823 3277 878 per
3311 810 3467 877 retia,
3492 820 3549 866 et
3584 828 3708 868 eum
3736 815 3891 870 omni

2303 895 2591 951 alacritate
2621 897 2804 952 dicere
2834 912 2849 949 :
2883 898 3079 952 Anima
3109 911 3291 954 nostra
3318 903 3454 957 sicut
3486 921 3668 974 passer
3706 920 3893 979 erepta

2302 996 2381 1042 est
2406 990 2471 1041 de
2494 986 2679 1059 laqueo
2710 991 3043 1054 venantium;
3066 990 3285 1062 laqueus
3312 996 3569 1051 contritus
3589 1009 3686 1063 est,
3716 1008 3769 1053 et
3792 1017 3891 1056 nos

2301 1076 2517 1134 liberati
2538 1096 2721 1135 sumus
2750 1081 2816 1135 ³⁸.
2841 1080 2978 1148 Quis
3008 1090 3190 1139 autem
3215 1088 3473 1143 contrivit
3505 1088 3753 1159 laqueos,
3779 1092 3892 1148 nisi

2301 1169 2392 1227 ille
2426 1173 2521 1242 qui
2545 1174 2707 1230 solus
2738 1173 2791 1230 in
2822 1175 2902 1230 eis
2932 1175 3098 1230 teneri
3143 1193 3251 1231 non
3299 1180 3510 1248 potuit?
3539 1180 3799 1248 Quamvis
3832 1193 3892 1240 et

2300 1263 2418 1335 ipse
2447 1265 2501 1319 in
2534 1275 2711 1322 morte
2761 1266 2928 1322 fuerit
2961 1268 3290 1337 voluntarie,
3323 1281 3377 1326 et
3416 1288 3525 1328 non
3564 1285 3624 1329 ut
3651 1291 3752 1331 nos
3786 1292 3890 1332 ne-

2301 1359 2559 1415 cessitate
2613 1361 2844 1430 peccati.
2895 1359 3059 1419 Solus
3106 1373 3191 1420 est
3234 1364 3380 1421 enim
3435 1367 3527 1435 qui
3587 1367 3691 1423 iuit
3746 1370 3890 1425 inter

2301 1458 2551 1507 mortuos
2577 1451 2736 1508 liber.
2770 1451 2837 1508 Et
2867 1455 2996 1529 quia
3029 1456 3164 1526 liber
3194 1456 3335 1511 inter
3362 1470 3606 1515 mortuos
3645 1459 3767 1528 fuit,
3798 1462 3890 1521 id—

2300 1540 2452 1598 circo
2481 1543 2697 1600 devicto
2729 1560 2796 1601 eo
2838 1547 2935 1617 qui
2970 1548 3162 1604 habuit
3189 1550 3383 1606 mortis
3411 1551 3727 1622 imperium,
3759 1553 3890 1609 abs-

2303 1634 2470 1690 traxit
2514 1636 2884 1707 captivitatem
2938 1656 3064 1712 qua:
3116 1643 3403 1699 tenebatur
3445 1645 3499 1701 in
3551 1656 3779 1704 mortem
3817 1647 3887 1702 ³⁷.

2302 1726 2371 1783 Εῑ
2412 1743 2522 1783 non
2562 1729 2740 1785 solum
2774 1735 3129 1805 semetipsum
3174 1736 3526 1792 resuscitavit
3566 1754 3596 1795 a
3629 1743 3889 1808 mortuis,

2302 1818 2396 1874 sed
2427 1826 2479 1874 et
2510 1833 2606 1876 eos
2628 1821 2722 1891 qui
2757 1824 3081 1882 tenebantur
3109 1826 3163 1880 in
3190 1837 3384 1894 morte,
3414 1829 3576 1888 simul
3607 1831 3890 1902 excitavit,

2302 1910 2580 1981 simulque
2638 1914 2828 1971 sedere
2888 1916 2942 1975 in
2989 1917 3306 1975 etelestibus
3370 1917 3516 1976 fecit.
3568 1921 3890 1983 Ascendens

2302 2001 2448 2058 enim
2497 2002 2553 2057 in
2592 2003 2763 2059 altum
2811 2009 3079 2079 captivam
3130 2010 3288 2065 duxit
3337 2011 3738 2081 captivitatem,
3774 2031 3887 2071 non

2303 2091 2483 2147 solum
2514 2095 2729 2151 animas
2769 2096 3031 2167 educens,
3068 2099 3160 2154 sed
3204 2107 3260 2156 et
3312 2115 3547 2172 corpora
3579 2116 3770 2157 eorum
3801 2119 3891 2158 re-

2303 2182 2603 2253 suscitans,
2656 2185 2802 2242 sicut
2846 2196 3076 2246 testatur
3112 2189 3467 2264 Evangelium
3519 2193 3668 2264 quod
3713 2195 3888 2253 mul'a

2306 2288 2539 2349 corpora
2593 2287 2913 2338 sanctorum
2962 2284 3288 2340 resuscitata
3337 2294 3487 2352 ευιη,
3535 2296 3589 2344 et
3624 2302 3892 2356 apparue-

2301 2375 2432 2420 runt
2469 2368 2694 2438 multis,
2741 2380 2797 2428 et
2850 2374 3181 2431 introierunt
3232 2376 3286 2430 in
3326 2386 3570 2431 sanctam
3611 2377 3888 2435 civitatem

2305 2458 2399 2513 Dei
2433 2459 2670 2518 viventis
2703 2462 3046 2521 Hierusalem
3081 2466 3147 2519 ³⁸.
3178 2464 3302 2522 Haec
3333 2468 3492 2524 nobis
3524 2470 3792 2538 expositio
3820 2472 3890 2526 de

2304 2551 2515 2607 retibus
2544 2554 2789 2609 secundo
2822 2555 2876 2611 in
2907 2556 3026 2612 loco
3057 2567 3337 2627 assumpta
3380 2567 3485 2615 est.
3521 2558 3604 2615 Sit
3647 2576 3780 2616 sane
3808 2562 3891 2616 le-

2303 2641 2481 2711 gentis
2503 2641 2797 2713 judicium,
2823 2661 2944 2717 quae
2963 2662 3154 2704 earum
3188 2650 3433 2720 mysticis
3472 2651 3690 2723 dignius
3713 2653 3889 2723 aptari

2303 2737 2476 2804 possit
2503 2736 2758 2807 eloquiis.

615 3038 3842 3076 nm-mm

1735 3203 2090 3293 LIBEB
2191 3205 2786 3303 QUARTUS.

696 3545 848 3602 Vers.
881 3544 975 3612 i0,
1007 3546 1067 3600 ll
1096 3588 1111 3613 ,
1149 3547 1251 3613 12,
1286 3547 1374 3602 l5.
1406 3547 1595 3619 Surge,
1621 3550 1758 3616 veni,
1788 3550 2036 3621 proxima
2063 3565 2199 3613 nua,
2231 3551 2273 3608 C
2308 3567 2412 3606 msr
2442 3551 2650 3607 videret
2680 3552 2969 3622 imaginem
3002 3553 3121 3622 ejus
3148 3551 3395 3607 renovari
3426 3553 3493 3606 de
3518 3552 3605 3607 die
3626 3552 3678 3606 in
3695 3552 3835 3607 diem
3866 3568 3885 3620 ;

619 3641 857 3712 speciosa
909 3657 1046 3704 mea,
1096 3640 1340 3695 columba
1385 3657 1524 3704 mea,
1576 3644 1828 3712 quoniam
1877 3660 1989 3698 ecce
2040 3644 2206 3698 hiems

623 3736 841 3789 transiit
867 3774 884 3801 ,
916 3734 1098 3806 pluvia
1120 3735 1252 3789 abiit
1284 3748 1333 3791 et
1380 3737 1592 3790 recessit
1623 3736 1748 3799 sibi,
1781 3735 1940 3804 ﬂores
1963 3737 2062 3789 visi
2084 3745 2208 3790 sunt

622 3830 678 3883 in
709 3838 871 3894 terra,
899 3837 1104 3899 tempus
1136 3829 1432 3898 putationis
1454 3828 1689 3895 advenit,
1718 3842 1818 3881 vox
1852 3829 2077 3883 turturis
2106 3844 2209 3881 au-

623 3921 739 3974 dita
766 3931 844 3975 est
869 3921 926 3975 in
956 3930 1097 3975 terra
1126 3930 1330 3975 nostra.
1365 3920 1540 3976 Arbor
1565 3922 1658 3991 ﬁci
1683 3919 1937 3988 produxit
1972 3920 2209 3989 germina

624 4026 746 4073 sua,
789 4010 918 4064 vites
957 4012 1206 4079 florentes
1250 4011 1507 4066 dederunt
1574 4012 1792 4066 odorem
1840 4028 2015 4065 suum.
2069 4010 2210 4078 Quid

624 4099 903 4155 contineat
957 4100 1093 4156 ordo
1136 4102 1403 4160 dramatis
1444 4103 1554 4174 iam
1597 4119 1763 4180 supra
1795 4104 2207 4176 descripsimus,

626 4206 774 4247 nunc
829 4206 962 4248 vero
1006 4192 1136 4265 quid
1172 4193 1253 4250 vel
1289 4210 1473 4251 sermo
1511 4193 1606 4250 Dei
1651 4197 1719 4252 ad
1762 4196 2002 4251 animam
2039 4211 2098 4252 se
2130 4197 2210 4251 di-

622 4300 784 4353 gnam
820 4286 1035 4356 sibique
1083 4294 1290 4355 aptam,
1321 4287 1407 4341 vel
1439 4286 1569 4357 quid
1610 4286 1865 4344 Christus
1913 4288 1979 4342 ad
2019 4286 2209 4342 Eccle-

625 4379 765 4432 siam
794 4379 977 4433 dicere
1013 4378 1397 4446 intelligendus
1432 4380 1522 4441 sit,
1571 4379 1954 4436 advertamus.
1988 4379 2093 4434 Sed
2126 4378 2213 4432 in-

626 4472 785 4527 terim
822 4470 1035 4540 primus
1079 4482 1263 4522 sermo
1299 4465 1394 4522 Dei
1447 4468 1704 4536 loquatur
1726 4471 1793 4523 ad
1826 4471 1967 4525 hanc
2002 4473 2213 4540 specio—

626 4578 745 4621 sam
762 4562 1129 4630 decoramque
1153 4559 1417 4626 animam,
1442 4559 1529 4613 cui
1557 4574 1652 4629 per
1673 4574 1868 4616 sensus
1898 4577 2210 4633 corporcos,

625 4657 679 4711 id
730 4663 813 4711 est
840 4670 938 4726 per
972 4652 1227 4709 intuitum
1271 4651 1542 4716 lectionis,
1595 4660 1648 4707 et
1687 4667 1789 4723 per
1818 4653 2069 4710 auditum
2110 4656 2211 4711 do-

629 4749 840 4813 ctrinm,
865 4747 1022 4817 quasi
1050 4761 1146 4815 per
1184 4743 1456 4801 fenestras
1483 4744 1758 4815 apparuit,
1802 4745 2214 4807 proceritatem-

629 4855 739 4912 que
779 4854 895 4895 sua:
930 4838 1328 4909 magnitudinis
1363 4836 1782 4901 demonstravit,
1820 4836 1896 4891 ita
1928 4847 1989 4895 ut
2023 4837 2078 4894 in
2119 4854 2215 4895 su-

631 4932 939 5005 perioribus
984 4932 1034 4987 ei
1088 4933 1403 5002 loqueretur
1452 4928 1818 4995 incumbens,
1866 4938 2034 4999 atque
2086 4930 2212 4987 inde

631 5041 870 5083 evocans
917 5040 1063 5091 eam,
1096 5035 1158 5080 ut
1198 5024 1460 5096 procedat
1495 5024 1664 5087 foras,
1712 5030 1768 5078 et
1814 5032 1970 5077 extra
2017 5039 2213 5080 sensus

629 5121 741 5190 iam
767 5132 1060 5190 corporeos
1088 5116 1277 5173 ctiecta
1303 5116 1519 5173 desinat
1543 5131 1666 5172 esse
1693 5115 1749 5170 in
1776 5130 1959 5183 carne,
1991 5124 2051 5170 ut
2091 5132 2213 5173 me-

632 5214 741 5269 rito
767 5211 958 5267 audiat
991 5228 1007 5266 :
1072 5208 1173 5265 Vos
1219 5219 1397 5264 autem
1433 5225 1538 5263 non
1561 5210 1688 5264 estis
1726 5209 1783 5263 in
1819 5224 1996 5275 carne,
2034 5210 2124 5263 sed
2158 5209 2215 5263 in

633 5304 827 5376 spiritu
859 5303 926 5358 ³⁸.
975 5300 1094 5359 Νοη
1151 5301 1297 5357 enim
1341 5300 1522 5355 taliter
1571 5301 1778 5357 diceret
1816 5315 1936 5354 eam
1977 5297 2239 5353 Verbum-

634 5398 732 5457 Dei
755 5398 1064 5471 proximam
1100 5395 1240 5461 sibi,
1280 5394 1386 5451 nisi
1409 5394 1763 5465 coniungeret
1788 5408 1847 5447 se
1872 5393 1943 5459 ei,
1974 5400 2028 5446 et
2067 5392 2219 5449 lien-t

635 5508 760 5548 eum
790 5509 855 5550 eo
885 5507 1028 5548 unus
1056 5489 1304 5560 spiritus,
1350 5502 1452 5543 nec
1481 5487 1687 5542 diceret
1733 5501 1852 5540 eam
1887 5483 2214 5554 speciosam,

706 5640 755 5673 "
778 5640 934 5695 Rom.
968 5657 1051 5696 Ill.
1074 5641 1165 5695 25.
1245 5636 1289 5670 ³⁸
1315 5634 1459 5689 Eccl.
1484 5649 1582 5696 vit,
1614 5631 1705 5685 9.1.
1784 5632 1827 5663 ³⁵
1853 5629 1975 5684 Joh.
2007 5643 2096 5688 xv,
2128 5626 2213 5683 ii.

635 5724 809 5777 xxvii,
853 5711 940 5774 52,
994 5712 1081 5764 55.
1158 5711 1178 5741 ⁸
1229 5709 1390 5762 Rom.
1421 5720 1536 5768 vtu,
1577 5703 1629 5756 9.
1707 5702 1751 5734 ιθ
1779 5700 1923 5755 Psal.
1954 5715 2041 5762 Lv,
2075 5696 2128 5750 6.

2310 3651 2365 3697 et
2398 3643 2500 3698 nisi
2543 3642 2753 3697 videret
2780 3658 2898 3697 eam
2928 3658 3181 3712 capacem
3215 3641 3451 3713 Spiritus
3480 3643 3677 3710 sancti,
3707 3643 3800 3713 qui
3831 3643 3888 3699 in

2311 3734 2491 3805 specie
2513 3736 2785 3791 columba:
2817 3735 3097 3791 descendit
3125 3736 3179 3789 in
3215 3734 3454 3791 Jordane
3484 3752 3650 3809 super
3674 3734 3885 3800 Jcsum,

2311 3842 2421 3881 non
2468 3826 2519 3881 ei
2571 3827 2820 3882 diceret:
2855 3826 3112 3882 Columba
3164 3844 3300 3882 mea.
3367 3827 3702 3899 Couecperat
3741 3828 3888 3884 enim

2311 3931 2554 3971 amorem
2613 3914 2775 3970 Verbi
2815 3916 2932 3983 Dei,
2981 3925 3035 3971 et
3079 3919 3331 3987 cupiebat
3381 3918 3446 3973 ad
3490 3919 3668 3989 ipsum
3704 3919 3890 3974 volatu

2313 4007 2477 4062 celeri
2529 4007 2835 4076 pervenire,
2891 4008 3082 4063 dicens
3120 4027 3132 4064 :
3173 4008 3305 4074 Quis
3344 4010 3476 4064 mihi
3518 4009 3665 4063 dabit
3693 4025 3890 4080 pennas

2311 4100 2449 4155 sicut
2497 4099 2773 4167 columbis,
2811 4110 2860 4155 et
2890 4101 3096 4167 volabo,
3138 4113 3188 4156 et
3224 4103 3544 4173 requiescam
3573 4103 3656 4157 ‘°?
3688 4101 3891 4158 Volabo

2313 4192 2586 4259 sensibus,
2649 4193 2843 4248 volabo
2891 4193 3253 4250 intellectihus
3296 4195 3652 4264 spiritalibus,
3700 4205 3756 4249 et
3804 4209 3890 4250 re-

2312 4284 2590 4353 quiescam
2637 4299 2762 4338 cum
2811 4286 3219 4354 apprehendere
3250 4286 3528 4355 sapientiae
3557 4296 3609 4339 et
3652 4285 3892 4341 scientiae

2313 4376 2436 4445 eius
2480 4376 2789 4431 thesauros.
2842 4375 2984 4431 Puto
3026 4377 3168 4431 enim
3201 4377 3328 4447 quia
3360 4376 3503 4430 sicut
3531 4376 3621 4445 qui
3658 4384 3888 4431 mortem

2313 4466 2519 4522 Christi
2551 4466 2842 4537 recipiunt,
2871 4477 2924 4522 ct
2963 4465 3294 4521 mortiﬁcant
3324 4466 3568 4521 membra
3601 4481 3698 4520 sua
3727 4480 3890 4536 super

2318 4572 2541 4627 terram,
2601 4571 2883 4615 consortes
2922 4560 3232 4615 elliciunlur
3278 4558 3655 4614 similitudinis
3698 4557 3891 4612 mortis

2316 4656 2469 4725 eius;
2505 4655 2575 4709 ita
2602 4664 2655 4709 et
2680 4653 2733 4708 bi
2758 4653 3121 4724 quivirtutem
3149 4650 3385 4722 Spiritus
3406 4651 3580 4706 sancti
3606 4649 3888 4719 recipiunt,

2317 4756 2372 4803 et
2405 4746 2820 4801 sanctiticantur
2868 4759 2934 4798 ex
2984 4759 3068 4810 eo,
3122 4755 3175 4798 et
3224 4743 3385 4798 donis
3428 4743 3548 4814 eius
3597 4741 3891 4811 replentur,

2319 4838 2447 4908 quia
2497 4838 2612 4906 ipse
2660 4839 2739 4892 it?=
2763 4836 2943 4906 specie
2984 4834 3252 4891 columba:
3285 4834 3556 4905 apparuit,
3589 4834 3751 4889 etiam
3792 4831 3892 4901 ipsi

2318 4931 2586 4988 columba:
2636 4931 2790 4995 fiant,
2843 4936 2904 4982 ut
2955 4928 3024 4983 de
3068 4928 3298 4984 terrenis
3331 4937 3385 4982 ct
3431 4926 3710 4997 corporeis
3762 4923 3896 4981 locis

2319 5025 2533 5079 evolent
2578 5023 2644 5077 ad
2692 5021 2934 5076 coelestia
2976 5020 3170 5089 pennis
3220 5020 3398 5075 sancti
3438 5017 3676 5088 Spiritus
3710 5016 3892 5072 suble-

2319 5118 2449 5173 vati.
2475 5116 2630 5184 Quod
2662 5115 2708 5171 si
2747 5122 2929 5169 autem
2960 5121 3176 5183 tempus
3204 5120 3570 5183 opportunum
3619 5125 3730 5180 quo
3782 5111 3896 5166 hanc

2322 5211 2438 5267 iieri
2461 5210 2691 5280 possint,
2714 5218 3113 5277 consequenter
3141 5205 3405 5260 inseruit:
3432 5202 3572 5267 Quia
3587 5202 3894 5267 eccchicms,

2335 5303 2529 5374 inquit,
2567 5300 2802 5366 transiit,
2835 5298 3014 5369 pluvia
3040 5299 3191 5353 abiit.
3227 5295 3345 5351 Non
3371 5294 3515 5350 enim
3561 5304 3687 5349 ante
3716 5293 3895 5349 anima

2324 5393 2506 5450 Verbo
2554 5391 2648 5447 Dei
2687 5389 2939 5460 jungitur
2983 5399 3038 5444 et
3085 5387 3358 5449 sociatur,
3396 5384 3503 5440 nisi
3528 5384 3708 5440 omnis
3735 5399 3801 5439 ex
3833 5397 3894 5439 ea

2325 5486 2499 5539 hiems
2518 5481 2989 5554 perturbationum
3035 5494 3100 5534 ac
3141 5477 3398 5532 vitiorum
3429 5476 3666 5546 procella
3690 5475 3892 5531 disces.

2314 5624 2533 5680 “Psal.
2592 5637 2776 5689 CXXIV,
2832 5618 2882 5672 7.
2997 5619 3041 5657 ³⁷
3076 5617 3272 5688 Ephcs.
3332 5632 3405 5683 tv,
3468 5616 3519 5670 8.
3633 5615 3677 5648 ³⁸
3706 5612 3886 5669 Matth.
