4236 6282
394 265 504 323 185

1745 261 1948 318 LIBER
1987 261 2079 328 QU
2089 263 2126 314 Λ
2139 262 2273 318 RTU
2285 261 2342 316 S.

3547 262 3649 317 186
3697 315 3702 318 .

393 385 576 453 serit,
618 392 673 440 et
706 382 848 438 ultra
879 381 991 452 jam
1029 394 1139 436 non
1183 380 1430 444 ﬂuctuet,
1469 387 1524 434 et
1563 375 1976 436 circumferatur
2004 382 2050 438 A
2077 379 2226 434 ciens
2261 386 2458 434 cuncta
2483 392 2710 449 corpora
2745 377 2893 432 venit
2926 376 2990 432 ad
3018 393 3164 446 eum,
3208 385 3265 431 ut
3305 375 3655 446 perfectionis

397 478 554 532 omni
597 485 756 533 vento
808 475 1074 531 doctrinae
1107 475 1174 527 δ’.
1220 472 1323 528 Ubi
1365 488 1494 545 ergo
1536 488 1602 528 ex
1650 473 1834 528 anima
1864 474 1980 528 haec

393 575 598 623 cuncta
625 567 1000 633 discesserint,
1016 563 1525 636 desideriorumque
1542 563 1611 617 ab
1631 563 1820 618 eadem
1841 572 1980 618 tem-

396 669 583 730 pestas
615 658 888 728 eﬂ‘ugerit,
912 667 1042 713 tunc
1081 655 1340 726 incipient
1367 654 1420 708 in
1453 669 1514 708 ea
1549 654 1712 710 ﬂores
1753 672 1980 712 vernare

400 749 686 814 virtutum,
741 763 872 803 tunc
918 748 1038 817 ejus
1090 747 1259 802 menti
1317 755 1372 800 et
1425 752 1637 815 tempus
1682 749 1978 816 putationis

398 839 657 895 adveniet
698 839 833 910 (Ἱὸ),
867 848 920 895 et
953 839 998 894 si
1027 837 1157 908 quid
1190 838 1524 910 superﬂuum
1559 847 1613 894 et
1640 841 1822 898 minus
1848 845 1980 900 utile

393 930 569 985 fuerit
621 930 677 984 in
743 931 861 1001 ejus
911 933 1168 988 sensibus
1216 932 1301 986 vel
1351 932 1715 989 intellectibus
1763 951 1980 991 reseca-

393 1021 566 1089 bitur,
605 1028 661 1078 et
692 1021 761 1077 ad
800 1037 1043 1095 gemmas
1085 1023 1347 1094 spiritalis
1392 1022 1770 1093 intelligentiae
1821 1041 1982 1084 revo-

392 1113 639 1170 cabitur.

469 1205 628 1259 Tunc
675 1203 838 1260 etiam
898 1219 1090 1262 vocem
1142 1205 1257 1276 (74)
1310 1208 1544 1264 turturis
1582 1209 1784 1276 audiet,
1833 1209 1980 1264 illius

396 1295 520 1352 sine
548 1294 715 1350 dubio
749 1295 1026 1364 sapientiae
1061 1313 1230 1367 quam
1253 1297 1599 1367 dispensator
1618 1299 1768 1354 verbi
1803 1299 1981 1371 loqui-

397 1396 491 1440 tur
519 1386 664 1442 inter
690 1386 983 1456 perfectos,
1035 1389 1320 1458 sapientia:
1345 1388 1441 1446 Dei
1468 1391 1675 1446 altioris
1705 1408 1825 1462 quae
1853 1393 1980 1448 abs-

396 1475 617 1530 condita
642 1484 728 1530 est
753 1476 809 1533 in
838 1477 1122 1546 mysterio.
1154 1475 1268 1531 Hoc
1293 1493 1531 1548 namque
1559 1479 1764 1534 indicat
1790 1480 1977 1549 appel-

396 1565 533 1622 latio
577 1565 827 1621 turturis.
877 1564 1004 1622 Haec
1044 1582 1280 1637 namque
1321 1567 1438 1624 avis
1491 1566 1547 1621 in
1588 1569 1978 1625 secretioribus

393 1663 452 1709 et
489 1655 714 1710 remotis
743 1671 773 1709 a
803 1655 1156 1711 multitudine
1189 1657 1324 1713 locis
1365 1657 1533 1712 vitam
1568 1659 1838 1730 transigit,
1884 1668 1978 1716 aut

397 1748 612 1802 deserta
659 1747 926 1804 montium
985 1746 1237 1817 diligens,
1294 1756 1391 1801 aut
1446 1757 1657 1804 secreta
1690 1751 1974 1814 silvarum,
2007 1720 2053 1778 Β

400 1838 589 1906 procul
635 1854 850 1907 semper
900 1855 932 1896 a
982 1838 1327 1894 multitudine
1377 1840 1574 1910 posita,
1629 1850 1681 1896 ct
1723 1858 1754 1897 a
1804 1842 1978 1896 turbis

398 1929 600 1984 aliena.
653 1930 794 1996 Quid
843 1939 1025 1984 autem
1070 1939 1151 1986 est
1190 1931 1338 1985 aliud
1384 1933 1528 2000 quod
1584 1938 1978 2004 opportunitati

393 2023 659 2090 temporis
716 2023 879 2092 hujus
932 2027 1348 2097 amoenitatique
1408 2028 1740 2083 conveniat?
1790 2029 1980 2092 Ficus,

398 2109 602 2177 inquit,
654 2113 910 2179 produxit
961 2116 1196 2183 germina
1238 2132 1358 2168 sua.
1413 2114 1722 2170 Notandum
1759 2117 1980 2186 quidem

396 2201 612 2256 fructus
652 2201 824 2271 ipsius
871 2204 1145 2274 Spiritus,
1179 2206 1274 2276 qui
1311 2215 1438 2261 sunt
1479 2206 1762 2277 gaudium,
1796 2207 1980 2262 chario

393 2300 506 2360 tas,
535 2293 648 2363 88
675 2309 818 2362 pax,
866 2305 916 2350 et
960 2303 1179 2352 caetera.
1227 2296 1333 2352 Sed
1362 2297 1472 2368 jam
1520 2307 1700 2353 tamen
1738 2300 1981 2369 germina

395 2397 588 2438 eorum
655 2384 898 2476 pro‘tzerre
953 2385 1142 2455 incipit
1201 2387 1428 2457 spiritus
1479 2389 1740 2454 hominis,
1780 2389 1874 2460 qui
1926 2389 1980 2443 in

395 2475 514 2544 ipso
561 2485 644 2530 est
687 2475 1040 2547 singulariter
1100 2479 1333 2534 ﬁculnea
1411 2481 1751 2536 nominatus.
1826 2480 1980 2537 Sicut

391 2565 538 2618 enim
579 2561 903 2636 generaliter
939 2568 994 2624 in
1039 2568 1279 2625 Ecclesia
1314 2570 1544 2625 diversa:
1593 2571 1817 2627 arbores
1866 2571 1980 2626 sin-

401 2655 541 2725 gulae
590 2673 822 2728 quaeque
851 2660 1048 2715 anima:
1102 2659 1435 2716 credentium
1484 2659 1879 2730 intelliguntur,
1914 2662 1979 2716 de

395 2747 598 2816 quibus
637 2749 838 2805 dicitur
871 2769 885 2805 :
927 2751 1112 2807 Omnis
1169 2752 1328 2805 arbor
1361 2767 1522 2822 quam
1563 2769 1666 2806 non
1719 2753 1978 2822 plantavit

401 2834 562 2890 Pater
622 2853 765 2892 meus
823 2839 1046 2893 celestis
1101 2839 1464 2896 eradicabitur
1516 2840 1582 2893 ".
1653 2838 1720 2893 Et
1777 2840 1976 2895 iterum

398 2925 626 2996 Paulus,
657 2931 750 2999 qui
785 2945 844 2985 se
870 2931 1001 2987 dicit
1025 2931 1328 3000 adjutorem
1362 2929 1450 2984 Dei
1482 2945 1605 2986 esse
1646 2931 1698 2985 in
1735 2931 1976 3000 agricul-

399 3029 524 3075 tura
555 3019 673 3088 Dei,
720 3022 797 3076 ait
834 3023 997 3077 etiam
1022 3023 1135 3093 ipse
1184 3040 1198 3078 :
1241 3021 1352 3093 Ego
1386 3023 1642 3093 plantavi,
1679 3023 1866 3093 Apollo
1905 3028 1977 3078 ri-
2005 3051 2047 3108 ο

397 3112 534 3182 gavit
566 3111 630 3166 ”.
674 3110 780 3167 Sed
807 3120 862 3168 et
902 3113 1167 3168 Dominus
1208 3112 1261 3168 in
1294 3112 1599 3184 Evangeliis
1631 3132 1644 3168 :
1678 3116 1782 3167 Aut
1817 3115 1978 3184 facile

396 3204 640 3257 arborem
682 3203 895 3268 bonam,
932 3214 982 3258 et
1017 3205 1250 3273 fructum
1283 3205 1397 3275 ejus
1433 3206 1659 3270 bonum;
1693 3216 1785 3260 aut
1823 3207 1978 3261 arbo-

397 3310 504 3348 rem
547 3294 833 3357 malam,et
881 3297 1116 3365 fructum
1162 3298 1277 3367 ejus
1328 3298 1529 3352 malum
1553 3298 1621 3351 “.
1665 3296 1819 3353 Sicut
1846 3314 1976 3371 ergo

397 3388 726 3456 generaliter
762 3389 816 3444 in
854 3391 1096 3447 Ecclesia
1144 3392 1344 3464 singuli
1385 3392 1589 3462 quique
1635 3393 1973 3449 credentium

397 3478 632 3535 diversae
676 3481 906 3538 arbores
943 3483 1342 3556 intelliguntur,
1385 3484 1458 3538 ita
1491 3485 1623 3539 etin
1649 3501 1978 3558 unaquaque

397 3567 582 3623 anima
625 3570 856 3626 diversae
879 3572 1109 3630 virtutes
1138 3574 1374 3629 eﬁicacia
1401 3573 1521 3642 ejus
1557 3573 1785 3631 diversae
1816 3577 1978 3633 arbo-

397 3671 488 3712 res
516 3657 914 3729 intelliguntur.
973 3661 1069 3716 Est
1116 3678 1246 3733 ergo
1277 3666 1413 3720 etin
1451 3666 1634 3720 anima
1667 3666 1800 3722 ﬁcus
1829 3683 1978 3738 qua:-

397 3749 522 3804 dam
568 3766 688 3820 quae
727 3752 976 3824 producit
1005 3770 1226 3824 germen
1267 3773 1429 3813 suum
1467 3777 1480 3813 :
1511 3768 1668 3814 estet
1698 3760 1822 3814 vitis
1856 3777 1976 3830 qua:

397 3836 610 3906 ﬂoreat,
651 3849 706 3894 et
735 3840 926 3894 reddat
955 3843 1176 3898 odorem
1213 3861 1390 3902 suum.
1432 3848 1604 3916 Cujus
1633 3848 1758 3902 vitis
1784 3849 1975 3918 palmi-

397 3939 479 3986 tes
510 3940 705 4002 purgat
742 3931 902 3987 Pater
939 3935 1177 3993 cmlestis
1200 3936 1461 4005 agricola,
1491 3948 1549 3992 ut
1574 3939 1811 3994 fructum
1842 3941 1969 4010 plu~-

397 4021 599 4076 timum
648 4023 896 4079 aﬂ'craut.
948 4024 1053 4079 Sed
1101 4027 1216 4081 haec
1261 4027 1387 4082 vitis
1425 4029 1601 4097 primo
1645 4045 1738 4098 per
1792 4032 1976 4086 odoris

397 4113 724 4168 suavitatem
773 4130 896 4184 quae
928 4130 993 4169 ex
1033 4114 1166 4169 ﬂore
1207 4115 1468 4182 redditur,
1508 4117 1745 4172 lmtilicat
1774 4119 1976 4172 odora-

400 4209 515 4257 tum
551 4221 566 4270 ;
603 4205 902 4260 secundum
950 4221 1074 4260 eum
1112 4205 1204 4275 qui
1235 4206 1448 4261 dicebat
1480 4225 1492 4260 :
1524 4207 1786 4272 Quoniam
1814 4209 1977 4262 Clu-i-

399 4297 475 4352 sti
499 4296 661 4350 bonus
697 4297 828 4350 odor
863 4314 1047 4352 sumus
1075 4297 1182 4352 Deo
1209 4299 1259 4354 in
1290 4299 1432 4354 onmi
1459 4298 1574 4352 loco
1596 4298 1661 4355 “.
1700 4299 1822 4358 llmc
1848 4319 1976 4373 ergo

2081 471 2202 538 ejus
2251 471 2524 540 particeps
2579 470 2692 524 ﬁat.
2739 468 2942 524 Idcirco
2982 468 3145 538 igitur
3178 467 3333 537 quasi
3365 467 3542 521 adhuc
3570 467 3655 538 ja-

2084 562 2248 625 centi,
2302 572 2356 616 et
2389 562 2444 616 in
2477 563 2640 617 rebus
2683 560 2963 630 corporeis
2997 559 3331 614 incumbenti
3368 557 3542 628 primo
3573 558 3656 610 di-

2083 654 2158 707 cit
2186 672 2199 706 :
2230 652 2498 723 Exsurge,
2535 662 2590 707 et
2629 653 2786 722 quasi
2813 667 2936 721 qua:
2973 651 3153 704 statim
3187 650 3448 704 obedierit
3475 656 3529 703 ct
3558 651 3655 703 ob-

2082 752 2266 799 secuta
2297 745 2369 798 sit
2392 745 2629 810 vocanti,
2661 742 3008 798 collaudatur
3036 741 3105 798 ab
3139 756 3204 794 co
3226 749 3280 795 et
3313 741 3460 794 audit
3491 739 3657 794 :Pro—

2079 839 2229 892 trima
2254 854 2390 904 mea,
2430 845 2478 890 et
2507 836 2751 890 columba
2776 850 2913 887 mea.

2155 928 2219 983 Et
2247 937 2371 999 post
2401 930 2517 983 haec
2541 942 2609 982 ne
2641 926 2710 982 ad
2749 924 3110 980 tentationum
3143 921 3387 976 turbines
3421 920 3656 990 trepida-

2081 1032 2182 1087 ret,
2213 1023 2501 1076 annuntiat
2543 1020 2590 1074 ei
2631 1017 2776 1089 quod
2805 1019 2980 1072 hiems
3019 1016 3358 1079 discesserit,
3397 1023 3451 1068 et
3476 1014 3656 1083 pluvia

2083 1114 2378 1180 transierit,
2429 1122 2483 1167 et
2510 1112 2704 1167 abierit
2733 1110 2857 1166 sibi.
2898 1108 3045 1162 Bene
3094 1116 3274 1161 autem
3314 1107 3567 1159 vitiorum
3607 1113 3661 1158 et

2080 1215 2429 1277 peccatorum
2481 1213 2731 1258 naturam
2781 1217 2893 1256 uno
2953 1202 3093 1253 miro
3146 1213 3397 1252 sermone
3442 1197 3659 1266 prolato

2081 1297 2427 1368 signiﬁcavit,
2474 1306 2536 1351 ut
2582 1293 2892 1364 hujusmodi
2925 1292 3131 1346 diceret
3165 1291 3398 1344 hiemem
3438 1297 3492 1343 et
3533 1289 3656 1358 plu-

2079 1387 2243 1451 viam,
2300 1402 2422 1457 quae
2472 1401 2542 1442 ex
2582 1386 2834 1439 vitiorum
2875 1383 3077 1438 delicto
3112 1389 3539 1451 tempestateque
3567 1380 3662 1434 de-

2078 1479 2325 1545 scendat,
2363 1479 2466 1534 sibi
2525 1476 2729 1532 abiisse
2771 1475 3043 1537 indicans,
3089 1480 3145 1526 et
3171 1487 3267 1541 per
3303 1472 3406 1527 hoc
3451 1471 3657 1524 nul-lam

2078 1588 2200 1628 esse
2225 1569 2589 1625 substantiam
2625 1575 2997 1638 peccatorum.
3026 1561 3144 1616 Non
3176 1561 3320 1617 enim
3353 1560 3660 1617 decidenlia

2080 1660 2148 1715 de
2191 1660 2416 1714 homine
2469 1659 2600 1714 vitia
2659 1657 2726 1712 ad
2779 1657 3019 1727 aliquam
3074 1654 3237 1708 aliam
3296 1651 3660 1708 substantiam

2078 1760 2427 1821 peccatorum
2452 1758 2870 1819 congregantur,
2906 1747 2998 1803 sed
3024 1746 3126 1802 sibi
3155 1746 3380 1810 abeunt,
3409 1755 3464 1799 et
3490 1744 3544 1797 in
3573 1759 3662 1797 se,

2079 1843 2310 1912 metipsa
2354 1842 2594 1896 resoluta
2629 1849 2981 1903 evanescunt,
3031 1847 3194 1907 atque
3230 1839 3284 1889 in
3316 1837 3545 1891 nihilum
3575 1849 3662 1890 re-

2079 1933 2360 2003 diguntur.
2407 1933 2474 1987 Et
2519 1931 2642 1987 ideo
2688 1931 2843 1993 dixit,
2900 1929 3028 1998 quia
3069 1927 3200 1980 abiit
3232 1926 3356 1978 sibi.
3391 1924 3478 1978 Fit
3528 1940 3661 1994 ergo

2080 2021 2452 2089 tranquillitas
2504 2021 2700 2074 anima:
2756 2027 3054 2088 apparente
3109 2019 3158 2073 ei
3208 2019 3388 2073 Verbo
3439 2019 3558 2084 Dei,
3608 2027 3665 2074 et

2081 2118 2332 2164 cessante
2376 2109 2654 2179 peccatol;
2709 2115 2762 2161 et
2813 2108 2886 2160 ita
2942 2107 3163 2160 demum
3224 2108 3448 2162 ﬂorente
3505 2108 3665 2180 vinea

2083 2201 2348 2270 incipient
2391 2201 2620 2255 virtutes
2660 2210 2824 2267 atque
2865 2197 3088 2252 arbusta
3131 2199 3398 2252 bonorum
3436 2214 3664 2268 operum

2083 2292 2323 2348 fructum
2353 2291 2678 2362 germinare.
2733 2287 2837 2344 Sed
2871 2305 3016 2344 nunc
3047 2290 3240 2345 iterum
3271 2290 3523 2346 Christus
3551 2290 3666 2345 lucc

2081 2383 2329 2452 loquitur
2358 2383 2423 2437 ad
2453 2381 2752 2438 Ecclesium
2776 2423 2791 2449 ,
2841 2391 2896 2438 et
2944 2383 3000 2437 in
3041 2381 3171 2436 anni
3202 2383 3470 2438 circulum
3503 2395 3666 2438 omne

2079 2476 2364 2545 praesentis
2415 2475 2600 2528 seaculi
2654 2476 2892 2544 spatium
2947 2475 3122 2543 ponit.
3167 2473 3234 2527 Et
3293 2489 3388 2542 per
3427 2473 3662 2529 hiemem

2079 2566 2300 2638 quidem
2343 2565 2474 2619 illud
2515 2565 2717 2620 indicat
2752 2575 2988 2635 tempus,
3030 2565 3084 2618 in
3123 2580 3235 2634 quo
3265 2564 3347 2618 vel
3379 2563 3665 2634 Egyptios

2080 2657 2292 2728 grando
2330 2666 2386 2711 et
2419 2656 2664 2712 turbines
2685 2672 2751 2710 ac
2777 2657 2987 2726 reliqua
3013 2655 3199 2710 decem
3231 2656 3513 2725 plagarum
3540 2669 3664 2710 ver-

2079 2749 2210 2805 bera
2237 2749 2610 2820 ﬂagellabant;
2651 2748 2734 2803 vel
2762 2763 2886 2804 cum
2913 2747 3126 2801 diversa
3172 2747 3312 2800 bella
3353 2745 3666 2816 perferebat

2080 2839 2280 2904 Israel;
2320 2839 2403 2894 vel
2435 2839 2598 2894 etiam
2644 2855 2768 2894 cum
2799 2838 2902 2910 ipsi
2942 2837 3209 2892 Salvatori
3236 2839 3456 2904 restitit,
3492 2846 3548 2893 et
3579 2839 3665 2891 in-

2080 2932 2426 2992 credulitatis
2471 2933 2686 2986 turbine
2725 2939 3027 2999 correptus,
3067 2928 3354 3002 naufragio
3387 2931 3509 2986 ﬁdei
3533 2931 3663 2985 sub-

2081 3039 2294 3079 mersus
2316 3032 2421 3079 est.
2455 3021 2557 3079 Ubi
2589 3040 2718 3094 ergo
2749 3024 2962 3078 illorum
2995 3023 3193 3079 delicto
3227 3025 3378 3080 salus
3406 3023 3660 3095 gentibus

2080 3120 2220 3178 facta
2249 3125 2356 3182 est,
2379 3125 2540 3173 vocat
2569 3133 2714 3172 nunc
2747 3118 2814 3173 ad
2849 3134 2907 3174 se
2929 3118 3255 3186 Ecclesiam,
3288 3118 3527 3188 dicitque
3551 3118 3599 3172 ei
3641 3135 3656 3173 :

2078 3210 2345 3279 Exsurge,
2384 3217 2440 3263 et
2484 3209 2604 3263 veni
2636 3209 2704 3264 ad
2734 3225 2839 3274 me,
2877 3213 3006 3280 quia
3035 3213 3147 3282 jam
3176 3211 3352 3266 hiems
3374 3226 3496 3280 quae
3527 3209 3661 3264 sub-

2078 3299 2274 3358 mersit
2307 3300 2638 3366 incredulos,
2673 3309 2727 3355 et
2746 3317 2843 3357 vos
2875 3303 2930 3358 in
2967 3303 3275 3373 ignorantia
3309 3301 3659 3371 reprimebat,

2077 3392 2364 3450 abscessit.
2410 3390 2514 3446 Sed
2548 3402 2602 3446 et
2627 3393 2805 3462 pluvia
2837 3395 3177 3464 pertransiit,
3213 3394 3264 3448 id
3303 3403 3384 3448 est
3401 3393 3514 3463 jam
3546 3407 3658 3447 non

2079 3483 2351 3539 mandabo
2382 3483 2642 3549 nubibus,
2673 3484 2953 3553 prophetis
2977 3485 3205 3549 scilicet,
3243 3492 3304 3538 ut
3329 3485 3517 3553 pluaut
3539 3483 3661 3552 plu-

2077 3577 2219 3632 viam
2266 3575 2428 3630 Verbi
2473 3590 2636 3644 super
2667 3583 2870 3643 terras;
2920 3576 3016 3631 sed
3065 3577 3186 3646 ipsa
3232 3591 3336 3629 vox
3401 3575 3659 3640 turturis,

2077 3669 2183 3724 hoc
2210 3677 2294 3723 est
2333 3667 2446 3737 ipsa
2481 3667 2570 3721 Dei
2620 3667 2887 3736 sapientia
2919 3667 3176 3737 loquetur
3205 3666 3257 3718 in
3286 3665 3464 3730 terris,
3496 3672 3551 3718 et
3573 3665 3659 3717 dia

2073 3771 2165 3816 cet
2195 3779 2208 3813 :
2241 3758 2360 3829 Ipse
2406 3759 2497 3828 qui
2539 3759 2791 3827 loquebar
2835 3760 3026 3811 adsum
3051 3758 3115 3809 ⁸⁸.
3153 3754 3339 3811 Flores
3369 3770 3496 3825 ergo
3535 3770 3655 3808 cre-

2075 3849 2321 3905 dentium
2384 3848 2754 3918 pnpulorum,
2823 3855 2878 3900 et
2933 3845 3225 3899 orientium
3288 3843 3654 3897 Ecclesiarum

2077 3950 2451 4012 apparuerunt
2482 3941 2535 3993 in
2568 3949 2730 3993 terra.
2764 3937 2870 3992 Sed
2897 3944 2948 3989 et
2980 3936 3275 4003 putationis
3303 3946 3513 4006 tempus
3539 3935 3656 4006 ('75)

2076 4049 2174 4103 per
2209 4033 2369 4086 ﬁdem
2408 4047 2543 4085 meae
2573 4029 2849 4098 passionis
2880 4037 2934 4083 et
2970 4028 3387 4082 resurrectionis
3413 4028 3654 4086 advenit.

2077 4127 2446 4189 Amputantur
2485 4119 2628 4172 enim
2660 4127 2713 4171 et
2735 4127 3064 4172 exsecantur
3098 4120 3167 4172 ab
3199 4119 3511 4173 hominibus
3532 4133 3655 4186 pec-

2079 4221 2222 4276 cata,
2259 4225 2382 4264 cum
2436 4210 2489 4262 in
2526 4208 2799 4277 baptismo
2845 4209 3080 4262 donatur
3118 4208 3368 4262 remissio
3407 4218 3655 4278 peceato-

2080 4320 2224 4360 rum.
2260 4302 2376 4358 Vox
2426 4301 2642 4372 quidem
2675 4300 2936 4365 turturis,
2986 4309 3046 4354 ut
3091 4301 3352 4366 diximus,
3391 4301 3503 4370 jam
3546 4317 3652 4354 non

396 4385 551 4442 initia
589 4387 852 4442 virtutum
890 4389 1080 4443 videns
1117 4405 1299 4444 sermo
1345 4389 1435 4444 Dei
1480 4390 1532 4444 in
1567 4391 1747 4448 anima
1774 4432 1790 4458 ,
1820 4407 1978 4452 vocat
2009 4383 2052 4437 D
2083 4414 2180 4469 per
2207 4397 2452 4452 diversos
2481 4393 2805 4464 prophetas,
2838 4394 2931 4449 sed
2963 4409 3058 4464 per
3088 4409 3151 4448 os
3178 4393 3347 4464 ipsius
3375 4393 3655 4474 sapientiae

397 4492 520 4533 ram
548 4478 618 4533 ad
657 4480 1009 4548 semetipsum
1032 4521 1047 4548 ,
1083 4490 1142 4535 ut
1180 4479 1400 4537 festinet
1433 4489 1488 4537 et
1519 4492 1713 4551 exeat;
1748 4498 1800 4541 et
1832 4487 1974 4560 abji-

395 4622 439 4655 “
469 4621 668 4693 Ephes.
724 4639 799 4691 tv,
849 4625 938 4680 H.

1049 4627 1094 4658 δ’
1114 4625 1304 4682 Matth.
1337 4643 1426 4694 xv,
1461 4629 1548 4683 {3.

397 4707 492 4759 ιη,
516 4689 586 4747 ’6.

467 4811 578 4882 (73)
611 4811 910 4894 Prae-opius
942 4831 1012 4894 ex
1039 4813 1270 4888 Origene
1303 4835 1316 4872 :
1350 4817 1532 4890 Τομῆς
1579 4818 1768 4890 καιρὸς
1805 4822 1834 4874 ὁ
1873 4823 1974 4894 τῆς

396 4883 503 4953 τῶν
519 4883 804 4953 νπεριττῶὑ
830 4883 1159 4950 ἀποθέσεως-ἶ

468 4951 582 5022 (74)
609 4951 774 5026 ’Τριησῄ
813 4957 975 5026 etiam
1010 4973 1204 5019 vocem,
1257 4966 1361 5012 etc.
1409 4956 1709 5026 Procopius
1753 4976 1816 5014 ex
1849 4958 1971 5015 Ori-

399 5037 542 5102 gene
573 5041 586 5054 ·
619 5024 791 5102 (limae-2‘1
830 5023 948 5102 τῆς⁸
979 5027 1284 5102 τρυγόνος.
1322 5027 1516 5102 Ἦμκαὶ
1539 5023 1796 5102 "cp-pydum;
1827 5030 1975 5102 λέγει

398 5093 838 5174 τῇςυᾲπορῤσήτςξυ
866 5093 1260 5174 καὶρικίνώᾳτου
1289 5096 1477 5174 σοφῌίας
1496 5113 1508 5126 °
1543 5093 1839 5174 φιλέρῃμον
1867 5093 1974 5174 γ’ᾲρ

398 5161 458 5214 τὸ
484 5161 620 5225 ζῶον
633 5161 653 5193 ⁷·
673 5161 758 5235 ’ἦς
849 5165 1000 5236 φωνὴ
1018 5161 1289 5237 -ᾆκούεται
1319 5161 1429 5229 τόῖς
1452 5161 1842 5237 ἕτ-ι-’ὲπιὴήῗνον
1873 5161 1977 5222 ea;-

402 5235 928 5304 ttaatsptxstpévmg.
965 5235 1127 5289 (Vox
1167 5237 1414 5289 turturis.
1439 5256 1457 5286 ι
1505 5235 1767 5291 Veteliam
1806 5259 1823 5290 ο
1865 5251 1979 5292 tur-

401 5303 532 5375 turis
571 5303 759 5375 reiicit,
795 5321 1006 5359 arcana:
1033 5317 1083 5358 et
1127 5309 1322 5374 ignota:
1371 5307 1645 5375 sapientia:
1679 5323 1696 5360 :
1731 5318 1804 5362 est
1835 5311 1971 5362 enim

401 5373 597 5448 animal
627 5374 930 5428 solitudinis
961 5373 1182 5448 amans;
1217 5377 1368 5448 rujus
1406 5373 1502 5430 v0.1:
1535 5378 1754 5430 auditur
1784 5379 1850 5434 iis
1881 5380 1971 5448 qui

402 5441 569 5513 adhuc
609 5453 870 5513 terrenum
904 5462 1090 5513 corpus
1133 5441 1309 5498 induti
1346 5456 1485 5499 sunt.

475 5511 583 5587 (75)
630 5512 738 5587 Sed
756 5523 813 5587 et
855 5511 1144 5587 putationis
1179 5525 1400 5587 tempus,
1430 5527 1534 5570 etc.
1569 5515 1873 5587 Pt'ocOpius
1901 5533 1970 5572 ex

407 5576 637 5660 Qrigeue
665 5601 678 5634 :
712 5576 878 5645 Οὗτοξ
911 5585 966 5660 δέ
1000 5587 1200 5660 ἰσαξινῤ
1232 5576 1330 5656 τῆς
1366 5576 1532 5660 cibarii
1556 5576 1878 5660 πᾳρουὲίας,
1912 5591 1970 5640 ὲν

406 5648 450 5711 ᾤ
473 5648 550 5702 δεῖ
583 5651 651 5704 τὰ
686 5654 968 5720 σωματικὰ
1006 5655 1098 5709 τοῦ
1132 5648 1297 5726 νόμοιᾶ
1368 5659 1458 5712 καὶ
1486 5659 1583 5730 τῆς
1613 5648 1671 5710 ἐξ)
1697 5661 1808 5723 τοῖς
1838 5648 1969 5730 upo-

1661 4629 1709 4662 “
1739 4629 1758 4684 Ι
1789 4631 1915 4690 Cor.
1954 4653 2037 4706 tn,
2102 4636 2154 4692 6.

2082 4489 2177 4546 Dei
2227 4487 2450 4544 auditur
2499 4486 2554 4541 in
2594 4486 2774 4542 terris.
2827 4485 2896 4540 Et
2948 4485 3180 4541 ﬁculnea
3211 4487 3498 4557 germinat,
3533 4501 3654 4556 quae

2270 4632 2318 4666 “
2339 4633 2529 4688 Matth.
2560 4648 2657 4700 xu,
2685 4633 2774 4687 '55.
2885 4630 2933 4664 ⁸⁸
2966 4629 3011 4684 ll
3039 4633 3163 4687 Cor.
3186 4647 3246 4699 ιι,
3277 4632 3364 4687 15.
3477 4633 3523 4664 ⁸⁸
3544 4631 3648 4689 lsa.

2078 4825 2274 4896 cpﬁ'ratg
2305 4820 2975 4896 iqropla;_rrep_t7rs<puut)ta
3003 4821 3108 4896 τοῖς
3141 4819 3526 4896 πνερματξκοζς
3552 4835 3648 4896 ns-

2083 4889 2450 4964 ῥιίεέμνεσθαί,
2471 4889 2580 4964 καὶ-
2600 4889 2776 4959 μεῖναι
2806 4890 2874 4964 τᾲ
2897 4891 3201 4964 xpei'r'cova.
3236 4890 3440 4964 Καιρὺς
3469 4889 3524 4964 δὲ
3548 4889 3651 4941 πά-

2071 4957 2154 5017 λιν
2183 4957 2278 5016 ia‘t
2305 4964 2404 5032 τῆς
2429 4961 2536 5015 τῶν
2559 4957 3240 5032 ἁμαρτημάτωὺίέκκοπῆς
3277 4957 3648 5032 καὶ-ἀφέσεως

2072 5034 2161 5088 διὰ
2209 5028 2434 5119 λουτροὕ
2479 5028 2917 5119 πορλιγῖενεσίαις.
2969 5029 3088 5110 Καὶ
3116 5028 3648 5119 μὴὈξυμόῖσῃςΛεξ-ίδ

2073 5103 2304 5183 vuptgoloc
2331 5095 2412 5182 ὼς
2434 5101 2562 5182 περὶ.
2598 5095 2794 5183 ᾕέροιζ
2819 5099 2966 5183 λέχει
2998 5095 3378 5183 foﬁ'kp'q'nivqg
3398 5114 3411 5127 ·
3444 5095 3649 5183 ξῇεολλας

2073 5117 2304 5183 νυμφιος
2331 5117 2412 5182 ως
2434 5117 2562 5182 περὶ.
2598 5117 2794 5182 ετεροιί
2824 5117 2966 5222 tegat
2998 5117 3091 5152 του
3123 5117 3378 5170 τρυγονος
3398 5117 3411 5127 ·
3451 5117 3643 5148 mua-

2072 5191 2169 5245 χρυ
2191 5173 2298 5245 γὰρ
2324 5189 2480 5224 τουτο
2499 5187 2596 5239 της
2610 5170 2832 5245 Γραφης
2855 5169 2880 5221 ἐ
2917 5187 2975 5232 ος
2996 5169 3162 5245 tactv.
3195 5169 3342 5245 Illud
3365 5176 3539 5245 autem
3564 5173 3643 5217 est

2073 5237 2472 5312 Ejus'adventus
2507 5237 2748 5307 tempus,
2781 5237 2836 5292 in
2861 5256 2960 5310 quo
3004 5239 3131 5312 legis
3169 5255 3231 5292 ac
3263 5237 3500 5290 historia:
3528 5250 3646 5304 qua:

2076 5310 2132 5366 in
2183 5313 2444 5382 prophetis
2477 5319 2553 5382 est
2583 5326 2830 5378 corporea
2861 5325 2996 5378 qua."
3016 5310 3213 5382 (lanata
3229 5317 3397 5382 _sunt,
3445 5320 3647 5382 necesse

2075 5392 2154 5437 est
2183 5376 2528 5441 'circurrtcidi,
2583 5388 2630 5432 et
2673 5376 2890 5431 ‘manere
2936 5378 3172 5431 meliora.
3227 5377 3446 5444 Tempus
3485 5376 3649 5444 etiam

2077 5468 2261 5505 rursus
2293 5461 2368 5504 est
2406 5449 2744 5504 exscindendi
2770 5458 2992 5513 peccata
3015 5462 3294 5514 eorumque
3325 5443 3643 5498 remissionis

2075 5538 2168 5589 per
2191 5521 2461 5574 lavacrum
2500 5517 2927 5589 regenerationis.
2970 5515 3320 5589 Neclnireris
3347 5517 3392 5568 si
3426 5528 3644 5589 sponsus

2077 5582 2213 5644 velut
2238 5592 2300 5642 de
2325 5590 2430 5642 alio
2461 5605 2522 5641 ac
2553 5582 2756 5641 turture
2779 5586 3032 5654 loquitur.
3076 5584 3165 5640 Sic
3189 5587 3324 5641 enim
3349 5588 3538 5656 saepius
3561 5582 3638 5635 lo-

2078 5661 2166 5728 qui
2190 5661 2450 5715 consuevit
2487 5657 2786 5728 Scriptura.
