4236 6282
470 341 572 398 IS?

466 432 648 532 potest
687 453 743 507 in
772 447 1042 506 fructibus
1076 441 1247 500 sancti
1277 439 1512 509 Spiritus
1543 435 1736 532 acc—ipi,

469 521 704 620 primum
731 542 1048 612 aperiuntur
1068 543 1121 589 et
1148 532 1597 586 demonstrantur
1624 525 1879 582 Ecclesim
1913 541 1926 578 :
1959 521 2042 575 vel

468 611 636 696 etiam
674 637 727 689 in
774 611 953 687 littera
1006 625 1139 695 legis
1173 637 1296 692 qua
1334 628 1460 675 ante
1504 621 1794 673 adventum
1840 611 2043 669 Christi

469 733 654 786 clausa
705 730 906 780 eratet
949 716 1264 779 constricta,
1319 722 1375 768 et
1424 713 1743 766 indumento
1805 707 2040 777 quodam

472 815 832 886 intelligentia:
876 807 1111 864 carnalis
1160 806 1395 858 obtecta.
1458 802 1535 855 Ex
1592 799 1880 870 praesentia
1917 812 2044 849 vero

470 912 589 979 ejus
611 917 661 961 et
706 907 936 959 adventu
990 899 1271 970 prolatum-
1301 905 1384 951 est
1424 912 1488 950 ex
1535 912 1597 949 ea
1630 908 1847 963 germen
1884 889 2046 958 spiri-

470 1003 593 1058 talis
622 997 1008 1068 intelligentiae,
1056 1003 1109 1049 et
1153 1006 1349 1049 sensus
1374 989 1561 1042 viridis
1590 998 1645 1041 et
1670 986 1846 1039 vitalis
1864 985 1955 1053 qui
1989 983 2042 1035 in

466 1104 530 1147 ea
563 1090 845 1160 tegebatur
877 1086 1131 1156 apparuit
1168 1102 1181 1137 :
1221 1092 1280 1136 ut
1325 1079 1566 1134 Ecclesia
1598 1094 1721 1148 quae
1762 1076 2045 1145 tegebatur

468 1200 497 1236 a
525 1182 742 1237 Christo
774 1161 827 1234 in
872 1179 1134 1241 ficulnea,
1170 1176 1220 1229 id
1252 1182 1336 1229 est
1371 1173 1424 1226 itt
1460 1173 1574 1241 lege
1601 1210 1616 1233 ,
1642 1184 1751 1224 non
1779 1174 2042 1237 appareat

467 1274 640 1337 arida,
664 1287 766 1327 nec
797 1271 1131 1326 occidentem
1163 1267 1397 1320 litteram
1428 1262 1604 1333 sequi,
1633 1260 1729 1316 sed
1760 1259 2043 1314 ﬂorentem

468 1359 526 1420 et
560 1364 927 1419 viviﬁcantem
959 1360 1236 1430 spiritum.

543 1476 649 1532 Sed
679 1484 732 1530 et
767 1475 902 1529 vites
931 1471 1129 1527 ﬂorere
1159 1471 1444 1534 dicttntur,
1489 1475 1543 1521 et
1580 1465 1795 1521 dedisse
1826 1463 2046 1519 odorem

471 1582 654 1624 suum.
711 1564 952 1621 Possunt
995 1561 1212 1632 quidem
1261 1567 1314 1613 et
1374 1558 1601 1612 diversa:
1638 1553 1892 1609 Ecclesia-
1928 1567 2050 1621 qum

470 1674 567 1728 per
592 1644 778 1711 orbem
816 1665 972 1709 terrae
1012 1652 1299 1711 habentur,
1332 1649 1467 1702 vites
1500 1646 1605 1701 dici
1639 1644 1916 1708 ﬂorentes,
1957 1649 2050 1695 aut

1497 319 1822 376 OlllCENIS
1860 316 1926 371 IN
1966 301 2321 368 CANTICUM
2360 296 2632 355 CANTIC.

1761 432 1855 503 qui
1889 443 2035 484 nunc
2066 434 2107 488 Α
2137 418 2302 487 hujus
2353 411 2634 483 praesentis
2675 406 2797 461 vitae
2854 402 3120 475 procellas
3151 412 3204 457 et
3253 400 3501 455 turbines
3535 398 3714 453 nomi-

3611 287 3711 338 188

2146 523 2308 568 nans,
2350 504 2550 574 quibus
2602 500 2841 555 humana
2894 494 3002 548 vita
3058 492 3414 547 tentationum
3471 490 3719 561 procellis

2148 600 2405 669 agitatur.
2447 590 2690 647 Transiit
2712 602 2840 658 ergo
2872 586 3048 640 hiems
3083 584 3182 639 ista
3208 599 3331 638 cum
3356 583 3551 651 pluviis
3581 583 3717 647 suis,

2145 691 2277 747 abiit
2306 689 2431 745 sibi.
2493 683 2607 738 Sibi
2638 678 3019 751 unusquisque
3052 677 3159 746 egit
3189 677 3241 730 in
3284 676 3385 730 hac
3418 674 3524 729 vita
3560 689 3722 728 omne

2143 780 2290 852 quod
2328 777 2451 846 egit.
2492 773 2827 843 Principium
2877 786 3007 826 vero
3060 766 3545 837 repromissionum
3577 765 3722 821 futu-

2145 887 2328 927 rarum
2366 868 2549 923 ﬂores.
2576 864 2824 920 Securim
2871 863 2936 915 ad
2976 861 3212 915 radicem
3255 858 3466 912 arboris
3491 857 3720 926 positam

2145 964 2207 1035 inv
2235 957 2768 1018 consummationem
2801 953 3006 1023 saeculi,
3030 961 3090 1007 ut
3131 949 3345 1005 excidat
3382 963 3597 1019 omnem
3630 963 3721 1001 ar-

2144 1055 2330 1109 borem
2362 1067 2468 1105 non
2497 1048 2781 1104 facientem
2831 1045 3069 1104 fructum
3101 1043 3328 1103 bonum,
3363 1050 3575 1109 tempus
3617 1054 3723 1107 puo

2146 1138 2370 1194 tationis
2403 1135 2661 1204 intellige.
2719 1131 2920 1187 Vocem
2959 1144 3090 1184 vero
3113 1128 3364 1193 turturis,
3395 1134 3516 1196 quae
3545 1127 3599 1179 in
3635 1126 3725 1179 lit-

2149 1230 2278 1283 teris
2330 1223 2777 1296 repromissionis
2841 1223 3081 1288 auditur,
3136 1235 3298 1290 quam
3341 1216 3609 1272 mansueti
3669 1218 3759 1272 in.

2149 1318 2471 1373 haereditate
2519 1315 2841 1384 suscipient,
2896 1311 3101 1367 Christi
3160 1301 3447 1380 personam
3480 1308 3619 1363 facie
3658 1307 3724 1362 ad

2149 1394 2365 1473 faciem,
2417 1415 2471 1461 et
2507 1422 2614 1460 non
2642 1406 2755 1475 jam
2789 1420 2884 1474 per
2935 1404 3214 1473 speculum
3272 1409 3325 1456 et
3360 1400 3412 1453 in
3443 1401 3748 1469 aenigmate

2148 1498 2394 1577 docentis
2436 1498 2656 1551 adverte
2714 1498 2780 1552 εί.
2838 1494 3097 1551 Ficulnea
3144 1508 3273 1549 vero
3328 1508 3450 1563 quae
3505 1508 3724 1562 germen

2151 1605 2310 1657 suum
2384 1588 2670 1658 producit,
2733 1586 2899 1642 totius
2959 1583 3395 1655 congregationis
3451 1582 3724 1652 justorum

2152 1678 2364 1733 fruetus
2391 1679 2671 1732 habeatur.
2725 1679 2849 1731 Istae
2878 1691 3008 1730 vero
3034 1683 3086 1730 et
3118 1684 3318 1730 sanctae
3345 1682 3398 1728 et
3426 1664 3594 1728 beatae
3624 1688 3726 1727 an-

471 1752 663 1820 V'inca‘"
708 1747 880 1839 Vinea
919 1749 1057 1839 fni?"
1110 1742 1320 1839 9mm.
1366 1740 1600 1839 509009}
1651 1737 1834 1839 {lamus
1879 1734 2049 1837 Ῑδταῗί
2081 1757 2335 1839 B'gt-licae
2361 1769 2610 1833 virtutes,
2662 1767 2864 1836 quibus
2916 1765 3072 1821 electi
3102 1764 3307 1834 quique
3356 1772 3410 1818 et
3471 1763 3613 1818 beati
3657 1777 3741 1818 et

473 1849 573 1909 est,
607 1847 655 1892 et
683 1838 869 1891 domus
910 1834 1055 1889 Juda
1093 1831 1513 1887 dilecta‘novella
1549 1828 1614 1882 ⁸⁷.
1655 1827 1777 1882 Istae
1810 1842 1940 1896 ergo
1970 1825 2053 1879 vi-

475 1945 591 1984 neae
618 1944 740 1983 cum
769 1927 944 1998 primo
972 1923 1239 1980 accedunt
1262 1923 1328 1977 ad
1358 1922 1516 1977 tidem
1541 1919 1734 1974 ﬂorere
1756 1918 2048 1985 dicuntur;

475 2036 599 2074 cum
633 2035 760 2073 vero
786 2034 883 2088 per
915 2017 1229 2086 religionem
1258 2031 1484 2085 operum
1528 2026 1753 2071 suorum
1785 2009 2051 2065 suavitate

473 2106 831 2173 adornantur,
870 2108 1091 2163 odorem
1130 2120 1290 2158 suum
1337 2105 1552 2159 dedisse
1600 2103 1890 2164 dicuntur;
1939 2111 2071 2151 non-

472 2201 594 2271 sine
622 2216 786 2255 causa
812 2209 941 2269 puto
967 2199 1113 2268 quod
1136 2213 1244 2252 non
1276 2195 1497 2259 dixerit,
1515 2193 1736 2249 odorem
1762 2190 2047 2252 dederunt,

473 2294 568 2348 sed
605 2293 828 2345 odorem
866 2306 1026 2345 suum
1062 2308 1076 2343 :
1115 2299 1173 2344 ut
1199 2287 1510 2344 ostenderet
1542 2287 1720 2340 inesse
1748 2284 2069 2349 unicuique-

474 2382 671 2436 animaa
707 2382 815 2434 vim
848 2379 1227 2449 possibilitatis
1253 2388 1307 2432 et
1334 2378 1545 2432 arbitrii
1583 2377 1908 2437 libertatem,
1942 2389 2050 2443 qua

474 2472 649 2540 possit
670 2486 830 2543 agere
848 2485 1008 2525 omne
1024 2470 1169 2540 quod
1194 2470 1395 2524 bonum
1414 2476 1516 2522 est.
1544 2466 1650 2522 Sed
1674 2467 1804 2536 quia
1832 2465 1936 2519 hoc
1952 2480 2052 2518 na-

476 2572 612 2618 tura:
644 2564 844 2617 bonum
870 2561 1334 2633 praevaricationis
1369 2560 1659 2615 occasione
1711 2556 2048 2624 decerptum,

473 2654 559 2707 vel
591 2655 655 2708 ad
695 2655 1071 2724 ignominiam,
1103 2654 1187 2706 vel
1216 2651 1498 2705 lasciviam
1542 2648 1723 2702 fuerat
1769 2645 2048 2713 inﬂexum,

475 2744 568 2798 ubi
604 2760 699 2813 per
732 2743 962 2814 gratiam
990 2750 1294 2811 reparatur,
1334 2747 1388 2794 et
1421 2754 1515 2809 per
1547 2738 1850 2792 doctrinam
1887 2735 2053 2792 Verbi

478 2833 571 2890 Dei
602 2836 925 2898 restituitur,
985 2833 1208 2887 odorem
1257 2831 1431 2886 reddit
1481 2830 1599 2885 sine
1651 2828 1818 2884 dubio
1874 2828 2049 2893 illum,

475 2944 638 2999 quem
681 2928 887 2997 primus
932 2925 1182 2981 conditor
1235 2923 1379 2978 Deus
1431 2922 1717 2986 indiderat,
1774 2921 1868 2976 sed
1926 2935 2054 2990 pec-

478 3022 584 3075 cati
613 3018 725 3091 89
758 3017 920 3084 culpa
950 3019 1313 3073 subtraxerat.
1357 3014 1592 3070 Possunt
1637 3025 1817 3069 autem
1841 3021 1895 3067 et
1918 3013 2054 3067 vites

477 3113 562 3165 vel
590 3111 759 3163 vineae
818 3109 1039 3178 intelligi
1093 3108 1316 3162 virtutes
1354 3106 1602 3162 cmlestes
1657 3116 1711 3159 et
1769 3088 2121 3174 angelicte,C

478 3214 601 3266 quae
648 3198 961 3253 hominibus
1005 3197 1311 3267 largiuntur
1364 3197 1585 3251 odorem
1630 3210 1813 3258 suum,
1862 3194 1913 3248 id
1974 3201 2058 3247 est

479 3290 746 3346 (octtinaa
775 3299 830 3344 et
862 3290 1223 3345 institutionis
1277 3290 1503 3354 bonum,
1557 3302 1668 3357 quo
1698 3287 1973 3342 instruttnt
2005 3293 2060 3338 et

482 3383 739 3439 imbuunt
761 3383 993 3449 animas,
1047 3384 1219 3438 donec
1256 3383 1325 3438 ad
1373 3381 1765 3453 perfectionem
1814 3378 2055 3440 veniant,

481 3485 537 3530 et
568 3476 830 3543 incipiant
860 3490 1086 3544 capaces
1117 3473 1232 3528 ﬂeri
1261 3472 1377 3528 Dei.
1411 3472 1563 3528 Sicut
1588 3480 1641 3525 et
1666 3469 1959 3540 Apostolus
1992 3467 2061 3522 ad

484 3566 739 3621 Hebraeos
767 3567 1010 3621 scribens
1036 3566 1166 3620 dicit
1197 3582 1211 3619 :
1246 3563 1432 3618 Nonne
1458 3579 1634 3617 omnes
1680 3571 1800 3615 sunt
1826 3560 2062 3614 ministe-

483 3658 646 3712 riales
676 3659 894 3728 spiritus
921 3658 974 3711 in
1008 3657 1357 3710 ministerium
1397 3656 1547 3709 missi
1574 3663 1786 3725 propter
1808 3669 1915 3715 eos,
1970 3651 2060 3722 qui

483 3749 843 3803 [nereditatem
872 3750 1087 3818 capiunt
1133 3748 1323 3801 salutis
1347 3746 1429 3800 δεῖ
1468 3745 1533 3800 Ει
1570 3747 1693 3800 ideo
1715 3745 1972 3799 dicuntur
1992 3743 2061 3798 ab

485 3842 618 3910 ipsis
638 3843 794 3911 quasi
822 3841 1056 3911 primum
1085 3840 1273 3894 ﬂorem
1303 3847 1356 3892 et
1393 3837 1613 3892 odorem
1640 3837 1907 3891 bonorum
1935 3849 2063 3903 ope-

485 3949 607 3986 rum
642 3948 832 4002 capere
870 3932 1122 3986 homines
1153 3948 1165 3984 :
1218 3930 1366 3999 ipsos
1427 3943 1556 3982 vero
1587 3927 1798 3982 fructus
1847 3926 1973 3980 vitis
1996 3926 2063 3979 ab

485 4040 553 4079 eo
576 4038 813 4092 sperare,
865 4023 956 4092 qui
1002 4023 1181 4076 dixit:
1243 4021 1365 4075 Non
1407 4020 1579 4074 bibam
1623 4021 1686 4073 de
1737 4019 2064 4089 generatione

488 4117 612 4170 vitis
663 4113 840 4183 hujus,
891 4115 1052 4168 donec
1095 4113 1270 4167 bibam
1316 4112 1451 4166 illud
1499 4111 1760 4166 robiscum
1789 4125 1979 4165 novum
2008 4110 2063 4163 in

489 4227 646 4281 regno
676 4207 857 4264 Patris
884 4210 985 4262 mei
1019 4210 1084 4262 δ’.
1122 4209 1204 4262 Illi
1251 4223 1381 4279 ergo
1414 4206 1635 4277 perfecti
1664 4208 1829 4262 ﬂores
1861 4214 1914 4259 et
1950 4203 2065 4259 fru-

488 4315 610 4357 ctus
644 4302 712 4357 ab
736 4303 855 4372 ipso
880 4301 1131 4371 sperandi
1162 4308 1328 4354 sunt:
1363 4300 1514 4353 initia
1535 4315 1663 4353 vero
1685 4308 1758 4364 et,
1792 4307 1851 4352 ut
1877 4298 1948 4350 ita
1984 4296 2066 4350 di-

2150 1860 2553 1915 resurrectione
2600 1858 2978 1922 sociabuntur,
3024 1856 3118 1925 qui
3172 1863 3331 1910 erunt
3359 1855 3502 1910 sicut
3549 1852 3741 1925 angeli‘

2151 1948 2269 2015 Dei,
2306 1949 2437 2018 ipsae
2491 1957 2619 2002 sunt
2649 1948 2786 2001 vites
2813 1955 2868 2001 et
2913 1945 3164 2000 ﬂorentes
3217 1945 3410 2006 vineae,
3438 1960 3559 2013 quae
3589 1944 3728 2000 odo-

2150 2053 2264 2091 rem
2299 2053 2459 2092 suttm
2519 2036 2818 2105 unicuique
2872 2036 3088 2098 animae,
3134 2040 3189 2088 et
3234 2033 3460 2103 gratiam
3490 2048 3655 2103 quam
3695 2047 3745 2087 a-

2149 2126 2448 2180 Conditore
2484 2124 2730 2194 suscepit
2755 2124 2931 2194 prius,
2961 2133 3013 2179 et
3042 2138 3188 2178 nunc
3236 2122 3433 2176 iterum
3462 2122 3744 2192 perditam-

2151 2215 2513 2285 recuperavit,
2549 2215 2886 2285 impertiunt,
2918 2214 3292 2282 suavitateque
3321 2212 3561 2268 caelestis
3586 2213 3725 2266 odo-

2151 2305 2228 2361 ris
2257 2305 2481 2360 fetorem
2503 2306 2718 2360 tandem
2748 2305 2971 2375 abjectte
3013 2305 3082 2360 ab
3124 2304 3205 2359 eis
3238 2303 3583 2359 mortalitatis
3610 2318 3747 2359 cora-

2152 2397 2535 2466 ruptionisque
2563 2396 2857 2466 depellunt.

2228 2485 2384 2542 Vers.
2426 2488 2511 2552 15,
2556 2486 2642 2541 14.
2684 2486 2870 2557 Surge,
2903 2496 2952 2540 et
2993 2486 3126 2551 veni,
3184 2488 3427 2554 proxima
3472 2503 3607 2551 mea,
3634 2502 3729 2541 co-

2153 2575 2333 2628 lumba
2380 2592 2515 2639 mea,
2558 2576 2609 2627 in
2648 2573 2836 2627 velami
2875 2573 2990 2626 ibus
3023 2583 3184 2640 petra:
3226 2574 3729 2644 juxtapronmrale.

2157 2665 2382 2717 Ostende
2406 2664 2535 2716 mihi
2565 2664 2755 2732 faciem
2788 2672 2956 2727 tuam,
2988 2672 3036 2716 et
3067 2665 3309 2717 auditam
3343 2665 3428 2734 fac
3469 2665 3599 2719 mihi
3638 2683 3748 2719 tto--

2154 2769 2262 2807 cem
2291 2762 2458 2818 tuam,
2493 2754 2746 2823 quoniam
2770 2768 2867 2807 vox
2907 2765 2997 2806 tua
3037 2756 3213 2809 suavis
3245 2766 3342 2822 est,
3372 2765 3421 2810 et
3455 2757 3615 2827 facies
3640 2765 3748 2813 tua.-

2154 2845 2414 2914 speciosa.
2474 2845 2783 2900 Secundum
2844 2845 3105 2914 propositi
3164 2846 3427 2902 dramatis
3480 2847 3739 2903 ordinem

2155 2953 2412 3006 Sponsus,
2445 2938 2536 3003 qui
2595 2936 2798 2992 saliens
2834 2951 3000 3005 super
3028 2945 3242 2991 montes
3266 2946 3319 2992 et
3343 2938 3598 2992 exsiliens
3639 2952 3747 2991 suo

2155 3043 2252 3096 per
2277 3028 2444 3093 colles
2467 3027 2532 3082 ad
2564 3042 2821 3097 sponsam
2854 3036 3101 3090 venerat,
3146 3029 3481 3098 prospiciens
3508 3045 3649 3093 eam,
3679 3036 3743 3084 cr

2159 3119 2377 3173 intuens
2422 3135 2515 3188 per
2571 3117 2868 3181 fenestras,
2918 3117 3158 3172 secundo
3181 3118 3294 3187 jam
3354 3120 3479 3174 loco
3505 3120 3637 3175 dicit
3665 3120 3742 3174 ad'

2157 3222 2278 3262 eam
2310 3225 2323 3261 :
2361 3206 2548 3278 Surge,
2575 3207 2709 3272 aeni,
2744 3207 2990 3276 proxima
3031 3223 3166 3274 mea,
3202 3210 3436 3277 speciosa
3460 3226 3595 3276 mea,
3643 3226 3739 3263 co-

2159 3299 2341 3353 tumba
2394 3316 2531 3354 mea.
2588 3298 2747 3354 Nunc
2778 3314 2908 3352 vero
2947 3299 3096 3353 addit
3127 3300 3289 3354 etiam
3341 3301 3443 3357 hoc
3471 3311 3529 3356 ut
3553 3311 3738 3358 osten—

2160 3390 2313 3445 deret
2335 3391 2381 3444 ei
2420 3391 2599 3446 locum
2630 3390 2695 3445 ad
2753 3405 2912 3461 quem
2962 3390 3148 3444 venire
3193 3392 3409 3456 debeat,
3463 3393 3737 3462 qtti‘loet’s

2162 3481 2263 3537 sub
2292 3482 2597 3536 velamento
2627 3491 2681 3536 et
2721 3481 2957 3552 tegmine
2990 3481 3109 3535 saxi
3150 3482 3221 3536 sit
3253 3483 3483 3552 positus.
3517 3481 3598 3538 Sit
3640 3499 3740 3538 au-

2164 3582 2269 3629 tem
2302 3575 2443 3629 idem
2474 3575 2629 3629 locus
2655 3589 2764 3627 non
2803 3580 2912 3627 tam
2940 3574 3094 3641 juxta
3134 3589 3372 3640 murum,
3397 3566 3560 3644 quam
3585 3575 3737 3645 juxta

2163 3665 2477 3734 promurale
2531 3665 2829 3734 quoddam.
2897 3663 3218 3720 Pronturale
3280 3674 3458 3721 autem
3518 3666 3736 3733 dicitur,

2163 3771 2288 3810 cum
2328 3767 2483 3811 extra
2507 3771 2695 3811 muros
2725 3756 2818 3826 qui
2858 3756 3106 3811 ambiunt
3149 3757 3440 3824 civitatem,
3468 3758 3608 3813 alius
3635 3758 3740 3813 du-

2164 3848 2309 3902 citur
2368 3863 2578 3909 murus,
2630 3855 2684 3900 et
2728 3854 2812 3902 est
2868 3863 3060 3902 murus
3115 3856 3239 3901 ante
3300 3864 3539 3903 murum.
3599 3847 3737 3901 Tum

2164 3939 2358 3993 deinde
2392 3938 2544 4008 quasi
2583 3938 2626 3992 si
2661 3938 2976 3992 reverentiae
3013 3953 3177 3992 causa
3210 3938 3323 4008 ipsa
3357 3954 3557 4008 sponsa
3589 3940 3739 3993 obte—

2164 4042 2250 4088 cta
2276 4033 2346 4087 sit
2368 4041 2422 4086 et
2447 4030 2642 4093 velata,
2681 4029 2814 4099 petit
2845 4029 2960 4098 ipse
3008 4046 3266 4101 sponsus,
3300 4039 3363 4085 ut
3395 4032 3615 4086 veniens
3670 4030 3738 4085 ad

2166 4125 2321 4180 illum
2357 4122 2541 4176 locum
2565 4136 2728 4190 quem
2776 4136 2938 4191 supra
2972 4121 3232 4188 ostendit,
3268 4129 3454 4190 utpote
3481 4122 3738 4177 secretio.

2166 4231 2305 4281 rem,
2333 4214 2408 4268 ibi
2436 4213 2484 4267 ei
2516 4213 2673 4282 quasi
2710 4213 2910 4281 rejecto
2960 4214 3225 4268 velamine
3259 4213 3511 4268 ostendat
3546 4211 3737 4267 faciem

2166 4321 2344 4361 suam.
2374 4304 2439 4359 Et
2464 4305 2590 4372 quia
2620 4318 2717 4373 pro
2758 4305 2930 4359 multa
2959 4304 3260 4358 reverentia
3291 4312 3491 4358 taceret
3519 4319 3740 4372 sponsa,

488 4408 634 4457 cam,
661 4391 978 4461 proﬁciendi
1010 4390 1252 4445 suavitas
1282 4397 1458 4460 ροιοδῑ
1493 4404 1520 4441 3
1551 4389 1865 4444 caelestibus
1890 4387 2062 4440 Vil‘lll-
2097 4419 2141 4473 Β
2168 4395 2441 4450 desiderat
2469 4409 2705 4461 sponsus
2754 4394 3048 4462 aliquando
3070 4394 3232 4446 etiam
3264 4405 3453 4446 vocem
3479 4392 3600 4461 ejus
3638 4406 3740 4444 au-

490 4484 636 4538 tibus
667 4481 991 4546 ministrari,
1027 4479 1108 4534 vel
1163 4488 1309 4533 certe
1340 4494 1436 4548 per
1465 4492 1560 4533 eos
1589 4479 1681 4546 qui
1706 4476 1978 4539 dicebant,
2009 4484 2066 4529 ut

491 4591 655 4643 supra
706 4574 967 4638 diximus,
1000 4571 1246 4642 quoniam
1293 4568 1494 4625 Christi
1529 4570 1692 4621 bonus
1726 4566 1857 4620 odor
1885 4582 2066 4619 sumus

491 4668 601 4721 Deo
634 4667 689 4719 in
711 4669 852 4720 omni
876 4665 989 4719 loco
1019 4667 1086 4720 ⁵ο.
1117 4663 1222 4719 Sed
1251 4672 1304 4719 et
1333 4663 1441 4717 alio
1467 4663 1628 4716 modo
1653 4676 1948 4731 possumus
1972 4660 2067 4714 ad-

494 4760 603 4813 huc
637 4758 937 4827 intelligere
966 4761 1078 4812 haec
1120 4775 1243 4828 quae
1287 4756 1560 4812 habentur
1585 4755 1638 4809 in
1671 4753 1946 4816 manibus,
2008 4764 2069 4807 ut

491 4851 742 4904 dicamus
773 4848 936 4901 veluti
965 4850 1299 4918 pr0phetiam
1347 4847 1641 4918 quamdam
1668 4844 1840 4900 videri
1868 4845 1934 4899 ad
1961 4842 2065 4899 Ec-

491 4945 717 4999 etesiam
750 4940 970 5008 factam,
1006 4957 1100 5011 per
1121 4958 1283 5011 quam
1318 4950 1543 4995 vocetur
1584 4939 1649 4994 ad
1687 4938 2068 5008 repromissio-

494 5054 594 5092 nes
626 5037 858 5102 futuras,
886 5044 944 5090 ut
974 5036 1130 5105 quasi
1156 5044 1276 5104 post
1321 5033 1852 5089 consummationem
1884 5032 2066 5087 sreculi

492 5146 618 5183 cum
650 5138 863 5198 tempus
908 5127 1325 5182 resurrectionis
1387 5128 1667 5181 advenerit
1715 5125 1928 5180 dicatur
1968 5122 2017 5178 ei
2053 5141 2065 5176 :

495 5220 756 5292 Exsurge.
786 5218 853 5273 Et
883 5219 1011 5290 quia
1044 5234 1223 5275 sermo
1282 5218 1370 5273 hic
1421 5218 1603 5273 statim
1639 5233 1777 5286 opus
1828 5229 2074 5270 resurre-

497 5310 699 5366 ctionis
726 5310 995 5379 designat,
1030 5318 1291 5379 tanquam
1330 5323 1394 5361 ex
1429 5307 1828 5361 resurrectione
1874 5303 2075 5359 clarior

497 5411 550 5455 et
577 5401 910 5473 splendidior
950 5401 1161 5466 eﬂ‘ecta,
1214 5400 1473 5455 invitatur
1503 5400 1568 5453 ad
1631 5412 1876 5468 regnum,
1913 5404 1966 5450 et
1994 5395 2077 5449 di-

497 5494 639 5548 citur
679 5494 777 5550 ei:
836 5493 983 5560 Veni,
1047 5493 1290 5564 proxima
1337 5490 1731 5558 mea,speciosa
1780 5503 1929 5548 mea,
1986 5501 2076 5537 co-

493 5583 676 5639 lumba
708 5603 846 5654 mea,
874 5587 999 5657 quia
1031 5586 1191 5641 hiems
1232 5584 1467 5639 transiit.
1495 5581 1735 5656 Ilientem
1766 5579 1883 5634 sine
1909 5577 2075 5632 dubio

572 5776 742 5835 "lsa.
778 5794 843 5844 v,
879 5779 925 5833 7.
1027 5779 1069 5809 “
1099 5778 1257 5834 llebt‘.
1300 5794 1336 5841 ι,
1380 5776 1460 5830 l-i.

1542 5773 1581 5804 ’·⁹
1609 5771 1797 5828 Matth.
1863 5784 2007 5835 xxvi,
2035 5764 2125 5822 ἓξ).

2168 4488 2305 4551 dire,
2341 4493 2393 4539 et
2427 4485 2682 4539 delectari
2739 4484 2791 4538 in
2827 4484 3007 4539 verbis
3037 4484 3176 4554 ejus,
3209 4491 3262 4538 ct
3299 4483 3450 4550 dicit,
3489 4491 3550 4537 ut
3579 4482 3738 4537 audi-

2167 4584 2278 4630 tam
2312 4574 2412 4629 sibi
2450 4571 2614 4626 faciat
2656 4586 2842 4626 vocem
2888 4587 3062 4627 suam.
3120 4569 3344 4625 Videtur
3385 4578 3562 4624 tamen
3596 4568 3741 4638 quod

2171 4681 2278 4720 non
2303 4664 2350 4718 ei
2383 4660 2598 4732 penitus
2631 4661 2907 4731 incognita
2943 4660 3013 4715 sit
3043 4659 3207 4714 facies
3229 4658 3369 4728 ejus,
3395 4672 3572 4727 neque
3595 4654 3745 4711 vocis

2169 4757 2288 4825 ejus
2314 4755 2536 4825 ignarus
2568 4752 2658 4814 sit,
2696 4750 2788 4806 sed
2844 4751 2972 4819 quia
3028 4748 3395 4805 intercesserit
3440 4746 3665 4818 aliquid,
3690 4745 3746 4799 in

2170 4864 2280 4918 quo
2314 4862 2414 4901 nee
2447 4844 2638 4899 faciem
2675 4842 2794 4911 ejus
2847 4842 3063 4908 viderit,
3120 4856 3221 4896 nec
3263 4856 3451 4896 vocem
3495 4838 3748 4894 audierit.

2168 4938 2273 4993 Iste
2303 4937 2376 4990 sit
2405 4931 2665 5003 propositi
2693 4930 2956 4984 dramatis
3011 4939 3206 4985 textus.
3237 4928 3335 4982 Cui
3370 4937 3423 4982 et
3458 4928 3562 4981 hoc
3592 4924 3747 4979 addi-

2172 5038 2279 5093 tur,
2311 5025 2455 5095 qttod
2487 5023 2631 5077 veris
2655 5029 2869 5088 tempus
2899 5019 2985 5090 agi
3036 5019 3308 5085 videatur,
3335 5032 3459 5071 cum
3489 5023 3543 5068 et
3582 5013 3747 5069 ﬂores

2173 5114 2494 5186 apparuisse
2552 5117 2926 5165 memorantur
2984 5109 3038 5162 in
3097 5117 3263 5171 terra,
3296 5114 3350 5159 et
3391 5119 3494 5158 vox
3524 5102 3749 5156 turtur-is

2175 5222 2491 5280 personare,
2534 5212 2587 5258 et
2616 5218 2834 5274 germen
2867 5202 3093 5256 arbores
3141 5197 3482 5268 produxisse.
3519 5193 3749 5259 Propter

2180 5302 2284 5355 hoc
2327 5298 2476 5352 velut
2530 5300 2838 5364 opportuno
2888 5301 3130 5362 tempore
3188 5288 3437 5359 progredi
3494 5293 3751 5356 provocat

2180 5404 2460 5460 sponsam,
2489 5401 2610 5456 quae
2654 5385 2773 5440 sine
2806 5384 2974 5439 tlubio
3005 5382 3239 5436 hiemem
3294 5388 3461 5432 totam
3495 5378 3635 5432 intra
3656 5376 3757 5433 do-

2182 5497 2304 5536 ntus
2343 5481 2576 5533 claustra
2601 5476 2878 5532 resederit.
2907 5475 3011 5528 Sed
3035 5474 3149 5527 haec
3173 5472 3376 5525 nullam
3407 5470 3541 5524 mihi
3565 5470 3757 5524 viden-

2184 5583 2271 5629 tur
2298 5572 2583 5642 (quantum
2626 5569 2692 5623 ad
2745 5565 3061 5622 historicum
3114 5563 3478 5619 narrati0nem
3503 5560 3753 5634 pertinet)

2204 5763 2259 5835 '°_
2296 5762 2336 5815 ll
2388 5761 2514 5817 Cor.
2558 5775 2617 5825 tt,
2684 5757 2765 5811 l5.
2844 5757 2886 5789 δι
2935 5753 2954 5809 l
3014 5752 3142 5808 Cor.
3208 5768 3326 5821 χιιι,
3380 5752 3467 5808 12.
