4236 6282
392 246 500 305 189

1725 242 1925 297 LIBER
1955 242 2306 307 QUARTUS.

3541 243 3641 299 190

391 365 682 419 utilitatem
713 360 964 418 conferre
994 361 1318 432 legentibus,
1348 371 1442 416 aut
1481 360 1721 430 aliquam
1777 362 1967 415 saltem
1997 365 2045 424 Α
2081 360 2293 415 Domini
2318 361 2732 431 contempletur.
2785 359 2975 416 Merito
3004 372 3181 419 autem
3230 364 3416 418 velam.
3441 380 3472 417 n
3499 363 3638 418 istud

391 454 728 511 narrationis
758 454 931 525 ipsius
979 468 1196 509 servare
1246 453 1714 523 consequentiam,
1742 452 1883 507 sicut
1913 455 1967 506 in

393 549 610 605 caeteris
636 544 935 614 Scripturae
986 542 1228 600 historiis
1281 545 1611 599 invenimus.
1678 543 1831 599 Unde
1874 560 1970 600 ne-

394 654 551 695 cesse
578 645 662 693 est
710 644 908 691 cuncta
955 634 1023 691 ad
1089 635 1391 706 spiritalem
1426 633 1724 689 transferre
1765 634 1967 689 intelli-

393 729 664 801 gentiam.

468 819 653 873 Primo
677 833 807 889 ergo
838 816 1079 887 intellige
1127 816 1259 870 mihi
1291 816 1488 870 animae
1552 815 1808 878 hiemem,
1842 830 1967 869 cum

394 912 580 967 adhuc
624 909 939 979 passionum
1000 907 1257 962 ﬂuctibus
1307 907 1564 978 jactatur.
1617 914 1671 960 et
1715 906 1969 959 vitiorum

392 1002 669 1073 procellis,
700 1015 761 1055 ac
789 1000 943 1055 duris
996 998 1356 1068 malignorum
1411 998 1703 1067 spirituum
1752 996 1971 1051 ﬂatibus

393 1093 735 1146 verberatur.
765 1091 823 1143 In
851 1090 936 1145 bis
969 1091 1197 1159 positam
1237 1103 1342 1142 non
1372 1087 1621 1140 hortatur
1646 1101 1764 1139 eam
1792 1100 1972 1139 sermo

401 1184 497 1238 Dei
539 1182 684 1238 foras
712 1182 881 1248 exire,
936 1181 1030 1236 sed
1089 1180 1231 1234 intra
1279 1178 1629 1247 semetipsam
1692 1178 1890 1246 colligi,
1921 1187 1974 1231 et

396 1275 546 1330 uniri
592 1274 853 1344 undique,
904 1282 1069 1342 atque
1131 1271 1345 1341 contegi
1393 1279 1580 1325 contra
1638 1270 1973 1338 perniciosos

396 1366 759 1435 malignorum
794 1362 1081 1432 spirituum
1139 1359 1319 1416 ﬂatus.
1359 1359 1500 1415 Nulli
1539 1368 1667 1413 tunc
1698 1359 1751 1412 in
1774 1357 1973 1413 divinis

395 1456 594 1510 litteris
621 1455 929 1510 studiorum
958 1452 1121 1507 ﬂores
1154 1453 1296 1523 apud
1341 1467 1484 1516 eam,
1518 1467 1616 1506 nec
1662 1449 1975 1521 profundio-

395 1548 476 1603 ris
497 1547 777 1617 sapientia:
800 1554 1032 1612 secreta,
1064 1553 1117 1600 et
1170 1545 1449 1600 recondita
1503 1542 1761 1614 mysteria
1815 1541 1972 1611 quasi

394 1655 494 1710 per
528 1656 712 1695 vocem
743 1639 971 1694 turturis
1012 1646 1289 1693 resonant.
1349 1635 1454 1690 Sed
1487 1650 1661 1704 neque
1709 1634 1970 1687 odoratus

391 1699 515 1798 ejus
544 1731 733 1801 gratiae
762 1730 964 1800 aliquid
987 1730 1144 1799 quasi
1196 1743 1262 1781 ex
1310 1728 1479 1783 vineae
1508 1699 1735 1781 llo-ribus
1758 1724 1969 1794 recipit,
2003 1699 2045 1754 Β

392 1839 574 1892 neque
601 1824 748 1878 visus
773 1822 893 1892 ejus
920 1829 1177 1890 tanquam
1212 1818 1266 1872 in
1318 1818 1564 1873 ficulnea:
1594 1813 1835 1886 germine
1873 1814 1972 1869 de-

390 1916 644 1982 lectatur,
671 1912 765 1969 sed
788 1912 986 1968 sufﬁcit
1010 1922 1068 1966 ut
1094 1912 1148 1965 in
1175 1909 1586 1980 tempestatibus
1615 1906 1969 1961 tentationum

393 2021 427 2058 a
464 2004 621 2072 lapsu
672 2001 879 2070 peccati
920 2009 1035 2054 tuta
1066 2016 1130 2055 ac
1182 2000 1394 2054 munita
1442 2003 1772 2067 permaneat.
1818 1994 1974 2060 Quod

392 2094 445 2148 si
479 2089 778 2143 obtinuerit
806 2095 863 2141 ut
919 2086 1085 2140 illaesa
1118 2085 1394 2154 perduret,
1450 2082 1623 2135 hiems
1672 2081 1721 2134 ei
1756 2078 1974 2139 transit,

395 2189 457 2234 et
491 2177 637 2231 venit
661 2176 708 2229 ei
746 2190 857 2230 ver.
886 2174 996 2244 90
1020 2171 1127 2227 Ver
1168 2187 1405 2240 namque
1442 2170 1491 2224 ei
1536 2181 1636 2235 est,
1664 2183 1786 2222 cum
1818 2167 1976 2236 quies

393 2273 588 2327 animo
613 2271 792 2335 datur,
824 2267 1190 2338 tranquillitas
1224 2265 1409 2319 menti.
1439 2263 1593 2317 Tunc
1620 2263 1685 2317 ad
1719 2278 1837 2317 eam
1869 2262 1976 2335 (76)

393 2363 547 2419 venit
576 2360 810 2416 Verbum
846 2359 960 2420 Dei,
992 2369 1123 2413 tunc
1153 2373 1272 2412 eam
1323 2365 1477 2411 vocat
1502 2356 1568 2410 ad
1599 2371 1657 2411 se
1694 2364 1748 2411 et
1800 2356 1981 2410 horta-

407 2467 495 2509 tur
531 2459 588 2506 ut
619 2458 799 2513 exeat,
830 2463 937 2502 non
963 2446 1140 2501 solum
1192 2452 1344 2499 extra
1396 2443 1642 2507 domum,
1694 2443 1788 2496 sed
1823 2451 1975 2496 extra

405 2548 681 2603 civitatem
717 2563 731 2598 ε
766 2542 817 2596 id
845 2553 928 2597 est
955 2555 1062 2594 non
1099 2539 1277 2593 solum
1317 2546 1468 2591 extra
1500 2534 1683 2590 carnis
1706 2534 1837 2589 vitia
1862 2534 1977 2589 elli-

386 2630 598 2701 ieiatur,
627 2637 720 2692 sed
748 2646 901 2688 extra
931 2647 1090 2686 omne
1118 2629 1381 2700 quidquid
1416 2643 1734 2695 corporeum
1762 2636 1816 2681 et
1844 2627 1973 2681 visi-

396 2731 506 2786 bile
547 2728 855 2783 continetur
899 2724 952 2778 in
1002 2723 1226 2777 mundo.
1283 2718 1526 2789 Namque
1581 2719 1878 2788 figuraliter
1921 2720 1976 2772 in

398 2822 519 2891 lege
543 2819 815 2875 civitatem
845 2816 957 2887 jam
986 2814 1040 2868 in
1068 2811 1444 2883 superioribus
1489 2809 1766 2865 evidenter
1793 2819 1973 2865 osten-

397 2916 602 2970 dimus.

476 3008 748 3061 Evocatur
773 3019 903 3072 ergo
933 3001 1113 3057 anima
1162 3009 1313 3054 extra
1345 3015 1586 3065 murum,
1610 3007 1663 3053 et
1706 3011 1880 3065 usque
1908 2996 1972 3050 ad
2003 3040 2045 3097 Ο

376 3076 379 3079 γ
409 3096 722 3168 promuralc
754 3092 1091 3164 perducitur,
1121 3105 1244 3146 cum
1274 3091 1537 3160 ahjiciens
1561 3099 1615 3144 et
1659 3090 1975 3157 relinquens

395 3202 464 3242 ea
491 3199 613 3255 quae
638 3184 891 3237 videntur
920 3188 974 3234 et
1000 3178 1317 3249 temporalia
1348 3187 1494 3243 sunt,
1523 3177 1798 3232 contendit
1826 3176 1892 3229 ad
1913 3191 1976 3228 ea

399 3296 523 3351 qua
547 3293 653 3332 non
694 3277 962 3338 videntur,
1005 3282 1059 3327 ct
1104 3281 1303 3327 aeterna
1335 3280 1480 3325 sunt.
1513 3269 1826 3326 Ostenditur
1850 3285 1979 3339 ergo

404 3372 455 3426 ei
492 3373 593 3425 iter
627 3369 768 3424 istud
800 3367 903 3423 sub
934 3366 1200 3421 velamine
1231 3373 1393 3434 petrae
1413 3364 1705 3434 agendum,
1736 3378 1845 3417 non
1876 3361 1980 3417 sub

401 3480 529 3519 aere
557 3463 724 3527 nudo,
757 3474 934 3528 neque
963 3467 1024 3512 ut
1058 3457 1292 3526 patiatur
1323 3455 1453 3510 solis
1496 3455 1740 3521 ardores,
1782 3469 1849 3508 ne
1878 3455 1981 3509 ite-

402 3572 527 3613 tum
559 3555 710 3610 fusca
742 3554 853 3619 fiat,
885 3568 951 3605 ne
982 3552 1176 3605 iterum
1222 3549 1386 3615 dicat,
1412 3549 1647 3617 despexit
1677 3565 1757 3602 me
1778 3548 1858 3602 sol
1888 3550 1933 3582 ⁵¹
1962 3568 1976 3605 :

399 3657 686 3719 propterea
717 3646 817 3700 sub
850 3642 1115 3698 velamine
1146 3649 1310 3711 petrae
1339 3643 1451 3712 agit
1475 3643 1578 3697 hoc
1601 3642 1721 3696 iter.
1746 3641 1861 3697 Hoc
1883 3657 1981 3696 au-

402 3747 513 3793 tem
545 3738 719 3807 ipsum
753 3736 994 3789 velamen
1049 3749 1155 3787 non
1189 3732 1301 3786 vult
1337 3747 1401 3786 ex
1437 3731 1718 3786 frondibus
1738 3747 1857 3788 esse
1886 3740 1980 3787 aut

404 3828 612 3892 linteis,
644 3835 739 3880 aut
790 3825 1040 3894 pellibus,
1071 3821 1161 3877 sed
1197 3831 1402 3890 petram
1432 3821 1547 3875 vult
1578 3823 1626 3875 ei
1669 3837 1791 3877 esse
1833 3821 1979 3875 vela-

398 3935 549 3979 men,
580 3917 632 3972 id
658 3928 741 3971 est
773 3917 926 3969 ﬁrma
953 3923 1007 3967 et
1043 3912 1218 3967 solida
1254 3912 1454 3966 Christi
1487 3911 1768 3981 dogmata.
1803 3911 1986 3981 Ipsum

399 4025 639 4079 namque
688 4023 808 4062 esse
870 4015 1080 4075 petram
1137 4002 1340 4056 Paulus
1392 4003 1710 4070 pronuntiat
1760 4002 1987 4056 dicens:

402 4101 567 4157 Petra
605 4112 779 4154 autent
808 4106 920 4152 erat
962 4095 1208 4149 Christus
1237 4093 1303 4146 ⁵³.
1341 4091 1544 4145 Christi
1589 4107 1720 4160 ergo
1746 4091 1991 4144 doctrina

402 4204 459 4250 et
495 4194 596 4247 tide
628 4192 675 4248 si
703 4193 993 4260 obtegatur
1017 4188 1196 4240 anima
1231 4196 1283 4238 et
1313 4183 1542 4248 veletur,
1581 4192 1696 4237 tuto
1720 4191 1895 4251 potest
1926 4182 1992 4236 ad

402 4282 534 4339 illud
565 4284 848 4354 pervenire
883 4288 1176 4343 secretum,
1209 4277 1298 4331 ubi
1330 4274 1565 4330 revelata
1601 4273 1739 4328 facie
1766 4274 1990 4343 gloriam

470 4423 519 4456 δ’
559 4421 717 4475 Cant.
760 4435 800 4483 1,
849 4418 899 4472 6.
977 4417 1022 4448 ⁸³
1062 4415 1083 4469 l
1126 4417 1252 4471 Cor.
1319 4431 1384 4477 Χ,
1439 4414 1503 4469 4.

403 4490 447 4525 τ’
470 4494 644 4547 Exod.
680 4505 873 4552 χχχιιι,
899 4488 992 4553 22,
1025 4487 1114 4541 25.
1190 4487 1236 4518 ⁵⁸
1280 4483 1438 4539 Joan.
1472 4501 1546 4542 vI.

1610 4414 1656 4446 “
1695 4413 1857 4469 Prov.
1910 4432 2051 4481 xxx,
2093 4413 2195 4480 l8,
2261 4410 2343 4466 l9.

1623 4486 1668 4518 ⁵9
1695 4485 1852 4540 Joan.
1906 4502 1945 4550 ι,
1990 4488 2075 4541 14.

2073 461 2239 522 petra:
2263 461 2438 507 tutum
2472 452 2735 516 creditur,
2771 453 2901 520 quia
2923 464 2977 508 et
3010 452 3264 509 Salomon
3296 456 3363 510 de
3411 470 3472 509 ea
3512 456 3643 509 dicit

2072 546 2126 600 in
2150 545 2485 609 Proverbiis,
2516 546 2661 616 quod
2714 545 2938 616 vestigia
2967 548 3232 613 serpentis
3277 564 3380 601 non
3413 557 3641 616 possunt

2070 638 2403 708 deprehendi
2438 653 2604 708 super
2637 648 2867 708 petram.
2906 636 2998 692 Sic
3028 639 3172 692 enim
3218 640 3332 692 ait‘:
3369 638 3493 692 Tria
3520 648 3639 691 suat

2070 746 2188 799 quae
2241 729 2563 798 impossibile
2619 739 2697 784 est
2749 730 2879 782 mihi
2919 728 3247 799 intelligere,
3296 739 3344 783 et
3395 740 3641 797 quartum

2074 821 2213 890 quod
2243 821 2448 891 ignoro,
2482 820 2699 890 vestigia
2747 819 2942 890 aquila:
2971 819 3231 884 uolantis,
3272 830 3323 874 et
3364 821 3500 874 riam
3538 836 3643 874 sert-

2071 913 2242 981 pentis
2264 928 2421 981 super
2447 921 2668 981 petram,
2724 920 2773 964 et
2815 911 3029 964 semitas
3074 914 3220 966 navis
3256 911 3309 965 in
3347 913 3548 981 pelago,
3590 919 3640 964 et

2073 1006 2184 1058 vias
2207 1005 2308 1058 viri
2335 1004 2389 1056 in
2404 1004 2677 1071 juventute
2703 1002 2769 1057 ".
2801 1001 3078 1072 Serpentis
3123 1017 3272 1072 ergo,
3303 1002 3353 1056 id
3377 1011 3459 1057 est
3489 1003 3641 1071 signa

2075 1093 2257 1161 aliqua
2296 1092 2524 1161 peccati,
2568 1092 2619 1146 in
2661 1092 2763 1146 hac
2790 1102 2939 1161 petra
2968 1109 3088 1162 quae
3125 1102 3208 1148 est
3235 1093 3507 1155 Christus,
3563 1094 3643 1146 ia-

2072 1182 2245 1237 veniri
2279 1197 2387 1235 non
2442 1191 2693 1250 possunt,
2727 1181 2855 1251 quia
2909 1183 3058 1237 solus
3098 1190 3180 1237 est
3208 1183 3300 1251 qui
3360 1192 3642 1251 peccatum
3702 1182 3706 1187 ’

2075 1289 2180 1327 non
2211 1273 2359 1328 fecit.
2400 1271 2575 1341 Hujus
2599 1286 2729 1343 ergo
2773 1282 2935 1339 petrae
2981 1288 3111 1327 vero
3146 1273 3411 1328 velamine
3462 1275 3643 1327 anima

2074 1374 2188 1420 tuto
2213 1364 2455 1434 pervenit
2482 1364 2548 1417 ad
2582 1364 2947 1433 promuralem
2978 1364 3178 1428 locum,
3216 1365 3265 1417 id
3303 1373 3386 1419 est
3409 1365 3473 1418 ad
3508 1380 3639 1419 cono

2072 1456 2442 1526 temptandum
2473 1456 2835 1525 incorporalia
2863 1464 2917 1509 et
2963 1464 3186 1511 aeterna.
3219 1456 3292 1510 De
3321 1456 3422 1511 hac
3455 1457 3643 1510 eadem

2073 1557 2223 1619 petra
2253 1547 2355 1601 alia
2402 1547 2551 1602 verhi
2613 1545 2794 1616 specie
2828 1545 2992 1601 Darid
3028 1547 3080 1600 in
3111 1563 3277 1600 χχχιι
3320 1548 3529 1617 psalmo
3560 1548 3647 1599 di-

2073 1639 2147 1693 cit
2182 1657 2196 1693 :
2232 1636 2301 1691 Et
2335 1638 2521 1692 statuit
2556 1653 2717 1705 supra
2739 1646 2942 1706 petram
2968 1638 3119 1706 pedes
3143 1653 3304 1701 meos,
3352 1646 3403 1690 et
3449 1637 3644 1690 direxit

2074 1746 2280 1800 gressus
2311 1747 2447 1783 meos
2465 1730 2533 1781 ".
2558 1722 2666 1781 Nec
2693 1728 2902 1784 mireris
2930 1730 2973 1782 si
2997 1728 3137 1798 apud
3170 1728 3333 1783 David
3358 1740 3509 1798 petra
3530 1728 3646 1783 haec.

2072 1822 2230 1889 quasi
2268 1821 2679 1877 fundamentum
2710 1830 2764 1875 et
2790 1818 3006 1889 crepido
3034 1818 3341 1875 est'animae
3365 1837 3460 1890 per
3478 1835 3642 1890 quam

2073 1913 2247 1982 pergit
2273 1913 2337 1967 ad
2370 1912 2560 1977 Deum,
2591 1921 2644 1965 et
2698 1911 2839 1980 apud
2886 1910 3234 1965 Salomouem
3278 1913 3519 1964 velamen
3561 1918 3646 1964 est

2075 2002 2271 2054 animae
2330 2003 2394 2054 ad
2441 2001 2666 2069 mystica
2722 2000 3003 2066 sapientia:
3066 2009 3270 2054 secreta
3334 2000 3647 2056 tendentis:

2077 2104 2201 2143 cum
2233 2099 2287 2142 et
2320 2090 2435 2158 ipse
2459 2089 2710 2144 Cluistus
2766 2087 2919 2142 nunc
2958 2090 3043 2143 via
3083 2090 3316 2151 dicatur,
3361 2104 3455 2157 per
3489 2103 3648 2151 quam

2079 2181 2365 2235 credentes
2418 2180 2697 2244 incedunt,
2751 2195 2897 2234 nunc
2929 2181 3089 2234 etiam
3144 2195 3467 2250 prtecursor,
3511 2182 3651 2236 sicut

2079 2271 2153 2324 ait
2175 2269 2416 2326 Paulus:
2468 2268 2533 2323 In
2576 2271 2711 2340 quod
2744 2288 3039 2341 prwcursor
3092 2272 3328 2325 introivit
3372 2287 3465 2341 pro
3502 2272 3649 2326 nobis

2076 2360 2232 2416 Jesus
2255 2362 2321 2417 ⁵⁸.
2358 2359 2548 2415 Simile
2583 2372 2665 2417 est
2693 2370 2748 2417 et
2774 2362 2902 2416 illud
2929 2363 3072 2432 quod
3115 2379 3210 2432 per
3255 2363 3491 2434 Moysem
3511 2363 3651 2417 dici-

2080 2464 2167 2510 tttr
2193 2471 2223 2508 a
2251 2454 2360 2509 Deo
2388 2473 2401 2510 :
2430 2453 2563 2508 Ecce
2588 2457 2737 2523 posui
2760 2467 2807 2508 te
2828 2455 2881 2508 in
2901 2454 3158 2524 foramine
3178 2464 3357 2523 petra',
3384 2465 3431 2508 et
3455 2456 3651 2509 videbis

2077 2548 2368 2617 posteriora
2397 2564 2510 2600 mea
2533 2547 2598 2600 ⁵⁷.
2629 2545 2794 2616 Igitur
2818 2557 2964 2614 petra
2995 2546 3098 2599 ista
3115 2540 3237 2614 qua:
3259 2545 3511 2598 Christus
3541 2555 3646 2608 est.

2078 2651 2185 2689 non
2218 2646 2300 2689 est
2330 2650 2393 2688 ex
2424 2634 2572 2688 omni
2604 2641 2755 2702 parte
2782 2633 2989 2695 clausa,
3044 2633 3135 2685 Sed
3170 2631 3332 2684 habet
3387 2630 3649 2685 foramen.

2076 2725 2344 2781 Forameu
2381 2741 2511 2779 vero
2537 2732 2617 2778 est
2641 2732 2834 2792 petra‘,
2864 2721 2956 2791 qui
3006 2720 3210 2774 revelat
3230 2729 3280 2773 et
3314 2720 3654 2774 innotescere

2079 2821 2207 2875 facit
2237 2818 2554 2873 hominibus
2612 2815 2802 2871 Deum.
2835 2812 3005 2869 Nemo
3049 2829 3175 2883 ergo
3225 2812 3370 2866 videt
3404 2811 3647 2875 Patrem,

2078 2913 2184 2968 nisi
2215 2911 2386 2965 Filius
2416 2910 2502 2974 ‘3;
2563 2921 2724 2961 nemo
2755 2920 2885 2976 ergo
2942 2904 3085 2959 videt
3120 2912 3391 2973 postrema
3430 2900 3542 2967 Dei,
3598 2900 3651 2954 id

2078 3012 2161 3059 est
2186 3018 2305 3071 qum
2333 3003 2384 3054 in
2415 2997 2703 3070 pos:remis
2736 2994 3070 3064 temporibus
3115 2994 3269 3056 fiunt,
3300 2992 3404 3046 nisi
3443 2992 3653 3061 positus

2081 3097 2135 3151 in
2172 3093 2443 3149 foramine
2494 3099 2679 3160 petrae,
2731 3089 2937 3142 scilicet
2971 3100 3094 3140 cum
3125 3100 3189 3138 ea
3218 3084 3438 3138 Christo
3496 3098 3649 3139 reve-

2079 3188 2223 3242 lante
2257 3184 2523 3240 didicerit.
2588 3181 2650 3234 Et
2700 3179 2787 3233 hic
2819 3193 2948 3247 ergo
2994 3176 3099 3231 sub
3158 3176 3426 3230 velamine
3481 3184 3653 3244 petra

2081 3281 2317 3335 animam
2356 3275 2656 3346 proximam
2689 3272 2791 3326 sibi
2833 3270 3079 3327 effectam
3114 3269 3306 3322 invitat
3337 3282 3520 3323 sermo
3553 3265 3650 3322 Dei

2082 3371 2147 3425 ad
2177 3367 2538 3439 promuralem
2581 3364 2785 3426 locum,
2834 3362 2977 3416 sicut
3031 3376 3195 3429 supra
3237 3360 3351 3430 jam
3388 3360 3651 3423 diximus,

2085 3460 2150 3515 ad
2178 3458 2589 3525 contemplanda
2643 3470 2706 3510 ea
2746 3469 2865 3523 qua:
2900 3468 3005 3506 non
3060 3453 3329 3515 videntur,
3361 3459 3417 3504 et
3447 3460 3653 3503 aeterna

2087 3559 2237 3612 sunt,
2280 3560 2333 3603 et
2386 3549 2456 3602 ihi
2501 3547 2631 3602 dicit
2675 3546 2739 3600 ad
2796 3560 2958 3599 eam:
3017 3542 3241 3598 Ostende
3299 3540 3425 3592 mihi
3465 3539 3655 3607 faciem

2088 3652 2233 3697 tuam
2268 3656 2285 3695 :
2328 3638 2567 3711 perfecto
2616 3646 2673 3692 ut
2721 3636 2918 3701 videat,
2951 3635 2997 3689 si
3029 3650 3134 3686 non
3166 3630 3368 3699 aliquid
3410 3628 3463 3681 in
3507 3630 3655 3683 vultu

2086 3734 2205 3804 ejus
2235 3733 2431 3787 veteris
2459 3730 2636 3785 adhuc
2664 3726 2947 3783 velaminis
2977 3725 3194 3786 habeat,
3247 3721 3337 3775 sed
3367 3721 3540 3787 possit
3564 3721 3652 3773 iu-

2087 3823 2311 3892 trepidis
2337 3821 2615 3875 obtutibus
2643 3818 2869 3888 gloriam
2896 3813 3110 3866 Domini
3146 3809 3434 3879 speculari,
3459 3819 3516 3864 ut
3538 3811 3652 3864 haec

2086 3913 2202 3982 ipsa
2229 3913 2372 3967 dicat
2402 3928 2415 3964 :
2450 3908 2517 3963 Et
2544 3908 2768 3961 vidimus
2799 3903 3024 3974 gloriam
3052 3899 3163 3968 ejus
3200 3908 3449 3968 tanquam
3474 3900 3656 3969 unige-

2091 4004 2249 4056 uitia
2290 4001 2474 4061 Patre,
2502 3997 2713 4066 plenum
2762 3993 2950 4064 gratia:
2991 4000 3041 4045 et
3077 3990 3313 4045 veritatis
3362 3992 3429 4044 ³³.
3466 3989 3570 4044 Sed
3601 3996 3655 4042 et

2088 4104 2211 4143 cum
2248 4088 2413 4155 digna
2449 4084 2630 4147 fuerit,
2686 4090 2746 4134 ut
2800 4081 2865 4132 de
2916 4081 3035 4147 ipsa
3076 4079 3287 4131 dicatur
3338 4078 3479 4130 sicut
3514 4077 3663 4129 etde

2090 4180 2272 4248 Moyse
2303 4177 2504 4228 dictum
2534 4179 2637 4234 est,
2664 4170 2791 4240 quia
2819 4169 3028 4239 Moyses
3051 4167 3446 4233 loquebatur,ct
3482 4165 3667 4219 Domi-

2094 4286 2200 4326 nus
2218 4265 2581 4337 respondebat
2606 4265 2679 4330 ei,
2709 4272 2836 4319 tunc
2866 4261 3168 4332 completur
3195 4259 3246 4312 in
3273 4275 3336 4312 ea
3361 4257 3505 4328 quod
3536 4258 3609 4311 ait
3635 4270 3652 4310 :

2453 4406 2498 4439 ⁸³
2547 4404 2692 4461 Psal.
2736 4420 2929 4471 xxxix,
2982 4401 3035 4457 5.
3145 4401 3197 4487 “_
3226 4397 3388 4454 Hebr.
3437 4415 3508 4466 vr,
3565 4394 3664 4450 20.

476 4610 586 4680 (76)
609 4608 752 4680 Tune
774 4606 840 4680 ad
858 4623 994 4680 eam,
1019 4615 1124 4680 etc.
1149 4605 1548 4680 Procopitts‘ex
1575 4604 1809 4680 Origene
1829 4606 1993 4680 :_Bot3_-

2095 4603 2283 4680 ctxibv,
2307 4599 2449 4680 ἀρχῇ
2553 4597 2662 4680 τῶιί
2684 4594 3009 4680 accipitrem.
3054 4590 3446 4680 ll’ultspoasapt
3480 4601 3662 4680 super-

404 4674 679 4750 λεαέαῐτὴν
710 4678 887 4748 ψυχὴν
921 4676 1226 4750 ὑπερϐῆναι
1258 4674 1339 4728 τάκ
1358 4674 1615 4750 ιιίςιθηῖᾰιἶ
1658 4677 1742 4750 ’ῼς
1773 4677 1864 4750 ἐπὶ
1891 4678 1988 4730 πό-

406 4745 957 4833 Asm;-5é:1eixé¢'xa‘t
985 4745 1349 4833 προςξίχισμα
1376 4745 1478 4833 τὸν,
1500 4745 1755 4833 αἰσθητῶς
1785 4747 1987 4833 κῆσμρν

410 4821 583 4900 καλεῖ.
625 4821 715 4900 As}
737 4815 834 4869 ὀῦν
850 4823 951 4900 ςτὴν
985 4815 1062 4888 τῷ
1258 4815 1691 4900 κοινέρνήσοιίσαν
1711 4815 1900 4900 ,ψυχὴ-ἑ
1918 4820 1983 4897 ἓν

412 4891 587 4963 σκέπῃ
645 4889 760 5010 riga
795 4884 1000 4958 πέτρας
1036 4884 1115 4940 ὀὐ
1170 4884 1329 4957 μόνον
1365 4884 1484 4949 ἔξω
1505 4885 1598 4939 τοῦ
1642 4884 1984 4956 τείχούξτῆς

412 4961 638 5010 πόλεως.
663 4961 699 5010 ἁ
762 4957 796 5010 ὰ
856 4957 951 5010 καὶ
985 4955 1079 5009 τοῦ
1112 4955 1569 5010 ποοτειγίσιιατος
1606 4955 1880 5010 γενέσθαι’
1909 4956 1983 5010 ὡς

411 4955 638 5024 πόλεώς,
663 4955 796 5011 ἀλλὰ
856 4955 951 5011 xiii.
985 4955 1079 5009 τοῦ
1112 4955 1569 5027 προτειχίσματος
1606 4955 1880 5027 γενέσθαιο
1909 4955 1983 5027 ᾡς

412 5023 635 5101 πλησίον
666 5027 966 5101 γενομένην
1017 5023 1527 5101 ἀναῇξκοιλὺήμμένιε
1570 5023 1853 5101 «postferte:
1888 5024 1985 5101 σξὴν

412 5093 566 5168 segem
620 5093 824 5200 Kupiou
879 5093 1351 5200 κὰτοπτίίζεσθαι,
1410 5093 1735 5200 ambage.qu
1787 5093 1864 5165 τῷ
1894 5093 1986 5146 λέ-

412 5186 579 5200 ..........
611 5172 694 5200 Αρτ
727 5168 785 5200 Α..
823 5184 904 5200 οιΑ·
949 5166 1046 5200 ...ιω
1133 5165 1208 5200 Lm
1261 5182 1356 5200 mm
1442 5165 1561 5200 ἠενρ
1604 5165 1732 5200 "ne?
1784 5163 1839 5200 εξ
1893 5164 1981 5200 wn

412 5163 579 5238 γοῖθτι·
604 5163 785 5233 Δεῖξόν
822 5184 910 5239 μοι
949 5166 1046 5239 ἐὴν
1087 5163 1208 5239 ὄψι-ν
1261 5182 1378 5218 σου.
1411 5163 1845 5239 -Ἒπ-ιθυμξῖμδὲ
1871 5164 1987 5239 Δκαὶ

414 5233 797 5309 διαλεγομένης
823 5233 1089 5309 ίὰκοῦάαι,
1126 5233 1233 5309 λιτὴν
1289 5234 1471 5309 φερνὴν
1645 5233 1833 5309 ᾐδεῖαν
1866 5233 1988 5309 βαυ-

425 5303 1012 5379 μάζωῖιξιῐρότεξχισμα
1037 5303 1271 5379 ᾷέιὲσέειν
1291 5342 1304 5366 ,
1335 5303 1471 5379 ᾗπερ
1503 5303 1725 5379 'anta;
1754 5303 1991 5379 ςπερίτει-

425 5324 628 5379 μαθων.
649 5324 693 5360 ΙΙ
762 5324 1012 5427 τειξισμα
1037 5324 1092 5358 οε
1122 5324 1271 5357 εστιν
1291 5342 1304 5366 ,
1336 5324 1471 5375 οπερ
1521 5324 1725 5366 nauta;
1754 5324 1982 5375 περιτει-

417 5394 509 5447 χος
535 5325 845 5447 ὀνομάῗέιᾼλ
877 5392 1009 5444 γων·
1039 5372 1221 5447 ρήσει
1268 5371 1464 5447 τεῖχος
1504 5374 1602 5447 atat
1628 5373 1982 5447 {repleaton

463 5441 674 5500 οὖλετὰι
725 5441 937 5509 τοίνυὺ,
996 5444 1115 5514 τῶν
1162 5443 1506 5514 ᾳωματαῶνᾼ
1544 5441 1882 5514 ἐξελθοῦσαν,
1923 5443 1985 5514 ob

425 5516 581 5587 μόνον
612 5518 669 5587 ἐν
696 5514 772 5587 τῷ
802 5515 970 5587 τείχει
998 5510 1268 5587 γεγ-ἐᾳβαι,
1288 5511 1603 5587 Δὅττειερῃιεῖναι
1625 5512 1727 5587 sint
1744 5510 1985 5580 περὶτοῦ

425 5533 581 5586 μονον
612 5533 669 5568 εν
696 5533 772 5587 τῳ
802 5533 970 5636 tanqu
998 5533 1268 5583 γενεσυαι,
1295 5533 1430 5583 οπερ
1464 5533 1603 5566 ειναι
1625 5533 1716 5566 τον
1744 5533 1871 5580 περι
1891 5533 1985 5565 του

425 5586 584 5655 νόμου
613 5584 765 5652 λόγον
799 5583 1022 5655 νομμζω,
1051 5583 1187 5655 ἀλλὰ
1219 5584 1312 5637 καὶ
1359 5583 1594 5655 ἐχόμενα
1633 5581 1728 5655 rei}
1779 5598 1987 5653 προτει-

428 5650 700 5726 lege-.9:
763 5656 833 5716 ὡς
867 5650 1020 5722 λόγος
1057 5653 1152 5725 μέν
1185 5655 1300 5707 ἐστι
1332 5650 1634 5718 celebrato;
1662 5650 1769 5707 τῶν
1804 5650 1987 5723 scopa-

2095 4675 2242 4746 gredi
2272 4660 2576 4726 sebs‘ibilia.
2629 4668 2705 4720 Ac
2742 4660 2820 4746 ,δί’
2840 4673 3014 4746 autem
3045 4661 3108 4714 de
3141 4660 3363 4746 civitate.
3392 4661 3658 4746 loquatur,

2095 4731 2303 4797 iiutrum
2353 4750 2403 4795 et
2453 4733 3093 4792 antemurale’muudum
3150 4731 3445 4784 sensibilem
3488 4738 3657 4782 vocat.

2099 4814 2251 4867 Debet
2285 4813 2461 4880 itaque
2513 4809 2712 4880 optima,
2768 4820 2882 4880 qua:
2916 4819 3034 4856 cum
3084 4799 3248 4855 Verbo
3291 4800 3660 4880 commercium

2092 4884 2340 4936 habitura
2377 4871 2461 4933 'est
2514 4878 2570 4931 in
2608 4871 2862 4930 velamine
2904 4882 3085 4943 petrw,
3136 4887 3236 4924 non
3295 4871 3466 4943 solum
3503 4877 3659 4943 extra

2093 4969 2302 5006 murum
2331 4949 2584 5012 civitatis,
2613 4945 2700 4999 sed
2738 4938 3071 4998 etiam'estra
3117 4938 3658 5012 antemurale__rmire,

2092 5005 2397 5091 utpropius
2458 5005 2704 5091 accedens
2737 5014 2972 5091 revelata
3012 5012 3150 5091 facie
3175 5011 3400 5091 gloriam
3442 5005 3659 5091 (lacinias:

2092 5074 2230 5147 velut
2254 5074 2307 5145 iit
2334 5089 2541 5159 speculo
2575 5094 2901 5159 cont_uea_tur,
2921 5074 3159 5159 obedieus
3176 5074 3383 5159 dicenti
3396 5093 3426 5159 ς.
3438 5074 3663 5129 Ostende

2096 5163 2225 5215 mihi
2252 5147 2441 5230 [aciem
2468 5169 2638 5230 tua_m._
2667 5154 2821 5230 Cupit
2850 5147 2966 5205 vero
2995 5154 3157 5230 etiam
3197 5147 3453 5230 loquentis
3484 5160 3661 5230 uocent

2096 5213 2305 5296 audire,
2332 5245 2488 5300 quam
2516 5226 2578 5300 ob
2606 5213 2931 5300 dulcedinem
2969 5213 3285 5300 admiratur.
3320 5213 3662 5300 Aute'tuurale

2096 5311 2271 5355 autem
2293 5286 2399 5364 'est,
2438 5295 2575 5368 quod
2600 5292 2777 5368 Isaias
2809 5289 3212 5368 circummurale
3243 5296 3411 5368 ιιριςαιΔ
3432 5286 3609 5368 dicens
3639 5295 3661 5336 :

2100 5390 2119 5422 ι
2149 5370 2312 5424 Ponet
2342 5358 2551 5421 "utrum
2575 5374 2624 5417 et
2651 5360 3110 5418 circummuralea
3163 5358 3282 5412 Vult
3316 5359 3499 5426 igitur,
3517 5363 3578 5426 ut
3628 5368 3664 5406 α

2097 5437 2458 5509 corporalibus
2480 5435 2690 5509 exiens,
2721 5447 2824 5509 non
2862 5427 3033 5509 solum
3092 5430 3146 5481 in
3184 5425 3660 5509 muro-consistat,

2094 5495 2243 5580 que'm
2270 5518 2394 5580 puto
2441 5521 2549 5559 esse
2589 5503 2716 5573 legis
2757 5498 3075 5580 docti-iuuat,
3108 5511 3280 5549 rerum
3323 5495 3482 5548 etiam
3506 5506 3665 5574 prope

2096 5565 2442 5636 timemur-ale.
2474 5565 2764 5629 extremam
2813 5565 3054 5621 videlicet
3102 5580 3466 5635 conporeorum
3505 5567 3666 5617 ratio-

2096 5665 2209 5704 nem
2241 5658 2286 5702 et
2314 5648 2734 5717 incorporearum
2773 5636 3005 5695 initium.
