4296 6288
550 326 643 383 liii

1633 297 1960 356 ORIGENIS
2002 293 2065 348 ΙΝ
2104 285 2464 347 CANTICUM
2501 282 2773 339 CANTlC.

3702 270 3807 324 {9‘2

551 440 805 496 Auditum
837 436 923 506 {ac
976 432 1105 486 mihi
1137 442 1309 484 uocem
1358 433 1529 478 tuam.
1562 421 1761 491 ingens
1816 430 1948 471 vero
2008 413 2129 466 laus
2158 414 2204 469 Α
2302 404 2459 460 Nunc
2495 403 2657 460 etiam
2707 400 2987 455 videamus
3026 397 3302 469 quomodo
3353 395 3470 449 hac
3512 408 3540 446 a
3587 390 3810 448 Christo

548 531 673 600 ejus
713 526 1020 582 ostenditur
1050 522 1104 575 in
1134 534 1200 575 eo
1225 514 1373 586 quod
1423 512 1666 570 dicitur:
1708 508 1822 563 Vox
1866 518 1958 560 tua
1999 520 2128 558 sua-

548 596 649 679 uis.
676 621 767 675 Sic
793 616 936 671 cnim
971 608 1411 681 sapientissimus
1451 602 1713 673 propheta
1767 599 1931 653 David
1975 596 2126 650 dice-

556 714 647 769 bat
681 730 693 763 :
726 707 913 764 Suavis
957 704 1027 756 sit
1079 701 1129 754 ei
1175 696 1472 767 disputatio
1509 711 1631 749 mea
1689 693 1757 746 ⁶⁰.
1820 688 2016 744 Suavis
2045 694 2131 741 est

554 819 657 856 vox
694 801 888 854 animus
916 808 1042 849 cum
1089 792 1315 847 verbum
1350 786 1443 844 Dei
1474 785 1619 856 quod
1679 784 1945 851 loquitur,
2004 792 2129 833 cum

553 892 656 945 lide
677 899 731 943 et
763 885 1108 955 dogmatibus
1138 880 1383 936 veritatis
1411 875 1655 946 exponit,
1695 889 1820 928 cum
1845 873 2133 939 dispensa-

553 977 724 1029 tinncs
757 971 848 1025 Dei
896 980 950 1025 et
994 969 1203 1039 judicia
1258 966 1381 1036 ejus
1413 965 1690 1033 explanat.
1750 959 1808 1015 Si
1864 974 1993 1012 vero
2038 965 2135 1012 aut

555 1062 984 1132 stultiloquium,
1019 1069 1115 1114 aut
1163 1058 1493 1121 scurrilitas,
1545 1063 1639 1109 aut
1685 1052 1900 1106 vanitas
1942 1049 2010 1104 de
2038 1063 2134 1102 ore

552 1156 675 1222 cius
704 1153 1030 1224 procedunt,
1086 1158 1182 1203 aut
1208 1148 1432 1202 verbum
1464 1145 1728 1208 otiosum,
1756 1142 1825 1197 de
1868 1156 1979 1209 quo
2009 1138 2136 1193 red-

551 1245 733 1299 denda
769 1243 842 1297 sit
872 1241 1014 1296 ratio
1049 1240 1103 1292 in
1130 1239 1220 1293 die
1251 1236 1464 1306 judirii,
1489 1233 1733 1288 insuavis
1757 1240 1814 1287 et
1837 1229 2131 1300 injucunda

552 1349 658 1388 vox
687 1333 796 1388 ista
822 1339 926 1387 est.
959 1330 1041 1383 Al)
1072 1328 1176 1381 hac
1211 1340 1342 1380 voce
1368 1322 1623 1377 Christus
1667 1319 1862 1373 avertit
1886 1317 2132 1372 auditum

553 1440 738 1481 suum.
785 1422 851 1477 Et
896 1420 1023 1475 ideo
1070 1432 1302 1489 quaeque
1352 1413 1591 1485 perfecta
1639 1410 1822 1465 anima
1869 1409 2024 1478 ponit
2050 1405 2139 1460 ori

557 1532 662 1573 suo
685 1514 1018 1578 custodiam,
1047 1520 1101 1567 et
1122 1509 1323 1566 ostium
1350 1502 1779 1563 circumstantia:
1810 1500 1970 1554 labiis
1997 1497 2137 1563 suis,

559 1614 621 1661 ut
649 1605 811 1660 talem
842 1616 1059 1672 semper
1112 1611 1424 1655 sermonem
1454 1592 1695 1665 proferat
1737 1591 1831 1663 qui
1866 1590 1978 1646 sale
2002 1604 2138 1644 con-

560 1698 710 1754 ditus
734 1696 829 1752 det
854 1694 1085 1768 gratiam
1118 1689 1491 1752 audientibus,
1537 1694 1593 1741 et
1635 1686 1780 1741 dicat
1805 1684 1873 1739 de
1907 1698 1974 1739 ea
2004 1681 2139 1737 Ver-

560 1791 693 1848 bum
723 1789 840 1853 Dei,
868 1789 995 1860 quia
1023 1802 1123 1841 vos:
1166 1794 1258 1838 tua
1287 1781 1487 1836 suavis.
1520 1778 1625 1835 Sed
1655 1787 1704 1833 et
1730 1778 1893 1847 facies
1922 1784 2035 1837 tua,
2063 1775 2140 1831 in-

559 1883 702 1953 quit,
756 1881 1011 1951 speciosa.
1057 1878 1117 1932 Si
1170 1873 1443 1944 intelligas
1491 1871 1638 1926 illam
1701 1869 1895 1924 faciem
1939 1869 2007 1924 de
2032 1884 2140 1938 qua

561 1972 766 2028 Paulus
792 1970 964 2026 dicit:
1000 1967 1115 2022 Nos
1162 1974 1339 2021 autem
1382 1978 1561 2018 omnes
1613 1960 1846 2015 revelata
1886 1960 2024 2030 facie
2058 1960 2139 2026 “;

562 2072 619 2119 et
642 2064 769 2117 item
795 2076 922 2117 cum
955 2058 1083 2114 dicit
1117 2075 1130 2112 :
1164 2056 1312 2110 Tum:
1351 2063 1529 2109 autem
1575 2054 1712 2123 [acie
1747 2054 1817 2108 ad
1846 2054 2039 2124 faciem
2058 2054 2140 2120 “;

564 2166 699 2211 tunc
737 2152 948 2209 videbis
974 2166 1096 2221 quae
1122 2149 1193 2205 sit
1219 2148 1418 2204 animus
1470 2146 1640 2202 facies
1665 2162 1788 2216 quas
1815 2146 2064 2201 laudetur
2112 2162 2143 2201 a

563 2246 740 2301 Verbo
763 2243 858 2298 Dei
885 2251 940 2297 et
972 2240 1219 2311 speciosa
1246 2252 1371 2292 esse
1395 2235 1628 2292 dicatur.
1664 2234 1755 2289 llla
1812 2235 1932 2290 sine
1977 2235 2145 2289 dubio

528 2338 684 2408 qua:
753 2334 996 2406 quotidie
1049 2339 1344 2388 renovatur
1400 2328 1468 2384 ad
1527 2327 1822 2397 imaginem
1879 2326 2000 2395 ejus
2051 2327 2145 2395 qui

562 2430 665 2501 91
700 2427 905 2483 creavit
943 2436 1255 2491 eam,'qu~.c
1294 2435 1400 2475 non
1439 2420 1601 2473 habet
1635 2419 1689 2472 in
1738 2433 1797 2473 se
1840 2417 2135 2481 maculam,

563 2530 656 2577 aut
677 2533 888 2589 rugam,
920 2523 1015 2570 aut
1041 2511 1247 2583 aliquid
1280 2510 1617 2582 hujusmodi,
1642 2509 1740 2565 sed
1767 2517 1850 2563 est
1878 2514 2067 2562 sancta
2095 2515 2150 2561 et

565 2607 944 2673 immaculata;
975 2602 1191 2673 qualem
1232 2609 1287 2655 et
1323 2601 1440 2669 ipse
1476 2599 1580 2654 sibi
1622 2597 1873 2652 exhibuit
1898 2596 2150 2651 Christus

567 2698 862 2755 Ecclesium
890 2734 907 2760 ,
956 2694 1172 2749 animas
1215 2690 1426 2746 scilicet
1469 2704 1593 2758 qua:
1639 2688 1709 2744 ad
1759 2686 2149 2757 perfectionem

568 2796 855 2852 venerunt,
888 2801 1013 2855 qum
1041 2798 1236 2837 omnes
1270 2782 1436 2837 simul
1469 2779 1709 2835 efﬁciunt
1739 2794 1940 2849 corpus
1968 2778 2154 2834 Eccle-

565 2877 683 2933 siae.
715 2876 871 2944 Quod
900 2889 1100 2944 corpus
1132 2872 1319 2942 utique
1350 2871 1640 2941 pulchrum
1667 2870 1939 2925 videbitur
1968 2879 2023 2925 et
2056 2870 2152 2923 de-

566 2982 779 3036 corum,
809 2967 856 3022 si
889 2966 1087 3021 anima:
1113 2980 1181 3021 ex
1220 2964 1421 3033 quibus
1449 2978 1649 3032 corpus
1674 2962 1804 3018 illud
1833 2961 2062 3017 efﬁcitur
2095 2961 2152 3015 in

2230 500 2296 554 a.l
2329 496 2622 552 Ecclesium
2653 492 2887 556 dicatur,
2939 506 3060 560 quae
3104 498 3188 543 est
3234 486 3482 559 proxima
3516 484 3563 540 ei
3591 492 3646 539 et
3684 499 3808 563 spe-

2226 592 2396 649 ciosa.
2436 587 2698 657 Speciosa
2732 596 2912 639 autem
2944 583 3077 636 nulli
3114 580 3204 634 alii
3251 578 3356 632 nisi
3398 577 3498 632 soli
3531 576 3655 644 ipsi.
3700 574 3813 630 lloc

2229 682 2376 737 enim
2405 677 2675 749 signiﬁcat
2700 692 2824 730 cum
2857 675 3010 736 dicit,
3052 672 3287 740 speciosa
3319 685 3455 722 mea.
3494 666 3644 720 lianc
3682 683 3813 735 ergo

2227 774 2525 830 exsuscitat
2558 771 2828 830 Christus,
2861 778 2913 821 et
2944 765 3045 835 ipsi
3086 760 3435 829 Evangelium
3468 757 3815 812 resurrectio-

2232 867 2317 921 nis
2344 862 2652 927 annuutiat,
2682 869 2735 914 ct
2759 858 2879 912 ideo
2903 856 3030 911 dicit
3062 874 3075 911 :
3116 853 3369 922 Exsurge,
3404 849 3540 911 veni,
3569 848 3814 916 proxima

2233 973 2370 1018 mea,
2400 953 2635 1023 speciosa
2666 967 2802 1004 mea.
2843 946 2981 1014 Quia
3015 954 3196 999 autem
3234 943 3383 997 dedit
3424 949 3478 995 et
3515 941 3560 995 ei
3606 953 3815 1007 pennas

2237 1046 2521 1110 columbae,
2564 1050 2918 1112 posteaquam
2947 1035 3207 1091 dormixit
3235 1035 3285 1086 in
3322 1033 3502 1086 medio
3531 1032 3758 1084 sortium
3797 1047 3810 1083 :

2235 1138 2414 1193 media
2439 1146 2622 1189 autem
2656 1133 2794 1186 inter
2825 1131 2963 1185 duas
2992 1126 3303 1181 vocationes
3329 1122 3548 1177 Israclis
3574 1119 3816 1175 Ecclesia

2235 1238 2426 1283 vocata
2472 1234 2576 1289 cst,
2606 1223 2733 1293 quia
2762 1222 2940 1292 primo
2969 1218 3133 1275 Israel
3165 1225 3388 1271 vocatus
3421 1222 3523 1278 est,
3558 1223 3673 1282 post
3702 1213 3818 1265 lucc

2237 1319 2326 1373 ubi
2380 1318 2495 1388 ipse
2539 1313 2766 1370 offundit
2815 1321 2869 1366 et
2913 1309 3150 1373 cecidit,
3199 1315 3390 1361 vocata
3442 1313 3527 1358 est
3578 1303 3817 1357 Ecclesia

2237 1410 2509 1482 gentium;
2544 1421 2670 1461 cum
2704 1414 2886 1460 autem
2929 1401 3209 1473 plenitudo
3245 1399 3484 1469 gentium
3529 1395 3816 1460 introierit,

2239 1513 2352 1558 tum
2387 1501 2586 1554 iterum
2617 1496 2797 1552 omnis
2836 1494 3004 1550 Israel
3035 1499 3258 1548 vocatus
3303 1487 3600 1543 salvabitur
3628 1484 3712 1550 ⁴⁶;
3763 1486 3817 1540 in

2239 1591 2423 1647 medio
2456 1602 2586 1659 ergo
2618 1587 2813 1641 harum
2854 1583 3089 1639 duarum
3138 1579 3368 1635 sortium
3400 1577 3601 1630 dormit
3634 1574 3820 1630 Eccle—

2240 1683 2343 1740 sia.
2388 1682 2453 1736 Et
2483 1688 2706 1751 propter
2733 1676 2840 1730 hoc
2876 1674 3026 1729 dedit
3065 1671 3115 1727 ei
3153 1668 3633 1741 pennas'columbw
3667 1667 3822 1719 dear-

2239 1776 2479 1841 gentatas
2509 1806 2526 1831 ,
2576 1764 2724 1835 quod
2773 1760 3047 1833 signiﬁcat
3094 1756 3448 1813 rationabiles
3499 1767 3706 1825 pennas
3763 1755 3817 1807 in

2240 1860 2416 1919 sancti
2445 1857 2680 1927 Spiritus
2719 1854 2899 1909 donis.
2940 1851 3007 1905 Et
3039 1850 3333 1921 posteriora
3374 1847 3518 1901 dorsi
3553 1848 3693 1916 ejus,
3736 1845 3819 1898 vel

2241 1951 2296 2004 ia
2326 1948 2595 2003 viriditate
2626 1945 2747 2000 auri
2783 1945 2827 1976 ⁸⁷
2851 1985 2867 2012 ,
2894 1950 2956 1997 ιιι
2983 1941 3203 2012 quidam
3239 1941 3459 2009 legunt,
3492 1938 3576 1990 vel
3596 1978 3610 2001 ,
3642 1944 3699 1989 ut
3730 1934 3822 1988 alii

2244 2042 2507 2110 scriptum
2553 2037 2753 2091 habent
2778 2073 2794 2100 ,
2829 2034 2885 2088 in
2927 2031 3128 2103 pallore
3166 2031 3307 2083 auri.
3339 2027 3492 2095 Quod
3533 2025 3822 2081 ostendere

2245 2139 2444 2201 potest,
2488 2129 2618 2201 quia
2652 2125 2924 2200 posterior
2972 2124 3061 2179 illa
3109 2123 3320 2179 vocatio
3350 2135 3513 2191 quam
3559 2134 3624 2173 ex
3661 2116 3825 2172 Israel

2245 2221 2483 2277 futuram
2529 2221 2662 2274 dicit
2706 2217 3037 2288 Apostolus,
3079 2230 3188 2268 non
3231 2213 3335 2268 erit
3379 2213 3431 2265 in
3480 2209 3826 2266 observantia

2245 2313 2403 2383 legis,
2437 2311 2532 2367 sed
2563 2313 2614 2366 in
2656 2309 2993 2380 pretiositate
3020 2306 3161 2362 ﬁdei.
3205 2304 3338 2358 Auri
3382 2317 3616 2371 namque
3642 2300 3828 2355 viridi-

2248 2404 2373 2458 tatis
2402 2402 2537 2474 gerit
2584 2401 2819 2471 speciem
2839 2441 2854 2465 ,
2891 2399 3025 2453 ﬁdes
3057 2396 3348 2452 virtutibus
3379 2395 3601 2448 florens.
3649 2392 3831 2446 Potest

2247 2503 2429 2548 autem
2473 2492 2581 2548 dici
2613 2492 2666 2546 in
2710 2490 2890 2545 medio
2928 2503 3116 2542 earum
3161 2487 3392 2542 sortium
3443 2482 3709 2547 dormire,
3744 2480 3830 2535 vel

2249 2585 2531 2654 quiescere
2562 2581 2830 2643 Ecclesia,
2870 2580 2925 2634 in
2972 2578 3147 2633 medio
3199 2577 3431 2631 duorum
3473 2581 3829 2627 testamento-

2253 2691 2409 2742 rum;
2444 2684 2498 2729 et
2537 2688 2727 2743 pennae
2754 2673 2874 2743 ejus
2901 2672 3263 2739 deargentatze
3294 2682 3361 2722 ex
3389 2666 3643 2721 sensibus
3671 2664 3835 2734 legis.’

2250 2771 2462 2825 Aurum
2509 2765 2562 2820 in
2609 2765 3008 2835 posterioribus
3039 2761 3189 2818 dorsi
3218 2759 3357 2829 ejus,
3399 2757 3621 2827 intelligi
3666 2771 3832 2811 evan-

2250 2859 2408 2931 gelici
2440 2856 2690 2913 muneris
2718 2859 2921 2911 donum
2958 2862 3157 2925 potest.
3193 2853 3272 2904 Ad
3309 2851 3450 2904 hanc
3487 2865 3614 2918 ergo
3653 2847 3835 2903 Eccle-

2255 2951 2394 3007 siam
2444 2948 2578 3004 dicit
2617 2946 2868 3002 Christus
2910 2965 2922 3001 :
2966 2945 3139 3011 Veni,
3200 2953 3255 2997 tu
3289 2941 3537 2996 columba
3574 2954 3693 2993 mea
3720 2978 3735 3002 ,
3781 2948 3837 2993 ct

561 3061 714 3117 omni
745 3059 1096 3130 perfectionis
1130 3060 1326 3115 decore
1358 3055 1778 3127 permanserint.
1821 3054 1976 3110 Sicut
2002 3054 2150 3111 enim
2179 3076 2220 3132 ο
2254 3044 2412 3107 veni.
2456 3042 2511 3098 in
2551 3042 2890 3113 ορετίωεηιο
2923 3048 3121 3110 pelrw;
3166 3039 3369 3093 docens
3412 3050 3532 3089 cam
3564 3045 3622 3088 ut
3648 3040 3836 3103 opel‘la

567 3168 696 3207 cum
737 3152 919 3206 anima
970 3150 1024 3205 in
1073 3149 1355 3205 iracundia
1397 3157 1517 3214 est,
1560 3147 1836 3202 turbatum
1883 3153 1938 3202 et
1973 3145 2149 3201 ferum

564 3242 747 3298 reddit
777 3240 1028 3311 corporis
1059 3240 1307 3307 vultum;
1335 3254 1461 3296 cum
1494 3252 1625 3293 vero
1648 3237 1702 3291 in
1733 3235 2154 3291 mansuetudine

562 3343 621 3388 et
643 3333 1037 3402 tranquillitate
1063 3330 1325 3400 persistit,
1356 3329 1630 3401 placidum
1655 3328 1957 3397 mitemque
1979 3326 2155 3383 reddit

570 3430 855 3492 aspectum
881 3440 895 3475 :
921 3421 997 3476 ita
1027 3421 1281 3477 Ecclesia:
1308 3420 1477 3477 facies
1500 3434 1600 3491 pro
1628 3419 1926 3474 virtutibus
1949 3426 2004 3474 et
2036 3432 2155 3472 mo-

577 3513 732 3569 ribus
781 3512 1119 3567 credentium
1146 3551 1162 3577 ,
1213 3521 1308 3567 aut
1345 3512 1542 3568 decora
1587 3509 2012 3581 pronuntiatur,
2061 3518 2157 3564 aut

572 3603 787 3672 turpis,
834 3602 1132 3659 secundum
1167 3603 1309 3672 quod
1348 3611 1404 3659 et
1433 3603 1697 3673 scriptum
1737 3601 1967 3669 legimus
2003 3618 2018 3656 :
2064 3599 2157 3657 Ve-

574 3688 792 3760 stigium
821 3689 997 3744 cordis
1046 3690 1100 3742 in
1133 3690 1315 3752 bonis,
1359 3689 1536 3743 vultus
1577 3689 1766 3743 hilaris
1813 3689 1878 3743 ⁸³.
1920 3688 1987 3744 Et
2025 3689 2154 3745 item

574 3780 700 3839 alibi
738 3799 753 3837 :
781 3777 973 3835 Cordis
1023 3780 1133 3834 laeti
1166 3779 1329 3849 facies
1362 3779 1578 3849 ﬂorida,
1610 3780 1666 3833 in
1715 3779 1948 3834 tristitiis
1983 3789 2159 3834 autem

573 3873 731 3941 positi
772 3881 988 3927 mantus
1027 3880 1108 3926 est
1153 3870 1328 3926 vultus
1380 3870 1446 3926 “.
1486 3869 1594 3925 Cor
1631 3886 1760 3941 ergo
1802 3870 1981 3925 laetum
2028 3878 2157 3939 est,

578 3978 707 4019 cum
750 3963 915 4018 habet
958 3964 1012 4018 in
1046 3980 1107 4021 se
1146 3963 1400 4034 spiritum
1432 3960 1525 4016 Dei
1558 3979 1571 4016 :
1600 3960 1764 4030 cujus
1806 3961 2015 4031 primus
2044 3960 2161 4017 fru-

576 4064 699 4110 ctus
741 4054 982 4110 Charitas
1026 4064 1133 4121 est,
1183 4054 1459 4111 secundus
1503 4053 1761 4123 gaudium
1804 4068 1908 4107 εει.
1957 4051 2037 4107 Ex
2075 4053 2162 4108 his

577 4151 710 4213 puto
730 4144 1003 4215 quosdam
1056 4146 1335 4215 sapientes
1384 4144 1564 4201 saeculi
1613 4145 1980 4216 assumpsisse
2012 4144 2158 4199 illam

577 4236 908 4293 sententiam
948 4251 1071 4306 quae
1097 4237 1248 4303 dicit,
1292 4236 1424 4307 quia
1457 4237 1606 4292 solus
1637 4237 1856 4306 sapiens
1881 4237 2162 4307 speciosus

577 4337 682 4393 est,
714 4329 893 4382 omnis
915 4338 1096 4382 autem
1117 4343 1353 4395 nequam
1385 4330 1557 4397 turpis
1585 4338 1686 4385 est.
1723 4327 1983 4396 Superest
2005 4327 2163 4381 nobis

2254 3133 2459 3199 veniat,
2489 3147 2558 3188 ne
2602 3131 2732 3202 quid
2761 3130 3000 3201 patiatur
3027 3130 3095 3185 ab
3127 3127 3535 3184 incursantibus
3566 3141 3687 3179 eam
3716 3137 3836 3178 ten-

2254 3224 2587 3291 tationibus,
2639 3224 2732 3279 sed
2778 3223 2880 3278 sub
2918 3222 3113 3277 umbra
3157 3230 3324 3290 petrae
3364 3216 3580 3272 incedat
3626 3216 3838 3270 obtecta

2253 3317 2440 3373 dicens
2478 3332 2495 3371 :
2530 3315 2764 3386 Spiritus
2803 3313 2979 3370 vultus
3032 3313 3199 3367 nostri
3264 3310 3505 3366 Christus
3553 3308 3838 3374 Dominus,

2255 3408 2345 3462 cui
2371 3408 2605 3462 diximus
2635 3423 2653 3462 :
2687 3405 2755 3462 In
2783 3406 2970 3460 umbra
3012 3408 3123 3474 ejus
3151 3404 3378 3458 vivemus
3407 3402 3461 3455 in
3492 3399 3732 3471 gentibus
3767 3395 3837 3450 ⁸⁸.

2257 3498 2485 3556 Obiecta
2527 3510 2708 3555 autem
2744 3498 2944 3553 incedit
2968 3507 3023 3552 et
3059 3495 3337 3565 adoperta,
3388 3492 3518 3563 quia
3548 3491 3708 3546 debet
3737 3504 3835 3558 po-

2260 3598 2506 3644 testatem
2550 3588 2746 3643 habere
2775 3603 2936 3657 super
2960 3595 3140 3656 caput,
3173 3593 3389 3655 propter
3423 3581 3662 3652 angelos.
3703 3578 3841 3633 Cum

2262 3692 2445 3737 autem
2483 3682 2693 3737 venerit
2720 3681 2785 3736 ad
2818 3679 3180 3751 promuralem
3214 3677 3418 3740 locum,
3454 3674 3505 3728 id
3542 3682 3625 3727 est
3654 3671 3720 3726 ad
3757 3670 3841 3724 fu-

2261 3773 2368 3829 turi
2404 3774 2589 3829 saeculi
2631 3781 2856 3839 statum,
2889 3772 2962 3824 ibi
2990 3771 3056 3824 ad
3083 3785 3203 3825 eam
3235 3768 3368 3823 dicit
3399 3784 3414 3821 :
3455 3764 3684 3821 Ostende
3716 3763 3845 3817 mihi

2263 3866 2453 3937 faciem
2483 3875 2659 3929 tuam,
2685 3874 2734 3918 et
2762 3862 2999 3917 auditam
3029 3862 3115 3931 {ac
3139 3861 3270 3914 mihi
3304 3876 3474 3914 vocem
3507 3867 3655 3911 tuam
3673 3899 3687 3923 ,
3714 3860 3843 3927 quia

2261 3972 2362 4011 vos:
2400 3964 2493 4009 tua
2518 3955 2693 4009 suavis
2731 3960 2828 4007 est.
2859 3951 3114 4006 Auditum
3143 3951 3258 4005 vult
3292 3950 3409 4004 ﬁeri
3437 3964 3626 4004 vocem
3650 3946 3840 4002 Eccle-

2263 4050 2359 4107 sia:
2393 4063 2527 4112 suae,
2563 4047 2693 4117 quia
2724 4045 2818 4116 qui
2848 4060 2972 4099 eum
3005 4042 3294 4099 confessus
3329 4042 3493 4096 fuerit
3524 4054 3708 4095 coram
3748 4038 3847 4092 ho-

2264 4140 2528 4204 minibus,
2561 4146 2615 4193 et
2660 4138 2775 4208 ipse
2800 4135 3146 4193 conﬁtebitur
3175 4150 3299 4189 eum
3340 4148 3523 4188 coram
3556 4131 3715 4184 Patre
3744 4143 3846 4185 suo

2263 4232 2358 4301 qui
2394 4231 2450 4285 in
2483 4230 2635 4286 cmlis
2663 4238 2766 4284 est.
2807 4227 2945 4294 Quia
2989 4241 3088 4282 vos:
3129 4235 3222 4279 tua
3264 4224 3438 4278 suavis
3474 4232 3568 4276 est.
3613 4221 3679 4275 Et
3722 4220 3846 4290 quis

2265 4338 2373 4377 non
2404 4322 2598 4377 fatetur
2629 4338 2850 4377 suavem
2880 4335 3064 4376 vocem
3093 4316 3346 4372 Ecclesia:
3373 4314 3653 4369 catholica:
3686 4315 3843 4367 ﬁdem

578 4427 639 4472 ut
670 4416 877 4488 aliquid
903 4416 1144 4486 apertius
1174 4417 1336 4469 etiam
1367 4418 1435 4470 de
1473 4419 1692 4471 nomine
1716 4418 2052 4487 promuralis
2078 4417 2162 4471 di-
2196 4412 2239 4466 D
2266 4429 2452 4469 veram
2501 4413 2812 4468 conﬁtentis
2839 4453 2854 4477 ,
2901 4412 3180 4466 insuavem
3227 4422 3356 4461 vero
3404 4413 3457 4459 et
3492 4402 3845 4474 injucundatn

579 4523 791 4562 camus.
825 4505 980 4574 Quod
999 4543 1015 4570 ,
1047 4505 1190 4560 sicut
1218 4519 1383 4573 supra
1412 4504 1684 4573 diximus,
1711 4506 1916 4563 indicat
1940 4524 2160 4563 murum

578 4612 703 4672 esse
739 4607 865 4654 ante
903 4612 1158 4664 murum,
1195 4596 1342 4667 quod
1370 4596 1535 4652 etiam
1582 4598 1638 4651 in
1678 4597 1816 4653 Isaia
1848 4598 1966 4667 ,hoc
2001 4600 2162 4655 modo

582 4686 783 4742 dicitur
815 4706 831 4743 :
863 4688 1009 4744 Pone
1054 4704 1266 4743 murum
1307 4698 1359 4743 et
1404 4688 1548 4742 circa
1598 4705 1811 4743 murum
1861 4691 1929 4745 ⁸⁸.
1974 4689 2163 4748 Murus

583 4780 984 4848 munimentum
1013 4782 1249 4838 civitatis
1290 4790 1396 4838 est.
1442 4781 1601 4839 Alius
1644 4797 1775 4838 vero
1819 4797 2011 4840 murus
2040 4792 2165 4838 ante

584 4884 828 4938 murum,
854 4871 939 4924 vel
967 4870 1113 4926 circa
1142 4887 1385 4941 murum,
1416 4874 1627 4944 majora
1656 4881 1712 4929 et
1741 4874 2004 4930 validiora
2037 4890 2164 4929 mu-

584 4963 829 5019 nimenta
859 4961 1124 5034 designat.
1168 4963 1275 5020 Per
1308 4966 1454 5035 quod
1485 4966 1825 5031 ostenditur,
1867 4967 1997 5037 quia
2035 4981 2166 5022 evo-

587 5067 721 5110 cans
751 5067 934 5109 sermo
963 5052 1059 5109 Dei
1106 5054 1345 5109 animam
1383 5065 1437 5111 et
1473 5056 1711 5112 educens
1734 5071 1855 5112 eam
1885 5072 1915 5111 a
1963 5071 2160 5126 corpo-

587 5143 797 5200 talibus
823 5144 1059 5216 negotiis
1098 5155 1155 5201 et
1197 5148 1476 5217 corporeis
1509 5148 1783 5215 sensibus,
1815 5148 2013 5203 docere
2043 5162 2165 5203 eam

589 5236 658 5291 de
686 5233 859 5292 futuri
886 5237 1071 5292 saeculi
1112 5238 1388 5307 mysteriis
1425 5239 1595 5309 cupit,
1644 5248 1700 5294 et
1746 5240 1871 5295 inde
1898 5241 1947 5295 ei
1981 5240 2167 5295 muni-

589 5337 773 5381 menta
800 5327 1145 5398 conquirere,
1178 5337 1236 5383 ut
1264 5344 1359 5400 spe
1391 5328 1700 5385 futurorum
1736 5331 1946 5384 munita
1978 5340 2032 5385 et
2061 5331 2168 5386 cir-

591 5420 844 5475 cumdata
876 5420 931 5474 in
965 5420 1116 5475 nullo
1144 5420 1319 5489 possit
1349 5421 1432 5477 vel
1463 5421 1734 5477 illecebris
1765 5423 1929 5490 vinci,
1957 5424 2036 5478 vel
2069 5423 2166 5478 tri-

593 5507 962 5566 bulationibus
998 5511 1234 5582 fatigari.

663 5621 708 5652 ⁶⁰
736 5620 878 5677 Psal.
933 5639 1042 5685 CIV,
1083 5624 1173 5680 54.
1247 5623 1289 5654 ⁶¹
1328 5622 1728 5685 ΙΙΟοτ.ιιι,18.

597 5704 748 5760 xxw,
782 5692 833 5744 1.
933 5693 976 5727 ⁶⁶
1001 5694 1161 5750 Rom.
1195 5709 1264 5747 χι.
1295 5693 1503 5743 τηςρίς,
1594 5695 1635 5725 ετ
1667 5693 1786 5731 net
1849 5712 1860 5729 ν
1885 5712 2008 5735 μη.
2066 5694 2124 5727 9-:

1843 5626 1886 5656 ⁶²
1913 5623 1928 5677 Ι
1959 5623 2365 5722 (ἰοῖς-’κιιιέκίξξη

2266 4519 2388 4560 esse
2421 4505 2799 4559 hmrcticorum
2828 4518 3039 4568 vocem,
3085 4500 3176 4570 qui
3219 4513 3326 4554 non
3363 4498 3614 4568 dogmata
3646 4496 3845 4550 verita-

2269 4596 2361 4661 tis,
2412 4596 2506 4651 sed
2560 4594 2925 4665 blusphemias
2975 4595 3028 4647 in
3068 4590 3273 4654 Deum,
3316 4598 3371 4645 et
3402 4588 3738 4657 iniquitatem
3786 4587 3843 4641 in

2265 4687 2538 4742 excelsum
2563 4686 2897 4756 loquuntur?
2924 4683 3015 4740 Sic
3041 4694 3094 4739 et
3124 4682 3289 4738 facies
3322 4680 3578 4736 Ecclesia:
3601 4679 3845 4749 speciosa

2264 4787 2349 4833 est
2388 4796 2403 4834 :
2446 4777 2825 4833 haereticorum
2869 4789 2999 4830 vero
3029 4773 3206 4843 turpis
3231 4781 3283 4827 et
3312 4769 3490 4837 fwda;
3532 4769 3577 4824 si
3612 4768 3735 4839 quis
3766 4776 3847 4822 est

2265 4878 2447 4924 tamen
2476 4869 2570 4940 qui
2607 4869 2745 4924 bene
2771 4867 2982 4923 noverit
3004 4865 3465 4936 pulchritudinem
3504 4862 3689 4916 vultus
3723 4877 3847 4931 pro-

2267 4960 2420 5027 bare,
2453 4961 2506 5015 id
2535 4969 2619 5015 est
2647 4962 2694 5015 si
2718 4960 2842 5029 quis
2870 4957 3132 5028 spiritalis
3169 4964 3254 5011 est
3285 4958 3377 5025 qui
3407 4954 3509 5009 scit
3532 4952 3850 5007 examinare

2269 5054 2474 5109 omnia.
2520 5050 2655 5106 Nam
2688 5051 2829 5120 apud
2866 5049 3147 5119 imperitos
3192 5057 3248 5102 et
3294 5045 3555 5100 animales
3599 5042 3850 5098 homines

2271 5143 2585 5214 pulchriora
2652 5141 2905 5197 videntur
2958 5138 3227 5194 mendacii
3294 5136 3631 5205 sephismata
3683 5147 3848 5202 quam

2273 5234 2527 5305 dogmata
2561 5233 2830 5288 veritatis.
2880 5230 3183 5286 Possumus
3211 5235 3394 5282 autem
3434 5223 3611 5277 adhuc
3634 5223 3702 5276 de
3730 5224 3850 5276 loco

2269 5321 2568 5393 promurali
2594 5322 2758 5375 etiam
2795 5321 2898 5375 hoc
2931 5318 3150 5383 addere,
3177 5316 3322 5386 quod
3356 5310 3666 5383 promuralc
3696 5311 3851 5367 sinus

2272 5416 2342 5471 sit
2371 5413 2566 5480 Patris,
2610 5414 2662 5467 in
2704 5428 2813 5481 quo
2849 5410 3057 5481 positus
3098 5405 3410 5476 unigenitus
3436 5401 3609 5457 Filius
3631 5411 3853 5458 enarrat

2273 5508 2455 5561 omnia
2486 5515 2539 5559 et
2573 5506 2823 5559 enuntiat
2857 5500 3115 5557 Ecclesia:
3155 5512 3267 5553 sua:
3299 5511 3635 5566 quiscunque
3675 5495 3729 5549 in
3768 5508 3850 5549 sc-

3668 5611 3712 5643 “
3747 5609 3852 5652 Ιιῖα.
