4296 6288
498 470 507 475 .
545 420 649 476 105

1578 416 1928 475 ORIGENES
1963 414 2029 471 IN
2069 412 2429 471 CANTICUM
2467 412 2742 469 CANTIC.

3708 419 3811 477 196

545 541 808 609 assertio,
857 555 1243 612 congregemus
1270 554 1335 593 ex
1373 538 1576 594 divinis
1608 538 1980 593 voluminibus
2009 540 2118 593 sic~
2151 540 2194 596 A
2227 545 2547 606 argumenta
2609 535 2847 590 carnalis
2891 543 2941 589 et
2993 543 3222 591 terrente
3275 537 3556 607 sapientiae
3598 538 3813 593 canini-

454 694 457 699 _
545 634 636 687 ubi
691 633 944 687 animalis
1005 631 1166 698 hujus
1214 630 1418 684 mentio
1467 629 1607 684 facta
1646 640 1766 691 cst.
1817 629 2126 682 Invenimus

545 740 676 794 ergo
715 725 767 777 in
803 722 1142 791 sexagesimo
1185 723 1425 777 secundo
1486 724 1699 791 psalmo
1727 722 1793 775 de
1829 719 2011 789 impiis
2052 720 2123 772 ita

544 818 651 871 dici
686 834 698 868 :
738 814 847 883 Ipsi
876 830 991 868 vero
1022 816 1076 866 in
1109 830 1299 868 vanum
1321 816 1638 883 quaesierunt
1671 815 1903 867 animam
1932 830 2123 875 meam,

542 907 832 961 introibunt
869 906 925 958 in
963 906 1221 974 inferiora
1266 914 1454 969 terraz,
1511 906 1789 959 tradentur
1830 906 1885 957 in
1936 920 2124 956 manus

542 997 727 1067 gladii,
763 1008 940 1065 partes
974 995 1207 1064 vulpium
1236 1006 1389 1049 erunt
1415 997 1481 1049 ⁷³.
1528 995 1631 1049 Sed
1664 1004 1717 1049 et
1748 996 1799 1048 in
1828 994 2124 1061 Evangelio

544 1090 841 1146 secundum
897 1088 1208 1143 Mattlueum
1249 1087 1499 1142 Salvator
1528 1088 1593 1141 ad
1636 1087 1882 1141 Scribam
1913 1088 2005 1155 qui
2036 1086 2123 1139 di-

541 1182 694 1236 cebat
731 1181 780 1236 ei
811 1200 824 1235 :
863 1180 1153 1251 Magister,
1184 1197 1372 1251 sequar
1406 1189 1452 1233 te
1479 1196 1783 1250 quocunque
1825 1180 1947 1232 ieris
1969 1218 1982 1241 ,
2033 1196 2121 1232 re-

540 1273 803 1341 spondit:
848 1270 1035 1340 Vulpes
1078 1272 1254 1341 foveas
1301 1270 1488 1324 habent
1530 1281 1577 1324 et
1613 1271 1845 1323 volucres
1884 1269 2000 1322 casti
2040 1270 2122 1323 ni-

539 1365 635 1419 dos
676 1366 766 1419 ubi
810 1367 1157 1435 requiescant,
1192 1361 1241 1416 F
1245 1362 1370 1416 ilius
1422 1376 1595 1416 autem
1627 1363 1853 1416 hominis
1882 1378 1984 1415 non
2029 1365 2121 1415 Ita-

541 1455 623 1509 bet
665 1456 754 1509 ubi
801 1465 957 1525 caput
1000 1472 1154 1510 suum
1196 1456 1407 1509 reclinet
1446 1454 1513 1508 ".
1556 1452 1818 1507 Similiter
1852 1454 2042 1507 autem
2069 1460 2123 1507 ct

542 1546 596 1600 in
634 1545 926 1617 Evangelio
953 1546 1251 1601 secundum
1296 1545 1496 1601 Lucam
1527 1544 1593 1600 ad
1620 1560 1717 1599 cos
1746 1544 1839 1614 qui
1866 1545 2122 1599 dixerunt

542 1636 772 1692 Domino
804 1656 818 1692 :
855 1637 981 1703 Exi,
1025 1647 1073 1692 et
1117 1638 1246 1692 vade
1287 1638 1429 1703 hinc,
1482 1637 1609 1708 quia
1654 1636 1885 1689 Herodes
1929 1636 2037 1689 vult
2074 1645 2122 1690 te

540 1729 794 1796 occidere,
827 1731 1106 1799 respondit
1131 1729 1288 1785 Jesus
1319 1746 1333 1784 :
1367 1729 1566 1784 Euntes
1597 1730 1757 1783 dicite
1778 1728 1919 1798 vulpi
1952 1729 2073 1781 huic
2101 1744 2119 1782 :

543 1818 678 1874 Ecce
712 1835 802 1889 ego
842 1820 998 1889 ejicio
1044 1820 1304 1875 daemonia
1355 1829 1405 1874 et
1441 1820 1694 1873 sanitates
1726 1819 1939 1889 perficio
1967 1817 2120 1870 hodie

2229 636 2381 695 gant,
2420 628 2472 680 in
2507 625 2765 681 inferiora
2795 637 2950 679 teme
2987 628 3245 680 dicuntur
3279 628 3526 697 ingredi:
3557 629 3639 682 vel
3661 641 3810 686 certe

2227 716 2354 785 quia
2392 717 2613 784 gravius
2647 715 2992 783 delinquunt,
3029 716 3122 785 qui
3157 727 3368 771 terrena
3402 718 3617 783 docent,
3641 734 3803 788 quam

2227 809 2316 876 qui
2346 809 2417 860 ita
2446 809 2654 869 vivunt,
2704 809 2784 862 eis
2818 808 2999 861 futura
3056 823 3215 877 pcnua
3263 809 3425 862 etiam
3451 811 3668 879 gravior
3700 810 3809 863 im-

2226 900 2395 953 minet
2442 918 2454 952 :
2511 899 2785 969 iidemque
2832 900 2930 969 ipsi
2989 901 3042 954 in
3088 916 3284 955 manus
3334 903 3495 970 gladii
3557 902 3805 958 tradendi

2225 993 2657 1060 prophetantur,
2713 992 2861 1047 iilius
2915 992 3167 1048 fortassis
3225 992 3459 1048 ﬂammei
3508 1002 3564 1049 et
3614 1009 3803 1049 versa-

2225 1083 2357 1137 tilis.

2294 1177 2580 1241 Quomodo
2610 1184 2793 1230 autem
2841 1184 2895 1229 et
2949 1185 3132 1245 partes
3156 1177 3399 1247 vulpium
3438 1177 3590 1241 ﬁant,
3618 1155 3807 1233 viilea~

2223 1283 2365 1321 mus.
2400 1266 2593 1323 Omnis
2619 1269 2801 1321 anima
2851 1277 2946 1321 aut
2996 1283 3121 1337 pars
3163 1280 3247 1325 est
3296 1268 3412 1330 Dei,
3445 1278 3539 1323 aut
3568 1285 3693 1339 pars
3721 1280 3806 1325 est

2222 1356 2601 1426 cujuscunque
2637 1357 2730 1425 qui
2756 1358 2966 1427 accepit
3000 1368 3320 1427 potestatem
3344 1374 3508 1428 super
3534 1359 3801 1413 homines.

2222 1445 2356 1501 Nam
2383 1464 2502 1501 cum
2527 1448 2784 1503 divideret
2834 1448 3139 1503 Altissimus
3166 1460 3340 1521 gentes
3363 1490 3377 1513 ,
3412 1459 3461 1504 et
3488 1450 3806 1520 dispergeret

2222 1538 2364 1608 ﬁlios
2399 1538 2593 1603 Adam,
2623 1539 2815 1591 statuit
2845 1539 2974 1607 ﬁnes
3006 1540 3241 1609 gentium
3295 1540 3581 1594 secundum
3624 1556 3807 1594 nume-

2223 1646 2341 1682 rum
2363 1628 2670 1698 angelorum
2715 1629 2833 1693 Dei,
2860 1642 2907 1683 et
2944 1631 3090 1700 facta
3126 1640 3204 1684 est
3237 1632 3410 1701 portio
3464 1630 3679 1684 Domini
3705 1629 3808 1685 Ja-

2223 1718 2401 1771 cob".
2438 1719 2574 1772 Cum
2625 1733 2756 1789 ergo
2804 1729 3019 1774 constet
3074 1735 3517 1790 unamquamque
3564 1721 3805 1777 animam

2225 1819 2319 1862 aut
2347 1808 2400 1861 in
2430 1816 2583 1877 parte
2616 1807 2733 1874 Dei,
2767 1818 2863 1864 aut
2898 1810 2950 1864 in
2990 1819 3141 1879 parte
3182 1826 3302 1865 esse
3322 1812 3547 1868 alterius
3579 1812 3808 1881 cujusli-

540 1921 587 1966 et
618 1914 872 1979 crastina,
908 1923 956 1967 et
981 1914 1034 1967 in
1066 1914 1153 1967 die
1184 1913 1341 1968 tertia
1370 1911 1773 1967 consummabor
1795 1912 1861 1963 ".
1897 1911 1950 1964 In
1984 1910 2121 1964 libro
2154 1883 2193 1937 Β
2225 1899 2236 1952 Ι

2107 1924 2121 1962 ι
2154 1883 2193 1937 Β
2225 1899 2332 1966 hct,
2364 1900 2623 1968 quoniam
2648 1900 2864 1968 quidem
2908 1916 3005 1970 per
3051 1902 3261 1955 arbitrii
3290 1903 3591 1958 libertatem
3621 1904 3803 1974 possi-

539 2020 756 2074 quoque
778 2003 1054 2070 Iudicum,
1081 2004 1313 2061 Samson
1340 2021 1463 2061 cum
1490 2020 1630 2060 uxor
1650 2021 1772 2075 qua:
1796 2012 1913 2059 erat
1940 2019 2004 2057 ex
2035 2018 2121 2073 ge-

540 2112 668 2152 nere
697 2096 1107 2151 Philistinorum
1138 2098 1188 2151 ei
1218 2095 1414 2151 fuisset
1437 2096 1641 2171 ablata,
1686 2096 1762 2149 ait
1803 2095 1868 2149 ad
1910 2102 2118 2162 patrem

536 2190 655 2256 ejus
685 2206 699 2243 :
728 2188 982 2243 Innocens
1011 2206 1127 2243 sum
1158 2205 1251 2259 ego
1277 2189 1375 2242 hac
1399 2189 1506 2243 rice
1539 2188 1602 2241 ab
1629 2187 1922 2259 Allophglis
1942 2232 1956 2255 ,
1995 2189 2121 2259 quia

538 2281 728 2349 faciam
760 2281 1025 2334 vobiscum
1058 2281 1222 2334 mala.
1266 2279 1330 2334 Et
1372 2280 1505 2334 abiit
1544 2277 1791 2347 Samson,
1826 2290 1875 2334 et
1918 2281 2119 2349 accepit

539 2381 797 2427 trecentas
827 2372 1022 2441 vulpes,
1061 2382 1109 2425 et
1148 2372 1349 2441 accepit
1385 2371 1675 2441 lampades,
1700 2383 1745 2425 et
1776 2372 1962 2441 ligavit
1990 2388 2120 2425 cau-

537 2464 662 2516 dam
688 2463 755 2515 ad
786 2464 1030 2528 caudam,
1061 2470 1110 2516 et
1130 2462 1305 2532 posuit
1335 2462 1632 2531 lampadem
1652 2478 1813 2515 unam
1832 2461 2118 2515 interduas

535 2552 646 2623 93
673 2552 871 2606 caudas
905 2552 1159 2622 vulpium,
1200 2562 1247 2604 et
1278 2553 1515 2605 accendit
1553 2553 1722 2621 ignem
1756 2551 1811 2604 in
1849 2550 2116 2619 lantpadi-

537 2644 655 2708 bus,
679 2652 727 2696 et
752 2643 922 2697 emisit
966 2659 1054 2697 eas
1076 2659 1167 2712 per
1189 2659 1376 2698 messes
1410 2641 1835 2710 Allophglorum,
1862 2650 1911 2694 et
1942 2641 2118 2694 inuen-

535 2735 615 2788 dit
652 2751 826 2788 omnes
853 2750 1044 2789 messes
1076 2750 1257 2787 eorum
1292 2742 1340 2786 et
1363 2731 1591 2799 stipulas
1627 2747 1828 2798 eorum,
1864 2740 1912 2786 et
1942 2732 2116 2786 vineas

534 2842 714 2879 eorum
737 2827 803 2887 7“,
830 2835 883 2879 et
908 2826 1103 2879 oliveta
1132 2840 1343 2879 eorum.
1370 2823 1562 2877 Adhuc
1586 2833 1762 2877 autem
1794 2824 1846 2876 in
1876 2825 2115 2879 secundo

535 2916 677 2970 libro
702 2914 907 2981 Esdrar,
940 2916 1031 2970 ubi
1054 2914 1255 2971 Tobias
1276 2914 1617 2970 Ammonites
1649 2915 1926 2984 impedivit
1979 2914 2114 2971 aedi-

539 3007 846 3060 [irationem
896 3022 1084 3061 comm
1137 3008 1229 3076 qui
1262 3006 1328 3061 dc
1361 3007 1671 3076 captivitate
1711 3006 2002 3069 redierant,
2054 3013 2115 3060 ut

537 3098 869 3153 aediﬁcarent
891 3098 1147 3167 templum
1178 3106 1231 3151 et
1258 3112 1497 3160 murum,
1551 3097 1624 3151 ait
1652 3097 1717 3151 ad
1746 3096 2061 3166 Allopbylos
2094 3114 2111 3151 :

541 3188 797 3258 Nunquid
844 3189 937 3265 isti
982 3188 1355 3257 sacriﬁcabunt
1392 3198 1484 3241 aut
1537 3189 1813 3242 comedunt
1834 3191 2111 3243 immolata
2137 3223 2183 3283 ο

536 3281 593 3332 in
620 3280 717 3331 huc
775 3278 932 3333 loco?
963 3277 1151 3333 Nonne
1181 3280 1469 3333 ascendunt
1520 3279 1718 3350 vulpes,
1761 3290 1810 3335 et
1843 3282 2113 3336 destruent

538 3386 748 3425 murum
784 3373 1017 3441 ipsorum
1046 3387 1197 3441 quem
1220 3386 1285 3425 ea:
1317 3371 1586 3441 lapidibus
1614 3372 1879 3441 a'tliﬁcant
1905 3373 1991 3426 7"?

607 3461 737 3518 llaec
765 3470 895 3518 sunt
920 3462 1136 3517 interim
1174 3478 1297 3534 quae
1323 3464 1387 3518 ad
1421 3479 1660 3533 praesens
1687 3464 1847 3519 nobis
1872 3479 1939 3519 ex
1971 3462 2120 3520 Scri-

537 3551 717 3621 pluris
745 3551 947 3607 divinis
971 3567 1261 3607 occurrere
1319 3562 1636 3623 potuerunt,
1673 3554 1726 3608 in
1757 3553 1958 3624 quibus
1998 3555 2121 3610 ani-

537 3644 697 3700 malis
728 3644 894 3715 hujus
926 3645 1187 3699 memoria
1236 3644 1374 3701 l'acta
1411 3655 1514 3711 est,
1547 3656 1605 3701 ut
1656 3662 1719 3700 ex
1779 3647 1863 3701 his
1895 3647 2116 3717 sapiens

536 3737 769 3806 quisque
813 3736 989 3792 lector
1029 3737 1323 3808 prudenter
1368 3738 1540 3807 possit
1571 3736 1863 3805 conjicere,
1900 3737 1945 3791 si
1993 3745 2119 3807 apta

536 3827 618 3881 usi
650 3844 843 3884 sumus
883 3830 1223 3899 expositione
1287 3830 1341 3885 in
1390 3829 1477 3884 bis
1506 3844 1627 3897 qua:
1674 3829 1951 3898 proposita
1991 3837 2121 3883 sunt

534 3921 715 3985 nobis,
745 3921 813 3975 ad
851 3923 1254 3991 explanandum
1289 3920 1342 3975 id
1392 3923 1538 3991 quod
1567 3921 1683 3974 ait:
1740 3918 1929 3989 Capite
1964 3920 2115 3973 nobis

534 4014 710 4083 vulpes
734 4014 976 4083 pusillas.
1044 4014 1107 4068 Et
1135 4014 1386 4084 quamvis
1434 4027 1726 4083 operosum
1780 4013 1851 4065 sit
1902 4010 2120 4081 singula

534 4120 658 4175 qua:
705 4103 938 4180 exempli
971 4120 1135 4159 causa
1165 4104 1566 4173 assumpsimus
1587 4103 1903 4174 explanare,
1933 4111 2114 4157 tamen

531 4211 654 4266 quae
687 4197 1008 4266 poterimus,
1032 4196 1266 4251 breviter
1294 4197 1693 4266 contiugemns.
1746 4194 1811 4250 Et
1841 4195 2019 4265 primo
2050 4195 2119 4250 de

530 4289 867 4359 sexagesimo
890 4289 1128 4344 secundo
1145 4288 1354 4358 psalmo
1382 4288 1686 4355 videamus,
1715 4288 1805 4343 ubi
1834 4304 1959 4343 cum
1981 4287 2117 4358 justi

534 4379 773 4432 animam
832 4388 1287 4448 persequerentur
1334 4377 1507 4445 impii,
1564 4379 1653 4433 ille
1708 4378 1977 4447 psallebat
2033 4378 2115 4432 di-

531 4487 705 4526 cens:
751 4470 865 4541 Ipsi
933 4480 1111 4524 autem
1159 4472 1215 4524 in
1248 4486 1441 4523 vanum
1492 4472 1810 4539 qumsierunt
1875 4471 2113 4523 animam

2225 1990 2333 2046 bile
2358 1999 2442 2045 est
2470 2007 2917 2062 unumquemque
2947 2008 3014 2047 ex
3072 2001 3223 2063 parte
3277 1993 3503 2050 alterius
3552 1996 3805 2062 transire,

2226 2083 2307 2137 vel
2341 2083 2407 2137 ad
2439 2096 2648 2153 partem
2698 2082 2796 2139 Dei
2829 2088 2875 2141 si
2904 2085 3099 2140 melius
3139 2086 3257 2155 ipso
3299 2099 3524 2157 juvante
3561 2088 3803 2158 elegerit,

2225 2174 2305 2229 vel
2331 2174 2375 2229 si
2409 2174 2641 2243 nequius
2672 2174 2738 2228 ad
2772 2176 3078 2230 daemonum
3103 2178 3432 2246 portionem,
3453 2180 3580 2235 hinc
3610 2181 3805 2236 horum

2225 2266 2429 2319 mentio
2468 2265 2699 2320 habetur
2729 2265 2784 2319 in
2813 2267 3023 2336 psalmo
3054 2287 3069 2323 :
3108 2267 3214 2335 Qui
3239 2269 3292 2323 in
3343 2286 3543 2326 vanum
3574 2273 3807 2342 quiesie-

2224 2368 2353 2412 runt
2381 2357 2618 2411 animam
2642 2358 2802 2427 justi,
2830 2368 3009 2428 partes
3056 2370 3217 2417 erunt
3244 2363 3511 2433 vulpium,
3565 2365 3730 2418 veluti
3757 2364 3805 2419 si

2222 2451 2429 2506 diceret
2488 2460 2541 2506 et
2583 2451 2945 2521 pessimorum
2999 2460 3053 2505 et
3099 2454 3561 2524 nequissimorum
3608 2454 3807 2509 daemo-

2222 2559 2352 2597 num
2390 2555 2573 2613 partes
2604 2553 2806 2599 erunt:
2843 2554 2903 2599 ut
2954 2562 3292 2617 initaqureque
3348 2549 3586 2617 maligna
3633 2549 3805 2603 virtus

2218 2645 2275 2690 et
2301 2636 2509 2702 dolosa,
2545 2652 2641 2706 per
2695 2652 2858 2707 quam
2885 2638 3228 2708 deceptiones
3258 2650 3312 2695 ct
3372 2639 3593 2696 fraudes
3656 2640 3808 2697 falsa

2220 2729 2464 2783 scientia:
2504 2729 2826 2784 introducta:
2870 2738 3021 2794 sunt,
3060 2732 3356 2802 ﬁguraliter
3395 2734 3586 2803 vulpes
3617 2733 3808 2804 appel—

2218 2818 2433 2883 lentur;
2466 2827 2519 2875 et
2546 2822 2599 2875 bi
2634 2822 2727 2892 qui
2782 2822 2837 2875 in
2887 2822 3032 2877 hunc
3059 2838 3302 2879 errorem
3348 2825 3713 2891 deducuntur,
3746 2831 3804 2881 et

2216 2910 2409 2965 nolunt
2442 2913 2795 2981 acquiescere
2852 2914 3001 2968 sanis
3043 2916 3391 2971 sermonibus
3441 2915 3654 2971 Domini
3694 2931 3808 2971 no-

2216 3001 2317 3055 stri
2343 2999 2475 3056 Iesu
2508 3002 2737 3068 Christi,
2783 3010 2837 3057 et
2869 3002 3133 3058 doctrinae
3180 3020 3303 3075 quae
3356 3006 3655 3060 secundum
3683 3004 3806 3076 pic-

2217 3100 2382 3148 tatem
2416 3102 2522 3159 est,
2566 3095 2659 3150 sed
2716 3094 2892 3163 decipi
2931 3111 2990 3150 se
3029 3098 3313 3166 patiuntur
3367 3113 3397 3152 a
3449 3096 3669 3165 talibus,
3713 3096 3805 3155 isti

2215 3186 2410 3241 talium
2444 3197 2629 3257 partes
2652 3189 2895 3259 vulpium
2926 3189 3073 3253 lient,
3120 3199 3175 3244 et
3205 3189 3508 3244 introibant
3546 3205 3673 3245 cum
3719 3190 3802 3270 eis

2223 3280 2278 3333 in
2314 3279 2574 3335 inferiora
2606 3290 2782 3337 terras.
2807 3283 2912 3354 Ipsi
2943 3292 3073 3339 sunt
3089 3291 3143 3338 et
3164 3283 3237 3337 illi
3274 3284 3328 3338 in
3382 3285 3581 3354 quibus
3608 3299 3806 3339 secun-

2219 3370 2353 3426 dum
2385 3369 2736 3442 Evangelium
2771 3375 2960 3443 vulpes
3009 3375 3124 3428 ista:
3157 3388 3298 3443 quas
3332 3388 3495 3443 supra
3530 3387 3806 3428 memora-

2222 3462 2427 3528 vimus,
2458 3463 2643 3519 foveas
2680 3465 2883 3519 habere
2905 3465 3183 3532 dicuntur,
3211 3467 3263 3520 in
3296 3466 3496 3536 quibus
3514 3466 3684 3521 Filius
3713 3466 3806 3520 bo-

2223 3552 2395 3608 minis
2424 3569 2531 3608 non
2561 3554 2724 3609 habet
2755 3555 2843 3608 ubi
2867 3562 3031 3622 caput
3053 3570 3215 3610 suum
3252 3557 3495 3612 reclinet.
3532 3556 3800 3611 Herodem

2221 3661 2443 3716 quoque
2468 3647 2685 3717 vulpem
2739 3646 3078 3701 nominatum
3122 3663 3222 3718 pro
3270 3649 3450 3704 fallaci
3508 3650 3803 3705 calliditate

2222 3736 2555 3790 credendum
2591 3745 2692 3790 est.
2720 3732 2854 3789 Nam
2899 3735 2965 3789 de
2995 3734 3225 3791 Samson
3267 3737 3358 3805 qui
3383 3745 3651 3791 trecentas
3682 3736 3800 3790 vul-

2222 3843 2320 3898 pes
2352 3828 2586 3898 cepisse,
2616 3836 2672 3881 et
2728 3826 3018 3896 colligasse
3057 3842 3152 3897 per
3191 3828 3413 3894 caudas,
3442 3838 3605 3900 atque
3635 3831 3802 3885 inter-

2219 3920 2424 3990 jcciSse
2453 3919 2733 3987 lampades
2764 3918 3019 3973 ardentes
3053 3919 3105 3971 in
3160 3920 3339 3973 medio
3375 3922 3696 3988 caudarum,
3726 3933 3803 3978 at-

2224 4027 2330 4081 que
2366 4010 2660 4064 immisisse
2692 4024 2786 4077 per
2822 4023 3032 4064 messes
3073 4008 3503 4080 All0phylorum,
3535 4020 3590 4066 et
3614 4012 3802 4068 incens-

2224 4104 2373 4157 disse
2401 4118 2494 4157 eas
2517 4118 2639 4156 cum
2668 4101 2886 4172 stipulis
2930 4111 2985 4156 et
3028 4102 3242 4157 olivetis
3272 4104 3557 4173 vineisque
3588 4120 3798 4159 memo-

2222 4204 2398 4259 ratur,
2424 4196 2582 4249 valde
2616 4195 2750 4248 mihi
2785 4192 3019 4250 dillicilis
3051 4194 3241 4249 formae
3285 4195 3449 4264 hujus
3485 4197 3568 4249 vel
3613 4197 3800 4267 ﬁgurae

2221 4290 2435 4343 videtur
2460 4289 2791 4358 explanatio.
2826 4288 3125 4343 Tentemus
3183 4296 3363 4341 tamen
3406 4288 3586 4357 aliqua
3616 4304 3680 4343 ex
3713 4290 3799 4344 his

2223 4383 2444 4453 pulsare
2473 4397 2573 4451 pro
2635 4383 2865 4447 viribus,
2929 4392 2983 4436 et
3027 4395 3314 4451 ponamus,
3341 4380 3485 4435 sicut
3531 4382 3800 4451 expositio

2221 4482 2408 4528 nostra
2437 4473 2490 4526 in
2526 4473 2901 4541 superioribus
2934 4474 3194 4536 continet,
3246 4472 3435 4542 vulpes
3484 4489 3604 4529 esse
3647 4473 3797 4529 falla-

531 4578 721 4629 meam,
772 4561 1065 4616 introibant
1112 4562 1167 4615 in
1209 4559 1466 4629 inferiora
1491 4568 1662 4625 terra,
1721 4560 2000 4612 tradentur
2057 4560 2111 4613 in
2146 4557 2190 4611 D
2221 4580 2312 4619 ccs
2346 4578 2742 4634 perversosque
2773 4564 3047 4619 doctores.
3098 4562 3209 4618 llos
3274 4562 3506 4620 Samson
3555 4567 3649 4636 qui
3685 4568 3798 4622 veri

531 4669 717 4706 manus
747 4653 935 4723 gladii,
967 4663 1140 4722 partes
1170 4650 1408 4721 tnlpium
1462 4660 1616 4704 erunt
1643 4651 1707 4705 ⁷⁸.
1759 4649 1818 4704 1η
1860 4666 1969 4720 quo
2002 4651 2110 4706 uti-

529 4755 638 4810 que
665 4742 967 4795 ostenditur
1001 4741 1147 4811 quod
1177 4741 1333 4796 vanis
1357 4747 1410 4795 et
1448 4739 1704 4794 inanibus
1750 4741 1926 4796 verbis
1958 4742 2110 4812 pravi

529 4834 782 4888 doctores
807 4832 1053 4901 decipere
1082 4834 1325 4888 volentes
1374 4833 1617 4887 animam
1668 4831 1827 4902 justi,
1880 4833 2109 4891 introire

526 4925 788 4979 dicuntur
817 4923 873 4976 in
902 4922 1162 4977 inferiora
1207 4932 1383 4989 terras,
1416 4933 1615 4978 terram
1651 4932 1836 4992 utpote
1890 4927 2109 4997 sapien-

526 5025 630 5083 tes,
652 5015 799 5071 etde
826 5027 967 5070 terra
1033 5015 1338 5086 loquentes,
1375 5024 1539 5086 atque
1571 5015 1622 5069 in
1671 5014 1932 5071 inferiora
1961 5019 2101 5088 ejus,

526 5108 577 5163 id
612 5107 786 5164 estin
843 5106 1171 5177 profundum
1229 5107 1472 5162 stultitia:
1495 5107 1909 5164 descendentes.
1961 5107 2100 5165 Puto

523 5201 669 5255 enim
726 5201 874 5271 quod
934 5201 987 5255 bi
1059 5199 1153 5269 qui
1212 5200 1503 5255 carnaliter
1561 5200 1771 5265 vivunt,
1829 5200 1958 5269 quia
1998 5201 2102 5256 sibi

527 5294 660 5363 ipsis
687 5292 1065 5348 tantummodo
1086 5300 1302 5357 nocent,
1328 5301 1469 5354 terra
1506 5306 1627 5347 esse
1654 5301 1709 5347 et
1736 5293 1791 5347 in
1827 5302 1972 5348 terra
2004 5294 2104 5347 ha-

523 5386 696 5442 hilare
724 5385 1002 5440 dicuntur.
1033 5381 1096 5437 lli
1128 5399 1258 5439 vero
1287 5384 1379 5453 qui
1425 5384 1658 5439 terrenis
1693 5392 1747 5438 et
1789 5384 2099 5439 carnalibus

522 5478 775 5533 sensibus
806 5475 1120 5547 Seripturas
1154 5474 1481 5545 intelligunt,
1505 5484 1559 5528 et
1589 5474 1727 5528 alios
1755 5475 1828 5528 ita
1855 5474 2101 5528 docendo

521 5569 818 5639 decipiunt,
856 5585 955 5640 pro
1002 5583 1069 5623 eo
1119 5567 1239 5637 ipso
1270 5565 1419 5636 quod
1458 5565 1702 5635 argutias
1746 5564 2012 5635 quasdam
2048 5573 2103 5619 et

595 5749 642 5820 ’ἐ
664 5748 806 5803 Psnl.
843 5768 973 5814 un,
1008 5752 1094 5816 10,
1125 5754 1209 5807 ll.
1253 5753 1301 5786 ⁷⁸
1334 5753 1520 5808 Matth.
1560 5770 1680 5820 vin,
1712 5755 1798 5816 l9.
1837 5757 1927 5811 20.

523 5831 599 5881 Iv.
628 5819 682 5875 3.
754 5821 798 5850 ⁷³
852 5820 996 5875 Psal.
1027 5838 1161 5889 uti,
1194 5826 1283 5889 £0,
1322 5826 1405 5879 11.
1483 5826 1526 5857 ⁷⁸
1558 5824 1716 5879 Deut.
1768 5843 1940 5896 χχχιι,
1969 5827 2021 5894 8,
2057 5829 2109 5882 9.

2042 5757 2087 5788 ⁷⁸
2114 5753 2245 5813 Luc.
2284 5773 2401 5821 xui,
2433 5759 2519 5823 5l,
2548 5758 2635 5813 32.

2214 4662 2271 4707 et
2305 4653 2477 4708 lldelis
2516 4653 2811 4723 imaginem
2867 4664 3009 4708 tenet
3065 4655 3326 4724 doctoris,
3373 4657 3593 4727 capiens
3634 4659 3798 4712 verbo

2215 4748 2482 4812 veritatis,
2517 4749 2747 4804 caudam
2781 4749 2847 4803 ad
2893 4750 3122 4803 caudam
3173 4752 3413 4824 colliget,
3472 4753 3521 4806 id
3573 4761 3657 4808 est
3707 4752 3798 4806 ad-

2213 4849 2497 4895 versantes
2524 4840 2652 4907 sibi,
2700 4851 2754 4895 et
2790 4841 3004 4895 diversa
3058 4857 3088 4896 a
3133 4858 3192 4898 se
3237 4844 3468 4898 invicem
3502 4847 3798 4899 sentientes

2212 4931 2575 5001 docentcsque
2599 4931 2869 4997 confutet,
2904 4941 3067 5002 atque
3099 4951 3161 4988 ex
3195 4934 3437 5003 ipsorum
3464 4937 3643 4989 verbis
3671 4950 3799 5004 pro-

2211 5022 2511 5092 positiones
2542 5024 3001 5092 collectioncsque
3057 5027 3353 5096 accipiens,
3397 5027 3449 5079 in
3484 5027 3798 5095 Allophylo—

2212 5129 2335 5168 rum
2370 5124 2602 5184 segetem
2630 5114 2809 5182 ignem
2833 5114 3210 5171 conclusionis
3236 5118 3470 5179 emittat,
3505 5126 3556 5168 et
3579 5130 3643 5168 ex
3669 5130 3795 5184 pro-

2209 5202 2343 5273 priis
2381 5218 2570 5258 eorum
2596 5204 2935 5272 argumentis
2957 5220 3148 5259 omnes
3171 5220 3359 5259 eorum
3390 5203 3600 5259 fructus
3631 5214 3793 5274 atque

2213 5293 2400 5347 vineas
2438 5302 2491 5346 et
2535 5293 2732 5348 oliveta
2798 5293 3051 5362 pessima:
3100 5293 3467 5364 generationis
3517 5293 3791 5350 incendat.

2211 5382 2315 5438 Sed
2347 5393 2402 5437 et
2454 5385 2569 5455 ipse
2617 5402 2881 5442 numerus
2916 5396 3285 5442 trecentarum
3333 5387 3576 5456 vulpium
3608 5404 3730 5458 qum
3758 5404 3791 5444 a

2209 5474 2520 5544 semetipsis
2568 5474 2799 5530 diversae
2829 5485 2883 5530 et
2915 5477 3264 5531 dissonautes
3296 5486 3473 5542 erant,
3523 5479 3788 5549 triplicem

2210 5565 2438 5619 formam
2470 5567 2714 5621 iudicant
2764 5577 3140 5637 peccatorum.
3198 5566 3373 5622 Omne
3406 5571 3550 5624 enim
3600 5587 3792 5642 pecca-

2754 5757 2987 5814 7“.lndic.
3023 5772 3113 5823 xv,
3142 5757 3196 5823 5,
3219 5757 3275 5822 1,
3466 5759 3508 5789 ττ
3553 5757 3593 5812 Il
3628 5755 3788 5812 Esdr.
