4296 6288
327 291 427 349 l9?
1431 297 1797 355 EXCERPTA
1836 298 2294 358 PROCOPIANA.
3477 313 3580 369 193

320 418 437 464 tum
474 419 573 464 aut
624 410 678 464 in
734 410 896 473 facto,
952 419 1045 464 aut
1079 409 1132 463 in
1184 410 1369 475 verbo,
1402 422 1494 466 aut
1544 414 1596 465 in
1633 428 1900 468 consensu
1934 418 1977 472 A
2006 416 2215 470 eteteris
2264 416 2502 471 inimicis
2559 417 2849 474 virtutibus
2878 429 2960 475 est
3004 420 3212 491 vulpes,
3248 438 3369 492 qua:
3398 436 3577 480 exter-

319 503 527 555 tnentis
568 502 889 556 admittitur.
931 500 1125 554 Verum
1165 518 1229 554 ne
1260 502 1387 557 illud
1422 503 1639 573 quidem
1668 504 1810 574 quod
1850 505 1902 559 in

313 594 569 648 secundo
621 594 758 648 libro
801 593 989 649 Esdrte
1044 594 1306 663 scriptum
1363 594 1633 661 diximus,
1687 595 1904 665 penitus

310 680 685 737 omittendum
716 691 834 738 est:
862 682 952 737 ubi
974 698 1096 737 cum
1120 683 1513 738 aedificarentur
1547 683 1743 740 Sancta
1777 701 1894 739 san-

311 778 565 840 ctorum,
598 775 649 827 id
683 782 767 829 est
792 790 916 829 cum
963 773 1094 828 fides
1118 772 1322 828 Christi
1354 785 1407 830 et
1446 785 1756 831 sanctorum
1784 776 1902 845 ejus

311 864 588 936 mysteria
647 864 1031 928 conderentur,
1091 864 1297 919 inimici
1345 866 1623 932 veritatis,
1673 867 1903 935 fideique

306 954 607 1021 contrarii,
635 954 727 1023 qui
754 963 881 1008 sunt
909 954 1181 1023 sapientes
1226 954 1388 1024 hujus
1424 955 1628 1021 saeculi,
1662 956 1901 1010 videntes

305 1046 529 1116 absque
590 1054 705 1101 arte
738 1047 1090 1117 grammatica
1142 1054 1196 1099 et
1251 1046 1442 1116 peritia
1501 1048 1896 1119 philosophica,

305 1153 654 1208 consurgere
714 1153 903 1192 muros
959 1135 1256 1207 Evangelii,
1305 1140 1453 1194 velut
1490 1156 1614 1195 cum
1648 1142 1899 1198 irrisione

303 1231 555 1300 quadam
582 1232 769 1287 dicunt
793 1230 1047 1301 perfacile
1072 1235 1173 1286 hoc
1198 1248 1356 1301 posse
1378 1234 1583 1288 destrui
1604 1235 1898 1288 calliditate

304 1337 639 1377 sermonum
694 1339 791 1394 per
830 1331 1044 1379 astutas
1075 1322 1318 1378 fallacias
1351 1335 1401 1378 et
1443 1334 1758 1396 argumenta
1785 1325 1899 1379 dia—

303 1412 536 1468 lectica.
574 1412 698 1469 Haec
735 1414 950 1468 interim
995 1424 1257 1484 quantum
1312 1414 1553 1469 brevitas
1585 1416 1759 1485 potuit
1786 1415 1895 1485 pati

301 1505 374 1560 de
404 1506 714 1575 assumptis
764 1505 1027 1574 exemplis
1073 1504 1216 1559 dicta
1266 1505 1552 1560 sufficiant.
1603 1504 1757 1560 Nunc
1780 1506 1893 1576 jam

300 1598 372 1652 ad
408 1598 758 1668 propositum
789 1604 1142 1651 revertamur.

378 1686 619 1744 Videtur
648 1705 778 1760 ergo
811 1689 865 1743 in
898 1689 1121 1743 Cantico
1167 1689 1503 1745 canticorum
1546 1698 1891 1760 .prteceplum

300 1781 429 1837 dari
470 1783 540 1837 ab
570 1798 774 1852 sponso
809 1781 1002 1837 amicis
1029 1781 1130 1837 sibi
1157 1782 1469 1847 virtutibus,
1501 1792 1561 1836 ut
1588 1782 1805 1852 capiant
1836 1790 1891 1835 et

297 1883 549 1944 arguant
578 1876 883 1930 contrarias
906 1883 1222 1945 potestates,
1246 1890 1366 1945 quae
1394 1875 1725 1930 insidiantur
1770 1874 1890 1927 ani-

297 1966 513 2019 mabus
543 1965 851 2028 hominum,
884 1981 950 2019 ne
1009 1966 1370 2021 exterminent
1395 1981 1585 2020 eorum
1643 1965 1795 2019 initia
1832 1964 1892 2017 fi-

294 2055 418 2120 dei,
455 2052 752 2123 ﬂoremque
782 2055 1043 2109 virtutum
1069 2056 1171 2110 sub
1192 2056 1371 2125 specie
1403 2064 1627 2111 secreta:
1657 2056 1768 2128 94
1790 2059 1892 2112 ali-

295 2146 479 2216 cujus
508 2154 562 2199 et
609 2146 830 2200 occultae
877 2146 1174 2215 sapientiae,
1221 2162 1344 2216 quae
1399 2148 1557 2216 quasi
1612 2149 1798 2218 vulpes
1834 2153 1888 2204 in

294 2236 512 2302 foveis,
540 2237 613 2290 ita
646 2237 700 2290 in
733 2236 817 2290 his
843 2236 1157 2291 hominibus
1181 2239 1272 2307 qui
1309 2238 1634 2307 semctipsos
1682 2241 1746 2293 ad
1776 2240 1890 2296 haec

296 2327 569 2383 sectanda
600 2328 955 2397 praebuerint,
985 2328 1329 2387 delitescunt.
1395 2329 1458 2383 Et
1508 2346 1619 2399 quo
1675 2330 1889 2387 facilius

297 2418 584 2475 confutari
615 2421 832 2490 possint
862 2431 913 2475 et
970 2421 1147 2492 argui,
1188 2422 1316 2475 dum
1347 2437 1527 2490 parrze
1559 2423 1668 2477 sint
1699 2424 1886 2493 vulpes

299 2510 463 2581 ipsae,
516 2518 572 2564 et
620 2508 773 2563 initia
816 2510 1017 2564 habent
1039 2511 1291 2579 pessinue
1341 2511 1732 2580 persuasionis,
1764 2513 1885 2582 capi

294 2602 583 2671 jubenlur.
608 2598 744 2654 Nam
763 2600 808 2655 si
833 2599 975 2656 forte
1007 2602 1296 2667 creverint,
1322 2611 1374 2656 et
1412 2602 1647 2672 majores
1686 2602 1885 2658 fuerint

302 2688 499 2758 vulpes
525 2687 748 2753 effectae,
796 2689 910 2759 jam
964 2699 1235 2759 nequeant
1281 2690 1350 2744 ab
1405 2692 1646 2747 inimicis
1673 2694 1881 2761 sponsi,

298 2781 397 2835 sed
454 2779 525 2833 ab
572 2780 691 2849 ipso
749 2777 996 2836 fortassis
1035 2796 1237 2851 sponso
1285 2780 1401 2836 solo
1439 2781 1557 2851 capi
1605 2791 1881 2851 poterunt.

300 2870 410 2925 Sed
440 2880 497 2924 et
519 2869 691 2925 sancti
724 2870 926 2940 quique
959 2870 1207 2927 doctores
1237 2878 1289 2926 et
1322 2873 1566 2943 magistri
1605 2873 1879 2941 Ecclesiae,

298 2962 452 3016 sicut
476 2972 804 3029 acceperunt
851 2970 1170 3031 potestatem
1196 2964 1444 3018 calcandi
1469 2979 1634 3033 super
1659 2980 1882 3034 serpen-

2009 500 2180 555 minat
2203 502 2390 555 vineas
2423 502 2695 569 florentes,
2757 521 2984 575 quaeque
3021 523 3142 563 cum
3178 509 3356 565 adhuc
3407 527 3574 582 parva

2005 601 2107 655 est,
2145 593 2263 661 capi
2291 593 2532 663 jubetur,
2582 595 2725 650 sicut
2771 607 2825 650 et
2859 598 2912 651 in
2948 600 3246 654 centesimo
3296 603 3575 671 trigesimo
3657 618 3666 626 '

2005 683 2234 753 septimo
2259 686 2467 753 psalmo
2525 686 2716 743 beatus
2766 689 2984 753 dicitur,
3021 691 3111 761 qui
3143 701 3284 747 tenet
3314 703 3368 749 et
3402 697 3577 752 allidit

2004 776 2257 843 parvulos
2289 775 2574 848 Babylonis
2605 779 2669 833 ad
2702 790 2910 849 petram
2942 782 3007 842 ⁸⁸.
3046 798 3145 838 nec
3169 787 3425 853 permittit
3450 804 3573 843 sen—

2005 881 2122 920 sum
2174 866 2529 938 Bahylonium
2570 885 2819 925 crescere
2848 873 2901 925 in
2956 876 3251 945 semetipso
3282 888 3334 930 et
3367 881 3571 947 augeri,

2003 960 2097 1013 sed
2132 975 2253 1013 cum
2305 971 2385 1015 est
2418 961 2469 1015 in
2524 963 2695 1017 initiis
2751 964 2923 1019 allidit
2956 982 3102 1033 eum,
3131 979 3184 1021 et
3216 976 3362 1023 tenet
3390 973 3453 1025 ad
3481 988 3575 1040 pe-

2002 1056 2183 1103 tram:
2222 1056 2352 1105 tunc
2402 1053 2543 1105 enim
2594 1053 2751 1109 facile
2775 1056 3077 1124 perimitur.
3121 1057 3212 1114 Sic
3259 1075 3389 1132 ergo
3443 1064 3576 1117 ordo

2001 1140 2395 1208 explanationis
2426 1153 2704 1210 percurrat
2737 1163 2749 1198 :
2790 1144 2974 1215 Capite
3014 1148 3189 1214 vulpes
3237 1150 3384 1204 nobis
3408 1154 3575 1219 pusil-

2003 1226 2103 1291 las,
2138 1243 2254 1296 qua
2284 1228 2459 1297 vulpes
2490 1233 2843 1287 exterminant
2890 1237 3067 1291 vineas
3105 1239 3371 1307 ﬂorentes.
3415 1242 3573 1309 Quod

2000 1327 2177 1371 autem
2206 1320 2335 1373 dicit
2369 1322 2538 1389 nobis,
2566 1323 2667 1378 hoc
2691 1333 2793 1392 est,
2844 1327 2976 1381 mihi
3009 1344 3210 1398 sponso
3234 1339 3287 1387 et
3317 1347 3530 1402 sponsze
3557 1352 3572 1389 :

1996 1408 2081 1463 vel
2111 1421 2256 1465 certe
2286 1412 2417 1465 mihi
2445 1422 2499 1467 et
2522 1415 2676 1470 vobis
2697 1417 2789 1486 qui
2822 1418 2953 1474 estis
2986 1422 3202 1475 sodales
3229 1423 3356 1478 mei.
3381 1423 3570 1480 Potest

1997 1507 2176 1553 autem
2230 1511 2282 1555 et
2315 1501 2387 1555 ita
2435 1503 2604 1572 accipi
2640 1522 2654 1558 :
2692 1505 2878 1571 Capite
2925 1509 3072 1564 nobis
3113 1512 3286 1582 vulpes
3313 1528 3333 1567 :
3365 1523 3417 1568 et
3448 1522 3572 1585 post

1996 1587 2394 1645 distinctionem
2420 1592 2546 1659 dici,
2579 1596 2802 1663 pusillas
2826 1602 3236 1658 exterminantes
3276 1605 3475 1672 vineas,
3510 1614 3571 1660 ut

1996 1681 2222 1749 pusillas
2250 1699 2356 1737 non
2388 1692 2493 1737 tam
2516 1687 2582 1740 ad
2611 1688 2799 1757 vulpes
2832 1706 2994 1759 quam
3046 1693 3112 1747 ad
3148 1696 3337 1751 vineas
3366 1696 3569 1754 refera-

1926 1751 1965 1804 Β
1994 1786 2152 1839 mus;
2183 1786 2241 1826 ut
2292 1775 2580 1830 vidcantur
2611 1780 2819 1847 pusillae
2857 1785 3076 1853 quidem
3107 1788 3277 1844 vineae
3306 1792 3569 1845 extermi-

1990 1864 2107 1917 nari
2142 1880 2341 1932 posse:
2375 1867 2425 1920 id
2453 1877 2536 1922 est
2567 1884 2745 1937 parvae
2792 1888 3023 1944 quaeque
3077 1878 3292 1946 animas,
3330 1892 3383 1936 et
3413 1882 3567 1937 initia

1990 1954 2272 2022 habentes,
2307 1974 2414 2011 non
2450 1959 2618 2014 firma:
2647 1971 2700 2015 et
2746 1965 2985 2020 robusta:
3014 1967 3133 2021 laedi
3166 1986 3324 2038 posse
3356 1988 3387 2026 a
3438 1988 3569 2028 con-

1990 2048 2174 2100 trariis
2204 2052 2584 2114 potestatibus.
2626 2052 2780 2106 Sicut
2831 2055 2882 2107 in
2910 2055 3203 2127 Evangelio
3229 2062 3470 2118 dicitur:
3508 2062 3568 2117 Si

1989 2136 2106 2205 quis
2130 2137 2568 2191 scandalizarerit
2603 2156 2763 2193 unum
2798 2144 2863 2197 de
2893 2146 3107 2213 pusillis
3134 2150 3249 2201 istis
3280 2150 3346 2204 ⁸¹.
3384 2150 3437 2204 In
3460 2168 3571 2221 quo

1991 2227 2316 2293 ostenditur,
2353 2230 2480 2298 quia
2515 2233 2872 2288 scandalizari
2909 2251 3018 2290 non
3056 2249 3232 2307 potest
3261 2243 3483 2311 grandis
3513 2252 3570 2299 et

1989 2317 2250 2386 perfecta,
2282 2320 2373 2373 sed
2403 2321 2595 2389 pusilla
2620 2332 2672 2377 et
2702 2324 2853 2379 rudis
2884 2326 3085 2392 anima,
3109 2329 3249 2385 sicut
3281 2331 3333 2385 in
3359 2335 3568 2401 psalmo

1986 2407 2228 2462 dicitur:
2280 2407 2401 2463 Pax
2442 2412 2611 2465 multa
2662 2413 3004 2483 diligentibus
3057 2433 3242 2472 nomen
3299 2430 3465 2489 tuum,
3516 2431 3569 2477 et

1986 2516 2090 2553 non
2121 2510 2196 2554 est
2237 2500 2344 2555 illis
2404 2503 2721 2558 scandalum
2773 2506 2843 2560 ⁸³.
2906 2505 3082 2562 Simili
3138 2525 3267 2580 ergo
3314 2514 3567 2583 exemplo

1984 2601 2164 2662 potest
2196 2593 2387 2657 videri,
2413 2596 2560 2665 quod
2600 2596 2795 2666 pusilla
2828 2614 3058 2668 quaeque
3086 2601 3265 2668 vinea,
3292 2602 3564 2672 incipiens

1983 2684 2231 2739 videlicet
2262 2686 2467 2751 anima,
2527 2689 2699 2756 possit
2726 2703 2755 2741 a
2784 2690 3059 2759 vulpibus,
3093 2691 3144 2745 id
3178 2701 3262 2747 est
3306 2696 3565 2766 malignis

1984 2776 2428 2846 cogitationibus,
2464 2778 2545 2831 vel
2579 2779 2762 2848 pravis
2785 2781 3102 2837 doctoribus
3132 2782 3275 2851 laedi,
3325 2785 3564 2854 perfecta

1982 2883 2113 2923 vero
2146 2878 2201 2923 et
2233 2869 2411 2923 valida
2443 2884 2550 2923 non
2588 2873 2781 2940 possit.
2819 2870 2925 2927 Sed
2951 2873 2996 2927 si
3027 2875 3314 2944 capiantur
3338 2895 3368 2931 a
3400 2878 3561 2935 bouis

1983 2960 2303 3015 doctoribus
2331 2960 2522 3029 vulpes
2559 2960 2695 3026 ista},
2756 2970 2811 3016 et
2851 2963 3181 3033 abjiciantur
3231 2982 3297 3021 ex
3355 2968 3565 3037 anima,

299 3059 380 3108 tes
406 3059 467 3106 et
497 3052 832 3120 scorpiones,
896 3051 971 3105 ita
1027 3053 1303 3122 accipiunt
1353 3061 1676 3123 potestatem
1706 3054 1870 3108 etiam
1902 3077 1947 3138 ο
1983 3060 2115 3107 tunc
2159 3052 2406 3122 proficiet
2456 3052 2511 3106 in
2558 3052 2885 3120 virtutibus,
2934 3064 2989 3111 et
3050 3055 3262 3113 florcbit
3316 3057 3371 3113 in
3429 3057 3556 3117 fide.

298 3143 556 3212 capiendi
590 3143 799 3212 vulpes.
850 3141 941 3197 Sic
978 3144 1123 3198 enim
1145 3145 1269 3199 data
1298 3155 1380 3200 est
1403 3153 1644 3215 potestas
1666 3144 1745 3200 eis
1778 3162 1871 3200 su-

298 3247 396 3305 per
430 3248 648 3289 omnem
679 3235 934 3289 virtutem
987 3235 1214 3291 inimici.
1276 3234 1397 3291 Una
1449 3238 1567 3292 sine
1610 3237 1775 3292 dubio
1807 3252 1872 3291 ex

1979 3146 2169 3200 Amen.

314 3412 3526 3450 ———_—____..________________.________________

1656 3587 2207 3717 SERIES

478 3837 1518 3935 PROCOPIANORUM
1593 3840 2508 3935 EXCERPTORUM
2581 3844 2746 3933 EX
2794 3840 3365 3936 'ORIGENE

903 4055 1045 4168 ΙΝ
1125 4051 1872 4190 CANTICUM
1975 4052 2963 4166 CANTICORUM.

947 4428 1104 4481 ΚΕΦ.
1143 4427 1218 4481 B'.
2633 4429 2643 4476 4

1205 4468 1218 4481 .
2633 4424 2785 4482 CAP.
2836 4424 2901 4481 Il.

389 4510 723 4591 Ἆδελξρτδός
774 4536 894 4588 μου
951 4519 1102 4589 ἐμοὶ,
1138 4517 1299 4590 κάγὼ
1346 4519 1525 4591 αὐτῷ.
1570 4519 1635 4573 Ἦ
1683 4518 1868 4592 νύμφη
1899 4513 1948 4572 1)
2049 4514 2085 4569 ν

1899 4513 1948 4572 1)
2049 4514 2208 4573 Vcrs.
2242 4514 2326 4571 l6.
2360 4515 2654 4572 Fraternas
2677 4526 2822 4572 meus
2844 4520 2993 4587 mihi,
3020 4529 3071 4573 et
3104 4537 3197 4591 ego
3226 4522 3293 4576 ei.
3343 4520 3586 4594 Sponsa

311 4609 441 4682 πρὸς
472 4612 596 4673 τοὺς
625 4610 875 4681 ἑταίρους
906 4608 999 4662 τοῦ
1029 4610 1267 4681 νυμφίου
1299 4611 1482 4681 φησὶν,
1516 4609 1592 4673 ὡς
1618 4610 1875 4680 οὐδεμίαν
1977 4607 2007 4661 lt

1863 4627 1875 4662 ρ
1977 4607 2219 4678 loquitur
2245 4609 2311 4663 ad
2339 4608 2553 4664 sodales
2580 4610 2790 4679 sponsi,
2824 4610 3024 4680 quippe
3054 4627 3176 4681 qua!
3212 4614 3421 4669 nullum
3459 4617 3559 4671 ha.

308 4700 496 4772 ἔχουσα
526 4701 662 4774 πρὸς
685 4701 810 4765 τοὺς
844 4699 1136 4764 ἀλώπεκας
1169 4701 1471 4755 κοινωνίαν.
1522 4700 1876 4770 Ἐκοινώνησε
1976 4698 2004 4752 1]

1858 4718 1876 4754 ε
1976 4698 2099 4753 beat
2124 4715 2247 4753 cum
2273 4700 2524 4769 vulpibus
2550 4701 2960 4755 commercium.
2984 4700 3384 4759 Commercium
3408 4708 3554 4763 enim

309 4794 410 4864 γὰρ
435 4795 584 4864 ἡμῖν,
626 4793 812 4865 φησὶν,
874 4792 1103 4862 αἵματος
1150 4793 1245 4845 καὶ
1306 4792 1528 4863 σαρκὸς,
1578 4793 1671 4845 καὶ
1714 4794 1877 4863 ἡμεῖς
1979 4806 2005 4843 l1

1859 4809 1877 4855 ;
1979 4790 2264 4845 nobiscum
2290 4790 2474 4845 carnis
2497 4798 2549 4844 et
2582 4789 2866 4861 sanguinis
2912 4792 3055 4857 iniit,
3088 4802 3143 4850 et
3174 4811 3275 4852 nos
3306 4808 3430 4850 cum
3462 4798 3555 4854 illo

310 4882 450 4955 αὐτῴ
475 4883 575 4953 τῆς
600 4882 925 4953 ἀφθαρσίας.
1980 4881 2006 4935 ἰι

726 4882 925 4953 ῑρσίας.
1980 4881 2422 4952 incorruptionis.

385 4975 811 5042 Ἀπόστρεψον,
870 4971 1179 5042 όμοιώθητι
1231 4973 1335 5036 σὺ,
1396 4972 1684 5042 ἀδελφιδέ
1730 4992 1871 5043 μου,
2051 4970 2081 5025 ἲ

1856 5015 1871 5040 ,
2051 4970 2202 5027 Vers.
2236 4972 2323 5026 17.
2347 4971 2637 5037 Revertere,
2679 4972 2870 5027 similis
2922 4975 3134 5045 efficere,
3177 4977 3413 5046 fraterne
3454 4978 3552 5044 uti,

308 5061 561 5134 δορκάδι.
607 5065 690 5119 Τὰ
738 5065 980 5136 πρότερα
1025 5063 1160 5135 πρὸς
1204 5061 1308 5127 τὰς
1360 5064 1607 5129 νεάνιδας
1658 5060 1808 5119 εἶπεν
1840 5069 1873 5137 ἠ
1981 5078 2004 5116 c

1854 5069 1873 5137 ἡ
1981 5078 2203 5131 caprete.
2245 5060 2543 5131 Superiora
2574 5061 2712 5116 dixit
2744 5078 2948 5131 sponsa
2979 5066 3045 5119 ad
3092 5065 3550 5132 adolescentulus,

308 5156 507 5229 νύμφηο
540 5157 603 5211 τδ
631 5156 688 5210 δὲ
719 5156 815 5210 νῦν
857 5156 994 5226 πρὸς
1023 5156 1113 5208 τὸν
1157 5155 1407 5225 νυμφίον’
1446 5153 1586 5207 ὥστε
1612 5155 1689 5227 τῷ
1733 5173 1875 5228 παρ-
1979 5167 2004 5221 p

1858 5187 1875 5197 .
1979 5152 2266 5221 praisentia
2295 5167 2424 5206 vero
2470 5153 2535 5206 ad
2574 5167 2868 5222 sponsam;
2920 5155 2994 5208 ita
3030 5165 3093 5209 ut
3131 5155 3384 5224 praesenti
3418 5166 3554 5212 tem-

306 5245 410 5302 όντι
457 5247 633 5320 καιρῷ
669 5247 1042 5318 ἁρμόττουσαν
1072 5243 1357 5299 ἀναλαϐεῖν
1388 5245 1699 5317 ὁμοιότητα,
1740 5247 1873 5317 πρὸς
1979 5257 2002 5312 ῃ

1858 5264 1873 5311 ;
1979 5245 2096 5312 pori
2134 5251 2522 5313 congruentem
2546 5252 2793 5299 assumat
2837 5244 3272 5311 similitudinem,
3306 5260 3429 5300 cum
3461 5263 3554 5303 ca-

308 5335 400 5405 μὲν
432 5338 521 5391 τὸν
548 5337 814 5409 δόρκωνα⁹
841 5334 929 5388 διὰ
952 5334 1014 5387 τὸ
1039 5332 1363 5404 διορατικὸν,
1414 5334 1549 5406 πρὸς
1579 5334 1635 5387 δὲ
1681 5335 1873 5406 νεϐρὸν
1978 5347 2004 5401 p

1853 5354 1873 5389 ν
1978 5347 2105 5401 prea
2138 5333 2379 5402 quidem,
2413 5334 2485 5389 ob
2515 5334 2665 5389 visus
2715 5349 2981 5400 acumen;
3013 5351 3137 5390 enm
3192 5335 3419 5390 binnulo
3449 5353 3549 5392 au-

305 5424 509 5497 ὲλάφων
542 5427 609 5479 δι’
635 5425 940 5496 ἀφανισμὸν
969 5422 1063 5477 τοῦ
1090 5423 1200 5477 τῶν
1238 5423 1415 5492 ὄφεων
1445 5424 1651 5492 γένους.
1687 5423 1871 5478 Ταῦτα
1979 5434 2001 5477 t

1979 5434 2086 5477 tem
2121 5440 2426 5493 cervorum,
2482 5426 2629 5498 quod
2691 5435 2971 5495 serpentes
3023 5425 3332 5481 interficiat.
3376 5427 3571 5502 Atque

305 5510 356 5570 δὲ
379 5518 521 5569 ποιεί
552 5518 610 5570 ὲν
653 5517 769 5578 τοῖς
801 5513 953 5586 ὅρεσι
995 5512 1104 5567 τῶν
1136 5510 1511 5584 κοιλωμάτων,
1580 5510 1871 5581 Ἀπόστρε-
1978 5512 2001 5565 ἱ.

1864 5540 1871 5550 -
1978 5512 2028 5566 id
2068 5522 2292 5582 prrestat
2346 5531 2511 5586 super
2564 5525 2779 5573 montes
2823 5515 3143 5581 caritatum,
3176 5514 3409 5575 dicens:
3443 5518 3560 5576 Re-

370 5676 415 5709 “
441 5675 584 5732 Psal.
619 5690 861 5747 cxxxvu,
888 5677 939 5733 9.
1015 5678 1057 5712 ³³
1088 5675 1277 5735 MatLb.
1311 5695 1466 5749 xvtn,
1491 5676 1543 5733 6.
1618 5676 1664 5711 ⁸²
1695 5675 1840 5733 Psal.
1882 5691 2030 5747 cstx,
2060 5676 2184 5733 165.

4045 1912 4053 2043 l

4048 2064 4052 2131 ξ

4046 2186 4051 2201 .
