4296 6288
580 388 688 446 199

1736 382 2084 440 ORIGENES
2122 381 2188 437 IN
2225 383 2583 442 CANTICUM
2617 384 2893 443 CANTIC.

3751 394 3860 449 ‘2th

580 518 796 567 vertere
817 526 848 564 a
885 507 976 564 Dei
1003 508 1197 574 forma,
1231 508 1285 561 in
1315 522 1422 577 qua
1457 521 1539 574 es,
1572 515 1737 578 atquc
1773 509 1887 562 hzec
1918 522 2162 573 assume,
2194 509 2276 566 At

2194 509 2240 566 A
2267 507 2391 576 ψον,
2428 507 2687 577 λέγουσα,
2718 510 2779 561 ἐκ
2811 507 2906 564 τοῦ
2935 509 2992 560 ἐν
3040 510 3222 580 μορτῇ
3269 507 3534 579 ὑπάρχειν
3576 508 3731 562 Θεοῦ*
3766 510 3860 567 καὶ

579 616 800 677 propter
825 611 971 656 tuam
1006 616 1132 672 erga
1176 613 1262 653 me
1302 596 1645 653 dilectionem
1680 598 1745 651 ad
1790 597 2041 652 homines
2073 611 2166 653 ve-

581 698 760 763 niens,
790 709 1021 765 quormn
1045 693 1227 763 plures
1264 707 1374 760 pro:
1402 707 1503 745 sua
1558 691 1825 761 pravitate
1858 690 1913 744 in
1958 690 2167 745 cavita-

582 790 731 844 tibus
763 794 1066 841 morantur.
1124 783 1299 839 Porro
1359 793 1574 837 montes
1634 783 1935 837 cavitatum
1986 783 2167 852 justos

582 884 758 940 vocat,
787 874 944 929 malis
974 873 1310 944 superiores.
1367 869 1668 926 Revertens
1720 872 1902 941 itaque
1938 872 2164 926 verbum

582 966 759 1023 simile
794 964 1060 1033 redditur,
1123 966 1178 1019 in
1217 964 1304 1020 his
1332 964 1553 1035 quidem
1593 964 1687 1033 qui
1717 964 2165 1034 contemplationi

581 1061 924 1126 incumbunt,
959 1075 1207 1130 capreas;
1239 1058 1296 1113 in
1335 1060 1402 1114 iis
1428 1074 1557 1114 vero
1589 1059 1684 1130 qui
1730 1060 1919 1133 magis.
1946 1061 2168 1115 student

579 1153 807 1217 actioni,
839 1163 892 1208 et
921 1152 1164 1207 interitui
1187 1150 1626 1205 adversariarum
1657 1160 2012 1221 potestatum,
2038 1151 2163 1205 bin-

580 1245 712 1299 nulo
735 1259 1046 1298 cervorum.
1094 1242 1230 1298 lllud
1264 1252 1469 1309 autem,
1534 1242 1611 1297 vel
1654 1243 1897 1310 hinnulo,
1946 1244 2164 1314 disjun-

578 1337 783 1390 clivum
819 1346 920 1391 est.
950 1335 1256 1392 Theodotio
1302 1343 1486 1390 autem
1522 1336 1911 1404 interpretatus
1936 1346 2040 1403 est,
2073 1354 2167 1392 su-

578 1444 672 1497 per
709 1439 909 1482 montes
946 1428 1301 1483 incensorum.
1333 1426 1568 1483 Perinde
1598 1438 1780 1486 autem
1810 1429 1977 1485 etiam
2016 1429 2169 1485 dica-

580 1527 689 1583 tur,
717 1528 987 1588 revertere,
1012 1534 1206 1590 nempe
1232 1535 1261 1574 a
1289 1517 1516 1575 Iudaeis.

1228 1611 1384 1668 CAP.
1427 1612 1516 1669 ιιι.

653 1701 763 1774 95
781 1704 940 1760 Vcrs.
965 1705 1014 1759 l.
1036 1702 1099 1759 In
1117 1704 1280 1759 cubili
1298 1721 1410 1759 meo
1433 1706 1488 1758 in
1509 1705 1773 1761 noctibus.
1798 1703 1874 1761 De
1890 1707 2168 1779 mysteriis

580 1796 798 1853 locutus
858 1813 980 1868 quze
1011 1798 1228 1869 nuptias
1256 1797 1609 1861 antecedunt,
1662 1815 1811 1855 nunc
1839 1799 2018 1870 ipsum
2072 1816 2168 1871 per

580 1898 794 1943 noctem
821 1890 888 1943 ad
922 1890 1100 1944 cubile
1134 1889 1351 1956 invitat,
1384 1890 1513 1960 quia
1535 1891 1652 1946 vult
1676 1892 2023 1948 arcaniorum
2051 1893 2164 1948 ﬁeri

556 1970 853 2049 particeps
903 1986 957 2034 ct
998 1979 1311 2049 perfectiori
1348 1982 1538 2052 requie
1584 1982 1713 2037 frui.
1748 1982 1864 2039 lloc
1910 1986 2055 2040 enim
2090 1987 2167 2041 le-

576 2072 759 2126 ctulus
809 2071 1105 2137 significat.
1165 2071 1301 2128 Illud
1360 2083 1543 2130 autem
1604 2076 1659 2129 in
1698 2086 1867 2142 nocte,
1903 2077 2009 2132 hoc
2058 2088 2162 2141 est,

576 2161 777 2233 qnictis
806 2170 1069 2231 tempore,
1132 2176 1198 2217 ae
1246 2163 1439 2232 procul
1483 2164 1553 2218 ab
1598 2179 1789 2219 eorum
1843 2177 2162 2237 conspectu,

576 2253 670 2324 qui
697 2254 823 2308 talia
859 2256 1107 2310 contueri
1160 2272 1268 2311 non
1301 2267 1554 2327 possunt.
1608 2256 1843 2313 Necesse
1876 2269 2057 2313 autem
2081 2269 2166 2315 est

578 2345 818 2399 animam
848 2360 1000 2414 prius
1034 2346 1377 2402 vulneratam
1430 2362 1554 2403 esse
1582 2349 1849 2404 cbaritate
1897 2349 2037 2419 ejus,
2071 2352 2165 2421 qui

579 2436 634 2491 in
658 2437 821 2491 cubili
860 2435 1018 2493 Verbi
1047 2438 1217 2493 divini
1243 2440 1442 2495 altiora
1472 2442 1687 2511 qnzerit.
1721 2439 2015 2512 Exspectat
2040 2458 2168 2499 vero

576 2528 942 2597 desideratus,
975 2532 1157 2601 quoad
1187 2531 1510 2587 desiderans
1538 2533 1656 2601 ipsa
1689 2542 1899 2603 surgat,
1933 2542 1991 2587 ut
2012 2549 2167 2589 amo-

574 2619 654 2675 ris
688 2621 795 2675 vim
828 2637 1055 2692 augens,
1088 2623 1262 2679 multa
1320 2624 1679 2694 inquisitione
1740 2624 1921 2690 fessa,
1954 2640 2012 2680 sc
2044 2635 2165 2680 tan—

575 2713 701 2768 dem
736 2723 1045 2783 opportune
1083 2717 1442 2787 conspicuum
1477 2716 1735 2786 praebeat.
1771 2714 1870 2771 Ubi
1902 2717 2048 2772 enim
2081 2717 2166 2771 di-

574 2812 736 2859 xerat
762 2821 777 2857 :
810 2802 876 2857 In
906 2804 1071 2859 cubili
1094 2822 1206 2861 meo
1252 2809 1309 2860 in
1344 2806 1586 2861 noctibus
1614 2807 1831 2876 quasivi
1857 2823 2011 2877 quem
2035 2805 2164 2860 dili-

578 2892 659 2966 git
695 2894 879 2948 anima
921 2912 1057 2962 mea,
1094 2904 1187 2952 et:
1229 2896 1462 2963 Quwsivi
1492 2914 1634 2965 eum,
1698 2906 1747 2951 et
1809 2913 1913 2951 non
1951 2899 2159 2961 inveni;

2271 600 2508 655 ἀνάλαὸε
2550 600 2744 663 ταῦτα,
2770 601 2856 655 διὰ
2910 601 3008 672 τὴν
3035 602 3256 672 ἀγάπην
3284 601 3383 671 τὴν
3431 601 3567 672 πρὸς
3612 601 3712 674 ἐμὲ
3745 604 3860 662 τοῖς

2268 692 2580 765 ἀνθρώποις
2608 691 2914 762 ἐπιδημῶν,
2947 685 3021 744 ὧν
3047 692 3097 744 oi
3127 690 3343 754 πλείοοις
3385 692 3473 745 διὰ
3520 693 3619 764 τὴν
3652 696 3852 748 κακίαν

2269 789 2326 840 έν
2362 785 2662 857 κοιλώμασι
2699 784 3088 854 διατρίϐουσιν.
3125 785 3263 856 Ὀρη
3321 784 3380 837 δὲ
3413 785 3773 856 κοιλωμάτων
3802 789 3854 843 οἱ

2267 877 2376 931 τῶν
2402 878 2586 931 κακῶν
2637 876 3065 948 ὑπερανέχοντες
3096 876 3317 929 δίκαιοι.
3360 877 3733 949 ’Λποστρέψας
3760 875 3856 934 οὖν

2265 967 2294 1020 ό
2318 966 2475 1036 λόγος
2500 964 2802 1036 ὁμοιοῦται,
2835 967 2893 1018 ὲν
2922 965 3020 1035 μὲν
3048 967 3161 1028 τοῖς
3202 966 3584 1037 ἀνακειμένοις
3626 971 3693 1040 τῇ
3721 970 3852 1025 θεω-

2272 1057 2363 1129 ρίᾳ
2388 1057 2639 1128 δόρκωνι,
2668 1058 2725 1110 ὲν
2753 1057 2812 1110 δὲ
2833 1058 2948 1120 τοῖς
2972 1057 3445 1128 πρακτικωτέροις
3479 1059 3573 1111 καὶ
3605 1058 3858 1134 καθαιρεο

2267 1152 2442 1213 τικοῖς
2461 1148 2570 1203 τῶν
2613 1148 3009 1221 ἀντικειμένων
3056 1147 3343 1220 δυνάμεων
3391 1150 3607 1222 ἐλάφων
3654 1151 3853 1225 νεϐρῷ.

2266 1240 2341 1293 Τὸ
2371 1240 2451 1304 δὲ,
2482 1239 2521 1308 ἢ
2547 1237 2752 1311 νεδρῷ,
2795 1239 3341 1310 παραδιαζευκτικόν.
3389 1241 3449 1294 '0
3472 1242 3529 1295 δὲ
3560 1242 3855 1298 Θεοδοτίων

2267 1328 2441 1386 εἶπενο
2506 1331 2640 1385 Ἐπὶ
2707 1333 2781 1387 τὰ
2832 1332 2942 1401 ὄρη
2996 1332 3399 1405 θυμιαμάτων.
3453 1334 3618 1389 Οὐδὲν
3657 1331 3853 1408 ἦττον*

2265 1425 2377 1479 Καὶ
2418 1424 2807 1494 ἀπόστρεψον
2831 1425 2938 1478 ἀπὸ
2964 1426 3072 1479 τῶν
3110 1426 3399 1482 Ἰουδαίων.

2935 1612 3091 1666 ΚΕΦ.
3134 1612 3206 1665 Γν.

2352 1701 2475 1755 Ἐπί
2522 1700 2639 1771 τὴν
2671 1703 2882 1771 κοίτην
2905 1721 3027 1773 μου
3060 1704 3131 1758 ἐν
3171 1704 3372 1769 νυξίν.
3403 1705 3541 1775 Περὶ
3589 1704 3698 1759 τῶν
3744 1704 3853 1779 πρὸ

2268 1794 2363 1849 τοῦ
2390 1793 2571 1867 γάμου
2588 1786 2922 1869 ’μυστηρίων
2949 1798 3140 1863 εἰπὼν,
3172 1797 3267 1851 νῦν
3314 1796 3476 1851 αὐτὸν
3519 1797 3608 1852 διὰ
3657 1796 3851 1861 νυκτὸς

2267 1884 2361 1937 ἐπὶ
2395 1883 2493 1955 τὴν
2518 1882 2705 1957 κοίτην
2757 1885 2933 1951 καλεῖ,
2986 1884 3096 1940 τῶν
3151 1885 3607 1958 ἁποῤῥητοτέρων
3647 1885 3849 1940 ἐθέλων

2265 1978 2543 2029 κοινωνεῖν
2582 1976 2674 2029 καὶ
2721 1976 2822 2047 τῆς
2868 1975 3209 2048 τελειοτέρας
3259 1979 3545 2046 μετασχεῖν
3600 1973 3849 2030 ἀναπαύ-

2265 2084 2423 2132 σεως.
2470 2066 2641 2121 Τοῦτο
2665 2069 2772 2141 γὰρ
2798 2069 2832 2140 ἡ
2880 2068 3069 2139 κοίτη.
3098 2068 3173 2122 Τδ
3216 2067 3274 2121 δὲ
3314 2069 3384 2123 ἐν
3412 2068 3604 2132 νυκτὶ,
3630 2069 3687 2123 ἐν
3709 2070 3847 2140 ἡσυ-

2263 2158 2387 2231 χίας
2409 2158 2607 2232 καιρῷ,
2635 2162 2730 2215 καὶ
2754 2160 2942 2236 πόρρω
2963 2162 3063 2233 τῆς
3088 2160 3264 2233 ὅψεως
3284 2160 3393 2215 τῶν
3438 2161 3513 2235 μὴ
3539 2162 3605 2216 τὰ
3625 2160 3851 2217 τοιαῦτα

2265 2253 2492 2326 θεωρεῖν
2535 2253 2867 2326 δυναμένων.
2896 2255 2989 2308 Δεῖ
3011 2254 3067 2308 δὲ
3093 2256 3283 2331 ἀγάπῃ
3328 2255 3427 2328 τὴν
3448 2255 3623 2328 ψυχὴν
3650 2271 3850 2327 προτε-

2263 2346 2508 2419 τρῶσθαι
2552 2345 2648 2399 τοῦ
2700 2346 2793 2399 ἐπὶ
2838 2346 2937 2419 τὴν
2963 2345 3148 2417 κοίτην
3173 2345 3461 2417 ζητοῦντος
3486 2347 3554 2400 τά
3582 2346 3675 2399 τοῦ
3701 2346 3848 2400 θείου

2269 2441 2447 2509 Λόγου
2478 2439 2771 2511 βαθύτερα.
2794 2438 3085 2510 Περιμένει
3107 2437 3164 2490 δὲ
3195 2440 3296 2508 τῆς
3326 2437 3595 2508 ποθούσης
3620 2437 3852 2492 ἀνάστα-

2266 2549 2351 2585 σιν
2395 2534 2423 2585 ὁ
2449 2531 2803 2601 ποθούμενος,
2830 2528 2906 2592 ὡς
2933 2528 2999 2582 ἀν
3044 2529 3324 2593 ἐπιτείνας
3368 2529 3458 2583 τὸν
3500 2528 3678 2601 ἔρωτα
3704 2527 3848 2584 κατὰ

2264 2622 2455 2695 καιρὸν
2488 2621 2679 2674 ἑαυτὸν
2707 2621 3024 2690 ὲμφανίσειε
3054 2623 3119 2691 τῇ
3166 2620 3419 2694 καμούσῃ
3465 2619 3693 2675 πλεῖστα
3718 2622 3849 2694 περὶ

2262 2715 2361 2786 τὴν
2411 2713 2637 2784 ζήτησιν
2684 2712 2785 2783 τὴν
2840 2710 3026 2765 αὑτοῦ.
3074 2710 3320 2765 Εἱποῦσα
3362 2711 3494 2783 γὰρ,
3541 2712 3659 2778 ὅτι,
3721 2711 3849 2766 Ἐπὶ

2262 2807 2473 2875 κοίτην
2508 2823 2627 2876 μου
2675 2804 2746 2857 ἐν
2774 2802 2955 2868 νυξὶν
3008 2801 3267 2871 ἐζῆτησα
3311 2800 3384 2856 ὃν
3439 2801 3757 2873 ἠγάπησεν
3805 2805 3847 2875 ἡ

2262 2898 2432 2970 ψυχή
2452 2916 2592 2969 μου·
2622 2899 2717 2951 καὶ
2748 2897 2852 2961 ὅτι,
2898 2895 3186 2965 Ἐ’ζήτησα
3214 2896 3420 2962 αὑτὸν,
3457 2896 3555 2951 καί
3587 2897 3703 2966 οὐχ
3741 2891 3845 2953 εὖ..

578 2987 865 3059 subiungit
905 2990 1072 3058 (vers.
1096 2989 1154 3059 2)
1186 3009 1202 3046 :
1256 2989 1555 3064 Exsurgam
1577 3002 1628 3046 et
1677 2991 1927 3046 rircuibo.
1965 2989 2160 3061 Supini
2254 3012 2274 3062 ι

2148 2992 2160 3046 i
2254 3010 2389 3062 ρον,
2452 2991 2669 3060 ὲπάγευ
2739 2988 3173 3059 Ἁναστήσομαι
3218 2987 3320 3057 δὴ,
3382 2988 3482 3043 καὶ
3532 2988 3844 3045 κυκλὼσω.

575 3075 746 3151 igitur
796 3080 967 3135 animi
1025 3082 1312 3151 segnitiem
1346 3083 1715 3154 deponentes,
1771 3098 2157 3154 exsurgamus,

2262 3082 2471 3139 Οὐκοῦν
2499 3081 2809 3153 ὑπτιασμδν
2864 3082 2959 3136 καὶ
3003 3081 3103 3151 τὴν
3139 3080 3454 3151 κατάμυσιν
3494 3079 3844 3153 ἀποθέμενοι,

575 3180 832 3242 parentes
852 3174 923 3240 ei,
948 3175 1042 3243 qui
1068 3174 1202 3230 dicit
1231 3192 1245 3230 :
1279 3175 1522 3247 Exsurge
1561 3177 1650 3248 qui
1686 3176 1885 3230 dormis
1918 3176 1982 3230 ⁸³.
2010 3175 2146 3231 (Σὶιί-
2186 3200 2234 3266 c
2261 3174 2271 3224 ε

2186 3200 2234 3266 c
2261 3173 2635 3245 διαναστῶμεν
2680 3173 2992 3244 πειθόμενοι
3048 3172 3126 3244 τῷ
3158 3172 3368 3241 λέγοντι
3391 3189 3403 3200 ·
3435 3173 3660 3241 Ἔγειρε
3687 3170 3765 3243 δὴ
3810 3174 3848 3230 ὀ

575 3273 659 3319 tas
686 3276 765 3320 est
826 3265 1066 3322 mundus
1109 3267 1421 3334 universus,
1458 3283 1619 3337 quem
1665 3267 1898 3323 circuire
1934 3282 2158 3323 necesse

574 3366 662 3411 est
711 3355 855 3411 illius
906 3357 1367 3427 contemplatione
1398 3372 1524 3412 cum
1564 3356 1657 3426 qui
1706 3365 1954 3410 versatur
1984 3356 2036 3411 in
2066 3372 2159 3411 sa-

575 3446 797 3508 pientiae
824 3447 1089 3502 doctrinis
1123 3448 1262 3517 (haec
1296 3446 1442 3501 enim
1473 3445 1575 3501 fori
1611 3446 1878 3501 rationem
1912 3446 2156 3517 habent),

577 3540 722 3595 unde
748 3540 1028 3610 quidpiam
1073 3540 1206 3595 utile
1248 3540 1376 3596 licet
1429 3540 1709 3609 accipere;
1743 3540 1839 3595 sed
1871 3548 1926 3595 et
1956 3541 2009 3594 in
2038 3541 2157 3610 pla-

576 3630 698 3685 teis.
728 3628 1007 3701 Sapientia
1046 3631 1190 3686 enim
1242 3632 1298 3686 in
1329 3633 1554 3687 exitibus
1598 3634 1830 3699 canitur,
1878 3634 1934 3686 iu
1963 3631 2158 3702 plateis

574 3735 694 3774 vero
719 3720 900 3788 palam
949 3720 1187 3791 loquitur
1214 3720 1280 3776 “.
1309 3719 1575 3776 Jubemnr
1616 3723 1783 3776 etiam
1817 3737 1918 3778 nos
1943 3723 2000 3776 in
2032 3722 2162 3775 lati-

574 3813 757 3868 tudine
786 3814 962 3868 cordis
984 3814 1029 3846 ⁸⁸
1059 3812 1228 3868 nostri
1256 3813 1516 3869 scribere.
1542 3812 1679 3867 Cum
1717 3821 1899 3868 autem
1949 3813 2159 3882 majora

574 3915 867 3977 quaereret,
900 3922 1063 3975 quam
1112 3922 1212 3978 pro
1243 3905 1346 3963 fori
1394 3921 1458 3961 ac
1504 3905 1804 3976 platearum
1838 3905 2051 3959 ratione
2084 3905 2161 3959 ait

576 4012 637 4053 se
666 4012 773 4052 non
826 3998 1120 4054 invenisse.
1157 3998 1319 4054 Vadit
1352 4007 1531 4053 tamen
1564 4006 1623 4051 ut
1650 3998 1912 4064 inveniat,
1944 3997 2157 4052 iuveni-

574 4096 773 4158 turque
802 4088 871 4143 ab
901 4088 967 4144 iis
1005 4090 1098 4159 qui
1147 4090 1464 4146 custodiunt
1497 4096 1552 4143 et
1587 4088 1931 4145 circumeunt
1966 4089 2160 4144 civita-

577 4190 705 4236 tem.
740 4179 859 4236 Sint
885 4197 1015 4236 vero
1051 4182 1125 4236 illi
1178 4182 1629 4238 administratorii
1682 4182 1908 4252 spiritus
1949 4182 2018 4234 “.
2053 4180 2157 4235 Isti

572 4283 696 4330 sunt
736 4292 863 4345 quos
900 4276 1044 4329 misit
1079 4274 1336 4329 Dominus
1360 4277 1583 4331 czrcuire
1613 4285 1809 4329 terram
1841 4275 1911 4341 ⁸⁷,
1936 4291 2002 4331 ex
2033 4276 2157 4347 qui-

573 4367 678 4423 bus
698 4368 764 4422 de
793 4366 1102 4422 desiderato
1159 4366 1493 4420 sciscitatur.
1531 4366 1733 4421 Verum
1781 4382 1893 4421 non
1950 4356 2194 4437 scripta.

573 4468 661 4515 est
691 4473 881 4514 eorum
914 4457 1222 4528 responsio.
1277 4456 1550 4510 Docemur
1601 4472 1752 4523 vero,
1799 4459 1846 4514 si
1897 4458 2152 4513 dilectum

2262 3267 2588 3321 καθεύδων.
2634 3267 2796 3331 ’Ὀλος
2842 3266 2900 3320 δὲ
2944 3269 2973 3321 ὁ
3026 3265 3230 3336 κόσμος
3275 3267 3308 3337 ἡ
3345 3264 3521 3330 πόλις,
3570 3265 3629 3320 ὃν
3679 3267 3846 3319 ἐκπε-

2264 3359 2499 3432 ριελθεῖν
2522 3360 2603 3413 δεῖ
2621 3362 2688 3431 τῇ
2724 3361 2853 3431 περὶ
2876 3357 3042 3413 αὑτοῦ
3071 3357 3296 3429 θεωρίᾳ,
3325 3358 3617 3429 γενόμενον
3639 3359 3698 3411 ὲν
3725 3360 3848 3423 ταῖς

2262 3455 2457 3522 σοφαῖς
2503 3451 2874 3514 διδασκαλίαις
2914 3445 3095 3521 (αὗται
3119 3448 3228 3520 γὰρ
3263 3449 3321 3501 αἱ
3348 3449 3597 3521 ἀγοραί)·
3625 3448 3748 3503 ὅθεν
3792 3465 3848 3503 τι

2261 3546 2527 3618 χρήσιμόν
2557 3547 2675 3598 ἐστι
2720 3543 2925 3597 λαϐεῖν’
2977 3541 3115 3596 ἀλλά
3161 3540 3257 3595 καὶ
3284 3542 3344 3594 ὲν
3370 3543 3491 3604 ταῖς
3536 3540 3845 3604 πλατείαις·

2260 3637 2453 3706 Σοφία
2477 3635 2588 3707 γὰρ
2619 3636 2690 3689 ἐν
2715 3634 2950 3701 ἐξόδοις
2990 3632 3281 3702 ὑμνεῖται,
3314 3632 3385 3686 ἐν
3419 3632 3484 3686 δὲ
3538 3634 3852 3702 πλατείαις

2261 3728 2605 3796 παρουσίαν
2655 3726 2804 3795 ἄγει.
2849 3723 3278 3795 Κεκελεύσμεθα
3301 3722 3359 3776 δὲ
3403 3722 3499 3776 καὶ
3523 3724 3687 3793 ἡμεῖς
3720 3721 3849 3776 Ἐπί

2261 3818 2327 3871 τὸ
2363 3817 2593 3884 πλάτος
2624 3816 2734 3884 τῆς
2785 3815 3033 3883 καρδίας
3069 3814 3227 3886 ἡμῶν
3252 3814 3482 3886 γράψαι.
3524 3812 3768 3878 Μείζονα
3788 3812 3846 3866 δὲ

2263 3910 2501 3983 ζητοῦσα
2527 3911 2561 3982 ἢ
2588 3910 2709 3965 κατ’
2737 3907 2946 3980 ἀγοράς
2974 3908 3070 3963 καὶ
3098 3905 3379 3972 πλατείας,
3435 3907 3509 3979 μὴ
3555 3906 3846 3978 εὑρηκέναι

2263 4005 2420 4077 φησί.
2451 4003 2601 4074 Πλὴν
2643 4001 2818 4056 ὁδεύει
2865 3999 3028 4055 πάλιν
3079 4001 3173 4054 ἐπὶ
3214 4000 3316 4071 τὴν
3339 3998 3554 4072 εὕρεσιν
3599 3998 3849 4069 εὑρισκο-

2265 4100 2403 4171 μένη
2431 4097 2538 4151 ὑπὸ
2561 4095 2671 4149 τῶν
2692 4094 3004 4168 τηρούντων
3038 4093 3137 4165 τὴν
3189 4093 3364 4158 πόλιν,
3389 4091 3485 4145 καλ⁵
3506 4090 3847 4146 κυκλούντων

2260 4192 2453 4264 αὑτήν.
2514 4185 2641 4243 Εἶεν
2687 4188 2758 4242 ἂν
2802 4186 2871 4242 τά
2918 4184 3266 4258 λειτουργικὰ
3322 4183 3629 4254 πνεύματω
3669 4178 3847 4239 Οὖτοί

2259 4286 2421 4338 εἰσιν
2451 4281 2560 4348 οὓς
2583 4280 2905 4336 ἀπέστειλε
2918 4280 3134 4347 Κύριος
3156 4274 3535 4344 περιοδεῦσαι
3564 4272 3680 4343 τὴν
3705 4272 3842 4343 τῆν’

2261 4370 2337 4430 ὧν
2360 4374 2424 4446 δὴ
2450 4375 2580 4445 περὶ
2604 4371 2699 4427 τοῦ
2746 4370 3084 4440 ποθουμένου
3116 4366 3460 4422 πυνθάνεται.
3488 4366 3603 4419 Οὐκ
3649 4365 3848 4435 ἀναγέ-

2260 4481 2505 4535 γραπται
2532 4464 2588 4517 δὲ
2613 4464 2646 4534 ἠ
2673 4461 2880 4515 τούτων
2932 4460 3244 4532 ἀπόκρισις.
3285 4456 3659 4529 Διδασκόμεθα
3682 4455 3763 4522 δὲ,
3795 4456 3846 4508 εί

573 4565 769 4608 sumus
797 4549 1094 4616 inventuri,
1141 4558 1202 4604 ut
1255 4546 1537 4619 paululum
1572 4548 1704 4618 quid
1729 4549 2153 4619 circumeamus,
2186 4541 2235 4601 υ
2267 4610 2269 4621 γ

2152 4600 2153 4609 η
2186 4541 2235 4601 υ
2267 4555 2558 4627 μέλλοιμεν
2581 4554 2762 4627 εὑρεῖν
2789 4552 2879 4607 τὸν
2923 4551 3279 4622 ποθούμενον,
3308 4549 3488 4618 ὀλίγον
3530 4566 3584 4602 τι
3631 4546 3848 4619 περιελσ-

572 4658 639 4699 ac
671 4643 870 4697 talibus
927 4641 1181 4697 meliores
1219 4638 1520 4695 eﬂiciamur
1570 4640 1801 4709 angelis,
1843 4640 1911 4697 de
1950 4643 2153 4712 quibus

574 4730 725 4801 loqui
761 4731 974 4786 videtur
1003 4730 1195 4787 Petrus
1226 4732 1281 4786 in
1303 4731 1568 4802 Epistula,
1605 4731 1736 4788 dum
1767 4735 2150 4793 excellentiam

573 4837 768 4882 eorum
794 4836 913 4892 quae
943 4822 1196 4893 perfectis
1226 4823 1467 4893 reposita
1532 4832 1662 4880 sunt
1721 4824 1988 4893 docendo,
2034 4827 2152 4885 ait:

575 4912 642 4969 In
672 4929 789 4984 quae
839 4913 1142 4967 desiderant
1171 4913 1346 4982 angeli
1398 4917 1693 4985 prospicere
1736 4916 1802 4971 ⁸⁸.
1843 4915 2153 4987 Optandum

544 5014 780 5071 'autem,
814 5014 872 5061 ut
913 5005 1187 5062 modicum
1219 5007 1349 5078 quid
1385 5023 1485 5063 nos
1514 5008 1650 5065 tales
1669 5012 2040 5082 praetergredi,
2093 5023 2155 5068 ut

575 5096 920 5157 desideratus
947 5098 1280 5165 inveniatur,
1330 5109 1385 5156 et
1427 5100 1683 5157 inventus
1711 5110 1981 5169 teneatur,
2037 5114 2156 5160 tcn-

574 5198 775 5261 Iusque
845 5200 1026 5247 mente
1078 5190 1425 5262 intelligatur.
1506 5191 1732 5249 Frustra
1791 5194 1937 5249 enim
2012 5204 2160 5251 tene-

574 5288 750 5347 retur,
793 5281 838 5337 si
898 5297 1006 5337 non
1064 5281 1287 5338 assidua
1345 5283 1697 5342 meditatione
1744 5295 2044 5343 teneretur.
2078 5287 2159 5344 ld-

573 5373 723 5429 circo
764 5378 842 5430 ait
878 5375 1045 5445 (vers.
1071 5375 1128 5448 4)
1164 5375 1346 5453 τΝοη
1394 5378 1576 5434 dimisi
1615 5398 1757 5446 eum,
1798 5383 2156 5440 donecintro-

573 5462 709 5520 duxi
739 5482 859 5520 eum
881 5468 940 5522 in
967 5469 1182 5523 domum
1212 5471 1399 5524 matris
1425 5487 1573 5538 meae,
1602 5482 1664 5527 ut
1696 5484 1821 5545 post
1867 5490 2153 5533 excessum

579 5555 650 5610 ab
679 5556 934 5614 humanis
960 5577 1068 5617 una
1098 5577 1225 5617 cum
1260 5560 1356 5616 illo
1410 5562 1649 5620 introeat
1693 5567 1748 5621 in
1801 5567 2027 5624 domum
2058 5585 2155 5624 su-

580 5660 762 5716 pernae
789 5646 1113 5721 Jerusalem,
1145 5656 1199 5710 in
1233 5670 1399 5726 quam
1425 5654 1783 5714 introducunt
1804 5662 2153 5717 communio-

582 5843 603 5883 ι
647 5758 925 5884 "l’eEphes.
955 5779 1009 5828 v,
1046 5765 1135 5821 14.
1246 5768 1292 5801 ⁸⁸
1340 5767 1503 5824 Prov.
1551 5785 1590 5838 ι,
1636 5770 1728 5825 20.

1842 5774 1887 5807 ⁸⁸
1910 5773 2114 5835 Jerem.
2149 5793 2289 5847 xvn,
2319 5775 2372 5834 l.

2265 4647 2401 4714 θεῖν,
2426 4649 2522 4701 καὶ
2546 4645 2826 4719 κρείττους
2872 4642 3127 4712 γενέσθαι
3151 4642 3259 4695 τῶν
3280 4641 3535 4695 τοιούτων
3572 4638 3848 4710 ἀγγέλων,

2264 4737 2395 4809 περὶ
2416 4730 2491 4791 ὧν
2515 4736 2689 4790 ἔοικεν
2716 4736 2775 4788 ὲν
2801 4733 3056 4804 ἐπιστολῇ
3081 4732 3261 4803 λέγειν
3282 4734 3311 4785 ὁ
3332 4732 3558 4806 Πέτρος,
3580 4731 3847 4786 διδάσκων

2265 4829 2365 4901 τὴν
2419 4827 2694 4900 ὑπεροχὴν
2740 4824 2849 4879 τῶν
2891 4826 3004 4888 τοῖς
3029 4824 3255 4889 τελείοις
3291 4823 3693 4897 ἀποκειμένων
3740 4825 3845 4887 Εις

2270 4922 2309 4976 ἁ
2364 4919 2764 4990 ἐπιθυμοῦσιν
2808 4916 3049 4985 ἄγγελοι
3107 4918 3477 4985 παρακύψαι.
3541 4913 3844 4985 *Αγαπητδν

2263 5015 2322 5069 δὲ
2350 5013 2523 5087 βραχύ
2546 5030 2600 5066 τι
2622 5013 2749 5076 τοὺς
2794 5010 3069 5074 τοιούτους
3122 5012 3504 5082 παρενεγκεῖν,
3556 5006 3621 5059 ἶν’
3644 5001 3842 5076 εὑρεθῇ

2263 5107 2325 5161 τὸ
2357 5105 2689 5177 ποθούμενον
2745 5104 2839 5159 καὶ
2884 5103 3102 5175 εὑρεθὲν
3144 5099 3415 5175 κρατηθῇ,
3444 5097 3539 5153 καὶ
3574 5094 3844 5168 κρατηθὲν

2264 5198 2450 5270 νοηθῇ·
2500 5196 2758 5266 ἀνόνητος
2800 5194 2976 5266 γὰρὴ
3019 5194 3304 5267 κράτησις,
3348 5193 3397 5244 εἰ
3448 5190 3523 5261 μὴ
3565 5187 3627 5241 τὸ
3655 5186 3844 5258 νοηθὲν

2264 5289 2495 5362 συνεχὴς
2523 5288 2725 5361 μελέτη
2780 5290 3093 5360 κρατήσειε.
3134 5284 3226 5339 Διό
3262 5299 3445 5353 φησιν’
3486 5282 3609 5335 Οὐκ
3638 5278 3846 5350 ἀφῆκα

2262 5385 2468 5449 αὐτὸν,
2498 5384 2610 5450 ἕως
2630 5379 2704 5439 οὗ
2726 5382 3052 5453 εἰσήγαγον
3075 5378 3263 5434 αὐτὸν
3288 5379 3376 5443 εις
3401 5374 3507 5429 τὸν
3535 5371 3707 5429 οἷκον
3727 5390 3845 5445 μη-

2262 5480 2402 5546 τρός
2433 5496 2573 5547 μου,
2601 5477 2689 5531 ἵνα
2725 5476 2820 5530 καὶ
2847 5473 2983 5545 μετά
3006 5473 3103 5545 τὴν
3127 5469 3378 5526 ἐντεῦθεν
3412 5467 3591 5537 ἔξοδον
3614 5465 3845 5521 εἰσέλθοι

2265 5570 2362 5622 σὺν
2385 5567 2531 5639 αὐτῷ
2553 5570 2633 5632 εἰς
2680 5567 2772 5621 τὸν
2812 5561 2962 5620 οἶκον
3000 5564 3099 5635 τῆς
3145 5563 3257 5617 ἀνω
3302 5559 3675 5632 Ἰερουσαλήμο
3713 5556 3845 5614 ἔνθα

2265 5663 2473 5733 εἰσάγει
2486 5662 2557 5715 τὰ
2585 5660 2866 5727 κοινότερα
2891 5657 2999 5714 τῶν
3039 5656 3131 5711 τοῦ
3158 5657 3332 5726 Λόγου
3355 5654 3747 5728 θεωρημάτωνο
3771 5649 3842 5706 τὰ

2478 5776 2529 5825 ρο
2556 5774 2721 5831 Hebr.
2768 5788 2809 5843 ι,
2851 5774 2939 5844 14,
3036 5762 3279 5830 ⁸⁷⁷2³011.
3322 5787 3362 5839 ι,
3391 5769 3478 5827 10.
3585 5770 3637 5803 ³⁸
3663 5767 3840 5825 ιῦοτ.
