4296 6288
341 339 441 394 2111

1552 343 1921 400 EXCERPTA
1961 345 2418 405 PROCOPIANA.

3494 356 3601 413 202

343 455 407 508 δὲ
435 456 856 530 ἀπορρητότερα
877 458 954 521 εἰς
977 456 1044 511 τὰ
1068 460 1287 531 ταμιεῖα
1316 460 1412 531 τῆς
1440 460 1804 534 συλλαϐούσης
1827 461 1937 533 τὴν
1954 465 2002 525 Α
2032 480 2039 517 ι

1901 480 1937 515 ν’
1954 465 2002 525 Α
2032 479 2118 519 res
2151 464 2313 521 Verbi
2347 448 2866 538 contemplationes:
2916 482 3039 539 quae
3070 483 3197 525 vero
3229 478 3357 527 sunt
3382 470 3597 528 abstru-

349 546 592 617 νύμφην.
622 549 686 600 Ἦ
718 548 855 620 αὐτὴ
880 548 935 601 δὲ
966 550 1148 621 μήτηρ
1168 550 1262 603 καὶ
1288 550 1623 605 συλλαϐοῦσα
1650 551 1923 621 δηλοῦται,

349 639 443 696 διὰ
464 639 523 693 τὸ
550 641 609 692 ὲν
629 642 695 711 τῇ
724 639 979 711 συλλήψει
1019 640 1118 711 τὴν
1165 640 1340 712 ἀρχὴν
1385 642 1485 711 τῆς
1511 641 1826 707 συστάσεως
1850 640 1925 695 εἷ-

353 749 464 786 ναι·
498 733 685 803 μήτηρ
714 731 771 784 δὲ
822 730 1088 802 λεγομένη
1137 733 1274 803 μετὰ
1324 733 1425 803 τὴν
1486 732 1786 805 μόρφωσιν,
1832 734 1926 786 καὶ

350 823 454 896 τὴν
477 822 571 877 τοῦ
608 821 1001 893 συλληφθέντος
1019 821 1315 877 τελείωσιν.

432 916 529 982 Τίς
552 914 710 982 αὕτη
743 915 781 982 ἡ
808 913 1248 979 ἀναϐαίνουσα;
1273 914 1428 985 Καλὴ
1457 914 1576 967 λίαν
1628 914 1662 984 ἡ
1695 911 1922 966 ἀναϐαί-

349 1021 521 1058 νουσα
554 1002 653 1074 βίῳ
701 1003 795 1056 καὶ
840 1002 982 1073 λόγῳ
1010 1002 1177 1075 ψυχή’
1215 1003 1460 1073 φυγοῦσα
1489 1002 1557 1057 τὰ
1609 1001 1764 1074 παρὰ
1811 1006 1924 1068 τοῖς

352 1096 568 1159 πολλοῖς
592 1095 988 1166 ἁμαρτήματα,
1013 1094 1201 1166 ὥσπερ
1234 1096 1302 1161 ἐξ
1324 1092 1546 1164 ἐρήμου
1559 1094 1773 1165 λέγεται
1793 1098 1925 1152 ἀνα-

351 1189 583 1243 ϐαίνειν.
608 1188 681 1241 Τὸ
699 1187 756 1242 δὲ
781 1187 874 1242 τὸν
913 1188 1119 1243 δίκαιον
1155 1186 1290 1245 εἶναι
1336 1189 1573 1262 Χριστοῦ
1596 1191 1823 1245 εὐωδίαν
1864 1192 1923 1244 ὲν

352 1281 518 1334 παντὶ
546 1280 696 1351 τόπῳ
734 1281 846 1345 τοῖς
887 1278 1233 1351 σωζομένοις,
1282 1282 1654 1354 τεθυμιαμένη
1701 1284 1920 1337 νοεῖται.

351 1370 757 1443 Παραπλησίως
805 1369 915 1442 γὰρ
982 1369 1162 1442 ἔχουσι
1224 1372 1430 1426 καπνὸν
1480 1371 1609 1442 ἡδὺν
1674 1371 1923 1442 ἀναπέμι

349 1481 548 1519 πουσιν
570 1464 929 1534 εὐφραίνοντα
948 1462 1046 1528 τὰς
1065 1464 1173 1518 τῶν
1196 1465 1609 1537 μακαριζόντων
1619 1463 1916 1526 ἀναπνοὰς.

2033 553 2176 608 siora
2211 571 2391 622 sensa,
2420 556 2472 609 in
2500 558 2619 625 ejus
2642 558 2907 612 inducunt
2944 558 3253 615 cubiculum
3279 576 3402 632 qua:
3431 578 3597 633 spon—

2033 658 2151 697 sam
2188 647 2454 715 concepit.
2514 647 2717 702 Eadem
2766 656 2951 703 autem
2994 659 3169 705 mater
3218 654 3595 712 ostendituret

2028 752 2151 805 quze
2185 738 2457 808 concepit,
2488 739 2617 809 quia
2667 740 2723 794 in
2766 743 3124 812 conceptione
3162 745 3375 801 initium
3410 750 3596 805 subsi«

2027 829 2238 884 stentiae
2267 839 2369 884 est.
2402 830 2573 886 Mater
2617 847 2747 888 vero
2780 843 3126 903 nuncupatur
3151 844 3275 906 post
3320 836 3597 894 formatio-

2028 931 2174 978 nem.
2203 926 2259 973 et
2279 929 2553 990 conceptae
2581 921 2658 975 rei
2687 920 3098 991 perfectionem.

2104 1007 2259 1065 Ve'rs.
2293 1010 2346 1066 6.
2383 1009 2517 1076 Quae
2553 1022 2629 1067 est
2657 1013 2764 1067 ista
2799 1030 2917 1084 qua:
2973 1015 3442 1073 ascendit?Valde
3480 1019 3600 1089 pul-

2027 1099 2158 1154 chra
2186 1100 2299 1172 96
2326 1110 2409 1157 est
2465 1102 2646 1157 anima
2684 1119 2805 1173 quae
2854 1107 2964 1159 vita
3007 1114 3064 1160 et
3089 1106 3302 1161 ratione
3331 1109 3597 1171 ascendit.

2028 1200 2248 1257 peccata
2300 1190 2498 1255 vitans,
2552 1191 2753 1261 quibus
2802 1191 3044 1263 plerique
3084 1194 3333 1250 homines
3374 1196 3597 1251 obnoxii

2026 1288 2175 1334 sunt.
2211 1280 2418 1336 Dicitur
2438 1292 2619 1337 autem
2643 1283 2939 1339 ascendere
2964 1301 2993 1338 e
3015 1285 3240 1339 deserto.
3270 1284 3426 1352 Quod
3464 1302 3597 1341 vero

2023 1370 2227 1440 justus,
2277 1372 2482 1429 Christi
2516 1375 2695 1429 bonus
2746 1375 2884 1430 odor
2915 1376 2987 1430 sit
3035 1377 3185 1430 omni
3233 1377 3354 1434 loco
3409 1378 3476 1433 iis
3502 1380 3594 1449 qui

2026 1462 2159 1516 salvi
2190 1462 2327 1517 ﬁunt
2347 1464 2413 1531 κ’,
2441 1464 2619 1520 sullitu
2652 1465 2831 1520 alllata
2866 1466 3203 1538 intelligitur.
3223 1467 3420 1524 Eadem
3448 1471 3593 1524 enim

348 1571 492 1627 pene
540 1556 751 1611 ratione
798 1570 857 1610 se
901 1555 1120 1623 habent,
1164 1570 1230 1611 ac
1279 1556 1327 1611 si
1382 1571 1602 1613 suavem
1636 1554 1772 1610 fumi
1800 1566 2054 1624 vaporem
2084 1552 2410 1620 emitterent,
2466 1571 2656 1611 eorum
2710 1557 2802 1627 qui
2852 1555 2993 1611 beati
3036 1556 3422 1627 praedicantur,
3455 1560 3594 1615 olla-

346 1660 503 1705 ctum
542 1654 898 1704 recreantcm.

991 1740 1149 1794 ΚΕΦ.
1193 1742 1264 1797 A'.

2655 1733 2808 1789 CAP.
2867 1733 2956 1791 IV.

424 1831 679 1887 Ἀπασαι
722 1830 1170 1901 διδυμεύουσαι.
1217 1830 1318 1886 Διὰ
1358 1832 1418 1886 τὸ
1458 1833 1633 1887 διττὸν
1668 1832 1771 1905 τῆς
1797 1833 1921 1904 νοή-
1950 1808 1991 1867 Β
2100 1828 2120 1882 l

1895 1864 1921 1874 -
1950 1808 1991 1867 Β
2100 1828 2248 1883 Vers.
2309 1827 2364 1879 2.
2406 1825 2597 1881 Omnes
2625 1825 2868 1896 gemellos
2919 1825 3127 1880 edentes
3190 1827 3349 1897 fetus.
3376 1827 3459 1885 Ob
3487 1832 3589 1886 «lu-

348 1940 511 1988 σεως,
538 1923 636 1994 τῆς
664 1939 722 1976 τε
754 1922 926 1994 ῥητῆς
950 1921 1167 1992 καὶτῆς
1191 1923 1585 1993 πνευματικῆς.

434 2103 529 2170 Ὡς
586 2090 880 2172 σπαρτίον
921 2104 1206 2159 κόκκινον
1270 2104 1442 2174 χείλη
1500 2116 1637 2159 σου.
1697 2103 1918 2174 Ἥγουνο

345 2199 537 2251 Ἔστω
561 2195 649 2249 διὰ
694 2196 864 2267 πυρὸς
889 2198 922 2267 ἡ
952 2196 1044 2250 τοῦ
1073 2196 1235 2265 λόγου
1278 2195 1620 2268 παρασκευὴ,
1671 2196 1748 2260 ὡς
1798 2214 1926 2268 κερ-

344 2289 512 2359 δῆσαι
548 2287 640 2341 τὸν
680 2287 954 2360 ἀκροατὴν
1004 2286 1299 2358 δυναμένη.
1334 2288 1407 2342 Ἦ
1457 2288 1552 2342 καὶ
1601 2288 1662 2342 τὸ
1706 2288 1924 2359 ἔναιμον

344 2380 446 2434 καὶ
474 2377 703 2443 ζωτικὸν
745 2377 895 2449 δηλοῖ
939 2378 1047 2432 τῶν
1075 2378 1163 2432 διὰ
1189 2378 1281 2432 τοῦ
1314 2378 1525 2450 χείλους
1560 2378 1807 2446 ἐξιόντων
1834 2382 1926 2452 ρη-

347 2465 567 2539 μάτων,
584 2468 744 2521 οἱονεὶ
789 2467 1142 2539 βαπτομένων
1173 2469 1234 2523 ἐν
1274 2471 1339 2541 τῇ
1394 2468 1619 2542 ἀληθινῇ
1643 2469 1798 2524 πύσει
1829 2469 1922 2526 τοῦ

345 2561 584 2631 αἳματος
612 2558 868 2632 Χριστοῦ.

431 2650 633 2718 Ἐκτὸς
658 2649 769 2719 τῆς
797 2649 1151 2718 σιωπήσεώς
1185 2665 1321 2706 σου.
1357 2651 1689 2724 Προστίθησι
1717 2653 1795 2725 τῷ
1824 2653 1923 2725 τῆς

347 2741 706 2814 σωφροσύνης
731 2742 939 2813 ἐπαίνῳ
989 2742 1080 2795 τὸν
1114 2741 1222 2796 ἀπὸ
1244 2743 1343 2814 τῆς
1368 2744 1600 2815 σιωπῆς,
1623 2744 1923 2814 ἐπισταμέ-

348 2852 447 2905 νης
471 2833 575 2902 τῆς
605 2830 823 2903 νύμφης
854 2832 1078 2902 καιροὺς
1120 2831 1309 2896 λαλιᾶς
1329 2834 1537 2905 ὡραίας
1563 2835 1658 2889 καὶ
1681 2836 1925 2889 ἐπαινου-

350 2925 518 2995 μένης
550 2924 731 2993 σιγῆς.
775 2922 886 2976 Καὶ
935 2922 1058 2975 ἐπεὶ
1106 2920 1324 2987 πιστὸς
1344 2921 1503 2991 πνοῇ
1522 2926 1764 2994 κρύπτει
1784 2921 1925 2992 πρά-

354 3031 567 3085 πιατα,
589 3013 686 3068 καὶ
707 3013 741 3083 ἡ
782 3011 966 3084 νύμφη
1004 3014 1062 3067 ἐν
1088 3012 1166 3084 τῷ
1195 3012 1348 3083 βάθει
1375 3013 1603 3084 κρύπτει
1621 3014 1691 3068 τὰ
1715 3015 1922 3086 θεωρή-

351 3121 515 3174 ματα,
554 3103 686 3167 τοὺς
706 3103 872 3157 οἱονεὶ
917 3102 1149 3168 κόκκους
1179 3104 1278 3175 τῆς
1304 3106 1453 3176 ροἄςσ
1484 3105 1713 3161 ἕκαστον
1759 3107 1819 3159 ὲν
1840 3103 1919 3176 τῷ
1943 3145 1986 3204 C

351 3193 465 3265 ἰδίῳ
494 3196 735 3265 τάγματι
778 3195 1357 3267 σεσωματοποιημένον
1387 3198 1445 3251 ὲν
1484 3195 1562 3267 τῷ
1584 3196 1912 3269 ἠγεμονικῷο

347 3282 426 3335 διὸ
455 3285 752 3354 ἐπήγαγεν·
794 3284 997 3351 Ἐκτὸς
1029 3284 1139 3353 τῆς
1169 3286 1520 3354 σιωπήσεώς
1557 3304 1693 3355 σου,
1743 3288 1917 3360 δηλῶν

346 3374 417 3426 τὰ
436 3372 769 3444 σιωπώμενα
792 3374 1057 3446 δόγματα,
1081 3375 1157 3440 ὡς
1193 3376 1424 3442 κόκκους
1457 3380 1586 3449 ῥοᾶς
1612 3378 1716 3434 ὐπὸ
1745 3379 1807 3433 τὸ
1830 3378 1918 3434 λέ-

349 3477 523 3531 πυρον
545 3461 734 3531 αὐτῆς.

428 3549 483 3603 '0
543 3550 1004 3622 ᾠκοδομημένος
1056 3556 1144 3621 εἰς
1201 3557 1497 3612 eamea.
1553 3557 1782 3623 Ἀκύλας
1832 3558 1914 3625 τδ,

346 3638 641 3705 suam,
675 3640 957 3708 ἐπάλξεις
979 3644 1291 3699 ἐκδέδωκεν⁸
1316 3648 1345 3699 ὁ
1374 3646 1431 3700 δὲ
1450 3646 1759 3719 Σύμμαχος,
1769 3648 1912 3718 ὕψη·

341 3722 387 3798 ᾧ
430 3730 714 3784 ἀκολουθεῖ
761 3731 852 3786 τὸν
911 3733 1051 3805 ὐπὲρ
1093 3734 1191 3799 τὰς
1237 3736 1491 3805 ἐπάλξεις
1543 3738 1752 3810 πύργον
1777 3735 1914 3793 εἶναι

340 3820 445 3891 τὴν
487 3820 702 3890 σοφίαν,
758 3817 827 3894 ἧς
881 3825 1084 3894 ὁμοίιος
1137 3826 1399 3898 ἤρτηνται
1458 3830 1658 3898 θυρεοὶ
1701 3830 1798 3902 μὲν
1846 3831 1915 3885 τὰ

344 3913 755 3983 πεπιστευμένα
784 3915 1049 3985 δόγματα,
1092 3918 1236 3990 ἅπερ
1273 3914 1425 3973 εἶπεν
1461 3921 1655 3986 ἑνικῶς
1698 3923 1727 3974 ὁ
1760 3923 1917 3978 Ἀπό-

345 4005 556 4071 στολος,
586 4005 801 4074 θυρεὸν
828 4008 1105 4075 πίστεως·
1130 4010 1380 4076 βολίὸες
1402 4013 1459 4065 δὲ
1478 4012 1594 4066 τῶν
1620 4014 1912 4080 δυνατῶν,

341 4097 394 4149 οἱ
441 4095 680 4160 δυνατῶς
726 4097 1122 4169 ἀνατρέποντες
1154 4099 1301 4167 λόγοι
1351 4101 1458 4153 τῶν
1507 4104 1763 4156 ἐναντίων
1817 4104 1917 4173 τῆς

342 4185 603 4256 ἀληθείας
649 4186 745 4258 τὴν
791 4186 1141 4259 πιθανότητα.
1188 4189 1333 4243 Ἀντὶ
1392 4189 1449 4242 δὲ
1492 4189 1586 4243 τοῦ
1612 4186 1915 4257 ἐπάλξεις,

343 4275 597 4344 ἐντολὰς
614 4277 907 4331 ἐκδέδωκεν
938 4279 972 4350 ἡ
998 4279 1223 4351 πέμπτη
1244 4279 1471 4347 ἐκδοσις,
1501 4281 1592 4336 τὸν
1629 4282 1753 4338 νοῦν
1785 4283 1919 4356 μᾶλ-

345 4364 497 4436 λονῆ
544 4364 643 4436 τὴν
675 4366 818 4433 λέξιν
853 4367 1250 4440 έρμηνεύουσα.
1295 4369 1387 4441 Μὴ
1433 4374 1918 4444 προαποκειμένων

2021 1920 2214 1990 plicem
2249 1917 2495 1973 videlicet
2543 1916 2975 1986 intelligentiam,
3022 1918 3305 1973 litteralem
3343 1929 3398 1975 et
3432 1922 3594 1991 spiri-

2022 2009 2205 2063 talem.

2094 2098 2252 2153 Vers.
2310 2097 2366 2153 3.
2425 2095 2578 2152 Sicut
2627 2095 2898 2165 funiculus
2953 2096 3224 2151 coccineus
3270 2098 3416 2154 labia
3476 2109 3588 2156 tua.

2022 2188 2193 2255 Quasi
2228 2188 2414 2243 dicat:
2448 2189 2533 2245 Sit
2562 2184 2832 2240 sermonis
2868 2192 3143 2240 structura
3189 2186 3299 2257 igni
3338 2202 3588 2253 accensa,

2024 2290 2081 2334 ut
2107 2277 2411 2333 auditorem
2439 2276 2612 2347 possit
2648 2274 2872 2330 lucrari.
2901 2273 2996 2329 Vel
3043 2275 3205 2330 etiam
3237 2277 3346 2333 vim
3377 2281 3594 2350 sangui-

2023 2384 2181 2424 neam
2212 2376 2377 2438 atque
2404 2368 2619 2422 vitalem
2683 2365 2957 2437 signiﬁcat
2984 2367 3276 2423 verborum
3307 2384 3375 2424 ex
3433 2370 3592 2427 labiis

2023 2458 2460 2530 procedentium,
2485 2472 2609 2527 quae
2644 2456 2810 2512 veluti
2852 2456 3018 2512 tincta
3049 2466 3179 2512 sunt
3225 2459 3280 2514 in
3307 2475 3437 2516 vero
3465 2478 3585 2518 san-

2023 2550 2205 2621 guinis
2234 2549 2435 2604 Christi
2466 2557 2618 2618 potu.

2094 2638 2265 2694 Extra
2287 2638 2705 2693 taciturnitatem
2739 2646 2906 2692 tuam.
2939 2636 3019 2692 Ad
3058 2638 3324 2695 castitatis
3353 2639 3590 2709 laudem,

2022 2732 2174 2788 addit
2196 2746 2316 2787 eam
2350 2747 2473 2802 quae
2517 2746 2584 2786 ex
2617 2731 2835 2786 silentio
2884 2729 3082 2796 oritur,
3135 2731 3279 2802 quod
3338 2733 3592 2790 videlicet

2022 2834 2224 2891 sponsa
2254 2828 2467 2889 tempus
2489 2818 2665 2874 festivi
2697 2818 2965 2875 sermonis
3015 2832 3080 2874 ac
3121 2818 3408 2877 laudabilis
3433 2823 3593 2877 silen-

2022 2912 2079 2967 tii
2111 2909 2339 2965 noverit.
2370 2911 2437 2963 Et
2454 2908 2711 2981 quoniam
2735 2909 2908 2978 ﬁdelis
2934 2911 3069 2980 ﬂatu
3101 2912 3371 2965 abscondit
3407 2929 3486 2967 res
3518 2914 3588 2978 ⁸⁸,

2021 3001 2183 3056 etiam
2214 3014 2414 3069 sponsa
2449 2999 2506 3053 in
2556 2998 2827 3069 profundo
2856 3000 3144 3056 abscondit
3174 3005 3591 3073 contemplatio-

2024 3108 2143 3157 nes,
2168 3106 2290 3163 quae
2319 3090 2429 3146 sint
2454 3090 2620 3146 veluti
2644 3105 2811 3160 grana
2840 3090 2967 3145 mali
2995 3089 3176 3161 punici
3203 3109 3218 3145 :
3244 3094 3591 3162 unumquod-

2019 3199 2126 3256 que
2152 3198 2254 3240 suo
2285 3184 2476 3240 ordine
2503 3182 2557 3236 in
2607 3197 2778 3236 unum
2802 3196 3002 3252 corpus
3039 3182 3314 3239 redactum
3349 3183 3402 3238 in
3436 3200 3577 3239 men-

2021 3277 2095 3333 tis
2152 3291 2299 3333 arce.
2353 3274 2557 3331 Idcirco
2603 3273 2910 3344 subiunxit,
2956 3282 3108 3328 extra
3165 3275 3585 3330 taciturnitatem

2020 3377 2188 3435 tuam,
2217 3368 2531 3439 signiﬁcans
2559 3381 2622 3421 ea
2642 3365 2916 3437 dogmata,
2940 3381 3062 3436 quae
3086 3366 3303 3422 silentio
3330 3382 3588 3437 premun-

2021 3465 2128 3521 tur,
2159 3458 2306 3512 velut
2336 3472 2504 3527 grana
2528 3455 2654 3510 mali
2684 3455 2866 3525 punici
2894 3455 3173 3526 adoperta.

2089 3548 2250 3604 Vers.
2278 3549 2333 3603 4.
2374 3547 2505 3614 Quae
2534 3547 2804 3611 wdiﬁcata
2844 3557 2919 3601 est
2957 3549 3011 3601 in
3066 3546 3365 3610 Tltalpiotlt.
3393 3547 3587 3616 Aquila

2016 3653 2203 3695 vocem
2263 3638 2564 3709 Tltalpioth,
2618 3637 3011 3709 propugnacula
3046 3636 3431 3706 interpretatus
3466 3647 3585 3706 est;

2019 3729 2379 3803 Symmachus
2426 3744 2598 3794 vero,
2658 3729 2990 3782 altitudines.
3051 3726 3187 3781 llinc
3232 3729 3587 3796 consequitur

2017 3823 2209 3879 turrim
2250 3837 2414 3893 super
2440 3821 2843 3891 propugnacula
2867 3819 3210 3883 aediﬁcatam,
3238 3830 3359 3870 esse
3379 3817 3595 3886 sapien-

2018 3916 2170 3978 tiam,
2205 3929 2270 3969 cx
2301 3929 2407 3984 qua
2441 3912 2646 3983 pariter
2694 3911 2949 3981 pendent,
2988 3908 3156 3977 clypei
3196 3908 3437 3979 quidem,
3467 3925 3586 3965 cre-

2016 4002 2131 4058 dita
2162 4002 2412 4057 videlicet
2437 4002 2711 4071 dogmata,
2750 4014 2873 4070 quae
2920 3999 3213 4068 Apostolus
3235 3999 3586 4069 singulariter

2016 4103 2225 4149 scutum
2264 4093 2388 4161 ﬁdei
2418 4090 2706 4160 appellavit
2753 4091 2837 4156 9‘;
2885 4089 3070 4157 jacula
3101 4104 3229 4144 vero
3275 4091 3584 4158 potentium,

2020 4187 2057 4241 ii
2083 4185 2342 4239 nimirum
2377 4196 2656 4238 sermones
2677 4181 2768 4252 qui
2797 4181 3197 4236 adversantium
3234 4181 3447 4236 veritati
3479 4198 3588 4237 ser-

2017 4291 2242 4332 monum
2270 4272 2703 4344 probabilitatem
2753 4280 3001 4342 potenter
3027 4280 3296 4327 evertunt.
3329 4270 3434 4327 Pro
3460 4289 3587 4343 pro-

2016 4368 2315 4440 pugnacula
2340 4367 2526 4438 quinta
2578 4365 2746 4421 editio
2781 4364 3011 4421 reddidit
3061 4365 3334 4428 mandata,
3364 4380 3585 4420 sensum

348 4454 453 4526 γὰρ
481 4456 730 4525 ἐντολῶν,
753 4459 1168 4531 οἰκοδομηθῆναι
1220 4460 1319 4534 τὴν
1355 4462 1525 4536 ψευδῆ
1564 4464 1764 4533 γνῶσιν
1795 4465 1916 4520 ἁδύ·
1946 4466 1989 4521 D
2019 4478 2044 4533 [1

1890 4490 1916 4511 ν-
1946 4466 1989 4521 D
2019 4463 2198 4533 potius
2215 4476 2376 4532 quam
2408 4458 2702 4515 dictionem
2730 4459 3101 4529 interpretata.
3131 4455 3241 4512 Nisi
3262 4458 3408 4511 enim
3436 4457 3586 4527 prius

348 4563 522 4601 νατον.

419 4728 526 4782 Δὺο
552 4729 777 4797 μαστοί
806 4745 935 4807 σουι
970 4733 1052 4799 ὡς
1077 4732 1185 4787 δύο
1219 4736 1435 4804 νεϐροί.
1475 4735 1549 4789 Τὸ
1587 4736 1910 4810 ἡγεμονικὸν

348 4818 422 4881 ὡς
465 4821 558 4874 ἐπὶ
590 4821 807 4894 νύμφης
848 4824 1060 4892 μαστοί·
1092 4825 1227 4898 ὅπερ
1257 4828 1405 4881 ἐστὶν
1435 4827 1907 4898 ὀξυδερκέστατον.

347 4913 544 4984 Διόπερ
577 4914 765 4968 εἴκασε
790 4915 884 4969 δύο
931 4917 1140 4989 νεϐροίς
1183 4918 1441 4991 δορκάδος
1492 4921 1812 4992 νεμομένοις
1853 4922 1913 4974 ὲν

346 5003 565 5075 ὡραίοις
590 4999 777 5070 τόποις
819 5007 913 5060 καὶ
938 5007 1182 5074 εὐώδεσι,
1230 5011 1510 5081 σημαίνων
1550 5011 1621 5065 τά
1665 5029 1724 5065 τε
1745 5011 1912 5084 νοητὰ

348 5094 438 5147 καὶ
478 5096 731 5166 αἰσθητά.
784 5098 1029 5169 Νεῦρυύς
1072 5097 1151 5164 δὲ,
1190 5100 1378 5173 ἐπειδὴ
1430 5101 1526 5155 νῦν
1574 5101 1643 5154 ἐκ
1688 5102 1912 5171 μέρους

346 5181 731 5253 ττνόωκομεν,
765 5186 891 5240 ὅταν
943 5188 999 5241 δὲ
1045 5188 1107 5241 τὸ
1147 5188 1299 5252 τέλος
1331 5190 1479 5262 ἔλθῃ,
1528 5190 1909 5263 καταργοῦμεν

345 5272 444 5343 τὴν
482 5276 800 5347 νηπιότητα·
851 5278 979 5331 ὅταν
1006 5280 1034 5331 ό
1074 5277 1290 5332 καύσων
1324 5279 1418 5332 τοῦ
1481 5283 1741 5353 παρόντος
1793 5282 1910 5352 βίου

342 5364 641 5436 παύσηται,
672 5368 768 5420 καὶ
823 5368 1012 5440 καιρὸς
1038 5370 1135 5440 τῆς
1177 5368 1493 5439 ἀναψύξεως
1525 5374 1742 5444 ἐπιστῇ,
1788 5371 1911 5425 λυο-

344 5458 515 5531 μένης
543 5460 635 5513 καὶ
661 5461 761 5532 τῆς
789 5463 977 5525 σκιᾶς·
1008 5462 1135 5517 σκιὰ
1163 5463 1270 5535 γάρ
1305 5463 1453 5518 ἐστιν
1494 5466 1523 5518 ό
1556 5463 1745 5536 παρὼν
1773 5464 1907 5534 βίος.

2016 4553 2251 4625 reposita
2311 4551 2565 4606 mandata
2624 4551 2754 4620 sint,
2812 4550 2930 4606 ﬁeri
2964 4564 3072 4603 non
3122 4558 3302 4625 potest
3352 4556 3413 4604 ut
3458 4565 3584 4605 vera

2018 4647 2240 4703 scientia
2273 4653 2600 4701 exstruatur.
3263 4623 3283 4641 “

2088 4736 2244 4793 Vere.
2274 4737 2328 4792 5.
2382 4736 2498 4790 Duo
2530 4735 2687 4789 ubera
2750 4742 2843 4787 tua
2886 4734 3023 4787 sicut
3048 4732 3152 4785 duo
3179 4732 3409 4790 Ilinnuli.
3436 4732 3587 4790 Mens

2016 4839 2100 4885 est
2126 4827 2582 4898 quemadmodum
2640 4826 2694 4880 in
2753 4840 2954 4894 sponsa
3019 4824 3236 4880 ubera:
3299 4826 3352 4879 id
3388 4837 3473 4882 est
3500 4829 3582 4884 vis

2018 4918 2504 4991 perspicaeissima.
2531 4916 2737 4971 Idcirco
2758 4915 3079 4970 assimilavit
3103 4916 3317 4971 duobus
3344 4916 3585 4972 hinnnlis

2017 5023 2246 5078 capreae,
2279 5007 2371 5077 qui
2404 5012 2697 5076 pascantur
2730 5005 2784 5057 in
2812 5004 2945 5060 locis
2973 5003 3180 5058 lloritlis
3214 5013 3270 5058 et
3312 5003 3588 5058 suavefra-

2016 5099 2319 5171 grantibus,
2372 5096 2685 5169 signiﬁcans
2720 5105 2831 5150 tum
2886 5110 2950 5150 ea
2991 5110 3113 5164 qua:
3158 5104 3340 5149 mente
3391 5095 3587 5149 intelli-

2017 5201 2238 5263 guntur,
2260 5200 2372 5245 tum
2404 5204 2525 5258 qute
2553 5203 2717 5244 sensu
2745 5187 3139 5257 percipiuntur.
3162 5185 3430 5240 Ilinnulos
3456 5200 3587 5239 vero

2016 5284 2322 5355 appellavit,
2353 5281 2480 5352 quia
2505 5294 2650 5334 nunc
2693 5295 2758 5334 ex
2785 5289 2936 5349 parte
2975 5279 3333 5346 cognoscimus
3362 5278 3430 5330 θ’.
3448 5276 3584 5330 Cum

2017 5378 2199 5427 autem
2232 5371 2356 5426 linis
2386 5369 2616 5435 venerit,
2649 5376 2781 5424 tunc
2826 5366 3114 5423 infantiam
3155 5364 3541 5422 evacuabimus
3566 5404 3584 5422 .

2017 5463 2238 5534 quando
2268 5463 2391 5518 vitae
2415 5461 2698 5531 praesentis
2727 5470 2893 5518 aestus
2922 5458 3243 5527 cessaverit,
3268 5472 3332 5512 ac
3361 5456 3581 5528 refl-iga.

418 5737 454 5770 ⁸⁵
478 5737 529 5793 ll
560 5738 683 5796 Cor.
708 5757 769 5797 tt.
806 5743 892 5797 15.
967 5745 1011 5776 ’θ
1042 5743 1203 5825 Prov.
1232 5761 1307 5808 xl,
1342 5745 1429 5801 13.
1503 5745 1547 5778 ⁹¹
1586 5741 1786 5814 Ephes.
1816 5754 1891 5808 Vl,
1924 5741 2012 5798 16.
2086 5743 2114 5775 "

861 5743 892 5796 ἱ.
967 5745 1011 5776 ⁸ο
1042 5743 1203 5825 Prov.
1232 5761 1307 5808 ιιι,
1342 5745 1429 5801 15.
1503 5745 1547 5778 ⁹¹
1586 5741 1786 5814 Ephes.
1816 5754 1891 5808 vr,
1924 5741 2012 5798 16.
2086 5743 2132 5777 "
2157 5743 2177 5799 Ι
2205 5741 2330 5799 Cor.
2367 5756 2484 5808 xm,
2507 5742 2557 5797 9.

661 5834 933 5895 ΡΔτιιοι.
976 5835 1094 5896 Gn.
1139 5834 1316 5901 Xlll.
