4296 6288
498 348 608 406 205

1698 348 2009 408 EXCERPT
2022 350 2065 403 Α
2107 346 2563 404 PROCOPIANA.

3635 356 3742 412 2θὸ

498 466 921 538 πεφυτευμένον.
994 469 1189 540 Ἡμεῖς
1236 467 1292 522 δὲ
1354 468 1579 541 δένδρα,
1644 467 1803 539 εἴπερ
1850 466 1913 538 δὴ
1984 464 2194 522 καὶΑι

2042 464 2077 518 ιὶ
2104 466 2150 522 Α
2181 462 2410 517 arbores
2439 474 2653 526 sumus,
2683 458 2729 515 si
2756 461 2920 516 modo
2944 461 3105 516 etiam
3129 460 3306 518 cibum
3334 463 3404 531 ei,
3434 464 3738 525 animarum

498 558 660 630 ἡμεῖς
690 558 738 610 οἱ
765 558 863 630 τὴν
891 561 1099 632 τροφὴν
1122 560 1274 631 αὐτῷ
1301 560 1665 631 προτιθέντες,
1698 560 1798 632 τὴν
1827 558 1935 611 τῶν
1966 556 2070 626 ψυ-

497 646 612 717 χῶν
633 644 793 718 ἡμῶν
821 648 1115 719 σωτηρίαν,
1143 648 1285 703 κατὰ
1304 648 1366 702 τό
1383 666 1398 679 σ
1444 649 1618 717 Ἐμὸν
1644 648 1854 718 ,βρῶμά
1878 648 2068 711 ἐστιν,

504 736 602 793 ἵνα
633 735 782 791 ποιῶ
815 738 881 793 τὸ
921 736 1148 808 θέλημα
1188 740 1293 795 τοῦ
1328 742 1557 807 Πατρός
1576 757 1715 809 μου.
1751 738 1976 812 Καρπὸς
2013 738 2071 791 δὲ

495 832 658 904 ἡμῶν
695 835 730 903 ἠ
766 832 1099 904 προαίρεσις.
1134 832 1290 886 Ἐπεὶ
1325 833 1382 887 δὲ
1410 834 1509 887 οὐκ
1540 832 1684 887 ἔστιν
1727 834 1875 903 ἡμᾶς
1898 832 2071 896 ἄλλως

494 924 876 996 ἀναληφθῆναι
905 925 1041 997 πρὸς
1071 927 1162 979 τὸν
1198 924 1475 995 Ὕψιστον,
1511 927 1558 979 εξ
1590 927 1664 996 μὴ
1691 926 1825 997 πρὸς
1849 925 1910 977 τὸ
1941 924 2072 995 χθα-

500 1013 814 1087 μαλώτερον
842 1014 1143 1085 ὲπικλιθείη
1184 1020 1217 1070 d
1254 1016 1692 1086 ἀναλαμϐάνων
1722 1014 1928 1084 πραεῖς
1959 1017 2071 1068 Κύ-

488 1120 646 1173 ριος,
691 1104 958 1167 εὐκτικῶς
996 1105 1057 1158 τό
1077 1121 1092 1135 ·
1127 1105 1447 1172 Καταόήτω
1470 1145 1485 1170 ,
1534 1105 1723 1176 φησὶν,
1770 1104 2071 1158 ἐπιδεικνυ-

499 1194 643 1266 μένη
705 1194 785 1266 τῷ
845 1194 964 1265 Θεῷ
1023 1194 1134 1251 τῶν
1189 1196 1289 1267 τῆς
1345 1195 1551 1267 ἀρετῆς
1603 1190 1918 1266 ἀκροδρύων
1971 1192 2070 1264 τὴν

493 1284 778 1358 εὐφορίαν.

574 1376 850 1440 Ἀνοιξόν
873 1394 996 1446 μοι.
1042 1374 1275 1444 ἀδελφή
1311 1390 1453 1444 μου.
1516 1369 1854 1444 ’Δναγκαίως
1902 1375 1936 1442 ἡ
1976 1372 2069 1426 τοῦ

489 1485 594 1538 μοι
636 1466 915 1540 προσθήκη
952 1468 1047 1523 τοῦ
1082 1466 1344 1534 ἄνοιξον.
1375 1469 1530 1522 Ἔστι
1563 1467 1674 1538 γὰρ
1702 1466 1797 1520 καὶ
1836 1466 2071 1518 ἀντικει-

499 1558 688 1629 μέναις
723 1558 1013 1631 δυνάμεσιν
1056 1561 1280 1627 ἀνοῖξαι.
1328 1563 1416 1625 Ὠς
1456 1561 1584 1632 περὶ
1622 1556 1859 1630 όχληρᾶς
1882 1556 1939 1610 δὲ
1970 1556 2069 1625 τῆς

495 1651 690 1721 δρόσου
712 1651 889 1721 λέγειν
914 1653 1080 1718 δοκεῖ,
1106 1654 1182 1717 ὡς
1207 1654 1300 1708 καὶ
1330 1652 1458 1725 περὶ
1488 1652 1594 1707 τῶν
1622 1653 1721 1722 τῆς
1752 1648 1944 1711 νυκτὸς
1969 1646 2068 1716 ψε-

491 1741 670 1796 κάδων
689 1756 702 1775 ·
736 1744 1053 1820 ἀνάπαυλαν
1072 1745 1184 1817 γὰρ
1210 1745 1383 1799 ἔοικεν
1410 1745 1517 1799 ἀπὸ
1541 1745 1748 1798 τούτων
1771 1740 2066 1810 ἐπιζητεῖν.

2174 562 2483 608 nostrarum
2541 555 2773 609 salutem
2806 593 2820 617 ,
2881 569 3219 625 apponamus
3254 596 3270 621 ,
3322 552 3475 625 juxta
3526 557 3660 614 illud
3724 578 3738 614 :

2176 643 2328 699 Meus
2373 646 2518 698 cibus
2550 654 2626 700 est
2666 652 2726 699 ut
2758 645 2958 715 faciam
2987 646 3305 700 voluntatem
3342 647 3522 703 Patris
3552 652 3654 704 mei
3671 651 3740 708 ⁸⁸.

2173 736 2408 793 Fructus
2443 746 2627 792 autem
2667 748 2853 794 noster
2879 738 3133 793 voluntas
3159 743 3263 793 est.
3296 736 3436 803 Quia
3463 754 3593 796 vero
3624 739 3741 798 ﬁeri

2171 842 2280 881 non
2310 827 2423 898 98
2450 835 2646 898 potest,
2683 835 2739 885 ut
2780 845 2879 885 nos
2912 828 3070 886 aliter
3099 828 3168 884 ad
3201 828 3544 886 Altissimum
3582 846 3742 889 assu-

2173 930 2389 970 mamur
2425 929 2589 986 quam
2637 918 2682 972 si
2736 917 2803 973 ad
2848 916 3196 972 humiliorem
3230 922 3436 971 statum
3469 918 3617 986 ipse,
3652 916 3742 987 qui

2171 1015 2473 1062 mansuetos
2516 1008 2757 1077 suscipit,
2809 1008 3066 1061 Dominus
3124 1007 3414 1062 inclinetur
3433 1009 3500 1074 θ’,
3541 1008 3742 1064 idcirco

2174 1098 2403 1167 supplex
2444 1106 2569 1153 orat
2594 1099 2781 1155 dicens
2819 1117 2832 1152 :
2874 1099 3188 1165 Descendat,
3218 1114 3413 1169 nempe
3451 1099 3746 1157 ostendens

2173 1185 2285 1243 Deo
2314 1189 2532 1245 virtutis
2565 1205 2769 1245 nucum
2796 1190 3118 1246 ubertatem.

2241 1371 2399 1429 Vers.
2423 1373 2479 1429 2.
2521 1373 2686 1445 Aperi
2727 1374 2877 1443 nti/ii,
2907 1390 3059 1431 soror
3080 1391 3215 1429 mea.
3255 1372 3576 1430 Necessario
3610 1374 3741 1430 illud

2171 1465 2301 1519 mihi
2347 1465 2544 1536 adjecit
2604 1466 2671 1520 ad
2724 1482 2916 1523 vocem
2963 1468 3128 1537 aperi.
3183 1464 3463 1536 Contingit
3502 1466 3646 1521 enim
3682 1475 3744 1523 ut

2170 1556 2334 1610 etiam
2367 1556 2696 1612 adversariis
2722 1558 3085 1627 potestatibus
3121 1558 3420 1628 aperiatur.
3455 1559 3740 1629 Tanquam

2171 1651 2352 1699 autem
2396 1644 2464 1699 de
2513 1660 2575 1700 re
2630 1646 2880 1714 molesta,
2914 1646 2981 1701 de
3022 1661 3147 1701 rore
3197 1647 3345 1717 loqui
3388 1647 3625 1713 videtur,
3661 1648 3739 1701 uti

2171 1737 2332 1791 etiam
2379 1736 2447 1790 de
2485 1737 2651 1808 guttis
2684 1734 2864 1795 noctis
2904 1756 2919 1794 :
2961 1753 3086 1793 nam
3118 1736 3187 1792 ab
3215 1740 3295 1794 eis
3321 1740 3564 1809 requiem
3595 1740 3740 1793 vidc-

505 1831 796 1885 Ἀκόλουοα
835 1814 1011 1887 ταῦτα
1036 1813 1432 1905 τοῖςπρώτοις.
1476 1832 1630 1888 Μετᾶ
1663 1832 1775 1904 γὰρ
1804 1832 1904 1904 τὴν
1933 1832 2064 1885 ἀνά·
2093 1813 2137 1867 Β
2169 1836 2201 1880 tt

2042 1861 2064 1870 -
2093 1813 2137 1867 Β
2169 1836 2257 1881 tur
2306 1827 2601 1897 inquirere.
2656 1827 2795 1883 Sunt
2826 1830 2941 1885 haec
2967 1831 3161 1900 primis
3196 1837 3576 1887 consentanea.
3611 1827 3738 1883 Post

491 1938 685 1975 στασιν
726 1923 941 1995 εἰσῆλθε
971 1924 1078 1978 τῶν
1103 1924 1283 1995 θυρῶν
1307 1924 1706 1994 κεκλεισμένων
1723 1964 1736 1989 ,
1786 1922 1884 1976 καὶ
1910 1920 2067 1974 καλεῖ

487 2010 583 2065 τὸν
621 2012 844 2081 Θωμᾶν,
892 2012 985 2065 καὶ
1036 2013 1105 2065 δι’
1146 2008 1313 2065 αὑτοῦ
1361 2013 1543 2065 πᾶσαν
1589 2009 1819 2064 ἄπιστον
1867 2007 2064 2079 ψυχὴν,

487 2099 706 2162 ἀνοῖξαι
739 2100 839 2169 τὴν
873 2099 1008 2153 ἰδίαν
1042 2100 1268 2171 καρδίαν
1302 2099 1394 2153 καὶ
1441 2100 1539 2171 τὴν
1578 2099 1677 2169 τῆς
1722 2098 2071 2160 ἀναστάσεως

490 2190 745 2261 χωρῆσαι
797 2189 1201 2262 πληροφορίαν
1245 2190 1400 2245 καλεῖ
1444 2188 1500 2243 δὲ
1539 2186 1703 2243 αὑτὸν
1749 2186 1961 2242 τελείαν
2001 2189 2072 2240 εἰ·

488 2278 698 2332 πάντα·
747 2277 810 2331 '0
850 2279 1070 2346 Κύριός
1091 2295 1209 2349 μου
1229 2280 1328 2333 καὶ
1352 2280 1385 2334 ὀ
1411 2281 1557 2346 Θεός
1586 2279 1741 2348 pou!
1784 2279 1848 2332 Ἦ
1878 2279 2071 2351 δρόσος

486 2371 547 2424 δὲ
578 2370 731 2442 δηλοῖ
758 2370 860 2441 τὴν
887 2371 1026 2425 κατὰ
1050 2371 1142 2424 τὸν
1165 2370 1363 2442 ὄρθρον
1386 2370 1702 2437 ἀνάστασιν,
1735 2371 1824 2424 ὅτε
1858 2369 2069 2424 κάτεισι

483 2461 701 2532 δρόσος.

573 2554 698 2608 Ἐπὶ
746 2553 953 2624 χεῖρας
989 2553 1101 2608 τοῦ
1138 2554 1414 2624 κλείθρου
1451 2553 1666 2624 ἦνοιεα
1694 2553 1827 2624 ἐγώ.
1874 2552 2067 2606 Ἥνεκα

489 2643 727 2715 ἔφθασεν
765 2648 799 2717 ἡ
827 2644 1015 2718 νύμφη
1040 2645 1104 2698 τὸ
1129 2645 1375 2717 κλεῖθρον
1394 2687 1409 2712 ,
1439 2646 1581 2700 ὥστε
1611 2646 1710 2717 τὴν
1738 2644 1913 2715 ψυχὴν
1936 2646 2070 2699 ἀνα-

489 2737 720 2792 πετάσαι
760 2736 839 2808 τῷ
878 2736 1040 2808 λόγῳ,
1077 2739 1196 2791 τότε
1234 2740 1405 2810 μόνην
1436 2738 1538 2809 τὴν
1568 2740 1725 2808 χεῖρα
1744 2778 1758 2801 ,
1794 2738 1887 2791 καὶ
1914 2736 2070 2799 τινὰς

488 2829 687 2882 ἑαυτοῦ
719 2828 900 2894 δείξας
944 2826 1172 2899 πράξεις
1214 2826 1608 2899 παρελήλυθεν,
1635 2828 1711 2891 ὡς
1754 2827 1981 2898 μηδέπω
2007 2827 2069 2880 τὸ

489 2919 655 2973 πλέον
700 2920 780 2982 εἰς
820 2919 949 2973 θέαν
990 2917 1275 2989 χωρούσης
1324 2918 1422 2988 τῆς
1459 2917 1697 2988 νύμφης,
1734 2918 1851 2989 ἅμα
1881 2918 1940 2971 δὲ
1973 2917 2069 2971 καὶ

486 3010 757 3083 ᾠκονόμει
788 3011 952 3065 πλέον
979 3012 1147 3082 αὐτῆς
1189 3011 1458 3065 ἐπιτεῖναι
1499 3009 1590 3065 τὸν
1623 3010 1820 3082 ἔρωτα.
1887 3009 2069 3082 Ἐξὲρ-

488 3119 645 3173 χεται
684 3104 777 3156 καὶ
808 3103 936 3174 ὲκδη
946 3106 1038 3173 μεῖ
1065 3102 1160 3156 τοῦ
1196 3102 1449 3174 σώματος
1474 3105 1507 3174 ἡ
1538 3103 1705 3175 ψυχὴ,
1732 3102 1821 3157 διὰ
1848 3103 1942 3157 τὸν
1969 3099 2065 3156 τοῦ
2088 3133 2136 3193 c

488 3192 721 3264 νυμφίου
754 3192 909 3263 λόγον
938 3192 1136 3264 ἔχουσα
1169 3196 1226 3247 ὲν
1255 3192 1470 3265 οὐρανῷ
1497 3194 1821 3266 πολίτευμα.

571 3376 865 3446 Ἐζήτησα
891 3378 1100 3445 αὑτὸν,
1127 3377 1225 3432 καὶ
1263 3376 1376 3448 οὐχ
1408 3370 1608 3447 εὗρον.
1634 3377 1935 3451 Συνεχῶςή
1960 3378 2063 3448 ψυ-

490 3468 561 3540 χὴ
591 3469 949 3540 τὸννυμφίον
972 3470 1145 3538 Λόγον
1169 3468 1443 3540 ὲειιτιξητεῖ⁸
1482 3472 1575 3524 καὶ⁸
1609 3469 1866 3543 εὑροῦσα,
1904 3469 2064 3525 πάλιν

489 3561 695 3632 ἑτέροις
744 3562 1025 3634 ἀποροῦσα
1068 3562 1247 3630 ζητεῖ·
1292 3564 1509 3617 κάκεῖνο
1547 3562 1868 3635 θεωρήσασα
1911 3560 2067 3615 ποθεῖ

488 3649 588 3723 τὴν
619 3653 822 3723 ἑτέρων
852 3652 1223 3722 ἀποκάλυψιν·
1276 3653 1371 3706 καὶ
1405 3652 1645 3724 τυχοῦσα
1683 3652 1890 3707 τούτων
1913 3693 1927 3718 ,
1975 3652 2063 3706 ἐπ’

489 3740 671 3805 ἄλλοις
706 3740 923 3811 εὔχεται
952 3741 1044 3796 τὸν
1068 3741 1300 3814 νυμφίον
1330 3743 1635 3815 ἐπιδημεῖν.

570 3925 916 3995 Ἀδελφιδός
956 3945 1076 3996 μου
1121 3929 1345 3995 λευκός
1392 3930 1488 3983 καὶ
1542 3930 1786 3998 πυρῤός.
1833 3930 2062 3995 Λευκὸς,

490 4018 678 4090 ἔπειδὴ
706 4020 738 4071 ό
786 4019 918 4083 Θεὸς
944 4020 1228 4091 ἀληθινός-
1268 4021 1476 4092 πυρρὸς
1518 4021 1575 4074 δὲ
1602 4021 1691 4074 διὰ
1733 4021 1796 4074 τὸ
1833 4015 1973 4092 αἷμα
2001 4021 2064 4073 τὸ

492 4108 631 4180 ὑπὲρ
660 4109 761 4179 τῆς
796 4109 1126 4179 Ἐκκλησίας
1152 4109 1332 4180 χυθὲν.

557 4201 894 4268 Βόστρυχοι
935 4201 1125 4256 αὑτοῦ
1151 4200 1375 4255 ἐλάται.
1419 4201 1483 4254 Οἱ
1526 4199 1809 4272 βόοτρυχοι
1849 4198 1937 4253 διὰ
1966 4198 2066 4270 τὴν

489 4291 800 4363 πυκνότητα
824 4292 1259 4363 παραϐάλλονται
1282 4293 1401 4356 ταῖς
1414 4290 1526 4345 τῶν
1554 4290 1809 4360 φοινίκων
1825 4290 2062 4355 ἐλάταις,

487 4380 555 4446 ἃς
575 4399 739 4452 φασιν
756 4383 876 4436 ἀντὶ
908 4383 1218 4454 σπέρματος
1237 4379 1375 4437 εἶναι
1396 4384 1516 4447 ταῖς
1540 4381 1780 4454 θηλείαις
1810 4381 2057 4452 φοίνιξιν,

2166 1921 2621 1975 rrsurrectionem
2678 1920 2823 1975 enim
2875 1921 3098 1976 intravit
3145 1921 3332 1991 januis
3386 1922 3630 1987 clausis,
3686 1931 3741 1974 ct

2166 2006 2434 2061 Thomam
2464 2019 2663 2078 vocat,
2690 2027 2756 2068 ac
2786 2029 2883 2083 per
2910 2028 3034 2066 eum
3071 2012 3343 2066 inﬁdelem
3372 2028 3588 2067 omnem
3620 2013 3741 2067 ani-

2168 2112 2336 2161 mam,
2366 2106 2424 2153 ut
2443 2114 2539 2154 eor
2564 2114 2724 2155 suum
2753 2104 2997 2171 aperiat,
3030 2112 3287 2172 certaque
3325 2105 3736 2158 resurrectionis

2168 2196 2490 2254 argumenta
2536 2188 2737 2259 capiat.
2784 2189 2957 2247 Vocat
2992 2198 3171 2246 autem
3218 2206 3343 2246 eum
3383 2193 3477 2263 qui
3504 2192 3738 2262 perfecta

2169 2276 2520 2335 confessione
2555 2280 2688 2337 dicit
2731 2299 2745 2337 :
2792 2281 3051 2338 Dominus
3088 2299 3236 2336 meus
3273 2290 3323 2337 et
3356 2282 3494 2339 Deus
3525 2300 3670 2340 meus
3697 2287 3734 2339 '.

2168 2364 2283 2421 Bos
2325 2382 2456 2424 vero
2504 2368 2775 2441 signiﬁcat
2822 2375 3283 2430 resurrectionem
3328 2389 3449 2444 quae
3496 2375 3743 2431 diluculo

2168 2453 2313 2513 facta
2342 2469 2445 2527 est,
2476 2476 2591 2532 quo
2624 2472 2867 2533 tempore
2902 2480 2995 2520 ros
3022 2465 3244 2521 decidit.

2240 2548 2398 2607 Vers.
2449 2551 2504 2610 6.
2561 2553 2735 2625 Super
2781 2573 2970 2611 manus
3025 2556 3199 2627 pssuli
3247 2558 3431 2628 aperui
3473 2573 3585 2629 ego.
3636 2556 3737 2613 Ubi

2167 2655 2368 2710 sponsa
2402 2640 2471 2697 ad
2500 2646 2754 2715 pesulum
2780 2656 3021 2715 venerat,
3048 2658 3109 2703 ut
3140 2650 3378 2705 animam
3411 2647 3585 2705 Verbo
3608 2663 3739 2718 ape-

2166 2730 2321 2798 riret,
2352 2741 2482 2789 tunc
2520 2735 2650 2791 illud
2684 2752 2905 2792 manum
2945 2739 3208 2795 duntaxat
3231 2755 3296 2795 ac
3324 2740 3585 2812 quasdam
3609 2755 3738 2795 suas

2168 2825 2416 2883 actiones
2442 2839 2774 2898 monstrans,
2806 2833 3196 2901 pertransibat,
3229 2834 3428 2904 quippe
3454 2849 3577 2905 qua:
3604 2850 3739 2890 non-

2168 2916 2297 2972 dum
2328 2919 2591 2989 majorem
2616 2922 2737 2991 ejus
2767 2932 3044 2993 aspectum
3091 2940 3286 2996 capere
3313 2933 3515 2995 posset.
3564 2924 3736 2980 Simul

2167 3009 2331 3063 etiam
2369 3010 2421 3065 id
2451 3012 2663 3081 agebat,
2720 3024 2781 3067 ut
2822 3014 2970 3070 illius
3000 3029 3242 3071 amorem
3276 3017 3449 3088 magis
3474 3018 3738 3073 accendes

2169 3107 2269 3154 ret.
2300 3098 2588 3170 Egreditur
2615 3110 2780 3173 atque
2802 3105 3175 3174 peregrinatur
3204 3121 3236 3161 a
3269 3122 3499 3178 corpore
3530 3109 3735 3179 anima,

2167 3208 2290 3263 quae
2328 3208 2422 3263 per
2456 3196 2641 3264 sponsi
2675 3210 2984 3252 sermonem
3011 3199 3481 3256 conversationem
3513 3202 3569 3256 in
3596 3204 3738 3259 ctelo

2169 3284 2334 3341 liabet
2365 3288 2406 3339 ².

2241 3377 2474 3444 ριιωθὲυὲ
2522 3396 2661 3447 eum,
2683 3388 2734 3435 et
2774 3398 2878 3437 non
2915 3382 3109 3438 inveni.
3140 3382 3372 3440 Assidue
3397 3382 3578 3440 anima
3604 3385 3738 3441 Ver-

2166 3470 2295 3525 bum
2332 3484 2592 3540 sponsum
2627 3463 2878 3543 in’quirit,
2914 3488 3088 3544 eoque
3120 3474 3360 3539 invento,
3391 3491 3583 3531 rursus
3616 3478 3738 3533 aliis

2166 3562 2330 3618 dubia
2358 3564 2752 3633 quaestionibus
2779 3566 3003 3636 quaerit;
3039 3574 3092 3621 et
3121 3581 3245 3621 cum
3276 3566 3408 3621 illud
3442 3582 3738 3637 conspexe-

2164 3652 2258 3720 rit,
2293 3652 2399 3709 alia
2432 3654 2535 3710 sibi
2571 3656 2722 3726 cupit
2751 3655 3122 3723 manifestari,
3158 3664 3323 3726 atque
3358 3656 3550 3711 borum
3582 3673 3735 3713 com-

2163 3759 2264 3814 pos
2321 3744 2531 3815 cﬂ‘ecta,
2578 3748 2634 3802 in
2683 3747 2917 3803 aliorum
2964 3747 3195 3819 gratiam
3229 3748 3414 3815 sponsi
3445 3748 3737 3805 adventum

2163 3838 2309 3893 votis
2351 3841 2617 3909 exposcit.

2238 3926 2392 3984 Vers.
2418 3930 2506 3985 10.
2532 3929 2824 3985 Fraternus
2856 3946 2999 3984 meus
3027 3927 3285 3984 candidus
3311 3936 3361 3983 et
3388 3930 3730 3986 rubicundus.

2164 4018 2445 4074 Candidus
2476 4021 2605 4088 quia
2636 4036 2795 4076 verus
2835 4021 2975 4076 Deus
3005 4028 3108 4087 est,
3139 4020 3478 4078 rubicundus
3508 4024 3579 4079 ob
3609 4039 3736 4079 sau-

2166 4108 2383 4179 guinem
2407 4124 2503 4177 pro
2533 4108 2777 4164 Ecclesia
2806 4110 3062 4167 eﬂ'usum.

2237 4196 2393 4253 Vers.
2432 4198 2520 4253 11.
2559 4197 2807 4254 Cincinni
2841 4199 2953 4268 ejus
2977 4198 3151 4255 elatw.
3176 4199 3429 4257 Cincinni
3456 4203 3526 4258 ob
3554 4203 3736 4260 densi-

2166 4295 2331 4342 tatem
2408 4287 2712 4358 palmarum
2750 4289 2908 4345 elatis
2955 4300 3372 4361 comparantur,
3417 4308 3557 4363 quas
3582 4295 3738 4350 aiunt

2166 4379 2365 4451 palmis
2393 4380 2613 4437 feminis
2649 4382 2769 4437 loco
2799 4383 3024 4438 seminis
3055 4399 3195 4451 esse,
3230 4395 3290 4438 ut
3317 4384 3555 4441 fructum
3587 4403 3740 4443 escu-

488 4471 627 4529 ὥστε
657 4475 870 4545 καρπὸν
914 4475 1102 4546 φέρειν
1136 4474 1427 4545 ἐδώδιμον·
1459 4475 1547 4529 διὰ
1571 4474 1627 4529 δὲ
1659 4475 1759 4546 τὴν
1786 4473 2060 4546 βαθύτητά
2093 4457 2138 4513 Ῑ)
2168 4473 2181 4526 l

2039 4493 2060 4528 ι
2093 4457 2138 4513 Ῐ)
2168 4473 2373 4527 lentum
2417 4470 2613 4527 ferant.
2644 4470 2725 4528 0b
2757 4473 2920 4528 altam
2956 4489 3086 4529 vero
3113 4476 3389 4530 rationum
3416 4517 3430 4543 ,
3469 4478 3534 4532 ad
3564 4478 3735 4534 instar

489 4563 598 4618 τῶν
638 4564 831 4637 ὥσπερ
879 4566 1190 4635 ἑκφυέντων
1237 4566 1357 4618 ἀντὶ
1403 4565 1602 4637 τριχῶν
1639 4564 1914 4637 λογισμῶν
1969 4566 2064 4636 μέ-

489 4655 646 4721 λανες
680 4656 980 4720 ὲπαινετῶς
1008 4656 1364 4726 ὀνομάζονται
1383 4698 1397 4723 ,
1433 4656 1509 4727 τῷ
1536 4656 1632 4710 τοῦ
1662 4656 1896 4727 νυμφίου
1924 4674 2062 4728 συμ-

489 4746 814 4819 ϐαλλόμεναι
865 4746 1082 4801 κάλλει·
1133 4745 1208 4800 Τὸ
1247 4746 1303 4800 δὲ
1358 4747 1440 4812 ὡς
1495 4745 1680 4813 κόραξ
1720 4745 1819 4818 οὐχ
1875 4745 2062 4809 ἁπλῶς

486 4836 640 4912 οἶμαι
677 4841 766 4895 διὰ
789 4840 852 4893 τὸ
894 4839 1122 4910 χρῶμα,
1171 4836 1436 4909 σύμὸολον
1481 4836 1543 4891 δὲ
1590 4836 1696 4891 τῶν
1743 4836 2063 4907 βαθυτάτων

485 4928 625 4987 εἶναι
657 4934 751 4987 καὶ
789 4929 1233 5002 πεπληρωμένων
1264 4928 1579 4983 σκοτεινοῦ
1612 4928 1833 4995 ὕδατος
1860 4928 1931 4982 ὲν
1961 4946 2059 4983 νε-

485 5024 700 5096 φέλαις
721 5024 912 5093 ἀέρων
934 5040 948 5053 ο
993 5022 1122 5093 περὶ
1153 5014 1226 5074 ὧν
1250 5016 1403 5080 εἶπεν
1423 5021 1451 5073 ό
1494 5019 1612 5073 Ἰώό
1637 5036 1651 5050 ⁸
1689 5020 1783 5086 Τίς
1811 5020 1880 5073 δὲ
1902 5022 2062 5089 ἡτοί-

485 5132 642 5184 μασε
678 5117 884 5183 κόρακι
920 5113 1153 5183 ,βοράν;
1182 5113 1441 5168 Νεοσσοὶ
1463 5112 1531 5166 δὲ
1549 5112 1734 5166 αὑτοῦ
1768 5112 1918 5181 πρὸς
1943 5115 2059 5168 Κύ-

483 5224 618 5273 ριον
650 5206 1063 5275 κεκράξονται.
1122 5204 1414 5275 Ἥτοίμασε
1439 5204 1547 5275 γὰρ
1589 5205 1701 5267 τοῖς
1745 5203 2061 5275 βαθυτέρας

489 5297 578 5350 τὸν
600 5296 725 5351 νοῦν
755 5297 957 5367 πολλὴν
979 5295 1184 5367 τροφὴν
1211 5297 1239 5349 ό
1271 5294 1404 5359 Θεός
1423 5312 1436 5325 ο
1462 5289 1537 5349 ὧν
1564 5295 1613 5347 οἱ
1647 5293 1881 5365 μαθηταὶ
1903 5311 2056 5348 νεοσ-

493 5390 592 5456 σοὶ,
613 5391 797 5461 εὐχαῖς
813 5388 1181 5461 σχολάζοντες,
1208 5387 1345 5458 πρὸς
1354 5387 1556 5458 Κύριον
1574 5387 1903 5458 κεκράγασι,
1926 5386 2061 5441 πλα-

492 5480 716 5553 νώμενοι
758 5483 854 5537 καὶ
888 5479 1178 5550 ζητοῦντες
1214 5480 1285 5533 τὰ
1320 5482 1435 5543 τοῖς
1466 5478 1935 5550 ὲπαπορουμὲνοις
1967 5480 2059 5533 ὑπ’

493 5572 667 5625 αὐτῶν
689 5574 833 5626 σῖτα.

563 5690 607 5722 ’⁸
630 5689 784 5745 Joau.
828 5706 904 5756 Iv,
933 5689 1023 5745 '55.

1126 5691 1170 5724 ⁹⁹
1191 5690 1336 5748 Psal.
1379 5708 1558 5761 cum,
1593 5692 1649 5749 6.

501 5772 722 5829 “svnt,
753 5760 843 5815 41.

1754 5692 1772 5725 ¹
1795 5689 1952 5748 Joan.
2002 5707 2095 5759 xx,
2127 5690 2219 5746 28.

2163 4565 2395 4620 crinium
2423 4566 2813 4629 enascentium,
2846 4567 3293 4635 profunditatem,
3334 4568 3514 4625 laudis
3555 4572 3735 4641 specie

2163 4656 2304 4727 nigri
2334 4656 2692 4727 appellantur,
2728 4658 2773 4710 si
2806 4672 2930 4711 cum
2959 4658 3148 4725 sponsi
3177 4659 3580 4727 pulchritudine
3598 4679 3733 4719 con-

2163 4746 2427 4803 ferantur.
2458 4747 2617 4813 Quod
2641 4762 2769 4802 vero
2793 4747 2996 4803 dicitur
3023 4757 3273 4819 tanquam
3298 4766 3501 4819 corvus,
3531 4769 3640 4809 non
3662 4755 3734 4809 ob

2163 4838 2401 4893 colorem
2443 4836 2787 4892 solummodo
2816 4836 3022 4911 dictum
3056 4834 3330 4905 ckistimo,
3365 4856 3552 4895 verum
3586 4857 3734 4914 sym-

2161 4930 2346 4984 bolum
2361 4944 2481 4985 esse
2497 4928 2883 4984 altissimorum
2897 4928 3285 5000 plenorumque
3308 4932 3579 4987 tenebrosa
3594 4950 3733 5003 aqua

2160 5021 2215 5075 in
2252 5020 2478 5074 nubibus
2516 5021 2655 5075 aeris
2690 5019 2742 5086 ³;
2793 5019 2859 5074 de
2890 5020 3088 5090 quibus
3116 5021 3251 5077 dixit
3272 5021 3375 5078 Job
3408 5043 3420 5078 :
3460 5022 3592 5088 Quis
3616 5040 3733 5078 vero

2158 5116 2483 5183 pra’paraoft
2520 5128 2672 5166 corvo
2719 5127 2891 5166 escam
2910 5113 2941 5167 ?‘
2975 5102 3119 5167 Pulli
3156 5127 3331 5170 autem
3367 5116 3480 5186 ejus
3511 5118 3581 5170 ad
3618 5117 3731 5171 Do-

2160 5205 2362 5258 minum
2413 5202 2790 5258 clamabunt‘.
2840 5201 3171 5273 Prazparavit
3216 5205 3365 5260 enim
3412 5206 3556 5262 Deus
3602 5207 3730 5274 illis,

2166 5296 2259 5365 qui
2303 5294 2484 5350 altiori
2525 5302 2705 5348 mente
2745 5302 2874 5349 sunt
2910 5294 3139 5364 praediti,
3191 5297 3463 5366 copiosam
3496 5311 3676 5353 escam
3714 5317 3730 5354 :

2166 5400 2401 5457 quorum
2432 5385 2565 5455 putli
2598 5384 2815 5455 (nempe
2856 5384 3130 5457 discipuli)
3160 5386 3413 5455 precibus
3451 5398 3731 5457 vacantes,

2167 5479 2234 5533 ad
2279 5477 2571 5533 Dominum
2609 5475 3000 5539 clamaverunt,
3053 5483 3297 5530 errantes
3326 5489 3391 5531 ac
3430 5489 3733 5548 quaerentes

2167 5585 2289 5642 qua:
2312 5569 2365 5625 in
2393 5569 2575 5625 dubiis
2610 5566 2719 5623 illis
2746 5568 2884 5626 locis
2909 5565 3180 5623 frumenta
3205 5566 3411 5626 insunt.

2328 5690 2349 5721 ⁹
2378 5687 2611 5761 Philipp.
2631 5691 2816 5763 "1,20.
2931 5687 2952 5719 ³
2979 5686 3123 5744 Psal.
3167 5695 3316 5763 xm",
3363 5686 3455 5743 Η.
3560 5686 3712 5744 ‘Job

2931 5687 2952 5719 ³
2979 5685 3123 5744 Psal.
3167 5695 3316 5768 xm",
3363 5685 3455 5743 Η.
