4296 6288
530 425 631 478 ΞΜ

1551 422 1894 480 ORIGENES
1934 423 1996 476 IN
2035 422 2384 480 CANTlCUM
2432 426 2706 486 CAN'I‘IC.

3664 428 3774 481 208

604 539 738 594 Vers
784 538 864 592 I3.
902 536 1141 592 Maxilla:
1164 536 1277 605 ejus
1303 537 1565 606 utpltialur
1591 539 1866 591 aromatis.
1891 536 2093 591 Christi
2127 540 2171 594 A
2269 542 2300 591 .‘.

2080 536 2093 589 i
2127 540 2171 594 A
2269 522 2551 609 Σιαγόνες
2591 540 2777 596 αὑτοῦ
2805 542 2887 607 ὡς
2918 542 3124 610 φιάλαι
3157 542 3264 597 τοῦ
3292 541 3615 611 ἀρώματος.
3656 542 3775 597 Σια·

530 630 763 684 maxilla:
789 628 1116 698 intelligendi
1153 639 1302 693 sunt,
1333 631 1424 697 qui
1457 628 1547 682 Dei
1568 631 1730 682 verho
1746 639 1797 682 et
1827 629 1952 683 cibo
1984 628 2097 697 spi-

529 719 671 774 ritali
718 718 1078 772 ministrant:
1131 718 1224 786 qui
1275 719 1493 786 quidem
1529 718 1598 770 ob
1643 716 1950 785 fragrantitc
1987 714 2099 784 99

529 810 914 880 plenitudinem
952 810 1230 863 bonorum
1272 824 1496 877 operum
1553 816 1716 877 atque
1757 821 2091 871 sermonum,

527 903 733 956 similes
766 902 875 956 sint
922 901 1121 970 phialis
1151 900 1446 965 aromatis;
1502 900 1572 954 ob
1615 898 1917 953 radieatum
1969 912 2096 951 vero

524 995 579 1048 in
628 994 759 1063 ipsis
807 993 1017 1046 varium
1066 992 1119 1046 in
1165 992 1313 1045 omni
1365 992 1649 1061 scripturae
1699 991 2097 1060 compositione

524 1098 854 1148 sermonem,
910 1082 1328 1152 unguentarium
1367 1097 1580 1152 semper
1637 1083 1945 1151 producunt
1982 1080 2097 1135 fru-

522 1185 691 1229 ctum.

593 1265 748 1321 \‘ers.
781 1266 868 1319 H.
908 1263 1096 1319 Venter
1113 1264 1225 1333 ejus
1258 1263 1400 1333 pixis
1426 1264 1675 1319 eburnea.
1712 1262 1875 1319 Verbi
1903 1272 2095 1318 venter

522 1368 650 1415 sunt
672 1358 761 1429 qni
791 1358 1172 1429 mysteriorum
1200 1368 1327 1412 sunt
1355 1372 1604 1427 capaces,
1631 1357 1726 1428 qui
1751 1357 1955 1412 scilicet
1983 1372 2094 1427 pra:

520 1452 753 1506 caritate
783 1450 1133 1518 suscipiendo
1167 1459 1329 1515 sunt;
1370 1449 1511 1518 pixis
1551 1463 1681 1503 vero
1721 1448 1815 1518 qui
1856 1448 1922 1502 ad
1957 1462 2094 1502 con-

527 1543 848 1598 servandum
886 1549 1018 1596 sunt
1050 1540 1253 1595 idonei.
1292 1538 1375 1595 0h
1407 1541 1751 1610 splendorem
1783 1554 1848 1593 ac
1873 1538 2096 1594 clarita-

521 1642 652 1699 tem,
698 1633 936 1686 eburnea:
993 1644 1190 1685 nomen
1247 1630 1564 1700 azljunctum
1613 1637 1716 1684 est.
1776 1627 2092 1683 Istiusmodi

520 1721 687 1789 igitur
718 1730 917 1772 -vcntcr
963 1718 1104 1786 pixis
1144 1718 1404 1784 eburnea,
1452 1717 1744 1788 impositus
1796 1726 1880 1771 est
1928 1716 2091 1786 lapidi

518 1809 798 1879 sapphiro,
839 1809 932 1878 qui
980 1817 1061 1863 cst
1094 1808 1366 1864 Christus.
1402 1807 1683 1878 Quotquot
1729 1807 1897 1878 igitur
1929 1807 2088 1862 Verbi
2122 1864 2123 1867 η

2202 627 2360 695 γόνας
2395 631 2663 700 Χριστοῦ,
2708 631 2832 694 τοὺς
2864 631 3313 702 διακονουμένους
3342 632 3485 701 λόγῳ
3520 632 3655 685 Θεοῦ
3680 633 3774 686 καὶ

2198 723 2369 792 τροφῇ
2415 726 2755 794 πνευματικῇ
2796 724 3012 795 νοητέον
3032 740 3045 753 ⁸
3078 722 3165 777 διὰ
3201 723 3300 793 μὲν
3332 724 3430 795 τὴν
3461 723 3774 796 πληρότητα

2198 810 2297 880 τῆς
2339 811 2565 874 εὐωδίας
2606 811 2712 866 τῶν
2755 811 2935 866 καλῶν
2974 798 3152 881 ἔργων
3201 813 3295 865 καὶ
3325 811 3497 881 λόγων
3529 814 3773 877 ἐοικότας

2199 901 2419 970 φιάλαις
2470 903 2563 956 τοῦ
2607 903 2935 974 άρὼματος·
2996 903 3087 957 διὰ
3135 904 3193 958 δὲ
3229 904 3290 958 τὸ
3318 904 3680 977 ἐρριζωμένον
3713 908 3773 960 ἐν

2197 993 2389 1057 αὐταῖς
2423 995 2668 1047 ποικίλον
2700 996 2758 1048 ἐν
2789 995 2941 1067 πάσῃ
2968 995 3217 1050 συνθέσει
3252 997 3469 1069 γραφῆς
3506 997 3661 1067 λόγον
3685 998 3775 1052 ἀεὶ

2199 1084 2679 1157 καρποφοροῦντας
2714 1086 3033 1159 μυρεψικόν.

2267 1269 2478 1325 Κοιλία
2518 1269 2706 1324 αὐτοῦ
2736 1269 2959 1334 πυξίον
2987 1269 3400 1341 ἐλεφάντινον.
3437 1269 3631 1331 Κοιλία
3655 1266 3774 1324 ἐστὶ

2196 1357 2291 1413 τοῦ
2318 1358 2491 1428 Λόγου
2515 1359 2566 1412 οἱ
2594 1359 2893 1431 χωρητικοὶ
2912 1358 3022 1413 τῶν
3054 1361 3391 1432 μυστηρίων,
3426 1361 3701 1415 τουτέστιν
3723 1361 3773 1415 οἱ

2196 1451 2366 1505 κοῖλοι
2406 1451 2544 1523 πρὸς
2597 1451 2865 1523 ὑποδοχήν
2890 1469 2905 1483 ·
2956 1451 3144 1518 πυξίον
3182 1454 3232 1506 oi
3273 1453 3410 1523 πρὸς
3456 1452 3774 1525 διατήρησιν

2197 1542 2509 1613 ἐπιτήδειοι.
2537 1542 2694 1595 Κατὰ
2726 1542 2788 1596 τὸ
2828 1543 3077 1615 λαμπρὸν
3112 1545 3206 1598 καὶ
3242 1545 3428 1612 σαφὲς,
3460 1543 3771 1613 ἐλεφάντι-

2195 1649 2306 1686 νον
2345 1628 2483 1686 εἶναι
2522 1632 2756 1702 λέγεται.
2802 1634 2867 1686 Ἦ
2913 1632 2972 1687 δὲ
3011 1634 3235 1706 τοιαύτη
3276 1635 3452 1689 κοιλία
3486 1635 3548 1688 τὸ
3583 1635 3773 1700 πυξίον

2193 1724 2256 1777 τὸ
2291 1722 2633 1792 ἐλεφάντινον
2678 1723 3005 1794 ἐπιϐέϐληκε
3042 1724 3175 1795 λίθῳ
3216 1725 3524 1796 σαπφείρῳ,
3553 1725 3612 1787 ὃς
3655 1727 3772 1778 ἐστι

2196 1814 2449 1885 Χριστός.
2484 1815 2637 1867 Ὅσοι
2674 1809 2768 1869 οὖν
2792 1816 2899 1868 είσι
2923 1814 3101 1868 κοιλία
3127 1813 3223 1868 τοῦ
3256 1815 3454 1882 Λόγου,
3487 1808 3632 1868 οὗτοι
3662 1815 3775 1867 άπδ

517 1908 880 1963 ventersunt,
912 1914 943 1952 a
977 1899 1173 1954 timore
1204 1898 1417 1953 Domini
1451 1900 1504 1953 in
1533 1908 1685 1954 utero
1709 1898 2006 1968 accipiunt,
2036 1906 2088 1954 et
2119 1901 2162 1956 Β
2190 1922 2213 1958 τ

2071 1906 2088 1954 ι
2119 1901 2162 1956 Β
2190 1904 2283 1958 τοῦ
2307 1903 2473 1972 φόϐου
2501 1904 2706 1977 Κυρίου
2731 1906 2788 1958 ἐν
2806 1904 3007 1976 γαστρὶ
3033 1903 3391 1975 λαμϐάνουσι,
3412 1903 3506 1957 καὶ
3526 1903 3767 1956 τίκτουσι

520 1994 734 2062 pariunt
770 1991 1020 2060 spiritum
1047 1992 1237 2046 salutis
1268 1992 1310 2047 ⁸.
1330 1991 1544 2047 Idcirco
1574 1992 1738 2046 etiam
1768 2000 1955 2046 venter
1985 1990 2088 2044 ho-

518 2085 636 2140 stize
675 2085 727 2137 in
765 2082 1013 2138 Levitico
1047 2083 1307 2147 abluitur,
1343 2092 1401 2137 ut
1443 2084 1579 2137 nihil
1636 2083 1834 2137 haheat
1881 2092 2092 2137 sterco-

520 2177 597 2231 ris
629 2178 671 2231 ⁸.
1275 2192 1281 2197 ‘

594 2268 821 2324 Pulchra
868 2286 974 2334 .es,
1029 2268 1286 2339 ,prexima
1344 2284 1497 2331 mea,
1553 2276 1612 2321 ut
1674 2264 2087 2336 beneplacentia.

513 2357 733 2424 Quanto
758 2357 825 2411 ad
858 2373 1120 2427 sponsum
1148 2354 1374 2426 propius
1401 2354 1629 2414 accedit,
1663 2362 1819 2407 tanto
1850 2350 2091 2405 meliori-

516 2451 621 2505 bus
650 2449 1210 2519 similisperhibctur.
1243 2446 1355 2501 Illis
1398 2444 1543 2499 enim
1583 2442 1813 2499 vocibus
1864 2440 2090 2510 pulchra

509 2551 560 2597 et
586 2542 777 2595 decora
801 2557 876 2605 es,
905 2539 1170 2610 proxima,
1199 2536 1397 2607 adjecit
1423 2554 1436 2590 :
1470 2536 1606 2590 sicut
1634 2531 1951 2587 Jerusalem.
1983 2529 2089 2585 Sed

510 2644 567 2690 et
595 2633 886 2706 perfectam
903 2631 1235 2694 Ecclesiam,
1270 2628 1566 2682 ten-ibdem
1593 2625 1744 2689 dicit,
1769 2622 1934 2675 modo
1962 2621 2090 2691 qui-

511 2728 635 2784 dem
686 2725 1015 2782 adversariis
1066 2718 1428 2791 potestatibus
1472 2730 1595 2785 quae
1622 2715 1676 2768 in
1719 2711 2089 2784 pulchritudi-

514 2834 637 2875 nem
690 2817 873 2871 vultus
925 2813 1048 2881 ejus
1096 2810 1380 2867 oculorum
1430 2807 1605 2861 aciem
1663 2803 1943 2859 intendere
1994 2816 2091 2856 nc-

512 2917 755 2981 qucunt;
790 2906 952 2961 modo
985 2919 1113 2959 vero
1139 2903 1303 2957 etiam
1339 2900 1407 2955 iis
1451 2912 1573 2969 qua:
1613 2904 1742 2953 sunt
1781 2895 1896 2964 ipsa
1944 2892 2086 2947 inle-

514 3003 708 3063 riorcs,
743 3009 796 3052 ct
844 2995 1112 3051 ordinatis
1144 2994 1197 3049 in
1253 2991 1511 3045 universo
1544 2990 1647 3043 hoc
1673 2985 2089 3043 constitutioni-

514 3096 618 3147 bus
657 3089 862 3143 similes
889 3087 1183 3142 exsistunt.
1226 3082 1590 3156 Symmachus
1616 3095 1748 3135 vero
1798 3078 1984 3141 vertit,
2030 3085 2087 3129 ut

464 3184 487 3193 '
514 3182 652 3237 acies
686 3176 1159 3232 ordiuata.Pavur
1186 3175 1330 3230 enim
1362 3182 1493 3228 sunt
1520 3180 1579 3228 ut
1600 3171 1746 3227 acies
1775 3177 2081 3225 castrorum

511 3288 635 3345 qua:
670 3271 917 3327 hostibus
950 3278 1211 3326 terrorem
1248 3265 1520 3336 injiciunt.

1148 3357 1302 3413 CAP.
1354 3355 1446 3410 Vl.

584 3456 741 3512 Vcrs.
776 3455 829 3509 4.
857 3452 1085 3509 Obt'erte
1115 3450 1294 3505 oculos
1320 3459 1436 3504 tuo:
1473 3459 1659 3503 contra
1712 3463 1811 3500 me.
1845 3443 2084 3499 Ecclesia

511 3549 717 3607 Christi
733 3548 994 3602 decorem
1021 3552 1073 3599 et
1104 3541 1565 3614 pulchritudinem
1595 3538 1849 3608 inspicit;
1885 3537 2086 3607 quippe

511 3656 637 3712 quae
667 3637 859 3707 majori
898 3634 1142 3706 profectu
1178 3634 1229 3688 id
1266 3641 1518 3687 assecuta
1548 3630 1619 3685 sit
1651 3638 1711 3684 ut
1737 3629 1858 3697 ejus
1889 3625 2087 3680 divini-

514 3741 679 3786 tatem
705 3728 1006 3797 iutelligcre
1036 3723 1232 3795 possit,
1269 3721 1570 3777 secundum
1601 3718 1747 3788 quod
1780 3715 1963 3771 omnia
1993 3729 2085 3783 per

512 3825 691 3894 ipsum
748 3819 886 3875 facta
938 3825 1087 3873 sunt.
1134 3815 1442 3870 Delectatus
1469 3820 1650 3866 autem
1693 3808 1784 3861 illa
1818 3808 1868 3860 vi
1900 3805 2087 3860 oeulo-

513 3929 658 3977 rum,
690 3912 805 3966 sive
842 3909 1118 3974 Ecclesim,
1149 3906 1263 3961 sive
1296 3904 1494 3958 aniuue
1527 3899 1688 3955 Verbi
1720 3912 1954 3967 sponsze,
2001 3911 2087 3948 ra-

516 4000 866 4057 tionabdibus
896 3999 1089 4069 pennis
1121 3996 1182 4052 ad
1222 3995 1453 4051 sublime
1481 3992 1628 4059 iubet
1671 3987 1891 4049 reverti,
1930 3996 1987 4040 ut
2018 3985 2085 4038 ad

514 4089 866 4164 perfectionis
913 4088 1121 4158 apicem
1173 4086 1376 4150 veniat,
1408 4084 1635 4155 ipsaque
1679 4081 1825 4135 hunc
1865 4080 2086 4135 evolan-

516 4196 621 4239 tem
654 4180 956 4251 conspiciat
999 4194 1101 4234 nec
1131 4178 1365 4249 amplius
1397 4176 1570 4247 ipsius
1610 4190 1776 4230 causa
1806 4188 1864 4229 se
1891 4173 2086 4227 demit-

514 4284 809 4340 tentcm,et
845 4274 1023 4327 dicere
1053 4272 1261 4341 possit:
1297 4268 1414 4323 Etsi
1439 4267 1769 4338 cognovimus
1799 4266 2084 4320 secundum

513 4381 726 4419 carnem
762 4362 1054 4420 Christum,
1085 4360 1173 4413 sed
1207 4373 1345 4410 nunc
1364 4357 1474 4424 iam
1506 4373 1605 4409 non
1632 4356 1867 4408 norimus
1895 4355 1936 4408 ⁷.
1963 4352 2084 4409 Una

514 4457 679 4526 igitur
726 4464 905 4508 tecum
950 4448 1273 4518 proliciente
1316 4448 1559 4509 ascendi,
1602 4446 1703 4499 hoc
1743 4455 1995 4500 assecuta
2026 4454 2085 4499 ut

2191 1994 2409 2066 πνεῦμα
2453 1995 2744 2067 σωτηρίας.
2772 1995 2872 2049 Διὰ
2914 1993 3075 2049 τοῦτο
3116 1994 3211 2050 καὶ
3247 1996 3282 2065 ἡ
3326 1992 3502 2048 κοιλία
3537 1993 3639 2064 τῆς
3669 1991 3769 2045 θυ-

2194 2084 2313 2147 σίας
2343 2086 2401 2138 ἐν
2431 2082 2508 2154 τῷ
2549 2084 2818 2155 Λευῖτικῷ
2864 2084 3142 2149 πλύνεται,
3176 2084 3253 2147 ὡς
3290 2083 3457 2154 μηδὲν
3505 2082 3650 2152 ἔχειν
3679 2097 3770 2134 κο-

2193 2174 2426 2246 πρῶδες.

2261 2262 2431 2331 Καλὴ
2446 2258 2519 2327 εἷ,
2542 2264 2579 2332 ἠ
2602 2264 2870 2331 πλησίον
2889 2280 3033 2333 μου,
3054 2262 3134 2329 ὡς
3151 2260 3415 2316 εὐδοκία.
3436 2261 3599 2314 Ὅσον
3626 2259 3771 2332 πλη-ο

2195 2354 2308 2407 σίον
2345 2352 2551 2423 γίνεται
2595 2353 2688 2407 τοῦ
2732 2352 2996 2424 νυμφίου,
3039 2351 3345 2424 κρείττοσιν
3389 2348 3768 2414 ἀπεικάζεται.

2193 2440 2284 2511 Τῷ
2313 2440 2444 2513 γὰρ,
2471 2440 2651 2509 καλὴ.
2677 2441 2778 2495 καί
2800 2441 3006 2511 ὡραία,
3025 2440 3122 2494 καί
3154 2439 3446 2507 πλησίον,
3461 2438 3769 2509 προσέθηκε

2190 2528 2273 2595 τὸ,
2317 2529 2401 2594 ὡς
2453 2528 2858 2598 Ἰερουσαλήμ.
2912 2529 3023 2583 Καὶ
3074 2525 3523 2598 καταπληκτικὴν
3566 2527 3625 2581 δὲ
3672 2528 3770 2598 τὴν

2189 2619 2612 2690 τετελειωμένην
2641 2620 2804 2691 φησὶν
2854 2619 3180 2692 Ἐκκλησίαν
3199 2636 3212 2649 ·
3247 2617 3324 2690 πὴ
3359 2619 3460 2690 μὲν
3485 2621 3604 2683 ταῖς
3631 2619 3772 2673 ἅντι-

2191 2709 2471 2780 κειμέναις
2514 2709 2831 2781 δυνάμεσιν,
2864 2710 2926 2764 οὐ
2974 2710 3300 2783 δυναμέναις
3341 2710 3666 2776 ἐνατενίξειν
3691 2711 3775 2784 τῷ

2193 2798 2380 2853 κάλλει
2410 2798 2504 2852 τοῦ
2535 2801 2825 2873 προσώπου
2854 2801 3052 2873 αύτῆςο
3080 2801 3155 2873 πη
3180 2801 3345 2855 δὲκαὶ
3360 2803 3480 2864 ταῖς
3510 2801 3770 2855 ὑποδεεσ-

2190 2891 2376 2962 τέραις
2435 2892 2606 2963 αὐτῆς
2660 2892 2921 2958 ἐοικυίαις
2971 2895 3091 2957 ταῖς
3155 2892 3517 2964 τεταγμέναις
3581 2894 3641 2947 ἐν
3690 2892 3771 2964 τῷ

2192 2982 2356 3037 παντὶ
2403 2984 2821 3039 καταστάσεσιν.
2870 2985 2929 3039 '0
2954 2984 3009 3039 δὲ
3035 2984 3353 3056 Σύμμαχος,
3384 2984 3465 3052 ὡς
3495 2987 3769 3057 τεταγμέ-

2189 3088 2289 3127 ναι
2318 3071 2698 3141 παρατάξεις.
2725 3072 2945 3145 Θάμϐος
2970 3072 3079 3145 γάρ
3095 3075 3232 3127 εἰσιν
3253 3074 3328 3138 ὡς
3347 3075 3601 3146 τάγματα
3627 3092 3769 3148 παρ-

2191 3163 2436 3232 εμϐολῶν
2478 3165 2605 3228 τοὺς
2630 3163 2920 3236 πολεμίους
2959 3164 3348 3237 ἐκπλήττοντα.

2829 3350 2987 3405 ΚΕΦ.
3042 3352 3132 3419 ς’.

2278 3442 2682 3511 Ἀπόστρεψον
2732 3443 2873 3511 τοὺς
2928 3446 3271 3515 ὀφθαλμούς
3313 3460 3430 3501 σου
3480 3445 3773 3502 ἀπέναντι

2187 3549 2331 3600 μου.
2389 3533 2451 3585 Ἢ
2514 3533 2810 3606 Ἐκκλησία
2859 3538 2925 3607 τῇ
2977 3536 3270 3608 ὡραιότητι
3316 3537 3414 3591 καὶ
3459 3537 3538 3608 τῷ
3584 3538 3769 3593 κάλλει

2193 3623 2355 3694 ἐνορᾷ
2395 3623 2490 3676 τοῦ
2523 3624 2781 3695 Χριστοῦ,
2818 3624 3091 3698 δυναμένη
3135 3630 3203 3698 τῇ
3263 3627 3467 3682 πλείονι
3519 3634 3767 3702 προκοπῇ

2195 3718 2476 3770 κατανοεῖν
2505 3716 2670 3770 αὑτοῦ
2704 3716 2800 3788 τὴν
2835 3717 3086 3789 θεότητα,
3120 3719 3253 3772 καθὸ
3288 3721 3465 3773 πάντα
3497 3719 3567 3774 δι’
3599 3722 3768 3776 αὑτοῦ

2195 3808 2432 3876 ἐγένετο.
2467 3809 2907 3879 Εὐφραινόμενος
2945 3810 3002 3862 δὲ
3033 3809 3127 3865 ἐπὶ
3165 3814 3230 3883 τῇ
3262 3810 3492 3883 δυνάμει
3519 3812 3629 3868 τῶν
3672 3815 3769 3883 ὀφ-

2195 3897 2416 3969 θαλμῶν
2442 3897 2543 3967 τῆς
2573 3897 2684 3951 εἴτε
2726 3898 3051 3969 Ἐκκλησίας
3074 3899 3187 3954 εἴτε
3219 3899 3438 3973 νύμφης
3466 3900 3560 3954 τοῦ
3593 3902 3768 3971 Λόγου

2192 3991 2392 4062 ψυχῆς,
2440 3993 2660 4063 πτεροῖς
2708 3990 2876 4062 αὐτὴν
2924 3992 3161 4062 λογικοῖς
3212 3993 3631 4064 ἀποστραφῆναι
3678 4012 3769 4048 κε-

2193 4082 2339 4138 λεύει
2367 4082 2503 4155 πρὸς
2543 4082 2602 4136 τὸ
2637 4083 2933 4154 μετέωρον,
2962 4083 3037 4148 ὡς
3066 4084 3132 4138 ἂν
3158 4086 3246 4139 ἐπ’
3287 4084 3456 4156 ἄκρον
3489 4085 3635 4139 ἔλθοι
3667 4085 3768 4156 τῆς

2194 4176 2527 4247 τελειότητος
2548 4192 2562 4205 ·
2597 4174 2673 4239 ὼς
2715 4175 2781 4229 ἂν
2824 4176 3051 4248 κάκείνη
3094 4176 3269 4249 βλέπῃ
3303 4178 3491 4233 τοῦτον
3527 4180 3770 4252 ἐπτερω-

2196 4270 2379 4340 μένον,
2416 4268 2512 4322 καὶ
2554 4268 2750 4338 μηκέτι
2792 4268 3292 4336 συγκαταϐαίνοντα
3336 4268 3403 4321 δι’
3440 4268 3630 4341 αὐτὴν,
3675 4269 3770 4323 καὶ

2192 4360 2416 4433 δύνηται
2459 4359 2673 4427 λέγειν’
2722 4361 2793 4412 El
2844 4359 2946 4414 καὶ
2984 4358 3327 4428 ἐγνώκαμεν
3374 4360 3525 4415 κατὰ
3571 4359 3768 4427 σάρκα

2192 4450 2472 4518 Χριστὸν,
2519 4448 2681 4503 ἀλλὰ
2730 4448 2848 4502 νῦν
2890 4448 3087 4502 οὐκέτι
3127 4448 3515 4520 γινώσκομεν.
3567 4454 3644 4524 Τῇ
3698 4455 3766 4524 σῇ

516 4546 695 4616 possis
724 4542 992 4613 aspicere,
1027 4546 1217 4592 etnon
1246 4535 1481 4603 amplius
1525 4548 1589 4589 ea
1634 4549 1757 4603 qua:
1796 4534 2083 4603 dispensa—
2118 4578 2164 4635 υ
2193 4559 2212 4594 ιι

2066 4563 2083 4576 -
2118 4578 2164 4635 D
2193 4540 2370 4635 τοίνυν
2415 4539 2711 4635 συνανέϐην
2752 4541 3026 4635 προκοπῇ,
3079 4540 3233 4635 φησὶ,
3290 4542 3620 4616 χωρησάσης
3669 4544 3762 4598 τοῦ

520 4634 686 4688 tionis
717 4640 845 4687 sunt
871 4632 923 4685 in
956 4643 1121 4685 carne
1154 4637 1419 4696 quaarere.

586 4722 1030 4792 Capillumzntum
1080 4730 1228 4773 tuum
1274 4726 1331 4772 ut
1383 4731 1560 4787 greges
1606 4731 1911 4785 caprarum.
1962 4713 2088 4769 Haec

518 4816 716 4867 iterum
774 4823 991 4879 sponsae
1037 4809 1182 4862 dicta
1232 4815 1380 4872 sunt,
1427 4804 1602 4876 prius,
1654 4805 1913 4871 arbitror,
1961 4819 2087 4859 cum

517 4911 789 4974 quatenus
810 4899 985 4964 licuit,
1018 4899 1289 4968 apparuit.
1314 4898 1445 4952 dum
1486 4898 1537 4951 in
1564 4898 1665 4952 hac
1702 4897 1807 4950 vita
1842 4911 2088 4951 versare-

517 5007 628 5061 tur,
658 4991 898 5048 sccundo
915 4998 1100 5045 autem
1136 4989 1226 5044 ubi
1251 4989 1365 5059 jam
1400 4989 1466 5044 ad
1499 4988 1886 5059 perfectionem
1921 5003 2088 5043 vene-

517 5098 621 5146 rat.
656 5085 998 5155 Quapropter
1027 5083 1190 5137 etiam
1237 5096 1384 5136 nunc
1432 5080 1809 5136 tantummodo
1851 5080 2092 5135 insinua-

517 5181 594 5233 vit
618 5197 632 5234 :
661 5177 848 5231 Dentes
873 5175 951 5230 tui
972 5174 1104 5228 sicut
1133 5189 1308 5244 greges
1335 5171 1808 5228 tonmrumJuxta
1834 5172 2087 5243 Aquilam

516 5285 699 5326 autem
755 5277 839 5334 et.
869 5266 1308 5338 Symmachum:
1358 5264 1550 5319 Dentes
1599 5265 1678 5320 tui
1732 5266 1868 5319 sicut
1912 5282 2089 5336 greges

517 5362 714 5423 ovium,
748 5358 830 5413 vel
876 5373 1155 5427 aquarum.
1200 5354 1543 5426 Decebatquc
1573 5356 1688 5411 hare
1728 5355 1836 5410 dici
1871 5356 1938 5411 de
1965 5371 2090 5426 per-

517 5451 772 5514 feitione,
811 5457 869 5503 ut
904 5449 975 5503 sit
1007 5446 1157 5511 illud,
1194 5464 1225 5499 a
1252 5447 1466 5501 lavacro
1500 5462 1606 5500 non
1636 5447 1842 5516 priore,
1879 5449 1972 5503 sed
2004 5461 2089 5502 se-

519 5542 719 5597 cundo.
750 5538 1082 5595 Gemmantes
1128 5554 1254 5593 vero
1298 5553 1359 5594 ea
1409 5538 1636 5594 forsitan
1679 5540 1907 5604 ratione,
1942 5539 2089 5609 quod

519 5642 634 5689 tum
661 5647 847 5687 carum
893 5648 1074 5687 rerum
1112 5630 1269 5701 ιοο
1315 5646 1435 5700 qua:
1470 5638 1650 5684 mente
1686 5629 2087 5700 intelliguntur,

594 5815 613 5847 '
649 5813 749 5869 lsa.
786 5831 931 5885 xxvi,
968 5816 1052 5870 l8.
1136 5818 1156 5848 ‘
1190 5817 1362 5871 Levit.
1393 5832 1509 5884 vnt,
1533 5818 1621 5873 ει.
1701 5820 1719 5851 τ
1747 5819 1793 5873 ll
1824 5782 1952 5876 Cor.
1983 5836 2035 5889 v~,
2069 5819 2153 5874 I6.

2193 4629 2383 4703 ἐνορᾷν
2410 4627 2506 4683 καί
2533 4628 2730 4700 μηκέτι
2760 4627 3070 4701 περαιτέρω
3091 4630 3191 4700 τῆς
3220 4631 3531 4703 οἰκονομίας
3563 4632 3761 4705 ζητεῖν.

2265 4719 2530 4790 Τρίχωμά
2557 4735 2674 4773 σου
2694 4719 2776 4785 ὡς
2798 4719 3007 4789 ἀγέλαι
3028 4719 3146 4774 τῶν
3164 4722 3367 4791 αίγῶν.
3399 4724 3627 4797 Εἴρηται
3649 4724 3767 4778 δεύ-

2189 4828 2347 4883 τερον
2392 4809 2565 4865 ταῦτα
2608 4812 2676 4881 τῇ
2719 4809 2942 4884 νύμφῃο
2984 4810 3267 4885 πρότερον,
3297 4810 3471 4886 οἶμαι,
3512 4818 3579 4887 τῇ
3629 4816 3766 4885 αὐτῄ

2191 4901 2420 4975 φανείσῃ
2440 4901 2581 4955 κατὰ
2606 4901 2668 4955 τὸ
2690 4902 3059 4973 ἐνδεχόμενον,
3093 4905 3254 4975 ἡνίκα
3278 4906 3337 4958 ἐν
3369 4905 3447 4976 τῷ
3468 4906 3569 4976 βίῳ
3595 4905 3768 4974 τούτῳ

2189 4993 2455 5064 ἐτύγχανε
2473 5009 2487 5023 ο
2512 4991 2786 5065 δεύτερον,
2820 4993 2983 5047 ὁπότε
3000 4989 3166 5065 ἦλθεν
3190 4997 3284 5051 ἐπὶ
3310 4995 3407 5067 τὴν
3432 4995 3761 5067 τελειότητα.

2188 5085 2279 5139 Διὸ
2318 5085 2413 5139 καὶ
2458 5082 2552 5138 νῦν
2607 5083 2768 5155 μόνον
2820 5081 3153 5157 παρηνίξατο
3177 5100 3193 5116 ⁸
3239 5084 3480 5149 ὀδόντες
3519 5100 3636 5137 σου
3685 5083 3764 5150 ὡς

2186 5176 2394 5246 ἀγέλαι
2420 5174 2541 5229 τῶν
2579 5174 2974 5246 κεκαρμέναινο
3007 5175 3149 5231 κατὰ
3183 5174 3241 5230 δὲ
3280 5174 3372 5228 τὸν
3413 5173 3641 5227 Ἀκύλαν
3672 5176 3765 5229 καὶ

2186 5254 2480 5338 Σύμμαχον
2501 5283 2515 5298 ο
2562 5266 2836 5333 Ὀὄόντες
2875 5283 2993 5321 σου
3031 5266 3112 5331 ὡς
3137 5263 3348 5335 ἀγέλαι
3389 5264 3507 5318 τῶν
3546 5265 3765 5333 προϐά-

2188 5358 2363 5430 τωνῆ
2399 5358 2515 5412 τῶν
2561 5357 2860 5428 ἁμνάδων.
2891 5358 3001 5412 Καὶ
3038 5356 3275 5427 ἔπρεπεν
3306 5356 3556 5429 εἰρῆσθαι
3594 5356 3766 5415 ταῦτα

2198 5452 2290 5505 ἐπὶ
2317 5451 2415 5521 τῆς
2446 5450 2800 5521 τελειότητος,
2831 5448 2908 5511 ὼς
2935 5443 3072 5501 εἶναι
3100 5448 3180 5511 τὸ,
3210 5447 3329 5502 ἀπὸ
3353 5448 3459 5503 τοῦ
3482 5449 3763 5518 λουτροῦ,

2196 5542 2376 5595 οὐκέτι
2414 5541 2701 5614 προτέρου,
2737 5539 2875 5596 ἀλλὰ
2896 5538 2993 5595 τοῦ
3031 5538 3305 5610 δευτέρου.
3335 5539 3765 5610 Διδυμεύουσαι

2195 5632 2250 5684 δὲ
2283 5632 2421 5703 τάχα
2449 5633 2524 5697 ὡς
2550 5633 2879 5705 τρεφόμεναι
2908 5632 2974 5702 τῇ
3019 5627 3129 5684 τῶν
3165 5629 3369 5701 νοητῶν
3410 5631 3504 5688 καὶ
3542 5631 3647 5688 τῶν
3681 5633 3767 5689 αί-
