4296 6288
504 281 609 338 909

1691 272 2058 334 EXCERP'I‘A
2096 269 2553 331 PROCOPIANA.

3631 275 3735 332 210

503 399 713 467 σθητῶν
745 397 966 469 θεωρίᾳ,
1000 396 1095 451 καί⁵
1125 397 1202 461 ὡς
1245 394 1379 468 μηδὲ
1414 391 1543 467 μίαν
1570 395 1761 464 άγονον
1790 395 1890 466 τῆς
1938 395 2066 466 περὶ
2096 397 2140 454 Α
2171 401 2199 447 ιι

2037 395 2066 446 μὶ
2096 397 2140 454 Α
2171 401 2283 447 tum
2319 408 2507 448 earum
2545 406 2665 462 qua:
2713 406 2878 445 sensu
2927 398 3241 455 noscantur,
3274 391 3733 461 contemplatione

499 487 808 545 οὑτινοσοῦν
844 487 1005 557 λόγου
1035 488 1262 560 τροφῆς.

572 671 676 727 Καὶ
698 669 990 736 νεάνιδες,
1010 663 1099 741 ὧν
1121 671 1232 725 οὐκ
1258 668 1431 723 ἔστιν
1449 668 1711 737 ἀριθμός.
1737 668 1802 721 Δί
1830 666 2068 732 νεάνιδες

500 761 732 835 ἀριθμὸν
763 758 864 815 οὐκ
900 761 1134 833 ἔχουσιν,
1165 763 1226 815 οὐ
1262 759 1341 831 τῷ
1372 759 1447 831 μὴ
1477 758 1800 814 ὑποπίπτειν
1826 760 2067 831 ἀριθμῷ,

501 854 636 909 ἀλλὰ
660 854 740 925 τῷ
754 855 833 926 μὴ
853 853 1008 921 ἀξίας
1035 854 1203 917 αὑτάς
1227 850 1364 908 εἶναι
1388 852 1774 924 ἀριθμηθῆναι.
1794 853 1905 906 Καὶ
1929 855 2068 923 τάχα

497 946 597 1019 τῆς
626 946 795 1017 αὐτῆς
822 942 1058 1009 διανοίας
1083 945 1264 1017 ἔχεται
1291 947 1357 1016 τῇ
1386 944 1618 998 ἐνταῦθα
1644 944 1871 1016 διαφορᾷ
1893 946 2067 999 νεανί-

490 1032 602 1092 δων
647 1035 757 1090 τῶν
786 1034 1225 1104 κοινωνουμὲνων
1264 1033 1371 1085 ὑπὸ
1402 1030 1637 1103 Χριστοῦ
1673 1032 1768 1085 καὶ
1802 1031 1865 1085 τὰ
1919 1031 2068 1103 παρὰ

491 1127 574 1198 τῷ
615 1125 920 1196 Ἀποστόλῳ
957 1124 1224 1195 λεγόμενα
1264 1123 1419 1194 (περὶ
1463 1122 1812 1185 ἀναστάσεως
1857 1122 2065 1192 νεκρῶν

491 1217 686 1287 λέγω,)
716 1215 971 1286 τάγματα
1001 1215 1264 1284 φάσκοντι
1281 1230 1297 1244 '
1341 1212 1581 1280 Ἐπειδὴ
1608 1212 1719 1281 γὰρ
1745 1212 1821 1265 δι’
1841 1210 2063 1281 ἀνθρώ-

495 1325 615 1365 που
639 1310 914 1378 θάνατος,
942 1309 1039 1364 καί
1049 1308 1121 1362 δι’
1136 1305 1451 1376 ἀνθρώπου
1466 1305 1800 1371 ἀνάστασις
1816 1304 2061 1374 νεκρῶν.

497 1400 731 1468 Ὥσπερ
764 1400 875 1469 γὰρ
897 1400 970 1452 ἐν
1000 1396 1079 1463 τῷ
1112 1396 1284 1465 Ἀδὰμ
1304 1395 1525 1460 πάντες
1545 1393 2061 1460 ἀποθνήσκουσιν,

487 1490 685 1554 οὕτως
701 1487 798 1543 καὶ
819 1489 889 1541 ἐν
910 1484 992 1551 τῷ
1013 1485 1244 1554 Χριστῷ
1262 1483 1483 1550 πάντες
1501 1482 1784 1550 ζωοποιηο
1792 1482 2059 1549 ήσονταιο

490 1581 750 1647 ἕκαστος
776 1578 848 1633 ἐν
871 1577 952 1644 τῷ
990 1577 1116 1646 ἰδίῳ
1140 1577 1415 1648 τάγματι.
1458 1577 1517 1629 '0
1542 1576 1651 1647 γὰρ
1681 1577 1913 1632 ἑκάστου
1950 1577 2064 1647 βίος

489 1671 589 1725 καὶ
619 1670 775 1740 λόγος
808 1672 900 1725 καὶ
926 1670 1162 1734 διάθεσις
1210 1671 1422 1740 ποιήσει
1449 1668 1808 1741 προκριθῆναι
1833 1670 2061 1725 ἕκαστον

491 1760 616 1816 κατ’
631 1760 787 1829 άξίαν
813 1761 870 1815 ἑν
889 1777 995 1815 τινι
1021 1760 1129 1816 τῶν
1152 1760 1425 1816 νεανίδων.

562 1943 655 2015 Μὴ
687 1943 935 2015 θαύμαζε
973 1946 1021 1998 εί
1052 1945 1081 1997 ὁ
1106 1945 1338 2015 νυμφίος
1366 1941 1433 2015 ἦν
1460 1944 1596 2014 ἔχων
1624 1944 1792 2015 καλὴν
1822 1944 2057 2013 νύμφην,

490 2034 591 2087 καὶ
633 2034 778 2104 τάχα
824 2034 1084 2105 δευτέραν
1129 2036 1224 2088 καὶ
1261 2034 1451 2105 τρίτην
1494 2036 1589 2089 καὶ
1631 2034 1898 2096 πλείονας.
1940 2034 2063 2086 Ἐάν

489 2124 699 2197 νοήσῃς
722 2120 888 2178 αὐτοῦ
932 2120 1023 2178 καὶ
1063 2124 1162 2189 τὰς
1194 2125 1429 2195 νύμφας,
1457 2125 1517 2176 οὐ
1566 2123 1850 2196 φοϐηθήσῃ
1888 2124 2064 2191 λέγειν

490 2215 607 2269 ἀπὸ
632 2215 726 2269 τοῦ
750 2218 1029 2287 ’ᾼσματος
1044 2233 1057 2247 ·
1089 2215 1411 2282 Ἑξήκογτὰ
1436 2217 1554 2269 εἱσι
1571 2215 1936 2280 βασίλισσαι
1965 2215 2062 2269 καὶ

487 2306 864 2377 ὀγδοήκοντα
881 2306 1187 2362 παλλακαὶ
1204 2305 1495 2372 νεάνιδες,
1507 2300 1714 2361 ὧνοῠκ
1729 2307 1899 2361 ἐστιν
1915 2308 2064 2375 ἀριθ-

481 2400 624 2469 μός.
660 2400 780 2455 Μία
808 2400 874 2458 δέ
919 2400 1050 2454 ἐστι
1091 2399 1410 2469 περιστερὰ
1440 2418 1579 2469 μου.
1630 2401 1801 2469 Λόγος
1841 2402 1986 2454 ἑστιν
2034 2402 2063 2454 ὁ

484 2489 721 2559 νυμφίος
741 2506 755 2520 θ
783 2490 998 2559 λογικὸν
1020 2491 1155 2555 ζῶον
1178 2492 1211 2561 ἡ
1238 2491 1444 2560 νύμφη,
1472 2492 1565 2544 ἐὰν
1586 2493 1753 2563 νοήσῃ
1777 2492 1944 2562 ψυχὴ,
1969 2493 2060 2545 καὶ

486 2576 630 2649 λάῦῃ
658 2579 689 2631 ὁ
721 2578 952 2649 νυμφίος
979 2578 1076 2650 τὴν
1103 2579 1339 2651 νύμφην.
1386 2580 1523 2632 Ἀλλ’
1557 2581 1677 2633 ἑπεί
1717 2582 1863 2633 ἑστιν
1888 2583 1918 2634 ὁ
1955 2581 2057 2633 Λό-

487 2686 586 2738 γος
617 2663 772 2735 οὗτος
798 2674 858 2725 οὐ
907 2674 1007 2743 μιᾷ
1039 2672 1182 2744 ψυχῇ
1229 2672 1521 2734 κοινωνῶν,
1561 2672 1695 2725 ἀλλὰ
1727 2672 1935 2725 πλείοσι
1964 2673 2058 2726 καὶ

488 2761 763 2833 διαφόροις
789 2766 920 2835 τιμῇ
956 2780 1037 2826 τις
1065 2763 1317 2834 βασιλικῇ
1342 2763 1436 2817 καὶ
1467 2763 1814 2835 διαφερούσῃ,
1842 2763 2056 2831 λέγεται

489 2852 688 2906 τελεία
715 2851 1049 2921 περιστερά.
1075 2853 1211 2915 Ταῖς
1232 2853 1289 2906 δὲ
1320 2853 1619 2922 βασιλικαῖς
1656 2854 1772 2923 μὲν,
1802 2854 2057 2908 ὑποδεεσ-

487 2942 674 3011 τέραις
725 2942 804 3009 δὲ,
834 2942 922 2999 διὰ
959 2943 1117 2999 τοῦτο
1158 2942 1421 3014 ἑξήκοντα
1467 2944 1802 3014 βασίλισσαι*
1843 2947 2054 3018 ἑτέραις

2171 493 2497 554 pascantur,
2545 494 2597 539 ct
2650 485 2792 552 quod
2837 484 2982 537 nulla
3024 485 3096 537 sit
3131 498 3252 553 qua:
3294 486 3359 539 de
3403 500 3737 555 quocunque

2171 593 2419 633 sermone
2447 577 2630 631 cibum
2663 594 2772 630 non
2804 576 2958 631 ferat.
3575 570 3590 593 ”

2240 668 2393 724 Vers.
2430 669 2481 722 7.
2511 668 2578 722 Et
2615 669 3039 735 ndoicscentula’,
3066 684 3287 739 quarum
3320 684 3416 721 non
3445 680 3517 724 est
3543 685 3729 723 nume-

2169 773 2279 813 rus.
2298 761 2729 815 Adolescentnlre
2756 776 3041 815 numerum
3071 776 3176 813 non
3209 760 3427 823 habent,
3450 776 3555 813 non
3582 760 3727 829 quod

2169 854 2272 908 sub
2304 867 2532 906 numero
2563 868 2666 905 non
2698 852 2915 917 cadant,
2946 851 3037 905 sed
3074 851 3219 920 quod
3251 867 3358 905 non
3395 851 3527 915 satis
3554 852 3728 920 digna:

2169 950 2277 1003 sint
2327 963 2559 1018 quarum
2615 964 2874 1003 numerus
2919 946 3148 1001 ineatur.
3187 946 3249 999 Et
3296 945 3435 1000 forte
3477 946 3724 999 eumdem

2167 1056 2329 1110 quem
2378 1039 2902 1094 adolescentularum
2950 1054 3070 1108 quae
3103 1054 3134 1092 a
3161 1037 3381 1093 Christo
3424 1037 3728 1091 communi-

2168 1142 2380 1193 cautur,
2410 1129 2722 1194 discrimen,
2755 1144 2975 1183 sensum
3013 1128 3212 1181 habent
3242 1128 3404 1201 etiam
3433 1127 3507 1180 illi
3543 1127 3633 1195 qui
3658 1126 3731 1181 ab

2166 1219 2425 1289 Apostolo
2475 1225 2972 1273 connuemorantur
3026 1215 3438 1270 resurrectionis
3484 1223 3733 1267 mestno-

2166 1324 2284 1363 rum
2318 1308 2556 1373 ordines,
2595 1306 2678 1359 his
2715 1305 2892 1361 Verbis
2921 1324 2934 1359 :
2961 1304 3225 1369 Quoniam
3253 1305 3463 1373 quidem
3490 1320 3580 1371 per
3632 1304 3729 1355 ho»

2164 1401 2354 1453 minem
2380 1414 2541 1461 mors,
2576 1407 2623 1452 et
2646 1413 2735 1467 per
2760 1397 3019 1449 hominem
3046 1395 3352 1448 resurrectio
3378 1402 3722 1447 mortuorum.

2165 1492 2312 1547 Sicut
2362 1492 2500 1546 enim
2555 1492 2609 1544 in
2663 1490 2832 1543 Adam
2883 1505 3057 1542 omnes
3103 1489 3418 1552 moriuntur,
3450 1489 3527 1540 ita
3581 1499 3629 1541 et
3671 1487 3724 1538 iu

2163 1582 2373 1639 Christo
2409 1600 2586 1637 omnes
2628 1582 3050 1652 viviﬁcabuntur.
3107 1579 3468 1650 Unusquisque
3522 1581 3575 1632 iu
3629 1595 3726 1631 suo

2164 1675 2346 1728 ordine
2370 1675 2412 1726 ⁸.
2454 1672 2895 1743 Uniuscujusque
2927 1673 3070 1726 enim
3108 1672 3215 1726 vita
3237 1679 3290 1725 ct
3318 1684 3498 1726 sermo
3524 1669 3724 1723 animi-

2165 1782 2270 1835 que
2298 1765 2513 1820 all‘ectio
2540 1766 2644 1819 hoc
2670 1765 3024 1834 praestabunt,
3051 1774 3109 1817 ut
3130 1762 3358 1832 quisque
3385 1776 3484 1830 pro
3514 1758 3724 1813 meritis

2165 1858 2217 1910 in
2246 1857 2482 1927 quadam
2510 1855 2925 1926 juveneularum
2963 1854 3137 1907 classe
3172 1850 3508 1921 pneferatur.

2238 1949 2353 2004 Noli
2408 1947 2591 2001 mirari
2641 1947 2783 2014 quod
2837 1960 3072 2013 sponsus
3136 1941 3413 2009 pulchram
3467 1951 3725 2007 sponsam

2165 2042 2383 2108 haheat,
2417 2053 2481 2091 ac
2524 2036 2750 2090 forsitan
2798 2034 3043 2093 alteram,
3080 2032 3399 2099 tertiamque
3445 2038 3500 2082 et
3545 2028 3727 2095 plures

2166 2126 2322 2182 alias.
2357 2124 2414 2179 Si
2453 2123 2615 2178 etiam
2642 2122 2784 2176 illius
2813 2135 3047 2190 sponsas
3075 2117 3415 2188 cogitaveris,
3447 2131 3551 2169 non
3582 2131 3727 2167 vere-

2165 2218 2312 2272 beris
2342 2232 2406 2269 ex
2444 2214 2668 2269 Cantico
2713 2213 2893 2268 dicere
2923 2229 2937 2265 :
2968 2209 3257 2281 Sexaginta
3292 2217 3412 2262 sunt
3438 2207 3647 2276 regium,
3676 2217 3724 2257 et

2164 2309 2428 2378 octoginta
2459 2305 2775 2371 concubium,
2807 2313 2856 2359 et
2895 2300 3316 2365 adolescentulaz,
3352 2315 3570 2370 quarum
3622 2313 3722 2350 non

2162 2409 2239 2454 est
2282 2414 2547 2452 numerus.
2586 2394 2701 2450 Una
2726 2403 2801 2450 est
2832 2393 3071 2447 columba
3106 2409 3239 2445 mea.
3277 2390 3510 2444 Verbum
3554 2405 3717 2457 spon-

2160 2507 2255 2547 sus
2283 2500 2388 2553 est,
2438 2488 2758 2543 rationabile
2790 2486 2989 2541 animal
3036 2500 3258 2555 sponsa,
3309 2483 3354 2537 si
3404 2481 3727 2534 intellexerit

2161 2583 2363 2648 anima,
2389 2589 2443 2635 et
2471 2596 2707 2651 sponsus
2744 2578 3013 2647 acceperit
3039 2591 3317 2647 sponsam.
3350 2574 3507 2640 Quod
3542 2582 3720 2627 tamen

2160 2672 2394 2728 Verbum
2441 2672 2582 2727 istud
2614 2686 2719 2725 non
2769 2669 2860 2723 nni
2892 2669 3107 2732 animm,
3144 2667 3235 2723 sed
3267 2666 3513 2737 pluribus
3554 2674 3607 2719 et
3640 2664 3723 2716 di-

2157 2767 2331 2821 versis
2376 2763 2760 2827 communicet,
2796 2777 2903 2815 una
2949 2760 3196 2830 quaedam
3229 2760 3435 2813 honore
3481 2757 3627 2825 regio
3670 2765 3723 2809 et

2157 2854 2480 2926 przecellenti
2542 2853 2770 2923 perfecta
2822 2850 3063 2904 columba
3115 2857 3483 2918 nuncupatur.
3536 2845 3721 2917 Regiis

2157 2962 2307 3013 vero,
2335 2944 2685 3000 inferioribus
2712 2952 2914 3006 tamen,
2942 2958 3063 3011 qua:
3100 2940 3302 2996 idcirco
3330 2940 3609 3009 sexaginta
3639 2955 3721 2993 re-

485 3032 559 3116 6}.
584 3032 784 3104 ψυχαῖς
833 3038 1079 3089 κοινωνεῖ
1122 3035 1667 3106 παιδαγωγουμέναις
1714 3038 1864 3109 φόϐῳ
1896 3038 2052 3093 Θεοῦ.
2082 3059 2125 3116 c
2158 3057 2181 3110 ρ

2022 3040 2052 3091 i.
2082 3059 2125 3116 ο
2158 3039 2297 3110 gina:
2340 3045 2486 3101 sunt,
2517 3036 2746 3106 aliisque
2775 3036 3063 3089 animabus
3105 3035 3474 3089 communicat
3497 3048 3617 3103 qua:
3652 3034 3718 3086 ti-

488 3115 656 3174 Λῦταί
686 3122 823 3176 εἰσιν
855 3122 912 3177 αί
945 3123 1287 3187 παλλακίδες.
1320 3125 1439 3177 Εἰσί
1469 3142 1613 3189 τινες
1643 3128 1736 3179 καὶ
1765 3126 1919 3197 ἄλλαι
1955 3129 2055 3199 ψυ-

490 3213 583 3285 χαὶ
603 3212 987 3285 ὑποδεέστεραι
1014 3214 1233 3268 ἔλαττον
1261 3216 1427 3283 φόϐον
1459 3216 1678 3287 ἔχουσαι
1699 3236 1716 3251 ⁸
1739 3214 1900 3274 αὗταί
1919 3222 2056 3275 εἰσιν

488 3305 545 3357 αί
587 3303 846 3369 νεάνιδες,
876 3299 952 3360 ὧν
983 3306 1083 3359 οὐκ
1114 3305 1262 3359 ἐστιν
1295 3306 1549 3377 ἀριθμός.
1596 3311 1655 3363 ’0
1696 3311 1923 3381 νυμφίος
1946 3312 2055 3365 τοί-

486 3413 603 3460 νυν,
628 3397 709 3467 τῷ
742 3398 836 3452 καὶ
870 3398 1056 3452 ἐνθάδε
1087 3398 1258 3463 καλὰς
1298 3401 1395 3453 καὶ
1420 3400 1721 3472 δυναμένας
1748 3403 1894 3474 αύτῷ
1918 3399 2053 3458 εἶναι

487 3483 583 3536 καὶ
613 3485 920 3571 κοινωνοὺς,
963 3486 1185 3558 ἑξῆλθεν
1207 3487 1316 3542 ἀπὸ
1354 3488 1448 3543 τοῦ
1489 3491 1693 3545 παστοῦ
1730 3493 2051 3566 ἐπουρανίου

487 3576 755 3629 κοινωνῶν
814 3577 1063 3647 ἀγγέλοις
1117 3580 1214 3633 καὶ
1266 3580 1652 3652 άρχαγγέλοιςο
1696 3584 1897 3649 αἵτινές
1945 3589 2050 3641 εἱσι

481 3666 694 3739 νύμφαι
724 3667 818 3725 τοῦ
848 3669 1051 3740 Λόγου·
1088 3672 1182 3726 καὶ
1203 3671 1384 3744 θρόνοι
1412 3674 1506 3728 καὶ
1530 3674 1864 3748 κυριότητες.

552 3857 657 3922 Elg-
675 3852 875 3924 κῆπον
896 3857 1121 3926 καρύας
1141 3858 1417 3929 κατέϐην.
1441 3861 1599 3917 Κατά
1622 3881 1674 3917 τι
1704 3865 2049 3938 παράδειγμα

482 3948 530 3999 οί
556 3946 753 4001 δίκαιοι
779 3947 979 4019 καρύαι
1001 3950 1129 4013 εἰσὶ,
1156 3950 1411 4022 φέροντες
1436 3953 1647 4024 καρπὸν
1675 3954 1763 4009 διὰ
1794 3957 1892 4028 τὴν
1915 3959 2047 4029 πρὸς

479 4035 614 4091 Θεὸν
656 4037 951 4109 θεραπείαν
995 4040 1287 4110 ἱερατικὸν,
1321 4041 1410 4094 διὰ
1453 4044 1512 4096 τὸ
1552 4045 1714 4116 ἑρκος
1748 4046 1892 4117 ἔχειν
1920 4050 2049 4121 περὶ

482 4128 651 4182 αὐτάο
698 4128 728 4182 ὃ
775 4131 956 4200 μέντοι
987 4131 1184 4203 πικρὸν
1229 4133 1326 4187 καὶ
1354 4132 1617 4205 χολῶδες,
1660 4134 1851 4207 ἕτερον
1886 4138 1943 4191 δέ
1987 4156 2048 4192 τε

481 4219 733 4291 σκληρόν.
768 4223 856 4275 Ἑν
875 4225 988 4287 τοῖς
1008 4224 1067 4278 δὲ
1089 4223 1398 4295 περιέχεται
1420 4226 1450 4278 ὀ
1468 4223 1561 4278 τοῦ
1584 4225 1795 4279 δικαίου
1816 4228 2046 4299 καρπὸς,

477 4310 565 4364 διὰ
603 4311 666 4366 τὸ
712 4314 909 4385 πικρὸν
951 4315 1046 4370 καὶ
1076 4315 1309 4388 σκληρὸν
1352 4315 1463 4370 τῶν
1502 4319 1845 4390 πειρασμῶν.
1887 4322 2047 4377 Ἀλλά

2159 3145 2309 3185 more
2350 3129 2441 3184 Dei
2469 3128 2809 3184 erudiuntur.
2843 3127 2934 3183 lla:
2962 3137 3090 3183 sunt
3135 3128 3470 3184 concubium.
3499 3126 3637 3181 Sunt
3666 3138 3725 3178 ιοι

2155 3223 2402 3292 quaedam
2464 3221 2547 3277 his
2618 3221 2904 3277 inferiores
2960 3221 3177 3285 animae,
3245 3220 3443 3275 minori
3511 3221 3724 3276 scilicet

2157 3314 2349 3368 timore
2397 3312 2649 3382 praeditas.
2683 3310 2777 3367 "re
2815 3318 2942 3366 sunt
2985 3310 3289 3380 juveni-uiae
3327 3326 3559 3381 quarum
3610 3328 3716 3365 non

2154 3415 2238 3460 est
2266 3421 2544 3459 numerus.
2590 3402 2835 3474 Sponsus
2862 3404 3046 3473 igitur,
3079 3404 3204 3473 quia
3257 3412 3309 3457 et
3357 3404 3408 3457 in
3458 3403 3561 3458 hac
3606 3403 3717 3456 vita

2154 3496 2397 3566 pulchrae
2444 3505 2609 3560 sunt,
2667 3503 3003 3564 possuntque
3051 3493 3212 3548 etiam
3253 3492 3375 3562 ejus
3423 3507 3547 3547 esse
3587 3506 3717 3543 eon-

2152 3596 2350 3651 sortes,
2379 3587 2512 3641 exiit
2562 3601 2591 3641 e
2637 3586 2840 3641 caelesti
2887 3585 3124 3640 thalamo
3173 3594 3231 3637 ut
3274 3598 3398 3637 cum
3430 3580 3634 3649 angelis
3664 3590 3717 3633 et

2152 3677 2491 3748 archangelis
2511 3677 2971 3732 communicaret:
3002 3694 3124 3749 qua:
3146 3682 3273 3731 sunt
3290 3672 3448 3728 Verbi
3477 3687 3692 3742 sponsa:

2153 3771 2449 3842 throuique
2476 3778 2530 3825 et
2555 3770 2972 3825 detniuationes.

2222 3863 2374 3919 Vers.
2418 3863 2500 3919 ιο.
2549 3860 2615 3916 In
2663 3863 2871 3914 hortum
2909 3860 3058 3912 nucis
3102 3855 3366 3911 descendi.
3409 3854 3548 3909 Justi
3579 3871 3714 3926 qua-

2148 3956 2272 4012 dam
2302 3952 2654 4009 similitudine
2685 3965 2850 4004 nuces
2883 3958 3030 4011 sunt,
3071 3946 3141 4000 ob
3172 3945 3265 4000 Dei
3294 3946 3500 4002 cultum
3535 3945 3714 4001 feren~

2149 4056 2230 4102 tes
2269 4041 2656 4099 sacerdotalem
2705 4039 2963 4100 fructum,
2998 4053 3061 4092 ea
3108 4037 3314 4092 scilicet
3346 4038 3575 4099 ratione,
3605 4054 3711 4106 qua

2149 4144 2403 4206 putamen
2425 4131 2833 4201 circumiectum
2856 4130 3056 4184 habent
3076 4147 3089 4182 :
3108 4128 3301 4197 duplex
3322 4129 3451 4182 illud
3469 4128 3711 4198 quidem,

2150 4225 2378 4279 alterum
2422 4222 2599 4276 acerbi
2649 4219 2929 4290 amarique
2969 4231 3186 4291 gustus,
3226 4218 3454 4272 alterum
3489 4219 3711 4273 durum.

2149 4315 2205 4371 In
2231 4316 2314 4371 his
2336 4324 2515 4369 autem
2535 4314 2665 4383 justi
2696 4311 2903 4369 fructus
2928 4313 3238 4369 continetur
3267 4319 3483 4382 propter
3511 4310 3714 4366 acerbi-

480 4401 573 4457 καὶ
605 4403 939 4475 χειμάρρους
982 4407 1013 4459 ὁ
1052 4407 1357 4477 πειρασμὸς
1392 4408 1602 4478 λέγοιτο
1633 4409 1774 4465 κατὰ
1800 4412 1882 4476 τὸ,
1913 4415 2042 4468 Χει-
2078 4394 2121 4449 ι)
2149 4420 2176 4463 t:

2016 4444 2042 4454 -
2078 4394 2310 4463 l)tatem
2358 4416 2410 4463 et
2462 4406 2753 4461 duritatem
2805 4407 3182 4461 tentatimnnn.
3241 4404 3344 4459 Sed
3394 4414 3446 4458 et
3498 4413 3712 4457 torrens

473 4491 742 4560 μὰῤῥουν
763 4493 1013 4564 διῆλθεν
1041 4498 1080 4566 ἡ
1112 4497 1283 4568 ψυχὴ
1310 4499 1495 4568 ἡμῶν.
1535 4501 1834 4575 Ἢὸουλήθη
1864 4505 2043 4562 τοίνυν

480 4581 512 4649 η
541 4581 748 4654 νύμφη,
783 4584 1067 4640 καταϐᾶσα
1098 4587 1177 4650 είς
1206 4587 1298 4640 τὸν
1328 4588 1503 4659 κῆπον
1528 4591 1628 4660 τῆς
1661 4592 1889 4663 καρύας,
1917 4612 2039 4648 του-

479 4669 655 4724 τέστιν
684 4672 992 4727 ἐκπεσοῦσα
1008 4674 1102 4728 τοῦ
1130 4676 1457 4746 παραδείσου
1480 4679 1616 4752 πρὸς
1629 4680 1725 4752 τὴν
1746 4683 2041 4755 ἑπίμοχθον

476 4759 677 4831 ταύτην
708 4762 872 4833 ζωὴν,
905 4763 1034 4817 ἰδεῖν
1077 4765 1376 4837 παράδοξόν
1416 4785 1469 4822 τι
1504 4769 1751 4843 γέννημα
1794 4773 1888 4828 τοῦ
1931 4794 2041 4846 χει-

480 4850 653 4919 μῶνος
682 4852 893 4923 ῥέοντος
913 4853 1113 4929 λαϐροῦ
1142 4858 1407 4929 ποταμοῦ.
1437 4860 1506 4913 Ἢ
1536 4862 1676 4917 κατά
1709 4864 2003 4938 Σύμμαχον
2021 4885 2036 4898 .

475 4942 699 5010 ιίατέϐη
734 4946 1091 5015 καταμαθεῖν
1116 4950 1165 5001 εί
1196 4950 1234 5017 νὴ
1259 4948 1496 5021 φάραγξ
1517 4952 1623 5007 τοῦ
1639 4955 1784 5019 ,βίου
1809 4956 2040 5026 ὀπώρας

476 5031 619 5099 ἔχει,
669 5034 832 5089 ἀλλὰ
882 5037 981 5091 καὶ
1036 5037 1187 5091 ἰδεῖν
1240 5042 1294 5094 εί
1342 5040 1612 5110 ἤνθησεν
1660 5045 1699 5111 ἡ
1750 5044 2035 5115 ἄμπελος,

476 5122 810 5193 διαφυγοῦσα
846 5127 940 5183 τὸν
976 5131 1236 5201 χειμῶνα,
1268 5131 1363 5185 καὶ
1413 5132 1474 5186 τὸ
1514 5133 1613 5205 ἔαρ
1648 5136 1899 5205 φθάσασα
1946 5139 2041 5193 τὸν

484 5212 668 5284 natpr
710 5216 806 5270 τοῦ
838 5218 1029 5289 Πάσχα
1078 5220 1173 5274 καὶ
1222 5222 1322 5292 τῆς
1365 5221 1473 5276 τῶν
1524 5222 1772 5295 Ἀζύμων
1822 5228 2037 5298 ἑορτῆς.

486 5302 616 5356 Τότε
646 5304 756 5377 γὰρ
784 5307 928 5377 φιλεῖ
945 5308 1124 5362 ἀνθεῖν
1153 5311 1211 5362 ἐν
1229 5313 1294 5382 τῇ
1332 5310 1560 5386 Ἰουδαίᾳ
1590 5315 1916 5387 ήάμπελος·
1945 5319 2037 5371 καὶ

2148 4498 2373 4555 teutatio
2401 4497 2507 4553 dici
2536 4506 2719 4567 queat,
2742 4496 2895 4567 juxta
2921 4497 3049 4551 illud
3081 4516 3094 4551 :
3128 4495 3429 4549 Torrentem
3448 4507 3713 4565 pertrans-

2146 4593 2239 4647 ivit
2285 4592 2464 4645 anima
2507 4599 2689 4644 nostra
2734 4592 2776 4644 '.
2831 4589 3056 4643 Volebat
3102 4588 3285 4657 itaque
3331 4603 3553 4657 sponsa,
3584 4605 3708 4643 cum

2146 4686 2200 4739 in
2253 4685 2470 4739 hortum
2506 4684 2660 4737 nucis
2706 4681 3095 4742 descendisset,
3128 4679 3232 4734 hoc
3259 4690 3343 4735 est
3386 4698 3416 4735 e
3456 4683 3711 4750 paradiso

2147 4775 2200 4829 in
2227 4789 2589 4829 mrumuosam
2624 4773 2764 4827 hanc
2792 4773 2956 4825 vitam
2986 4770 3372 4837 descendisset,
3402 4771 3707 4827 inauditum

2144 4868 2418 4939 Quoddam
2455 4869 2702 4937 genimen
2728 4863 2910 4917 videre
2934 4864 3134 4918 ﬂuento
3166 4880 3261 4933 per
3299 4864 3525 4919 hiemem
3560 4866 3709 4935 largo

2144 4960 2329 5015 ﬂuvio.
2351 4960 2458 5013 Aut
2475 4960 2628 5027 juxta
2654 4953 3041 5028 Symmachum
3072 4974 3084 5009 :
3116 4955 3368 5010 Descendi
3399 4965 3452 5008 ut
3478 4956 3706 5010 viderem

2145 5068 2267 5106 nunt
2292 5050 2545 5104 convallis
2586 5049 2706 5103 vita:
2729 5063 2882 5118 poma
2923 5049 3149 5113 haberet,
3178 5048 3269 5101 sed
3306 5058 3352 5102 et
3380 5057 3435 5100 ut
3479 5049 3705 5100 viderem

2142 5159 2269 5195 num
2327 5142 2448 5195 vitis
2514 5142 2820 5210 ﬂoruisset,
2876 5138 3070 5191 hiemis
3135 5139 3312 5191 soluta
3385 5137 3702 5198 laboribus,

2144 5231 2297 5301 ιοι
2330 5245 2394 5283 ac
2446 5243 2666 5282 vernam
2722 5236 2875 5280 nacta
2919 5234 3311 5294 ternpestatem,
3344 5224 3564 5278 Paschze
3606 5226 3706 5279 sci-

2141 5323 2266 5376 licet
2330 5330 2543 5390 tempus
2602 5335 2665 5373 ac
2726 5318 3083 5373 solemnitatis
3130 5321 3479 5387 Azymorum.
3551 5314 3705 5369 Tune

485 5396 534 5446 εὶ
563 5394 840 5466 ἤνθησαν·
870 5402 932 5454 al
961 5402 1120 5468 ῥοαὶ,
1161 5396 1237 5456 ὧν
1271 5404 1299 5455 ὁ
1337 5406 1547 5476 καρπὸς
1575 5407 1740 5473 πολὺς
1769 5409 1863 5463 καὶ
1892 5410 2043 5477 τάξει
2138 5432 2181 5469 el

2006 5429 2043 5466 ει
2138 5416 2282 5469 enim
2349 5414 2401 5466 in
2461 5413 2641 5467 iudica
2704 5411 2826 5465 vitis
2882 5410 3017 5465 solet
3069 5408 3279 5463 limere.
3339 5406 3483 5459 Num
3539 5408 3702 5463 etiam

491 5488 939 5561 περιειλημμένος
968 5493 1073 5546 ὑπὸ
1103 5494 1196 5548 τοῦ
1234 5495 1447 5562 λέπους,
1477 5491 1521 5568 ᾦ
1552 5501 1828 5574 ὡμοίωται
1858 5501 1914 5555 τὸ
1937 5503 2037 5574 μῆ-

554 5657 618 5715 ⁹Ι
652 5661 775 5717 Cur.
814 5680 905 5729 xv,
934 5664 1021 5718 2|.
1099 5668 1117 5698 ⁵
1148 5666 1288 5723 Psal.
1325 5687 1512 5748 cum,
1540 5681 1588 5738 5.

2142 5508 2440 5577 ﬂoruissent
2492 5503 2630 5557 mala
2673 5504 2884 5571 punica,
2930 5516 3159 5570 quorum
3200 5500 3453 5569 cepiosus
3495 5498 3707 5556 fruetus
