4296 6288
2 3220 5 3269 ν

0 3274 97 3553 ι

0 3584 5 3745 l

0 3750 5 3871 ξ

0 3886 3 3941 l

0 4268 17 4351 ἐ

0 4358 15 4401 ι

517 228 623 290 217
1940 233 2003 287 IN
2050 233 2213 290 ISAIA

2064 233 2302 290 TSAIAM.
3655 238 3760 295 2l8

520 348 577 400 in
602 358 719 419 cap:
741 358 797 419 vi
824 341 992 419 Isaite
1012 343 1150 398 citat
1179 343 1351 419 locum
1376 361 1404 399 e
1433 353 1573 399 tome
1602 353 1782 419 octavo
1826 347 1914 401 ubi
1941 349 2151 419 dicebat
2178 349 2453 419 Origenes,
2496 348 2543 403 si
2573 347 2970 419 Scripturarum
3016 363 3284 403 sacrarum
3320 357 3493 419 textus
3534 349 3762 407 llebrai.

517 411 891 489 cusAa'Judaris
917 412 1146 489 [pisctus
1168 414 1389 489 (uisset,
1403 432 1668 489 nunquam
1703 417 1944 489 futurum
1970 418 2156 486 fuisse,
2195 429 2251 489 ut
2279 411 2301 468 ἶ
2334 411 2588 489 Dominus
2616 427 2664 470 et
2693 411 2919 489 apostoli
2945 419 3033 486 qui
3061 427 3248 472 caetera
3274 418 3498 489 erimina
3532 435 3760 489 arguunt

520 487 586 559 in
612 482 812 559 Scribis
836 491 894 559 et
920 482 1242 559 Pharisa’is,‘
1267 483 1331 537 de
1368 484 1465 538 hoc
1501 482 1720 559 crimine
1754 486 1892 559 quod
1921 482 2040 559 erat
2062 482 2354 559 maximum
2394 482 2741 559 reticuissem.
2764 505 2794 559 ρ
2830 482 3081 559 Observat
3109 497 3362 559 plecteret!
3410 482 3760 559 Hieronymus

522 555 618 636 tib.
646 569 662 606 ι
688 553 742 671 iln
778 551 1033 606 Ruﬁnum
1065 552 1387 607 tricesimum
1428 562 1626 608 tomum
1654 551 1872 609 desiisse
1900 558 2248 626 explicatione
2275 572 2435 626 quam
2461 557 2718 609 didicerat
2747 554 2998 626 Origenes
3026 551 3299 609 ab'Huilo
3329 551 3638 612 Judteorum
3660 577 3759 629 pa-

525 638 690 671 ηἠπε
708 638 781 671 ια.

525 640 541 681 ι
549 638 781 677 rrarcua.

593 691 806 763 Prteter
821 692 973 763 hosce
1005 700 1192 763 tomos,
1224 691 1527 763 ferebantur
1566 691 2095 763 aetate'Hieronymi,
2145 704 2202 748 ut
2246 694 2354 762 ipse
2393 694 2466 746 ait
2495 692 2707 760 prtefat.
2747 704 3038 749 comment.
3074 695 3130 747 in
3160 694 3384 757 Isaiam,
3425 713 3442 746 ι
3468 706 3516 748 et
3544 698 3641 751 alii
3663 700 3757 751 sub

522 761 728 837 nomine
757 761 871 828 ejus
904 761 969 837 de.
1002 761 1198 837 risioue
1235 762 1634 831 quadrupedum
1668 763 1772 815 duo
1802 763 1870 815 ad
1899 761 2122 818 Gratum
2165 761 2288 837 l_i_bri
2319 765 2408 833 qui
2429 764 2833 837 pseudogrgphi
2861 764 3208 837 putabantur,
3233 773 3283 817 et
3326 765 3510 832 viginti
3536 770 3760 837 quinque

522 830 853 905 Itomilite,__et
886 830 1282 905 adnotationem
1301 847 1434 899 quas
1448 830 1701 905 excerpta
1736 848 2014 901 possumus
2045 830 2340 902 appellare;
2365 851 2390 905 ιΔ
2415 831 2561 905 Libri
2580 830 2663 905 ad
2688 830 2910 886 Gratum
2941 834 3228 901 perierunt,
3277 830 3496 886 nec’non
3517 830 3759 905 eiecerpta

518 916 612 972 seu
639 900 864 954 scholia.
898 897 1164 972 EAuiginti
1195 897 1418 972 quinique
1460 902 1695 972 homiliis
1736 897 2019 972 supersunt
2057 897 2422 972 tantummodo
2466 900 2655 956 Latine
2680 918 2857 972 novem
2889 897 3019 972 quas
3062 897 3437 972 interpretatus
3462 914 3539 958 est
3580 897 3759 959 beatus

522 967 901 1043 Hieronymus.
939 967 1194 1043 Observat
1215 967 1582 1043 Ruﬁ—nustlib.
1628 987 1665 1024 ιι
1708 971 1766 1043 in
1803 967 2587 1043 llieronymum)in_terpretetu
2625 972 2793 1043 nimia
2837 967 3078 1043 libertate
3104 967 3258 1025 usum
3287 971 3470 1040 fuisse,
3507 983 3663 1043 atque
3697 991 3761 1028 ea:

520 1038 777 1110 omnibus
795 1037 1060 1110 erroribus
1084 1039 1270 1108 quibus
1289 1037 1595 1110 scatebunt,
1614 1056 1701 1093 eos
1731 1037 2106 1109 duntaxat'qui
2131 1037 2405 1094 catholica:
2439 1040 2502 1093 de
2546 1039 2804 1095 Trinitate
2841 1041 2968 1110 ﬁdei
3001 1037 3436 1106 adversabantur,
3463 1037 3758 1110 sustulisse,

518 1107 706 1179 aut_ad
727 1107 1112 1179 clementiorem
1138 1123 1348 1179 sensum
1374 1109 1690 1179 quibusdam
1714 1111 1911 1179 additis
1929 1151 1942 1169 .
1971 1107 2290 1179 quibusdam
2321 1110 2585 1173 detractis
2607 1107 2887 1163 revocasse.
2917 1109 2981 1162 In
3012 1110 3306 1179 exemplum
3337 1111 3555 1164 adducit
3583 1107 3758 1166 locum

516 1192 586 1247 ea;
618 1175 838 1247 homilia
867 1177 1061 1247 prima,
1092 1176 1182 1230 ubi
1214 1175 1495 1247 postquam
1540 1180 1691 1233 vertit
1735 1175 2090 1247 Hieronymus
2113 1197 2133 1234 :
2171 1198 2189 1229 ‹
2224 1177 2328 1242 Qui
2369 1189 2491 1231 sunt
2535 1180 2639 1232 ista
2678 1183 2780 1233 duo
2815 1180 3120 1247 seraphim?
3151 1175 3405 1233 Dominus
3435 1198 3576 1234 meus
3602 1180 3760 1237 Iesus

520 1245 765 1299 Christus
813 1243 1142 1317 et'ASpiritus
1188 1243 1422 1317 sanctus,
1459 1268 1478 1299 ι
1533 1248 1596 1301 de
1647 1264 1743 1300 suo
1789 1243 1996 1302 addidit
2042 1263 2062 1301 :
2096 1268 2114 1299 ι
2154 1247 2237 1300 Ne
2273 1257 2423 1317 putes
2472 1247 2748 1303 Trinitatis
2789 1243 3043 1302 dissidere
3084 1258 3350 1316 naturam,
3391 1251 3437 1303 si
3490 1253 3760 1305 nominum

518 1315 1013 1389 serpantunoﬂicia.
1045 1333 1062 1365 ι
1098 1313 1275 1389 Inhis
1298 1317 1531 1389 homiliis
1554 1334 1615 1369 ac
1637 1319 1927 1389 praesertim
1949 1327 2215 1389 quarta‘et
2245 1313 2393 1371 sexta
2432 1333 2719 1389 sermonem
2753 1318 2820 1370 ad
2850 1320 3239 1389 catechumenos
3256 1329 3304 1372 et
3327 1313 3396 1372 ad
3409 1319 3655 1389 populum
3672 1320 3759 1373 di-

519 1384 646 1456 rigit
668 1399 686 1436 :
716 1383 854 1437 unde
880 1383 1059 1437 nullus
1089 1386 1367 1438 dubitandi
1408 1386 1552 1456 locus
1585 1383 1659 1456 est
1685 1388 1811 1456 quin
1843 1383 1979 1441 verte
2021 1387 2254 1441 homiliaz
2290 1389 2417 1450 sint,
2454 1388 2577 1441 licet
2608 1388 2963 1442 constrictiori
3003 1401 3052 1442 et
3093 1389 3384 1443 obscuriori
3409 1383 3760 1444 enuntientur

522 1452 867 1527 stylo,_quam
894 1456 1449 1527 vulgo_expri_muntur
1474 1454 1597 1509 alia:
1627 1452 1868 1525 Or'igenis
1893 1457 2145 1511 homiliw.
2179 1456 2337 1509 Nona
2360 1458 2667 1526 imperfecta
2689 1467 2788 1521 est,
2820 1457 2967 1527 eique
2995 1474 3263 1527 perperam
3288 1460 3512 1512 insertus
3539 1469 3614 1513 est
3635 1460 3759 1527 ﬁnis

520 1521 754 1598 homiliag
780 1521 1343 1598 nonaainﬁleremiam.
1378 1522 1493 1598 Quo
1519 1521 1744 1598 tempore
1772 1527 2132 1598 pronuntiata:
2163 1526 2383 1594 fuerint,
2418 1521 2685 1598 incertum
2703 1536 2800 1582 est.
2830 1521 2896 1579 1d
2928 1521 3095 1580 un'um'
3116 1528 3283 1583 statui
3315 1536 3482 1597 potest
3524 1521 3759 1598 pronun-

523 1591 685 1644 tiatus
718 1591 888 1660 fuisse
908 1591 973 1645 ab
1009 1590 1233 1662 Origene
1260 1595 1578 1663 presbytero.
1611 1594 1749 1665 Ergo
1772 1590 2106 1651 collocanda:
2127 1590 2389 1664 suntpost
2413 1613 2607 1650 annum
2628 1597 2755 1652 238.

1232 1929 1348 1989 Ε’Χ.
1398 1928 1641 1989 LlBRO
1702 1927 1955 1989 PRIMO
2013 1927 2394 1989 ORIGENIS
2455 1929 2702 1990 SUPER
2738 1930 3041 1992 ISAIAM.

594 2236 752 2307 105
770 2235 883 2308 (78)
899 2232 1756 2306 SicutdicitApostolusquouiam
1769 2236 2098 2291 aemulatores
2129 2240 2170 2298 A
2201 2234 2286 2290 bis
2317 2250 2459 2290 unus
2500 2245 2585 2291 est
2629 2235 2769 2291 Deus
2804 2233 2964 2290 Pater
2995 2251 3061 2290 ex
3105 2251 3216 2307 quo
3247 2238 3428 2293 omnia
3452 2280 3467 2306 ,
3509 2255 3650 2296 unus
3679 2250 3764 2297 est

515 2331 645 2383 estis
670 2328 957 2397 spirituum
982 2327 1027 2359 ²⁰
1059 2343 1078 2383 .’
1107 2327 1248 2382 sicut
1272 2343 1396 2382 cum
1431 2344 1571 2382 unus
1602 2329 1671 2382 sit
1702 2328 1921 2398 spiritus
1953 2327 2088 2382 tanti

517 2435 613 2488 per
640 2417 887 2488 singulos
918 2416 1174 2470 dicuntur
1207 2416 1445 2486 Spiritus
1497 2416 1700 2480 sancti,
1733 2417 1921 2486 quanti
1961 2424 2090 2473 sunt

522 2510 575 2563 hi
620 2508 715 2579 qui
765 2508 969 2563 habent
1000 2507 1054 2560 in
1097 2522 1156 2562 se
1200 2506 1459 2577 Spiritum
1496 2518 1747 2561 sanctum
1782 2509 1898 2563 :ita
1935 2518 1989 2563 et
2020 2509 2088 2564 de

520 2598 740 2652 Christo
769 2597 1058 2652 dicendum
1092 2605 1195 2652 est.
1243 2597 1326 2650 Ab
1360 2611 1470 2650 uno
1502 2598 1644 2651 enim
1677 2596 1897 2652 Christo
1931 2597 2085 2652 multi

523 2689 655 2744 tium
698 2688 938 2753 Christi,
988 2689 1055 2744 de
1108 2689 1309 2759 quibus
1361 2687 1635 2759 Scriptura
1687 2689 1855 2744 dicit:
1911 2688 2092 2745 Nolite

524 2790 732 2850 tangere
771 2780 992 2834 christos
1042 2796 1181 2834 meos
1206 2821 1223 2846 ,
1272 2789 1318 2834 et
1357 2781 1409 2833 in
1449 2781 1712 2850 prophetis
1759 2782 1885 2835 meis
1931 2781 2090 2841 nolite

522 2872 885 2942 utalignari".
916 2868 1008 2925 Sic
1034 2879 1089 2925 et
1119 2870 1189 2924 ab
1221 2885 1329 2925 uno
1359 2869 1469 2926 Deo
1512 2871 1663 2925 mulli
1691 2869 1766 2924 dii
1811 2870 2092 2938 dicuntur,

521 2976 711 3017 omnes
741 2961 947 3018 scilicet
983 2959 1038 3016 hi
1080 2962 1134 3016 in
1169 2950 1372 3032 quibus
1415 2961 1623 3017 habitat
1656 2961 1838 3029 Deus;
1884 2962 1975 3018 sed
2005 2976 2097 3018 no-

2192 2340 2326 2396 ergo
2360 2340 2521 2381 verus
2551 2324 2696 2381 Deus
2721 2326 2846 2396 qui,
2875 2337 2933 2381 ut
2961 2329 3033 2381 ita
3062 2327 3326 2393 dixerim,
3372 2338 3654 2399 prteslator
3678 2340 3762 2386 est

2193 2417 2413 2473 deitatis
2440 2457 2455 2481 ,
2502 2425 2557 2470 et
2603 2432 2745 2472 unus
2786 2417 3041 2473 Christus
3090 2418 3262 2472 factor
3308 2420 3669 2488 christormn,
3706 2431 3761 2476 et

2194 2524 2338 2565 unus
2390 2506 2629 2577 Spiritus
2690 2519 2911 2564 sanctus
2958 2509 3049 2580 qui
3110 2525 3206 2578 per
3258 2510 3498 2580 singulas
3550 2513 3760 2568 animas

2191 2606 2502 2654 sanctorum
2545 2596 2675 2651 facit
2706 2595 2967 2665 Spiritum
3016 2607 3289 2653 sanctum.
3341 2599 3591 2655 Christus
3634 2618 3764 2655 vero

2192 2689 2336 2744 sicut
2380 2703 2476 2758 per
2523 2687 2627 2742 hoc
2662 2692 2806 2756 quod
2836 2688 3088 2743 Christus
3118 2699 3200 2743 est
3246 2688 3375 2744 facit
3398 2690 3654 2755 christos,
3687 2692 3761 2745 ita

2192 2788 2247 2833 ει
2288 2794 2382 2849 per
2429 2778 2532 2833 hoc
2563 2778 2709 2848 quod
2745 2788 2827 2834 est
2876 2778 3045 2834 Filius
3097 2781 3188 2834 Dei
3229 2790 3282 2835 ct
3320 2780 3464 2836 ﬁlius
3507 2781 3763 2850 proprius

2194 2877 2250 2927 et
2282 2869 2627 2940 unigenitus,
2655 2885 2847 2925 omnes
2877 2886 2971 2925 eos
3002 2870 3095 2940 qui
3125 2871 3430 2943 percipiunt
3465 2872 3535 2927 ab
3555 2887 3620 2929 co
3650 2872 3763 2942 spi-

2196 2964 2361 3018 ritum
2389 2962 2720 3032 ad0ptionis,
2752 2962 2890 3020 tilios
2917 2963 3013 3020 Dei
3042 2963 3195 3019 facit.

1082 3324 1134 3384 E
1179 3321 1560 3384 VICESIMO
1596 3320 1932 3383 OCTAVO
1996 3320 2234 3382 ΜΒΚο
2295 3320 2665 3384 ORIGENIS
2724 3324 2807 3384 IN
2870 3323 3179 3386 ISAIAM.

618 3452 694 3510 De
733 3453 827 3510 illo
869 3450 1108 3523 capitulo
1159 3451 1215 3507 in
1260 3465 1372 3522 quo
1421 3449 1620 3506 dicitur
1651 3466 1665 3502 :
1713 3449 2185 3504 Resuscitabuutur
2222 3450 2453 3515 mortui,
2484 3459 2533 3504 et
2572 3460 2839 3521 resurgent
2877 3450 2932 3504 hi
2966 3452 3058 3522 qui
3096 3452 3148 3505 in
3178 3453 3433 3522 sepulcris
3456 3454 3661 3509 sunt“.

593 3678 706 3751 (79)
745 3676 1105 3749 Meliusxergo
1133 3688 1217 3734 εει
1242 3677 1422 3734 dicere
1463 3678 1612 3749 quod
1648 3693 1841 3735 omnes
1867 3680 2082 3750 quidem
2115 3695 2157 3750 Β
2187 3688 2373 3753 partes
2405 3679 2611 3749 possit,
2645 3676 2697 3731 id
2728 3684 2847 3744 est,
2895 3675 2949 3730 in
2976 3690 3073 3731 eos
3105 3675 3199 3745 qui
3243 3674 3486 3731 salvandi
3515 3681 3644 3727 sum
3664 3673 3758 3744 ju—

523 3786 888 3841 resurgemus,
914 3778 973 3825 ut
1001 3778 1056 3826 et
1079 3770 1230 3840 impii
1264 3770 1482 3825 veniant
1511 3771 1564 3825 in
1598 3770 1748 3825 illum
1785 3772 1960 3828 locum
1993 3773 2084 3829 uhi

522 3861 678 3917 ﬂetus
708 3870 792 3917 est
821 3871 875 3916 et
905 3861 1109 3917 stridor
1129 3862 1372 3917 dentium
1395 3902 1410 3927 ,
1442 3868 1497 3917 et
1524 3863 1615 3917 ubi
1660 3863 1794 3934 justi
1825 3865 2088 3935 recipient

523 3954 899 4024 unusquisque
928 3953 981 4008 in
1012 3968 1114 4009 suo
1146 3954 1337 4009 ordine
1367 3955 1667 4010 secundum
1700 3956 1951 4011 meritum
1995 3956 2088 4011 bo-

523 4060 716 4100 norum
767 4053 1044 4114 gestorum
1098 4060 1325 4100 suorum
1354 4084 1373 4110 ,
1415 4060 1540 4099 cum
1606 4046 2087 4102 transformabitur

522 4152 722 4206 corpus
745 4135 1068 4191 humilitatis
1092 4150 1305 4199 eorum,
1345 4145 1403 4189 ut
1432 4134 1504 4190 sit
1532 4134 1814 4190 conforme
1843 4137 2089 4205 corporis

522 4227 704 4298 gloria:
754 4226 992 4295 Christi;
1045 4226 1191 4298 quod
1243 4227 1571 4282 seminatum
1617 4225 1836 4297 quidem
1882 4240 1967 4282 est
2033 4227 2087 4281 in

522 4319 901 4389 corruptione,
954 4329 1139 4390 surget
1174 4334 1302 4374 vero
1350 4320 1404 4373 in
1451 4318 1896 4388 incorruptione;
1943 4320 2089 4389 quod

522 4408 850 4464 seminatum
879 4418 963 4467 est
988 4410 1043 4465 in
1073 4410 1392 4481 ignominia,
1412 4420 1597 4480 surget
1620 4395 1911 4479 ingloria;
1942 4411 2088 4481 quod

523 4501 848 4556 scminatum
879 4511 961 4557 est
992 4502 1046 4555 in
1077 4500 1409 4567 infirmitate,
1445 4510 1631 4572 surget
1663 4502 1717 4556 in
1751 4503 1971 4570 virtute,
2004 4519 2092 4561 re-

523 4591 877 4647 surrectionis
909 4592 1119 4647 scilicet
1164 4601 1438 4661 tempore;
1487 4601 1540 4647 et
1577 4592 1722 4662 quod
1757 4593 2087 4648 seminatum

523 4690 605 4737 est
628 4697 828 4752 corpus
856 4682 1109 4747 animale,
1128 4692 1309 4753 surget
1339 4693 1517 4737 autem
1545 4698 1744 4753 corpus
1763 4684 2005 4755 spiritale
2018 4686 2084 4738 ’⁸.

525 4770 672 4827 Licet
694 4788 825 4844 ergo
855 4789 1047 4829 omnes
1078 4783 1380 4844 resurgant,
1414 4781 1469 4827 et
1503 4776 1879 4844 unusquisque
1908 4775 1961 4829 in
1985 4790 2088 4831 suo

523 4863 712 4920 ordine
741 4873 1009 4935 resurgat,
1042 4866 1493 4920 considerandum
1535 4874 1618 4921 est
1660 4874 1839 4920 tamen
1870 4876 2090 4936 promer

523 4954 671 5011 illum
701 4973 1010 5013 sermonem
1036 4957 1262 5013 Joannis
1284 5001 1298 5024 ,
1329 4972 1491 5027 quem
1525 4959 1578 5011 in
1614 4956 1961 5013 Revelatione
1991 4974 2087 5014 sua

2189 3782 2304 3830 stos
2326 3811 2342 3837 ,
2394 3781 2447 3825 ει
2488 3785 2584 3826 εοε
2620 3768 2712 3839 qui
2745 3766 3025 3823 crueiandi
3056 3774 3183 3820 sunt
3213 3773 3559 3835 peccatores;
3595 3775 3653 3819 ut
3690 3767 3763 3820 sit

2190 3881 2298 3923 una
2321 3863 2540 3936 quidem
2569 3863 2861 3926 bonorum,
2891 3873 3012 3929 quae
3039 3857 3241 3911 dicitur
3273 3856 3446 3925 prima
3470 3874 3484 3922 ;
3511 3856 3599 3910 illa
3630 3873 3767 3912 vero

2188 3970 2310 4027 qua:
2337 3963 2422 4009 εει
2447 3952 2795 4016 miserorum,
2827 3946 3065 4003 secunda
3100 3943 3346 4012 dicatur;
3374 3954 3426 4000 et
3461 3945 3607 4001 illam
3637 3947 3760 4016 qui;

2189 4048 2312 4102 dem
2362 4046 2416 4097 in
2451 4042 2705 4095 omnibus
2746 4054 2866 4093 esse
2895 4050 3088 4107 puram
3110 4075 3127 4103 ,
3155 4036 3417 4102 hilarem,
3453 4039 3618 4093 totius
3642 4039 3758 4107 plc-

2190 4149 2316 4189 nam
2338 4132 2574 4196 laetitia;
2606 4130 2755 4183 illam
2782 4142 2911 4181 vero
2941 4128 3165 4181 alteram
3194 4135 3357 4181 totam
3389 4128 3597 4182 tristem
3623 4169 3638 4192 ,
3674 4139 3759 4183 to-

2191 4234 2302 4280 tam
2338 4221 2593 4277 mtrroris
2626 4220 2861 4290 plenam,
2901 4226 2955 4274 et
2985 4218 3198 4274 actibus
3223 4232 3289 4272 ac
3313 4217 3421 4270 vita
3447 4231 3635 4271 eorum
3679 4217 3764 4270 di-

2191 4330 2350 4386 gnam
2383 4313 2476 4384 qui
2504 4313 2555 4365 in
2591 4310 2844 4381 praesenti
2873 4312 2983 4366 vita
3017 4310 3113 4366 Dei
3146 4310 3402 4366 mandata
3427 4318 3765 4376 contempse-

2191 4413 2352 4472 runt,
2401 4413 2456 4460 ει
2499 4402 2690 4474 iudicii
2739 4402 2861 4471 ejus
2909 4404 3101 4459 timore
3152 4402 3394 4472 neglecto
3439 4400 3767 4480 seiunctipsos

2191 4500 2529 4556 tradiderunt
2572 4499 2626 4553 in
2674 4500 3042 4568 operationem
3089 4497 3257 4552 totius
3303 4494 3660 4549 iminunditize
3706 4502 3763 4548 et

2191 4591 2451 4656 avaritiae,
2481 4606 2579 4645 nec
2610 4588 2668 4645 se
2700 4604 3006 4660 pra-parare
3037 4589 3217 4643 conati
3246 4596 3395 4651 sunt,
3429 4594 3488 4640 ut
3510 4586 3761 4640 resistere

2190 4680 2505 4738 adversario
2530 4689 2754 4751 possent
2777 4681 3042 4735 adversus
3070 4680 3373 4734 contrarias
3397 4686 3559 4748 atque
3586 4678 3763 4733 inimi-

2190 4791 2283 4830 cas
2333 4775 2574 4829 humano
2637 4771 2823 4843 generi
2876 4779 3191 4841 potestates.
3253 4769 3510 4841 Sepulcra
3575 4778 3758 4824 autem

2191 4876 2532 4923 mortuorum
2566 4867 2619 4919 in
2648 4866 2751 4919 hoc
2776 4864 2899 4919 loco
2930 4865 3073 4919 sicut
3108 4874 3162 4918 et
3193 4863 3244 4917 in
3286 4863 3473 4918 multis
3521 4863 3640 4917 aliis
3669 4877 3761 4915 εει

2191 4958 2428 5014 cundum
2483 4956 2773 5012 certiorem
2832 4953 3125 5023 Scriptura:
3183 4969 3403 5009 sensum
3451 4952 3760 5019 accipienda

525 5046 653 5102 dicit
693 5064 707 5100 :
758 5048 955 5102 Beatus
1001 5050 1092 5119 qui
1145 5048 1295 5102 habet
1355 5059 1556 5118 portent
1605 5049 1660 5101 in
1713 5050 2088 5103 resurrectione
2115 5020 2158 5079 δ
2193 5055 2357 5109 sunt,
2392 5060 2500 5100 non
2533 5044 2708 5099 solum
2742 5058 2802 5096 ea
2832 5057 2953 5111 qua:
2978 5041 3044 5095 ad
3075 5042 3465 5119 depositione-in
3494 5041 3759 5093 humqu-

527 5140 715 5208 prima,
744 5141 796 5195 in
822 5141 917 5194 hoc
948 5141 1176 5195 secunda
1214 5157 1350 5195 mors
1377 5158 1478 5194 non
1517 5141 1668 5195 habet
1695 5151 2002 5210 potestatem
2019 5140 2087 5206 ";

529 5246 594 5286 ne
620 5231 756 5287 forte
788 5232 954 5287 dividi
1003 5233 1182 5288 omnis
1234 5232 1649 5287 resurrectionis
1695 5232 1831 5287 ratio
1864 5232 1918 5286 in
1951 5232 2088 5287 duas

2195 5154 2315 5194 rum
2368 5153 2658 5207 corporum
2704 5136 2957 5189 videntur
3004 5149 3125 5188 esse
3174 5144 3521 5197 constructa,
3577 5131 3657 5183 vel
3706 5131 3762 5182 in

2195 5233 2344 5289 saxis
2368 5230 2576 5294 excisa,
2626 5237 2717 5282 aut
2751 5228 2804 5281 in
2835 5238 2976 5282 terra
3009 5226 3251 5291 defossa,
3284 5227 3377 5281 sed
3405 5223 3583 5279 omnis
3610 5223 3766 5277 locus

596 5350 640 5381 ²⁰
670 5350 841 5405 lCor.
875 5367 985 5414 xlv,
1022 5351 1103 5405 l2.
1178 5354 1220 5384 ¹¹
1247 5351 1392 5407 Psal.
1421 5369 1529 5420 CIV,
1556 5354 1643 5408 15.
1720 5354 1766 5385 τ’
1806 5350 1908 5406 Isa.
1942 5366 2090 5417 sxw,
2133 5351 2212 5405 l9.
2291 5361 2292 5365 ‘

1806 5350 1908 5406 Isa.
1942 5366 2090 5417 sxw,
2133 5351 2212 5405 l9.
2291 5351 2336 5382 *³
2378 5348 2548 5405 lCor.
2589 5364 2655 5401 xv
2682 5388 2695 5413 ,
2733 5345 2803 5401 42
2831 5347 2920 5400 44.
2997 5345 3042 5376 ’³
3068 5343 3238 5414 Apoc.
3282 5360 3345 5397 sx
3372 5382 3386 5406 ,
3415 5342 3467 5391 li.

598 5529 708 5604 (18)
749 5528 938 5604 Exstat
981 5530 1145 5604 hocet:
1176 5531 1535 5604 h'agnientum
1564 5534 1616 5590 in
1650 5532 1899 5604 Apologia
1932 5532 2090 5588 Pam-

535 5597 660 5668 phili
701 5599 953 5671 martyris
983 5616 1076 5669 pro
1110 5597 1348 5673 Origene.

2269 5530 2387 5651 (79}
2426 5528 2661 5581 llalwtnr
2699 5528 2867 5580 hocce
2920 5524 3279 5592 fragmentum
3307 5524 3358 5573 iu
3391 5518 3577 5576 eadem
3629 5520 3771 5591 Apu-

2269 5602 2333 5651 ήα
2391 5597 2633 5651 ‘amnhili
2660 5594 2912 5651 martvris
2941 5609 3032 5651 nro
3068 5593 3308 5651 Oriqcue.

2194 5601 2333 5671 logia
2368 5593 2633 5667 Pamphili
2660 5594 2912 5667 martyris
2940 5609 3032 5663 pro
3068 5593 3308 5663 Origene.
