4296 6288
532 303 637 362 229

1986 293 2334 371 \OlthENlS

3678 290 3788 347 2%0

533 422 589 478 in
635 434 964 492 quocunque
990 418 1073 474 vel
1102 419 1370 488 integrum
1403 414 1703 471 humanum
1754 428 1954 484 corpus
1977 452 1991 478 ,
2020 412 2107 468 vel
2135 421 2181 478 Α
2209 423 2312 470 est.
2358 412 2424 469 Et
2479 414 2773 485 interjectis
2818 411 3175 485 quibusdam:
3204 408 3341 466 Cum
3399 421 3528 481 ergo
3582 407 3784 465 Paulus

534 530 601 567 ex
631 521 783 583 parte
811 513 991 580 aliqua
1024 510 1190 579 iacet,
1219 505 1433 562 etiamsi
1466 508 1676 562 accidat
1708 514 1765 560 ut
1796 521 1965 560 unum
1995 519 2113 559 cor-

533 619 637 674 pus
672 619 769 673 per
794 604 912 657 loca
945 601 1109 654 multa
1145 599 1453 667 dispersum
1498 599 1603 664 sit,
1647 598 1945 653 absurdum
2001 612 2110 652 non

532 697 641 751 erit
673 696 856 750 omnia
887 708 947 747 ea
980 692 1100 746 loca
1130 692 1182 744 in
1212 691 1413 761 quibus
1457 706 1586 760 pars
1631 690 1816 760 aliqua
1863 688 2110 758 corporis

529 791 692 859 iacet,
736 787 981 856 sepulcra
1015 785 1262 854 corporis
1294 785 1415 855 ejus
1444 783 1574 838 dici.
1609 781 1665 836 Si
1690 782 1837 836 enim
1880 796 1988 835 non
2032 779 2109 833 ita

533 880 866 948 accipiamus
910 890 1193 947 resurgere
1256 877 1324 931 de
1370 874 1639 944 sepulcris
1689 873 1806 927 suis
1865 880 2110 926 mortuos

529 968 711 1025 divina
762 968 992 1032 virtute,
1058 968 1151 1036 qui
1223 983 1566 1037 nequaquam
1624 973 1751 1021 sunt
1819 965 2111 1033 sepulturae

530 1056 794 1124 mandati,
821 1072 997 1126 neque
1030 1055 1084 1110 in
1117 1057 1385 1126 sepulcris
1415 1055 1683 1125 depositi,
1719 1054 1812 1109 sed
1837 1053 1951 1108 sive
1978 1069 2112 1106 nau-

529 1149 750 1219 fragiis,
783 1150 898 1205 sive
930 1150 984 1203 in
1010 1149 1243 1203 desertis
1274 1149 1552 1218 aliquibus
1585 1146 1827 1201 defuncti
1857 1153 1988 1200 sunt
2029 1145 2110 1199 lo-

528 1241 641 1306 cis,
690 1244 764 1296 ita
798 1250 857 1296 ut
887 1242 1182 1311 sepulturae
1213 1239 1463 1295 mandari
1493 1255 1598 1295 non
1628 1237 1939 1308 potuerint,
1972 1253 2107 1291 num

530 1332 859 1388 videbuntur
907 1331 1254 1387 annumerari
1301 1333 1442 1385 inter
1478 1347 1573 1386 eos
1616 1329 1710 1399 qui
1741 1330 1807 1383 de
1842 1327 2107 1397 sepulcris

534 1421 893 1480 resuscitaudi
923 1426 1203 1479 dicuntur?
1225 1423 1379 1489 Quod
1404 1422 1592 1491 utique
1623 1420 1780 1474 valde
1807 1419 2107 1475 absurdum

2215 505 2425 572 scribit,
2454 507 2601 576 quod
2635 506 2773 560 sicut
2801 503 2957 560 stella
2989 521 3023 557 a
3055 500 3210 556 stella
3258 500 3435 569 di/fert
3487 502 3544 554 in
3581 497 3771 569 gloria,

2212 598 2291 651 ita
2335 598 2433 652 erit
2477 606 2528 651 et
2574 596 2886 652 resurrectio
2932 603 3294 657 mortuorum;
3321 599 3377 645 et
3423 590 3568 660 quod
3600 591 3785 644 dicit:

2214 688 2527 744 Seminatur
2555 691 2611 742 in
2645 688 2998 757 corruptione,
3027 695 3200 754 surget
3227 684 3280 736 in
3308 682 3697 750 incorruptione
3711 681 3784 738 ",

2213 789 2267 835 et
2299 790 2490 835 caetera
2522 778 2835 849 huiusmodi
2871 773 3159 831 manifeste
3184 773 3299 827 hazc
3327 770 3395 827 de
3419 771 3539 825 solo
3554 786 3781 840 corpore

2215 870 2424 925 scribit.
2444 868 2559 923 Non
2581 869 2726 923 enim
2744 867 2925 923 anima
2942 865 3207 920 seminata
3229 870 3312 917 est
3339 863 3391 916 in
3412 862 3778 930 corruptione,

2215 965 2310 1011 aut
2339 959 2391 1010 in
2434 956 2781 1021 inﬁrmitate,
2815 962 2908 1008 aut
2937 955 2990 1007 in
3021 951 3337 1022 ignominia.
3384 949 3626 1018 Denique
3665 949 3771 1001 evi-

2212 1047 2403 1100 denter
2451 1044 2697 1115 adiungit
2738 1042 2825 1099 his
2870 1040 3125 1098 omnibus
3174 1048 3228 1095 et
3272 1040 3442 1095 dicit:
3480 1035 3783 1122 Seminatur

2215 1152 2402 1206 corpus
2438 1136 2667 1190 animale
2689 1134 2734 1166 ’⁸
2759 1151 2778 1188 :
2809 1143 2868 1188 ut
2898 1149 2966 1188 ne
2998 1133 3122 1202 quis
3154 1138 3370 1200 putaret
3394 1126 3630 1182 animam
3660 1143 3781 1181 esse

2212 1242 2336 1297 quae
2388 1229 2690 1282 seminatur
2718 1228 2772 1282 in
2805 1226 3185 1295 corruptione,
3216 1223 3300 1278 vel
3355 1222 3410 1275 in
3450 1220 3779 1291 ignominia,

2212 1321 2295 1375 vel
2328 1320 2378 1374 in
2412 1319 2743 1373 inﬁrmitate.

555 1574 3749 1616 WWM

1837 1761 2512 1878 OBIGENIS

1150 1999 1722 2091 HOMILUE
1802 1999 1924 2088 IN
1994 1998 2179 2087 VIS

2147 1995 2557 2088 SIONES
2614 1974 3153 2083 ISAUE‘B‘”.

2115 2212 2185 2221 -α

1020 2337 1180 2410 me
1218 2337 1500 2393 llOMiLIA
1538 2338 1578 2392 ι.

530 2446 690 2519 Vtsto
727 2449 779 2504 I.
825 2447 893 2501 Et
937 2449 1137 2519 factum
1187 2460 1263 2503 est
1310 2451 1365 2503 in
1407 2466 1546 2503 anno
1590 2466 1693 2519 quo
1739 2459 1995 2519 mortuus
2031 2457 2109 2502 est

593 2518 765 2641 Ozials
796 2535 917 2583 rem,
940 2518 1063 2572 uidi
1096 2518 1382 2573 Dominum
1426 2518 1689 2574 sedentem
1733 2534 1888 2587 super
1919 2518 2109 2571 saliunt

599 2603 722 2641 exce
745 2605 883 2641 sum.

599 2603 883 2643 excelsum.

607 2695 659 2750 i.
679 2695 931 2762 Quandiu
948 2696 1112 2749 Ozias
1140 2711 1233 2748 rex
1257 2695 1413 2760 vixit,
1431 2711 1537 2749 non
1560 2697 1734 2764 potuit
1751 2697 2011 2751 visionem
2031 2698 2110 2751 vi-

528 2784 658 2837 dere
687 2785 858 2837 Isaias
895 2784 1178 2852 propheta.
1219 2782 1351 2836 Erat
1377 2785 1523 2837 enim
1567 2782 1729 2839 Ozias
1761 2795 2031 2855 peccator.
2057 2797 2110 2841 et

528 2872 738 2926 faciens
793 2873 1092 2940 malignum
1155 2881 1278 2927 ante
1330 2884 1681 2942 conspectuin
1735 2874 1987 2941 Domini,
2056 2884 2109 2929 et

530 2974 700 3028 agens
729 2962 990 3015 adversus
1024 2961 1357 3015 voluntatem
1391 2963 1589 3018 divina:
1623 2963 1778 3034 legis.
1829 2965 2109 3034 Ingressus

531 3059 618 3105 est
647 3051 904 3119 templum
939 3061 992 3105 et
1020 3050 1220 3107 Sancta
1272 3064 1585 3109 sanctorum
1608 3098 1623 3121 ,
1653 3066 1707 3109 et
1735 3058 1804 3111 ob
1829 3056 1931 3111 hoc
1962 3058 2107 3126 lepra

529 3139 786 3212 perfusus
831 3142 885 3195 in
930 3141 1110 3197 fronte
1143 3154 1258 3210 est,
1292 3145 1366 3199 ita
1399 3154 1460 3199 ut
1508 3145 1654 3201 foras
1688 3146 1800 3214 (8i)
1834 3148 2107 3202 civitatem

532 3233 738 3288 vadens
784 3233 924 3288 inter
970 3234 1286 3289 immundos
1320 3246 1747 3306 computaretur.
1788 3237 1973 3292 Talem
2007 3239 2107 3309 igi-

533 3329 621 3372 tur
675 3320 973 3390 principem
1023 3323 1222 3378 animae
1268 3333 1481 3393 oportet
1528 3327 1701 3392 mori,
1750 3337 1813 3382 ut
1846 3329 2108 3384 visionem

533 3409 631 3465 Dei
665 3411 849 3465 videre
880 3412 1175 3481 possimus.
1206 3413 1392 3485 Neque
1423 3415 1568 3470 enim
1606 3415 1809 3471 frustra
1846 3419 2106 3489 scriptum

530 3509 618 3556 est
662 3502 817 3572 (cap.
845 3518 927 3569 vn,
959 3518 1104 3559 vers.
1137 3504 1199 3574 1)
1239 3520 1255 3559 :
1295 3505 1359 3559 Et
1402 3507 1605 3576 factum
1646 3508 1804 3562 estin
1833 3525 1970 3563 anno
2007 3527 2110 3581 quo

533 3605 773 3649 mortuus
809 3605 888 3649 est
934 3594 1097 3650 Ozias
1141 3612 1267 3663 rex,
1318 3597 1428 3651 vidi
1465 3597 1771 3655 Dominum.
1804 3597 2115 3671 Unicuique

533 3695 781 3740 nostrum
808 3686 941 3741 vivit
965 3685 1128 3742 Ozias
1154 3687 1268 3743 sive
1288 3687 1523 3755 Pharao,
1548 3696 1602 3742 et
1630 3704 1737 3742 non
1768 3690 2109 3760 suspiramus
2137 3672 2179 3728 (ἶ

534 3772 786 3847 Aigyptia
825 3792 989 3846 opera
1022 3776 1304 3833 facientes.
1351 3774 1407 3831 Si
1455 3784 1640 3831 autem
1696 3776 1946 3842 moritur,
1982 3787 2113 3834 tunc

532 3869 895 3935 suspirantus,
928 3876 987 3922 ut
1018 3868 1072 3921 in
1104 3868 1291 3923 Exodo
1318 3868 1579 3936 scriptum
1608 3875 1712 3921 est.
1756 3865 1813 3921 Si
1846 3865 2005 3923 Ozias
2032 3869 2111 3922 vi-

532 3958 648 4022 vit,
679 3974 787 4011 non
840 3960 1084 4015 videmus
1116 3960 1341 4030 gloriam
1380 3958 1469 4013 Dei
1498 3977 1517 4024 ;.
1545 3959 1589 4015 si
1623 3967 1803 4014 autem
1855 3963 2108 4027 moritur,

533 4055 666 4100 tunc
697 4047 943 4103 videmus
968 4048 1150 4103 statim
1178 4057 1239 4103 ut
1265 4049 1497 4102 moritur
1535 4050 1696 4105 Ozias
1728 4049 1955 4122 gloriam
1990 4050 2106 4115 Dei,

526 4147 743 4205 tantum
787 4139 893 4194 hoc
936 4141 1007 4195 sit
1036 4151 1095 4195 ut
1133 4150 1322 4212 regnet
1367 4141 1425 4197 in
1456 4142 1616 4198 nobis
1647 4160 1827 4201 sermo
1867 4145 1989 4216 ejus
2015 4147 2109 4217 qui

532 4228 712 4285 dixit:
752 4229 865 4299 Ego
901 4240 1077 4285 autent
1120 4233 1438 4285 constitutus
1472 4249 1592 4286 sum
1636 4249 1729 4287 rea:
1774 4234 1837 4288 ab
1882 4238 2027 4303 eo",
2058 4245 2113 4291 et

531 4336 641 4374 non
677 4330 865 4391 regnet
893 4323 993 4375 ira.
1029 4321 1127 4375 Est
1172 4324 1391 4386 quidem
1438 4335 1493 4379 et
1539 4328 1746 4395 peccati
1797 4342 1913 4381 rex.
1962 4327 2110 4395 Apo-

533 4412 707 4466 stolus
738 4411 810 4464 ita
842 4411 1044 4474 sciens,
1077 4411 1192 4463 ait:
1241 4410 1365 4464 Non
1391 4429 1512 4481 ergo
1549 4426 1723 4482 regnet
1756 4424 2026 4482 peccatum
2056 4414 2111 4465 in

533 4502 749 4556 mortali
794 4513 963 4556 vestro
1009 4517 1224 4569 corpore
1241 4500 1306 4552 ’⁸.
1342 4500 1666 4558 Miserabilis
1704 4505 1792 4557 ille
1827 4505 1991 4557 homo
2023 4492 2110 4556 οἷιί

534 4603 818 4661 peccatum
851 4604 1062 4664 regnat,
1094 4595 1187 4663 qui
1219 4592 1311 4647 tali
1344 4607 1404 4646 se
1443 4593 1607 4646 tradit
1637 4594 1772 4664 regi,
1803 4593 2111 4662 despiciens

538 4699 764 4752 regnum
806 4685 926 4748 Dei,
970 4694 1024 4739 et
1065 4686 1359 4756 subiiciens
1401 4700 1459 4740 se
1502 4684 1787 4752 voluptati.
1820 4681 2112 4754 Propterea

537 4773 832 4841 voluptatis
861 4785 1093 4839 amator,
1134 4793 1241 4833 non
1272 4786 1357 4833 est
1385 4786 1599 4833 amator
1639 4775 1752 4832 Dei.
1805 4775 1872 4831 Et
1916 4790 2113 4831 secun-

535 4864 668 4918 dum
716 4864 1033 4931 Apostolum
1068 4867 1136 4921 de
1174 4869 1499 4936 quibusdam
1546 4867 1745 4925 dicitur
1796 4888 1809 4924 :
1859 4869 2109 4924 Amantes

538 4956 857 5025 uoluptatem
881 4958 1044 5026 magis
1069 4975 1223 5026 quam
1252 4960 1497 5032 Deum”.
1529 4960 1594 5016 Et
1621 4962 1837 5033 quidem
1872 4964 2108 5033 idipsum

537 5063 650 5103 non
676 5048 744 5102 de
773 5047 859 5102 his
888 5048 1090 5102 dictum
1127 5059 1205 5103 est
1230 5091 1245 5115 ,
1276 5052 1367 5119 qui
1400 5052 1629 5107 omnino
1677 5061 1806 5109 sunt
1845 5054 2106 5122 inﬁdeles,

537 5142 634 5198 sed
680 5141 747 5196 de
795 5140 879 5196 bis
912 5157 1002 5210 qur
1038 5141 1365 5197 intrinsecus
1410 5152 1839 5212 commorantur,
1870 5143 2112 5212 volupta-

610 5296 661 5328 π
697 5295 717 5350 ι
760 5295 888 5351 Cor.
938 5311 1026 5360 xv,
1076 5295 1163 5348 tt.
1264 5297 1311 5328 ιο
1345 5260 1491 5350 ἰδίει.
1526 5297 1613 5351 tt.
1721 5299 1764 5329 ’τ
1796 5295 1940 5352 Psal.
1973 5313 2032 5361 ιι,
2064 5297 2119 5352 6.

537 5365 577 5396 ³⁸
618 5363 755 5420 Dan.
793 5383 888 5431 vn,
921 5367 973 5420 9.
1051 5366 1094 5396 ³⁸
1132 5363 1271 5419 Joel.
1301 5381 1382 5430 ιιι,
1406 5366 1576 5433 2,12.
1668 5368 1711 5399 ³³
1743 5366 1905 5421 Micli.
1937 5384 1987 5432 ι,
2025 5369 2079 5423 5.

614 5486 730 5553 (80)
754 5486 976 5540 (ΖοΙΙιιιθε
1006 5494 1132 5540 sunt
1162 5486 1243 5540 ha:
1271 5487 1505 5539 humilia:
1533 5502 1656 5541 cum
1689 5496 1924 5555 quatuor
1951 5504 2108 5554 mss.,

541 5555 801 5634 nimirum
826 5575 839 5609 :
868 5558 891 5609 1
927 5557 1255 5634 εθιςιιςεμιειιὶε
1284 5556 1525 5634 ecclesia;
1556 5555 1923 5634 Ebroiccnsis,
1949 5558 1973 5610 1
1999 5557 2112 5611 Μει-

540 5625 697 5701 ioris_
726 5628 1033 5701 monasterii
1072 5625 1440 5701 Turonensis,
1462 5627 1897 5701 I_I_cathcdralis
1940 5628 2107 5680 eccle-

545 5693 639 5746 sim
682 5692 1059 5750 Laudunrnsis
1082 5737 1098 5760 ,
1136 5699 1156 5749 l
1195 5696 1425 5751 abbatis:
1460 5695 1515 5749 S.
1544 5695 1684 5750 I‘rtri
1717 5698 1783 5752 de
1815 5698 2115 5754 Selincartc

2147 2342 2191 2396 Β
2218 2346 2320 2391 tem
2340 2336 2510 2406 magis
2527 2350 2685 2404 quant
2706 2330 2869 2386 Deum
2896 2335 3154 2390 amantes,
3176 2325 3266 2396 qui
3296 2321 3483 2376 habent
3512 2320 3790 2392 figuratio-

2210 2446 2323 2483 nem
2339 2430 2575 2499 pietatis,
2591 2427 2836 2479 virtutem
2858 2431 3031 2473 autem
3046 2416 3158 2485 ejus
3172 2420 3414 2485 negantes
3435 2414 3501 2467 ³ο.
3517 2413 3635 2467 Ιιιιιο
3654 2428 3784 2482 pro-

2212 2528 2330 2589 pter
2360 2529 2588 2572 mortem
2640 2514 2784 2582 regis
2814 2510 2997 2571 Ozim,
3033 2515 3152 2575 post
3181 2506 3338 2574 cujus
3380 2504 3654 2557 interitum
3700 2501 3785 2555 vi-

2209 2608 2355 2662 disse
2389 2622 2448 2662 se
2479 2608 2555 2659 ait
2587 2604 2850 2656 visionem
2892 2602 3171 2670 propheta.
3206 2595 3338 2661 Quae
3366 2604 3449 2649 est
3487 2602 3665 2647 autem
3699 2593 3782 2646 vi-

2209 2699 2334 2753 sio?
2390 2696 2512 2749 Vidi
2554 2695 2835 2748 Dominum
2882 2691 3139 2745 sedentem
3190 2704 3344 2758 super
3388 2687 3632 2739 thronum
3689 2698 3783 2737 ea:-

2209 2789 2404 2843 celsum
2426 2798 2476 2841 et
2504 2785 2783 2851 eleuatum,
2811 2792 2916 2839 etc.
2952 2778 3070 2836 Non
3097 2780 3276 2834 omnis
3304 2778 3396 2848 qui
3421 2776 3566 2830 videt
3587 2775 3780 2837 Deum,

2211 2878 2355 2934 videt
2400 2894 2525 2932 eum
2566 2878 2846 2932 sedentem
2893 2888 3055 2943 super
3105 2872 3362 2926 thronum
3402 2867 3677 2922 excelsum
3725 2873 3780 2918 et

2194 2968 2475 3026 elevatum
2495 3009 2509 3023 .
2546 2967 2672 3022 Scio
2704 2967 2869 3021 alium
2899 2964 3215 3034 prophetam
3246 2960 3444 3015 vidisse
3467 2957 3779 3015 Dominum,

2208 3071 2263 3117 et
2312 3062 2511 3116 vidisse
2542 3076 2668 3116 eum
2701 3074 2864 3128 super
2892 3057 3148 3111 thronum
3186 3053 3460 3110 sedentem
3487 3091 3503 3114 ,
3539 3049 3633 3103 sed
3669 3062 3783 3101 non

2209 3155 2517 3219 excelsum,
2565 3168 2739 3224 neque
2778 3153 3067 3207 elevatum.
3122 3148 3406 3202 Disserens
3452 3143 3776 3211 scripturam

2211 3242 2420 3311 Daniel,
2451 3244 2583 3299 dicit
2613 3258 2626 3296 :
2669 3241 2868 3296 Throni
2899 3239 3060 3308 positi
3083 3247 3202 3291 sunt
3228 3236 3294 3299 ³¹,
3329 3242 3383 3289 et
3414 3248 3521 3286 non
3553 3238 3669 3285 erat
3695 3245 3782 3282 ex-

2210 3336 2389 3392 celsus
2416 3335 2506 3391 ille
2534 3336 2785 3390 thronus.
2827 3331 2894 3386 Et
2921 3350 2935 3386 :
2984 3328 3196 3384 Veniam
3222 3368 3236 3393 ,
3269 3334 3327 3379 ut
3353 3325 3562 3378 sedeam
3592 3322 3660 3374 ad
3684 3320 3778 3389 ju-

2210 3428 2495 3482 dicandum
2522 3425 2775 3496 populum
2812 3425 2869 3477 in
2890 3422 3027 3477 valle
3058 3417 3316 3488 Josaphat
3343 3417 3409 3471 ”.
3442 3413 3580 3485 Ergo
3609 3412 3695 3468 hic
3725 3413 3781 3476 in

2210 3519 2350 3575 valle
2378 3520 2548 3583 sedit,
2594 3527 2649 3574 et
2701 3516 2756 3571 in
2778 3516 2923 3571 valle
2949 3529 3076 3569 eum
3101 3511 3443 3581 iudicaturus
3472 3513 3586 3567 est,
3617 3519 3783 3575 quem

2212 3619 2297 3667 est
2340 3610 2821 3665 condemnaturus.
2871 3603 3033 3659 Aliud
3077 3610 3258 3657 autem
3307 3609 3390 3653 est
3424 3597 3606 3651 videre
3654 3609 3783 3647 eum

2213 3701 2495 3756 sedentem
2525 3713 2689 3768 super
2723 3697 2979 3751 thronum
3010 3692 3285 3748 excelsum
3319 3698 3374 3743 et
3399 3687 3687 3742 elevatum.
3719 3681 3785 3735 Et

2213 3791 2267 3845 in
2299 3788 2522 3845 Micbtea
2545 3787 2818 3858 egreditur
2846 3784 2995 3857 (82),
3033 3791 3088 3838 et
3127 3778 3407 3836 descendit
3453 3776 3594 3831 Deus
3613 3775 3676 3828 ³³.
3721 3773 3784 3827 Et

2213 3892 2274 3936 ut
2315 3880 2499 3936 videat
2546 3879 2875 3943 Sodomam,
2920 3874 3222 3931 descendit.
3275 3870 3633 3930 Descendens,
3676 3867 3811 3931 ait,-

2213 3972 2391 4027 uidebo
2435 3973 2483 4026 si
2525 3969 2809 4025 secundum
2854 3968 3135 4021 clamorem
3174 3980 3354 4019 eorum
3396 3962 3675 4016 venientem
3714 3958 3785 4010 ad

2213 4079 2295 4118 me
2322 4060 2888 4117 consummaverunt“.
2925 4057 3091 4129 Igitur
3139 4056 3282 4111 Deus
3332 4050 3624 4122 aliquando
3662 4065 3784 4103 sur-

2212 4172 2334 4212 sum
2359 4197 2380 4221 ,
2403 4153 2696 4224 aliquando
2728 4154 2979 4209 deorsum
3023 4150 3182 4221 iuxta
3225 4147 3542 4218 dignitatem
3568 4142 3785 4197 videtur

2214 4247 2581 4317 negotiorum.
2616 4244 2735 4298 Vidi
2764 4262 2885 4315 ergo
2911 4242 3219 4302 Dominum,
3248 4238 3416 4291 Isaias
3448 4238 3561 4299 ait,
3601 4234 3785 4288 seden-

2214 4342 2317 4384 tem
2342 4348 2498 4400 super
2522 4331 2767 4385 thronum
2800 4330 3063 4383 excelsum
3105 4334 3154 4378 et
3198 4323 3474 4377 elevatum.
3523 4320 3582 4375 Si
3625 4320 3787 4374 video

2213 4419 2383 4473 Deum
2416 4422 2469 4473 in
2502 4421 2586 4474 his
2629 4420 2721 4487 qui
2753 4419 2842 4472 hic
2871 4425 2999 4471 sunt
3031 4422 3345 4483 regnantem
3365 4450 3380 4475 ,
3411 4426 3519 4465 non
3546 4425 3674 4465 eum
3702 4409 3784 4463 vi-

2212 4508 2315 4562 deo
2345 4525 2509 4577 super
2547 4508 2801 4563 thronum
2840 4507 3117 4562 excelsum
3169 4514 3222 4560 et
3270 4504 3560 4558 elevatum.
3613 4500 3670 4556 Si
3702 4501 3785 4556 vi-

2212 4600 2313 4655 deo
2364 4615 2487 4654 eum
2532 4604 2847 4670 regnantem
2888 4597 3203 4654 coelestibus
3252 4595 3579 4661 virtutibus,
3626 4593 3783 4648 video

2212 4704 2338 4744 eum
2380 4690 2653 4746 sedentem
2705 4705 2869 4760 super
2909 4690 3164 4744 thronum
3205 4688 3480 4744 excelsum
3524 4696 3577 4741 et
3604 4687 3782 4741 eleva-

2215 4791 2349 4835 tum.
2402 4781 2541 4847 Quid
2580 4791 2664 4836 est
2708 4782 2855 4851 quod
2907 4780 3038 4835 dicit
3085 4780 3397 4835 etelestibus
3443 4778 3788 4834 virtutibus?

2214 4871 2419 4927 Throni
2439 4914 2454 4936 ,
2488 4872 2909 4937 dominationes,
2943 4872 3307 4942 principatus,
3328 4878 3642 4940 potestates,
3674 4867 3784 4921 vir—

2217 4970 2360 5017 tutes
2385 4962 2639 5019 caelestes
2661 4971 2810 5019 sunt.
2861 4961 2927 5017 Et
2961 4961 3003 5016 si
3033 4961 3188 5016 video
3216 4976 3363 5022 eum,
3393 4957 3669 5028 quomodo
3703 4955 3783 5009 eis

2218 5065 2407 5126 regnet
2433 5057 2485 5109 in
2518 5055 2704 5119 verbo,
2735 5055 2842 5108 vidi
2871 5053 3153 5108 Dominum
3177 5053 3438 5106 sedentem
3460 5066 3614 5119 super
3636 5050 3783 5101 thro-

2220 5162 2344 5199 num
2376 5145 2637 5199 ea‘celsnm
2669 5156 2717 5200 et
2749 5150 3024 5200 elevatum.
3053 5144 3120 5197 Et
3154 5144 3307 5213 plena
3329 5152 3444 5197 erat
3465 5142 3649 5195 domus
3673 5138 3786 5211 glo-

2217 5300 2263 5332 ’⁸
2282 5301 2442 5355 Rom.
2475 5317 2549 5364 vi,
2582 5301 2666 5354 12.
2772 5300 2821 5333 ²⁹
2852 5302 2889 5354 ιι
2917 5297 3055 5354 Tim.
3092 5314 3173 5365 Ill,
3198 5301 3252 5354 4.
3349 5297 3396 5329 ³⁸
3434 5296 3565 5352 ibid.
3630 5309 3784 5368 seqq.

2157 5367 2202 5401 “
2242 5369 2378 5426 Gen.
2411 5387 2565 5435 xvm,
2596 5370 2686 5425 2i.

2213 5493 2420 5547 ordinis
2444 5492 2997 5547 Prmmonstratcnsis.

2290 5563 2401 5631 (8|)
2443 5564 2593 5623 Mss..
2634 5564 2797 5630 [er-ms.
2834 5561 2985 5631 ιλιι).
3019 5559 3367 5631 edit.,__e.rtra.

2294 5626 2403 5702 (ὃῖ)
2447 5632 2597 5698 Mss,
2631 5626 2913 5701 egreditur.
2945 5628 3098 5683 Lihb.
3126 5629 3278 5691 cdit.,
3311 5626 3572 5697 egredere.
