4296 6288
486 266 593 322 221

1765 271 1834 327 ΙΝ
1870 265 2105 325 ISAIAM
2139 265 2420 321 HOMILIA
2454 266 2496 321 Ι.

3637 266 3745 321 222

490 402 580 439 rm
607 385 738 454 ejus.
779 382 1006 440 Sursum
1039 399 1259 456 quoque
1298 386 1540 444 elevatus
1570 398 1655 444 est
1684 390 1915 446 thronus
1941 390 2061 460 ejus
2091 390 2137 446 A
2166 395 2327 441 tatem
2363 386 2504 456 ejus,
2537 393 2591 440 et
2625 383 2935 440 clamabant
2959 382 3103 435 aliud
3151 383 3215 437 ad
3251 380 3396 436 aliud
3427 380 3743 436 assistentia

490 479 760 547 plenaque
789 485 871 531 est
904 476 1101 532 domus
1126 478 1296 547 gloria
1326 479 1465 549 ejus.
1496 478 1617 536 Non
1651 483 1906 546 arbitror,
1943 482 2071 551 quia

492 586 506 637 ι
534 570 651 621 lena
674 567 978 623 estdomus
1011 568 1181 638 gloria
1217 569 1339 638 ejus
1359 611 1374 635 ,
1407 571 1524 626 hac
1550 587 1674 641 quae
1706 573 1759 625 in
1795 581 1937 626 terra
1965 581 2068 627 est.

488 661 706 714 Domini
733 673 810 712 est
839 673 982 712 terra
1027 670 1073 713 et
1108 661 1379 729 plenitudo
1426 663 1540 732 ejus
1561 663 1626 716 ³⁸.
1670 663 2069 719 Plenitudinem

488 759 671 806 autem
707 751 894 819 glorise
924 750 1015 804 Dei
1044 765 1151 804 non
1185 752 1430 808 invenies
1460 757 1515 808 in
1547 757 1798 826 praesenti
1839 775 1851 810 :
1890 756 1983 811 sed
2023 756 2067 809 si

490 841 616 909 quis
662 841 1012 895 aediﬁcaverit
1070 843 1327 911 templum
1380 843 1520 910 Deo,
1577 847 1849 901 videbitur
1899 845 2103 917 gloria

495 932 609 995 Dei,
638 943 691 985 et
720 932 765 985 si
803 941 985 987 servat
1012 932 1113 987 hoc
1145 937 1288 1002 quod
1318 936 1523 990 dictum
1554 946 1658 1003 est,
1687 938 1844 1007 plena
1873 938 2072 991 domus

491 1023 710 1075 videtur
752 1023 930 1092 gloria
981 1022 1098 1078 Dei.
1148 1023 1346 1079 Nescio
1393 1035 1573 1080 autem
1627 1044 1694 1081 an
1744 1029 1824 1082 sic
1872 1028 2071 1081 domus

490 1115 663 1182 gloria
692 1113 1049 1183 compleatur.
1079 1112 1141 1168 Et
1175 1115 1231 1169 in
1260 1115 1504 1172 Levitieo
1528 1128 1796 1187 quantum
1829 1120 1896 1172 ad
1934 1135 2070 1188 prae-

488 1219 620 1257 sens
666 1202 897 1272 pertinet
948 1203 1251 1271 negotium,
1292 1204 1406 1259 Deo
1448 1206 1743 1275 largiente,
1785 1209 1982 1277 legitur
2017 1209 2070 1262 in

490 1295 719 1348 tollecta
770 1310 893 1363 qua:
944 1295 1232 1364 sequitur,
1292 1296 1423 1365 quia
1482 1300 1743 1367 praecepit
1806 1299 2070 1355 Dominus

487 1387 739 1456 quanlam
793 1386 905 1439 tleri
949 1395 1007 1439 ut
1051 1387 1299 1440 videatur
1337 1386 1555 1441 Domini
1587 1389 1773 1458 gloria.
1828 1388 1937 1445 Nec
1971 1406 2072 1444 un-

489 1493 657 1545 quam
702 1476 979 1545 apparebit
1009 1476 1186 1543 gloria
1221 1475 1353 1542 Dei,
1394 1478 1439 1532 si
1482 1494 1587 1532 non
1622 1481 1735 1535 inec
1768 1481 1920 1535 liant.
1966 1482 2069 1537 Co-

489 1568 806 1637 gnoseimus
835 1576 1013 1620 autem
1042 1567 1133 1621 illa
1165 1582 1290 1621 cum
1316 1569 1452 1623 lecta
1491 1568 1713 1624 fuerint.

564 1656 619 1711 ‘2.
639 1655 790 1711 Vers.
808 1656 863 1712 2.
891 1655 955 1709 Et
973 1658 1239 1726 semp/tim
1265 1659 1477 1713 stabant
1500 1661 1553 1715 in
1578 1661 1805 1714 circuitu
1827 1661 2069 1730 ejus,sex

492 1745 594 1798 alte
623 1747 734 1809 uni,
761 1757 810 1799 et
844 1763 935 1799 sea:
963 1748 1065 1801 ala:
1095 1747 1271 1801 alteri.
1319 1749 1434 1806 Duo
1474 1750 1627 1807 video
1664 1753 1934 1821 seraphim
1973 1769 1985 1804 ε
2016 1763 2069 1807 et

493 1834 922 1902 unumptodque
950 1849 1138 1889 eorum
1173 1837 1226 1890 in
1253 1839 1546 1909 semetipso
1568 1841 1775 1895 habens
1809 1858 1902 1897 sex
1931 1843 2065 1897 alas.

492 1921 699 1977 Deinde
721 1923 1263 1992 dispositioalarum.
1293 1929 1360 1983 Et
1384 1931 1598 1985 duabus
1619 1933 1838 2001 quidem
1864 1935 1965 1989 alis
1987 1950 2073 1988 ve-

491 2012 678 2070 labant
707 2012 926 2078 faciem,
957 2033 1064 2071 non
1099 2019 1402 2086 propriam,
1433 2024 1524 2076 sed
1568 2022 1699 2089 Dei;
1727 2025 1943 2078 duabus
1971 2024 2073 2078 alis

494 2103 751 2157 volabant
773 2103 958 2170 pedes.
982 2122 1091 2159 non
1115 2111 1385 2175 proprios,
1408 2111 1501 2164 sed
1525 2110 1637 2176 Dei;
1656 2112 1869 2167 duabus
1891 2122 2072 2167 autem

489 2194 600 2249 alis
633 2193 909 2249 volabant.
939 2193 1101 2251 Juxta
1140 2199 1287 2266 quod
1317 2200 1581 2269 scriptum
1621 2203 1777 2271 107
1816 2213 1919 2264 est,
1946 2220 2078 2260 con-

492 2284 728 2340 trarium
761 2286 861 2341 sibi
885 2288 1117 2343 videtur.
1137 2288 1194 2343 Si
1213 2291 1647 2354 stabant,volare
1666 2310 1771 2349 non
1799 2304 2070 2362 poterant.

493 2372 772 2441 Scriptum
810 2389 937 2427 vero
963 2385 1074 2430 est:
1106 2375 1382 2446 Serapltim
1400 2380 1505 2432 duo
1530 2380 1745 2432 stabant
1772 2382 1826 2434 in
1849 2382 2075 2435 circuitu

490 2464 632 2531 ejus,
653 2480 747 2520 sca:
780 2464 882 2520 alta
902 2466 994 2520 uni
1019 2477 1065 2520 et
1086 2482 1180 2522 sea:
1203 2466 1307 2521 aloe
1329 2467 1487 2521 alteri
1510 2483 1530 2523 :
1552 2478 1600 2522 et
1625 2469 1838 2525 duabus
1863 2472 2073 2539 quidem

494 2554 738 2612 uelabant
764 2558 974 2623 facient,
997 2568 1046 2611 et
1077 2557 1279 2614 duabus
1309 2558 1551 2614 uelabant
1580 2560 1756 2630 pedes,
1781 2572 1831 2615 et
1866 2564 2072 2618 duabus

496 2645 764 2711 ιυιιιὺιρηε,
783 2657 831 2701 et
861 2646 1162 2701 clamabant
1188 2647 1325 2702 alter
1350 2650 1419 2705 ad
1449 2651 1698 2706 alterum.
1726 2650 1926 2707 Verum
1961 2653 2075 2710 haec

497 2736 770 2804 seraphin!
819 2754 939 2806 qum
984 2737 1129 2793 circa
1175 2737 1344 2796 Deum
1389 2751 1536 2807 sunt,
1571 2758 1691 2811 qua:
1734 2743 1852 2799 sola
1885 2745 2074 2815 cogni-

499 2828 645 2881 tiOne
694 2827 1207 2894 dicunt:Sanctus,
1259 2841 1499 2896 sanctus,
1550 2846 1805 2903 sanetus,
1858 2847 2075 2905 propter

501 2921 605 2974 i-oe
639 2931 859 2977 servant
887 2923 1209 2993 mysterium
1237 2922 1540 2987 Trinitatis,
1566 2927 1695 2995 quia
1717 2937 1769 2981 et
1800 2928 1917 2996 ipsa
1944 2938 2074 2983 sunt

499 3022 709 3068 saneta.
745 3012 838 3069 llis
880 3011 1026 3068 enim
1084 3014 1140 3068 in
1179 3015 1436 3071 omnibus
1480 3031 1601 3085 quae
1651 3030 1802 3081 sunt,
1833 3020 2073 3074 sanctius

505 3102 643 3157 nihil
670 3112 775 3159 est.
808 3101 875 3157 Et
906 3119 1019 3159 non
1065 3104 1256 3160 leviter
1282 3105 1472 3161 dicunt
1513 3107 1649 3160 alter
1683 3109 1748 3161 ad
1789 3108 2019 3163 alterum
2058 3128 2073 3164 :

502 3193 752 3256 Sanctus,
790 3205 1026 3260 sanctus,
1062 3205 1299 3262 sanctus,
1343 3196 1436 3253 sed
1485 3199 1780 3254 salutarem
1823 3202 2078 3256 omnibus

501 3285 905 3341 e.:ul‘essionem
950 3287 1193 3343 clamore
1240 3289 1611 3356 pronuntiant.
1642 3289 1778 3355 Quae
1815 3305 1941 3345 sunt
1973 3291 2076 3349 ista

502 3376 612 3430 duo
654 3376 967 3445 seraphim?
1014 3377 1276 3433 Dominus
1329 3394 1482 3434 meus
1523 3377 1683 3435 Jesus
1733 3388 1791 3436 et
1839 3379 2079 3450 Spiritus

503 3474 727 3523 sanctus
755 3462 890 3535 (85).
922 3464 1037 3523 Nec
1060 3476 1217 3537 putes
1240 3467 1523 3525 Trinitatis
1548 3470 1814 3528 dissidere
1847 3472 1962 3542 (84)
1991 3489 2080 3530 na-

504 3569 704 3625 turam,
747 3558 794 3612 si
846 3557 1133 3616 nominum
1189 3569 1475 3617 servantur
1521 3561 1717 3619 oliicia.
1749 3561 2080 3632 Operiebant

503 3648 696 3705 faciem
730 3647 846 3703 Dei.
879 3648 1171 3707 Exordium
1202 3650 1350 3707 enim
1370 3649 1463 3706 Dei
1494 3652 1741 3723 ignotum
1770 3662 1872 3710 est.
1900 3653 2006 3709 Sed
2026 3664 2080 3709 et

504 3738 1077 3810 pedes.Novissiutum
1094 3740 1237 3797 ettim
1259 3741 1404 3809 quod
1429 3741 1485 3796 in
1511 3741 1620 3798 Deo
1643 3753 1833 3799 nostro
1861 3754 1945 3801 est
1966 3761 2073 3800 non

503 3834 999 3902 comprehenditur.
1048 3831 1175 3888 Sola
1214 3835 1358 3888 enim
1413 3835 1591 3893 media
1633 3835 1905 3894 videntur.
1935 3839 2076 3894 Ante

504 3923 609 3977 ista
641 3939 765 3992 quas
796 3922 1019 3989 fuerint,
1054 3923 1271 3989 nescio;
1299 3939 1366 3979 ex
1405 3925 1470 3980 iis
1499 3941 1625 3994 qua:
1657 3937 1807 3992 sunt,
1835 3928 2077 3995 intelligo

506 4012 695 4068 Deum.
719 4013 850 4069 Post
873 4014 978 4068 ista
1003 4028 1125 4082 quae
1151 4012 1333 4067 futura
1362 4025 1509 4078 sunt,
1537 4017 1692 4084 juxta
1719 4020 1863 4086 quod
1894 4018 2078 4078 futura

502 4116 649 4169 sunt,
687 4107 891 4161 nescio.
938 4105 1072 4177 Quis
1110 4106 1470 4175 pronuntiavit
1503 4109 1551 4161 ei
1575 4109 1601 4160 Ρ
1635 4109 1773 4163 dixit
1803 4109 2076 4166 Ecclesia~

504 4211 637 4256 stes.
693 4201 1032 4256 Annuutiate
1079 4201 1212 4254 mihi
1264 4201 1449 4270 priora
1502 4210 1557 4256 et
1608 4203 1905 4257 novissima
1957 4220 2080 4273 qua:

501 4299 678 4355 erunt,
718 4301 775 4351 et
821 4293 1001 4348 dicam
1048 4292 1311 4362 quoniam
1341 4292 1414 4347 dii
1449 4292 1598 4348 estis.
1636 4292 1777 4348 Hine
1817 4303 1870 4349 et
1910 4293 2078 4351 Isaias

2174 476 2308 541 Deo,
2358 487 2524 546 atque
2575 476 2809 530 dicentia.
2858 492 2871 527 :
2924 472 3174 534 Sanctus,
3224 483 3460 536 sanctus,
3504 484 3742 542 sanctus.

2173 567 2329 621 Stant
2357 569 2521 637 igitur
2546 577 2601 621 et
2632 576 2938 626 moventur,
2965 572 3111 618 stant
3139 578 3261 616 cum
3298 562 3428 625 Deo,
3460 571 3747 616 moventur

2171 658 2596 713 demonstrantia
2634 656 2822 710 Deum.
2854 655 3099 724 lntellige
3127 654 3270 706 enim
3309 654 3439 720 quia
3461 655 3637 706 velant
3660 652 3744 705 fa-

2171 751 2331 814 ciem,
2362 751 2539 803 velant
2568 749 2750 818 pedes,
2780 762 2886 799 non
2933 754 3220 799 moventur
3248 758 3370 815 quae
3395 744 3566 797 velata
3595 752 3743 809 sunt,

2173 856 2280 895 non
2310 841 2560 894 velantur
2594 854 2715 908 quae
2748 838 2953 901 volant,
2981 847 3033 889 ct
3063 835 3253 890 dicunt
3283 836 3448 895 (vers.
3480 835 3534 902 5)
3568 849 3582 886 :
3613 832 3748 887 San-

2173 943 2310 997 ctus,
2341 941 2578 995 sanctus,
2609 940 2824 983 sanctus
2860 928 3110 980 Dominus
3147 925 3284 980 Deus
3314 924 3567 986 Sabaoth,
3594 924 3747 992 plena
3797 914 3810 927 ”

2172 1034 2247 1077 est
2279 1026 2447 1077 outnis
2471 1034 2611 1076 terra
2639 1022 2810 1091 gloria
2841 1023 2976 1091 ejus.
3011 1019 3223 1073 Domini
3257 1018 3359 1071 tnei
3387 1015 3515 1071 Jesu
3545 1015 3748 1070 Christi

2175 1113 2461 1164 nuntiatur
2508 1112 2796 1173 adventus,
2822 1125 2968 1164 nunc
3012 1110 3197 1177 itaque
3246 1108 3402 1176 plena
3445 1115 3527 1160 est
3569 1106 3751 1159 omnis

2175 1198 2347 1255 tcrra'
2373 1202 2541 1266 gloria
2592 1201 2732 1268 ejus.
2766 1200 2875 1253 Aut
2901 1208 3048 1254 certe
3088 1198 3317 1251 necdum
3344 1196 3500 1264 plena
3522 1204 3624 1256 est,
3657 1194 3751 1249 sed

2173 1293 2416 1346 futurum
2455 1302 2513 1348 ut
2560 1293 2872 1361 impleatur,
2915 1306 3038 1344 cum
3085 1290 3296 1358 expleta
3346 1288 3506 1342 fuerit
3550 1287 3747 1347 oratio,

2174 1399 2279 1452 qua
2327 1382 2541 1438 Patrem
2589 1399 2691 1437 nos
2737 1384 2855 1452 ipse
2904 1381 3170 1436 Dominus
3207 1380 3373 1451 jussit
3406 1394 3582 1433 orare.
3617 1378 3749 1432 Cmn

2174 1476 2473 1536 aranei-itis,
2506 1475 2783 1543 inquiens,
2813 1475 2974 1527 dicite
3013 1489 3032 1526 :
3076 1472 3239 1526 Pater
3270 1482 3450 1526 noster
3485 1472 3571 1540 qui
3602 1488 3654 1524 es
3695 1472 3750 1523 in

2174 1567 2338 1633 cwlis,
2374 1569 2738 1635 sanetiﬁcetur
2781 1583 2967 1619 nomen
3020 1574 3188 1618 tuum.
3228 1563 3488 1616 Adveniet
3538 1578 3749 1632 regnum

2174 1667 2345 1711 tuum.
2379 1657 2503 1711 Fiat
2531 1659 2776 1712 voluntas
2810 1668 2903 1712 tua
2931 1659 3069 1710 sicut
3102 1658 3154 1709 in
3191 1656 3318 1710 caelo
3344 1665 3393 1709 et
3428 1656 3481 1707 in
3513 1664 3654 1708 terra
3681 1654 3748 1706 ³⁷.

2102 1731 2144 1789 Β
2170 1748 2362 1803 Adhuc
2386 1750 2437 1802 in
2468 1750 2608 1804 cazlo
2634 1751 2886 1804 voluntas
2910 1759 2998 1805 est
3026 1748 3224 1813 Patris,
3252 1749 3307 1801 in
3335 1746 3494 1801 terris
3519 1746 3749 1799 necdum

2171 1843 2426 1893 voluntas
2452 1840 2574 1909 ejus
2597 1842 2810 1910 expleta
2834 1851 2936 1906 est,
2965 1848 3023 1894 ut
3053 1841 3168 1909 ipse
3189 1839 3347 1894 Jesus
3361 1840 3515 1908 juxta
3541 1837 3755 1903 dispen—

2173 1930 2440 1986 sationem
2493 1931 2674 1985 carnis
2720 1947 2886 2000 quam
2936 1931 3211 1996 induerat,
3239 1931 3319 1983 ait
3369 1947 3385 1983 :
3432 1928 3587 1980 Dedit
3623 1927 3750 1978 mihi

2171 2021 2471 2073 universam
2494 2029 2827 2087 potestatem,
2845 2029 2903 2072 ut
2929 2022 2985 2073 in
3008 2021 3135 2072 caelo
3160 2031 3207 2073 et
3243 2021 3299 2072 in
3332 2028 3472 2075 terra
3501 2019 3566 2070 '“.
3595 2015 3749 2069 Nun-

2175 2111 2305 2179 quid
2351 2118 2676 2178 potestatem
2718 2126 2825 2163 non
2874 2111 3097 2163 haberet
3125 2110 3235 2179 (85)
3288 2109 3341 2160 in
3393 2117 3537 2160 terra
3586 2106 3633 2160 is
3661 2105 3753 2175 qtti

2175 2199 2409 2253 habebat
2452 2198 2505 2252 in
2549 2198 2736 2252 caelis?
2770 2208 2825 2252 et
2863 2199 3069 2267 aliquid
3107 2199 3174 2251 de
3216 2196 3421 2250 mundo
3464 2193 3753 2261 acciperet,

2175 2291 2271 2359 qui
2302 2293 2353 2344 in
2390 2306 2488 2345 sua
2524 2290 2781 2344 venerat?
2816 2290 2919 2345 Sed
2953 2301 3010 2343 ut
3058 2290 3127 2342 ita
3178 2288 3487 2342 crederetur
3521 2285 3660 2339 Dens
3701 2286 3755 2338 in

2176 2390 2343 2447 terra,
2386 2382 2662 2451 quomodo
2694 2381 3015 2436 credebatur
3059 2380 3115 2434 in
3167 2380 3328 2444 CtBlO,
3373 2393 3502 2447 ergo
3548 2376 3756 2444 accepit

2176 2482 2505 2544 potestatem
2540 2474 2705 2526 homo
2728 2472 3007 2535 Christus,
3038 2485 3201 2538 quam
3236 2479 3360 2523 ante
3386 2484 3491 2523 non
3527 2465 3762 2527 habuit,

2174 2577 2223 2616 et
2253 2577 2424 2630 usque
2445 2561 2510 2614 ad
2536 2575 2776 2629 prazsens
2801 2561 3030 2613 necdum
3059 2560 3223 2613 habet
3249 2558 3301 2611 in
3332 2566 3472 2611 terra
3514 2554 3754 2607 omnia

2178 2659 2522 2721 potestatem.
2555 2651 2614 2702 In
2663 2649 2750 2703 bis
2785 2650 2985 2718 quippe
3010 2648 3100 2717 qui
3128 2658 3375 2714 peccant,
3410 2646 3637 2699 necdum
3671 2659 3755 2696 re-

2176 2751 2325 2813 gnat,
2374 2743 2467 2798 se.l
2516 2740 2739 2811 quando
2778 2741 2830 2795 ei
2880 2741 3011 2796 data
3037 2749 3121 2795 est
3145 2748 3201 2794 et
3247 2739 3445 2792 horum
3495 2744 3753 2804 potestas,

2175 2851 2300 2891 cum
2351 2835 2402 2891 ei
2455 2834 2674 2890 subdita
2722 2833 2923 2888 iuerint
2968 2833 3175 2895 omnia,
3221 2842 3350 2885 tunc
3398 2828 3757 2897 complebitur

2178 2934 2441 2997 potestas,
2485 2933 2539 2980 et
2586 2923 2985 2995 perambulabit
3039 2923 3340 2992 subjiciens
3391 2921 3495 2975 sibi
3543 2919 3749 2972 inania.

2103 3062 2145 3118 ε
2178 3018 2417 3084 Quidam
2462 3026 2642 3072 autem
2696 3015 2927 3071 necdum
2976 3015 3167 3069 volunt
3213 3012 3406 3082 subjici
3461 3010 3534 3075 ei,
3564 3024 3755 3065 verum

2179 3110 2359 3166 adhuc
2395 3108 2634 3163 inimicis
2674 3106 2797 3177 ejus
2837 3105 3224 3176 subjiciuntur.
3252 3101 3363 3158 Nos
3397 3117 3559 3173 porro
3605 3101 3755 3157 dica-

2180 3218 2303 3258 mus
2331 3220 2344 3256 :
2386 3200 2576 3255 Nonne
2610 3200 2714 3256 Deo
2737 3199 2974 3270 subjecta
3010 3199 3111 3254 erit
3136 3198 3317 3252 anima
3355 3212 3468 3251 mea
3492 3195 3572 3264 “fl
3597 3191 3754 3265 Apud

2182 3295 2356 3350 Deum
2378 3293 2525 3349 enim
2556 3292 2797 3348 salutare
2826 3306 3029 3346 meum.

2249 3386 2302 3440 5.
2338 3383 2490 3440 Vers.
2521 3386 2581 3451 2,
2613 3384 2669 3451 3,
2699 3385 2753 3439 4.
2799 3382 2867 3438 Et
2906 3381 3113 3436 duabus
3139 3380 3406 3446 uelabant,
3450 3390 3501 3433 et
3546 3377 3752 3431 dicebat

2180 3477 2317 3532 alter
2346 3477 2414 3531 ad
2446 3476 2672 3531 alterunt
2695 3491 2714 3528 :
2745 3475 3001 3540 Sanctus,
3027 3483 3266 3534 sanctus,
3303 3482 3519 3526 sanctus
3564 3468 3749 3521 Domi-

2180 3586 2278 3623 nus
2308 3567 2447 3622 Deus
2478 3567 2735 3630 Sabaoth,
2767 3566 2922 3635 plena
2946 3575 3024 3619 est
3054 3565 3224 3618 omnis
3249 3574 3387 3616 terra
3419 3560 3590 3630 gloria
3617 3558 3755 3626 ejus.

2181 3660 2251 3715 Et
2273 3660 2529 3715 eleuatum
2554 3666 2631 3712 est
2663 3657 3062 3724 superliminare
3091 3672 3120 3706 α
3152 3670 3269 3707 uoce
3294 3669 3397 3722 qua
3428 3649 3762 3711 clamabant,

2179 3768 2312 3811 voce
2336 3751 2464 3808 Jesu
2487 3749 2690 3806 Christi
2713 3758 2767 3803 et
2799 3764 2932 3803 voce
2965 3746 3204 3816 Spiritus
3235 3744 3433 3798 sancti.
3464 3738 3523 3792 Si
3556 3739 3764 3807 aliquis;

2178 3859 2210 3901 θ
2244 3844 2405 3899 nobis
2433 3840 2785 3896 clamantium
2816 3837 3053 3893 audierit
3091 3849 3278 3888 vocem
3307 3832 3433 3886 .iesu
3468 3829 3672 3883 Christi
3701 3839 3761 3883 et.

2181 3935 2419 4006 Spiritus
2447 3933 2644 3996 sancti,
2675 3931 2918 3985 elevatur
2946 3924 3385 3994 wpmlinninare,
3421 3932 3475 3977 et
3501 3922 3665 3975 altius
3699 3922 3767 3975 tit

2178 4039 2437 4095 quameo
2471 4031 2712 4090 tempore
2759 4034 2885 4075 cum
2931 4017 3203 4071 elevatum
3248 4023 3351 4078 est,
3398 4029 3632 4082 cumque
3673 4011 3755 4065 dir

2180 4121 2330 4167 ctum
2356 4118 2441 4165 est
2476 4128 2488 4162 :
2524 4108 2763 4162 Attollite
2783 4117 2961 4174 portas
2988 4106 3247 4173 principes
3269 4115 3488 4161 vestras.
3512 4113 3560 4156 et
3582 4102 3763 4156 clavae

2184 4203 2311 4256 mini
2338 4208 2507 4270 portat
2538 4199 2840 4257 teternales,
2866 4205 2913 4251 et
2946 4193 3183 4248 introibit
3220 4209 3311 4247 rea:
3350 4194 3533 4263 glorias
3555 4192 3623 4246 “.

2250 4295 2305 4348 4.
2338 4291 2499 4346 Vers.
2525 4292 2579 4346 4.
2605 4289 2675 4344 Et
2699 4290 2884 4342 demus
2914 4286 3127 4356 impleta
3155 4297 3231 4343 est
3267 4286 3432 4356 furno.
3461 4283 3538 4338 Ex
3563 4282 3759 4339 remis-

501 4381 614 4437 ait:
652 4379 853 4438 Priora
894 4383 1209 4441 saltantium
1253 4383 1424 4448 nobis,
1455 4391 1506 4436 et
1553 4400 1803 4452 ponemus
1844 4401 1937 4440 cor
1974 4402 2071 4439 ua-
2094 4385 2148 4455 'D
2178 4386 2335 4441 sione
2379 4384 2518 4455 ignis
2569 4391 2765 4439 cuncta
2797 4381 3014 4450 impleta
3056 4387 3140 4435 est
3176 4380 3392 4434 domus.
3425 4375 3635 4431 Fumus
3658 4390 3754 4429 au—

500 4478 687 4534 strum,
720 4481 771 4529 et
803 4471 1046 4536 sciemus,
1079 4481 1128 4527 et
1157 4471 1442 4526 novissima
1487 4489 1669 4527 eorum
1700 4467 1823 4543 qua:
1848 4485 2066 4531 ventura

499 4569 620 4619 sunt
655 4562 888 4618 indicate
930 4561 1101 4618 nobis.
1146 4560 1279 4626 Qut:
1315 4571 1537 4616 uentura
1575 4580 1720 4630 sum,
1748 4567 1800 4619 in
1831 4566 2071 4635 futurum

501 4653 764 4718 nuntiate,
789 4662 839 4711 et
870 4653 1102 4709 dicemus
1141 4654 1392 4722 quoniam
1415 4654 1492 4709 dii
1515 4656 1639 4708 estis
1667 4655 1739 4710 “.
1770 4655 1844 4713 Ea
1878 4672 1993 4726 quo
2024 4658 2070 4712 si

500 4743 627 4810 quis
647 4743 848 4803 dixerit
881 4743 1176 4813 praeterita,
1195 4751 1252 4799 et
1275 4745 1470 4814 poterit
1508 4745 1802 4801 novissima
1837 4748 2021 4804 dicere
2050 4766 2064 4804 :

501 4833 641 4889 Deus
658 4845 781 4891 est:
810 4836 935 4905 quis
958 4850 1087 4906 ergo
1111 4845 1287 4906 potest
1312 4836 1491 4892 dicere
1522 4846 1722 4906 printer
1752 4840 2029 4909 semidam
2057 4858 2070 4893 :

499 4922 747 4992 Sanctus,
779 4941 1018 4993 sanctus,
1048 4941 1263 4987 sanctus
1282 4929 1314 4982 1"
1341 4928 1623 4998 Seraphin:
1672 4939 1858 4984 autem
1902 4933 2074 4987 mula-

501 5028 690 5072 veruut
724 5020 1016 5089 quamdam
1062 5029 1273 5089 pallent
1304 5018 1417 5083 Dei,
1455 5028 1513 5073 ut
1542 5021 1617 5073 ita
1641 5021 1845 5084 dicam,
1868 5026 2072 5079 medie-

568 5133 612 5202 ξι
647 5133 789 5188 Psal.
820 5150 979 5199 χχιιι,
1006 5135 1056 5189 1.
1132 5134 1178 5166 ⁸⁸
1206 5134 1304 5190 Isti.
1365 5152 1473 5199 XLI.
1528 5136 1619 5202 22.
1678 5138 1767 5193 ‘23-

500 5199 543 5235 ’⁸⁸
565 5200 689 5257 Ρωι
736 5220 896 5270 xxttt,
926 5203 977 5258 7.

567 5341 678 5409 (85)
711 5341 852 5415 Qum
870 5352 990 5415 sunt
1018 5344 1125 5399 ista.
1153 5343 1257 5397 duo
1277 5346 1555 5415 seraphin!
1578 5349 1602 5401 ?
1639 5345 1893 5399 Dominus
1921 5364 2063 5404 meus

501 5409 648 5487 {eius
679 5411 1246 5487 et_Spiritus_s_anctus.
1277 5409 1551 5487 vinem.
1581 5418 1653 5470 ad
1672 5426 1805 5487 tom.
1834 5416 1871 5483 i,
1891 5434 1944 5487 p.
1970 5421 2060 5473 (il.

504 5482 650 5563 Quod
683 5483 905 5563 additur
936 5501 948 5535 :
988 5483 1096 5537 Nec
1124 5493 1279 5552 putes
1309 5482 2062 5563 Trinitatisdissidere—nata-

507 5561 633 5627 εφη,
666 5557 710 5603 si
740 5557 1008 5604 nominum
1037 5564 1312 5627 aqvantur
1335 5558 1522 5624 cilicia,
1552 5557 1602 5627 id
1630 5557 1697 5607 de.
1724 5573 1826 5627 suo
1855 5559 2064 5612 addidit

508 5615 883 5691 Hieronymus,
908 5629 1041 5687 teste
1074 5621 1298 5693 liuiino,
1327 5615 1419 5683 liii.
1458 5615 1517 5681 tt.
1547 5625 1797 5703 lntmctjv.
1844 5627 1896 5680 in
1930 5628 2051 5684 llic-

1847 5141 2108 5200 ”li'iatth.
2166 5150 2326 5215 ΠΛ),
2394 5149 2477 5202 lii.
2557 5144 2812 5198 “Matth.
2853 5157 3044 5207 xxvnt,
3104 5141 3191 5197 l8.

2181 4485 2290 4533 tem
2315 4488 2481 4544 vapor
2513 4474 2652 4545 ignis
2683 4481 2784 4528 est.
2820 4475 2984 4542 (vers.
3017 4471 3071 4543 5)
3104 4470 3171 4526 Et
3202 4472 3316 4525 dixi
3351 4489 3369 4527 ι
3401 4469 3447 4524 0
3473 4469 3632 4523 miser
3662 4484 3761 4537 ego.

2176 4569 2428 4640 quoniam
2464 4575 2805 4635 conpunctus
2838 4581 2977 4631 sunt,
3021 4564 3148 4632 quia
3197 4578 3315 4617 sunt
3363 4562 3466 4615 sint
3503 4559 3678 4624 homo,
3702 4565 3755 4613 et

2177 4661 2451 4717 immunda
2483 4658 2628 4713 labia
2665 4657 2920 4713 habeam!
2952 4654 3069 4709 Non
3112 4668 3332 4723 possum
3359 4651 3559 4706 sentire
3583 4664 3758 4720 quare

2181 4753 2551 4807 humiliaverit
2579 4751 2819 4819 seipsum
2852 4748 3045 4804 lsa'tas.
3069 4745 3269 4803 Verum
3295 4744 3427 4800 dicit
3464 4762 3481 4799 :
3508 4744 3755 4800 testimo—

2182 4845 2332 4899 nium
2366 4843 2510 4899 enim
2538 4844 2633 4899 dat
2666 4841 2975 4910 Scriptura,
3004 4838 3132 4909 quia
3171 4839 3290 4908 ejus
3318 4837 3648 4892 ntundautur
3677 4836 3756 4887 la-

2181 4937 2272 4995 bia
2291 4937 2360 4993 ab
2386 4953 2497 4993 uno
2527 4952 2595 4991 ex
2617 4933 2891 5003 seraphim
2914 4932 3006 5001 qui
3034 4933 3236 4987 missus
3259 4941 3342 4985 est
3364 4931 3429 4983 ad
3461 4945 3525 4983 au
3536 4927 3753 4981 leremla
3831 4925 3834 4927 Α

2178 5028 2296 5098 ejus
2341 5038 2582 5098 peccata.
2637 5025 2793 5083 Unus
2835 5032 3018 5083 autem
3061 5040 3127 5081 ex
3176 5022 3449 5091 serupltitn
3493 5019 3756 5071 Dominus

3270 5141 3317 5173 ³³
3351 5139 3491 5194 Psal.
3554 5152 3663 5201 Lat,
3696 5137 3751 5188 Ξ.

2178 5373 2251 5408 3'0)
2312 5374 2471 5414 υηιηι.

2246 5373 2360 5494 (Ilii)
2393 5426 2573 5479 Codex
2613 5421 2835 5491 tnajoris
2862 5420 3177 5476 monasterii
3208 5418 3438 5480 Turon,
3473 5412 3751 5480 dissidere,

2172 5496 2304 5553 libb.
2337 5497 2498 5558 editi,
2532 5495 2790 5547 (lusorem.

2243 5565 2356 5633 (8-3)
2392 5557 2545 5630 Mss,
2584 5562 2791 5617 haberet
2817 5577 2835 5627 ,'
2865 5558 3023 5626 cdit.,
3053 5557 3225 5613 habet.
