4296 6288
547 309 658 362 2‘25

2013 306 2333 364 ORIGENIS

3702 304 3769 358 Ἡ
3780 303 3807 358 6

552 444 711 485 meus
742 427 905 484 Jesus
931 427 1181 484 Christus
1210 435 1314 491 est,
1345 428 1437 497 qui
1472 425 1538 483 ad
1571 427 1867 484 auferenda
1905 439 2123 500 peccata
2157 434 2197 488 Α
2231 429 2612 498 prophetarum
2668 436 2995 482 convertens
3046 441 3134 491 se,
3191 440 3323 493 ego,
3387 424 3599 494 inquit,
3653 440 3804 479 eram

554 529 745 574 nostra
798 536 829 575 a
877 519 1033 576 Patre
1077 521 1281 576 missus
1322 531 1426 584 est,
1454 532 1508 576 et
1534 521 1664 576 dicit
1700 540 1713 575 :
1751 521 1887 576 Ecce
1927 524 2127 577 abstuli

558 609 876 681 iniquitates
933 620 1158 676 tuas,et
1213 622 1432 680 peccata
1488 621 1577 666 tua
1635 613 2125 667 eircunnnundavi.

557 695 666 752 Nec
707 708 860 767 putes
909 710 1115 753 natura
1144 702 1551 765 contmneliam,
1587 703 1632 755 si
1679 702 1847 758 Filius
1891 719 1919 755 τι
1974 703 2129 757 Patre

557 789 808 865 mittitur.
853 789 1095 859 Denique
1128 802 1186 845 ut
1230 792 1488 847 unitatem
1527 793 1741 848 deitatis
1773 793 1826 847 in
1862 793 2127 850 Trinitate

557 895 878 951 cognoscas,
899 882 1051 936 solus
1076 882 1334 938 Christus
1365 883 1417 937 in
1448 885 1696 953 praesenti
1724 885 1953 939 lectione
1985 902 2128 948 nunc

555 980 775 1040 peccata
804 971 1050 1035 dimittit,
1078 985 1131 1027 et
1183 982 1365 1027 tamen
1412 983 1620 1028 certum
1648 983 1733 1029 est
1781 990 1812 1028 a
1862 976 2128 1033 Trinitale

554 1070 774 1133 peccata
803 1062 1026 1116 dimitti.
1063 1061 1167 1129 Qui
1202 1065 1345 1118 enim
1385 1064 1438 1119 in
1474 1080 1584 1118 uno
1616 1066 1923 1130 crediderit,
1955 1068 2125 1123 credit

552 1151 607 1206 in
635 1152 915 1209 omnibus.
945 1153 1229 1208 Deferatur
1251 1170 1382 1224 ergo
1412 1156 1543 1209 mihi
1582 1157 1647 1210 de
1684 1158 1880 1212 altario
1917 1159 2123 1214 cmlcsti

551 1240 768 1310 forceps
810 1251 869 1296 ut
901 1251 1087 1313 tangat
1112 1242 1255 1297 labia
1283 1259 1423 1298 mea.
1459 1245 1692 1315 Forceps
1721 1245 1936 1301 Domini
1970 1248 2015 1303 si
2044 1258 2123 1302 te-

551 1332 674 1401 tigit
704 1331 846 1386 labia
872 1348 1013 1398 mea,
1047 1335 1273 1388 mundat
1296 1351 1379 1390 ea.
1411 1334 1477 1390 Et
1509 1337 1554 1391 si
1586 1339 1927 1393 inundaverit
1957 1356 2043 1405 ea,
2068 1348 2122 1395 ct

552 1422 955 1478 circumcidet-it
998 1441 1029 1479 a
1084 1425 1249 1491 vitiis,
1278 1436 1341 1480 ut
1390 1443 1561 1496 nuper
1590 1429 1850 1495 diximus,
1880 1431 2118 1499 aperiam

552 1513 717 1567 verbo
750 1513 841 1567 Dei
868 1531 931 1569 os
965 1531 1170 1581 meum,
1202 1533 1301 1572 nec
1335 1517 1564 1574 ulterius
1599 1535 1780 1575 sermo
1809 1521 2121 1579 immundus

551 1604 693 1659 exiet
716 1622 780 1658 cx
809 1622 905 1661 ore
931 1623 1052 1662 meo
1083 1626 1097 1662 :
1124 1609 1250 1678 quia
1279 1627 1398 1663 cum
1427 1612 1527 1664 sint
1569 1611 1743 1677 homo,
1767 1622 1816 1666 et
1849 1614 2122 1668 immunda

550 1696 696 1750 labia
720 1698 961 1765 habeam,
997 1701 1051 1753 in
1088 1703 1258 1755 medio
1287 1719 1489 1772 quoque
1525 1704 1704 1773 populi
1734 1705 2007 1758 immunda
2035 1705 2119 1758 la-

551 1785 639 1839 bia
690 1787 928 1843 habentis
974 1790 1173 1845 habito.
1209 1792 1493 1863 Seraphim
1539 1795 1686 1863 quod
1729 1796 1954 1850 missum
1998 1796 2118 1860 fuit,

552 1878 832 1934 mandavit
877 1882 1018 1935 labia
1052 1884 1348 1953 prophetae,
1380 1902 1486 1940 non
1519 1888 1799 1941 mundavit
1827 1900 2006 1942 autem
2043 1891 2121 1943 Ia-

555 1968 639 2024 bia
671 1972 870 2039 populi.
897 1972 1195 2030 Confessus
1223 1987 1306 2031 est
1336 1978 1481 2031 enim
1515 1978 1631 2046 ipse
1660 1980 1938 2034 immunda
1980 1981 2119 2037 lahia

547 2074 607 2114 se
641 2061 801 2129 108
829 2062 1044 2125 habere,
1070 2075 1122 2117 et
1158 2064 1209 2117 in
1241 2066 1420 2118 medio
1451 2068 1634 2135 populi
1669 2068 1947 2123 immunda
1978 2070 2117 2124 labia

550 2150 800 2204 habentis
838 2151 1101 2205 habitare.
1151 2153 1253 2207 Sed
1287 2154 1388 2208 hoc
1424 2155 1568 2224 quod
1601 2156 1828 2210 missum
1864 2167 1948 2212 est
1970 2174 2118 2213 sera-

550 2239 720 2303 phim,
755 2257 862 2294 non
890 2241 1158 2311 judicavit
1194 2244 1388 2314 dignos
1439 2262 1562 2300 esse
1606 2246 1672 2301 de
1707 2249 1930 2317 populo,
1966 2258 2022 2303 ut
2066 2259 2118 2304 ct

548 2330 764 2384 illorum
806 2332 946 2387 labia
990 2334 1332 2399 emundaret,
1377 2345 1431 2390 et
1478 2337 1682 2392 idcirco
1726 2340 1904 2394 adhuc
1954 2340 2118 2410 impie

546 2435 735 2492 agunt,
769 2423 973 2479 idcirco
1001 2425 1183 2481 adhuc
1212 2425 1442 2481 Domino
1476 2444 1597 2482 meo
1622 2428 1750 2485 .lesu
1781 2429 2000 2486 Christo
2030 2447 2118 2486 re-

546 2524 807 2582 pugnant,
863 2517 1043 2571 adhuc
1089 2517 1137 2571 ei
1194 2518 1525 2572 maledicunt
1578 2520 1875 2577 immundis
1932 2525 2112 2581 labiis.

545 2603 658 2674 Ego
691 2615 1116 2678 autemprccor,
1164 2619 1224 2665 ut
1268 2609 1494 2665 veniens
1539 2614 1810 2683 seraphin:
1860 2616 2117 2671 cmundet

544 2697 686 2751 labia
720 2715 862 2754 mea.

614 2790 670 2845 5.
709 2790 777 2843 Et
810 2807 980 2861 regem
1016 2791 1300 2847 Dominum
1327 2793 1562 2849 Sabaoth
1605 2794 1716 2849 vidi
1760 2796 1927 2850 oculis
1962 2799 2112 2854 meis.

541 2879 657 2935 Cur
683 2897 789 2934 non
816 2881 1063 2937 dicamus
1088 2885 1139 2937 in
1165 2886 1415 2953 pnesenti
1447 2886 1789 2941 traditionem
1816 2890 2108 2957 quamdam

542 2968 853 3025 Judzeorum
888 2973 1237 3028 verisimilem
1268 2975 1510 3044 quidem,
1544 2995 1643 3034 nec
1688 2989 1868 3034 tamen
1906 2997 2112 3045 veram,

2233 520 2506 583 Christus,
2540 520 2631 588 qui
2675 518 2939 586 loquebar
2971 532 3067 585 per
3111 516 3421 584 prophetas.
3454 514 3591 578 Dixi,
3629 530 3802 584 neque

2234 618 2288 662 tu
2340 609 2557 673 timeas,
2597 617 2650 661 et
2700 622 2846 661 nunc
2890 605 3123 660 mittitur
3172 603 3333 659 Jesns
3379 604 3648 658 Christus.
3682 603 3798 659 Non

2232 703 2514 756 mentitur.
2562 701 2842 755 Vobiscum
2883 717 3022 764 sum,
3058 701 3132 754 ait
3171 699 3449 764 Dominus,
3478 716 3654 754 autne:
3689 701 3798 754 dies

2233 809 2395 863 usque
2427 793 2496 847 ad
2533 792 3031 846 consummationem
3066 791 3250 844 δαναιιὶ
3280 791 3344 845 ⁸³.
3373 790 3488 844 Νοιι
3518 792 3796 846 mentitur.

2239 882 2339 936 Ubi
2372 884 2479 937 duo
2512 883 2589 937 rel
2628 893 2732 936 tres
2759 881 2963 935 collecti
3004 890 3125 935 sunt
3155 881 3205 933 in
3230 881 3440 934 nomine
3470 897 3602 946 meo,
3628 890 3677 934 et
3705 896 3798 951 ego

2230 990 2344 1027 sum
2384 973 2437 1026 in
2465 975 2636 1027 medio
2662 988 2844 1025 eorum
2878 972 2946 1024 “.
2982 970 3251 1037 Quoniam
3286 971 3449 1040 igitur
3474 981 3670 1041 praesto
3691 983 3795 1038 est,
3856 1000 3865 1012 ι

2229 1078 2285 1124 et
2316 1067 2528 1123 assistit
2559 1066 2720 1122 Jcsus
2753 1065 3029 1129 Christus,
3058 1076 3114 1119 ct
3141 1074 3363 1135 paratus
3388 1074 3549 1120 estet
3572 1065 3797 1133 praecin-

2229 1172 2351 1217 ctus
2383 1175 2630 1215 summus
2659 1160 2915 1215 sacerdos
2944 1158 3140 1213 oli‘erre
3160 1158 3307 1212 Patri
3336 1158 3796 1226 interpellationes

2228 1263 2471 1317 nostras,
2509 1260 2795 1321 surgentes
2818 1267 2935 1321 per
2967 1253 3145 1321 ipsum
3181 1250 3445 1306 sacriﬁcia
3476 1245 3623 1303 Patri
3665 1249 3796 1304 oiie-

2230 1361 2441 1400 ramus.
2483 1346 2603 1414 Ipse
2645 1343 2791 1398 enim
2837 1343 3151 1413 propitiatio
3182 1352 3265 1397 est
3297 1358 3392 1410 pro
3426 1341 3659 1411 peccatis
3697 1355 3796 1395 no-

2227 1434 2380 1500 stris,
2403 1435 2490 1488 cui
2530 1442 2615 1488 est
2645 1432 2819 1504 gloria
2852 1441 2906 1488 et
2933 1432 3216 1535 imperium
3256 1431 3309 1485 in
3340 1431 3536 1485 saecula
3571 1431 3794 1486 saeculo—

2224 1544 2370 1583 rum.
2400 1529 2596 1584 Amen.

2819 1614 3119 1671 llOMlLIA.
3142 1614 3203 1671 ll.

2159 1757 2200 1811 Β
2225 1729 2300 1785 De
2325 1746 2399 1786 eo.
2424 1731 2567 1800 quod
2599 1730 2859 1811 scriptum
2888 1739 2971 1784 est
3006 1747 3018 1783 :
3052 1729 3188 1811 lEccc
3218 1731 3361 1811 virgo
3396 1732 3448 1784 in
3484 1740 3631 1784 utero
3666 1745 3790 1784 con-

2694 1800 2869 1868 cipiet,
2896 1809 3000 1853 etc.
3046 1799 3185 1868 (cap.
3221 1800 3339 1869 vn).

2292 1892 2343 1946 l.
2383 1890 2657 1957 Quantum
2710 1890 2777 1944 ad
2840 1889 3043 1944 dictum
3073 1891 3282 1954 attinet,
3330 1890 3634 1943 verecunde.
3666 1889 3793 1945 fecit
3827 1881 3839 1891 ’

2221 1981 2402 2036 Aehaz
2430 1998 2553 2039 cum
2580 1981 2628 2036 ei
2666 1978 2862 2037 fuisset
2889 1980 3235 2049 imperatum,
3258 1989 3317 2034 ut
3344 1989 3546 2048 peteret
3575 1981 3789 2050 signum

2222 2072 2274 2124 in
2306 2074 2637 2140 profundum
2669 2083 2764 2129 aut
2804 2073 2858 2125 in
2893 2071 3193 2133 excelsum,
3230 2078 3284 2123 ct
3311 2072 3574 2125 rationem
3611 2072 3791 2151 reddi-

2219 2164 2298 2217 dit
2353 2179 2452 2218 cur
2503 2174 2686 2235 petere
2740 2161 2995 2217 noluerit.
3054 2160 3144 2214 Ait
3199 2162 3397 2230 quippe
3446 2162 3606 2232 (cap.
3672 2178 3789 2226 vn,

2219 2273 2363 2313 vers.
2401 2257 2488 2327 12)
2513 2276 2526 2311 :
2556 2256 2676 2311 Non
2704 2264 2897 2327 petam,
2923 2263 2971 2308 et
2996 2270 3101 2307 non
3131 2253 3338 2307 tentabo
3369 2254 3670 2310 Dominum.
3697 2255 3789 2309 Est

2219 2358 2399 2403 tamen
2430 2363 2592 2417 super
2612 2349 2714 2402 hoc
2736 2349 2903 2403 verbo
2932 2346 3201 2414 culpatus,
3248 2354 3302 2399 et
3340 2346 3540 2400 dicitur
3565 2348 3631 2400 ad
3656 2364 3781 2400 cum

2223 2444 2387 2505 (vers.
2410 2440 2495 2507 l5)
2522 2457 2535 2492 :
2569 2439 2760 2492 Audite
2789 2455 2944 2501 nunc,
2975 2439 3163 2491 domus
3185 2437 3372 2489 David.
3406 2436 3658 2506 Nunquid
3677 2454 3789 2490 mo-

2222 2531 2399 2583 dicum
2417 2529 2556 2582 vobis
2582 2545 2834 2596 prtesrare
2854 2538 3114 2581 certamen
3129 2526 3444 2592 hominibus,
3460 2537 3508 2580 et
3529 2528 3786 2597 quomodo

2223 2620 2447 2674 Domino
2476 2618 2743 2689 praestatis
2772 2616 3077 2671 certamen?
3105 2614 3308 2670 Deinde
3323 2615 3524 2672 dicitur
3554 2619 3666 2670 haec
3703 2632 3786 2671 rc-

2216 2711 2512 2782 promissio
2546 2710 2717 2780 (vers.
2748 2710 2835 2780 l4)
2875 2728 2891 2763 :
2920 2708 3046 2763 Ideo
3083 2709 3341 2764 Dominus
3386 2712 3494 2776 ipse
3520 2710 3666 2763 dabit
3697 2726 3788 2765 vo-

2219 2803 2296 2856 bis
2326 2804 2555 2872 signum.
2597 2800 2730 2855 Ecce
2770 2803 2914 2871 virgo
2943 2802 2999 2854 in
3035 2812 3185 2855 utero
3231 2803 3474 2871 accipiet,
3518 2812 3568 2855 et
3615 2802 3785 2871 pariet

2217 2892 2412 2962 ﬁlium,
2444 2901 2492 2945 et
2532 2890 2737 2945 vocabis
2782 2905 2968 2943 nomen
3007 2888 3120 2955 eius
3162 2888 3497 2943 Emmanuel.
3535 2887 3656 2943 Haec
3691 2904 3785 2942 ex-

2216 2991 2511 3052 ponantur,
2545 2992 2599 3037 et
2645 2983 2712 3037 de
2760 2980 2983 3051 reliquis
3027 2980 3354 3047 videbimus,
3399 2981 3700 3050 indigentes
3731 2988 3784 3034 et

540 3072 599 3119 et
640 3065 966 3121 solutionem
1017 3068 1137 3138 ejus
1165 3083 1332 3138 quare
1375 3085 1483 3125 non
1537 3071 2113 3131 inveniatnusiAiunt
2141 3080 2181 3137 C
2217 3076 2270 3130 in
2318 3074 2428 3130 illis
2478 3073 2650 3143 gratia
2705 3072 2798 3127 Dei
2851 3081 2911 3127 ut
2967 3069 3404 3127 manilestentur.
3452 3070 3678 3126 .lubctur
3726 3081 3785 3125 ut

542 3157 667 3212 ideo
712 3156 906 3213 Isaiam
957 3174 1078 3216 esse
1131 3171 1341 3216 sectum
1393 3180 1424 3218 a
1480 3165 1700 3236 populo,
1728 3166 1884 3236 quasi
1933 3166 2104 3238 legem

542 3250 1005 3318 prtevaricantem,
1039 3260 1092 3306 et
1117 3260 1268 3306 extra
1315 3252 1624 3324 Seripturas
1672 3256 2109 3315 annuntiantem.

542 3341 826 3410 Scriptura
858 3343 1001 3396 enim
1031 3343 1163 3398 dicit
1196 3363 1210 3398 :
1258 3344 1427 3399 Nemo
1468 3347 1659 3401 ridebit
1700 3348 1890 3417 [aciem
1920 3366 2111 3417 meam,

541 3443 594 3488 ct
620 3438 752 3491 vivet
778 3436 842 3489 η.
875 3435 981 3491 Iste
1023 3453 1149 3492 vero
1189 3437 1266 3492 ait
1297 3456 1312 3492 :
1372 3438 1492 3492 Vidi
1526 3439 1808 3493 Dominum
1853 3440 2109 3497 Sabaoth.

543 3524 779 3596 Moyses;
828 3528 1001 3593 aiunt,
1055 3541 1162 3583 non
1204 3528 1355 3594 vidit,
1383 3537 1437 3584 et
1470 3539 1524 3584 tu
1567 3531 1774 3586 vidisti.
1804 3531 1866 3585 Et
1897 3542 2115 3601 propter

546 3619 652 3673 hoc
673 3634 797 3673 eum
831 3629 1145 3687 secuerunt,
1175 3630 1229 3675 et
1257 3621 1756 3677 condemnaverunt
1781 3639 1907 3677 eum
1937 3634 1995 3678 ut
2018 3625 2114 3692 im-

546 3712 715 3780 piutn.
744 3709 864 3765 Non
896 3712 1040 3766 enim
1070 3713 1317 3767 sciebant
1348 3715 1475 3784 quia
1510 3714 1722 3771 duabus
1760 3716 1862 3772 alis
1898 3718 2112 3772 velave-

544 3812 675 3860 runt
719 3802 912 3857 facient
948 3802 1042 3857 Dei
1075 3804 1368 3874 seraphin].
1416 3803 1536 3858 Vidi
1568 3805 1870 3869 Dominum,
1905 3808 1997 3862 sed
2032 3807 2112 3862 la-

543 3894 682 3948 t'iem
715 3909 821 3946 non
849 3894 983 3948 vidit
1014 3892 1203 3960 lsaias,
1237 3909 1336 3950 nec
1370 3893 1583 3965 Moyses
1611 3896 1763 3950 vidit.
1800 3895 2110 3953 Posteriora

544 3983 700 4045 vidit,
731 3992 791 4037 ut
829 3984 1093 4053 scriptum
1126 3993 1231 4050 est,
1265 3973 1501 4055 Moyses.
1556 3984 1940 4041 Verumtamen
1977 3986 2113 4042 vidit

546 4073 860 4133 Dominum.
902 4075 1004 4129 etsi
1038 4075 1229 4130 faciem
1267 4074 1387 4145 ejus
1417 4090 1525 4129 non
1568 4076 1721 4132 vidit.
1750 4075 1817 4132 Et
1852 4078 1942 4134 hic
1982 4093 2112 4149 ergo

543 4163 699 4229 vidit,
735 4165 860 4221 licet
892 4164 1082 4220 faciem
1112 4182 1217 4220 non
1242 4165 1457 4221 viderit.
1496 4166 1634 4223 Male
1697 4167 1864 4241 igitur
1912 4174 2113 4227 conde-

543 4254 1221 4326 mnaverunlprophetam.
1247 4257 1410 4323 (vers.
1437 4258 1485 4322 5,
1515 4260 1569 4329 ϐ)
1612 4257 1676 4312 Et
1725 4276 1894 4329 regem
1925 4259 2110 4314 Domi-

543 4361 669 4398 num
692 4346 937 4399 ‘Sabaoth
978 4346 1083 4398 vidi
1122 4347 1290 4399 oculis
1328 4349 1478 4409 meis,
1506 4360 1555 4402 et
1596 4351 1789 4403 missus
1817 4360 1893 4405 est
1933 4352 1999 4404 ad
2029 4368 2110 4405 me

544 4452 679 4490 unus
709 4436 773 4487 de
797 4434 1078 4501 seraphim.
1108 4433 1226 4486 Non
1264 4444 1349 4488 est
1386 4454 1527 4491 unus
1577 4439 1689 4507 (86)
1743 4439 1955 4492 Domini
2002 4442 2107 4495 mei
2141 4412 2186 4468 ί)

541 4523 670 4580 Jesu
710 4524 914 4581 Christi
965 4525 1229 4578 adventus
1265 4539 1374 4591 quo
1405 4525 1685 4580 descendit
1720 4529 1784 4581 ad
1815 4536 1987 4582 terras
2015 4547 2028 4583 :
2056 4540 2109 4584 et

541 4616 610 4672 ad
632 4616 824 4672 Isaiam
851 4616 1017 4678 venit,
1044 4625 1097 4669 et
1119 4616 1182 4670 ad
1213 4614 1430 4686 Moysen
1465 4617 1630 4680 venit,
1659 4629 1713 4672 et
1742 4620 1809 4672 ad
1844 4621 2103 4689 populum

540 4707 711 4771 venit,
750 4717 804 4762 et
850 4709 917 4762 ad
975 4722 1427 4777 unumquemque
1474 4708 1860 4776 prophetartnn
1919 4711 2101 4777 venit;

543 4815 720 4868 neque
748 4810 802 4854 tu
834 4801 1067 4854 timeas:
1095 4801 1261 4854 etiam
1295 4800 1342 4856 si
1373 4799 1484 4870 jam
1531 4802 1671 4856 caelo
1720 4812 1973 4872 receptus
2001 4813 2104 4870 est,

544 4890 740 4944 iterum
766 4893 963 4945 veniet.
992 4891 1128 4957 Quia
1168 4902 1349 4947 autem
1382 4903 1435 4948 et
1473 4903 1597 4947 ante
1622 4895 1962 4963 prtesentiam
1990 4912 2112 4951 ear-

544 4983 721 5037 nalem
757 4982 823 5037 ad
879 4984 1128 5040 homines
1166 4988 1395 5052 venerit,
1442 4988 1620 5058 ipsum
1676 4991 1860 5060 accipe
1914 5001 2107 5046 testem

539 5073 948 5130 denuntiantem
977 5086 1139 5146 atque
1169 5079 1436 5133 dicentem
1468 5100 1482 5135 :
1522 5080 1876 5149 Hierusalem,
1911 5081 2109 5137 Hieru-

541 5164 726 5230 salem,
778 5181 895 5235 qute
942 5167 1137 5220 occidis
1181 5167 1494 5238 prophetas,
1537 5181 1586 5224 et
1629 5171 1839 5240 lapides
1887 5187 1971 5224 eos
2017 5173 2107 5241 qui

544 5258 690 5311 missi
710 5266 830 5312 sunt
863 5257 932 5310 ad
967 5268 1031 5318 te.
1063 5261 1263 5329 quoties
1286 5261 1427 5314 volui
1456 5262 1701 5331 colligere
1726 5262 1866 5330 ﬁlios
1897 5272 2014 5316 tuos
2037 5263 2104 5316 “.

541 5346 768 5412 Quoties
798 5349 964 5403 volui.
1001 5348 1115 5405 Non
1144 5352 1294 5418 dicit,
1330 5368 1437 5407 non
1482 5353 1589 5407 vidi
1635 5362 1686 5406 te
1722 5340 1832 5407 nisi
1877 5353 1980 5416 isto
2009 5352 2103 5406 ad-

542 5448 706 5493 ventu
755 5458 769 5494 :
818 5439 913 5495 sed
951 5440 1113 5508 dicit,
1162 5443 1375 5512 quoties
1418 5444 1585 5497 volui.
1621 5441 1686 5497 Et
1733 5457 1828 5513 per
1865 5442 2107 5513 singulos

584 5552 653 5670 ⁷³⁸
689 5550 856 5607 Exod.
891 5569 1083 5621 xum,
1116 5553 1207 5608 20.
1282 5554 1327 5585 ⁸³
1356 5553 1545 5609 Matth.
1580 5568 1736 5618 χχιιι,
1768 5550 1855 5607 '57.

1964 5548 2009 5580 ⁸³
2048 5549 2239 5605 Matth.
2273 5564 2463 5615 xxvnt,
2496 5546 2585 5601 20.

2215 3175 2361 3236 petat
2407 3164 2645 3234 signum,
2674 3179 2781 3218 non
2809 3163 3149 3233 simpliciter,
3178 3162 3270 3217 sed
3300 3162 3402 3217 sibi
3438 3161 3560 3231 ipsi.
3591 3160 3787 3215 Sermo

2219 3256 2421 3326 quippe
2462 3255 2539 3310 ait
2578 3254 2743 3325 (vers.
2788 3254 2875 3322 ll)
2905 3273 2918 3308 :
2949 3253 3076 3308 Pete
3105 3253 3201 3306 tibi
3231 3255 3439 3324 signum
3480 3271 3512 3306 a
3555 3252 3785 3306 Domino

2216 3347 2325 3401 Deo
2356 3358 2447 3400 tuo
2477 3349 2532 3400 in
2576 3347 2897 3416 profundum
2924 3356 3019 3401 aut
3047 3349 3103 3402 in
3129 3346 3408 3401 excelsum.
3436 3344 3778 3413 Propositum

2214 3449 2299 3497 ρει.
2340 3440 2555 3511 signum
2606 3439 2871 3496 Dominus
2932 3454 3088 3494 meus
3139 3438 3300 3493 Jesus
3350 3437 3623 3492 Christus.
3668 3435 3783 3491 Hoc

2214 3533 2359 3588 enim
2403 3541 2489 3587 cst
2535 3532 2750 3600 signum
2805 3531 2949 3600 quod
2993 3530 3219 3601 jubetur
3242 3540 3299 3584 ut
3330 3522 3431 3585 Sibi
3463 3531 3697 3600 postulet
3725 3531 3781 3584 in

2214 3620 2545 3693 profundum
2571 3629 2667 3675 aut
2694 3620 2748 3673 in
2775 3620 3075 3675 excelsum.
3101 3619 3159 3673 In
3185 3617 3513 3688 profundum
3538 3620 3785 3688 quidem,

2213 3710 2341 3780 quia
2389 3710 2485 3781 qui
2537 3708 2838 3772 descendit,
2883 3709 2998 3778 ipse
3045 3716 3149 3763 est.
3201 3709 3259 3761 In
3308 3708 3580 3763 excelsum
3632 3724 3781 3773 vero,

2213 3802 2342 3870 quia
2394 3799 2487 3870 qui
2544 3797 2791 3853 ascendit
2843 3813 3007 3868 super
3063 3811 3255 3851 omnes
3294 3796 3483 3861 cados,
3512 3797 3626 3866 ipse
3675 3806 3777 3851 est.

2214 3892 2344 3945 Mihi
2380 3897 2562 3947 autem
2596 3890 2701 3945 hoc
2722 3891 2935 3959 signum
2967 3888 3306 3959 propositum
3333 3888 3596 3943 Dominus
3620 3903 3776 3943 mens

2211 3983 2374 4038 Jesus
2407 3981 2661 4037 Christus
2699 3978 2753 4034 in
2786 3978 3116 4050 profundum
3142 3978 3279 4032 etin
3310 3979 3608 4044 excelsum,
3646 3977 3781 4031 nihil

2213 4072 2456 4143 prodest,
2491 4071 2538 4126 si
2570 4087 2677 4126 non
2714 4070 2847 4125 mihi
2880 4071 2988 4125 .liat
3032 4070 3351 4141 mysterium
3394 4069 3462 4124 de
3510 4068 3780 4138 profundo

2209 4175 2262 4219 et
2288 4165 2502 4221 excelso
2531 4164 2671 4233 ejus.
2706 4163 2843 4220 Cum
2872 4163 3015 4217 enim
3043 4176 3144 4231 ego
3177 4177 3432 4232 recepero
3461 4163 3779 4233 mysterium

2210 4258 2276 4312 de
2307 4240 2528 4313 Christo
2551 4255 2702 4321 Jesu,
2733 4256 2800 4310 de
2832 4253 3100 4324 profundo
3121 4261 3176 4306 et
3206 4253 3442 4315 excelso,
3472 4263 3601 4308 tunc
3632 4254 3778 4308 acci-

2211 4349 2354 4416 piam
2379 4350 2591 4419 signum
2621 4346 2920 4402 secundum
2945 4354 3273 4413 praeceptum
3301 4342 3537 4409 Domini,
3563 4353 3618 4399 et
3637 4347 3779 4400 diee-

2214 4449 2301 4492 tur
2324 4441 2454 4492 mihi
2489 4438 2643 4507 quasi
2673 4435 2891 4489 habenti
2926 4435 2978 4487 in
3008 4433 3329 4503 memetipso
3356 4433 3690 4504 profundum
3721 4445 3777 4491 et

2209 4528 2484 4581 excelsum
2519 4545 2531 4580 :
2572 4524 2753 4594 Neque
2775 4523 2977 4576 dixeris
3006 4523 3062 4575 in
3084 4522 3240 4576 corde
3261 4532 3350 4577 tuo
3374 4539 3393 4577 :
3429 4523 3560 4589 Quis
3591 4542 3775 4579 ascenc

2209 4618 2288 4672 dit
2318 4618 2373 4670 in
2400 4615 2627 4671 caelum?
2671 4612 2786 4666 lloc
2811 4622 2888 4666 est
2920 4612 3192 4668 Christum
3220 4614 3492 4670 deducere.
3524 4615 3629 4670 Aut
3659 4619 3778 4688 quis

2207 4709 2475 4764 descendit
2514 4710 2565 4761 in
2594 4707 2881 4778 abyssum?
2916 4705 3027 4761 Hoc
3051 4715 3129 4761 est
3155 4705 3430 4761 Christum
3465 4725 3531 4764 ea:
3556 4712 3778 4766 mortuis

2210 4800 2455 4855 reducere
2506 4797 2676 4853 Juxta
2713 4808 2788 4852 est
2816 4799 3028 4853 verbum
3072 4807 3225 4853 tuum
3273 4801 3566 4857 vehemens
3605 4804 3660 4855 in
3688 4818 3778 4856 ore

2214 4901 2330 4957 tuo,
2362 4900 2411 4945 et
2434 4891 2488 4944 in
2515 4890 2669 4944 corde
2693 4899 2780 4944 tuo
2810 4889 2875 4943 ⁸⁸.
2902 4887 3221 4959 Praecipitur
3248 4906 3378 4962 ergo
3407 4893 3566 4947 nobis
3595 4893 3776 4944 omni-

2212 4979 2337 5043 bus,
2373 4987 2432 5032 ut
2472 4986 2720 5048 petamus
2751 4977 2908 5033 nobis
2938 4979 3041 5033 hoc
3084 4978 3322 5048 signum,
3355 4988 3415 5033 ut
3462 4981 3619 5035 nobis
3649 4981 3779 5034 utile

2210 5069 2305 5124 ﬁat
2354 5069 2567 5139 signum
2599 5068 2744 5139 quod
2772 5067 2864 5123 dat
2896 5067 3160 5124 Dominus
3186 5067 3329 5126 Deus
3357 5071 3411 5123 in
3445 5068 3775 5138 profundum

2213 5170 2268 5216 et
2298 5160 2351 5214 in
2394 5160 2690 5215 excelsum.
2721 5159 2777 5214 Si
2812 5161 2934 5231 quis
2967 5171 3148 5216 antem
3182 5172 3266 5216 est
3295 5161 3387 5230 qui
3422 5161 3579 5224 sciat,
3610 5170 3664 5214 et
3692 5176 3778 5213 ra-

2214 5252 2458 5306 tionabili
2528 5252 2980 5320 contemplatione
3024 5262 3316 5322 cognoscat
3358 5251 3459 5305 hoc
3506 5250 3650 5319 quod
3695 5251 3777 5304 di-

2213 5357 2359 5402 ctum
2391 5355 2496 5410 est,
2531 5346 2586 5399 in
2622 5345 2941 5415 profundum
2970 5358 3017 5399 et
3046 5347 3100 5400 in
3126 5344 3408 5407 excelsum,
3438 5358 3544 5397 non
3574 5343 3777 5413 disjun—

2214 5442 2353 5493 ctivc
2382 5453 2502 5493 esse
2525 5438 2751 5504 dictum,
2784 5438 3050 5506 significat
3071 5440 3218 5492 enim
3255 5438 3358 5491 hoc
3392 5437 3532 5505 quod
3569 5449 3776 5491 utrum-

2689 5547 2734 5579 ³⁸³
2764 5545 2950 5601 Matth.
2991 5563 3143 5611 xvm,
3180 5546 3262 5600 19.
3366 5548 3408 5579 ⁸³
3443 5545 3599 5601 liotn.
3632 5562 3685 5610 ιι,
3718 5545 3774 5614 6,

618 5708 729 5779 (86)
766 5710 887 5766 Non
931 5724 1005 5766 est
1038 5732 1168 5770 unus
1199 5715 1411 5772 Domini
1454 5716 1553 5768 mei
1594 5713 1721 5770 Iesu
1762 5714 1961 5770 Christi
2010 5710 2282 5778 adcentus,
2314 5719 2416 5768 etc.
2444 5709 2575 5767 Vide
2600 5708 3055 5778 lib.nOrigcnian
3088 5750 3102 5777 ,
3130 5716 3321 5779 quaest.
3347 5709 3646 5778 3,num.2.
