  <div class='ocr_page' id='page_1' title='image "/cluster/home/n/w/nwhite01/storage/ocr_20150623/13/mdp.39015007036059/116.png"; bbox 0 0 4296 6288; ppageno 0'>
   <div class='ocr_carea' id='block_1_1' title="bbox 375 358 483 412">
    <p class='ocr_par' dir='ltr' id='par_1_1' title="bbox 375 358 483 412">
     <span class='ocr_line' id='line_1_1' title="bbox 375 358 483 412; baseline -0.009 0"><span class='ocrx_word' id='word_1_1' title='bbox 375 358 483 412; x_wconf 59' lang='lat'><strong>9.25</strong></span> 
     </span>
    </p>
   </div>
   <div class='ocr_carea' id='block_1_2' title="bbox 381 461 1590 543">
    <p class='ocr_par' dir='ltr' id='par_1_2' title="bbox 381 461 1590 543">
     <span class='ocr_line' id='line_1_2' title="bbox 381 461 1590 543; baseline -0.015 -16"><span class='ocrx_word' id='word_1_2' title='bbox 381 490 488 543; x_wconf 79' lang='lat' dir='ltr'><strong>qtie</strong></span> <span class='ocrx_word' id='word_1_3' title='bbox 524 469 714 542; x_wconf 87' lang='lat' dir='ltr'><strong>possit.</strong></span> <span class='ocrx_word' id='word_1_4' title='bbox 749 466 874 522; x_wconf 81' lang='lat' dir='ltr'><strong>Pete</strong></span> <span class='ocrx_word' id='word_1_5' title='bbox 904 468 999 521; x_wconf 87' lang='lat' dir='ltr'><strong>tibi</strong></span> <span class='ocrx_word' id='word_1_6' title='bbox 1036 467 1245 536; x_wconf 84' lang='lat' dir='ltr'><strong>signum</strong></span> <span class='ocrx_word' id='word_1_7' title='bbox 1287 481 1318 518; x_wconf 88' lang='lat' dir='ltr'><strong>a</strong></span> <span class='ocrx_word' id='word_1_8' title='bbox 1365 461 1590 515; x_wconf 82' lang='lat' dir='ltr'><strong>Domino</strong></span> 
     </span>
    </p>
   </div>
   <div class='ocr_carea' id='block_1_3' title="bbox 382 540 1960 626">
    <p class='ocr_par' dir='ltr' id='par_1_3' title="bbox 382 540 1960 626">
     <span class='ocr_line' id='line_1_3' title="bbox 382 540 1960 626; baseline -0.016 -9"><span class='ocrx_word' id='word_1_9' title='bbox 382 566 509 618; x_wconf 84' lang='lat' dir='ltr'><strong>dum</strong></span> <span class='ocrx_word' id='word_1_10' title='bbox 543 572 591 616; x_wconf 87' lang='lat' dir='ltr'><strong>et</strong></span> <span class='ocrx_word' id='word_1_11' title='bbox 632 562 686 614; x_wconf 88' lang='lat' dir='ltr'><strong>in</strong></span> <span class='ocrx_word' id='word_1_12' title='bbox 724 559 1006 612; x_wconf 76' lang='lat' dir='ltr'><strong>excelsum.</strong></span> <span class='ocrx_word' id='word_1_13' title='bbox 1039 559 1104 614; x_wconf 87' lang='lat' dir='ltr'><strong>Et</strong></span> <span class='ocrx_word' id='word_1_14' title='bbox 1137 561 1191 610; x_wconf 90' lang='lat' dir='ltr'><strong>in</strong></span> <span class='ocrx_word' id='word_1_15' title='bbox 1219 553 1583 626; x_wconf 69' lang='lat' dir='ltr'><strong>promissione</strong></span> <span class='ocrx_word' id='word_1_16' title='bbox 1607 557 1785 601; x_wconf 75' lang='lat' dir='ltr'><strong>autem</strong></span> <span class='ocrx_word' id='word_1_17' title='bbox 1821 540 1960 593; x_wconf 71' lang='lat' dir='ltr'><strong>dixit</strong></span> 
     </span>
    </p>
   </div>
   <div class='ocr_carea' id='block_1_4' title="bbox 384 635 1965 721">
    <p class='ocr_par' dir='ltr' id='par_1_4' title="bbox 384 635 1965 721">
     <span class='ocr_line' id='line_1_4' title="bbox 384 635 1965 721; baseline -0.015 -14"><span class='ocrx_word' id='word_1_18' title='bbox 384 653 725 721; x_wconf 82' lang='lat' dir='ltr'><strong>Apostolus:</strong></span> <span class='ocrx_word' id='word_1_19' title='bbox 775 653 836 706; x_wconf 88' lang='lat' dir='ltr'><strong>Ut</strong></span> <span class='ocrx_word' id='word_1_20' title='bbox 891 660 1283 720; x_wconf 81' lang='lat' dir='ltr'><strong>cognoscamus</strong></span> <span class='ocrx_word' id='word_1_21' title='bbox 1340 641 1467 711; x_wconf 83' lang='lat' dir='ltr'><strong>quid</strong></span> <span class='ocrx_word' id='word_1_22' title='bbox 1520 638 1587 691; x_wconf 89' lang='lat' dir='ltr'><strong>sit</strong></span> <span class='ocrx_word' id='word_1_23' title='bbox 1644 635 1965 705; x_wconf 81' lang='lat' dir='ltr'><strong>profundum</strong></span> 
     </span>
    </p>
   </div>
   <div class='ocr_carea' id='block_1_5' title="bbox 385 725 1968 811">
    <p class='ocr_par' dir='ltr' id='par_1_5' title="bbox 385 725 1968 811">
     <span class='ocr_line' id='line_1_5' title="bbox 385 725 1968 811; baseline -0.014 -12"><span class='ocrx_word' id='word_1_24' title='bbox 385 756 434 799; x_wconf 86' lang='lat' dir='ltr'><strong>et</strong></span> <span class='ocrx_word' id='word_1_25' title='bbox 485 744 778 805; x_wconf 63' lang='lat' dir='ltr'><strong>excelsum,</strong></span> <span class='ocrx_word' id='word_1_26' title='bbox 830 754 878 797; x_wconf 88' lang='lat' dir='ltr'><strong>et</strong></span> <span class='ocrx_word' id='word_1_27' title='bbox 920 741 1225 811; x_wconf 75' lang='lat' dir='ltr'><strong>longitudo,</strong></span> <span class='ocrx_word' id='word_1_28' title='bbox 1272 745 1321 790; x_wconf 85' lang='lat' dir='ltr'><strong>et</strong></span> <span class='ocrx_word' id='word_1_29' title='bbox 1368 734 1595 788; x_wconf 82' lang='lat' dir='ltr'><strong>latitudo</strong></span> <span class='ocrx_word' id='word_1_30' title='bbox 1634 730 1699 783; x_wconf 66' lang='lat'><strong>‘°.</strong></span> <span class='ocrx_word' id='word_1_31' title='bbox 1735 728 1800 781; x_wconf 81' lang='lat' dir='ltr'><strong>Et</strong></span> <span class='ocrx_word' id='word_1_32' title='bbox 1834 725 1968 779; x_wconf 78' lang='lat' dir='ltr'><strong>dixit</strong></span> 
     </span>
    </p>
   </div>
   <div class='ocr_carea' id='block_1_6' title="bbox 387 817 1972 894">
    <p class='ocr_par' dir='ltr' id='par_1_6' title="bbox 387 817 1972 894">
     <span class='ocr_line' id='line_1_6' title="bbox 387 817 1972 894; baseline -0.014 -4"><span class='ocrx_word' id='word_1_33' title='bbox 387 838 558 891; x_wconf 72' lang='lat' dir='ltr'><strong>Arltaz</strong></span> <span class='ocrx_word' id='word_1_34' title='bbox 581 851 598 889; x_wconf 91' lang='lat'><strong><em>:</em></strong></span> <span class='ocrx_word' id='word_1_35' title='bbox 618 835 741 890; x_wconf 83' lang='lat' dir='ltr'><strong>Non</strong></span> <span class='ocrx_word' id='word_1_36' title='bbox 765 844 959 894; x_wconf 84' lang='lat' dir='ltr'><strong>petam.</strong></span> <span class='ocrx_word' id='word_1_37' title='bbox 987 828 1303 886; x_wconf 88' lang='lat' dir='ltr'><strong>lncredulus</strong></span> <span class='ocrx_word' id='word_1_38' title='bbox 1324 825 1444 880; x_wconf 85' lang='lat' dir='ltr'><strong>fuit.</strong></span> <span class='ocrx_word' id='word_1_39' title='bbox 1465 822 1607 877; x_wconf 81' lang='lat' dir='ltr'><strong>Dixit</strong></span> <span class='ocrx_word' id='word_1_40' title='bbox 1631 819 1775 875; x_wconf 89' lang='lat' dir='ltr'><strong>enim</strong></span> <span class='ocrx_word' id='word_1_41' title='bbox 1801 836 1814 872; x_wconf 87' lang='lat'>:</span> <span class='ocrx_word' id='word_1_42' title='bbox 1839 817 1972 870; x_wconf 84' lang='lat' dir='ltr'><strong>Pete</strong></span> 
     </span>
    </p>
   </div>
   <div class='ocr_carea' id='block_1_7' title="bbox 396 904 1967 990">
    <p class='ocr_par' dir='ltr' id='par_1_7' title="bbox 396 904 1967 990">
     <span class='ocr_line' id='line_1_7' title="bbox 396 904 1967 990; baseline -0.011 -15"><span class='ocrx_word' id='word_1_43' title='bbox 396 922 488 975; x_wconf 91' lang='lat' dir='ltr'><strong>tibi</strong></span> <span class='ocrx_word' id='word_1_44' title='bbox 523 919 647 990; x_wconf 85' lang='lat' dir='ltr'><strong>ipsi.</strong></span> <span class='ocrx_word' id='word_1_45' title='bbox 689 918 932 988; x_wconf 87' lang='lat' dir='ltr'><strong>Populus</strong></span> <span class='ocrx_word' id='word_1_46' title='bbox 959 925 1140 971; x_wconf 88' lang='lat' dir='ltr'><strong>autem</strong></span> <span class='ocrx_word' id='word_1_47' title='bbox 1185 926 1360 982; x_wconf 90' lang='lat' dir='ltr'><strong>usque</strong></span> <span class='ocrx_word' id='word_1_48' title='bbox 1389 909 1552 964; x_wconf 85' lang='lat' dir='ltr'><strong>hodie</strong></span> <span class='ocrx_word' id='word_1_49' title='bbox 1586 921 1695 961; x_wconf 90' lang='lat' dir='ltr'><strong>non</strong></span> <span class='ocrx_word' id='word_1_50' title='bbox 1730 905 1862 975; x_wconf 90' lang='lat' dir='ltr'><strong>petit</strong></span> <span class='ocrx_word' id='word_1_51' title='bbox 1890 904 1967 958; x_wconf 86' lang='lat' dir='ltr'><strong>si-</strong></span> 
     </span>
    </p>
   </div>
   <div class='ocr_carea' id='block_1_8' title="bbox 396 995 1968 1083">
    <p class='ocr_par' dir='ltr' id='par_1_8' title="bbox 396 995 1968 1083">
     <span class='ocr_line' id='line_1_8' title="bbox 396 995 1968 1083; baseline -0.013 -16"><span class='ocrx_word' id='word_1_52' title='bbox 396 1028 582 1083; x_wconf 77' lang='lat' dir='ltr'><strong>gnum,</strong></span> <span class='ocrx_word' id='word_1_53' title='bbox 603 1006 1183 1081; x_wconf 86' lang='lat' dir='ltr'><strong>pr0ptereauonbabet</strong></span> <span class='ocrx_word' id='word_1_54' title='bbox 1222 1005 1398 1067; x_wconf 91' lang='lat' dir='ltr'><strong>illum,</strong></span> <span class='ocrx_word' id='word_1_55' title='bbox 1429 1009 1482 1056; x_wconf 91' lang='lat' dir='ltr'><strong>et</strong></span> <span class='ocrx_word' id='word_1_56' title='bbox 1502 1000 1702 1071; x_wconf 66' lang='lat' dir='ltr'><strong>praebet</strong></span> <span class='ocrx_word' id='word_1_57' title='bbox 1734 995 1968 1051; x_wconf 87' lang='lat' dir='ltr'><strong>Domino</strong></span> 
     </span>
    </p>
   </div>
   <div class='ocr_carea' id='block_1_9' title="bbox 397 1088 1966 1170">
    <p class='ocr_par' dir='ltr' id='par_1_9' title="bbox 397 1088 1966 1170">
     <span class='ocr_line' id='line_1_9' title="bbox 397 1088 1966 1170; baseline -0.01 -15"><span class='ocrx_word' id='word_1_58' title='bbox 397 1112 672 1157; x_wconf 82' lang='lat' dir='ltr'><strong>certamen</strong></span> <span class='ocrx_word' id='word_1_59' title='bbox 709 1098 940 1170; x_wconf 90' lang='lat' dir='ltr'><strong>populus</strong></span> <span class='ocrx_word' id='word_1_60' title='bbox 963 1096 1056 1165; x_wconf 90' lang='lat' dir='ltr'><strong>qui</strong></span> <span class='ocrx_word' id='word_1_61' title='bbox 1096 1110 1205 1149; x_wconf 90' lang='lat' dir='ltr'><strong>non</strong></span> <span class='ocrx_word' id='word_1_62' title='bbox 1235 1091 1427 1161; x_wconf 78' lang='lat' dir='ltr'><strong>recipit</strong></span> <span class='ocrx_word' id='word_1_63' title='bbox 1456 1088 1748 1142; x_wconf 87' lang='lat' dir='ltr'><strong>Dominum</strong></span> <span class='ocrx_word' id='word_1_64' title='bbox 1787 1100 1966 1139; x_wconf 85' lang='lat' dir='ltr'><strong>meum</strong></span> 
     </span>
    </p>
   </div>
   <div class='ocr_carea' id='block_1_10' title="bbox 395 1177 1971 1253">
    <p class='ocr_par' dir='ltr' id='par_1_10' title="bbox 395 1177 1971 1253">
     <span class='ocr_line' id='line_1_10' title="bbox 395 1177 1971 1253; baseline -0.01 -7"><span class='ocrx_word' id='word_1_65' title='bbox 395 1193 583 1249; x_wconf 87' lang='lat' dir='ltr'><strong>.lesum</strong></span> <span class='ocrx_word' id='word_1_66' title='bbox 608 1190 911 1246; x_wconf 79' lang='lat' dir='ltr'><strong>Christum.</strong></span> <span class='ocrx_word' id='word_1_67' title='bbox 943 1186 1148 1241; x_wconf 81' lang='lat' dir='ltr'><strong>Deinde</strong></span> <span class='ocrx_word' id='word_1_68' title='bbox 1179 1185 1282 1239; x_wconf 89' lang='lat' dir='ltr'><strong>alia</strong></span> <span class='ocrx_word' id='word_1_69' title='bbox 1309 1182 1558 1253; x_wconf 84' lang='lat' dir='ltr'><strong>sequitur</strong></span> <span class='ocrx_word' id='word_1_70' title='bbox 1577 1178 1828 1249; x_wconf 67' lang='lat' dir='ltr'><strong>quazstio.</strong></span> <span class='ocrx_word' id='word_1_71' title='bbox 1862 1177 1971 1232; x_wconf 90' lang='lat' dir='ltr'><strong>lsto</strong></span> 
     </span>
    </p>
   </div>
   <div class='ocr_carea' id='block_1_11' title="bbox 394 1267 1969 1344">
    <p class='ocr_par' dir='ltr' id='par_1_11' title="bbox 394 1267 1969 1344">
     <span class='ocr_line' id='line_1_11' title="bbox 394 1267 1969 1344; baseline -0.012 -8"><span class='ocrx_word' id='word_1_72' title='bbox 394 1282 543 1335; x_wconf 84' lang='lat' dir='ltr'><strong>enim</strong></span> <span class='ocrx_word' id='word_1_73' title='bbox 573 1281 785 1334; x_wconf 91' lang='lat' dir='ltr'><strong>dicente</strong></span> <span class='ocrx_word' id='word_1_74' title='bbox 820 1294 834 1331; x_wconf 87' lang='lat'><strong>:</strong></span> <span class='ocrx_word' id='word_1_75' title='bbox 866 1274 991 1329; x_wconf 85' lang='lat' dir='ltr'><strong>Non</strong></span> <span class='ocrx_word' id='word_1_76' title='bbox 1023 1284 1218 1344; x_wconf 86' lang='lat' dir='ltr'><strong>petam,</strong></span> <span class='ocrx_word' id='word_1_77' title='bbox 1242 1287 1403 1342; x_wconf 87' lang='lat' dir='ltr'><strong>neque</strong></span> <span class='ocrx_word' id='word_1_78' title='bbox 1429 1269 1636 1324; x_wconf 86' lang='lat' dir='ltr'><strong>tentabo</strong></span> <span class='ocrx_word' id='word_1_79' title='bbox 1664 1267 1969 1330; x_wconf 84' lang='lat' dir='ltr'><strong>Dominum;</strong></span> 
     </span>
    </p>
   </div>
   <div class='ocr_carea' id='block_1_12' title="bbox 402 1356 1969 1441">
    <p class='ocr_par' dir='ltr' id='par_1_12' title="bbox 402 1356 1969 1441">
     <span class='ocr_line' id='line_1_12' title="bbox 402 1356 1969 1441; baseline -0.011 -16"><span class='ocrx_word' id='word_1_80' title='bbox 402 1370 627 1441; x_wconf 67' lang='lat' dir='ltr'><strong>109a</strong></span> <span class='ocrx_word' id='word_1_81' title='bbox 639 1367 943 1423; x_wconf 70' lang='lat' dir='ltr'><strong>acstimante</strong></span> <span class='ocrx_word' id='word_1_82' title='bbox 954 1363 1305 1419; x_wconf 87' lang='lat' dir='ltr'><strong>teutationem</strong></span> <span class='ocrx_word' id='word_1_83' title='bbox 1318 1375 1440 1414; x_wconf 90' lang='lat' dir='ltr'><strong>esse</strong></span> <span class='ocrx_word' id='word_1_84' title='bbox 1456 1359 1501 1413; x_wconf 92' lang='lat' dir='ltr'><strong>si</strong></span> <span class='ocrx_word' id='word_1_85' title='bbox 1520 1366 1721 1427; x_wconf 90' lang='lat' dir='ltr'><strong>peteret</strong></span> <span class='ocrx_word' id='word_1_86' title='bbox 1733 1356 1969 1427; x_wconf 82' lang='lat' dir='ltr'><strong>signum,</strong></span> 
     </span>
    </p>
   </div>
   <div class='ocr_carea' id='block_1_13' title="bbox 398 1445 1972 1518">
    <p class='ocr_par' dir='ltr' id='par_1_13' title="bbox 398 1445 1972 1518">
     <span class='ocr_line' id='line_1_13' title="bbox 398 1445 1972 1518; baseline -0.011 -2"><span class='ocrx_word' id='word_1_87' title='bbox 398 1463 479 1516; x_wconf 84' lang='lat' dir='ltr'><strong>ait.</strong></span> <span class='ocrx_word' id='word_1_88' title='bbox 508 1480 522 1514; x_wconf 90' lang='lat'>:</span> <span class='ocrx_word' id='word_1_89' title='bbox 555 1459 745 1514; x_wconf 80' lang='lat' dir='ltr'><strong>Audite</strong></span> <span class='ocrx_word' id='word_1_90' title='bbox 775 1472 935 1518; x_wconf 89' lang='lat' dir='ltr'><strong>nunc,</strong></span> <span class='ocrx_word' id='word_1_91' title='bbox 970 1456 1156 1507; x_wconf 87' lang='lat' dir='ltr'><strong>domus</strong></span> <span class='ocrx_word' id='word_1_92' title='bbox 1188 1450 1380 1504; x_wconf 83' lang='lat' dir='ltr'><strong>David.</strong></span> <span class='ocrx_word' id='word_1_93' title='bbox 1406 1447 1660 1518; x_wconf 78' lang='lat' dir='ltr'><strong>Nunquid</strong></span> <span class='ocrx_word' id='word_1_94' title='bbox 1691 1445 1830 1501; x_wconf 74' lang='lat' dir='ltr'><strong>vobis</strong></span> <span class='ocrx_word' id='word_1_95' title='bbox 1861 1462 1972 1499; x_wconf 89' lang='lat' dir='ltr'><strong>mo-</strong></span> 
     </span>
    </p>
   </div>
   <div class='ocr_carea' id='block_1_14' title="bbox 399 1536 1973 1617">
    <p class='ocr_par' dir='ltr' id='par_1_14' title="bbox 399 1536 1973 1617">
     <span class='ocr_line' id='line_1_14' title="bbox 399 1536 1973 1617; baseline -0.01 -13"><span class='ocrx_word' id='word_1_96' title='bbox 399 1553 577 1604; x_wconf 74' lang='lat' dir='ltr'><strong>dicum</strong></span> <span class='ocrx_word' id='word_1_97' title='bbox 613 1558 689 1603; x_wconf 84' lang='lat' dir='ltr'><strong>est</strong></span> <span class='ocrx_word' id='word_1_98' title='bbox 725 1556 980 1617; x_wconf 71' lang='lat' dir='ltr'><strong>priestare</strong></span> <span class='ocrx_word' id='word_1_99' title='bbox 1005 1552 1265 1597; x_wconf 82' lang='lat' dir='ltr'><strong>certamen</strong></span> <span class='ocrx_word' id='word_1_100' title='bbox 1294 1538 1613 1605; x_wconf 80' lang='lat' dir='ltr'><strong>hominibus,</strong></span> <span class='ocrx_word' id='word_1_101' title='bbox 1639 1546 1690 1591; x_wconf 89' lang='lat' dir='ltr'><strong>et</strong></span> <span class='ocrx_word' id='word_1_102' title='bbox 1715 1536 1973 1607; x_wconf 90' lang='lat' dir='ltr'><strong>quomodo</strong></span> 
     </span>
    </p>
   </div>
   <div class='ocr_carea' id='block_1_15' title="bbox 403 1632 1971 1719">
    <p class='ocr_par' dir='ltr' id='par_1_15' title="bbox 403 1632 1971 1719">
     <span class='ocr_line' id='line_1_15' title="bbox 403 1632 1971 1719; baseline -0.01 -21"><span class='ocrx_word' id='word_1_103' title='bbox 403 1645 629 1719; x_wconf 84' lang='lat' dir='ltr'><strong>Domino</strong></span> <span class='ocrx_word' id='word_1_104' title='bbox 672 1641 940 1713; x_wconf 72' lang='lat' dir='ltr'><strong>praestatis</strong></span> <span class='ocrx_word' id='word_1_105' title='bbox 990 1637 1296 1693; x_wconf 83' lang='lat' dir='ltr'><strong>certamen?</strong></span> <span class='ocrx_word' id='word_1_106' title='bbox 1359 1632 1477 1689; x_wconf 78' lang='lat' dir='ltr'><strong>Non</strong></span> <span class='ocrx_word' id='word_1_107' title='bbox 1524 1640 1745 1703; x_wconf 81' lang='lat' dir='ltr'><strong>pra-stat</strong></span> <span class='ocrx_word' id='word_1_108' title='bbox 1791 1638 1971 1685; x_wconf 89' lang='lat' dir='ltr'><strong>autem</strong></span> 
     </span>
    </p>
   </div>
   <div class='ocr_carea' id='block_1_16' title="bbox 401 1723 1974 1800">
    <p class='ocr_par' dir='ltr' id='par_1_16' title="bbox 401 1723 1974 1800">
     <span class='ocr_line' id='line_1_16' title="bbox 401 1723 1974 1800; baseline -0.011 -8"><span class='ocrx_word' id='word_1_109' title='bbox 401 1747 678 1792; x_wconf 83' lang='lat' dir='ltr'><strong>certamen</strong></span> <span class='ocrx_word' id='word_1_110' title='bbox 716 1733 980 1798; x_wconf 85' lang='lat' dir='ltr'><strong>Domino,</strong></span> <span class='ocrx_word' id='word_1_111' title='bbox 1028 1745 1203 1800; x_wconf 88' lang='lat' dir='ltr'><strong>neque</strong></span> <span class='ocrx_word' id='word_1_112' title='bbox 1229 1727 1546 1782; x_wconf 87' lang='lat' dir='ltr'><strong>hominibus</strong></span> <span class='ocrx_word' id='word_1_113' title='bbox 1574 1740 1696 1779; x_wconf 92' lang='lat' dir='ltr'><strong>eum</strong></span> <span class='ocrx_word' id='word_1_114' title='bbox 1738 1723 1974 1777; x_wconf 88' lang='lat' dir='ltr'><strong>arbitror</strong></span> 
     </span>
    </p>
   </div>
   <div class='ocr_carea' id='block_1_17' title="bbox 402 1808 1968 1894">
    <p class='ocr_par' dir='ltr' id='par_1_17' title="bbox 402 1808 1968 1894">
     <span class='ocr_line' id='line_1_17' title="bbox 402 1808 1968 1894; baseline -0.014 -14"><span class='ocrx_word' id='word_1_115' title='bbox 402 1832 663 1894; x_wconf 66' lang='lat' dir='ltr'><strong>praestare</strong></span> <span class='ocrx_word' id='word_1_116' title='bbox 691 1830 969 1878; x_wconf 85' lang='lat' dir='ltr'><strong>certamen</strong></span> <span class='ocrx_word' id='word_1_117' title='bbox 1015 1817 1110 1887; x_wconf 89' lang='lat' dir='ltr'><strong>qui</strong></span> <span class='ocrx_word' id='word_1_118' title='bbox 1154 1815 1290 1886; x_wconf 88' lang='lat' dir='ltr'><strong>petit</strong></span> <span class='ocrx_word' id='word_1_119' title='bbox 1319 1815 1534 1884; x_wconf 80' lang='lat' dir='ltr'><strong>signum</strong></span> <span class='ocrx_word' id='word_1_120' title='bbox 1563 1812 1615 1866; x_wconf 91' lang='lat' dir='ltr'><strong>in</strong></span> <span class='ocrx_word' id='word_1_121' title='bbox 1640 1808 1968 1880; x_wconf 88' lang='lat' dir='ltr'><strong>profundum</strong></span> 
     </span>
    </p>
   </div>
   <div class='ocr_carea' id='block_1_18' title="bbox 402 1901 1973 1975">
    <p class='ocr_par' dir='ltr' id='par_1_18' title="bbox 402 1901 1973 1975">
     <span class='ocr_line' id='line_1_18' title="bbox 402 1901 1973 1975; baseline -0.013 -4"><span class='ocrx_word' id='word_1_122' title='bbox 402 1924 500 1971; x_wconf 85' lang='lat' dir='ltr'><strong>aut</strong></span> <span class='ocrx_word' id='word_1_123' title='bbox 533 1915 586 1970; x_wconf 91' lang='lat' dir='ltr'><strong>in</strong></span> <span class='ocrx_word' id='word_1_124' title='bbox 618 1914 915 1969; x_wconf 79' lang='lat' dir='ltr'><strong>excelsum.</strong></span> <span class='ocrx_word' id='word_1_125' title='bbox 951 1907 1241 1964; x_wconf 84' lang='lat' dir='ltr'><strong>Certamen</strong></span> <span class='ocrx_word' id='word_1_126' title='bbox 1265 1904 1469 1975; x_wconf 87' lang='lat' dir='ltr'><strong>quippe</strong></span> <span class='ocrx_word' id='word_1_127' title='bbox 1498 1901 1590 1955; x_wconf 88' lang='lat' dir='ltr'><strong>Dei</strong></span> <span class='ocrx_word' id='word_1_128' title='bbox 1617 1909 1721 1966; x_wconf 90' lang='lat' dir='ltr'><strong>est,</strong></span> <span class='ocrx_word' id='word_1_129' title='bbox 1743 1912 1973 1968; x_wconf 87' lang='lat' dir='ltr'><strong>quomo-</strong></span> 
     </span>
    </p>
   </div>
   <div class='ocr_carea' id='block_1_19' title="bbox 400 1992 1974 2065">
    <p class='ocr_par' dir='ltr' id='par_1_19' title="bbox 400 1992 1974 2065">
     <span class='ocr_line' id='line_1_19' title="bbox 400 1992 1974 2065; baseline -0.015 -2"><span class='ocrx_word' id='word_1_130' title='bbox 400 2009 475 2063; x_wconf 91' lang='lat' dir='ltr'><strong>do</strong></span> <span class='ocrx_word' id='word_1_131' title='bbox 518 2006 691 2061; x_wconf 87' lang='lat' dir='ltr'><strong>salvet</strong></span> <span class='ocrx_word' id='word_1_132' title='bbox 733 2001 1035 2057; x_wconf 87' lang='lat' dir='ltr'><strong>hominem.</strong></span> <span class='ocrx_word' id='word_1_133' title='bbox 1086 1996 1207 2051; x_wconf 85' lang='lat' dir='ltr'><strong>Non</strong></span> <span class='ocrx_word' id='word_1_134' title='bbox 1236 2002 1457 2065; x_wconf 67' lang='lat' dir='ltr'><strong>praestat</strong></span> <span class='ocrx_word' id='word_1_135' title='bbox 1503 1992 1668 2062; x_wconf 81' lang='lat' dir='ltr'><strong>igitur</strong></span> <span class='ocrx_word' id='word_1_136' title='bbox 1698 1999 1974 2044; x_wconf 79' lang='lat' dir='ltr'><strong>certamen</strong></span> 
     </span>
    </p>
   </div>
   <div class='ocr_carea' id='block_1_20' title="bbox 405 2079 1980 2162">
    <p class='ocr_par' dir='ltr' id='par_1_20' title="bbox 405 2079 1980 2162">
     <span class='ocr_line' id='line_1_20' title="bbox 405 2079 1980 2162; baseline -0.015 -11"><span class='ocrx_word' id='word_1_137' title='bbox 405 2098 638 2153; x_wconf 84' lang='lat' dir='ltr'><strong>Domino</strong></span> <span class='ocrx_word' id='word_1_138' title='bbox 659 2094 754 2162; x_wconf 91' lang='lat' dir='ltr'><strong>qui</strong></span> <span class='ocrx_word' id='word_1_139' title='bbox 778 2090 1022 2159; x_wconf 75' lang='lat' dir='ltr'><strong>confugit</strong></span> <span class='ocrx_word' id='word_1_140' title='bbox 1049 2090 1116 2142; x_wconf 86' lang='lat' dir='ltr'><strong>ad</strong></span> <span class='ocrx_word' id='word_1_141' title='bbox 1150 2088 1400 2143; x_wconf 83' lang='lat' dir='ltr'><strong>salutem.</strong></span> <span class='ocrx_word' id='word_1_142' title='bbox 1448 2082 1554 2149; x_wconf 87' lang='lat' dir='ltr'><strong>Qui</strong></span> <span class='ocrx_word' id='word_1_143' title='bbox 1588 2095 1717 2136; x_wconf 82' lang='lat' dir='ltr'><strong>vero</strong></span> <span class='ocrx_word' id='word_1_144' title='bbox 1749 2079 1980 2131; x_wconf 87' lang='lat' dir='ltr'><strong>Domino</strong></span> 
     </span>
    </p>
   </div>
   <div class='ocr_carea' id='block_1_21' title="bbox 401 2169 1981 2241">
    <p class='ocr_par' dir='ltr' id='par_1_21' title="bbox 401 2169 1981 2241">
     <span class='ocr_line' id='line_1_21' title="bbox 401 2169 1981 2241; baseline -0.016 -1"><span class='ocrx_word' id='word_1_145' title='bbox 401 2190 651 2241; x_wconf 75' lang='lat' dir='ltr'><strong>certante</strong></span> <span class='ocrx_word' id='word_1_146' title='bbox 684 2189 745 2234; x_wconf 93' lang='lat' dir='ltr'><strong>ut</strong></span> <span class='ocrx_word' id='word_1_147' title='bbox 779 2177 952 2234; x_wconf 87' lang='lat' dir='ltr'><strong>salvet</strong></span> <span class='ocrx_word' id='word_1_148' title='bbox 978 2175 1280 2237; x_wconf 79' lang='lat' dir='ltr'><strong>hominem,</strong></span> <span class='ocrx_word' id='word_1_149' title='bbox 1327 2170 1466 2239; x_wconf 80' lang='lat' dir='ltr'><strong>fugit</strong></span> <span class='ocrx_word' id='word_1_150' title='bbox 1495 2184 1525 2223; x_wconf 91' lang='lat' dir='ltr'><strong>a</strong></span> <span class='ocrx_word' id='word_1_151' title='bbox 1557 2169 1748 2232; x_wconf 82' lang='lat' dir='ltr'><strong>salute,</strong></span> <span class='ocrx_word' id='word_1_152' title='bbox 1780 2175 1833 2219; x_wconf 89' lang='lat' dir='ltr'><strong>et</strong></span> <span class='ocrx_word' id='word_1_153' title='bbox 1853 2178 1981 2234; x_wconf 84' lang='lat' dir='ltr'><strong>pro-</strong></span> 
     </span>
    </p>
   </div>
   <div class='ocr_carea' id='block_1_22' title="bbox 400 2261 1982 2336">
    <p class='ocr_par' dir='ltr' id='par_1_22' title="bbox 400 2261 1982 2336">
     <span class='ocr_line' id='line_1_22' title="bbox 400 2261 1982 2336; baseline -0.013 -5"><span class='ocrx_word' id='word_1_154' title='bbox 400 2276 494 2331; x_wconf 90' lang='lat' dir='ltr'><strong>cul</strong></span> <span class='ocrx_word' id='word_1_155' title='bbox 522 2272 726 2329; x_wconf 82' lang='lat' dir='ltr'><strong>recedit</strong></span> <span class='ocrx_word' id='word_1_156' title='bbox 773 2285 805 2324; x_wconf 90' lang='lat' dir='ltr'><strong>a</strong></span> <span class='ocrx_word' id='word_1_157' title='bbox 854 2266 1120 2332; x_wconf 89' lang='lat' dir='ltr'><strong>Domino,</strong></span> <span class='ocrx_word' id='word_1_158' title='bbox 1171 2272 1392 2336; x_wconf 66' lang='lat' dir='ltr'><strong>praestat</strong></span> <span class='ocrx_word' id='word_1_159' title='bbox 1424 2261 1654 2316; x_wconf 89' lang='lat' dir='ltr'><strong>Domino</strong></span> <span class='ocrx_word' id='word_1_160' title='bbox 1685 2266 1982 2313; x_wconf 83' lang='lat' dir='ltr'><strong>certamen.</strong></span> 
     </span>
    </p>
   </div>
   <div class='ocr_carea' id='block_1_23' title="bbox 409 2348 1986 2426">
    <p class='ocr_par' dir='ltr' id='par_1_23' title="bbox 409 2348 1986 2426">
     <span class='ocr_line' id='line_1_23' title="bbox 409 2348 1986 2426; baseline -0.015 -3"><span class='ocrx_word' id='word_1_161' title='bbox 409 2369 538 2423; x_wconf 83' lang='lat' dir='ltr'><strong>Ideo</strong></span> <span class='ocrx_word' id='word_1_162' title='bbox 584 2365 732 2419; x_wconf 84' lang='lat' dir='ltr'><strong>dabit</strong></span> <span class='ocrx_word' id='word_1_163' title='bbox 778 2362 1034 2417; x_wconf 80' lang='lat' dir='ltr'><strong>Dominus</strong></span> <span class='ocrx_word' id='word_1_164' title='bbox 1075 2360 1184 2426; x_wconf 87' lang='lat' dir='ltr'><strong>ipse</strong></span> <span class='ocrx_word' id='word_1_165' title='bbox 1227 2357 1370 2411; x_wconf 84' lang='lat' dir='ltr'><strong>vobis</strong></span> <span class='ocrx_word' id='word_1_166' title='bbox 1396 2356 1624 2425; x_wconf 80' lang='lat' dir='ltr'><strong>signant.</strong></span> <span class='ocrx_word' id='word_1_167' title='bbox 1684 2349 1820 2404; x_wconf 85' lang='lat' dir='ltr'><strong>Ecce</strong></span> <span class='ocrx_word' id='word_1_168' title='bbox 1841 2348 1986 2418; x_wconf 77' lang='lat' dir='ltr'><strong>virgo</strong></span> 
     </span>
    </p>
   </div>
   <div class='ocr_carea' id='block_1_24' title="bbox 408 2443 1988 2521">
    <p class='ocr_par' dir='ltr' id='par_1_24' title="bbox 408 2443 1988 2521">
     <span class='ocr_line' id='line_1_24' title="bbox 408 2443 1988 2521; baseline -0.014 -7"><span class='ocrx_word' id='word_1_169' title='bbox 408 2463 463 2514; x_wconf 85' lang='lat' dir='ltr'><strong>in</strong></span> <span class='ocrx_word' id='word_1_170' title='bbox 491 2468 640 2514; x_wconf 87' lang='lat' dir='ltr'><strong>utero</strong></span> <span class='ocrx_word' id='word_1_171' title='bbox 666 2454 920 2518; x_wconf 82' lang='lat' dir='ltr'><strong>accipiet,</strong></span> <span class='ocrx_word' id='word_1_172' title='bbox 958 2461 1007 2506; x_wconf 87' lang='lat' dir='ltr'><strong>et</strong></span> <span class='ocrx_word' id='word_1_173' title='bbox 1035 2451 1205 2521; x_wconf 84' lang='lat' dir='ltr'><strong>pariet</strong></span> <span class='ocrx_word' id='word_1_174' title='bbox 1230 2447 1439 2518; x_wconf 75' lang='lat' dir='ltr'><strong>filium,</strong></span> <span class='ocrx_word' id='word_1_175' title='bbox 1483 2455 1533 2498; x_wconf 90' lang='lat' dir='ltr'><strong>et</strong></span> <span class='ocrx_word' id='word_1_176' title='bbox 1563 2443 1771 2499; x_wconf 84' lang='lat' dir='ltr'><strong>vocabis</strong></span> <span class='ocrx_word' id='word_1_177' title='bbox 1800 2455 1988 2495; x_wconf 87' lang='lat' dir='ltr'><strong>nomen</strong></span> 
     </span>
    </p>
   </div>
   <div class='ocr_carea' id='block_1_25' title="bbox 407 2530 1988 2620">
    <p class='ocr_par' dir='ltr' id='par_1_25' title="bbox 407 2530 1988 2620">
     <span class='ocr_line' id='line_1_25' title="bbox 407 2530 1988 2620; baseline -0.015 -14"><span class='ocrx_word' id='word_1_178' title='bbox 407 2552 523 2620; x_wconf 85' lang='lat' dir='ltr'><strong>ejus</strong></span> <span class='ocrx_word' id='word_1_179' title='bbox 586 2544 919 2601; x_wconf 79' lang='lat' dir='ltr'><strong>Emmanuel.</strong></span> <span class='ocrx_word' id='word_1_180' title='bbox 999 2540 1215 2595; x_wconf 76' lang='lat' dir='ltr'><strong>Veritas</strong></span> <span class='ocrx_word' id='word_1_181' title='bbox 1274 2534 1666 2606; x_wconf 79' lang='lat' dir='ltr'><strong>exemplarium</strong></span> <span class='ocrx_word' id='word_1_182' title='bbox 1715 2530 1988 2601; x_wconf 70' lang='lat' dir='ltr'><strong>prophetae</strong></span> 
     </span>
    </p>
   </div>
   <div class='ocr_carea' id='block_1_26' title="bbox 412 2620 1988 2710">
    <p class='ocr_par' dir='ltr' id='par_1_26' title="bbox 412 2620 1988 2710">
     <span class='ocr_line' id='line_1_26' title="bbox 412 2620 1988 2710; baseline -0.015 -14"><span class='ocrx_word' id='word_1_183' title='bbox 412 2641 576 2710; x_wconf 87' lang='lat' dir='ltr'><strong>hujus</strong></span> <span class='ocrx_word' id='word_1_184' title='bbox 607 2639 758 2700; x_wconf 88' lang='lat' dir='ltr'><strong>dicit,</strong></span> <span class='ocrx_word' id='word_1_185' title='bbox 807 2635 1035 2691; x_wconf 71' lang='lat' dir='ltr'><strong>vocabis.</strong></span> <span class='ocrx_word' id='word_1_186' title='bbox 1078 2632 1136 2686; x_wconf 89' lang='lat' dir='ltr'><strong>ln</strong></span> <span class='ocrx_word' id='word_1_187' title='bbox 1170 2629 1420 2684; x_wconf 79' lang='lat' dir='ltr'><strong>Matthzeo</strong></span> <span class='ocrx_word' id='word_1_188' title='bbox 1468 2639 1632 2696; x_wconf 86' lang='lat' dir='ltr'><strong>porro</strong></span> <span class='ocrx_word' id='word_1_189' title='bbox 1680 2622 1887 2677; x_wconf 85' lang='lat' dir='ltr'><strong>scimus</strong></span> <span class='ocrx_word' id='word_1_190' title='bbox 1911 2620 1988 2674; x_wconf 75' lang='lat' dir='ltr'><strong>le-</strong></span> 
     </span>
    </p>
   </div>
   <div class='ocr_carea' id='block_1_27' title="bbox 412 2710 1986 2793">
    <p class='ocr_par' dir='ltr' id='par_1_27' title="bbox 412 2710 1986 2793">
     <span class='ocr_line' id='line_1_27' title="bbox 412 2710 1986 2793; baseline -0.015 -7"><span class='ocrx_word' id='word_1_191' title='bbox 412 2730 590 2787; x_wconf 85' lang='lat' dir='ltr'><strong>ctitari</strong></span> <span class='ocrx_word' id='word_1_192' title='bbox 620 2747 634 2783; x_wconf 88' lang='lat'><strong>:</strong></span> <span class='ocrx_word' id='word_1_193' title='bbox 669 2728 737 2782; x_wconf 87' lang='lat' dir='ltr'><strong>Et</strong></span> <span class='ocrx_word' id='word_1_194' title='bbox 769 2726 1042 2781; x_wconf 70' lang='lat' dir='ltr'><strong>vocabitur</strong></span> <span class='ocrx_word' id='word_1_195' title='bbox 1075 2723 1186 2793; x_wconf 89' lang='lat'><strong>(87)</strong></span> <span class='ocrx_word' id='word_1_196' title='bbox 1218 2735 1405 2776; x_wconf 81' lang='lat' dir='ltr'><strong>nomen</strong></span> <span class='ocrx_word' id='word_1_197' title='bbox 1428 2717 1541 2787; x_wconf 84' lang='lat' dir='ltr'><strong>ejus</strong></span> <span class='ocrx_word' id='word_1_198' title='bbox 1570 2710 1883 2767; x_wconf 83' lang='lat' dir='ltr'><strong>Emmanuel</strong></span> <span class='ocrx_word' id='word_1_199' title='bbox 1917 2710 1986 2769; x_wconf 60' lang='grc' dir='ltr'><strong>ιτ.</strong></span> 
     </span>
    </p>
   </div>
   <div class='ocr_carea' id='block_1_28' title="bbox 411 2802 1991 2890">
    <p class='ocr_par' dir='ltr' id='par_1_28' title="bbox 411 2802 1991 2890">
     <span class='ocr_line' id='line_1_28' title="bbox 411 2802 1991 2890; baseline -0.014 -13"><span class='ocrx_word' id='word_1_200' title='bbox 411 2821 528 2877; x_wconf 80' lang='lat' dir='ltr'><strong>Non</strong></span> <span class='ocrx_word' id='word_1_201' title='bbox 557 2833 851 2890; x_wconf 84' lang='lat' dir='ltr'><strong>possumus</strong></span> <span class='ocrx_word' id='word_1_202' title='bbox 874 2817 1053 2872; x_wconf 82' lang='lat' dir='ltr'><strong>dicere</strong></span> <span class='ocrx_word' id='word_1_203' title='bbox 1076 2853 1092 2878; x_wconf 87' lang='lat'><strong>,</strong></span> <span class='ocrx_word' id='word_1_204' title='bbox 1124 2812 1252 2883; x_wconf 86' lang='lat' dir='ltr'><strong>quia</strong></span> <span class='ocrx_word' id='word_1_205' title='bbox 1286 2814 1534 2880; x_wconf 83' lang='lat' dir='ltr'><strong>oporteat</strong></span> <span class='ocrx_word' id='word_1_206' title='bbox 1570 2805 1751 2860; x_wconf 84' lang='lat' dir='ltr'><strong>minus</strong></span> <span class='ocrx_word' id='word_1_207' title='bbox 1783 2802 1991 2873; x_wconf 86' lang='lat' dir='ltr'><strong>aliquid</strong></span> 
     </span>
    </p>
   </div>
   <div class='ocr_carea' id='block_1_29' title="bbox 415 2893 1989 2978">
    <p class='ocr_par' dir='ltr' id='par_1_29' title="bbox 415 2893 1989 2978">
     <span class='ocr_line' id='line_1_29' title="bbox 415 2893 1989 2978; baseline -0.014 -11"><span class='ocrx_word' id='word_1_208' title='bbox 415 2912 596 2967; x_wconf 82' lang='lat' dir='ltr'><strong>facere</strong></span> <span class='ocrx_word' id='word_1_209' title='bbox 642 2910 710 2964; x_wconf 89' lang='lat' dir='ltr'><strong>de</strong></span> <span class='ocrx_word' id='word_1_210' title='bbox 755 2907 1038 2978; x_wconf 85' lang='lat' dir='ltr'><strong>prepheta.</strong></span> <span class='ocrx_word' id='word_1_211' title='bbox 1117 2900 1405 2970; x_wconf 86' lang='lat' dir='ltr'><strong>Quomodo</strong></span> <span class='ocrx_word' id='word_1_212' title='bbox 1463 2910 1594 2952; x_wconf 81' lang='lat' dir='ltr'><strong>vero</strong></span> <span class='ocrx_word' id='word_1_213' title='bbox 1640 2893 1989 2964; x_wconf 82' lang='lat' dir='ltr'><strong>Evangelium</strong></span> 
     </span>
    </p>
   </div>
   <div class='ocr_carea' id='block_1_30' title="bbox 416 2982 1991 3067">
    <p class='ocr_par' dir='ltr' id='par_1_30' title="bbox 416 2982 1991 3067">
     <span class='ocr_line' id='line_1_30' title="bbox 416 2982 1991 3067; baseline -0.015 -10"><span class='ocrx_word' id='word_1_214' title='bbox 416 3005 556 3057; x_wconf 89' lang='lat' dir='ltr'><strong>hanc</strong></span> <span class='ocrx_word' id='word_1_215' title='bbox 589 3001 750 3056; x_wconf 85' lang='lat' dir='ltr'><strong>habet</strong></span> <span class='ocrx_word' id='word_1_216' title='bbox 790 2995 1154 3067; x_wconf 85' lang='lat' dir='ltr'><strong>scripturam?</strong></span> <span class='ocrx_word' id='word_1_217' title='bbox 1207 2991 1404 3046; x_wconf 86' lang='lat' dir='ltr'><strong>Utrum</strong></span> <span class='ocrx_word' id='word_1_218' title='bbox 1439 2988 1508 3042; x_wconf 91' lang='lat' dir='ltr'><strong>ab</strong></span> <span class='ocrx_word' id='word_1_219' title='bbox 1538 2986 1722 3054; x_wconf 90' lang='lat' dir='ltr'><strong>aliquo</strong></span> <span class='ocrx_word' id='word_1_220' title='bbox 1755 2998 1865 3038; x_wconf 87' lang='lat' dir='ltr'><strong>non</strong></span> <span class='ocrx_word' id='word_1_221' title='bbox 1910 2982 1991 3036; x_wconf 89' lang='lat' dir='ltr'><strong>iu-</strong></span> 
     </span>
    </p>
   </div>
   <div class='ocr_carea' id='block_1_31' title="bbox 417 3072 1989 3163">
    <p class='ocr_par' dir='ltr' id='par_1_31' title="bbox 417 3072 1989 3163">
     <span class='ocr_line' id='line_1_31' title="bbox 417 3072 1989 3163; baseline -0.015 -15"><span class='ocrx_word' id='word_1_222' title='bbox 417 3094 721 3163; x_wconf 71' lang='lat' dir='ltr'><strong>tclligente,</strong></span> <span class='ocrx_word' id='word_1_223' title='bbox 762 3100 816 3143; x_wconf 89' lang='lat' dir='ltr'><strong>et</strong></span> <span class='ocrx_word' id='word_1_224' title='bbox 844 3088 909 3143; x_wconf 89' lang='lat' dir='ltr'><strong>ad</strong></span> <span class='ocrx_word' id='word_1_225' title='bbox 947 3086 1188 3142; x_wconf 81' lang='lat' dir='ltr'><strong>faciliora</strong></span> <span class='ocrx_word' id='word_1_226' title='bbox 1222 3088 1509 3141; x_wconf 86' lang='lat' dir='ltr'><strong>currente,</strong></span> <span class='ocrx_word' id='word_1_227' title='bbox 1555 3075 1829 3147; x_wconf 90' lang='lat' dir='ltr'><strong>quomodo</strong></span> <span class='ocrx_word' id='word_1_228' title='bbox 1853 3082 1908 3128; x_wconf 90' lang='lat' dir='ltr'><strong>et</strong></span> <span class='ocrx_word' id='word_1_229' title='bbox 1936 3072 1989 3126; x_wconf 92' lang='lat' dir='ltr'><strong>iu</strong></span> 
     </span>
    </p>
   </div>
   <div class='ocr_carea' id='block_1_32' title="bbox 417 3165 1992 3243">
    <p class='ocr_par' dir='ltr' id='par_1_32' title="bbox 417 3165 1992 3243">
     <span class='ocr_line' id='line_1_32' title="bbox 417 3165 1992 3243; baseline -0.014 -4"><span class='ocrx_word' id='word_1_230' title='bbox 417 3186 540 3241; x_wconf 89' lang='lat' dir='ltr'><strong>aliis</strong></span> <span class='ocrx_word' id='word_1_231' title='bbox 573 3184 760 3238; x_wconf 91' lang='lat' dir='ltr'><strong>multis</strong></span> <span class='ocrx_word' id='word_1_232' title='bbox 784 3181 983 3236; x_wconf 84' lang='lat' dir='ltr'><strong>factum</strong></span> <span class='ocrx_word' id='word_1_233' title='bbox 1015 3187 1134 3243; x_wconf 88' lang='lat' dir='ltr'><strong>est;</strong></span> <span class='ocrx_word' id='word_1_234' title='bbox 1168 3192 1236 3231; x_wconf 87' lang='lat' dir='ltr'><strong>an</strong></span> <span class='ocrx_word' id='word_1_235' title='bbox 1269 3174 1352 3229; x_wconf 90' lang='lat' dir='ltr'><strong>sic</strong></span> <span class='ocrx_word' id='word_1_236' title='bbox 1379 3187 1410 3227; x_wconf 89' lang='lat' dir='ltr'><strong>a</strong></span> <span class='ocrx_word' id='word_1_237' title='bbox 1438 3166 1726 3241; x_wconf 91' lang='lat' dir='ltr'><strong>principio,</strong></span> <span class='ocrx_word' id='word_1_238' title='bbox 1758 3173 1815 3219; x_wconf 92' lang='lat' dir='ltr'><strong>ut</strong></span> <span class='ocrx_word' id='word_1_239' title='bbox 1843 3165 1992 3219; x_wconf 81' lang='lat' dir='ltr'><strong>dicat</strong></span> 
     </span>
    </p>
   </div>
   <div class='ocr_carea' id='block_1_33' title="bbox 419 3252 1993 3341">
    <p class='ocr_par' dir='ltr' id='par_1_33' title="bbox 419 3252 1993 3341">
     <span class='ocr_line' id='line_1_33' title="bbox 419 3252 1993 3341; baseline -0.014 -12"><span class='ocrx_word' id='word_1_240' title='bbox 419 3275 648 3331; x_wconf 77' lang='lat' dir='ltr'><strong>forsitan</strong></span> <span class='ocrx_word' id='word_1_241' title='bbox 697 3271 897 3341; x_wconf 82' lang='lat' dir='ltr'><strong>aliquis</strong></span> <span class='ocrx_word' id='word_1_242' title='bbox 940 3269 1143 3324; x_wconf 87' lang='lat' dir='ltr'><strong>editum</strong></span> <span class='ocrx_word' id='word_1_243' title='bbox 1173 3279 1293 3319; x_wconf 90' lang='lat' dir='ltr'><strong>esse</strong></span> <span class='ocrx_word' id='word_1_244' title='bbox 1336 3258 1717 3330; x_wconf 75' lang='lat' dir='ltr'><strong>Evangelium;</strong></span> <span class='ocrx_word' id='word_1_245' title='bbox 1749 3253 1843 3325; x_wconf 90' lang='lat' dir='ltr'><strong>qui</strong></span> <span class='ocrx_word' id='word_1_246' title='bbox 1875 3252 1993 3307; x_wconf 86' lang='lat' dir='ltr'><strong>vult</strong></span> 
     </span>
    </p>
   </div>
   <div class='ocr_carea' id='block_1_34' title="bbox 421 3348 1991 3432">
    <p class='ocr_par' dir='ltr' id='par_1_34' title="bbox 421 3348 1991 3432">
     <span class='ocr_line' id='line_1_34' title="bbox 421 3348 1991 3432; baseline -0.016 -9"><span class='ocrx_word' id='word_1_247' title='bbox 421 3368 702 3423; x_wconf 88' lang='lat' dir='ltr'><strong>deliberet.</strong></span> <span class='ocrx_word' id='word_1_248' title='bbox 743 3362 1010 3432; x_wconf 83' lang='lat' dir='ltr'><strong>Propheta</strong></span> <span class='ocrx_word' id='word_1_249' title='bbox 1046 3358 1265 3428; x_wconf 84' lang='lat' dir='ltr'><strong>quidem</strong></span> <span class='ocrx_word' id='word_1_250' title='bbox 1296 3351 1585 3408; x_wconf 85' lang='lat' dir='ltr'><strong>manifeste</strong></span> <span class='ocrx_word' id='word_1_251' title='bbox 1610 3348 1789 3413; x_wconf 82' lang='lat' dir='ltr'><strong>habet,</strong></span> <span class='ocrx_word' id='word_1_252' title='bbox 1816 3356 1865 3400; x_wconf 87' lang='lat' dir='ltr'><strong>et</strong></span> <span class='ocrx_word' id='word_1_253' title='bbox 1899 3360 1991 3400; x_wconf 80' lang='lat' dir='ltr'><strong>vo-</strong></span> 
     </span>
    </p>
   </div>
   <div class='ocr_carea' id='block_1_35' title="bbox 420 3438 1992 3524">
    <p class='ocr_par' dir='ltr' id='par_1_35' title="bbox 420 3438 1992 3524">
     <span class='ocr_line' id='line_1_35' title="bbox 420 3438 1992 3524; baseline -0.015 -9"><span class='ocrx_word' id='word_1_254' title='bbox 420 3462 567 3515; x_wconf 83' lang='lat' dir='ltr'><strong>cabis</strong></span> <span class='ocrx_word' id='word_1_255' title='bbox 612 3473 799 3512; x_wconf 85' lang='lat' dir='ltr'><strong>nomen</strong></span> <span class='ocrx_word' id='word_1_256' title='bbox 843 3454 956 3524; x_wconf 87' lang='lat' dir='ltr'><strong>ejus</strong></span> <span class='ocrx_word' id='word_1_257' title='bbox 1011 3446 1343 3504; x_wconf 83' lang='lat' dir='ltr'><strong>Emmanuel.</strong></span> <span class='ocrx_word' id='word_1_258' title='bbox 1403 3442 1537 3498; x_wconf 86' lang='lat' dir='ltr'><strong>Novi</strong></span> <span class='ocrx_word' id='word_1_259' title='bbox 1592 3439 1882 3512; x_wconf 89' lang='lat' dir='ltr'><strong>quemdam</strong></span> <span class='ocrx_word' id='word_1_260' title='bbox 1937 3438 1992 3492; x_wconf 89' lang='lat' dir='ltr'><strong>in</strong></span> 
     </span>
    </p>
   </div>
   <div class='ocr_carea' id='block_1_36' title="bbox 420 3520 1992 3618">
    <p class='ocr_par' dir='ltr' id='par_1_36' title="bbox 420 3520 1992 3618">
     <span class='ocr_line' id='line_1_36' title="bbox 420 3520 1992 3618; baseline -0.016 -10"><span class='ocrx_word' id='word_1_261' title='bbox 420 3550 646 3608; x_wconf 76' lang='lat' dir='ltr'><strong>exordio</strong></span> <span class='ocrx_word' id='word_1_262' title='bbox 692 3520 1089 3618; x_wconf 76' lang='lat' dir='ltr'><strong>scripturarum</strong></span> <span class='ocrx_word' id='word_1_263' title='bbox 1135 3536 1413 3609; x_wconf 79' lang='lat' dir='ltr'><strong>Evangelii</strong></span> <span class='ocrx_word' id='word_1_264' title='bbox 1458 3535 1719 3604; x_wconf 79' lang='lat' dir='ltr'><strong>legentem</strong></span> <span class='ocrx_word' id='word_1_265' title='bbox 1752 3549 1765 3586; x_wconf 93' lang='lat'>:</span> <span class='ocrx_word' id='word_1_266' title='bbox 1799 3520 1867 3584; x_wconf 84' lang='lat' dir='ltr'><strong>Et</strong></span> <span class='ocrx_word' id='word_1_267' title='bbox 1899 3546 1992 3585; x_wconf 81' lang='lat' dir='ltr'><strong>vo-</strong></span> 
     </span>
    </p>
   </div>
   <div class='ocr_carea' id='block_1_37' title="bbox 420 3623 1991 3701">
    <p class='ocr_par' dir='ltr' id='par_1_37' title="bbox 420 3623 1991 3701">
     <span class='ocr_line' id='line_1_37' title="bbox 420 3623 1991 3701; baseline -0.015 -2"><span class='ocrx_word' id='word_1_268' title='bbox 420 3644 565 3699; x_wconf 86' lang='lat' dir='ltr'><strong>cabis</strong></span> <span class='ocrx_word' id='word_1_269' title='bbox 588 3657 772 3696; x_wconf 84' lang='lat' dir='ltr'><strong>nomen</strong></span> <span class='ocrx_word' id='word_1_270' title='bbox 800 3638 913 3701; x_wconf 85' lang='lat' dir='ltr'><strong>eius</strong></span> <span class='ocrx_word' id='word_1_271' title='bbox 945 3630 1278 3694; x_wconf 83' lang='lat' dir='ltr'><strong>Emmanuel,</strong></span> <span class='ocrx_word' id='word_1_272' title='bbox 1310 3627 1516 3683; x_wconf 81' lang='lat' dir='ltr'><strong>dixisse</strong></span> <span class='ocrx_word' id='word_1_273' title='bbox 1538 3626 1680 3680; x_wconf 88' lang='lat' dir='ltr'><strong>intra</strong></span> <span class='ocrx_word' id='word_1_274' title='bbox 1709 3623 1947 3692; x_wconf 87' lang='lat' dir='ltr'><strong>scipsum</strong></span> <span class='ocrx_word' id='word_1_275' title='bbox 1979 3640 1991 3676; x_wconf 93' lang='lat'>:</span> 
     </span>
    </p>
   </div>
   <div class='ocr_carea' id='block_1_38' title="bbox 419 3714 1997 3804">
    <p class='ocr_par' dir='ltr' id='par_1_38' title="bbox 419 3714 1997 3804">
     <span class='ocr_line' id='line_1_38' title="bbox 419 3714 1997 3804; baseline -0.017 -11"><span class='ocrx_word' id='word_1_276' title='bbox 419 3737 563 3804; x_wconf 84' lang='lat' dir='ltr'><strong>Quid</strong></span> <span class='ocrx_word' id='word_1_277' title='bbox 611 3742 696 3790; x_wconf 88' lang='lat' dir='ltr'><strong>est</strong></span> <span class='ocrx_word' id='word_1_278' title='bbox 720 3774 736 3799; x_wconf 89' lang='lat'><strong>,</strong></span> <span class='ocrx_word' id='word_1_279' title='bbox 783 3727 1038 3786; x_wconf 83' lang='lat' dir='ltr'><strong>vocabis?</strong></span> <span class='ocrx_word' id='word_1_280' title='bbox 1077 3725 1212 3791; x_wconf 89' lang='lat' dir='ltr'><strong>Quis</strong></span> <span class='ocrx_word' id='word_1_281' title='bbox 1239 3719 1490 3777; x_wconf 88' lang='lat' dir='ltr'><strong>vocabit?</strong></span> <span class='ocrx_word' id='word_1_282' title='bbox 1524 3716 1726 3773; x_wconf 83' lang='lat' dir='ltr'><strong>Achaz.</strong></span> <span class='ocrx_word' id='word_1_283' title='bbox 1768 3714 1833 3767; x_wconf 87' lang='lat' dir='ltr'><strong>Et</strong></span> <span class='ocrx_word' id='word_1_284' title='bbox 1859 3729 1997 3782; x_wconf 74' lang='lat' dir='ltr'><strong>quo-</strong></span> 
     </span>
    </p>
   </div>
   <div class='ocr_carea' id='block_1_39' title="bbox 424 3809 1998 3894">
    <p class='ocr_par' dir='ltr' id='par_1_39' title="bbox 424 3809 1998 3894">
     <span class='ocr_line' id='line_1_39' title="bbox 424 3809 1998 3894; baseline -0.015 -12"><span class='ocrx_word' id='word_1_285' title='bbox 424 3827 588 3882; x_wconf 90' lang='lat' dir='ltr'><strong>modo</strong></span> <span class='ocrx_word' id='word_1_286' title='bbox 645 3824 822 3894; x_wconf 91' lang='lat' dir='ltr'><strong>potuit</strong></span> <span class='ocrx_word' id='word_1_287' title='bbox 871 3819 1054 3874; x_wconf 87' lang='lat' dir='ltr'><strong>Achaz</strong></span> <span class='ocrx_word' id='word_1_288' title='bbox 1084 3817 1153 3873; x_wconf 89' lang='lat' dir='ltr'><strong>de</strong></span> <span class='ocrx_word' id='word_1_289' title='bbox 1179 3815 1458 3870; x_wconf 84' lang='lat' dir='ltr'><strong>Salvatore</strong></span> <span class='ocrx_word' id='word_1_290' title='bbox 1486 3809 1579 3880; x_wconf 87' lang='lat' dir='ltr'><strong>qui</strong></span> <span class='ocrx_word' id='word_1_291' title='bbox 1611 3816 1733 3878; x_wconf 89' lang='lat' dir='ltr'><strong>post</strong></span> <span class='ocrx_word' id='word_1_292' title='bbox 1774 3820 1998 3876; x_wconf 79' lang='lat' dir='ltr'><strong>genera-</strong></span> 
     </span>
    </p>
   </div>
   <div class='ocr_carea' id='block_1_40' title="bbox 423 3896 1997 3976">
    <p class='ocr_par' dir='ltr' id='par_1_40' title="bbox 423 3896 1997 3976">
     <span class='ocr_line' id='line_1_40' title="bbox 423 3896 1997 3976; baseline -0.017 -1"><span class='ocrx_word' id='word_1_293' title='bbox 423 3922 601 3976; x_wconf 86' lang='lat' dir='ltr'><strong>tiones</strong></span> <span class='ocrx_word' id='word_1_294' title='bbox 650 3916 848 3970; x_wconf 81' lang='lat' dir='ltr'><strong>multas</strong></span> <span class='ocrx_word' id='word_1_295' title='bbox 889 3911 1068 3974; x_wconf 86' lang='lat' dir='ltr'><strong>venit,</strong></span> <span class='ocrx_word' id='word_1_296' title='bbox 1117 3907 1348 3962; x_wconf 88' lang='lat' dir='ltr'><strong>audire:</strong></span> <span class='ocrx_word' id='word_1_297' title='bbox 1394 3902 1616 3957; x_wconf 87' lang='lat' dir='ltr'><strong>Vacabis</strong></span> <span class='ocrx_word' id='word_1_298' title='bbox 1658 3914 1842 3953; x_wconf 47' lang='lat' dir='ltr'><strong>nomen</strong></span> <span class='ocrx_word' id='word_1_299' title='bbox 1882 3896 1997 3967; x_wconf 87' lang='lat' dir='ltr'><strong>ejus</strong></span> 
     </span>
    </p>
   </div>
   <div class='ocr_carea' id='block_1_41' title="bbox 428 3989 1998 4074">
    <p class='ocr_par' dir='ltr' id='par_1_41' title="bbox 428 3989 1998 4074">
     <span class='ocr_line' id='line_1_41' title="bbox 428 3989 1998 4074; baseline -0.017 -8"><span class='ocrx_word' id='word_1_300' title='bbox 428 4007 779 4070; x_wconf 76' lang='lat' dir='ltr'><strong>Emmanuel;</strong></span> <span class='ocrx_word' id='word_1_301' title='bbox 839 4013 1001 4074; x_wconf 88' lang='lat' dir='ltr'><strong>atque</strong></span> <span class='ocrx_word' id='word_1_302' title='bbox 1054 4001 1129 4055; x_wconf 88' lang='lat' dir='ltr'><strong>ita</strong></span> <span class='ocrx_word' id='word_1_303' title='bbox 1180 4014 1278 4069; x_wconf 85' lang='lat' dir='ltr'><strong>pro</strong></span> <span class='ocrx_word' id='word_1_304' title='bbox 1321 4010 1388 4051; x_wconf 79' lang='lat' dir='ltr'><strong>eo</strong></span> <span class='ocrx_word' id='word_1_305' title='bbox 1429 3992 1575 4062; x_wconf 89' lang='lat' dir='ltr'><strong>quod</strong></span> <span class='ocrx_word' id='word_1_306' title='bbox 1615 4000 1718 4056; x_wconf 88' lang='lat' dir='ltr'><strong>est,</strong></span> <span class='ocrx_word' id='word_1_307' title='bbox 1769 3989 1998 4050; x_wconf 83' lang='lat' dir='ltr'><strong>vocabis,</strong></span> 
     </span>
    </p>
   </div>
   <div class='ocr_carea' id='block_1_42' title="bbox 428 4077 2002 4171">
    <p class='ocr_par' dir='ltr' id='par_1_42' title="bbox 428 4077 2002 4171">
     <span class='ocr_line' id='line_1_42' title="bbox 428 4077 2002 4171; baseline -0.02 -11"><span class='ocrx_word' id='word_1_308' title='bbox 428 4102 716 4171; x_wconf 86' lang='lat' dir='ltr'><strong>scripsisse</strong></span> <span class='ocrx_word' id='word_1_309' title='bbox 734 4138 749 4161; x_wconf 84' lang='lat'><strong>,</strong></span> <span class='ocrx_word' id='word_1_310' title='bbox 784 4096 1077 4151; x_wconf 77' lang='lat' dir='ltr'><strong>vocabitur.</strong></span> <span class='ocrx_word' id='word_1_311' title='bbox 1141 4089 1247 4149; x_wconf 97' lang='lat' dir='ltr'><strong>Sed</strong></span> <span class='ocrx_word' id='word_1_312' title='bbox 1272 4086 1396 4141; x_wconf 82' lang='lat' dir='ltr'><strong>vide</strong></span> <span class='ocrx_word' id='word_1_313' title='bbox 1421 4083 1548 4152; x_wconf 84' lang='lat' dir='ltr'><strong>quia</strong></span> <span class='ocrx_word' id='word_1_314' title='bbox 1575 4096 1681 4134; x_wconf 87' lang='lat' dir='ltr'><strong>non</strong></span> <span class='ocrx_word' id='word_1_315' title='bbox 1708 4080 1888 4133; x_wconf 82' lang='lat' dir='ltr'><strong>Achaz</strong></span> <span class='ocrx_word' id='word_1_316' title='bbox 1916 4077 2002 4129; x_wconf 87' lang='lat' dir='ltr'><strong>di-</strong></span> 
     </span>
    </p>
   </div>
   <div class='ocr_carea' id='block_1_43' title="bbox 429 4167 2000 4248">
    <p class='ocr_par' dir='ltr' id='par_1_43' title="bbox 429 4167 2000 4248">
     <span class='ocr_line' id='line_1_43' title="bbox 429 4167 2000 4248; baseline -0.02 0"><span class='ocrx_word' id='word_1_317' title='bbox 429 4195 569 4248; x_wconf 90' lang='lat' dir='ltr'><strong>citur</strong></span> <span class='ocrx_word' id='word_1_318' title='bbox 599 4209 613 4246; x_wconf 90' lang='lat'>:</span> <span class='ocrx_word' id='word_1_319' title='bbox 659 4188 726 4243; x_wconf 83' lang='lat' dir='ltr'><strong>Et</strong></span> <span class='ocrx_word' id='word_1_320' title='bbox 764 4186 967 4243; x_wconf 79' lang='lat' dir='ltr'><strong>vocabis</strong></span> <span class='ocrx_word' id='word_1_321' title='bbox 1008 4197 1192 4238; x_wconf 89' lang='lat' dir='ltr'><strong>nomen</strong></span> <span class='ocrx_word' id='word_1_322' title='bbox 1222 4178 1334 4247; x_wconf 82' lang='lat' dir='ltr'><strong>ejus</strong></span> <span class='ocrx_word' id='word_1_323' title='bbox 1370 4169 1722 4233; x_wconf 82' lang='lat' dir='ltr'><strong>Emmanuel,</strong></span> <span class='ocrx_word' id='word_1_324' title='bbox 1757 4168 1851 4223; x_wconf 91' lang='lat' dir='ltr'><strong>sed</strong></span> <span class='ocrx_word' id='word_1_325' title='bbox 1898 4167 2000 4220; x_wconf 91' lang='lat' dir='ltr'><strong>do-</strong></span> 
     </span>
    </p>
   </div>
   <div class='ocr_carea' id='block_1_44' title="bbox 432 4262 2000 4341">
    <p class='ocr_par' dir='ltr' id='par_1_44' title="bbox 432 4262 2000 4341">
     <span class='ocr_line' id='line_1_44' title="bbox 432 4262 2000 4341; baseline -0.019 0"><span class='ocrx_word' id='word_1_326' title='bbox 432 4286 544 4341; x_wconf 91' lang='lat' dir='ltr'><strong>mui</strong></span> <span class='ocrx_word' id='word_1_327' title='bbox 593 4281 762 4336; x_wconf 82' lang='lat' dir='ltr'><strong>David</strong></span> <span class='ocrx_word' id='word_1_328' title='bbox 803 4279 925 4335; x_wconf 84' lang='lat' dir='ltr'><strong>vide</strong></span> <span class='ocrx_word' id='word_1_329' title='bbox 980 4273 1268 4331; x_wconf 78' lang='lat' dir='ltr'><strong>manifeste</strong></span> <span class='ocrx_word' id='word_1_330' title='bbox 1306 4269 1514 4335; x_wconf 76' lang='lat' dir='ltr'><strong>dictum</strong></span> <span class='ocrx_word' id='word_1_331' title='bbox 1552 4283 1565 4319; x_wconf 93' lang='lat'>:</span> <span class='ocrx_word' id='word_1_332' title='bbox 1605 4262 1799 4317; x_wconf 83' lang='lat' dir='ltr'><strong>Audite</strong></span> <span class='ocrx_word' id='word_1_333' title='bbox 1840 4276 2000 4325; x_wconf 85' lang='lat' dir='ltr'><strong>nunc,</strong></span> 
     </span>
    </p>
   </div>
   <div class='ocr_carea' id='block_1_45' title="bbox 431 4356 2003 4438">
    <p class='ocr_par' dir='ltr' id='par_1_45' title="bbox 431 4356 2003 4438">
     <span class='ocr_line' id='line_1_45' title="bbox 431 4356 2003 4438; baseline -0.018 -5"><span class='ocrx_word' id='word_1_334' title='bbox 431 4378 616 4432; x_wconf 89' lang='lat' dir='ltr'><strong>domus</strong></span> <span class='ocrx_word' id='word_1_335' title='bbox 649 4374 817 4428; x_wconf 85' lang='lat' dir='ltr'><strong>Dauid</strong></span> <span class='ocrx_word' id='word_1_336' title='bbox 849 4386 868 4424; x_wconf 92' lang='lat'><strong><em>:</em></strong></span> <span class='ocrx_word' id='word_1_337' title='bbox 905 4366 1155 4438; x_wconf 81' lang='lat' dir='ltr'><strong>Nunquid</strong></span> <span class='ocrx_word' id='word_1_338' title='bbox 1185 4362 1450 4418; x_wconf 79' lang='lat' dir='ltr'><strong>modicum</strong></span> <span class='ocrx_word' id='word_1_339' title='bbox 1487 4356 1630 4411; x_wconf 82' lang='lat' dir='ltr'><strong>vobis</strong></span> <span class='ocrx_word' id='word_1_340' title='bbox 1654 4363 1729 4409; x_wconf 83' lang='lat' dir='ltr'><strong>est</strong></span> <span class='ocrx_word' id='word_1_341' title='bbox 1750 4362 2003 4423; x_wconf 68' lang='lat' dir='ltr'><strong>praestare</strong></span> 
     </span>
    </p>
   </div>
   <div class='ocr_carea' id='block_1_46' title="bbox 433 4443 2002 4527">
    <p class='ocr_par' dir='ltr' id='par_1_46' title="bbox 433 4443 2002 4527">
     <span class='ocr_line' id='line_1_46' title="bbox 433 4443 2002 4527; baseline -0.019 -1"><span class='ocrx_word' id='word_1_342' title='bbox 433 4478 693 4525; x_wconf 86' lang='lat' dir='ltr'><strong>certamen</strong></span> <span class='ocrx_word' id='word_1_343' title='bbox 720 4462 1018 4519; x_wconf 85' lang='lat' dir='ltr'><strong>hominibus</strong></span> <span class='ocrx_word' id='word_1_344' title='bbox 1039 4500 1053 4523; x_wconf 92' lang='lat'><strong>,</strong></span> <span class='ocrx_word' id='word_1_345' title='bbox 1095 4469 1143 4513; x_wconf 89' lang='lat' dir='ltr'><strong>et</strong></span> <span class='ocrx_word' id='word_1_346' title='bbox 1184 4459 1442 4527; x_wconf 88' lang='lat' dir='ltr'><strong>quomodo</strong></span> <span class='ocrx_word' id='word_1_347' title='bbox 1474 4450 1697 4506; x_wconf 86' lang='lat' dir='ltr'><strong>Domino</strong></span> <span class='ocrx_word' id='word_1_348' title='bbox 1733 4443 2002 4517; x_wconf 74' lang='lat' dir='ltr'><strong>prwstatis</strong></span> 
     </span>
    </p>
   </div>
   <div class='ocr_carea' id='block_1_47' title="bbox 435 4539 2001 4617">
    <p class='ocr_par' dir='ltr' id='par_1_47' title="bbox 435 4539 2001 4617">
     <span class='ocr_line' id='line_1_47' title="bbox 435 4539 2001 4617; baseline -0.018 -1"><span class='ocrx_word' id='word_1_349' title='bbox 435 4558 736 4617; x_wconf 80' lang='lat' dir='ltr'><strong>certamen?</strong></span> <span class='ocrx_word' id='word_1_350' title='bbox 793 4555 922 4609; x_wconf 83' lang='lat' dir='ltr'><strong>Ideo</strong></span> <span class='ocrx_word' id='word_1_351' title='bbox 966 4551 1115 4606; x_wconf 89' lang='lat' dir='ltr'><strong>dabit</strong></span> <span class='ocrx_word' id='word_1_352' title='bbox 1155 4547 1409 4603; x_wconf 87' lang='lat' dir='ltr'><strong>Dominus</strong></span> <span class='ocrx_word' id='word_1_353' title='bbox 1441 4543 1550 4613; x_wconf 85' lang='lat' dir='ltr'><strong>ipse</strong></span> <span class='ocrx_word' id='word_1_354' title='bbox 1590 4540 1731 4595; x_wconf 79' lang='lat' dir='ltr'><strong>vobis</strong></span> <span class='ocrx_word' id='word_1_355' title='bbox 1772 4539 2001 4607; x_wconf 86' lang='lat' dir='ltr'><strong>signum.</strong></span> 
     </span>
    </p>
   </div>
   <div class='ocr_carea' id='block_1_48' title="bbox 443 4629 2006 4719">
    <p class='ocr_par' dir='ltr' id='par_1_48' title="bbox 443 4629 2006 4719">
     <span class='ocr_line' id='line_1_48' title="bbox 443 4629 2006 4719; baseline -0.02 -12"><span class='ocrx_word' id='word_1_356' title='bbox 443 4652 573 4706; x_wconf 82' lang='lat' dir='ltr'><strong>Ecce</strong></span> <span class='ocrx_word' id='word_1_357' title='bbox 595 4652 738 4719; x_wconf 77' lang='lat' dir='ltr'><strong>virgo</strong></span> <span class='ocrx_word' id='word_1_358' title='bbox 766 4649 822 4701; x_wconf 88' lang='lat' dir='ltr'><strong>in</strong></span> <span class='ocrx_word' id='word_1_359' title='bbox 853 4655 1000 4699; x_wconf 82' lang='lat' dir='ltr'><strong>utero</strong></span> <span class='ocrx_word' id='word_1_360' title='bbox 1033 4640 1305 4708; x_wconf 85' lang='lat' dir='ltr'><strong>concipiet,</strong></span> <span class='ocrx_word' id='word_1_361' title='bbox 1339 4644 1388 4690; x_wconf 85' lang='lat' dir='ltr'><strong>et</strong></span> <span class='ocrx_word' id='word_1_362' title='bbox 1420 4632 1588 4705; x_wconf 83' lang='lat' dir='ltr'><strong>pariet</strong></span> <span class='ocrx_word' id='word_1_363' title='bbox 1613 4629 1808 4700; x_wconf 82' lang='lat' dir='ltr'><strong>ﬁlium,</strong></span> <span class='ocrx_word' id='word_1_364' title='bbox 1838 4637 1886 4680; x_wconf 87' lang='lat' dir='ltr'><strong>et</strong></span> <span class='ocrx_word' id='word_1_365' title='bbox 1918 4641 2006 4678; x_wconf 78' lang='lat' dir='ltr'><strong>vo-</strong></span> 
     </span>
    </p>
   </div>
   <div class='ocr_carea' id='block_1_49' title="bbox 438 4717 2007 4806">
    <p class='ocr_par' dir='ltr' id='par_1_49' title="bbox 438 4717 2007 4806">
     <span class='ocr_line' id='line_1_49' title="bbox 438 4717 2007 4806; baseline -0.021 -6"><span class='ocrx_word' id='word_1_366' title='bbox 438 4746 582 4800; x_wconf 83' lang='lat' dir='ltr'><strong>cabis</strong></span> <span class='ocrx_word' id='word_1_367' title='bbox 621 4717 807 4796; x_wconf 81' lang='lat' dir='ltr'><strong>nomen</strong></span> <span class='ocrx_word' id='word_1_368' title='bbox 845 4738 959 4806; x_wconf 85' lang='lat' dir='ltr'><strong>ejus</strong></span> <span class='ocrx_word' id='word_1_369' title='bbox 996 4728 1328 4787; x_wconf 80' lang='lat' dir='ltr'><strong>Emmanuel.</strong></span> <span class='ocrx_word' id='word_1_370' title='bbox 1392 4725 1495 4781; x_wconf 89' lang='lat' dir='ltr'><strong>Sed</strong></span> <span class='ocrx_word' id='word_1_371' title='bbox 1549 4720 1768 4793; x_wconf 85' lang='lat' dir='ltr'><strong>quando</strong></span> <span class='ocrx_word' id='word_1_372' title='bbox 1822 4717 2007 4785; x_wconf 85' lang='lat' dir='ltr'><strong>itaque</strong></span> 
     </span>
    </p>
   </div>
   <div class='ocr_carea' id='block_1_50' title="bbox 440 4806 2008 4899">
    <p class='ocr_par' dir='ltr' id='par_1_50' title="bbox 440 4806 2008 4899">
     <span class='ocr_line' id='line_1_50' title="bbox 440 4806 2008 4899; baseline -0.022 -9"><span class='ocrx_word' id='word_1_373' title='bbox 440 4851 546 4890; x_wconf 88' lang='lat' dir='ltr'><strong>non</strong></span> <span class='ocrx_word' id='word_1_374' title='bbox 576 4829 929 4899; x_wconf 78' lang='lat' dir='ltr'><strong>intelligimus</strong></span> <span class='ocrx_word' id='word_1_375' title='bbox 963 4825 1065 4879; x_wconf 88' lang='lat' dir='ltr'><strong>hoc</strong></span> <span class='ocrx_word' id='word_1_376' title='bbox 1097 4819 1242 4890; x_wconf 90' lang='lat' dir='ltr'><strong>quod</strong></span> <span class='ocrx_word' id='word_1_377' title='bbox 1271 4817 1475 4871; x_wconf 89' lang='lat' dir='ltr'><strong>dictum</strong></span> <span class='ocrx_word' id='word_1_378' title='bbox 1509 4822 1612 4876; x_wconf 87' lang='lat' dir='ltr'><strong>est,</strong></span> <span class='ocrx_word' id='word_1_379' title='bbox 1647 4806 1781 4862; x_wconf 88' lang='lat' dir='ltr'><strong>nihil</strong></span> <span class='ocrx_word' id='word_1_380' title='bbox 1825 4820 1892 4859; x_wconf 83' lang='lat' dir='ltr'><strong>ex</strong></span> <span class='ocrx_word' id='word_1_381' title='bbox 1941 4816 2008 4857; x_wconf 89' lang='lat' dir='ltr'><strong>co</strong></span> 
     </span>
    </p>
   </div>
   <div class='ocr_carea' id='block_1_51' title="bbox 440 4889 2003 4981">
    <p class='ocr_par' dir='ltr' id='par_1_51' title="bbox 440 4889 2003 4981">
     <span class='ocr_line' id='line_1_51' title="bbox 440 4889 2003 4981; baseline -0.023 -1"><span class='ocrx_word' id='word_1_382' title='bbox 440 4927 620 4979; x_wconf 88' lang='lat' dir='ltr'><strong>minus</strong></span> <span class='ocrx_word' id='word_1_383' title='bbox 654 4919 939 4980; x_wconf 89' lang='lat' dir='ltr'><strong>faciamus,</strong></span> <span class='ocrx_word' id='word_1_384' title='bbox 983 4924 1158 4981; x_wconf 91' lang='lat' dir='ltr'><strong>neque</strong></span> <span class='ocrx_word' id='word_1_385' title='bbox 1192 4906 1256 4962; x_wconf 84' lang='lat' dir='ltr'><strong>ad</strong></span> <span class='ocrx_word' id='word_1_386' title='bbox 1288 4904 1530 4959; x_wconf 89' lang='lat' dir='ltr'><strong>faciliora</strong></span> <span class='ocrx_word' id='word_1_387' title='bbox 1558 4908 1866 4956; x_wconf 88' lang='lat' dir='ltr'><strong>curramus,</strong></span> <span class='ocrx_word' id='word_1_388' title='bbox 1909 4889 2003 4946; x_wconf 90' lang='lat' dir='ltr'><strong>sed</strong></span> 
     </span>
    </p>
   </div>
   <div class='ocr_carea' id='block_1_52' title="bbox 440 4981 2007 5084">
    <p class='ocr_par' dir='ltr' id='par_1_52' title="bbox 440 4981 2007 5084">
     <span class='ocr_line' id='line_1_52' title="bbox 440 4981 2007 5084; baseline -0.024 -14"><span class='ocrx_word' id='word_1_389' title='bbox 440 5008 817 5084; x_wconf 77' lang='lat' dir='ltr'><strong>exspectemus</strong></span> <span class='ocrx_word' id='word_1_390' title='bbox 865 5006 1039 5060; x_wconf 90' lang='lat' dir='ltr'><strong>donec</strong></span> <span class='ocrx_word' id='word_1_391' title='bbox 1088 4996 1261 5070; x_wconf 81' lang='lat' dir='ltr'><strong>gratia</strong></span> <span class='ocrx_word' id='word_1_392' title='bbox 1298 4992 1390 5048; x_wconf 89' lang='lat' dir='ltr'><strong>Dei</strong></span> <span class='ocrx_word' id='word_1_393' title='bbox 1419 4987 1672 5059; x_wconf 85' lang='lat' dir='ltr'><strong>subjiciat</strong></span> <span class='ocrx_word' id='word_1_394' title='bbox 1718 4981 1878 5038; x_wconf 89' lang='lat' dir='ltr'><strong>nobis</strong></span> <span class='ocrx_word' id='word_1_395' title='bbox 1911 4992 2007 5048; x_wconf 87' lang='lat' dir='ltr'><strong>per</strong></span> 
     </span>
    </p>
   </div>
   <div class='ocr_carea' id='block_1_53' title="bbox 445 5071 2004 5160">
    <p class='ocr_par' dir='ltr' id='par_1_53' title="bbox 445 5071 2004 5160">
     <span class='ocr_line' id='line_1_53' title="bbox 445 5071 2004 5160; baseline -0.026 0"><span class='ocrx_word' id='word_1_396' title='bbox 445 5071 894 5160; x_wconf 71' lang='lat' dir='ltr'><strong>illuininatiouem</strong></span> <span class='ocrx_word' id='word_1_397' title='bbox 947 5090 1188 5150; x_wconf 64' lang='lat' dir='ltr'><strong>scientiae</strong></span> <span class='ocrx_word' id='word_1_398' title='bbox 1236 5080 1669 5154; x_wconf 80' lang='lat' dir='ltr'><strong>explanationem</strong></span> <span class='ocrx_word' id='word_1_399' title='bbox 1705 5071 1818 5145; x_wconf 91' lang='lat'><strong>(88)</strong></span> <span class='ocrx_word' id='word_1_400' title='bbox 1851 5083 2004 5141; x_wconf 73' lang='lat' dir='ltr'><strong>quae-</strong></span> 
     </span>
    </p>
   </div>
   <div class='ocr_carea' id='block_1_54' title="bbox 513 5191 1617 5281">
    <p class='ocr_par' dir='ltr' id='par_1_54' title="bbox 513 5191 1617 5281">
     <span class='ocr_line' id='line_1_54' title="bbox 513 5191 1617 5281; baseline -0.024 -12"><span class='ocrx_word' id='word_1_401' title='bbox 513 5217 560 5248; x_wconf 75' lang='lat'><strong>“</strong></span> <span class='ocrx_word' id='word_1_402' title='bbox 587 5212 784 5281; x_wconf 76' lang='lat' dir='ltr'><strong>Ephes.</strong></span> <span class='ocrx_word' id='word_1_403' title='bbox 829 5224 913 5274; x_wconf 86' lang='lat' dir='ltr'><strong>III,</strong></span> <span class='ocrx_word' id='word_1_404' title='bbox 950 5206 1038 5261; x_wconf 70' lang='lat'><strong>18.</strong></span> <span class='ocrx_word' id='word_1_405' title='bbox 1142 5201 1188 5237; x_wconf 71' lang='grc'>⁸⁷</span> <span class='ocrx_word' id='word_1_406' title='bbox 1226 5196 1416 5254; x_wconf 77' lang='lat' dir='ltr'><strong>Matth.</strong></span> <span class='ocrx_word' id='word_1_407' title='bbox 1457 5210 1498 5260; x_wconf 82' lang='grc' dir='ltr'>ι,</span> <span class='ocrx_word' id='word_1_408' title='bbox 1525 5191 1617 5245; x_wconf 70' lang='lat'><strong>23.</strong></span> 
     </span>
    </p>
   </div>
   <div class='ocr_carea' id='block_1_55' title="bbox 448 5285 708 5351">
    <p class='ocr_par' dir='ltr' id='par_1_55' title="bbox 448 5285 708 5351">
     <span class='ocr_line' id='line_1_55' title="bbox 448 5285 708 5351; baseline -0.008 -10"><span class='ocrx_word' id='word_1_409' title='bbox 448 5301 597 5351; x_wconf 72' lang='lat' dir='ltr'><strong>xxvv,</strong></span> <span class='ocrx_word' id='word_1_410' title='bbox 620 5285 708 5339; x_wconf 70' lang='lat' dir='ltr'><strong>l5.</strong></span> 
     </span>
    </p>
   </div>
   <div class='ocr_carea' id='block_1_56' title="bbox 517 5336 2008 5445">
    <p class='ocr_par' dir='ltr' id='par_1_56' title="bbox 517 5336 2008 5445">
     <span class='ocr_line' id='line_1_56' title="bbox 517 5336 2008 5445; baseline -0.016 23"><span class='ocrx_word' id='word_1_411' title='bbox 517 5336 632 5445; x_wconf 53' lang='grc' dir='ltr'><strong>(εὖ)</strong></span> <span class='ocrx_word' id='word_1_412' title='bbox 673 5372 738 5427; x_wconf 82' lang='grc' dir='ltr'><strong>ιη</strong></span> <span class='ocrx_word' id='word_1_413' title='bbox 766 5369 1018 5445; x_wconf 56' lang='lat' dir='ltr'><strong>eamea</strong></span> <span class='ocrx_word' id='word_1_414' title='bbox 1046 5336 2008 5445; x_wconf 57' lang='grc' dir='ltr'><strong>ρεετο.ξεξτιίτέεςέεεείιξςξηερξέηξξῖξῑ</strong></span> 
     </span>
    </p>
   </div>
   <div class='ocr_carea' id='block_1_57' title="bbox 452 5405 2007 5509">
    <p class='ocr_par' dir='ltr' id='par_1_57' title="bbox 452 5405 2007 5509">
     <span class='ocr_line' id='line_1_57' title="bbox 452 5405 2007 5509; baseline -0.032 -7"><span class='ocrx_word' id='word_1_415' title='bbox 452 5405 746 5509; x_wconf 42' lang='lat' dir='ltr'><strong>bit‘tiweic‘.</strong></span> <span class='ocrx_word' id='word_1_416' title='bbox 766 5405 1020 5493; x_wconf 62' lang='grc' dir='ltr'><strong>Ἥξιῖ</strong></span> <span class='ocrx_word' id='word_1_417' title='bbox 1042 5405 1178 5509; x_wconf 56' lang='lat' dir='ltr'><strong>,r</strong></span> <span class='ocrx_word' id='word_1_418' title='bbox 1204 5405 1399 5509; x_wconf 43' lang='lat' dir='ltr'><strong>legitur</strong></span> <span class='ocrx_word' id='word_1_419' title='bbox 1424 5418 1479 5472; x_wconf 91' lang='lat' dir='ltr'><strong>in</strong></span> <span class='ocrx_word' id='word_1_420' title='bbox 1508 5405 2007 5509; x_wconf 47' lang='lat' dir='ltr'><strong>G&#39;rtnciﬁfeximplp;</strong></span> 
     </span>
    </p>
   </div>
   <div class='ocr_carea' id='block_1_58' title="bbox 450 5479 2011 5572">
    <p class='ocr_par' dir='ltr' id='par_1_58' title="bbox 450 5479 2011 5572">
     <span class='ocr_line' id='line_1_58' title="bbox 450 5479 2011 5572; baseline -0.033 0"><span class='ocrx_word' id='word_1_421' title='bbox 630 5479 1447 5572; x_wconf 27' lang='lat' dir='ltr'><strong>digitos“,</strong></span> <span class='ocrx_word' id='word_1_422' title='bbox 1476 5485 1560 5569; x_wconf 61' lang='grc' dir='ltr'>γει</span> <span class='ocrx_word' id='word_1_423' title='bbox 1588 5479 1862 5572; x_wconf 44' lang='grc' dir='ltr'><strong>κέιλέσέετελ</strong></span> <span class='ocrx_word' id='word_1_424' title='bbox 1887 5487 2011 5572; x_wconf 48' lang='grc' dir='ltr'><strong>Ἦρξ-</strong></span> 
     </span>
    </p>
   </div>
   <div class='ocr_carea' id='block_1_59' title="bbox 453 5541 2012 5655">
    <p class='ocr_par' dir='ltr' id='par_1_59' title="bbox 453 5541 2012 5655">
     <span class='ocr_line' id='line_1_59' title="bbox 454 5541 1948 5572; baseline -0.032 2"><span class='ocrx_word' id='word_1_425' title='bbox 454 5541 605 5572; x_wconf 67' lang='grc' dir='ltr'>ΙΊυυῦ</span> <span class='ocrx_word' id='word_1_426' title='bbox 633 5541 713 5567; x_wconf 68' lang='lat' dir='ltr'><strong>vr!</strong></span> <span class='ocrx_word' id='word_1_427' title='bbox 741 5541 1046 5567; x_wconf 63' lang='lat' dir='ltr'><strong>mne-vum&quot;,</strong></span> <span class='ocrx_word' id='word_1_428' title='bbox 1078 5541 1149 5553; x_wconf 74' lang='grc' dir='ltr'><strong>η..</strong></span> <span class='ocrx_word' id='word_1_429' title='bbox 1178 5541 1304 5551; x_wconf 67' lang='grc' dir='ltr'><strong>ην.---</strong></span> <span class='ocrx_word' id='word_1_430' title='bbox 1319 5541 1337 5545; x_wconf 55' lang='grc' dir='ltr'>ν</span> <span class='ocrx_word' id='word_1_431' title='bbox 1352 5541 1366 5543; x_wconf 82' lang='lat'><strong>-</strong></span> <span class='ocrx_word' id='word_1_432' title='bbox 1384 5541 1390 5543; x_wconf 52' lang='lat'><strong>.</strong></span> <span class='ocrx_word' id='word_1_433' title='bbox 1408 5544 1417 5551; x_wconf 61' lang='grc'><strong>,</strong></span> <span class='ocrx_word' id='word_1_434' title='bbox 1434 5541 1445 5551; x_wconf 80' lang='grc'><strong>,</strong></span> <span class='ocrx_word' id='word_1_435' title='bbox 1936 5543 1948 5554; x_wconf 52' lang='grc'><strong><em>⁸</em></strong></span> 
     </span>
     <span class='ocr_line' id='line_1_60' title="bbox 453 5541 2012 5655; baseline -0.038 -13"><span class='ocrx_word' id='word_1_436' title='bbox 453 5601 617 5655; x_wconf 89' lang='lat' dir='ltr'><strong>quam</strong></span> <span class='ocrx_word' id='word_1_437' title='bbox 640 5595 776 5655; x_wconf 79' lang='lat' dir='ltr'><strong>vero</strong></span> <span class='ocrx_word' id='word_1_438' title='bbox 794 5576 1141 5655; x_wconf 50' lang='lat' dir='ltr'><strong>adaequetur...</strong></span> <span class='ocrx_word' id='word_1_439' title='bbox 1183 5565 1320 5655; x_wconf 38' lang='lat' dir='ltr'><strong>Illinc</strong></span> <span class='ocrx_word' id='word_1_440' title='bbox 1341 5541 2012 5655; x_wconf 46' lang='lat' dir='ltr'><strong>suspiCB&#39;E‘h?ﬁ}&#39;ﬁ?ngiﬁo</strong></span> 
     </span>
    </p>
   </div>
   <div class='ocr_carea' id='block_1_60' title="bbox 458 5614 2013 5724">
    <p class='ocr_par' dir='ltr' id='par_1_60' title="bbox 458 5614 2013 5724">
     <span class='ocr_line' id='line_1_61' title="bbox 458 5614 2013 5724; baseline -0.03 -14"><span class='ocrx_word' id='word_1_441' title='bbox 458 5614 1112 5724; x_wconf 45' lang='lat' dir='ltr'><strong>ii&#39;iij&#39;irihiiiiridipr&#39;eeu</strong></span> <span class='ocrx_word' id='word_1_442' title='bbox 1124 5635 1376 5724; x_wconf 80' lang='lat' dir='ltr'><strong>habuisse</strong></span> <span class='ocrx_word' id='word_1_443' title='bbox 1388 5614 1638 5724; x_wconf 53' lang='lat' dir='ltr'><strong>tto-cubitis</strong></span> <span class='ocrx_word' id='word_1_444' title='bbox 1652 5614 1983 5724; x_wconf 47' lang='lat' dir='ltr'><strong>lippipoztt)</strong></span> <span class='ocrx_word' id='word_1_445' title='bbox 1995 5637 2013 5648; x_wconf 82' lang='lat'><strong>-</strong></span> 
     </span>
    </p>
   </div>
   <div class='ocr_carea' id='block_1_61' title="bbox 455 5688 2014 5779">
    <p class='ocr_par' dir='ltr' id='par_1_61' title="bbox 455 5688 2014 5779">
     <span class='ocr_line' id='line_1_62' title="bbox 455 5688 2014 5779; baseline -0.03 1"><span class='ocrx_word' id='word_1_446' title='bbox 1339 5706 1606 5756; x_wconf 82' lang='lat' dir='ltr'><strong>mutatum</strong></span> <span class='ocrx_word' id='word_1_447' title='bbox 1652 5688 1815 5744; x_wconf 81' lang='lat' dir='ltr'><strong>fuerit</strong></span> <span class='ocrx_word' id='word_1_448' title='bbox 1840 5688 1895 5737; x_wconf 88' lang='lat' dir='ltr'><strong>iu</strong></span> <span class='ocrx_word' id='word_1_449' title='bbox 1923 5696 2014 5736; x_wconf 81' lang='lat' dir='ltr'><strong>vo-</strong></span> 
     </span>
    </p>
   </div>
   <div class='ocr_carea' id='block_1_62' title="bbox 1621 318 2396 392">
    <p class='ocr_par' dir='ltr' id='par_1_62' title="bbox 1621 318 2396 392">
     <span class='ocr_line' id='line_1_63' title="bbox 1621 318 2396 392; baseline -0.027 0"><span class='ocrx_word' id='word_1_450' title='bbox 1621 335 1688 392; x_wconf 74' lang='grc' dir='ltr'><strong>ΙΝ</strong></span> <span class='ocrx_word' id='word_1_451' title='bbox 1727 326 1960 387; x_wconf 71' lang='grc' dir='ltr'><strong>ΙΞᾹΙᾹΜ</strong></span> <span class='ocrx_word' id='word_1_452' title='bbox 2004 320 2288 378; x_wconf 74' lang='lat' dir='ltr'><strong>HOMILIA</strong></span> <span class='ocrx_word' id='word_1_453' title='bbox 2330 318 2396 373; x_wconf 87' lang='lat' dir='ltr'><strong>ll.</strong></span> 
     </span>
    </p>
   </div>
   <div class='ocr_carea' id='block_1_63' title="bbox 1639 421 3637 522">
    <p class='ocr_par' dir='ltr' id='par_1_63' title="bbox 1639 421 3637 522">
     <span class='ocr_line' id='line_1_64' title="bbox 1639 421 3637 522; baseline -0.017 -16"><span class='ocrx_word' id='word_1_454' title='bbox 1639 452 1693 508; x_wconf 77' lang='lat' dir='ltr'><strong>in</strong></span> <span class='ocrx_word' id='word_1_455' title='bbox 1733 450 1947 522; x_wconf 75' lang='lat' dir='ltr'><strong>profun-</strong></span> <span class='ocrx_word' id='word_1_456' title='bbox 1993 451 2034 504; x_wconf 78' lang='grc' dir='ltr'><strong>Λ</strong></span> <span class='ocrx_word' id='word_1_457' title='bbox 2067 440 2295 505; x_wconf 86' lang='lat' dir='ltr'><strong>st&#39;onis;</strong></span> <span class='ocrx_word' id='word_1_458' title='bbox 2335 450 2429 491; x_wconf 85' lang='lat' dir='ltr'><strong>aut</strong></span> <span class='ocrx_word' id='word_1_459' title='bbox 2459 440 2605 488; x_wconf 89' lang='lat' dir='ltr'><strong>certe</strong></span> <span class='ocrx_word' id='word_1_460' title='bbox 2635 442 2851 483; x_wconf 82' lang='lat' dir='ltr'><strong>rursum</strong></span> <span class='ocrx_word' id='word_1_461' title='bbox 2885 424 3057 495; x_wconf 77' lang='lat' dir='ltr'><strong>gratia</strong></span> <span class='ocrx_word' id='word_1_462' title='bbox 3087 421 3178 476; x_wconf 87' lang='lat' dir='ltr'><strong>Dei</strong></span> <span class='ocrx_word' id='word_1_463' title='bbox 3207 437 3299 492; x_wconf 88' lang='lat' dir='ltr'><strong>per</strong></span> <span class='ocrx_word' id='word_1_464' title='bbox 3328 435 3492 492; x_wconf 90' lang='lat' dir='ltr'><strong>quem</strong></span> <span class='ocrx_word' id='word_1_465' title='bbox 3518 421 3637 475; x_wconf 83' lang='lat' dir='ltr'><strong>vult</strong></span> 
     </span>
    </p>
   </div>
   <div class='ocr_carea' id='block_1_64' title="bbox 2035 4406 3259 4511">
    <p class='ocr_par' dir='ltr' id='par_1_64' title="bbox 2035 4406 3259 4511">
     <span class='ocr_line' id='line_1_65' title="bbox 2035 4406 3259 4511; baseline -0.028 -25"><span class='ocrx_word' id='word_1_466' title='bbox 2035 4436 2167 4511; x_wconf 74' lang='grc' dir='ltr'><strong>θυι</strong></span> <span class='ocrx_word' id='word_1_467' title='bbox 2199 4426 2265 4480; x_wconf 88' lang='lat' dir='ltr'><strong>de</strong></span> <span class='ocrx_word' id='word_1_468' title='bbox 2306 4419 2464 4476; x_wconf 89' lang='lat' dir='ltr'><strong>melle</strong></span> <span class='ocrx_word' id='word_1_469' title='bbox 2517 4412 2797 4469; x_wconf 82' lang='lat' dir='ltr'><strong>comedere</strong></span> <span class='ocrx_word' id='word_1_470' title='bbox 2845 4423 2948 4462; x_wconf 91' lang='lat' dir='ltr'><strong>non</strong></span> <span class='ocrx_word' id='word_1_471' title='bbox 2997 4406 3198 4474; x_wconf 90' lang='lat' dir='ltr'><strong>possim</strong></span> <span class='ocrx_word' id='word_1_472' title='bbox 3246 4417 3259 4453; x_wconf 92' lang='lat'><strong>:</strong></span> 
     </span>
    </p>
   </div>
   <div class='ocr_carea' id='block_1_65' title="bbox 1707 5178 2154 5244">
    <p class='ocr_par' dir='ltr' id='par_1_65' title="bbox 1707 5178 2154 5244">
     <span class='ocr_line' id='line_1_66' title="bbox 1707 5178 2154 5244; baseline -0.022 -3"><span class='ocrx_word' id='word_1_473' title='bbox 1707 5186 1754 5220; x_wconf 69' lang='grc'><strong>⁸⁸</strong></span> <span class='ocrx_word' id='word_1_474' title='bbox 1790 5182 1949 5239; x_wconf 82' lang='lat' dir='ltr'><strong>Joan.</strong></span> <span class='ocrx_word' id='word_1_475' title='bbox 1979 5196 2035 5244; x_wconf 73' lang='grc' dir='ltr'>ν,</span> <span class='ocrx_word' id='word_1_476' title='bbox 2063 5178 2154 5236; x_wconf 77' lang='lat'><strong>39.</strong></span> 
     </span>
    </p>
   </div>
   <div class='ocr_carea' id='block_1_66' title="bbox 3530 304 3639 359">
    <p class='ocr_par' dir='ltr' id='par_1_66' title="bbox 3530 304 3639 359">
     <span class='ocr_line' id='line_1_67' title="bbox 3530 304 3639 359; baseline 0 0"><span class='ocrx_word' id='word_1_477' title='bbox 3530 304 3639 359; x_wconf 63' lang='lat'><strong>2‘26</strong></span> 
     </span>
    </p>
   </div>
   <div class='ocr_carea' id='block_1_67' title="bbox 2064 510 3636 590">
    <p class='ocr_par' dir='ltr' id='par_1_67' title="bbox 2064 510 3636 590">
     <span class='ocr_line' id='line_1_68' title="bbox 2064 510 3636 590; baseline -0.016 -4"><span class='ocrx_word' id='word_1_478' title='bbox 2064 531 2332 586; x_wconf 86' lang='lat' dir='ltr'><strong>illuminet</strong></span> <span class='ocrx_word' id='word_1_479' title='bbox 2365 543 2485 590; x_wconf 83' lang='lat' dir='ltr'><strong>nos,</strong></span> <span class='ocrx_word' id='word_1_480' title='bbox 2514 532 2571 577; x_wconf 92' lang='lat' dir='ltr'><strong>ut</strong></span> <span class='ocrx_word' id='word_1_481' title='bbox 2597 537 2702 574; x_wconf 89' lang='lat' dir='ltr'><strong>non</strong></span> <span class='ocrx_word' id='word_1_482' title='bbox 2735 518 2876 572; x_wconf 87' lang='lat' dir='ltr'><strong>ultra</strong></span> <span class='ocrx_word' id='word_1_483' title='bbox 2908 527 3245 584; x_wconf 78' lang='lat' dir='ltr'><strong>qmcramus,</strong></span> <span class='ocrx_word' id='word_1_484' title='bbox 3279 513 3370 566; x_wconf 88' lang='lat' dir='ltr'><strong>sed</strong></span> <span class='ocrx_word' id='word_1_485' title='bbox 3403 510 3636 580; x_wconf 65' lang='lat' dir='ltr'><strong>quaestio</strong></span> 
     </span>
    </p>
   </div>
   <div class='ocr_carea' id='block_1_68' title="bbox 2066 596 3634 675">
    <p class='ocr_par' dir='ltr' id='par_1_68' title="bbox 2066 596 3634 675">
     <span class='ocr_line' id='line_1_69' title="bbox 2066 596 3634 675; baseline -0.018 0"><span class='ocrx_word' id='word_1_486' title='bbox 2066 630 2252 675; x_wconf 84' lang='lat' dir='ltr'><strong>nostra</strong></span> <span class='ocrx_word' id='word_1_487' title='bbox 2282 618 2546 671; x_wconf 77' lang='lat' dir='ltr'><strong>solvatur.</strong></span> <span class='ocrx_word' id='word_1_488' title='bbox 2606 609 2662 662; x_wconf 89' lang='lat' dir='ltr'><strong>Si</strong></span> <span class='ocrx_word' id='word_1_489' title='bbox 2695 616 2874 661; x_wconf 89' lang='lat' dir='ltr'><strong>autem</strong></span> <span class='ocrx_word' id='word_1_490' title='bbox 2914 612 3115 655; x_wconf 87' lang='lat' dir='ltr'><strong>temere</strong></span> <span class='ocrx_word' id='word_1_491' title='bbox 3140 598 3205 650; x_wconf 87' lang='lat' dir='ltr'><strong>ad</strong></span> <span class='ocrx_word' id='word_1_492' title='bbox 3233 612 3340 650; x_wconf 86' lang='lat' dir='ltr'><strong>non</strong></span> <span class='ocrx_word' id='word_1_493' title='bbox 3366 596 3634 650; x_wconf 85' lang='lat' dir='ltr'><strong>intellecta</strong></span> 
     </span>
    </p>
   </div>
   <div class='ocr_carea' id='block_1_69' title="bbox 2063 687 3638 783">
    <p class='ocr_par' dir='ltr' id='par_1_69' title="bbox 2063 687 3638 783">
     <span class='ocr_line' id='line_1_70' title="bbox 2063 687 3638 783; baseline -0.018 -17"><span class='ocrx_word' id='word_1_494' title='bbox 2063 709 2499 783; x_wconf 85' lang='lat' dir='ltr'><strong>prorumpimus,</strong></span> <span class='ocrx_word' id='word_1_495' title='bbox 2527 717 2628 757; x_wconf 87' lang='lat' dir='ltr'><strong>nos</strong></span> <span class='ocrx_word' id='word_1_496' title='bbox 2654 701 2801 770; x_wconf 89' lang='lat' dir='ltr'><strong>ipsos</strong></span> <span class='ocrx_word' id='word_1_497' title='bbox 2832 692 3203 751; x_wconf 84' lang='lat' dir='ltr'><strong>causabimur.</strong></span> <span class='ocrx_word' id='word_1_498' title='bbox 3247 687 3379 754; x_wconf 64' lang='lat' dir='ltr'><strong>Quae</strong></span> <span class='ocrx_word' id='word_1_499' title='bbox 3408 695 3638 756; x_wconf 77' lang='lat' dir='ltr'><strong>estergo</strong></span> 
     </span>
    </p>
   </div>
   <div class='ocr_carea' id='block_1_70' title="bbox 2066 777 3640 858">
    <p class='ocr_par' dir='ltr' id='par_1_70' title="bbox 2066 777 3640 858">
     <span class='ocr_line' id='line_1_71' title="bbox 2066 777 3640 858; baseline -0.018 0"><span class='ocrx_word' id='word_1_500' title='bbox 2066 777 2263 858; x_wconf 80' lang='lat' dir='ltr'><strong>domus</strong></span> <span class='ocrx_word' id='word_1_501' title='bbox 2291 777 2499 854; x_wconf 81' lang='lat' dir='ltr'><strong>David?</strong></span> <span class='ocrx_word' id='word_1_502' title='bbox 2538 794 2595 849; x_wconf 90' lang='lat' dir='ltr'><strong>Si</strong></span> <span class='ocrx_word' id='word_1_503' title='bbox 2641 789 2806 845; x_wconf 90' lang='lat' dir='ltr'><strong>David</strong></span> <span class='ocrx_word' id='word_1_504' title='bbox 2836 785 3089 842; x_wconf 85' lang='lat' dir='ltr'><strong>Christus</strong></span> <span class='ocrx_word' id='word_1_505' title='bbox 3116 790 3221 844; x_wconf 88' lang='lat' dir='ltr'><strong>est,</strong></span> <span class='ocrx_word' id='word_1_506' title='bbox 3249 788 3307 833; x_wconf 92' lang='lat' dir='ltr'><strong>ut</strong></span> <span class='ocrx_word' id='word_1_507' title='bbox 3332 777 3640 846; x_wconf 84' lang='lat' dir='ltr'><strong>frequenter</strong></span> 
     </span>
    </p>
   </div>
   <div class='ocr_carea' id='block_1_71' title="bbox 2067 866 3642 963">
    <p class='ocr_par' dir='ltr' id='par_1_71' title="bbox 2067 866 3642 963">
     <span class='ocr_line' id='line_1_72' title="bbox 2067 866 3642 963; baseline -0.019 -16"><span class='ocrx_word' id='word_1_508' title='bbox 2067 891 2291 963; x_wconf 85' lang='lat' dir='ltr'><strong>probavi</strong></span> <span class='ocrx_word' id='word_1_509' title='bbox 2313 932 2329 957; x_wconf 89' lang='lat'><strong>,</strong></span> <span class='ocrx_word' id='word_1_510' title='bbox 2363 889 2562 944; x_wconf 88' lang='lat' dir='ltr'><strong>domus</strong></span> <span class='ocrx_word' id='word_1_511' title='bbox 2593 880 2759 936; x_wconf 85' lang='lat' dir='ltr'><strong>David</strong></span> <span class='ocrx_word' id='word_1_512' title='bbox 2801 892 2901 931; x_wconf 87' lang='lat' dir='ltr'><strong>nos</strong></span> <span class='ocrx_word' id='word_1_513' title='bbox 2930 885 3125 929; x_wconf 90' lang='lat' dir='ltr'><strong>sumus</strong></span> <span class='ocrx_word' id='word_1_514' title='bbox 3152 867 3394 925; x_wconf 88' lang='lat' dir='ltr'><strong>Ecclesia</strong></span> <span class='ocrx_word' id='word_1_515' title='bbox 3426 866 3554 932; x_wconf 89' lang='lat' dir='ltr'><strong>Dei;</strong></span> <span class='ocrx_word' id='word_1_516' title='bbox 3588 875 3642 919; x_wconf 86' lang='lat' dir='ltr'><strong>et</strong></span> 
     </span>
    </p>
   </div>
   <div class='ocr_carea' id='block_1_72' title="bbox 2068 964 3643 1045">
    <p class='ocr_par' dir='ltr' id='par_1_72' title="bbox 2068 964 3643 1045">
     <span class='ocr_line' id='line_1_73' title="bbox 2068 964 3643 1045; baseline -0.02 -6"><span class='ocrx_word' id='word_1_517' title='bbox 2068 984 2266 1039; x_wconf 89' lang='lat' dir='ltr'><strong>dicitur</strong></span> <span class='ocrx_word' id='word_1_518' title='bbox 2294 979 2451 1035; x_wconf 89' lang='lat' dir='ltr'><strong>nobis</strong></span> <span class='ocrx_word' id='word_1_519' title='bbox 2478 974 2571 1045; x_wconf 91' lang='lat' dir='ltr'><strong>qui</strong></span> <span class='ocrx_word' id='word_1_520' title='bbox 2598 968 2838 1027; x_wconf 82' lang='lat' dir='ltr'><strong>Ecclesia</strong></span> <span class='ocrx_word' id='word_1_521' title='bbox 2869 978 3080 1023; x_wconf 87' lang='lat' dir='ltr'><strong>sumus,</strong></span> <span class='ocrx_word' id='word_1_522' title='bbox 3105 970 3164 1014; x_wconf 89' lang='lat' dir='ltr'><strong>ut</strong></span> <span class='ocrx_word' id='word_1_523' title='bbox 3187 975 3294 1015; x_wconf 89' lang='lat' dir='ltr'><strong>non</strong></span> <span class='ocrx_word' id='word_1_524' title='bbox 3323 964 3643 1028; x_wconf 70' lang='lat' dir='ltr'><strong>prmstemus</strong></span> 
     </span>
    </p>
   </div>
   <div class='ocr_carea' id='block_1_73' title="bbox 2069 1045 3643 1134">
    <p class='ocr_par' dir='ltr' id='par_1_73' title="bbox 2069 1045 3643 1134">
     <span class='ocr_line' id='line_1_74' title="bbox 2069 1045 3643 1134; baseline -0.02 -3"><span class='ocrx_word' id='word_1_525' title='bbox 2069 1084 2344 1131; x_wconf 85' lang='lat' dir='ltr'><strong>certamen</strong></span> <span class='ocrx_word' id='word_1_526' title='bbox 2384 1069 2494 1124; x_wconf 88' lang='lat' dir='ltr'><strong>Deo</strong></span> <span class='ocrx_word' id='word_1_527' title='bbox 2525 1079 2687 1134; x_wconf 87' lang='lat' dir='ltr'><strong>supra</strong></span> <span class='ocrx_word' id='word_1_528' title='bbox 2715 1061 2954 1122; x_wconf 89' lang='lat' dir='ltr'><strong>dictum,</strong></span> <span class='ocrx_word' id='word_1_529' title='bbox 2986 1054 3078 1110; x_wconf 89' lang='lat' dir='ltr'><strong>sed</strong></span> <span class='ocrx_word' id='word_1_530' title='bbox 3102 1053 3267 1107; x_wconf 89' lang='lat' dir='ltr'><strong>dante</strong></span> <span class='ocrx_word' id='word_1_531' title='bbox 3294 1048 3530 1117; x_wconf 73' lang='lat' dir='ltr'><strong>Domino</strong></span> <span class='ocrx_word' id='word_1_532' title='bbox 3560 1045 3643 1101; x_wconf 91' lang='lat' dir='ltr'><strong>si-</strong></span> 
     </span>
    </p>
   </div>
   <div class='ocr_carea' id='block_1_74' title="bbox 2072 1136 3644 1235">
    <p class='ocr_par' dir='ltr' id='par_1_74' title="bbox 2072 1136 3644 1235">
     <span class='ocr_line' id='line_1_75' title="bbox 2072 1136 3644 1235; baseline -0.02 -15"><span class='ocrx_word' id='word_1_533' title='bbox 2072 1179 2237 1235; x_wconf 77' lang='lat' dir='ltr'><strong>gnum</strong></span> <span class='ocrx_word' id='word_1_534' title='bbox 2281 1158 2646 1228; x_wconf 84' lang='lat' dir='ltr'><strong>suscipiamus</strong></span> <span class='ocrx_word' id='word_1_535' title='bbox 2674 1151 2829 1207; x_wconf 88' lang='lat' dir='ltr'><strong>illud.</strong></span> <span class='ocrx_word' id='word_1_536' title='bbox 2893 1144 3084 1208; x_wconf 88' lang='lat' dir='ltr'><strong>Nobis,</strong></span> <span class='ocrx_word' id='word_1_537' title='bbox 3122 1158 3231 1196; x_wconf 87' lang='lat' dir='ltr'><strong>non</strong></span> <span class='ocrx_word' id='word_1_538' title='bbox 3256 1139 3442 1195; x_wconf 90' lang='lat' dir='ltr'><strong>domui</strong></span> <span class='ocrx_word' id='word_1_539' title='bbox 3475 1136 3644 1193; x_wconf 88' lang='lat' dir='ltr'><strong>David</strong></span> 
     </span>
    </p>
   </div>
   <div class='ocr_carea' id='block_1_75' title="bbox 2073 1228 3635 1313">
    <p class='ocr_par' dir='ltr' id='par_1_75' title="bbox 2073 1228 3635 1313">
     <span class='ocr_line' id='line_1_76' title="bbox 2073 1228 3635 1313; baseline -0.019 -4"><span class='ocrx_word' id='word_1_540' title='bbox 2073 1228 2176 1309; x_wconf 74' lang='lat' dir='ltr'><strong>ista</strong></span> <span class='ocrx_word' id='word_1_541' title='bbox 2204 1253 2483 1306; x_wconf 89' lang='lat' dir='ltr'><strong>dicuntur.</strong></span> <span class='ocrx_word' id='word_1_542' title='bbox 2553 1244 2619 1299; x_wconf 88' lang='lat' dir='ltr'><strong>Et</strong></span> <span class='ocrx_word' id='word_1_543' title='bbox 2646 1241 3019 1313; x_wconf 82' lang='lat' dir='ltr'><strong>prophetatur,</strong></span> <span class='ocrx_word' id='word_1_544' title='bbox 3046 1233 3173 1304; x_wconf 88' lang='lat' dir='ltr'><strong>quia</strong></span> <span class='ocrx_word' id='word_1_545' title='bbox 3204 1232 3252 1286; x_wconf 89' lang='lat' dir='ltr'><strong>si</strong></span> <span class='ocrx_word' id='word_1_546' title='bbox 3283 1229 3407 1301; x_wconf 90' lang='lat' dir='ltr'><strong>quis</strong></span> <span class='ocrx_word' id='word_1_547' title='bbox 3434 1239 3516 1283; x_wconf 89' lang='lat' dir='ltr'><strong>est</strong></span> <span class='ocrx_word' id='word_1_548' title='bbox 3545 1228 3635 1281; x_wconf 89' lang='lat' dir='ltr'><strong>do-</strong></span> 
     </span>
    </p>
   </div>
   <div class='ocr_carea' id='block_1_76' title="bbox 2074 1317 3644 1401">
    <p class='ocr_par' dir='ltr' id='par_1_76' title="bbox 2074 1317 3644 1401">
     <span class='ocr_line' id='line_1_77' title="bbox 2074 1317 3644 1401; baseline -0.017 -4"><span class='ocrx_word' id='word_1_549' title='bbox 2074 1357 2197 1397; x_wconf 90' lang='lat' dir='ltr'><strong>mus</strong></span> <span class='ocrx_word' id='word_1_550' title='bbox 2226 1337 2416 1401; x_wconf 86' lang='lat' dir='ltr'><strong>David,</strong></span> <span class='ocrx_word' id='word_1_551' title='bbox 2444 1334 2663 1390; x_wconf 88' lang='lat' dir='ltr'><strong>vocabit</strong></span> <span class='ocrx_word' id='word_1_552' title='bbox 2698 1342 2894 1385; x_wconf 90' lang='lat' dir='ltr'><strong>nomen</strong></span> <span class='ocrx_word' id='word_1_553' title='bbox 2919 1325 3043 1395; x_wconf 88' lang='lat' dir='ltr'><strong>ejus</strong></span> <span class='ocrx_word' id='word_1_554' title='bbox 3073 1319 3415 1375; x_wconf 90' lang='lat' dir='ltr'><strong>Emmanuel.</strong></span> <span class='ocrx_word' id='word_1_555' title='bbox 3459 1317 3518 1372; x_wconf 89' lang='lat' dir='ltr'><strong>lu</strong></span> <span class='ocrx_word' id='word_1_556' title='bbox 3545 1317 3644 1372; x_wconf 88' lang='lat' dir='ltr'><strong>ad-</strong></span> 
     </span>
    </p>
   </div>
   <div class='ocr_carea' id='block_1_77' title="bbox 2072 1408 3646 1487">
    <p class='ocr_par' dir='ltr' id='par_1_77' title="bbox 2072 1408 3646 1487">
     <span class='ocr_line' id='line_1_78' title="bbox 2072 1408 3646 1487; baseline -0.018 1"><span class='ocrx_word' id='word_1_557' title='bbox 2072 1442 2236 1487; x_wconf 86' lang='lat' dir='ltr'><strong>ventu</strong></span> <span class='ocrx_word' id='word_1_558' title='bbox 2285 1430 2429 1485; x_wconf 85' lang='lat' dir='ltr'><strong>enim</strong></span> <span class='ocrx_word' id='word_1_559' title='bbox 2456 1425 2660 1483; x_wconf 89' lang='lat' dir='ltr'><strong>Christi</strong></span> <span class='ocrx_word' id='word_1_560' title='bbox 2703 1422 2818 1479; x_wconf 91' lang='lat' dir='ltr'><strong>sola</strong></span> <span class='ocrx_word' id='word_1_561' title='bbox 2850 1415 3092 1473; x_wconf 87' lang='lat' dir='ltr'><strong>Ecclesia</strong></span> <span class='ocrx_word' id='word_1_562' title='bbox 3121 1421 3310 1467; x_wconf 89' lang='lat' dir='ltr'><strong>nostra</strong></span> <span class='ocrx_word' id='word_1_563' title='bbox 3336 1410 3404 1465; x_wconf 90' lang='lat' dir='ltr'><strong>de</strong></span> <span class='ocrx_word' id='word_1_564' title='bbox 3427 1408 3646 1463; x_wconf 87' lang='lat' dir='ltr'><strong>Christo</strong></span> 
     </span>
    </p>
   </div>
   <div class='ocr_carea' id='block_1_78' title="bbox 2073 1498 3643 1578">
    <p class='ocr_par' dir='ltr' id='par_1_78' title="bbox 2073 1498 3643 1578">
     <span class='ocr_line' id='line_1_79' title="bbox 2073 1498 3643 1578; baseline -0.018 0"><span class='ocrx_word' id='word_1_565' title='bbox 2073 1523 2206 1578; x_wconf 85' lang='lat' dir='ltr'><strong>dicit</strong></span> <span class='ocrx_word' id='word_1_566' title='bbox 2235 1540 2247 1568; x_wconf 88' lang='lat'><strong>:</strong></span> <span class='ocrx_word' id='word_1_567' title='bbox 2285 1520 2574 1574; x_wconf 85' lang='lat' dir='ltr'><strong>Nobiscum</strong></span> <span class='ocrx_word' id='word_1_568' title='bbox 2607 1514 2768 1568; x_wconf 88' lang='lat' dir='ltr'><strong>Deus.</strong></span> <span class='ocrx_word' id='word_1_569' title='bbox 2838 1508 2932 1564; x_wconf 85' lang='lat' dir='ltr'><strong>His</strong></span> <span class='ocrx_word' id='word_1_570' title='bbox 2959 1521 3018 1561; x_wconf 89' lang='lat' dir='ltr'><strong>ut</strong></span> <span class='ocrx_word' id='word_1_571' title='bbox 3045 1503 3192 1560; x_wconf 82' lang='lat' dir='ltr'><strong>dedit</strong></span> <span class='ocrx_word' id='word_1_572' title='bbox 3215 1499 3386 1572; x_wconf 79' lang='lat' dir='ltr'><strong>gratia</strong></span> <span class='ocrx_word' id='word_1_573' title='bbox 3420 1498 3513 1553; x_wconf 88' lang='lat' dir='ltr'><strong>Dei</strong></span> <span class='ocrx_word' id='word_1_574' title='bbox 3545 1513 3643 1553; x_wconf 81' lang='lat' dir='ltr'><strong>ex-</strong></span> 
     </span>
    </p>
   </div>
   <div class='ocr_carea' id='block_1_79' title="bbox 2076 1594 3292 1684">
    <p class='ocr_par' dir='ltr' id='par_1_79' title="bbox 2076 1594 3292 1684">
     <span class='ocr_line' id='line_1_80' title="bbox 2076 1594 3292 1684; baseline -0.021 -17"><span class='ocrx_word' id='word_1_575' title='bbox 2076 1612 2331 1684; x_wconf 88' lang='lat' dir='ltr'><strong>planatis,</strong></span> <span class='ocrx_word' id='word_1_576' title='bbox 2367 1610 2473 1663; x_wconf 90' lang='lat' dir='ltr'><strong>alia</strong></span> <span class='ocrx_word' id='word_1_577' title='bbox 2502 1607 2615 1679; x_wconf 87' lang='lat' dir='ltr'><strong>jam</strong></span> <span class='ocrx_word' id='word_1_578' title='bbox 2649 1613 2959 1673; x_wconf 42' lang='lat' dir='ltr'><strong>quaeramus</strong></span> <span class='ocrx_word' id='word_1_579' title='bbox 2985 1594 3292 1665; x_wconf 80' lang='lat' dir='ltr'><strong>amigmata.</strong></span> 
     </span>
    </p>
   </div>
   <div class='ocr_carea' id='block_1_80' title="bbox 2144 1681 3646 1766">
    <p class='ocr_par' dir='ltr' id='par_1_80' title="bbox 2144 1681 3646 1766">
     <span class='ocr_line' id='line_1_81' title="bbox 2144 1681 3646 1766; baseline -0.015 -8"><span class='ocrx_word' id='word_1_580' title='bbox 2144 1704 2200 1758; x_wconf 74' lang='lat'><strong>2.</strong></span> <span class='ocrx_word' id='word_1_581' title='bbox 2241 1701 2395 1757; x_wconf 85' lang='lat' dir='ltr'><strong>Vers.</strong></span> <span class='ocrx_word' id='word_1_582' title='bbox 2426 1700 2514 1754; x_wconf 76' lang='grc'><strong>15.</strong></span> <span class='ocrx_word' id='word_1_583' title='bbox 2576 1698 2838 1766; x_wconf 86' lang='lat' dir='ltr'><strong>Butyrum</strong></span> <span class='ocrx_word' id='word_1_584' title='bbox 2872 1703 2921 1746; x_wconf 89' lang='lat' dir='ltr'><strong>et</strong></span> <span class='ocrx_word' id='word_1_585' title='bbox 2953 1690 3053 1744; x_wconf 88' lang='lat' dir='ltr'><strong>mel</strong></span> <span class='ocrx_word' id='word_1_586' title='bbox 3079 1684 3436 1742; x_wconf 83' lang='lat' dir='ltr'><strong>manducabit.</strong></span> <span class='ocrx_word' id='word_1_587' title='bbox 3497 1681 3646 1749; x_wconf 89' lang='lat' dir='ltr'><strong>Quo-</strong></span> 
     </span>
    </p>
   </div>
   <div class='ocr_carea' id='block_1_81' title="bbox 2080 1776 3636 1859">
    <p class='ocr_par' dir='ltr' id='par_1_81' title="bbox 2080 1776 3636 1859">
     <span class='ocr_line' id='line_1_82' title="bbox 2080 1776 3636 1859; baseline -0.015 -7"><span class='ocrx_word' id='word_1_588' title='bbox 2080 1797 2242 1852; x_wconf 89' lang='lat' dir='ltr'><strong>modo</strong></span> <span class='ocrx_word' id='word_1_589' title='bbox 2281 1793 2533 1848; x_wconf 89' lang='lat' dir='ltr'><strong>Christus</strong></span> <span class='ocrx_word' id='word_1_590' title='bbox 2567 1790 2920 1859; x_wconf 82' lang='lat' dir='ltr'><strong>prephetatur</strong></span> <span class='ocrx_word' id='word_1_591' title='bbox 2959 1783 3212 1853; x_wconf 88' lang='lat' dir='ltr'><strong>butyrqu</strong></span> <span class='ocrx_word' id='word_1_592' title='bbox 3255 1785 3310 1832; x_wconf 87' lang='lat' dir='ltr'><strong>et</strong></span> <span class='ocrx_word' id='word_1_593' title='bbox 3342 1776 3445 1831; x_wconf 88' lang='lat' dir='ltr'><strong>mel</strong></span> <span class='ocrx_word' id='word_1_594' title='bbox 3493 1791 3636 1829; x_wconf 91' lang='lat' dir='ltr'><strong>com-</strong></span> 
     </span>
    </p>
   </div>
   <div class='ocr_carea' id='block_1_82' title="bbox 2080 1868 3646 1947">
    <p class='ocr_par' dir='ltr' id='par_1_82' title="bbox 2080 1868 3646 1947">
     <span class='ocr_line' id='line_1_83' title="bbox 2080 1868 3646 1947; baseline -0.016 -3"><span class='ocrx_word' id='word_1_595' title='bbox 2080 1886 2337 1944; x_wconf 88' lang='lat' dir='ltr'><strong>csturus?</strong></span> <span class='ocrx_word' id='word_1_596' title='bbox 2369 1883 2425 1938; x_wconf 90' lang='lat' dir='ltr'><strong>Si</strong></span> <span class='ocrx_word' id='word_1_597' title='bbox 2450 1885 2554 1938; x_wconf 88' lang='lat' dir='ltr'><strong>hoc</strong></span> <span class='ocrx_word' id='word_1_598' title='bbox 2581 1880 2743 1935; x_wconf 89' lang='lat' dir='ltr'><strong>fuerit</strong></span> <span class='ocrx_word' id='word_1_599' title='bbox 2768 1870 3071 1947; x_wconf 75' lang='lat' dir='ltr'><strong>expositum</strong></span> <span class='ocrx_word' id='word_1_600' title='bbox 3100 1871 3331 1925; x_wconf 91' lang='lat' dir='ltr'><strong>Domino</strong></span> <span class='ocrx_word' id='word_1_601' title='bbox 3356 1868 3646 1927; x_wconf 75' lang='lat' dir='ltr'><strong>tribuente,</strong></span> 
     </span>
    </p>
   </div>
   <div class='ocr_carea' id='block_1_83' title="bbox 2082 1961 3653 2043">
    <p class='ocr_par' dir='ltr' id='par_1_83' title="bbox 2082 1961 3653 2043">
     <span class='ocr_line' id='line_1_84' title="bbox 2082 1961 3653 2043; baseline -0.016 -10"><span class='ocrx_word' id='word_1_602' title='bbox 2082 1993 2275 2033; x_wconf 90' lang='lat' dir='ltr'><strong>rursus</strong></span> <span class='ocrx_word' id='word_1_603' title='bbox 2295 1991 2359 2030; x_wconf 90' lang='lat' dir='ltr'><strong>ea</strong></span> <span class='ocrx_word' id='word_1_604' title='bbox 2382 1988 2504 2043; x_wconf 83' lang='lat' dir='ltr'><strong>quae</strong></span> <span class='ocrx_word' id='word_1_605' title='bbox 2529 1978 2854 2038; x_wconf 89' lang='lat' dir='ltr'><strong>sequuntur,</strong></span> <span class='ocrx_word' id='word_1_606' title='bbox 2873 1965 3033 2019; x_wconf 90' lang='lat' dir='ltr'><strong>aliam</strong></span> <span class='ocrx_word' id='word_1_607' title='bbox 3057 1961 3216 2015; x_wconf 89' lang='lat' dir='ltr'><strong>nobis</strong></span> <span class='ocrx_word' id='word_1_608' title='bbox 3237 1961 3482 2028; x_wconf 73' lang='lat' dir='ltr'><strong>ingerent</strong></span> <span class='ocrx_word' id='word_1_609' title='bbox 3509 1972 3653 2026; x_wconf 63' lang='lat' dir='ltr'><strong>quac-</strong></span> 
     </span>
    </p>
   </div>
   <div class='ocr_carea' id='block_1_84' title="bbox 2083 2044 3650 2128">
    <p class='ocr_par' dir='ltr' id='par_1_84' title="bbox 2083 2044 3650 2128">
     <span class='ocr_line' id='line_1_85' title="bbox 2083 2044 3650 2128; baseline -0.017 -5"><span class='ocrx_word' id='word_1_610' title='bbox 2083 2072 2342 2124; x_wconf 80' lang='lat' dir='ltr'><strong>stionem.</strong></span> <span class='ocrx_word' id='word_1_611' title='bbox 2402 2062 2732 2128; x_wconf 86' lang='lat' dir='ltr'><strong>Utinamque</strong></span> <span class='ocrx_word' id='word_1_612' title='bbox 2773 2068 2964 2108; x_wconf 88' lang='lat' dir='ltr'><strong>omnes</strong></span> <span class='ocrx_word' id='word_1_613' title='bbox 2997 2051 3299 2106; x_wconf 79' lang='lat' dir='ltr'><strong>faceremus</strong></span> <span class='ocrx_word' id='word_1_614' title='bbox 3329 2047 3457 2101; x_wconf 86' lang='lat' dir='ltr'><strong>illud</strong></span> <span class='ocrx_word' id='word_1_615' title='bbox 3505 2044 3650 2115; x_wconf 88' lang='lat' dir='ltr'><strong>quod</strong></span> 
     </span>
    </p>
   </div>
   <div class='ocr_carea' id='block_1_85' title="bbox 2084 2131 3653 2225">
    <p class='ocr_par' dir='ltr' id='par_1_85' title="bbox 2084 2131 3653 2225">
     <span class='ocr_line' id='line_1_86' title="bbox 2084 2131 3653 2225; baseline -0.019 -13"><span class='ocrx_word' id='word_1_616' title='bbox 2084 2148 2345 2225; x_wconf 72' lang='lat' dir='ltr'><strong>Scriptum</strong></span> <span class='ocrx_word' id='word_1_617' title='bbox 2398 2159 2480 2205; x_wconf 89' lang='lat' dir='ltr'><strong>est</strong></span> <span class='ocrx_word' id='word_1_618' title='bbox 2516 2166 2530 2203; x_wconf 90' lang='lat'><strong>:</strong></span> <span class='ocrx_word' id='word_1_619' title='bbox 2568 2141 2896 2201; x_wconf 87' lang='lat' dir='ltr'><strong>Scrutamini</strong></span> <span class='ocrx_word' id='word_1_620' title='bbox 2936 2138 3240 2207; x_wconf 86' lang='lat' dir='ltr'><strong>Scripturas</strong></span> <span class='ocrx_word' id='word_1_621' title='bbox 3272 2133 3338 2184; x_wconf 74' lang='grc'><strong>⁸³.</strong></span> <span class='ocrx_word' id='word_1_622' title='bbox 3393 2131 3555 2185; x_wconf 86' lang='lat' dir='ltr'><strong>Plura</strong></span> <span class='ocrx_word' id='word_1_623' title='bbox 3588 2144 3653 2182; x_wconf 81' lang='lat' dir='ltr'><strong>ex</strong></span> 
     </span>
    </p>
   </div>
   <div class='ocr_carea' id='block_1_86' title="bbox 2086 2222 3656 2312">
    <p class='ocr_par' dir='ltr' id='par_1_86' title="bbox 2086 2222 3656 2312">
     <span class='ocr_line' id='line_1_87' title="bbox 2086 2222 3656 2312; baseline -0.016 -13"><span class='ocrx_word' id='word_1_624' title='bbox 2086 2222 2462 2312; x_wconf 79' lang='lat' dir='ltr'><strong>corporalibus</strong></span> <span class='ocrx_word' id='word_1_625' title='bbox 2506 2234 2643 2290; x_wconf 91' lang='lat' dir='ltr'><strong>cibis</strong></span> <span class='ocrx_word' id='word_1_626' title='bbox 2688 2231 2963 2286; x_wconf 86' lang='lat' dir='ltr'><strong>nominata</strong></span> <span class='ocrx_word' id='word_1_627' title='bbox 2996 2234 3124 2281; x_wconf 86' lang='lat' dir='ltr'><strong>sunt</strong></span> <span class='ocrx_word' id='word_1_628' title='bbox 3151 2225 3204 2279; x_wconf 90' lang='lat' dir='ltr'><strong>in</strong></span> <span class='ocrx_word' id='word_1_629' title='bbox 3232 2222 3524 2292; x_wconf 84' lang='lat' dir='ltr'><strong>Scripturis</strong></span> <span class='ocrx_word' id='word_1_630' title='bbox 3558 2235 3656 2290; x_wconf 92' lang='lat' dir='ltr'><strong>pro</strong></span> 
     </span>
    </p>
   </div>
   <div class='ocr_carea' id='block_1_87' title="bbox 2086 2315 3653 2401">
    <p class='ocr_par' dir='ltr' id='par_1_87' title="bbox 2086 2315 3653 2401">
     <span class='ocr_line' id='line_1_88' title="bbox 2086 2315 3653 2401; baseline -0.016 -11"><span class='ocrx_word' id='word_1_631' title='bbox 2086 2334 2225 2390; x_wconf 89' lang='lat' dir='ltr'><strong>escis</strong></span> <span class='ocrx_word' id='word_1_632' title='bbox 2253 2328 2611 2401; x_wconf 87' lang='lat' dir='ltr'><strong>spiritalibus.</strong></span> <span class='ocrx_word' id='word_1_633' title='bbox 2656 2322 2824 2390; x_wconf 82' lang='lat' dir='ltr'><strong>Quasi</strong></span> <span class='ocrx_word' id='word_1_634' title='bbox 2855 2320 3007 2375; x_wconf 87' lang='lat' dir='ltr'><strong>modo</strong></span> <span class='ocrx_word' id='word_1_635' title='bbox 3036 2318 3147 2372; x_wconf 88' lang='lat' dir='ltr'><strong>nati</strong></span> <span class='ocrx_word' id='word_1_636' title='bbox 3181 2316 3389 2387; x_wconf 82' lang='lat' dir='ltr'><strong>parvuli</strong></span> <span class='ocrx_word' id='word_1_637' title='bbox 3420 2315 3653 2368; x_wconf 85' lang='lat' dir='ltr'><strong>rationa-</strong></span> 
     </span>
    </p>
   </div>
   <div class='ocr_carea' id='block_1_88' title="bbox 2087 2404 3656 2479">
    <p class='ocr_par' dir='ltr' id='par_1_88' title="bbox 2087 2404 3656 2479">
     <span class='ocr_line' id='line_1_89' title="bbox 2087 2404 3656 2479; baseline -0.015 0"><span class='ocrx_word' id='word_1_638' title='bbox 2087 2425 2188 2479; x_wconf 87' lang='lat' dir='ltr'><strong>bile</strong></span> <span class='ocrx_word' id='word_1_639' title='bbox 2218 2431 2267 2478; x_wconf 86' lang='lat' dir='ltr'><strong>et</strong></span> <span class='ocrx_word' id='word_1_640' title='bbox 2290 2423 2400 2476; x_wconf 84' lang='lat' dir='ltr'><strong>sine</strong></span> <span class='ocrx_word' id='word_1_641' title='bbox 2430 2419 2551 2473; x_wconf 86' lang='lat' dir='ltr'><strong>dolo</strong></span> <span class='ocrx_word' id='word_1_642' title='bbox 2578 2417 2662 2470; x_wconf 89' lang='lat' dir='ltr'><strong>lac</strong></span> <span class='ocrx_word' id='word_1_643' title='bbox 2690 2412 2984 2469; x_wconf 85' lang='lat' dir='ltr'><strong>desiderate</strong></span> <span class='ocrx_word' id='word_1_644' title='bbox 3014 2410 3081 2464; x_wconf 70' lang='grc' dir='ltr'><strong>δ’.</strong></span> <span class='ocrx_word' id='word_1_645' title='bbox 3126 2408 3266 2479; x_wconf 82' lang='lat' dir='ltr'><strong>Ergo</strong></span> <span class='ocrx_word' id='word_1_646' title='bbox 3297 2416 3379 2461; x_wconf 84' lang='lat' dir='ltr'><strong>est</strong></span> <span class='ocrx_word' id='word_1_647' title='bbox 3408 2406 3525 2459; x_wconf 86' lang='lat' dir='ltr'><strong>sine</strong></span> <span class='ocrx_word' id='word_1_648' title='bbox 3555 2404 3656 2457; x_wconf 84' lang='lat' dir='ltr'><strong>du-</strong></span> 
     </span>
    </p>
   </div>
   <div class='ocr_carea' id='block_1_89' title="bbox 2084 2494 3660 2572">
    <p class='ocr_par' dir='ltr' id='par_1_89' title="bbox 2084 2494 3660 2572">
     <span class='ocr_line' id='line_1_90' title="bbox 2084 2494 3660 2572; baseline -0.015 -3"><span class='ocrx_word' id='word_1_649' title='bbox 2084 2515 2179 2569; x_wconf 86' lang='lat' dir='ltr'><strong>bio</strong></span> <span class='ocrx_word' id='word_1_650' title='bbox 2210 2513 2294 2566; x_wconf 91' lang='lat' dir='ltr'><strong>lac</strong></span> <span class='ocrx_word' id='word_1_651' title='bbox 2324 2506 2674 2570; x_wconf 88' lang='lat' dir='ltr'><strong>rationabile,</strong></span> <span class='ocrx_word' id='word_1_652' title='bbox 2707 2513 2760 2559; x_wconf 91' lang='lat' dir='ltr'><strong>et</strong></span> <span class='ocrx_word' id='word_1_653' title='bbox 2794 2509 3004 2572; x_wconf 82' lang='lat' dir='ltr'><strong>Oportet</strong></span> <span class='ocrx_word' id='word_1_654' title='bbox 3049 2497 3206 2553; x_wconf 87' lang='lat' dir='ltr'><strong>nobis</strong></span> <span class='ocrx_word' id='word_1_655' title='bbox 3236 2494 3541 2551; x_wconf 89' lang='lat' dir='ltr'><strong>istiusmodi</strong></span> <span class='ocrx_word' id='word_1_656' title='bbox 3575 2494 3660 2547; x_wconf 88' lang='lat' dir='ltr'><strong>lac</strong></span> 
     </span>
    </p>
   </div>
   <div class='ocr_carea' id='block_1_90' title="bbox 2087 2587 3658 2675">
    <p class='ocr_par' dir='ltr' id='par_1_90' title="bbox 2087 2587 3658 2675">
     <span class='ocr_line' id='line_1_91' title="bbox 2087 2587 3658 2675; baseline -0.011 -18"><span class='ocrx_word' id='word_1_657' title='bbox 2087 2617 2347 2675; x_wconf 80' lang='lat' dir='ltr'><strong>quaerere.</strong></span> <span class='ocrx_word' id='word_1_658' title='bbox 2389 2598 2626 2653; x_wconf 82' lang='lat' dir='ltr'><strong>Rursum</strong></span> <span class='ocrx_word' id='word_1_659' title='bbox 2665 2596 2719 2650; x_wconf 90' lang='lat' dir='ltr'><strong>in</strong></span> <span class='ocrx_word' id='word_1_660' title='bbox 2742 2591 3052 2649; x_wconf 83' lang='lat' dir='ltr'><strong>Proverbiis</strong></span> <span class='ocrx_word' id='word_1_661' title='bbox 3078 2590 3144 2645; x_wconf 87' lang='lat' dir='ltr'><strong>de</strong></span> <span class='ocrx_word' id='word_1_662' title='bbox 3175 2587 3331 2643; x_wconf 88' lang='lat' dir='ltr'><strong>melle</strong></span> <span class='ocrx_word' id='word_1_663' title='bbox 3357 2587 3616 2655; x_wconf 90' lang='lat' dir='ltr'><strong>scriptum</strong></span> <span class='ocrx_word' id='word_1_664' title='bbox 3641 2601 3658 2640; x_wconf 89' lang='lat'><strong>:</strong></span> 
     </span>
    </p>
   </div>
   <div class='ocr_carea' id='block_1_91' title="bbox 2091 2676 3660 2754">
    <p class='ocr_par' dir='ltr' id='par_1_91' title="bbox 2091 2676 3660 2754">
     <span class='ocr_line' id='line_1_92' title="bbox 2091 2676 3660 2754; baseline -0.013 -4"><span class='ocrx_word' id='word_1_665' title='bbox 2091 2694 2198 2749; x_wconf 76' lang='lat' dir='ltr'><strong>llel</strong></span> <span class='ocrx_word' id='word_1_666' title='bbox 2234 2690 2497 2747; x_wconf 85' lang='lat' dir='ltr'><strong>inveniens</strong></span> <span class='ocrx_word' id='word_1_667' title='bbox 2535 2685 2744 2742; x_wconf 83' lang='lat' dir='ltr'><strong>comede</strong></span> <span class='ocrx_word' id='word_1_668' title='bbox 2790 2684 2927 2754; x_wconf 89' lang='lat' dir='ltr'><strong>quod</strong></span> <span class='ocrx_word' id='word_1_669' title='bbox 2955 2680 3175 2752; x_wconf 66' lang='lat' dir='ltr'><strong>stt/ﬁcit,</strong></span> <span class='ocrx_word' id='word_1_670' title='bbox 3222 2695 3284 2732; x_wconf 90' lang='lat' dir='ltr'><strong>ne</strong></span> <span class='ocrx_word' id='word_1_671' title='bbox 3313 2678 3451 2747; x_wconf 81' lang='lat' dir='ltr'><strong>forte</strong></span> <span class='ocrx_word' id='word_1_672' title='bbox 3476 2676 3660 2746; x_wconf 85' lang='lat' dir='ltr'><strong>plenus</strong></span> 
     </span>
    </p>
   </div>
   <div class='ocr_carea' id='block_1_92' title="bbox 2089 2767 3662 2844">
    <p class='ocr_par' dir='ltr' id='par_1_92' title="bbox 2089 2767 3662 2844">
     <span class='ocr_line' id='line_1_93' title="bbox 2089 2767 3662 2844; baseline -0.013 -4"><span class='ocrx_word' id='word_1_673' title='bbox 2089 2801 2294 2841; x_wconf 85' lang='lat' dir='ltr'><strong>evomas</strong></span> <span class='ocrx_word' id='word_1_674' title='bbox 2324 2783 2392 2837; x_wconf 79' lang='grc' dir='ltr'><strong>⁵ο.</strong></span> <span class='ocrx_word' id='word_1_675' title='bbox 2450 2778 2591 2835; x_wconf 88' lang='lat' dir='ltr'><strong>Num</strong></span> <span class='ocrx_word' id='word_1_676' title='bbox 2618 2776 2829 2833; x_wconf 80' lang='lat' dir='ltr'><strong>curavit</strong></span> <span class='ocrx_word' id='word_1_677' title='bbox 2862 2773 3097 2844; x_wconf 85' lang='lat' dir='ltr'><strong>Spiritus</strong></span> <span class='ocrx_word' id='word_1_678' title='bbox 3147 2777 3373 2824; x_wconf 76' lang='lat' dir='ltr'><strong>sanctus</strong></span> <span class='ocrx_word' id='word_1_679' title='bbox 3404 2768 3471 2822; x_wconf 91' lang='lat' dir='ltr'><strong>de</strong></span> <span class='ocrx_word' id='word_1_680' title='bbox 3502 2767 3662 2822; x_wconf 84' lang='lat' dir='ltr'><strong>melle</strong></span> 
     </span>
    </p>
   </div>
   <div class='ocr_carea' id='block_1_93' title="bbox 2091 2854 3660 2944">
    <p class='ocr_par' dir='ltr' id='par_1_93' title="bbox 2091 2854 3660 2944">
     <span class='ocr_line' id='line_1_94' title="bbox 2091 2854 3660 2944; baseline -0.014 -14"><span class='ocrx_word' id='word_1_681' title='bbox 2091 2876 2197 2932; x_wconf 89' lang='lat' dir='ltr'><strong>isto</strong></span> <span class='ocrx_word' id='word_1_682' title='bbox 2216 2872 2360 2944; x_wconf 89' lang='lat' dir='ltr'><strong>quod</strong></span> <span class='ocrx_word' id='word_1_683' title='bbox 2387 2879 2576 2925; x_wconf 89' lang='lat' dir='ltr'><strong>notum</strong></span> <span class='ocrx_word' id='word_1_684' title='bbox 2601 2877 2704 2930; x_wconf 86' lang='lat' dir='ltr'><strong>est,</strong></span> <span class='ocrx_word' id='word_1_685' title='bbox 2725 2880 2794 2921; x_wconf 92' lang='lat' dir='ltr'><strong>ne</strong></span> <span class='ocrx_word' id='word_1_686' title='bbox 2826 2866 2967 2917; x_wconf 81' lang='lat' dir='ltr'><strong>forte</strong></span> <span class='ocrx_word' id='word_1_687' title='bbox 2989 2861 3109 2932; x_wconf 89' lang='lat' dir='ltr'><strong>plus</strong></span> <span class='ocrx_word' id='word_1_688' title='bbox 3137 2856 3528 2915; x_wconf 82' lang='lat' dir='ltr'><strong>comedamus?</strong></span> <span class='ocrx_word' id='word_1_689' title='bbox 3555 2854 3660 2911; x_wconf 86' lang='lat' dir='ltr'><strong>Sed</strong></span> 
     </span>
    </p>
   </div>
   <div class='ocr_carea' id='block_1_94' title="bbox 2092 2947 3656 3031">
    <p class='ocr_par' dir='ltr' id='par_1_94' title="bbox 2092 2947 3656 3031">
     <span class='ocr_line' id='line_1_95' title="bbox 2092 2947 3656 3031; baseline -0.015 -7"><span class='ocrx_word' id='word_1_690' title='bbox 2092 2967 2335 3024; x_wconf 89' lang='lat' dir='ltr'><strong>sentiens</strong></span> <span class='ocrx_word' id='word_1_691' title='bbox 2366 2963 2555 3031; x_wconf 85' lang='lat' dir='ltr'><strong>utique</strong></span> <span class='ocrx_word' id='word_1_692' title='bbox 2581 2957 2818 3028; x_wconf 88' lang='lat' dir='ltr'><strong>Spiritus</strong></span> <span class='ocrx_word' id='word_1_693' title='bbox 2852 2964 3075 3009; x_wconf 87' lang='lat' dir='ltr'><strong>sanctus</strong></span> <span class='ocrx_word' id='word_1_694' title='bbox 3119 2951 3223 3006; x_wconf 90' lang='lat' dir='ltr'><strong>mel</strong></span> <span class='ocrx_word' id='word_1_695' title='bbox 3259 2949 3504 3020; x_wconf 90' lang='lat' dir='ltr'><strong>spiritale</strong></span> <span class='ocrx_word' id='word_1_696' title='bbox 3535 2947 3612 3002; x_wconf 90' lang='lat' dir='ltr'><strong>ait</strong></span> <span class='ocrx_word' id='word_1_697' title='bbox 3644 2965 3656 3002; x_wconf 90' lang='lat'><strong>:</strong></span> 
     </span>
    </p>
   </div>
   <div class='ocr_carea' id='block_1_95' title="bbox 2099 3041 3662 3116">
    <p class='ocr_par' dir='ltr' id='par_1_95' title="bbox 2099 3041 3662 3116">
     <span class='ocr_line' id='line_1_96' title="bbox 2099 3041 3662 3116; baseline -0.014 -3"><span class='ocrx_word' id='word_1_698' title='bbox 2099 3057 2204 3113; x_wconf 81' lang='lat' dir='ltr'><strong>Mel</strong></span> <span class='ocrx_word' id='word_1_699' title='bbox 2234 3057 2497 3111; x_wconf 69' lang='lat' dir='ltr'><strong>inveniens</strong></span> <span class='ocrx_word' id='word_1_700' title='bbox 2528 3048 2735 3107; x_wconf 88' lang='lat' dir='ltr'><strong>comede</strong></span> <span class='ocrx_word' id='word_1_701' title='bbox 2760 3045 2898 3116; x_wconf 86' lang='lat' dir='ltr'><strong>quod</strong></span> <span class='ocrx_word' id='word_1_702' title='bbox 2920 3043 3127 3112; x_wconf 76' lang='lat' dir='ltr'><strong>sufﬁcit.</strong></span> <span class='ocrx_word' id='word_1_703' title='bbox 3169 3041 3308 3108; x_wconf 86' lang='lat' dir='ltr'><strong>Quid</strong></span> <span class='ocrx_word' id='word_1_704' title='bbox 3331 3049 3508 3094; x_wconf 88' lang='lat' dir='ltr'><strong>autem</strong></span> <span class='ocrx_word' id='word_1_705' title='bbox 3537 3054 3662 3093; x_wconf 88' lang='lat' dir='ltr'><strong>seu-</strong></span> 
     </span>
    </p>
   </div>
   <div class='ocr_carea' id='block_1_96' title="bbox 2098 3128 3665 3220">
    <p class='ocr_par' dir='ltr' id='par_1_96' title="bbox 2098 3128 3665 3220">
     <span class='ocr_line' id='line_1_97' title="bbox 2098 3128 3665 3220; baseline -0.017 -13"><span class='ocrx_word' id='word_1_706' title='bbox 2098 3153 2237 3208; x_wconf 87' lang='lat' dir='ltr'><strong>ticns</strong></span> <span class='ocrx_word' id='word_1_707' title='bbox 2272 3148 2509 3220; x_wconf 87' lang='lat' dir='ltr'><strong>Spiritus</strong></span> <span class='ocrx_word' id='word_1_708' title='bbox 2538 3150 2758 3200; x_wconf 87' lang='lat' dir='ltr'><strong>sanctus</strong></span> <span class='ocrx_word' id='word_1_709' title='bbox 2793 3135 3043 3208; x_wconf 65' lang='lat' dir='ltr'><strong>prmeepit</strong></span> <span class='ocrx_word' id='word_1_710' title='bbox 3073 3133 3252 3194; x_wconf 77' lang='lat' dir='ltr'><strong>nobis.</strong></span> <span class='ocrx_word' id='word_1_711' title='bbox 3288 3140 3348 3186; x_wconf 89' lang='lat' dir='ltr'><strong>ut</strong></span> <span class='ocrx_word' id='word_1_712' title='bbox 3370 3131 3415 3186; x_wconf 89' lang='lat' dir='ltr'><strong>si</strong></span> <span class='ocrx_word' id='word_1_713' title='bbox 3452 3128 3665 3184; x_wconf 85' lang='lat' dir='ltr'><strong>inveni—</strong></span> 
     </span>
    </p>
   </div>
   <div class='ocr_carea' id='block_1_97' title="bbox 2095 3223 3665 3307">
    <p class='ocr_par' dir='ltr' id='par_1_97' title="bbox 2095 3223 3665 3307">
     <span class='ocr_line' id='line_1_98' title="bbox 2095 3223 3665 3307; baseline -0.018 -6"><span class='ocrx_word' id='word_1_714' title='bbox 2095 3260 2281 3301; x_wconf 84' lang='lat' dir='ltr'><strong>remus</strong></span> <span class='ocrx_word' id='word_1_715' title='bbox 2309 3242 2447 3307; x_wconf 88' lang='lat' dir='ltr'><strong>mel,</strong></span> <span class='ocrx_word' id='word_1_716' title='bbox 2484 3232 2775 3291; x_wconf 85' lang='lat' dir='ltr'><strong>invenihile</strong></span> <span class='ocrx_word' id='word_1_717' title='bbox 2802 3239 2885 3286; x_wconf 88' lang='lat' dir='ltr'><strong>est</strong></span> <span class='ocrx_word' id='word_1_718' title='bbox 2911 3231 2954 3286; x_wconf 88' lang='lat' dir='ltr'><strong>si</strong></span> <span class='ocrx_word' id='word_1_719' title='bbox 2985 3228 3204 3300; x_wconf 77' lang='lat' dir='ltr'><strong>quidem</strong></span> <span class='ocrx_word' id='word_1_720' title='bbox 3237 3224 3340 3280; x_wconf 87' lang='lat' dir='ltr'><strong>mel</strong></span> <span class='ocrx_word' id='word_1_721' title='bbox 3361 3267 3376 3291; x_wconf 96' lang='lat'><strong>,</strong></span> <span class='ocrx_word' id='word_1_722' title='bbox 3411 3223 3665 3279; x_wconf 77' lang='lat' dir='ltr'><strong>comeda-</strong></span> 
     </span>
    </p>
   </div>
   <div class='ocr_carea' id='block_1_98' title="bbox 2095 3315 3666 3406">
    <p class='ocr_par' dir='ltr' id='par_1_98' title="bbox 2095 3315 3666 3406">
     <span class='ocr_line' id='line_1_99' title="bbox 2095 3315 3666 3406; baseline -0.019 -13"><span class='ocrx_word' id='word_1_723' title='bbox 2095 3354 2220 3393; x_wconf 89' lang='lat' dir='ltr'><strong>mus</strong></span> <span class='ocrx_word' id='word_1_724' title='bbox 2244 3333 2388 3406; x_wconf 87' lang='lat' dir='ltr'><strong>quod</strong></span> <span class='ocrx_word' id='word_1_725' title='bbox 2422 3326 2659 3386; x_wconf 82' lang='lat' dir='ltr'><strong>sullicit?</strong></span> <span class='ocrx_word' id='word_1_726' title='bbox 2692 3321 2855 3384; x_wconf 84' lang='lat' dir='ltr'><strong>Vade,</strong></span> <span class='ocrx_word' id='word_1_727' title='bbox 2883 3320 2980 3385; x_wconf 90' lang='lat' dir='ltr'><strong>ait,</strong></span> <span class='ocrx_word' id='word_1_728' title='bbox 3010 3320 3080 3373; x_wconf 87' lang='lat' dir='ltr'><strong>ad</strong></span> <span class='ocrx_word' id='word_1_729' title='bbox 3109 3332 3280 3389; x_wconf 85' lang='lat' dir='ltr'><strong>apem,</strong></span> <span class='ocrx_word' id='word_1_730' title='bbox 3303 3324 3350 3369; x_wconf 90' lang='lat' dir='ltr'><strong>et</strong></span> <span class='ocrx_word' id='word_1_731' title='bbox 3373 3315 3514 3368; x_wconf 88' lang='lat' dir='ltr'><strong>disce</strong></span> <span class='ocrx_word' id='word_1_732' title='bbox 3536 3327 3666 3383; x_wconf 88' lang='lat' dir='ltr'><strong>quo-</strong></span> 
     </span>
    </p>
   </div>
   <div class='ocr_carea' id='block_1_99' title="bbox 2094 3406 3664 3495">
    <p class='ocr_par' dir='ltr' id='par_1_99' title="bbox 2094 3406 3664 3495">
     <span class='ocr_line' id='line_1_100' title="bbox 2094 3406 3664 3495; baseline -0.017 -11"><span class='ocrx_word' id='word_1_733' title='bbox 2094 3428 2248 3484; x_wconf 89' lang='lat' dir='ltr'><strong>modo</strong></span> <span class='ocrx_word' id='word_1_734' title='bbox 2297 3424 2565 3495; x_wconf 70' lang='lat' dir='ltr'><strong>operatrix</strong></span> <span class='ocrx_word' id='word_1_735' title='bbox 2596 3433 2698 3477; x_wconf 84' lang='lat' dir='ltr'><strong>est.</strong></span> <span class='ocrx_word' id='word_1_736' title='bbox 2756 3417 2825 3472; x_wconf 89' lang='lat' dir='ltr'><strong>Et</strong></span> <span class='ocrx_word' id='word_1_737' title='bbox 2847 3411 3197 3469; x_wconf 86' lang='lat' dir='ltr'><strong>inveniuntur</strong></span> <span class='ocrx_word' id='word_1_738' title='bbox 3229 3406 3507 3478; x_wconf 64' lang='lat' dir='ltr'><strong>prophetae</strong></span> <span class='ocrx_word' id='word_1_739' title='bbox 3537 3418 3664 3473; x_wconf 89' lang='lat' dir='ltr'><strong>apes</strong></span> 
     </span>
    </p>
   </div>
   <div class='ocr_carea' id='block_1_100' title="bbox 2095 3494 3663 3585">
    <p class='ocr_par' dir='ltr' id='par_1_100' title="bbox 2095 3494 3663 3585">
     <span class='ocr_line' id='line_1_101' title="bbox 2095 3494 3663 3585; baseline -0.021 -9"><span class='ocrx_word' id='word_1_740' title='bbox 2095 3533 2237 3579; x_wconf 87' lang='lat' dir='ltr'><strong>esse.</strong></span> <span class='ocrx_word' id='word_1_741' title='bbox 2279 3494 2517 3585; x_wconf 80' lang='lat' dir='ltr'><strong>Fingunt</strong></span> <span class='ocrx_word' id='word_1_742' title='bbox 2553 3509 2821 3580; x_wconf 88' lang='lat' dir='ltr'><strong>siquidem</strong></span> <span class='ocrx_word' id='word_1_743' title='bbox 2855 3518 3042 3564; x_wconf 86' lang='lat' dir='ltr'><strong>ceras,</strong></span> <span class='ocrx_word' id='word_1_744' title='bbox 3077 3507 3131 3554; x_wconf 88' lang='lat' dir='ltr'><strong>et</strong></span> <span class='ocrx_word' id='word_1_745' title='bbox 3164 3497 3321 3552; x_wconf 80' lang='lat' dir='ltr'><strong>mella</strong></span> <span class='ocrx_word' id='word_1_746' title='bbox 3349 3494 3663 3557; x_wconf 78' lang='lat' dir='ltr'><strong>coniiciunt,</strong></span> 
     </span>
    </p>
   </div>
   <div class='ocr_carea' id='block_1_101' title="bbox 2095 3578 3667 3666">
    <p class='ocr_par' dir='ltr' id='par_1_101' title="bbox 2095 3578 3667 3666">
     <span class='ocr_line' id='line_1_102' title="bbox 2095 3578 3667 3666; baseline -0.022 -3"><span class='ocrx_word' id='word_1_747' title='bbox 2095 3578 2150 3663; x_wconf 83' lang='lat' dir='ltr'><strong>et</strong></span> <span class='ocrx_word' id='word_1_748' title='bbox 2184 3607 2231 3662; x_wconf 90' lang='lat' dir='ltr'><strong>si</strong></span> <span class='ocrx_word' id='word_1_749' title='bbox 2261 3578 2505 3660; x_wconf 59' lang='lat' dir='ltr'><strong>audienti</strong></span> <span class='ocrx_word' id='word_1_750' title='bbox 2543 3578 2675 3655; x_wconf 73' lang='lat' dir='ltr'><strong>mihi</strong></span> <span class='ocrx_word' id='word_1_751' title='bbox 2707 3592 2922 3666; x_wconf 78' lang='lat' dir='ltr'><strong>expedit</strong></span> <span class='ocrx_word' id='word_1_752' title='bbox 2945 3592 3145 3649; x_wconf 84' lang='lat' dir='ltr'><strong>dicere,</strong></span> <span class='ocrx_word' id='word_1_753' title='bbox 3178 3585 3285 3641; x_wconf 80' lang='lat' dir='ltr'><strong>favi</strong></span> <span class='ocrx_word' id='word_1_754' title='bbox 3318 3596 3508 3638; x_wconf 82' lang='lat' dir='ltr'><strong>eorum</strong></span> <span class='ocrx_word' id='word_1_755' title='bbox 3531 3578 3667 3634; x_wconf 87' lang='lat' dir='ltr'><strong>scri-</strong></span> 
     </span>
    </p>
   </div>
   <div class='ocr_carea' id='block_1_102' title="bbox 2095 3669 3666 3769">
    <p class='ocr_par' dir='ltr' id='par_1_102' title="bbox 2095 3669 3666 3769">
     <span class='ocr_line' id='line_1_103' title="bbox 2095 3669 3666 3769; baseline -0.022 -15"><span class='ocrx_word' id='word_1_756' title='bbox 2095 3710 2269 3769; x_wconf 59' lang='lat' dir='ltr'><strong>ptura;</strong></span> <span class='ocrx_word' id='word_1_757' title='bbox 2312 3703 2440 3751; x_wconf 88' lang='lat' dir='ltr'><strong>sunt</strong></span> <span class='ocrx_word' id='word_1_758' title='bbox 2487 3707 2626 3763; x_wconf 87' lang='lat' dir='ltr'><strong>quas</strong></span> <span class='ocrx_word' id='word_1_759' title='bbox 2669 3689 3026 3758; x_wconf 86' lang='lat' dir='ltr'><strong>reliquerunt.</strong></span> <span class='ocrx_word' id='word_1_760' title='bbox 3095 3678 3160 3733; x_wconf 85' lang='lat' dir='ltr'><strong>Et</strong></span> <span class='ocrx_word' id='word_1_761' title='bbox 3210 3675 3396 3729; x_wconf 89' lang='lat' dir='ltr'><strong>volens</strong></span> <span class='ocrx_word' id='word_1_762' title='bbox 3443 3669 3563 3723; x_wconf 82' lang='lat' dir='ltr'><strong>veui</strong></span> <span class='ocrx_word' id='word_1_763' title='bbox 3599 3669 3666 3721; x_wconf 91' lang='lat' dir='ltr'><strong>ad</strong></span> 
     </span>
    </p>
   </div>
   <div class='ocr_carea' id='block_1_103' title="bbox 2100 3758 3665 3861">
    <p class='ocr_par' dir='ltr' id='par_1_103' title="bbox 2100 3758 3665 3861">
     <span class='ocr_line' id='line_1_104' title="bbox 2100 3758 3665 3861; baseline -0.024 -13"><span class='ocrx_word' id='word_1_764' title='bbox 2100 3758 2450 3861; x_wconf 69' lang='lat' dir='ltr'><strong>Scripturas,</strong></span> <span class='ocrx_word' id='word_1_765' title='bbox 2598 3779 2778 3837; x_wconf 88' lang='lat' dir='ltr'><strong>iuveni</strong></span> <span class='ocrx_word' id='word_1_766' title='bbox 2808 3778 2936 3833; x_wconf 86' lang='lat' dir='ltr'><strong>mel.</strong></span> <span class='ocrx_word' id='word_1_767' title='bbox 2975 3772 3080 3828; x_wconf 86' lang='lat' dir='ltr'><strong>Sed</strong></span> <span class='ocrx_word' id='word_1_768' title='bbox 3114 3766 3322 3823; x_wconf 86' lang='lat' dir='ltr'><strong>comede</strong></span> <span class='ocrx_word' id='word_1_769' title='bbox 3356 3761 3475 3816; x_wconf 87' lang='lat' dir='ltr'><strong>mel.</strong></span> <span class='ocrx_word' id='word_1_770' title='bbox 3516 3758 3581 3813; x_wconf 89' lang='lat' dir='ltr'><strong>Et</strong></span> <span class='ocrx_word' id='word_1_771' title='bbox 3612 3758 3665 3813; x_wconf 91' lang='lat' dir='ltr'><strong>iu</strong></span> 
     </span>
    </p>
   </div>
   <div class='ocr_carea' id='block_1_104' title="bbox 2098 3853 3668 3938">
    <p class='ocr_par' dir='ltr' id='par_1_104' title="bbox 2098 3853 3668 3938">
     <span class='ocr_line' id='line_1_105' title="bbox 2098 3853 3668 3938; baseline -0.024 0"><span class='ocrx_word' id='word_1_772' title='bbox 2098 3880 2408 3938; x_wconf 75' lang='lat' dir='ltr'><strong>Proverbiis</strong></span> <span class='ocrx_word' id='word_1_773' title='bbox 2437 3890 2631 3933; x_wconf 90' lang='lat' dir='ltr'><strong>rursus</strong></span> <span class='ocrx_word' id='word_1_774' title='bbox 2653 3873 2852 3928; x_wconf 90' lang='lat' dir='ltr'><strong>dicitur</strong></span> <span class='ocrx_word' id='word_1_775' title='bbox 2879 3888 2892 3923; x_wconf 91' lang='lat'><strong>:</strong></span> <span class='ocrx_word' id='word_1_776' title='bbox 2922 3867 3102 3921; x_wconf 89' lang='lat' dir='ltr'><strong>Bonus</strong></span> <span class='ocrx_word' id='word_1_777' title='bbox 3132 3870 3206 3913; x_wconf 87' lang='lat' dir='ltr'><strong>est</strong></span> <span class='ocrx_word' id='word_1_778' title='bbox 3239 3856 3375 3911; x_wconf 87' lang='lat' dir='ltr'><strong>enim</strong></span> <span class='ocrx_word' id='word_1_779' title='bbox 3405 3853 3578 3923; x_wconf 76' lang='lat' dir='ltr'><strong>favus,</strong></span> <span class='ocrx_word' id='word_1_780' title='bbox 3610 3862 3668 3903; x_wconf 86' lang='lat' dir='ltr'><strong>ut</strong></span> 
     </span>
    </p>
   </div>
   <div class='ocr_carea' id='block_1_105' title="bbox 2099 3942 3668 4037">
    <p class='ocr_par' dir='ltr' id='par_1_105' title="bbox 2099 3942 3668 4037">
     <span class='ocr_line' id='line_1_106' title="bbox 2099 3942 3668 4037; baseline -0.022 -8"><span class='ocrx_word' id='word_1_781' title='bbox 2099 3974 2436 4030; x_wconf 85' lang='lat' dir='ltr'><strong>indulceutur</strong></span> <span class='ocrx_word' id='word_1_782' title='bbox 2469 3969 2646 4037; x_wconf 76' lang='lat' dir='ltr'><strong>fauces</strong></span> <span class='ocrx_word' id='word_1_783' title='bbox 2674 3973 2780 4017; x_wconf 78' lang='lat' dir='ltr'><strong>tua:</strong></span> <span class='ocrx_word' id='word_1_784' title='bbox 2802 3962 2870 4013; x_wconf 81' lang='grc'><strong>⁸¹.</strong></span> <span class='ocrx_word' id='word_1_785' title='bbox 2921 3956 3158 4009; x_wconf 81' lang='lat' dir='ltr'><strong>Putasne</strong></span> <span class='ocrx_word' id='word_1_786' title='bbox 3199 3948 3301 4002; x_wconf 84' lang='lat' dir='ltr'><strong>hoc</strong></span> <span class='ocrx_word' id='word_1_787' title='bbox 3331 3945 3465 4001; x_wconf 86' lang='lat' dir='ltr'><strong>dicit</strong></span> <span class='ocrx_word' id='word_1_788' title='bbox 3493 3942 3668 4014; x_wconf 88' lang='lat' dir='ltr'><strong>Spiri-</strong></span> 
     </span>
    </p>
   </div>
   <div class='ocr_carea' id='block_1_106' title="bbox 2101 4035 3668 4120">
    <p class='ocr_par' dir='ltr' id='par_1_106' title="bbox 2101 4035 3668 4120">
     <span class='ocr_line' id='line_1_107' title="bbox 2101 4035 3668 4120; baseline -0.021 -3"><span class='ocrx_word' id='word_1_789' title='bbox 2101 4075 2190 4118; x_wconf 87' lang='lat' dir='ltr'><strong>tus</strong></span> <span class='ocrx_word' id='word_1_790' title='bbox 2225 4035 2480 4120; x_wconf 76' lang='lat' dir='ltr'><strong>sanctus,</strong></span> <span class='ocrx_word' id='word_1_791' title='bbox 2532 4052 2757 4108; x_wconf 89' lang='lat' dir='ltr'><strong>comede</strong></span> <span class='ocrx_word' id='word_1_792' title='bbox 2790 4048 2893 4103; x_wconf 84' lang='lat' dir='ltr'><strong>mel</strong></span> <span class='ocrx_word' id='word_1_793' title='bbox 2926 4042 3069 4114; x_wconf 90' lang='lat' dir='ltr'><strong>quod</strong></span> <span class='ocrx_word' id='word_1_794' title='bbox 3105 4041 3159 4092; x_wconf 89' lang='lat' dir='ltr'><strong>iu</strong></span> <span class='ocrx_word' id='word_1_795' title='bbox 3185 4053 3285 4092; x_wconf 90' lang='lat' dir='ltr'><strong>usu</strong></span> <span class='ocrx_word' id='word_1_796' title='bbox 3320 4045 3434 4102; x_wconf 90' lang='lat' dir='ltr'><strong>est,</strong></span> <span class='ocrx_word' id='word_1_797' title='bbox 3464 4035 3668 4110; x_wconf 82' lang='lat' dir='ltr'><strong>bonum</strong></span> 
     </span>
    </p>
   </div>
   <div class='ocr_carea' id='block_1_107' title="bbox 2102 4125 3673 4215">
    <p class='ocr_par' dir='ltr' id='par_1_107' title="bbox 2102 4125 3673 4215">
     <span class='ocr_line' id='line_1_108' title="bbox 2102 4125 3673 4215; baseline -0.023 -6"><span class='ocrx_word' id='word_1_798' title='bbox 2102 4155 2249 4211; x_wconf 86' lang='lat' dir='ltr'><strong>enim</strong></span> <span class='ocrx_word' id='word_1_799' title='bbox 2287 4150 2406 4205; x_wconf 87' lang='lat' dir='ltr'><strong>est?</strong></span> <span class='ocrx_word' id='word_1_800' title='bbox 2446 4146 2557 4215; x_wconf 82' lang='lat' dir='ltr'><strong>Ego</strong></span> <span class='ocrx_word' id='word_1_801' title='bbox 2582 4159 2689 4197; x_wconf 88' lang='lat' dir='ltr'><strong>non</strong></span> <span class='ocrx_word' id='word_1_802' title='bbox 2713 4140 2885 4196; x_wconf 89' lang='lat' dir='ltr'><strong>audeo</strong></span> <span class='ocrx_word' id='word_1_803' title='bbox 2915 4136 3095 4188; x_wconf 86' lang='lat' dir='ltr'><strong>dicere</strong></span> <span class='ocrx_word' id='word_1_804' title='bbox 3119 4130 3248 4200; x_wconf 83' lang='lat' dir='ltr'><strong>quia</strong></span> <span class='ocrx_word' id='word_1_805' title='bbox 3273 4127 3339 4181; x_wconf 89' lang='lat' dir='ltr'><strong>de</strong></span> <span class='ocrx_word' id='word_1_806' title='bbox 3364 4125 3521 4178; x_wconf 89' lang='lat' dir='ltr'><strong>melle</strong></span> <span class='ocrx_word' id='word_1_807' title='bbox 3548 4138 3673 4177; x_wconf 83' lang='lat' dir='ltr'><strong>cor-</strong></span> 
     </span>
    </p>
   </div>
   <div class='ocr_carea' id='block_1_108' title="bbox 2102 4213 3669 4319">
    <p class='ocr_par' dir='ltr' id='par_1_108' title="bbox 2102 4213 3669 4319">
     <span class='ocr_line' id='line_1_109' title="bbox 2102 4213 3669 4319; baseline -0.024 -16"><span class='ocrx_word' id='word_1_808' title='bbox 2102 4261 2272 4319; x_wconf 86' lang='lat' dir='ltr'><strong>porco</strong></span> <span class='ocrx_word' id='word_1_809' title='bbox 2306 4239 2436 4296; x_wconf 91' lang='lat' dir='ltr'><strong>mihi</strong></span> <span class='ocrx_word' id='word_1_810' title='bbox 2462 4213 2741 4306; x_wconf 60' lang='lat' dir='ltr'><strong>praecipiat</strong></span> <span class='ocrx_word' id='word_1_811' title='bbox 2774 4227 3010 4298; x_wconf 87' lang='lat' dir='ltr'><strong>Spiritus</strong></span> <span class='ocrx_word' id='word_1_812' title='bbox 3036 4230 3282 4285; x_wconf 87' lang='lat' dir='ltr'><strong>sanctus,</strong></span> <span class='ocrx_word' id='word_1_813' title='bbox 3316 4215 3524 4272; x_wconf 88' lang='lat' dir='ltr'><strong>comede</strong></span> <span class='ocrx_word' id='word_1_814' title='bbox 3551 4213 3669 4267; x_wconf 92' lang='lat' dir='ltr'><strong>mel.</strong></span> 
     </span>
    </p>
   </div>
   <div class='ocr_carea' id='block_1_109' title="bbox 2104 4304 3670 4392">
    <p class='ocr_par' dir='ltr' id='par_1_109' title="bbox 2104 4304 3670 4392">
     <span class='ocr_line' id='line_1_110' title="bbox 2104 4304 3670 4392; baseline -0.024 1"><span class='ocrx_word' id='word_1_815' title='bbox 2104 4304 2243 4392; x_wconf 63' lang='lat' dir='ltr'><strong>licet:</strong></span> <span class='ocrx_word' id='word_1_816' title='bbox 2265 4347 2370 4387; x_wconf 91' lang='lat' dir='ltr'><strong>non</strong></span> <span class='ocrx_word' id='word_1_817' title='bbox 2404 4304 2576 4382; x_wconf 42' lang='lat' dir='ltr'><strong>lia—beo</strong></span> <span class='ocrx_word' id='word_1_818' title='bbox 2600 4364 2615 4388; x_wconf 92' lang='lat'><strong>,</strong></span> <span class='ocrx_word' id='word_1_819' title='bbox 2646 4328 2739 4375; x_wconf 88' lang='lat' dir='ltr'><strong>aut</strong></span> <span class='ocrx_word' id='word_1_820' title='bbox 2778 4328 2923 4372; x_wconf 66' lang='lat' dir='ltr'><strong>cene</strong></span> <span class='ocrx_word' id='word_1_821' title='bbox 2951 4324 3157 4367; x_wconf 67' lang='lat' dir='ltr'><strong>natura:</strong></span> <span class='ocrx_word' id='word_1_822' title='bbox 3186 4304 3493 4378; x_wconf 87' lang='lat' dir='ltr'><strong>bujusmodi</strong></span> <span class='ocrx_word' id='word_1_823' title='bbox 3526 4318 3670 4363; x_wconf 87' lang='lat' dir='ltr'><strong>sum,</strong></span> 
     </span>
    </p>
   </div>
   <div class='ocr_carea' id='block_1_110' title="bbox 3308 4394 3674 4468">
    <p class='ocr_par' dir='ltr' id='par_1_110' title="bbox 3308 4394 3674 4468">
     <span class='ocr_line' id='line_1_111' title="bbox 3308 4394 3674 4468; baseline -0.016 -18"><span class='ocrx_word' id='word_1_824' title='bbox 3308 4411 3415 4468; x_wconf 87' lang='lat' dir='ltr'><strong>qua</strong></span> <span class='ocrx_word' id='word_1_825' title='bbox 3467 4394 3674 4448; x_wconf 81' lang='lat' dir='ltr'><strong>ratione</strong></span> 
     </span>
    </p>
   </div>
   <div class='ocr_carea' id='block_1_111' title="bbox 2106 4491 3672 4573">
    <p class='ocr_par' dir='ltr' id='par_1_111' title="bbox 2106 4491 3672 4573">
     <span class='ocr_line' id='line_1_112' title="bbox 2106 4491 3672 4573; baseline -0.024 0"><span class='ocrx_word' id='word_1_826' title='bbox 2106 4516 2239 4573; x_wconf 91' lang='lat' dir='ltr'><strong>mihi</strong></span> <span class='ocrx_word' id='word_1_827' title='bbox 2283 4512 2444 4573; x_wconf 89' lang='lat' dir='ltr'><strong>dicit,</strong></span> <span class='ocrx_word' id='word_1_828' title='bbox 2478 4506 2701 4563; x_wconf 87' lang='lat' dir='ltr'><strong>comede</strong></span> <span class='ocrx_word' id='word_1_829' title='bbox 2732 4500 2871 4565; x_wconf 91' lang='lat' dir='ltr'><strong>mel,</strong></span> <span class='ocrx_word' id='word_1_830' title='bbox 2900 4506 2952 4551; x_wconf 83' lang='lat' dir='ltr'><strong>et</strong></span> <span class='ocrx_word' id='word_1_831' title='bbox 2981 4495 3086 4549; x_wconf 87' lang='lat' dir='ltr'><strong>noli</strong></span> <span class='ocrx_word' id='word_1_832' title='bbox 3137 4491 3422 4546; x_wconf 87' lang='lat' dir='ltr'><strong>comedere</strong></span> <span class='ocrx_word' id='word_1_833' title='bbox 3455 4500 3672 4548; x_wconf 88' lang='lat' dir='ltr'><strong>carnes,</strong></span> 
     </span>
    </p>
   </div>
   <div class='ocr_carea' id='block_1_112' title="bbox 2107 4576 3673 4665">
    <p class='ocr_par' dir='ltr' id='par_1_112' title="bbox 2107 4576 3673 4665">
     <span class='ocr_line' id='line_1_113' title="bbox 2107 4576 3673 4665; baseline -0.02 -2"><span class='ocrx_word' id='word_1_834' title='bbox 2107 4607 2200 4665; x_wconf 91' lang='lat' dir='ltr'><strong>sed</strong></span> <span class='ocrx_word' id='word_1_835' title='bbox 2235 4601 2480 4664; x_wconf 88' lang='lat' dir='ltr'><strong>comede,</strong></span> <span class='ocrx_word' id='word_1_836' title='bbox 2535 4596 2630 4660; x_wconf 90' lang='lat' dir='ltr'><strong>lili,</strong></span> <span class='ocrx_word' id='word_1_837' title='bbox 2672 4591 2799 4654; x_wconf 87' lang='lat' dir='ltr'><strong>mel,</strong></span> <span class='ocrx_word' id='word_1_838' title='bbox 2842 4590 3044 4642; x_wconf 87' lang='lat' dir='ltr'><strong>bonum</strong></span> <span class='ocrx_word' id='word_1_839' title='bbox 3072 4592 3154 4638; x_wconf 90' lang='lat' dir='ltr'><strong>est</strong></span> <span class='ocrx_word' id='word_1_840' title='bbox 3178 4581 3343 4635; x_wconf 91' lang='lat' dir='ltr'><strong>enim.</strong></span> <span class='ocrx_word' id='word_1_841' title='bbox 3397 4576 3455 4631; x_wconf 90' lang='lat' dir='ltr'><strong>Si</strong></span> <span class='ocrx_word' id='word_1_842' title='bbox 3489 4577 3673 4631; x_wconf 81' lang='lat' dir='ltr'><strong>videas</strong></span> 
     </span>
    </p>
   </div>
   <div class='ocr_carea' id='block_1_113' title="bbox 2107 4669 3671 4771">
    <p class='ocr_par' dir='ltr' id='par_1_113' title="bbox 2107 4669 3671 4771">
     <span class='ocr_line' id='line_1_114' title="bbox 2107 4669 3671 4771; baseline -0.022 -13"><span class='ocrx_word' id='word_1_843' title='bbox 2107 4717 2236 4771; x_wconf 86' lang='lat' dir='ltr'><strong>apes</strong></span> <span class='ocrx_word' id='word_1_844' title='bbox 2281 4694 2606 4767; x_wconf 91' lang='lat' dir='ltr'><strong>prophetas,</strong></span> <span class='ocrx_word' id='word_1_845' title='bbox 2659 4695 2713 4741; x_wconf 88' lang='lat' dir='ltr'><strong>et</strong></span> <span class='ocrx_word' id='word_1_846' title='bbox 2756 4696 2893 4751; x_wconf 87' lang='lat' dir='ltr'><strong>opus</strong></span> <span class='ocrx_word' id='word_1_847' title='bbox 2932 4692 3121 4733; x_wconf 89' lang='lat' dir='ltr'><strong>eorum</strong></span> <span class='ocrx_word' id='word_1_848' title='bbox 3171 4673 3329 4729; x_wconf 89' lang='lat' dir='ltr'><strong>mella</strong></span> <span class='ocrx_word' id='word_1_849' title='bbox 3379 4671 3460 4725; x_wconf 84' lang='lat' dir='ltr'><strong>vel</strong></span> <span class='ocrx_word' id='word_1_850' title='bbox 3497 4669 3671 4736; x_wconf 85' lang='lat' dir='ltr'><strong>favos,</strong></span> 
     </span>
    </p>
   </div>
   <div class='ocr_carea' id='block_1_114' title="bbox 2109 4761 3675 4851">
    <p class='ocr_par' dir='ltr' id='par_1_114' title="bbox 2109 4761 3675 4851">
     <span class='ocr_line' id='line_1_115' title="bbox 2109 4761 3675 4851; baseline -0.022 -3"><span class='ocrx_word' id='word_1_851' title='bbox 2109 4761 2240 4848; x_wconf 78' lang='lat' dir='ltr'><strong>tunc</strong></span> <span class='ocrx_word' id='word_1_852' title='bbox 2271 4761 2479 4842; x_wconf 42' lang='lat' dir='ltr'><strong>vide—bis</strong></span> <span class='ocrx_word' id='word_1_853' title='bbox 2511 4775 2787 4851; x_wconf 80' lang='lat' dir='ltr'><strong>quomodo</strong></span> <span class='ocrx_word' id='word_1_854' title='bbox 2815 4786 2914 4842; x_wconf 89' lang='lat' dir='ltr'><strong>pro</strong></span> <span class='ocrx_word' id='word_1_855' title='bbox 2944 4767 3205 4837; x_wconf 83' lang='lat' dir='ltr'><strong>dignitate</strong></span> <span class='ocrx_word' id='word_1_856' title='bbox 3234 4763 3407 4820; x_wconf 91' lang='lat' dir='ltr'><strong>sancti</strong></span> <span class='ocrx_word' id='word_1_857' title='bbox 3437 4761 3675 4833; x_wconf 87' lang='lat' dir='ltr'><strong>Spiritus</strong></span> 
     </span>
    </p>
   </div>
   <div class='ocr_carea' id='block_1_115' title="bbox 2110 4851 3676 4948">
    <p class='ocr_par' dir='ltr' id='par_1_115' title="bbox 2110 4851 3676 4948">
     <span class='ocr_line' id='line_1_116' title="bbox 2110 4851 3676 4948; baseline -0.022 -11"><span class='ocrx_word' id='word_1_858' title='bbox 2110 4879 2402 4948; x_wconf 77' lang='lat' dir='ltr'><strong>intelligas,</strong></span> <span class='ocrx_word' id='word_1_859' title='bbox 2434 4869 2642 4927; x_wconf 86' lang='lat' dir='ltr'><strong>comede</strong></span> <span class='ocrx_word' id='word_1_860' title='bbox 2668 4864 2790 4929; x_wconf 90' lang='lat' dir='ltr'><strong>mel,</strong></span> <span class='ocrx_word' id='word_1_861' title='bbox 2816 4862 2917 4930; x_wconf 79' lang='lat' dir='ltr'><strong>ﬁli,</strong></span> <span class='ocrx_word' id='word_1_862' title='bbox 2946 4859 3137 4913; x_wconf 88' lang='lat' dir='ltr'><strong>bonum</strong></span> <span class='ocrx_word' id='word_1_863' title='bbox 3157 4864 3234 4910; x_wconf 83' lang='lat' dir='ltr'><strong>est</strong></span> <span class='ocrx_word' id='word_1_864' title='bbox 3262 4855 3419 4910; x_wconf 89' lang='lat' dir='ltr'><strong>enim.</strong></span> <span class='ocrx_word' id='word_1_865' title='bbox 3465 4851 3522 4907; x_wconf 92' lang='lat' dir='ltr'><strong>Si</strong></span> <span class='ocrx_word' id='word_1_866' title='bbox 3553 4852 3676 4922; x_wconf 91' lang='lat' dir='ltr'><strong>quis</strong></span> 
     </span>
    </p>
   </div>
   <div class='ocr_carea' id='block_1_116' title="bbox 2111 4943 3676 5032">
    <p class='ocr_par' dir='ltr' id='par_1_116' title="bbox 2111 4943 3676 5032">
     <span class='ocr_line' id='line_1_117' title="bbox 2111 4943 3676 5032; baseline -0.022 -3"><span class='ocrx_word' id='word_1_867' title='bbox 2111 4943 2404 5028; x_wconf 76' lang='lat' dir='ltr'><strong>meditatur</strong></span> <span class='ocrx_word' id='word_1_868' title='bbox 2446 4960 2662 5032; x_wconf 88' lang='lat' dir='ltr'><strong>eloquia</strong></span> <span class='ocrx_word' id='word_1_869' title='bbox 2706 4953 2922 5017; x_wconf 87' lang='lat' dir='ltr'><strong>divina,</strong></span> <span class='ocrx_word' id='word_1_870' title='bbox 2968 4957 3024 5004; x_wconf 89' lang='lat' dir='ltr'><strong>et</strong></span> <span class='ocrx_word' id='word_1_871' title='bbox 3062 4947 3302 5002; x_wconf 89' lang='lat' dir='ltr'><strong>nutritur</strong></span> <span class='ocrx_word' id='word_1_872' title='bbox 3329 4943 3676 5000; x_wconf 84' lang='lat' dir='ltr'><strong>sermonibus</strong></span> 
     </span>
    </p>
   </div>
   <div class='ocr_carea' id='block_1_117' title="bbox 2113 5033 3676 5132">
    <p class='ocr_par' dir='ltr' id='par_1_117' title="bbox 2113 5033 3676 5132">
     <span class='ocr_line' id='line_1_118' title="bbox 2113 5033 3676 5132; baseline -0.024 -12"><span class='ocrx_word' id='word_1_873' title='bbox 2113 5062 2544 5132; x_wconf 87' lang='lat' dir='ltr'><strong>Scripturarum,</strong></span> <span class='ocrx_word' id='word_1_874' title='bbox 2574 5046 2810 5119; x_wconf 84' lang='lat' dir='ltr'><strong>complet</strong></span> <span class='ocrx_word' id='word_1_875' title='bbox 2833 5041 3147 5098; x_wconf 90' lang='lat' dir='ltr'><strong>mandatum</strong></span> <span class='ocrx_word' id='word_1_876' title='bbox 3178 5039 3422 5094; x_wconf 87' lang='lat' dir='ltr'><strong>divinum</strong></span> <span class='ocrx_word' id='word_1_877' title='bbox 3454 5033 3676 5104; x_wconf 84' lang='lat' dir='ltr'><strong>jubens,</strong></span> 
     </span>
    </p>
   </div>
   <div class='ocr_carea' id='block_1_118' title="bbox 2258 5144 3675 5230">
    <p class='ocr_par' dir='ltr' id='par_1_118' title="bbox 2258 5144 3675 5230">
     <span class='ocr_line' id='line_1_119' title="bbox 2258 5144 3675 5230; baseline -0.024 1"><span class='ocrx_word' id='word_1_878' title='bbox 2258 5172 2303 5205; x_wconf 76' lang='lat'>&quot;</span> <span class='ocrx_word' id='word_1_879' title='bbox 2341 5170 2537 5228; x_wconf 86' lang='lat' dir='ltr'><strong>lPetr.</strong></span> <span class='ocrx_word' id='word_1_880' title='bbox 2576 5180 2636 5230; x_wconf 86' lang='grc' dir='ltr'><strong>ιι,</strong></span> <span class='ocrx_word' id='word_1_881' title='bbox 2673 5162 2730 5216; x_wconf 74' lang='lat'><strong>2.</strong></span> <span class='ocrx_word' id='word_1_882' title='bbox 2829 5158 2875 5191; x_wconf 81' lang='lat'><strong>&#39;°</strong></span> <span class='ocrx_word' id='word_1_883' title='bbox 2902 5156 3063 5211; x_wconf 86' lang='lat' dir='ltr'><strong>Prov.</strong></span> <span class='ocrx_word' id='word_1_884' title='bbox 3092 5168 3220 5221; x_wconf 62' lang='lat' dir='ltr'><strong>xxv,</strong></span> <span class='ocrx_word' id='word_1_885' title='bbox 3244 5150 3331 5206; x_wconf 79' lang='lat' dir='ltr'><strong>l6.</strong></span> <span class='ocrx_word' id='word_1_886' title='bbox 3432 5147 3477 5179; x_wconf 80' lang='grc'>⁸⁸</span> <span class='ocrx_word' id='word_1_887' title='bbox 3516 5144 3675 5225; x_wconf 77' lang='lat' dir='ltr'><strong>Prov-</strong></span> 
     </span>
    </p>
   </div>
   <div class='ocr_carea' id='block_1_119' title="bbox 2114 5302 3681 5388">
    <p class='ocr_par' dir='ltr' id='par_1_119' title="bbox 2114 5302 3681 5388">
     <span class='ocr_line' id='line_1_120' title="bbox 2114 5302 3681 5388; baseline -0.019 -1"><span class='ocrx_word' id='word_1_888' title='bbox 2114 5331 2343 5387; x_wconf 89' lang='lat' dir='ltr'><strong>cabitur.</strong></span> <span class='ocrx_word' id='word_1_889' title='bbox 2387 5326 2476 5384; x_wconf 88' lang='lat' dir='ltr'><strong>Uti</strong></span> <span class='ocrx_word' id='word_1_890' title='bbox 2499 5324 2729 5388; x_wconf 74' lang='lat' dir='ltr'><strong>Vulgata</strong></span> <span class='ocrx_word' id='word_1_891' title='bbox 2752 5318 2948 5388; x_wconf 14' lang='lat' dir='ltr'><strong>Latina,</strong></span> <span class='ocrx_word' id='word_1_892' title='bbox 2969 5314 3133 5388; x_wconf 79' lang='lat' dir='ltr'><strong>habet</strong></span> <span class='ocrx_word' id='word_1_893' title='bbox 3150 5311 3304 5388; x_wconf 69' lang='lat' dir='ltr'><strong>Isaiae</strong></span> <span class='ocrx_word' id='word_1_894' title='bbox 3329 5324 3426 5374; x_wconf 83' lang='lat' dir='ltr'><strong>vn,</strong></span> <span class='ocrx_word' id='word_1_895' title='bbox 3452 5307 3537 5386; x_wconf 72' lang='grc' dir='ltr'><strong>ῌ.</strong></span> <span class='ocrx_word' id='word_1_896' title='bbox 3562 5302 3681 5359; x_wconf 71' lang='lat' dir='ltr'><strong>Cae-</strong></span> 
     </span>
    </p>
   </div>
   <div class='ocr_carea' id='block_1_120' title="bbox 2115 5376 3681 5469">
    <p class='ocr_par' dir='ltr' id='par_1_120' title="bbox 2115 5376 3681 5469">
     <span class='ocr_line' id='line_1_121' title="bbox 2115 5376 3681 5469; baseline -0.02 -11"><span class='ocrx_word' id='word_1_897' title='bbox 2115 5376 2292 5457; x_wconf 61' lang='lat' dir='ltr'><strong>ieruin</strong></span> <span class='ocrx_word' id='word_1_898' title='bbox 2330 5376 2490 5469; x_wconf 58' lang='lat' dir='ltr'><strong>inii;</strong></span> <span class='ocrx_word' id='word_1_899' title='bbox 2523 5376 2720 5469; x_wconf 56' lang='lat' dir='ltr'><strong>linguae</strong></span> <span class='ocrx_word' id='word_1_900' title='bbox 2759 5387 3036 5469; x_wconf 72' lang='lat' dir='ltr'><strong>llcbraicte</strong></span> <span class='ocrx_word' id='word_1_901' title='bbox 3063 5383 3420 5469; x_wconf 70' lang='lat' dir='ltr'><strong>idiotismum,</strong></span> <span class='ocrx_word' id='word_1_902' title='bbox 3445 5376 3558 5469; x_wconf 65' lang='lat' dir='ltr'><strong>sive</strong></span> <span class='ocrx_word' id='word_1_903' title='bbox 3580 5390 3681 5453; x_wconf 59' lang='grc' dir='ltr'><strong>κατ</strong></span> 
     </span>
    </p>
   </div>
   <div class='ocr_carea' id='block_1_121' title="bbox 2114 5441 3680 5531">
    <p class='ocr_par' dir='ltr' id='par_1_121' title="bbox 2114 5441 3680 5531">
     <span class='ocr_line' id='line_1_122' title="bbox 2114 5441 3680 5531; baseline -0.019 -5"><span class='ocrx_word' id='word_1_904' title='bbox 2114 5441 2864 5531; x_wconf 49' lang='lat' dir='ltr'><strong>ié&#39;c23kt’,&quot;&quot;si&#39;ié&quot;§&amp;iéca¢</strong></span> <span class='ocrx_word' id='word_1_905' title='bbox 2907 5456 3117 5526; x_wconf 77' lang='lat' dir='ltr'><strong>legatur</strong></span> <span class='ocrx_word' id='word_1_906' title='bbox 3134 5495 3150 5521; x_wconf 84' lang='lat'><strong>,</strong></span> <span class='ocrx_word' id='word_1_907' title='bbox 3184 5441 3413 5522; x_wconf 78' lang='lat' dir='ltr'><strong>perinde</strong></span> <span class='ocrx_word' id='word_1_908' title='bbox 3435 5453 3518 5502; x_wconf 88' lang='lat' dir='ltr'><strong>est</strong></span> <span class='ocrx_word' id='word_1_909' title='bbox 3543 5458 3608 5499; x_wconf 89' lang='lat' dir='ltr'><strong>ac</strong></span> <span class='ocrx_word' id='word_1_910' title='bbox 3631 5441 3680 5497; x_wconf 87' lang='lat' dir='ltr'><strong>si</strong></span> 
     </span>
    </p>
   </div>
   <div class='ocr_carea' id='block_1_122' title="bbox 2116 5534 2755 5612">
    <p class='ocr_par' dir='ltr' id='par_1_122' title="bbox 2116 5534 2755 5612">
     <span class='ocr_line' id='line_1_123' title="bbox 2116 5534 2755 5612; baseline -0.023 -16"><span class='ocrx_word' id='word_1_911' title='bbox 2116 5541 2391 5612; x_wconf 56' lang='lat' dir='ltr'><strong>legeretur</strong></span> <span class='ocrx_word' id='word_1_912' title='bbox 2404 5534 2755 5612; x_wconf 65' lang='grc' dir='ltr'><strong>κληθήσεςεαι.</strong></span> 
     </span>
    </p>
   </div>
   <div class='ocr_carea' id='block_1_123' title="bbox 2189 5586 3672 5682">
    <p class='ocr_par' dir='ltr' id='par_1_123' title="bbox 2189 5586 3672 5682">
     <span class='ocr_line' id='line_1_124' title="bbox 2189 5586 3672 5682; baseline -0.02 -18"><span class='ocrx_word' id='word_1_913' title='bbox 2189 5586 2508 5682; x_wconf 55' lang='grc' dir='ltr'><strong>ἱῖέίῖιέἑξξ</strong></span> <span class='ocrx_word' id='word_1_914' title='bbox 2526 5586 3005 5672; x_wconf 46' lang='lat' dir='ltr'><strong>eicplanationemq</strong></span> <span class='ocrx_word' id='word_1_915' title='bbox 3031 5591 3187 5660; x_wconf 88' lang='lat' dir='ltr'><strong>edit.,</strong></span> <span class='ocrx_word' id='word_1_916' title='bbox 3218 5586 3672 5645; x_wconf 82' lang='lat' dir='ltr'><strong>illuminationent.</strong></span> 
     </span>
    </p>
   </div>
  </div>
