4296 6288
597 420 701 474 9‘27

2047 411 2368 468 Ol‘thENlS

3730 428 3838 488 228

595 542 807 595 comede
833 538 955 605 mel,
983 538 1065 607 ﬁli
1081 552 1101 602 ;
1130 545 1183 592 et
1213 535 1417 591 faciens
1433 535 1574 605 quod
1596 535 1810 606 jussum
1837 544 1941 600 est,
1966 535 2171 604 potitur
2197 540 2242 594 Α
2274 536 2362 588 tiae
2399 543 2462 590 et
2514 535 2762 605 pietatis,
2815 538 3039 605 spiritus
3076 538 3288 596 timoris
3320 541 3550 598 Domini.
3611 544 3716 602 Ista
3750 563 3842 603 sa-

597 646 850 686 sermone
870 630 963 699 qui
995 627 1262 698 sequitur,
1293 628 1483 681 bonum
1508 637 1586 682 est
1615 628 1773 681 enim.
1804 624 1941 693 Quia
1966 627 2170 680 bonum

598 731 686 775 est
727 721 830 773 hoc
862 719 1004 782 mel,
1041 718 1185 786 quod
1222 717 1276 771 iu
1324 715 1621 787 Scripturis
1665 717 1954 771 invenitur.
2012 715 2168 782 Quod

598 822 776 866 autem
803 810 1001 864 dicitur
1035 829 1049 864 :
1096 809 1239 863 Vade
1269 810 1338 862 ad
1368 827 1538 879 aperit,
1578 810 1888 865 istiusmodi
1914 819 2015 864 est.
2073 808 2170 863 Est

596 902 880 971 quaedam,
927 912 986 956 ut
1017 902 1090 955 ita
1126 901 1301 956 dicam
1326 943 1339 965 ,
1378 902 1495 970 apis
1540 916 1702 970 snper
1738 916 1867 970 apes
1901 918 1914 954 :
1944 910 1996 954 et
2027 914 2165 969 quo.

598 995 762 1048 modo
799 994 940 1048 inter
974 1010 1103 1064 apes
1127 1010 1220 1048 rex
1246 994 1464 1061 quidam
1488 1001 1567 1047 est
1594 994 1685 1062 qui
1715 993 2026 1047 nominatur
2048 1005 2169 1046 esse

594 1100 710 1151 rex,
733 1084 813 1138 sic
827 1085 1076 1153 princeps
1099 1083 1431 1153 apumllo
1452 1082 1713 1137 Dominus
1733 1079 2166 1137 estJesusChri-

594 1187 734 1238 stus,
769 1176 835 1229 ad
864 1191 1023 1244 quem
1052 1175 1215 1229 mittit
1244 1191 1330 1229 me
1363 1173 1597 1243 Spiritus
1630 1184 1852 1228 sanctus
1887 1181 1947 1228 ut
1987 1188 2166 1228 come-

590 1271 719 1323 dam
753 1269 889 1332 mel,
916 1267 1120 1322 bonum
1151 1276 1233 1321 est
1258 1268 1402 1321 enim
1433 1308 1448 1334 ,
1482 1276 1536 1321 et
1570 1265 1724 1320 favus
1749 1265 1866 1334 ejus
1902 1274 1958 1319 ut
1988 1265 2166 1319 indul—

592 1372 785 1415 rentur
816 1360 1001 1414 fauces
1036 1374 1187 1413 meae.
1236 1357 1299 1412 Et
1329 1357 1467 1411 forte
1498 1357 1813 1412 subtiliores
1842 1357 2030 1410 litterm
2057 1355 2165 1409 favi

593 1460 787 1517 erunt,
824 1450 930 1504 mel
962 1465 1090 1503 vero
1118 1459 1203 1503 est
1242 1448 1332 1517 qui
1365 1449 1417 1501 in
1449 1447 1533 1502 his
1564 1457 1646 1501 est
1678 1447 2001 1501 intellectus.
2062 1445 2166 1501 lste

591 1557 756 1613 porro
781 1540 873 1611 qui
906 1553 989 1594 est
1021 1548 1179 1594 natus
1205 1554 1271 1593 cx
1303 1539 1509 1607 virgine
1530 1535 1872 1603 Emmanuel,
1910 1536 2164 1607 butyrum

591 1642 645 1685 et
674 1631 780 1685 mel
815 1630 1128 1695 manducat,
1163 1638 1217 1684 et
1258 1629 1453 1697 quaerit
1479 1627 1547 1682 ab
1568 1642 1893 1696 unoquoque
1915 1636 2162 1681 nostrum

591 1720 848 1791 butyrum
888 1720 1237 1774 manducare.
1280 1718 1564 1784 Quomodo
1594 1733 1623 1770 a
1654 1717 1880 1786 singulis
1916 1726 2164 1772 nostrum

590 1813 844 1883 butyrum
878 1812 1069 1881 quaerit
1094 1820 1148 1865 et
1170 1811 1295 1877 mel,
1336 1825 1516 1865 sermo
1543 1809 1806 1864 edocebit.
1862 1808 2035 1878 Opera
2064 1824 2163 1862 no-
2194 1872 2217 1883 _

2272 623 2471 693 pientia
2531 624 2731 691 patitur
2773 627 3125 695 opprobrium
3159 644 3189 682 a
3224 631 3409 686 multis
3436 633 3716 703 sapientiis
3749 637 3837 690 in-

2271 713 2621 784 surgentibus
2671 716 2726 769 in
2772 732 2852 772 se.
2922 716 3026 772 Iste
3058 733 3223 774 verus
3271 721 3573 779 intellectus
3607 728 3841 783 sustinet

2270 800 2623 869 opprobrium
2667 804 2738 858 ab
2769 805 3133 862 intellectibus
3164 806 3339 864 falsis.
3401 811 3550 866 Istud
3580 828 3834 884 magnum

2269 892 2556 947 consilium
2581 896 2946 964 cpprobratur
2973 913 3004 952 a
3034 900 3219 955 multis
3241 902 3484 958 consiliis
3512 918 3623 958 non
3653 905 3838 961 bonis.

2268 982 2374 1039 Ista
2400 987 2573 1041 virtus
2601 987 2942 1044 maledicitur
2972 1005 3002 1045 a
3025 993 3283 1060 quadam,
3316 1008 3438 1063 quae
3477 1010 3601 1050 eum
3631 1010 3737 1051 non
3767 999 3838 1052 sit

2267 1077 2463 1141 virtus,
2501 1080 2828 1148 repromittit
2874 1096 2932 1137 se
2981 1098 3103 1139 esse
3136 1085 3411 1141 virtutem.
3476 1087 3582 1142 Ista
3608 1089 3834 1144 scientia

2268 1170 2473 1239 patitur
2503 1173 2853 1241 cpprobrium
2883 1186 2913 1228 a
2943 1176 3176 1244 quadam
3223 1176 3345 1232 falsi
3392 1180 3629 1234 nominis
3658 1180 3838 1235 scien-

2267 1260 2340 1314 tia
2370 1275 2566 1314 nomen
2597 1275 2756 1315 suum
2797 1263 3152 1332 subripiente.
3196 1267 3304 1320 Ista
3341 1267 3513 1335 pietas
3538 1271 3837 1338 exprobra-

2268 1358 2353 1402 tur
2409 1351 2476 1404 ab
2499 1367 2581 1416 ea,
2617 1367 2735 1418 quae
2760 1368 2883 1406 cum
2917 1370 2975 1407 se
3007 1356 3154 1410 dicat
3182 1372 3300 1412 esse
3330 1359 3605 1427 pietatem,
3644 1361 3835 1430 impie-

2268 1450 2351 1496 tas
2380 1451 2481 1508 cst,
2509 1451 2562 1495 et
2589 1443 2786 1513 impios
2812 1444 3048 1499 instruit.
3093 1445 3198 1502 Iste
3225 1449 3388 1503 timor
3415 1451 3616 1521 patitur
3637 1468 3837 1521 oppro-

2265 1534 2444 1587 brium
2494 1535 2562 1587 ab
2604 1549 2670 1587 eo
2707 1536 2797 1604 qui
2832 1544 3052 1604 putatur
3079 1552 3201 1592 esse
3248 1540 3431 1596 timor.
3504 1540 3654 1596 Multi
3687 1544 3830 1597 enim

2265 1624 2589 1693 pollicentur
2622 1624 2865 1678 divinum
2902 1634 3129 1690 metum,
3183 1630 3275 1683 sed
3317 1645 3425 1685 non
3456 1646 3579 1686 cum
3610 1632 3833 1686 scicntia

2265 1725 2532 1770 metuunt.
2589 1714 2876 1782 Quomodo
2902 1732 3033 1788 ergo
3062 1719 3177 1773 istae
3201 1730 3404 1789 septem
3437 1723 3718 1791 patiuntur
3745 1737 3837 1792 op-

2264 1807 2550 1873 probrium
2613 1809 3042 1864 consideremus.
3104 1808 3239 1864 Vide
3284 1812 3605 1881 sapientiam
3649 1815 3834 1868 steculi

589 1913 702 1958 stra
746 1902 963 1968 dulcia,
999 1917 1280 1957 sermones
1324 1900 1496 1955 nostri
1542 1900 1852 1955 suavissimi
1885 1909 1938 1955 ct
1976 1901 2155 1964 utiles,
2193 1875 2235 1928 Β
2264 1895 2468 1966 huius.
2519 1897 2640 1952 Vide
2687 1898 3008 1966 ετψίθηιίειιη
3054 1900 3357 1971 principum
3404 1904 3592 1957 mundi
3647 1904 3831 1973 huius,

588 1995 747 2049 mella
770 2002 899 2048 sunt
922 2010 1044 2062 quae
1067 1994 1356 2048 manducat
1384 1991 1706 2046 Emmanuel
1729 2032 1743 2058 ,
1780 2008 1902 2060 qua:
1927 1993 2158 2047 mandu-

585 2095 675 2139 cat
705 2084 805 2139 iste
836 2085 929 2155 qui
963 2091 1125 2137 natus
1153 2091 1235 2137 est
1257 2083 1324 2136 de
1351 2082 1582 2152 virgine.
1627 2080 1685 2136 Si
1723 2098 1851 2136 vero
1877 2097 2157 2138 sermones

584 2175 760 2229 nostri
792 2173 1155 2229 amaritudine
1185 2173 1327 2242 pleni
1353 2181 1502 2237 sunt,
1534 2171 1636 2238 ira,
1660 2172 2024 2235 animositate,
2047 2187 2158 2226 mo-

585 2267 765 2330 testia,
816 2265 1169 2336 turpiloquio,
1212 2263 1383 2329 vitiis,
1434 2262 1800 2329 contentione,
1839 2262 1987 2317 dedit
2008 2263 2063 2317 in
2094 2278 2157 2319 os

584 2378 769 2418 meum
813 2361 904 2428 fel,
937 2374 991 2416 et
1020 2377 1127 2416 non
1164 2359 1398 2415 comedit
1432 2361 1499 2414 ab
1528 2360 1614 2416 his
1655 2360 2001 2415 sermonibus
2032 2356 2156 2412 Salo

584 2462 766 2508 vator.
807 2452 1067 2509 Comedet
1094 2459 1275 2505 autem
1308 2448 1559 2505 Salvator
1591 2450 1659 2505 de
1690 2448 2032 2505 sermonibus
2061 2447 2157 2517 qui

584 2556 716 2600 sunt
763 2544 906 2614 apud
956 2543 1241 2608 homines,
1294 2541 1340 2597 si
1388 2540 1590 2596 fuerint
1631 2555 1913 2595 sermones
1962 2553 2154 2594 eorum

583 2637 709 2692 mel.
773 2633 1150 2704 Approbemus
1192 2634 1298 2686 hoc
1335 2633 1402 2686 de
1448 2629 1743 2700 Seripturis
1774 2647 1790 2685 :
1828 2629 1959 2684 Ecce
1984 2640 2064 2704 sto
2085 2629 2155 2683 ad

583 2730 797 2791 ostium,
899 2728 1070 2795 pulso.
1114 2723 1174 2778 Si
1203 2725 1320 2793 quis
1356 2722 1621 2791 aperuerit
1647 2721 1776 2774 nti/ti
1804 2701 2037 2786 ostiuni,
2069 2722 2155 2774 in-

584 2821 800 2889 grediar
826 2815 894 2867 ad
917 2830 1055 2878 eum,
1085 2822 1132 2866 et
1161 2811 1372 2866 ctenabo
1403 2827 1518 2864 cum
1545 2810 1638 2864 illo
1667 2822 1714 2865 et
1738 2811 1828 2864 ille
1864 2827 2064 2865 mecum
2085 2812 2151 2865 ".

585 2908 751 2978 Igitur
779 2907 895 2974 ipse
928 2905 1211 2974 pollicetur
1245 2918 1303 2958 se
1328 2917 1389 2958 ex
1438 2902 1642 2958 nostris
1674 2912 2017 2957 coenaturum
2050 2917 2154 2956 no-

585 3001 796 3054 biscum
826 3013 967 3053 esse.
1029 2996 1249 3050 Certum
1295 3007 1377 3049 est
1418 3003 1599 3049 autem
1633 2995 1762 3064 quia
1804 3004 1858 3050 et
1893 3009 1992 3050 nos
2028 3008 2152 3049 cum

586 3093 678 3146 illo
706 3105 1006 3155 (mutamus,
1029 3088 1075 3143 si
1104 3101 1385 3143 canemus
1409 3086 1582 3141 illum.
1623 3085 1926 3140 Comedens
1955 3085 2155 3155 quippe

2260 1986 2534 2055 quomodo
2554 1988 2885 2057 exprobrant
2904 1987 3225 2059 sapientiam
3249 1990 3452 2047 Christi
3482 1994 3607 2058 mei,
3628 2003 3681 2048 et
3699 2010 3833 2062 quo-

2260 2078 2424 2133 modo
2452 2080 2785 2148 exprobrant
2831 2084 3153 2152 sapientiam
3182 2083 3447 2139 Judaismi
3481 2084 3590 2139 veri
3613 2124 3628 2148 ,
3678 2085 3833 2154 juxta

2259 2181 2419 2235 quem
2450 2182 2550 2223 nos
2582 2170 3028 2224 circumcidimur
3061 2173 3401 2242 spiritaliter,
3431 2173 3522 2227 isti
3548 2187 3675 2228 vero
3704 2190 3837 2244 prae-

2258 2258 2534 2313 ciduutur.
2577 2258 2820 2331 Intelligo
2851 2262 3034 2331 itaque
3058 2264 3333 2332 quomodo
3360 2264 3623 2334 sapientia
3652 2267 3832 2321 stt-culi

2259 2347 2425 2418 hujus
2473 2359 2526 2404 et
2556 2350 2862 2420 principum
2909 2353 3093 2408 mundi
3148 2355 3345 2422 istius,
3382 2354 3712 2411 maledicunt
3739 2372 3830 2412 sa-

2258 2438 2502 2508 pientiae;
2531 2449 2585 2494 et
2608 2441 2679 2495 ob
2707 2442 2810 2497 hoc
2833 2445 3094 2513 quaeritur
3121 2445 3286 2500 homo
3312 2447 3404 2515 qui
3437 2460 3564 2501 cum
3600 2448 3716 2503 istis
3745 2464 3834 2503 se-

2259 2538 2404 2601 ptem
2456 2530 2796 2600 spiritalibus
2838 2534 2987 2588 velut
3027 2534 3350 2592 mulieribus
3390 2537 3495 2603 sit,
3536 2547 3593 2592 ut
3620 2537 3831 2595 auferat

2256 2635 2445 2676 earum
2472 2624 2850 2692 opprobrium.
2887 2623 3113 2696 Proprie
3142 2643 3286 2684 unus
3310 2636 3396 2685 est
3424 2631 3589 2686 homo
3616 2632 3709 2702 qui
3734 2647 3828 2686 au-

2258 2710 2397 2767 ferat
2431 2727 2619 2767 carum
2645 2716 3021 2785 opprobrium.
3076 2718 3213 2785 Quis
3235 2728 3319 2776 est
3353 2720 3455 2776 iste
3491 2722 3693 2778 homo?
3737 2721 3828 2777 Je-

2258 2818 2352 2859 sus
2380 2803 2473 2873 qui
2517 2804 2683 2858 exivit
2710 2805 2868 2875 juxta
2899 2822 3121 2864 carnem
3153 2809 3221 2865 de
3260 2810 3442 2865 radice
3469 2810 3624 2866 Jesse
3657 2811 3827 2879 factus

2256 2908 2321 2947 ea:
2349 2894 2542 2947 semine
2577 2893 2748 2948 David
2793 2898 3078 2951 secundant
3123 2915 3334 2954 carnem
3357 2938 3372 2963 ,
3419 2902 3826 2970 praedestinatus

2259 2983 2436 3040 Filius
2461 2984 2558 3040 Dei
2591 2987 2648 3040 in
2669 2988 2858 3041 virtute
2875 2988 3036 3057 juxta
3063 2991 3310 3060 spiritum
3328 2991 3736 3062 justiﬁcatiouis
3756 2994 3822 3046 ⁸³.

2257 3076 2403 3131 Exiit
2427 3077 2629 3147 quippe
2660 3079 2809 3149 virga
2837 3078 2948 3150 (89)
2974 3080 3041 3135 de
3077 3082 3254 3137 radice
3281 3072 3453 3137 Jesse.
3526 3082 3685 3153 Virga
3714 3099 3823 3137 non

584 3184 650 3236 de
695 3182 896 3235 nostris
945 3177 1103 3233 bonis
1151 3176 1512 3239 sermonibus,
1553 3176 1808 3244 operibus
1842 3183 1896 3231 et
1940 3175 2152 3230 intelle-
2180 3194 2224 3254 ο
2256 3180 2339 3222 est
2365 3168 2762 3237 primogenitae
2786 3171 2966 3226 omnis
2999 3180 3281 3237 creaturae,
3305 3173 3456 3243 virga
3481 3189 3589 3227 non
3618 3183 3701 3229 est
3728 3176 3822 3245 qui

580 3282 695 3337 ctu,
733 3270 969 3340 rcpascit
1004 3285 1105 3323 nos
1133 3268 1248 3322 suis
1282 3267 1424 3322 escis
1451 3265 1810 3336 spiritalibus,
1849 3277 1903 3322 et
1929 3266 2150 3332 divinis,

579 3377 633 3420 et
664 3363 996 3418 melioribus.
1038 3361 1336 3430 Propterea
1363 3359 1490 3429 quia
1520 3359 1734 3413 beatum
1762 3366 1845 3414 est
1874 3359 2152 3428 suscipere

582 3454 948 3517 Salvator-em,
983 3451 1186 3521 apertis
1212 3448 1370 3504 ostiis
1396 3448 1707 3518 principalis
1742 3447 1923 3504 cordis
1958 3450 2148 3515 nostri,

576 3558 946 3616 praeparemus
972 3543 1019 3596 ei
1052 3542 1207 3595 mella
1229 3583 1244 3607 ,
1282 3553 1334 3595 et
1378 3555 1596 3594 omnem
1645 3555 1858 3595 cumam
1889 3540 2042 3610 ejus;
2094 3549 2151 3596 ut

576 3638 694 3705 ipse
722 3648 823 3687 nos
855 3633 1019 3687 ducat
1046 3631 1111 3685 ad
1148 3646 1399 3702 magnam
1448 3644 1658 3684 coenam
1690 3628 1867 3684 Patris
1899 3629 1952 3682 in
1981 3644 2150 3700 regno

576 3723 863 3786 rmlorum,
901 3736 1023 3791 qua:
1053 3727 1139 3773 est
1170 3719 1221 3772 in
1254 3718 1472 3773 Christo
1500 3717 1650 3782 Jesu,
1676 3718 1763 3772 cui
1785 3726 1868 3773 est
1895 3718 2068 3789 gloria
2096 3726 2152 3773 et

574 3815 862 3886 imperium
894 3814 946 3868 in
980 3812 1176 3868 saecula
1210 3811 1558 3865 saeculorum.
1600 3808 1793 3863 Amen.

1156 3901 1442 3957 HOMILIA
1482 3900 1570 3955 Ill.

889 3998 965 4051 De
992 4006 1184 4065 septem
1214 3995 1523 4049 mulieribus
1564 3994 1707 4063 (cap.
1739 3994 1833 4065 tv).

647 4090 697 4143 1.
757 4087 971 4159 Septem
1020 4089 1275 4143 mulieres
1320 4087 1601 4157 patiuntur
1652 4085 2043 4155 opprobrium,
2094 4093 2150 4139 et

568 4181 920 4236 cizcumeunt
962 4188 1268 4250 qumrentes
1319 4195 1442 4233 cum
1502 4179 1772 4248 recipere,
1828 4179 1920 4248 qui
1973 4177 2148 4247 possit

568 4272 789 4327 auferre
817 4271 1168 4341 opprobrium
1215 4285 1424 4324 carum.
1487 4265 1623 4339 Ipsa:
1657 4280 1860 4339 septem
1893 4269 2145 4324 inulieres

576 4363 965 4433 repromittunt
995 4371 1052 4413 ut
1077 4375 1236 4413 suum
1265 4375 1459 4428 panem
1497 4360 1850 4426 manducent,
1901 4371 1954 4413 et
1981 4360 2146 4415 vesti-

2257 3257 2312 3311 in
2356 3258 2623 3329 principio
2671 3269 2789 3314 erat
2836 3262 2976 3331 apud
3022 3260 3188 3318 Deum
3235 3261 3379 3318 Deus
3412 3261 3685 3326 Verbum,
3728 3266 3820 3318 sed

2253 3349 2405 3419 virga
2438 3349 2507 3404 de
2535 3351 2714 3405 radice
2747 3349 2921 3419 Jesse,
2973 3353 3066 3422 qui
3088 3353 3244 3423 juxta
3277 3368 3494 3409 carnem
3532 3364 3690 3409 natus
3717 3365 3819 3409 est.

2253 3439 2399 3494 Exiit
2427 3456 2556 3512 ergo
2591 3442 2738 3512 virga
2786 3443 2852 3497 de
2891 3444 3073 3499 radice
3118 3442 3292 3511 Jesse,
3344 3455 3397 3501 et
3420 3445 3521 3501 ﬂos
3547 3448 3613 3500 de.
3640 3446 3822 3500 radice

2252 3529 2374 3599 ejus
2418 3532 2663 3586 ascendit
2705 3532 2769 3585 ⁸⁸.
2834 3530 2969 3598 Quis
3012 3544 3097 3588 est
3142 3535 3243 3589 llos
3270 3542 3325 3590 et
3368 3550 3489 3605 quae
3519 3545 3599 3590 est
3630 3537 3825 3589 radix?

2252 3620 2430 3674 Ambo
2458 3621 2602 3675 enim
2636 3619 2689 3675 in
2721 3637 2889 3676 unum
2922 3624 3153 3693 idipsum
3188 3625 3488 3693 subjacent.
3553 3625 3818 3681 Drtl'eren-

2251 3712 2326 3766 tia
2355 3720 2535 3766 autem
2569 3722 2653 3767 est
2679 3714 3043 3784 negotiorum.
3081 3714 3216 3769 Nam
3249 3717 3293 3770 si
3320 3727 3573 3786 peccator
3604 3734 3684 3785 es,
3712 3734 3817 3771 non

2251 3810 2334 3858 cst
2364 3801 2464 3857 tibi
2493 3804 2592 3858 ﬂos
2613 3844 2627 3868 ,
2662 3818 2837 3873 neque
2862 3806 3068 3860 videbis
3103 3806 3288 3861 ﬂorem
3317 3808 3409 3877 qui
3434 3817 3601 3863 estex
3642 3809 3821 3862 radice

2249 3894 2423 3949 Jessc.
2491 3895 2676 3949 Veniet
2702 3896 2844 3949 enim
2872 3905 2922 3949 et
2949 3897 3014 3950 ad
3046 3906 3099 3951 te
3126 3898 3273 3969 virga
3294 3939 3309 3965 ,
3353 3902 3627 3968 quomodo
3652 3900 3719 3953 di-
3738 3903 3817 3952 ώ-

2251 3987 2410 4054 putus
2437 3985 2546 4056 (90)
2576 3987 2740 4056 virgae.
2764 3995 2817 4040 ct
2841 3985 2988 4043 (luris
3013 3987 3271 4057 loquitur.
3315 3989 3389 4045 De
3420 3990 3569 4060 virga
3599 3990 3815 4059 quidem

2248 4075 2379 4132 dicit
2408 4096 2420 4130 :
2462 4076 2603 4142 Quid
2634 4078 2814 4141 vultis,
2841 4077 2896 4129 in
2924 4079 3069 4148 virga
3097 4078 3296 4133 veniam
3321 4081 3391 4133 ad
3414 4081 3543 4134 vos?
3580 4079 3653 4134 De
3684 4081 3817 4134 ﬂ-sre

2250 4186 2378 4225 vero
2421 4189 2435 4226 :
2470 4172 2553 4225 Αη
2602 4174 2655 4226 iu
2682 4170 2944 4226 charitate
2988 4170 3083 4225 Dei
3127 4182 3177 4226 et
3217 4174 3406 4243 spiritu
3454 4174 3817 4228 mansuetudi-

2250 4264 2329 4317 nis
2361 4263 2449 4316 '3?
2477 4263 2621 4317 Exiit
2648 4279 2779 4334 ergo
2809 4265 2874 4317 de
2907 4263 3088 4316 radice
3117 4262 3268 4320 Jesse
3291 4265 3441 4332 virga
3468 4265 3745 4332 sapientia:
3765 4262 3811 4317 ei

2255 4358 2347 4426 qui
2380 4357 2662 4425 suppliciis
2712 4356 2985 4424 plectitur,
3021 4359 3168 4424 virga
3198 4358 3246 4409 ei
3280 4355 3373 4423 qui
3402 4356 3606 4423 indiget
3633 4357 3810 4408 incre-

567 4452 769 4508 mentis
795 4451 913 4506 suis
941 4450 1272 4516 operiantur.
1323 4447 1441 4501 Non
1476 4463 1695 4502 necesse
1722 4449 1921 4503 habent
1950 4464 2140 4516 panem
2246 4447 2498 4514 patione,
2544 4448 2690 4511 virga
2739 4448 2787 4497 ei
2828 4445 2920 4512 qui
2968 4461 3190 4500 necesse
3231 4446 3392 4499 habet
3426 4454 3484 4499 ut
3516 4458 3808 4516 arguatur,

561 4543 690 4612 ejus
710 4584 727 4607 ,
761 4542 855 4596 sed
892 4554 1089 4592 nomen
1123 4537 1242 4606 ejus
1278 4536 1371 4606 qui
1410 4537 1761 4603 opprobrium
1787 4554 1974 4591 carum
2011 4555 2140 4607 pos-
2174 4518 2218 4571 Ῑ)
2250 4536 2347 4589 llos
2378 4548 2506 4588 vero
2528 4534 2575 4586 ei
2606 4533 2699 4602 qui
2725 4533 2836 4601 jam
2862 4535 3109 4588 eruditus
3138 4544 3239 4601 est,
3264 4545 3318 4589 et
3350 4550 3457 4588 non
3485 4537 3686 4605 indiget
3709 4536 3812 4589 du-

564 4635 643 4687 sit
671 4632 904 4686 auferre.
946 4627 1063 4684 Non
1090 4629 1329 4698 indigent
1353 4628 1691 4682 vestimentis
1717 4628 1957 4683 hominis
1979 4646 2139 4698 quem

564 4730 878 4774 assumunt.
920 4718 1141 4772 Meliora
1177 4717 1377 4770 habent
1406 4716 1727 4768 vestimenta
1767 4730 1930 4784 quam
1968 4724 2144 4784 potest

569 4811 651 4864 eis
679 4811 843 4863 homo
872 4817 1152 4878 prmstare.
1212 4807 1499 4862 Lautior-es
1533 4806 1732 4861 habent
1770 4807 1941 4872 cibos,
1974 4823 2137 4878 quam

565 4899 811 4957 conditio
862 4909 1040 4969 potest
1086 4900 1322 4953 humana
1367 4898 1573 4968 largiri.
1639 4897 1809 4967 Cujus
1854 4913 1983 4969 ergo
2028 4900 2138 4954 sint

566 5000 776 5062 septem
810 4992 1090 5056 mulieres,
1137 4997 1192 5045 et
1238 4991 1383 5060 quod
1414 4989 1486 5045 sit
1533 4988 1884 5059 opprobrium
1921 5004 2132 5055 earum,

565 5081 789 5153 dignum
818 5089 902 5136 est
926 5080 1293 5135 considerare.
1330 5079 1543 5149 Septem
1573 5080 1827 5134 mulieres
1851 5095 1959 5134 una
1985 5088 2131 5145 sunt,

564 5172 805 5244 Spiritus
852 5171 996 5227 enim
1047 5171 1137 5224 Dei
1188 5179 1332 5226 sunt.
1394 5170 1457 5225 Et
1504 5180 1588 5226 est
1628 5170 1730 5225 ista
1759 5185 1899 5233 una,
1930 5181 2131 5240 septem

565 5272 713 5319 sunt.
756 5262 991 5334 Spiritus
1016 5262 1161 5317 enim
1184 5260 1277 5315 Dei
1301 5270 1383 5315 est
1411 5262 1634 5331 spiritus
1667 5261 1943 5330 sapientia:
1964 5270 2017 5315 et
2046 5263 2134 5315 in-

564 5358 833 5423 tellectus,
862 5356 1083 5426 spiritus
1109 5353 1321 5409 consilii
1357 5362 1410 5408 et
1433 5352 1671 5417 virtutis,
1707 5352 1930 5421 spiritus
1956 5353 2131 5408 scien-

634 5545 680 5580 "
718 5548 887 5618 Apoc.
933 5561 1016 5613 nt,
1043 5542 1137 5598 20.
1209 5541 1257 5574 “
1291 5539 1456 5596 Rom.
1487 5555 1533 5605 ἰ,
1564 5539 1697 5605 5,4.
1774 5540 1821 5572 ³⁵
1859 5538 1964 5593 lsa.
1998 5554 2077 5606 si,
2115 5540 2162 5596 ι.

638 5733 749 5803 (89)
799 5732 956 5801 Virga
986 5731 1337 5803 omittitur_i_n
1367 5728 1546 5791 editis,
1578 5727 1669 5782 sed
1692 5737 1868 5803 exstat
1902 5727 1955 5780 in
1987 5741 2118 5803 mss.

561 5797 763 5858 ibidem
811 5797 942 5857 mss.
976 5804 1219 5856 habent:
1266 5798 1421 5868 Virga
1456 5814 1555 5851 mm
1604 5809 1677 5850 est
1725 5797 2124 5866 primogenitus.

2245 4640 2305 4678 ra
2339 4621 2698 4687 correctione,
2730 4621 2810 4675 vel
2837 4633 2983 4677 certe
3015 4638 3120 4678 non
3147 4624 3349 4691 indiget
3369 4626 3564 4694 pcenis,
3598 4625 3690 4680 sed
3717 4641 3811 4679 va-

2243 4715 2374 4770 lenti
2397 4715 2509 4783 jam
2544 4712 2735 4767 florere
2770 4714 3036 4785 incipere,
3072 4726 3124 4771 et
3151 4716 3215 4771 ad
3245 4716 3542 4786 perfectum
3571 4717 3807 4773 fructum

2241 4805 2408 4860 exire.
2467 4803 2711 4857 Primum
2746 4804 2887 4858 cnim
2919 4805 3018 4860 llos
3062 4807 3402 4871 ostenditur,
3451 4807 3645 4862 deinde
3687 4815 3809 4876 post

2241 4896 2425 4950 ﬂorem
2470 4896 2618 4965 virga
2664 4897 2723 4949 fit
2761 4904 2811 4949 et
2850 4897 2916 4951 ad
2946 4896 3180 4953 fructum
3207 4901 3337 4954 exit.
3397 4897 3542 4951 Exiit
3566 4898 3712 4965 virga
3743 4896 3811 4948 de

2242 4988 2426 5043 radice
2449 4984 2626 5050 Jcsse,
2677 4995 2729 5040 et
2758 4986 2857 5042 tlos
2881 4988 2947 5042 de
2976 4989 3158 5044 radice
3187 4989 3305 5057 ejus
3335 4988 3612 5051 ascendet,
3639 4994 3693 5039 et
3718 4999 3806 5037 re-

2240 5080 2523 5148 quiescent
2548 5092 2712 5145 super
2736 5080 2861 5131 eum
2896 5087 3100 5147 septem
3132 5079 3408 5144 mulieres,
3446 5076 3669 5144 spiritus
3696 5073 3803 5124 Dn-

2241 5168 2396 5231 mini,
2451 5166 2675 5234 spiritus
2728 5167 3009 5235 sapientia:
3050 5175 3106 5221 et
3154 5167 3460 5220 intellectus
3503 5163 3808 5232 requiescet

2240 5273 2403 5327 super
2427 5271 2551 5310 eum
2584 5256 2650 5307 '°.
2691 5256 2927 5325 Spiritus
2961 5259 3106 5312 enim
3141 5256 3419 5326 sapientia:
3449 5269 3557 5308 non
3589 5253 3805 5322 requie-

2239 5352 2316 5405 vit
2350 5349 2402 5402 in
2440 5346 2653 5417 Moyse,
2705 5349 2929 5417 spiritus
2977 5349 3255 5418 sapientiae.
3301 5361 3406 5401 non
3450 5344 3718 5416 requievit
3746 5345 3800 5397 in

2238 5540 2286 5571 ⁸⁵
2324 5535 2347 5590 Ι
2380 5534 2510 5590 Cor.
2553 5548 2631 5597 tv,
2663 5531 2754 5588 21.
2829 5532 2876 5565 ⁸⁸
2912 5531 3016 5587 Isa.
3057 5532 3217 5600 x1,i,
3251 5529 3306 5584 2.

2233 5723 2390 5777 Libb.
2415 5720 2545 5777 editi
2572 5737 2584 5772 :
2630 5717 2794 5788 Virga
2820 5716 2960 5788 enim
2983 5714 3400 5788 prinwgenimg,_
3446 5746 3482 5755 ..

2306 5792 2418 5862 (90)
2460 5789 2615 5855 Mss.,
2645 5783 3168 5856 άὶιςὶτὲιιιιιιιεηή(θόὶιη⁷
3196 5783 3489 5856 apostolus.
