4296 6288
416 324 522 378 229

415 445 543 496 Jc-stt
573 442 738 504 Nave,
765 441 992 513 spiritus
1021 442 1303 512 sapientiae.
1333 459 1437 498 non
1480 443 1746 512 requievit
1782 445 1835 497 in
1878 444 1992 499 siu-

416 537 556 603 gulis
583 536 992 605 prophetarum,
1017 536 1073 591 in
1109 536 1264 600 Isaia,
1298 536 1351 590 in
1382 535 1635 592 Jeremia.

398 672 403 677 .
491 628 700 696 111%.).
717 624 826 680 Nec
848 640 978 679 vero
993 626 1148 693 quasi
1165 626 1622 692 blasphemantem
1640 638 1723 677 me.
1738 623 1986 690 lapidetis

415 721 542 777 dum
570 720 730 774 velim
766 717 1070 784 glorificare
1095 716 1380 769 Dominum
1412 730 1590 769 meum
1619 713 1801 768 Jesum
1826 714 1986 767 Chri»

416 822 560 866 stum
596 827 610 863 :
646 809 740 863 sed
770 807 1103 861 sustinentes
1137 806 1475 860 considerate
1504 805 1649 872 quod
1684 805 1903 867 dicitur,
1930 815 1986 859 et

418 901 668 957 videbitis
700 902 829 971 quia
861 901 914 954 in
961 900 1108 954 nullo
1153 912 1341 951 eorum
1388 897 1712 964 requieverit
1742 895 1984 965 spiritus,

413 1008 515 1047 non
558 993 703 1063 quod
740 992 806 1045 ad
848 992 1054 1046 nullum
1091 1005 1278 1045 eorum
1311 989 1553 1053 venerit,
1599 987 1692 1042 sed
1736 988 1881 1055 quod
1931 988 1981 1041 in

411 1083 567 1139 nullo
593 1083 934 1154 requieverit.
969 1080 1129 1136 Venit
1158 1096 1320 1151 super
1345 1079 1603 1149 Moysem,
1636 1087 1690 1133 et
1713 1093 1822 1131 non
1867 1093 1984 1133 cre-

406 1174 553 1231 didit
576 1174 787 1246 Moyses
827 1184 945 1245 post
979 1174 1227 1244 spiritum
1274 1172 1550 1241 sapientiae
1589 1169 1679 1239 qui
1732 1170 1878 1225 venit
1916 1170 1984 1223 ad

405 1282 565 1321 cum.
601 1265 791 1319 Audite
841 1267 1009 1330 enim,
1054 1266 1149 1323 ait,
1187 1271 1519 1316 contumaces
1552 1277 1571 1314 :
1611 1254 1865 1331 Nunquid
1916 1277 1983 1316 ea:

404 1364 565 1424 petra
597 1355 699 1409 ista
723 1355 942 1408 educam
967 1355 1106 1408 vobis
1136 1370 1326 1426 aquam
1351 1354 1431 1410 ⁵⁷2
1464 1350 1620 1408 Venit
1660 1367 1822 1420 super
1858 1367 1980 1405 oni-

405 1462 505 1501 nes
539 1445 735 1512 justas,
762 1446 911 1503 venit
941 1454 996 1500 et
1019 1461 1182 1515 super
1210 1443 1423 1505 Isaiam;
1454 1444 1544 1500 sed
1572 1443 1700 1513 quid
1731 1443 1839 1496 ait?
1867 1443 1982 1497 Im-

406 1537 615 1590 munda
646 1537 786 1590 labia
812 1537 1040 1600 habens;
1079 1544 1128 1589 et
1170 1536 1226 1588 in
1262 1536 1432 1588 medio
1481 1533 1659 1604 populi
1703 1534 1980 1588 immunda

402 1627 561 1682 labia
587 1627 846 1690 habentis,
879 1643 969 1697 ego
997 1627 1173 1681 habito
1199 1627 1266 1682 ⁸⁸.
1299 1625 1456 1681 Venit
1487 1627 1710 1695 spiritus
1759 1628 1976 1696 sapien.

408 1720 496 1772 tia:
521 1718 806 1788 postillam
835 1716 1119 1787 forcipem,
1138 1725 1191 1772 et
1222 1717 1581 1787 ignem,veuit
1601 1717 1666 1771 ad
1699 1716 1976 1771 immunda

1636 318 1698 377 1N
1741 323 1972 378 lSAlAM
2030 323 2313 381 llOMlLlA
2354 327 2446 380 IV.

3559 335 3665 387 ‘250

2098 447 2410 514 pre/tendent
2431 459 2624 515 septem
2648 448 2891 501 mulieres
2920 463 3076 501 unum
3104 447 3361 503 hominem
3386 448 3613 506 dicentes
3645 469 3659 504 :

2103 530 2296 590 Panem
2321 548 2557 591 nostrum
2581 537 3041 601 manducabimus,
3066 548 3113 591 et
3132 541 3443 595 vestimentis
3466 546 3662 595 nostris

2091 635 2405 686 opertemur;
2438 629 2786 673 verumtamen
2816 636 3003 674 nomen
3029 634 3177 674 tuum
3211 625 3473 676 invocetur
3508 643 3663 690 super

2092 723 2183 760 nos
2214 708 2276 758 ⁵³.
2309 706 2461 761 Tunc
2494 710 2899 777 apprehendent
2927 720 2977 765 et
3014 726 3136 765 vere
3164 712 3420 766 tenebunt
3456 722 3659 783 septem

2092 796 2343 851 mulieres
2364 797 2637 851 hominem
2664 814 2831 851 unum
2855 798 3038 854 Jesum
3064 801 3340 855 Christum
3376 801 3659 860 Dominum

2090 896 2336 942 nostrum
2360 887 2513 958 juxta
2543 891 2685 958 quod
2711 890 3026 961 intelligitur
3066 892 3264 957 homo,
3305 893 3463 962 juxta
3505 897 3651 965 quod

2091 987 2251 1033 natus
2281 988 2384 1043 est,
2410 980 2563 1048 juxta
2596 981 2741 1050 quod
2777 995 2975 1050 corpus
3011 984 3324 1053 assmnpsit.
3361 986 3662 1054 Apprelten-

2090 1068 2212 1122 dent
2244 1082 2437 1137 septem
2466 1070 2705 1125 mulieres
2737 1070 2996 1125 hominem
3025 1089 3205 1139 unum,
3243 1074 3477 1130 dicentes
3507 1090 3527 1130 :
3554 1076 3664 1132 Pa-

2092 1175 2205 1211 nem
2232 1169 2468 1213 nostrum
2487 1160 2939 1216 manducabimus.
2965 1160 3116 1216 Multi
3150 1165 3432 1219 ambulant
3480 1166 3661 1221 homi-

2092 1266 2207 1316 nes,
2253 1258 2305 1303 et
2335 1250 2542 1303 nullum
2578 1252 2989 1320 apprchendunt
3022 1253 3309 1320 mulieres,
3356 1257 3538 1312 nullus
3582 1257 3662 1312 eis

2090 1341 2263 1410 placet
2295 1340 2476 1395 homo.
2511 1340 2625 1395 Non
2655 1344 2798 1396 enim
2840 1353 3055 1413 propter
3095 1346 3331 1415 inopiam
3376 1349 3658 1402 hominum

2088 1449 2255 1486 unum
2293 1432 2568 1487 hominem
2602 1435 3034 1503 apprehendunt,
3070 1452 3173 1490 non
3216 1450 3434 1508 propter
3467 1443 3661 1495 rarita-

2087 1530 2193 1575 tem
2220 1521 2455 1576 hominis
2482 1522 2696 1591 qualem
2728 1524 3010 1578 voluerunt
3040 1564 3055 1588 ,
3104 1527 3263 1579 talem
3303 1529 3654 1595 quaesierunt;

2088 1626 2254 1664 unum
2284 1610 2457 1665 solum
2492 1621 2808 1681 repererunt
2853 1613 3126 1667 hominem
3163 1630 3322 1683 quem
3353 1617 3659 1686 apprchen-

2085 1705 2299 1770 derunt,
2323 1717 2381 1762 ut
2399 1709 2582 1763 dicant
2603 1711 2651 1763 ei
2683 1726 2695 1762 :
2720 1707 2920 1761 Panem
2942 1721 3179 1763 nostrum
3202 1714 3656 1776 mandumbimus.

406 1782 557 1860 jam;
594 1807 903 1873 habentem,
939 1782 1033 1863 se'd
1059 1782 1164 1861 ηδη
1196 1782 1476 1878 re'quiem.
1499 1805 1741 1862 Ministro
1762 1807 1980 1878 quidem
2015 1782 2060 1843 Β
2084 1806 2130 1848 et
2152 1798 2472 1852 vestimentis
2489 1801 2685 1852 nostris
2711 1801 3021 1866 aperientur.
3042 1799 3135 1854 Est
3157 1802 3374 1871 quidam
3393 1803 3479 1858 cib
3521 1820 3545 1858 s
3568 1819 3658 1858 Sa-

406 1906 474 1943 eo
538 1907 669 1945 usus
706 1903 822 1958 est,
869 1910 977 1947 non
1015 1901 1194 1947 autem
1231 1893 1517 1963 requievit.
1564 1894 1878 1951 Tribulatur
1913 1898 1981 1951 ad

402 1995 796 2049 quemcunque
831 1981 1038 2036 venerit
1069 1981 1364 2035 hominem.
1397 1980 1596 2036 Peccat
1624 1982 1767 2035 enim
1803 1984 1984 2038 omnis

407 2072 602 2137 homo,
643 2087 742 2125 nec
778 2080 861 2126 est
886 2072 1069 2142 justus
1111 2088 1275 2141 super
1302 2083 1499 2126 terram
1540 2073 1630 2141 qui
1676 2072 1838 2128 faciat
1884 2074 1984 2127 bo-

405 2177 573 2223 num,
601 2169 655 2214 et
685 2175 791 2214 non
824 2173 1025 2230 peccet.
1054 2162 1221 2217 Nemo
1251 2164 1473 2216 mundus
1497 2181 1528 2217 a
1558 2164 1986 2235 sordibus,neque

401 2251 455 2304 si
486 2266 598 2303 una
622 2250 708 2304 die
732 2252 801 2303 sit
833 2252 940 2306 vita
964 2254 1105 2322 ejus;
1125 2256 1385 2309 numerati
1411 2264 1583 2309 autem
1614 2272 1812 2309 menses
1847 2256 1982 2324 ejus.

403 2340 584 2410 igitur
603 2355 767 2411 super
788 2342 993 2396 nullum
1015 2344 1320 2412 requiescit.
1340 2344 1640 2400 Possumus
1661 2360 1713 2400 et
1730 2348 1794 2401 de
1810 2348 1984 2401 Evan-

404 2429 554 2497 gelio
596 2429 849 2497 probare,
900 2433 1027 2501 quia
1069 2434 1212 2485 venit
1261 2435 1485 2503 spiritus
1534 2450 1697 2504 super
1743 2436 1979 2501 multos,

405 2533 455 2576 et
489 2540 601 2576 non
637 2524 838 2578 mansit
866 2525 918 2576 in
967 2525 1065 2577 eis.
1103 2525 1242 2579 Ante
1289 2525 1568 2596 paululum
1611 2527 1806 2580 lectum
1849 2538 1931 2583 est
1964 2546 1977 2582 :

410 2611 536 2667 Non
561 2614 878 2682 permanebit
915 2615 1129 2684 spiritus
1158 2632 1299 2671 meus
1342 2617 1397 2668 in
1430 2616 1724 2669 hominibus
1764 2618 1879 2671 istis
1928 2620 1980 2672 in

408 2714 663 2757 a'ternum
694 2704 759 2758 δ’.
791 2703 925 2759 Nnu-
945 2708 1037 2773 ait,
1075 2723 1181 2760 non
1212 2707 1335 2772 erit,
1367 2709 1482 2769 sed,
1511 2724 1612 2761 non
1634 2710 1974 2777 permanebit.

410 2794 594 2848 Unum
624 2796 755 2849 vidit
777 2794 1013 2851 Joannes
1044 2798 1217 2852 Solum
1253 2798 1304 2850 in
1334 2812 1442 2868 quo
1474 2801 1787 2866 permansit,
1819 2809 1871 2853 et
1898 2800 1976 2855 si-

409 2900 577 2952 gnum
603 2883 701 2937 hoc
730 2895 844 2939 erat
877 2905 889 2937 :
915 2884 1083 2954 Super
1107 2902 1258 2957 quem
1280 2887 1471 2939 videris
1499 2885 1753 2956 Spiritum
1776 2888 1980 2942 descen-

409 2972 638 3035 dentem,
666 2981 713 3024 et
739 2984 1034 3025 manentem
1064 2975 1118 3026 in
1157 2990 1243 3038 eo,
1281 2976 1379 3027 iste
1428 2986 1505 3027 est
1553 2973 1726 3029 Filius
1770 2976 1867 3030 Dei
1909 2977 1972 3030 °°.

410 3058 740 3113 Ministravit
767 3062 981 3130 quidem
1014 3063 1178 3115 verbo
1215 3061 1307 3116 Dei
1346 3062 1537 3130 Spiritu
1567 3064 1925 3121 descendente
1959 3084 1972 3120 :
2004 3110 2043 3130 ι,

410 3156 537 3215 post
569 3148 838 3204 modicum
873 3159 1077 3219 peccat,
1105 3159 1228 3221 post
1264 3152 1535 3206 modicum
1574 3153 1811 3209 otiosum
1856 3170 1978 3210 ver—

410 3240 541 3293 bum
571 3240 813 3308 loquitur
845 3258 857 3294 :
888 3242 1071 3295 nescio
1094 3250 1273 3297 autem
1302 3243 1347 3297 si
1374 3254 1426 3297 et
1465 3243 1583 3298 sine
1612 3254 1834 3313 peccato
1864 3263 1974 3300 nta-

412 3340 558 3387 neat.
590 3331 825 3387 Putasne
861 3345 1124 3402 praesente
1156 3333 1349 3404 Spiritu
1381 3350 1607 3403 peccare
1639 3337 1981 3391 conceditur?

412 3422 589 3492 Super
620 3425 825 3478 nullutn
854 3441 982 3498 ergo
1015 3425 1280 3495 requievit
1303 3427 1523 3495 spiritus
1549 3424 1641 3480 Dei
1679 3430 1973 3484 secundum

410 3515 555 3585 quod
586 3517 843 3584 scriptum
870 3527 951 3570 est
977 3535 989 3570 :
1023 3516 1171 3570 Exiit
1197 3519 1341 3588 virga
1361 3517 1425 3570 de
1452 3518 1631 3573 radice
1649 3518 1797 3574 Iesse
1815 3530 1863 3573 et
1877 3523 1975 3590 {los

408 3609 469 3660 de
500 3607 678 3660 radice
698 3608 810 3677 ejus
845 3608 1101 3673 ascendit,
1129 3618 1178 3662 et
1207 3610 1481 3678 requiescit
1503 3624 1656 3677 super
1674 3627 1790 3664 eum
1820 3614 1977 3684 spiri-

410 3709 491 3750 tus
526 3696 639 3763 Dei,
671 3700 889 3767 spiritus
911 3701 1203 3768 sapientite,
1235 3701 1451 3767 spiritus
1478 3701 1792 3767 intellectus,
1817 3705 1976 3772 spiri-

409 3791 546 3841 ritus
572 3788 779 3842 consilii
808 3800 854 3840 et
883 3790 1087 3842 virtutis
1113 3790 1177 3842 ⁶¹.
1206 3788 1429 3858 Propter
1455 3791 1558 3844 hoc
1589 3794 1767 3861 magni
1796 3793 1976 3846 consi-

410 3880 464 3933 lii
505 3890 588 3932 est
612 3882 855 3949 angelus,
892 3892 1113 3950 promer
1141 3882 1243 3935 hoc
1274 3882 1519 3945 invaluit,
1547 3893 1600 3936 et
1640 3883 1973 3937 invalescens

409 3972 674 4037 ascendit,
706 3981 758 4024 ct
788 3974 1055 4026 mirantur
1079 3988 1201 4026 eum
1238 3974 1463 4028 virtutes
1494 3975 1894 4037 ascendentem,
1921 3981 1973 4028 et

410 4064 598 4117 dicunt
626 4065 693 4116 de
723 4079 789 4117 eo
840 4081 852 4116 :
888 4063 989 4117 Iste
1015 4074 1097 4117 est
1126 4061 1387 4116 Dominus
1417 4062 1574 4116 fortis
1603 4075 1655 4116 et
1697 4073 1886 4131 potens
1917 4064 1973 4117 in

411 4153 612 4222 praglio.
642 4153 722 4206 Ad
762 4153 904 4206 hunc
935 4166 1065 4221 ergo
1092 4150 1267 4207 dicam
1301 4152 1354 4203 in
1391 4151 1631 4204 coelestia
1680 4153 1973 4205 ascenden-

411 4252 535 4306 tem,
565 4244 646 4295 vel
669 4243 733 4295 ad
759 4242 1125 4296 fortitudinem
1157 4242 1293 4310 ejus.
1321 4239 1387 4293 Et
1414 4242 1659 4310 requievit
1687 4255 1840 4309 super
1856 4257 1974 4294 eum

410 4336 625 4402 spiritus
659 4334 867 4387 consilii
915 4344 961 4386 et
1002 4333 1331 4402 fortitudinis
1418 4329 1674 4399 fortitudo
1721 4348 1874 4397 mea,
1922 4341 1971 4385 et

2081 1888 2313 1955 pientiae,
2335 1899 2419 1943 est
2438 1889 2658 1958 quidam
2681 1890 2835 1945 cibus
2852 1892 3102 1945 similiter
3132 1893 3434 1949 intellectus
3451 1905 3504 1949 et
3531 1898 3605 1950 rel
3628 1926 3658 1939 -

2083 1992 2317 2046 quorum
2338 1979 2647 2047 spirituum.
2669 1979 2802 2046 Quis
2823 1991 2906 2035 est
2923 1981 3024 2035 iste
3039 1980 3223 2035 cibus?
3254 1981 3369 2036 Non
3396 1985 3559 2038 timeo
3581 1986 3657 2041 di-

2084 2082 2226 2133 cere,
2242 2069 2396 2123 cibus
2417 2068 2559 2123 alius
2575 2079 2658 2123 est
2675 2079 2827 2123 extra
2849 2072 3006 2132 iStos,
3025 2070 3162 2124 forte
3175 2082 3234 2125 ut
3247 2088 3399 2128 meus
3409 2087 3486 2129 est
3502 2077 3656 2131 cibus

2085 2173 2265 2211 sermo
2290 2158 2405 2224 Dei,
2429 2160 2522 2228 qui
2549 2159 2625 2213 ait
2649 2178 2660 2212 :
2696 2160 2807 2230 Ego
2836 2176 2952 2213 sum
2978 2163 3131 2231 panis
3153 2162 3323 2217 vivens
3346 2167 3434 2234 qui
3450 2166 3510 2219 de
3529 2166 3654 2220 cwlo

2084 2247 2345 2308 descendi,
2380 2254 2431 2300 et
2472 2248 2630 2301 vitam
2661 2247 2728 2300 do
2762 2247 2955 2302 mundo
2982 2248 3047 2313 “;
3074 2247 3153 2302 sic
3182 2250 3463 2319 sapientia:
3498 2251 3654 2306 cibus

2085 2337 2200 2406 ipse
2225 2347 2396 2407 pater.
2422 2337 2647 2407 Propter
2664 2338 2765 2393 hoc
2783 2346 2865 2392 est
2894 2357 2906 2392 :
2936 2339 3082 2393 Meus
3099 2341 3244 2394 cibus
3270 2352 3365 2408 est,
3383 2353 3438 2396 ut
3459 2343 3654 2411 faciam

2082 2428 2397 2482 voluntatem
2434 2429 2548 2497 ejus
2588 2430 2678 2499 qui
2706 2446 2785 2483 me
2816 2431 3001 2495 misit,
3036 2440 3093 2483 ut
3130 2448 3481 2486 consummem
3524 2448 3653 2503 opus

2079 2520 2192 2588 ejus
2214 2520 2276 2571 ⁵⁸.
2305 2517 2409 2572 Nec
2431 2520 2729 2588 putandum
2754 2529 2838 2573 est
2864 2520 3046 2589 aliquo
3068 2519 3308 2592 indigere
3333 2522 3652 2592 sapientiam

2079 2621 2129 2663 et
2155 2611 2501 2676 intellectum,
2520 2619 2851 2681 ceterosque
2868 2612 3112 2681 spiritus,
3136 2613 3264 2682 quia
3288 2614 3451 2668 alium
3470 2615 3650 2669 cib‘uut

2080 2701 2331 2765 habeant,
2367 2716 2488 2754 cum
2533 2700 2698 2755 totius
2737 2701 3157 2770 dispensationis
3187 2720 3327 2758 unus
3373 2705 3444 2759 sit
3497 2705 3652 2761 cibus

2078 2801 2272 2845 natura
2306 2791 2413 2845 Dei.
2452 2791 2653 2845 Panem
2684 2802 2920 2845 nostrum
2948 2793 3463 2867 manducabimus,et
3494 2798 3650 2849 vesti-

2078 2885 2267 2936 mentis
2308 2884 2505 2935 nostris
2543 2882 2852 2952 operiemur.
2889 2882 2981 2937 Est
3014 2885 3234 2954 quidam
3284 2896 3508 2941 ornatus
3556 2903 3649 2942 sa-

2077 2972 2292 3043 pientiai
2320 2988 2426 3041 quo
2459 2973 2764 3028 decoratur.
2791 2971 2991 3027 Ornata
3031 2984 3111 3027 est
3142 2989 3392 3030 sermone
3432 2978 3648 3047 sapien-

2079 3067 2171 3119 tia.
2212 3063 2449 3135 Singulae
2496 3065 2689 3119 harum
2742 3065 3028 3119 mulierum
3074 3068 3271 3121 habent
3305 3079 3644 3124 ornamenta.

2090 3154 2452 3209 Verumtamen
2477 3172 2661 3208 nomen
2689 3167 2836 3209 tuum
2862 3157 3131 3209 invocetur
3152 3174 3308 3227 super
3345 3175 3460 3225 nos,
3496 3162 3648 3229 aufer

2077 3247 2405 3318 opprobrium
2434 3256 2692 3301 nostrum.
2720 3247 2878 3315 Quod
2903 3257 2987 3302 est
3014 3264 3210 3303 nomen
3243 3251 3545 3320 sapientiae?
3566 3252 3649 3306 Je-

2077 3355 2189 3393 sus.
2245 3338 2384 3404 Quid
2433 3348 2517 3393 est
2556 3357 2569 3391 :
2607 3336 2886 3392 Invocetur
2922 3355 3108 3392 nomen
3148 3351 3294 3394 tuum
3331 3358 3488 3412 super
3524 3346 3650 3398 nos?

2077 3430 2188 3501 Ego
2226 3447 2345 3486 sum
2378 3431 2662 3499 sapientia,
2702 3430 2821 3484 volo
2851 3438 2944 3483 tuo
2976 3430 3195 3485 nomine
3222 3435 3403 3488 vocari
3446 3444 3505 3489 ut
3540 3451 3643 3504 ego

2070 3521 2341 3592 sapientia
2372 3521 2526 3575 dicar
2569 3519 2727 3575 Jesus
2751 3560 2766 3585 ,
2823 3529 2883 3574 ut
2925 3520 3228 3577 intellectus
3260 3532 3316 3577 et
3355 3525 3648 3580 consilium

2077 3626 2330 3680 maguum
2363 3620 2415 3664 et
2453 3609 2731 3678 fortitudo,
2767 3618 2821 3664 et
2857 3611 3084 3665 scientia
3120 3620 3173 3665 ct
3194 3612 3366 3681 pietas
3404 3623 3457 3668 et
3482 3615 3648 3669 timor

2021 3686 2029 3693 ’
2075 3700 2167 3754 Dei
2194 3700 2541 3755 nominentur
2566 3698 2745 3764 Jesus,
2773 3708 2833 3754 ut
2867 3700 3049 3754 omnia
3079 3699 3131 3753 in
3161 3702 3416 3757 omnibus
3448 3717 3644 3757 nomen

2075 3799 2227 3843 tuum
2266 3790 2375 3844 liat.
2416 3789 2622 3844 Nomen
2657 3802 2803 3845 tuum
2835 3791 3102 3844 invocetur
3131 3809 3286 3860 super
3312 3808 3404 3844 nos
3426 3833 3443 3857 ,
3492 3793 3647 3862 aufer

2072 3881 2408 3951 opprobrium
2454 3892 2712 3935 nostrum.
2762 3879 2968 3935 Revera
3015 3881 3245 3936 abstulit
3293 3885 3641 3953 opprobrium

2071 3970 2250 4025 Jesus.
2278 3972 2483 4027 Idcirco
2527 3980 2829 4042 surgentes,
2877 3985 3097 4025 oremus
3145 3970 3313 4029 Deum
3360 3975 3453 4045 qui
3503 3978 3647 4034 hunc

2073 4063 2224 4117 misit
2260 4060 2556 4126 hominem,
2590 4070 2645 4114 ut
2679 4071 2882 4130 septem
2914 4063 3201 4118 mulierum
3232 4067 3454 4134 spiritus
3482 4068 3533 4120 in
3574 4084 3640 4121 eo

2072 4153 2457 4221 requiesceret,
2486 4159 2543 4203 ut
2568 4158 2622 4203 et
2645 4152 2801 4205 nobis
2837 4153 2941 4206 iste
2975 4153 3140 4207 homo
3169 4156 3370 4210 tribuat
3392 4173 3642 4210 commu-

2073 4244 2290 4298 nionem
2323 4242 2515 4295 harum
2548 4241 2855 4308 mulierum;
2886 4250 2943 4296 ut
2968 4251 3308 4301 assumentes
3328 4261 3423 4301 eas
3453 4247 3648 4304 tiamus

2073 4334 2364 4403 sapientes,
2397 4332 2751 4402 iutelligentes
2781 4332 2835 4387 in
2873 4332 2982 4389 Deo
3005 4343 3059 4388 et
3083 4336 3397 4392 hominibus
3419 4340 3646 4404 ,.virtu-

410 4426 522 4478 ιαιιδ
571 4442 684 4479 mea
726 4425 1001 4489 Dominus,
1041 4433 1089 4476 et
1129 4424 1299 4491 factus
1330 4435 1408 4476 est
1431 4422 1561 4475 milii
1577 4423 1628 4474 in
1651 4422 1875 4475 salutem
1899 4423 1963 4475 θ’.
2000 4429 2043 4486 D
2071 4426 2215 4480 tibus
2247 4426 2573 4480 adornantes
2602 4427 2838 4480 animam
2870 4436 3113 4482 nostram
3147 4429 3200 4481 in
3227 4428 3446 4485 Christo
3485 4428 3635 4498 Jesu,

413 4516 687 4586 llequievit
712 4530 841 4585 ergo
868 4531 1030 4584 super
1056 4530 1179 4570 eum
1212 4514 1435 4583 spiritus
1479 4513 1591 4575 Dei,
1624 4513 1851 4582 spiritus
1886 4528 1975 4568 sa-

414 4610 619 4675 pientia:
641 4618 693 4662 et
726 4608 1051 4669 intellectus,
1092 4605 1317 4676 spiritus
1363 4605 1576 4659 consilii
1615 4617 1668 4660 et
1703 4605 1973 4660 fortitudi-

414 4700 510 4772 nis,
544 4701 766 4771 spiritus
803 4697 1079 4767 sapientize
1103 4706 1157 4751 et
1183 4695 1430 4765 pietatis,
1463 4706 1516 4750 et
1562 4696 1803 4764 implevit
1844 4712 1969 4752 eum

413 4794 623 4860 spiritus
652 4792 863 4846 timoris
893 4789 1124 4844 Domini.

468 4888 515 4941 5.
534 4888 779 4942 Mulieres
797 4888 1272 4956 igiturqmerentes
1284 4897 1443 4953 quem
1459 4891 1760 4949 assumant,
1777 4899 1965 4953 apprc-

411 4976 635 5035 hendent
668 4988 871 5048 septem
906 4992 1073 5031 unum
1110 4975 1406 5028 hominem.
1440 4973 1506 5028 Et
1535 4974 1639 5029 hoc
1659 4991 1725 5028 ex
1765 4976 1963 5045 priori-

410 5068 501 5125 bus
528 5070 741 5141 pendet,
763 5079 815 5124 et
837 5076 1048 5139 Oportet
1075 5068 1249 5136 primo
1279 5079 1604 5135 cognoscere
1628 5066 1846 5134 quando
1875 5082 1962 5121 re-

406 5159 598 5227 cipiant
624 5171 828 5230 septem
844 5160 1099 5215 mulieres
1128 5170 1295 5211 unum
1314 5155 1611 5208 hominem.
1641 5155 1776 5210 Cum
1793 5156 1961 5212 fortes

407 5247 731 5309 llierusalem
771 5252 1040 5308 humiliati
1071 5249 1302 5307 fuerint,
1337 5262 1464 5301 cum
1513 5247 1753 5302 luxeriut
1793 5250 1961 5304 theca:

405 5356 585 5399 eorum
616 5353 930 5401 ornamenta
958 5342 1188 5395 filiarum
1231 5338 1385 5404 Sion,
1415 5354 1539 5395 eum
1572 5339 1825 5394 derelicta
1852 5339 1962 5394 fue-

406 5433 473 5485 rit
496 5436 582 5491 illa
620 5436 757 5500 sola,
782 5449 910 5490 cum
940 5433 1075 5489 elisa
1128 5429 1287 5485 fuerit
1319 5429 1387 5484 ad
1437 5440 1657 5496 terram,
1703 5437 1826 5483 tunc
1865 5446 1963 5500 ap-

494 5650 536 5680 "
566 5648 726 5703 Num.
759 5663 853 5709 xx,
887 5644 972 5700 10.
1068 5644 1115 5677 ⁸⁸
1141 5642 1248 5699 lsa.
1277 5657 1352 5707 vr,
1387 5642 1440 5697 5.
1544 5639 1589 5672 ⁸³
1614 5637 1751 5709 Gen.
1785 5653 1859 5702 vt,
1885 5638 1939 5693 '5.

407 5712 449 5745 ⁸³
478 5718 575 5772 lsa.
608 5736 678 5786 tv,
716 5719 764 5773 ι.
844 5717 888 5747 ⁵⁵
923 5714 1077 5770 Joan.
1102 5728 1173 5780 vt,
1200 5712 1260 5768 5i
1303 5722 1357 5769 et
1392 5712 1482 5768 55.

2038 5639 2083 5670 ⁶⁰
2107 5634 2264 5693 Joan.
2298 5649 2337 5700 ι,
2367 5633 2457 5699 '53,
2494 5632 2584 5687 ³54.

1561 5710 1605 5743 ⁸³
1633 5707 1794 5763 Joan.
1834 5724 1906 5778 tv,
1952 5708 2044 5762 '54.

2068 4517 2155 4571 cui
2199 4525 2284 4574 est
2321 4516 2492 4588 gloria
2536 4527 2590 4573 et
2631 4517 2926 4587 imperium
2966 4519 3021 4572 in
3064 4531 3259 4574 saecuta
3294 4522 3636 4579 saeculorum.

2066 4610 2262 4663 Amen.

2649 4695 2930 4750 HOMILIA
2963 4697 3054 4755 ιν.

2310 4789 2388 4844 De
2418 4790 2613 4844 visione
2644 4788 2740 4841 Dei
2758 4798 2805 4841 et
2833 4790 3095 4858 seraphin:
3126 4791 3268 4862 (cap.
3302 4793 3401 4866 νι).

2141 4882 2196 4933 1.
2222 4879 2560 4950 lmpossibile
2579 4890 2662 4935 est
2678 4879 2920 4935 invenire
2936 4882 3263 4952 principium
3283 4882 3395 4940 Dei.
3424 4884 3638 4954 Princi-

2069 4972 2219 5040 pium
2237 4982 2389 5027 ortus
2409 4973 2500 5026 Dei
2520 4987 2783 5041 nusquam
2803 4973 3238 5041 comprehendis.
3262 4974 3379 5030 Non
3405 4976 3528 5033 dico
3555 4988 3634 5045 tu,

2070 5063 2162 5118 sed
2186 5079 2358 5131 neque
2372 5063 2592 5133 aliquis,
2612 5079 2711 5134 neq
2722 5063 2837 5131 uel
2848 5062 2949 5131 12
2965 5063 3109 5119 aliud
3132 5066 3426 5136 quidquam
3445 5083 3634 5121 eorum

2069 5168 2190 5222 qua:
2210 5154 2534 5208 subsistunt.
2553 5151 2711 5206 Solus
2729 5150 2971 5206 Salvator
2986 5164 3039 5207 et
3059 5153 3292 5222 Spiritus
3308 5165 3530 5211 sanctus
3542 5157 3635 5225 qui

2069 5262 2284 5314 semper
2307 5245 2528 5300 fuerunt
2552 5260 2673 5298 cum
2691 5243 2821 5308 Deo,
2841 5245 3024 5298 vident
3041 5244 3231 5300 faciem
3254 5247 3395 5314 ejus;
3422 5257 3475 5301 et
3499 5248 3638 5302 forte

2069 5338 2242 5406 angeli
2274 5337 2367 5406 qui
2414 5337 2599 5390 vident
2629 5334 2833 5404 jugiter
2863 5332 3055 5389 faciem
3091 5334 3269 5391 Patris
3317 5337 3410 5405 qui
3448 5345 3533 5391 est
3577 5339 3633 5391 in

2066 5427 2242 5493 caelis,
2275 5427 2453 5482 vident
2484 5434 2539 5480 et
2569 5423 2834 5494 principia
2860 5426 3221 5494 negotiorum.
3251 5424 3342 5480 Sic
3367 5434 3548 5481 autem
3581 5436 3636 5483 et

2662 5631 2709 5665 “
2741 5630 2848 5688 lsa.
2880 5643 2958 5697 si,
3003 5630 3059 5697 l,
3083 5630 3140 5685 2.
3217 5631 3263 5664 ⁶²
3305 5628 3409 5687 lsa.
3449 5644 3548 5702 ιιι,
3575 5632 3633 5687 2.
