4296 6288
551 426 652 482 23.!
2007 427 2247 484 ORlGEl‘

2107 429 2167 484 lG
2180 430 2332 487 EMS
3694 441 3801 499 Q32

556 550 720 618 pedes
753 548 1089 605 abscondunt
1123 557 1245 600 ante
1276 547 1522 601 homines
1549 551 1845 620 seraphin).
1881 550 2123 606 Novissi—
2158 565 2198 616 Λ
2231 563 2378 616 sunt,
2412 570 2440 606 a
2476 552 2744 623 seraphin:
2778 551 3152 622 prophetatur,
3188 554 3314 623 quia
3363 553 3604 610 futurum
3635 561 3703 613 sit
3744 570 3799 615 ut

484 643 508 742 ξ
555 658 643 694 ma
676 642 819 697 enim
848 651 905 695 ut
934 647 1079 701 sunt,
1115 654 1222 692 non
1260 641 1438 692 valent
1461 643 1726 695 enarrari.
1758 641 1888 706 Quis
1918 660 2127 697 ammn-
2229 644 2538 697 universam
2573 654 2768 696 terram
2797 644 2967 712 gloria
3001 643 3092 698 Dei
3125 645 3226 698 mei
3269 646 3525 702 Christus
3559 649 3797 718 impleat.

495 732 503 775 ῗ
555 734 790 787 tiavitde
817 732 1110 785 novissimis
1153 732 1233 785 6“'l
1265 732 1339 786 ait
1375 732 1676 803 Scriptura.
1722 736 1852 801 Qum
1879 737 2125 791 videmus

558 825 637 894 (ut
661 832 835 877 tamen
865 822 1228 886 concedatur,
1264 827 1389 893 quia
1425 826 1604 895 aliqua
1650 828 1918 896 videmus)
1949 831 2122 882 media

552 923 680 967 sunt
712 932 724 967 :
752 928 873 983 qua:
895 924 1021 968 ante
1049 917 1307 970 mundum
1344 917 1569 982 fuerint,
1618 918 1953 987 ignoramus.
1985 919 2126 977 Fue-

552 1015 677 1060 runt
699 1022 866 1076 porro
899 1009 1146 1076 quaedam
1176 1019 1301 1063 ante
1330 1011 1614 1065 mundum.
1639 1010 1770 1077 Quae
1812 1021 1937 1081 post
1964 1030 2126 1067 mun-

548 1099 675 1152 dum
710 1106 964 1152 secutura
997 1099 1125 1164 sint,
1159 1098 1223 1152 ad
1253 1107 1462 1155 certum
1494 1116 1599 1154 non
1642 1103 2120 1171 apprehendimus.

548 1187 721 1243 Erunt
747 1196 928 1244 autem
959 1190 1061 1244 alia
1091 1200 1212 1260 post
1239 1192 1524 1246 mundum.
1546 1191 1620 1246 Ea
1651 1192 1813 1263 igitur
1837 1210 1957 1262 qua:
1984 1195 2124 1249 scri-

545 1292 637 1351 pta
676 1291 844 1337 sunt:
877 1280 942 1335 In
964 1283 1225 1351 principio
1262 1282 1385 1351 fecit
1438 1282 1573 1337 Deus
1603 1282 1789 1337 cmlum
1819 1294 1867 1337 et
1902 1293 2119 1350 terram,

548 1384 691 1426 terra
714 1382 887 1427 autem
909 1385 1021 1427 erat
1042 1374 1319 1427 invisibilis
1348 1383 1396 1427 et
1429 1375 1794 1443 incomposita,
1828 1387 1874 1430 et
1902 1376 2123 1431 tenebras

544 1475 696 1519 erant
728 1483 881 1535 super
901 1467 1169 1536 abyssum,
1198 1476 1247 1520 et
1273 1468 1493 1536 spiritus
1524 1466 1618 1520 Dei
1653 1467 1921 1537 ferebatur
1966 1486 2123 1539 super

544 1573 713 1627 aquas
746 1557 813 1624 ⁸⁷,
834 1556 1333 1626 apprehenduntur.
1373 1556 1582 1613 Mundae
1610 1568 1766 1614 erant
1798 1576 1953 1628 aqum
1981 1562 2116 1626 istav,

549 1649 602 1701 in
636 1649 835 1718 quibus
883 1648 1173 1703 incubabat
1215 1650 1439 1718 spiritus
1479 1649 1590 1705 Dei.
1636 1650 1738 1704 Sed
1789 1662 1843 1705 ct
1888 1653 2121 1707 tenebras

546 1754 670 1808 qnze
722 1755 885 1810 super
937 1742 1191 1813 abyssum
1245 1750 1437 1807 erant,
1492 1758 1598 1795 non
1658 1732 1785 1796 sunt
1845 1743 2117 1811 ingenitas.

550 1828 850 1900 Utrumque
902 1830 1045 1885 enim
1093 1847 1156 1885 ex
1212 1831 1381 1885 nihilo
1430 1841 1670 1885 creatum
1721 1841 1822 1886 est.
1869 1831 2006 1885 Audi
2065 1831 2116 1885 in

2232 737 2285 791 ln
2318 738 2571 791 onmibus
2599 738 2797 806 quippe
2825 739 2916 807 qui
2940 740 3350 794 conversatione
3377 756 3473 795 Sua
3498 743 3801 811 gloriﬁcent

2233 829 2420 894 Deum,
2456 830 2625 899 gloria
2657 829 2754 882 Dei
2777 839 2882 893 est,
2912 840 3074 899 atque
3102 831 3171 884 ita
3197 831 3447 886 universa
3468 841 3608 887 terra
3637 836 3795 904 plena

2227 930 2312 975 est
2359 921 2529 990 gloria
2579 920 2696 975 Dei.
2738 921 2877 975 Olim
2918 935 3024 975 non
3073 922 3256 976 omnis
3289 931 3430 977 terra
3475 924 3632 992 plena
3677 937 3796 981 erat

2227 1011 2399 1081 gloria
2432 1010 2543 1077 Dei,
2579 1011 2672 1065 sed
2709 1026 2849 1065 unus
2874 1011 3106 1081 angulus
3132 1021 3309 1076 terrm,
3334 1013 3551 1082 quando
3577 1015 3794 1071 diccba-

2226 1112 2352 1157 tur:
2382 1101 2553 1157 Notus
2587 1104 2641 1156 in
2662 1101 2852 1156 Judwa
2876 1101 3033 1165 Deus,
3066 1104 3121 1155 in
3153 1101 3320 1157 Israel
3342 1121 3585 1175 magnum
3608 1122 3791 1160 nomen

2223 1193 2337 1261 ejus
2367 1195 2434 1247 ’¹.
2461 1192 2644 1248 Gloria
2677 1192 2809 1259 Deo,
2841 1194 2934 1263 qui
2970 1194 3120 1248 misit
3151 1194 3345 1249 Filium
3372 1211 3554 1263 suum,
3579 1205 3639 1252 ut
3673 1213 3790 1252 om-

2226 1286 2311 1340 nis
2341 1294 2482 1340 terra
2513 1286 2669 1356 plena
2696 1286 2844 1340 lieret
2863 1287 3030 1357 gloria
3068 1302 3188 1342 sua.
3225 1285 3329 1342 Sed
3359 1287 3491 1357 quid
3512 1288 3607 1342 tibi
3631 1289 3791 1359 proda

2224 1384 2337 1441 est,
2365 1375 2410 1430 si
2454 1384 2596 1430 terra
2621 1376 2777 1445 plena
2809 1377 2880 1432 sit
2923 1388 3143 1448 propter
3180 1378 3440 1436 ecclesias
3486 1379 3787 1442 beatorum,

2223 1466 2318 1535 qui
2343 1467 2650 1536 ubicunque
2680 1480 2826 1534 sunt,
2868 1469 3038 1539 gloria
3068 1470 3199 1536 Dei,
3247 1480 3301 1525 tu
3344 1481 3523 1525 autem
3563 1486 3672 1525 non
3716 1471 3793 1526 sis

2222 1558 2495 1628 particeps
2522 1558 2707 1626 gloria:
2735 1560 3086 1628 plenitudinis
3114 1560 3233 1616 Dei?
3253 1560 3316 1616 Et
3352 1571 3406 1616 tu
3430 1577 3560 1632 ergo
3584 1563 3790 1625 labora,

2222 1658 2276 1702 et
2309 1649 2361 1702 in
2389 1648 2601 1704 cunctis
2628 1649 2832 1704 enitere
2857 1659 2915 1704 ut
2947 1652 3023 1705 sis
3053 1653 3280 1722 gloriam
3316 1651 3404 1707 Dei
3431 1668 3700 1722 quaerens,
3734 1664 3793 1709 ut

2224 1739 2486 1793 inhabitet
2525 1748 2580 1793 et
2628 1741 2867 1795 inveniat
2909 1741 3088 1796 locum
3133 1744 3184 1797 in
3224 1753 3291 1807 te,
3322 1752 3377 1798 et
3412 1744 3510 1798 fias
3535 1746 3697 1799 etiam
3733 1753 3788 1798 ιιι

2225 1846 2347 1885 cum
2374 1832 2520 1885 omni
2554 1832 2773 1886 terrain
2801 1848 2907 1902 qua
2941 1843 3024 1889 est
3052 1835 3223 1903 gloria
3261 1835 3351 1889 Dei
3385 1836 3575 1904 plena,
3619 1837 3788 1906 gloria

547 1920 682 1975 Isaia
719 1922 985 1975 dicentem
1018 1921 1306 1975 Dominum
1349 1940 1363 1977 :
1398 1920 1509 1991 Ego
1542 1921 1683 1975 Dens
1717 1923 1807 1991 qui
1848 1925 2120 1976 constt-uati
2157 1900 2196 1953 Β
2221 1922 2360 1992 ejus.
2393 1922 2677 1988 Quomodo
2707 1924 2763 1977 lit
2793 1900 2889 1993 per
2929 1900 3174 1995 singulos
3223 1900 3471 1981 nostrum
3511 1900 3790 1995 plenitudo

546 2011 735 2073 lucem,
767 2022 816 2065 et
848 2012 952 2080 feci
979 2010 1216 2065 tenebras
1246 2011 1311 2064 ⁸⁸.
1364 2011 1505 2065 Audi
1533 2011 1853 2081 sapientiam
1897 2013 1949 2066 in
1981 2010 2119 2066 Pro-

545 2096 746 2151 verbiis
797 2098 1176 2166 praedicantem
1233 2115 1247 2152 :
1314 2101 1449 2152 Ante
1497 2114 1676 2152 omnes
1733 2099 1948 2168 abyssos
1992 2110 2119 2155 nuta

544 2200 661 2238 sum
699 2185 764 2238 ⁸⁸.
797 2183 915 2239 Νοιι
948 2194 1107 2240 erant
1144 2185 1244 2241 ista
1280 2185 1516 2256 ingenita
1539 2226 1554 2251 ,
1591 2188 1684 2242 sed
1729 2188 1982 2256 quando,
2037 2188 2119 2242 rel

543 2275 820 2344 quomodo
846 2286 973 2330 sunt
1003 2287 1151 2340 nata,
1186 2277 1392 2332 nescio.
1429 2276 1690 2331 Velantur
1715 2279 1858 2332 enim
1901 2295 1932 2333 a
1968 2294 2119 2333 sera-

543 2367 692 2435 pbim
722 2368 902 2437 priora
930 2384 1154 2439 operum
1189 2368 1303 2435 Dei,
1336 2370 1389 2423 id
1416 2380 1498 2425 est
1522 2369 1689 2426 facies
1720 2370 1836 2437 Dei;
1869 2372 2119 2428 similiter

542 2465 724 2511 autem
759 2468 810 2512 et
844 2458 1028 2528 pedes.
1080 2459 1152 2514 Ea
1185 2475 1306 2530 qua:
1353 2469 1476 2530 post
1519 2469 1821 2516 extremum
1857 2464 2115 2518 szeculum

544 2546 727 2601 futura
757 2557 886 2603 sunt
912 2549 965 2603 in
996 2549 1194 2605 saecula
1225 2551 1570 2614 saeculorum,
1593 2554 1718 2622 quis
1750 2562 1927 2622 potest
1951 2556 2118 2624 espo-

544 2639 710 2693 nere?
749 2638 1103 2696 Garrulorum
1156 2652 1240 2697 est
1287 2643 1570 2698 hominum
1623 2645 1815 2697 borum
1868 2647 2115 2700 notitiam

539 2729 803 2798 polliceri,
830 2731 1185 2786 nescientium
1212 2734 1337 2800 quia
1371 2734 1536 2787 homo
1580 2749 1642 2787 ea
1696 2743 1905 2789 tantum
1938 2746 2118 2807 potest

540 2836 735 2889 capere
763 2837 883 2888 quxe
920 2822 1095 2898 media
1146 2831 1293 2887 sunt,
1319 2832 1371 2877 et
1409 2839 1471 2877 ea
1506 2840 1626 2892 qua:
1680 2833 1802 2894 post
1856 2829 2113 2883 mundum

543 2924 719 2978 usque
746 2911 812 2964 ad
843 2912 1370 2967 consummationem
1405 2914 1457 2967 in
1494 2914 1704 2983 judicio
1738 2927 1865 2971 sunt
1907 2917 2111 2982 futura,

540 3000 608 3052 de
637 3001 833 3068 ptenis,
857 3002 922 3056 de
950 3002 1324 3057 retributione.
1366 3002 1431 3058 Et
1460 3005 1652 3062 borum
1694 3024 1912 3079 quoque
1944 3012 2111 3067 multa

542 3088 807 3143 absconsa
839 3101 964 3144 sunt
991 3092 1168 3155 nobis,
1208 3100 1267 3145 ut
1297 3103 1518 3162 propter
1568 3096 1672 3153 hoc
1704 3099 1922 3167 quidem
1977 3101 2113 3156 scri-

543 3188 693 3246 ptum
727 3180 799 3234 sit
825 3178 1003 3251 (Vers.
1034 3182 1138 3252 2):
1184 3182 1401 3238 Duabus
1448 3186 1688 3242 vetabant
1732 3189 1942 3258 faciem.
1992 3190 2108 3245 Non

542 3268 717 3322 solum
746 3279 925 3325 autem
959 3272 1229 3337 velabant,
1261 3275 1353 3329 sed
1397 3284 1451 3329 et
1483 3279 1880 3346 contegebant,
1926 3280 1975 3334 id
2029 3289 2114 3335 est

543 3358 624 3412 sic
652 3360 922 3424 velabant,
966 3370 1027 3415 ut
1068 3377 1168 3417 nec
1208 3364 1483 3420 modicum
1528 3367 1802 3421 videretur
1846 3370 2111 3438 priorum,

542 3450 667 3505 dico
698 3459 877 3506 autem
911 3451 1088 3519 faciei;
1123 3469 1299 3524 neque
1330 3457 1607 3526 paululum
1633 3459 1761 3526 quid
1794 3475 2116 3530 agnoscere-

544 3550 634 3596 tur
662 3542 1107 3606 ncvissimorum,
1140 3543 1244 3599 hoc
1272 3553 1355 3600 est
1381 3547 1575 3614 pedum
1602 3547 1743 3615 ejus.
1787 3546 2000 3600 Duabus
2027 3564 2115 3601 vo-

543 3633 747 3687 labant.
782 3633 981 3704 Aperta
1022 3642 1151 3689 sunt
1193 3636 1367 3690 media
1397 3638 1462 3691 ad
1495 3638 1990 3706 contemplandum.
2042 3638 2114 3693 Et

542 3723 845 3777 clamabant
889 3722 1024 3777 alter
1070 3722 1140 3777 ad
1181 3724 1424 3779 alterum.
1470 3724 1586 3779 Non
1621 3727 1756 3780 alter
1801 3727 1868 3781 ad
1905 3727 2111 3796 plures,

542 3816 636 3869 sed
677 3816 816 3870 alter
856 3815 923 3870 ad
974 3816 1226 3871 alterum.
1275 3818 1477 3872 Audire
1514 3820 1659 3873 enim
1692 3820 2110 3874 sanctitudinem

542 3904 637 3958 Dei
665 3921 787 3975 qua:
811 3906 1169 3960 annuntiatur
1194 3922 1223 3959 a
1261 3906 1559 3975 Salvatore,
1593 3909 1748 3979 juxta
1798 3910 2110 3981 dignitatem

541 3995 620 4047 rei
647 4010 806 4048 nemo
835 4006 1008 4065 potest
1031 3998 1136 4053 nisi
1170 3998 1406 4068 Spiritus
1424 4009 1668 4066 sanctus;
1695 4001 1969 4069 quomodo
1991 4017 2113 4054 rur—

540 4102 660 4140 sum
695 4085 999 4142 inhabitare
1028 4089 1441 4144 sanctimoniam
1487 4090 1578 4145 Dei
1610 4107 1730 4162 qua:
1757 4093 2111 4147 annuntiatur

539 4192 572 4230 a
599 4175 799 4246 Spiritu
828 4186 1039 4243 sancto,
1072 4193 1231 4235 nemo
1262 4189 1439 4249 potest
1477 4182 1581 4236 nisi
1634 4184 1785 4238 solus
1836 4181 2105 4237 Salvator.

537 4269 620 4323 0b
668 4268 719 4322 id
770 4268 906 4322 alter
951 4268 1017 4322 ad
1062 4270 1289 4324 alterum
1325 4270 1652 4339 clamabant,
1687 4283 1744 4329 et
1793 4274 2045 4329 dicebant
2090 4291 2104 4327 :

538 4359 718 4429 (Vers.
749 4361 803 4430 5)
833 4359 1080 4422 Sanctus,
1110 4372 1346 4427 sanctus,
1372 4376 1608 4416 sanctus.
1635 4363 1752 4418 Non
1793 4365 1875 4417 eis
1909 4362 2107 4417 sullicit

536 4453 702 4506 semel
727 4452 963 4504 clamare
997 4468 1009 4503 :
1042 4450 1291 4516 Sanctus,
1323 4467 1497 4520 neque
1528 4453 1631 4516 bis,
1682 4453 1775 4505 sed
1806 4450 2102 4520 perfectum

2222 2015 2409 2084 gloria:
2446 2013 2562 2069 Dei?
2591 2012 2647 2067 Si
2680 2030 2800 2083 qua:
2830 2013 2971 2070 facio
2994 2056 3009 2078 ,
3047 2032 3168 2086 qua:
3196 2016 3427 2087 loquor,
3461 2018 3516 2071 in
3560 2018 3787 2088 gloriam

2224 2104 2313 2157 Dei
2357 2104 2507 2168 ﬁant,
2561 2104 2751 2172 plenus
2802 2120 2983 2161 sermo
3030 2123 3185 2162 meus
3229 2116 3282 2162 ct
3318 2118 3474 2163 actus
3516 2109 3575 2163 lit
3618 2108 3786 2177 gloria

2221 2194 2336 2248 Dei.
2370 2193 2428 2248 Si
2458 2203 2511 2250 et
2531 2210 2842 2265 processus,
2879 2205 2933 2250 et
2964 2196 3244 2267 ingressus
3275 2213 3431 2253 meus
3469 2198 3523 2252 in
3560 2198 3786 2268 gloriam

2221 2284 2316 2339 Dei
2347 2296 2449 2351 cst,
2487 2288 2531 2340 si
2563 2286 2740 2350 cibus,
2774 2286 2818 2340 si
2851 2297 3010 2356 potus
3036 2301 3211 2354 meus,
3250 2288 3294 2342 si
3328 2288 3512 2344 omnia
3545 2304 3668 2359 qua!
3702 2287 3787 2344 fa-

2220 2376 2327 2441 eio,
2353 2376 2405 2430 in
2425 2376 2652 2447 gloriam
2682 2376 2772 2431 Dei
2804 2376 2959 2441 ﬁant,
2984 2386 3039 2432 et
3067 2393 3167 2448 ego
3186 2379 3458 2449 particeps
3480 2394 3600 2434 sum
3629 2379 3788 2435 istius

2217 2467 2343 2522 dicti
2375 2485 2390 2520 :
2429 2466 2594 2520 Plena
2615 2476 2692 2521 est
2715 2475 2858 2520 terra
2879 2467 3052 2537 gloria
3092 2469 3227 2536 ejus.
3256 2467 3392 2523 Cum
3426 2483 3557 2539 ergo
3602 2469 3784 2523 omnia

2218 2559 2323 2613 ista
2353 2556 2547 2623 fecero,
2583 2558 2849 2612 clevatum
2878 2565 2965 2612 est
2994 2555 3409 2627 superliminare
3448 2575 3480 2614 a
3521 2575 3653 2616 voce
3700 2575 3786 2615 se-

2220 2652 2454 2722 rapbim,
2487 2667 2592 2722 qua
2639 2651 2962 2707 clamabant.
3001 2651 3225 2706 Beatum
3252 2661 3337 2707 est
3366 2653 3549 2722 itaque
3581 2668 3782 2706 unum-

2216 2759 2485 2814 quemque
2507 2754 2755 2801 nostrum
2783 2743 2856 2798 ita
2880 2743 3131 2799 laborare
3151 2751 3210 2797 ut
3231 2743 3503 2813 particeps
3520 2742 3612 2797 ﬁat
3633 2742 3783 2809 ostii,

2214 2844 2269 2891 et
2298 2835 2731 2906 superliminaris
2760 2835 2923 2904 ostii,
2969 2835 3114 2905 quod
3137 2828 3292 2905 juxta
3330 2834 3663 2889 intellectum
3701 2842 3783 2889 est

2215 2927 2465 2982 Christus
2502 2927 2665 2983 Deus.
2704 2925 2891 2997 Neque
2943 2927 3091 2983 enim
3144 2926 3400 2982 indecens
3456 2925 3602 2981 dictu
3661 2939 3784 2978 reor

2214 3015 2413 3071 ostium
2454 3030 2709 3083 carnem,
2756 3027 2810 3072 et
2844 3017 3264 3087 superliminare
3296 3016 3520 3072 verbum
3573 3031 3783 3072 nuncu-

2214 3107 2354 3175 pari.

2285 3193 2499 3250 '5.Vers.
2535 3196 2591 3261 4,
2729 3195 2998 3250 Elevatum
3044 3207 3119 3251 est
3154 3196 3552 3263 superliminare
3589 3212 3622 3249 a
3665 3211 3784 3250 race

2216 3304 2321 3357 qua
2360 3285 2681 3349 clamabant,
2716 3295 2763 3339 et
2788 3285 2974 3339 domus
3019 3285 3215 3356 repleta
3251 3296 3326 3340 est
3363 3287 3528 3355 fumo.
3578 3286 3782 3341 Fumus

2215 3380 2317 3436 iste
2350 3381 2554 3435 donum
2584 3388 2668 3435 est
2704 3379 2770 3434 de
2795 3379 2964 3449 gloria
2992 3377 3106 3433 Dei.
3139 3378 3208 3432 Et
3230 3379 3345 3432 dixi
3369 3395 3388 3433 :
3414 3378 3458 3434 0
3483 3380 3641 3432 miser
3666 3393 3781 3447 ego,

2213 3473 2461 3540 quoniam
2497 3482 2837 3541 compunctus
2862 3471 3017 3524 sum!
3050 3471 3352 3540 Antequam
3398 3471 3581 3525 videas
3616 3470 3782 3525 visio-

2215 3580 2361 3630 nem,
2395 3579 2502 3618 non
2537 3563 2811 3618 conﬁteris
2834 3571 2884 3617 te
2907 3577 3028 3618 esse
3059 3561 3337 3625 miserum,
3373 3576 3406 3615 ο
3440 3559 3618 3614 Isaia?
3659 3559 3776 3614 Non

2214 3655 2291 3708 ait
2327 3672 2340 3708 :
2376 3654 2614 3724 quandiu
2639 3654 2773 3708 vixit
2807 3653 2985 3720 Osias,
3032 3668 3209 3722 neque
3242 3653 3295 3706 in
3335 3668 3555 3707 sensum
3597 3668 3778 3706 meum

2180 3768 2181 3771 η
2212 3746 2360 3801 venit
2390 3747 2518 3816 quia
2550 3747 2716 3800 miser
2748 3761 2947 3801 essem.
2993 3744 3200 3815 Incipio
3233 3753 3411 3799 autem
3454 3759 3617 3799 nosse
3649 3744 3776 3813 quia

2212 3838 2380 3892 miser
2413 3854 2556 3901 sum,
2588 3838 2810 3907 quando
2859 3837 3018 3893 video
3047 3837 3311 3891 visionem
3345 3836 3609 3891 moriente
3644 3835 3777 3890 mihi

2212 3926 2338 3983 Osia
2365 3942 2487 3997 rege
2511 3928 2747 3996 leproso,
2779 3936 2833 3981 et
2858 3928 2979 3982 dico
3018 3946 3033 3981 :
3066 3926 3111 3981 0
3135 3928 3293 3981 miser
3308 3926 3425 3997 ego!
3454 3925 3609 3982 Nunc
3642 3927 3775 3981 inei-

2212 4018 2301 4088 pio
2321 4026 2374 4072 et
2405 4032 2505 4088 ego
2539 4017 2788 4072 conﬁteri
2836 4017 3100 4082 Domino,
3134 4024 3186 4071 et
3217 4017 3397 4073 dicere
3435 4015 3502 4072 de
3546 4026 3791 4070 memeta

2211 4108 2328 4178 ipso
2357 4128 2369 4162 :
2395 4106 2438 4163 Ο
2465 4106 2631 4163 miser
2655 4109 2787 4178 ego!
2820 4105 3105 4173 Quomodo
3132 4106 3298 4162 Isaias
3330 4107 3460 4162 dicit
3491 4123 3505 4161 :
3535 4105 3578 4161 0
3612 4106 3776 4162 miser

2209 4217 2330 4272 ego.
2357 4201 2608 4257 Proxime
2635 4210 2814 4256 autem
2850 4201 2974 4255 huic
2996 4209 3051 4255 et
3085 4199 3374 4269 Apostolus
3405 4197 3535 4253 dicit
3565 4214 3578 4251 :
3613 4197 3777 4250 Miser

2206 4310 2299 4363 ego
2330 4294 2504 4360 homo,
2552 4294 2667 4362 quis
2710 4309 2788 4346 me
2821 4291 3063 4345 liberabit
3096 4290 3159 4342 de
3196 4304 3407 4357 corpore
3448 4288 3630 4341 mortis
3671 4288 3773 4340 liu-

2208 4386 2293 4450 ius
2321 4379 2641 4438 "’?Beatum
2673 4391 2755 4436 est
2806 4396 2936 4451 ergo
2965 4390 3023 4433 ut
3052 4379 3310 4431 miserum
3354 4391 3438 4430 me
3475 4376 3664 4430 fatear.
3714 4376 3773 4431 Si

2209 4490 2297 4527 me
2340 4473 2717 4536 bumiliavero,
2747 4479 2801 4524 et
2844 4469 3113 4539 paenitens
3149 4480 3312 4534 super
3357 4464 3591 4534 peccatis
3636 4465 3773 4519 meis

538 4558 825 4596 "umerum
885 4540 1168 4594 Τνίηίιθιίε
1220 4548 1508 4594 “smmum
1532 4579 1548 4606 ν
1602 4548 1662 4593 υι
1702 4538 2100 4592 multitudinem
2136 4562 2178 4616 D
2208 4562 2427 4626 [lc-vero,
2457 4560 2709 4613 exaudiet
2751 4538 3029 4622 meDeus,
3064 4565 3117 4609 et
3154 4556 3303 4608 dabit
3343 4554 3472 4608 mibi
3519 4554 3774 4609 liberato-

536 4634 841 4688 sanctitatis
869 4631 1218 4687 manifestent
1246 4629 1360 4695 Dei,
1389 4645 1511 4698 qua:
1542 4639 1626 4684 est
1655 4630 1812 4684 trinas
1838 4630 2102 4684 sanctita-

536 4726 609 4778 tis
634 4725 856 4793 repetita
884 4724 1271 4783 communitas,
1304 4720 1564 4775 sanctitas
1602 4718 1801 4786 Patris,
1843 4720 2106 4775 sanctitas

537 4815 801 4884 unigeniti
858 4814 1019 4878 Filii,
1078 4823 1133 4868 et
1195 4813 1427 4884 Spiritus
1470 4812 1665 4867 sancti.
1715 4812 1925 4866 Etenim
1982 4828 2107 4865 san-

535 4905 772 4973 cti/icans
805 4913 853 4958 et
875 4906 1195 4975 sancti/icati
1222 4920 1286 4958 ea:
1307 4921 1409 4957 uno
1429 4920 1603 4958 omnes
1626 4903 1692 4958 7°.
1724 4903 1827 4969 Qui
1868 4903 2107 4959 sanctifi—

534 5007 622 5051 cat
652 4994 898 5050 Salvator
921 5005 1023 5060 est,
1066 4996 1223 5065 juxta
1250 4997 1352 5052 hoc
1392 4996 1537 5067 quod
1581 4996 1742 5051 homo
1781 5004 1864 5051 est
1912 5012 1943 5051 a
1992 4996 2104 5050 Deo

533 5088 694 5143 Patre
741 5087 1013 5158 accipiens
1054 5088 1416 5143 sanctitatem.
1444 5088 1654 5152 ,Dicunt
1690 5087 1873 5158 itaque
1915 5105 1928 5141 :
1961 5085 2101 5142 San-

530 5199 670 5251 c:us,
692 5192 928 5248 sanctus,
955 5193 1170 5237 sanctus
1199 5180 1450 5235 Dominus
1471 5180 1609 5236 Deus
1637 5178 1889 5236 Sabaoth.
1926 5178 2098 5235 luter-

533 5288 776 5349 pretatur
800 5276 1061 5340 Sabaoth,
1092 5284 1149 5329 ut
1176 5272 1368 5345 Aquila
1395 5273 1634 5339 tradidit,
1667 5272 1921 5327 Dominus
1954 5273 2100 5326 mili-

534 5372 752 5425 tiaram.

599 5482 654 5534 2.
692 5480 855 5535 Plena
877 5489 953 5534 est
976 5479 1144 5533 omnis
1171 5486 1309 5531 terra
1331 5475 1502 5547 gloria
1518 5475 1652 5546 ejus.
1672 5473 1808 5530 Olim
1834 5475 1989 5544 plena
2011 5475 2101 5527 do-

535 5587 655 5628 mus
684 5582 800 5627 erat
833 5572 1026 5642 gloria,
1073 5585 1219 5624 nunc
1253 5584 1382 5624 vero
1419 5568 1504 5623 his
1555 5568 1649 5638 qui
1689 5581 1851 5636 super
1897 5574 2097 5619 terram

601 5685 648 5716 ⁸⁸
679 5683 780 5738 lsa.
814 5700 923 5747 xu,
956 5683 1046 5737 26.
1101 5683 1143 5715 "
1174 5680 1370 5737 Cenes.
1403 5697 1439 5745 I,
1470 5680 1520 5748 Ι,
1555 5679 1611 5733 2.
1688 5679 1734 5712 ⁶⁸
1767 5677 1870 5734 lsa.
1900 5691 2020 5743 xw,
2052 5673 2104 5727 7.

534 5754 579 5785 τ’
609 5752 767 5807 Rom.
825 5769 919 5821 vn,
954 5753 1044 5807 24.
1121 5753 1166 5784 ’⁷³
1200 5752 1330 5807 ibid.
1359 5750 1450 5805 25.

2207 4665 2342 4712 rem,
2367 4658 2420 4703 et
2442 4650 2616 4704 dicam
2649 4667 2661 4701 :
2688 4647 2900 4701 Gratias
2925 4646 3033 4699 Deo
3050 4661 3142 4715 per
3161 4643 3341 4698 Jesum
3368 4644 3636 4699 Christum
3664 4645 3771 4698 Do-

2207 4740 2404 4792 minum
2432 4748 2670 4792 nostrum
2692 4737 2756 4790 ⁷³.
2789 4736 2984 4792 Verum
3015 4752 3081 4792 ex
3102 4737 3263 4790 corde
3288 4736 3534 4791 dicamus
3568 4757 3581 4791 ;
3611 4734 3774 4791 Miser

2206 4843 2308 4898 ego
2334 4844 2476 4883 sum.
2501 4826 2885 4898 Unusquisque
2925 4827 3079 4897 113
3107 4828 3418 4882 recordetur
3454 4843 3647 4883 causas
3670 4827 3773 4881 mi—

2209 4920 2475 4977 seriarum
2499 4934 2722 4974 suarum
2739 4927 2790 4974 et
2815 4919 3030 4985 delicta,
3056 4926 3110 4972 et
3134 4919 3379 4973 dicamus
3401 4929 3681 4988 surgentes
3704 4916 3769 4971 ad

2208 5010 2534 5075 orationem,
2556 5022 2822 5061 memores
2841 5008 3056 5078 quidem
3076 5006 3232 5078 quasi
3246 5010 3562 5062 conﬁtcntes
3582 5047 3596 5071 ,
3620 5005 3770 5059 obliti

2208 5107 2389 5154 autem
2422 5097 2577 5168 quasi
2600 5097 2712 5167 jam
2747 5112 2853 5151 non
2884 5097 3163 5161 facientes,
3195 5105 3249 5150 et
3273 5097 3518 5151 dicamus
3556 5113 3569 5150 :
3604 5093 3770 5148 Miser

2207 5189 2567 5260 ego,quoniam
2593 5198 2930 5256 compunctus
2965 5202 3100 5241 sum.
3131 5183 3247 5239 Non
3296 5195 3376 5239 cst
3414 5194 3770 5253 compunctus

2205 5290 2497 5349 antequam
2533 5277 2738 5332 videret
2766 5279 3054 5339 visionem,
3088 5284 3374 5346 antequam
3405 5274 3562 5328 Osias
3592 5289 3769 5328 more-

2206 5381 2354 5427 retur
2385 5386 2543 5426 :cum
2577 5371 2766 5440 incipit
2791 5371 3160 5440 paenitentiam
3187 5382 3363 5438 agere,
3388 5366 3569 5420 statim
3593 5366 3725 5421 dicit
3750 5382 3766 5420 :

2204 5464 2453 5533 quoniam
2490 5471 2828 5532 compunctus
2867 5478 3005 5516 sum.
3056 5458 3113 5513 Si
3153 5458 3276 5528 quis
3325 5457 3442 5513 sine
3475 5473 3637 5513 sensu
3684 5466 3766 5514 est

2199 5555 2354 5624 juxta
2390 5554 2700 5608 interiorem
2731 5552 3035 5615 hominem,
3069 5565 3191 5603 cum
3228 5556 3478 5619 peccator
3501 5550 3606 5615 sit,
3655 5563 3762 5604 non

2757 5667 2801 5699 7°
2833 5665 2964 5720 lleb.
3001 5679 3060 5729 ιι,
3094 5664 3179 5718 11.
3256 5663 3298 5695 ⁷⁸
3336 5661 3478 5720 Psal.
3512 5678 3672 5723 Lxxv,
3708 5661 3741 5713 2

2181 5673 2226 5705 ⁸⁸
2256 5668 2416 5723 Prov.
2446 5682 2563 5734 vm,
2590 5665 2679 5722 21.
