4296 6288
365 349 474 408 97:5

377 467 780 542 tempungitur;
815 467 911 524 sed
941 469 1101 540 quasi
1135 469 1190 524 in
1226 470 1498 525 exteriora
1535 471 1780 526 membra
1834 471 1955 526 licet
1990 476 2033 531 Λ

382 564 641 618 adhibeas
681 561 969 616 stimulum
994 603 1010 628 ,
1054 577 1164 616 non
1209 561 1373 617 sentit
1410 571 1688 616 mortuum
1735 578 1959 632 corpus,

389 657 572 713 eodem
616 655 779 708 modo
821 655 868 708 si
918 654 1180 709 adhibeas
1236 657 1508 724 pcccatori
1567 656 1729 709 verba
1777 654 1962 709 divina

389 748 703 803 mortificato
735 763 835 815 per
865 753 1183 815 peccatum,
1231 754 1285 800 et
1322 761 1429 800 non
1477 747 1653 816 agenti
1693 747 1964 816 paeniten-

383 838 535 902 tiam,
560 851 741 905 neque
775 844 1011 890 llitBSlUS
1040 843 1144 902 est,
1176 850 1357 904 neque
1385 837 1632 904 poenitet,
1653 852 1828 906 neque
1861 837 1960 890 ha-

380 931 462 984 bet
501 929 789 985 tristitiam
821 939 1136 998 operantem
1181 927 1581 984 confessionem
1610 967 1626 994 ,
1683 930 1962 986 tristitiam

377 1039 493 1092 quae
524 1022 834 1076 secundum
861 1020 1028 1075 Deum
1058 1029 1161 1076 cst.
1198 1019 1256 1074 Si
1285 1021 1412 1091 quis
1435 1029 1619 1075 autem
1644 1020 1758 1073 vult
1789 1021 1966 1075 salva-

378 1114 443 1179 ri,
468 1122 522 1168 et
553 1113 793 1168 audierit
824 1128 1105 1167 sermones
1145 1113 1428 1183 arguentis
1461 1127 1542 1178 se,
1573 1120 1629 1166 et
1660 1113 1966 1181 corripien-

373 1203 464 1266 tis,
501 1205 685 1259 statim
729 1205 860 1259 dicit
906 1221 919 1257 :
949 1204 992 1257 0
1025 1203 1191 1258 miser
1220 1219 1341 1273 ego.
1377 1201 1489 1257 Nec
1521 1201 1719 1257 sufﬁcit
1761 1204 1962 1270 dicere,

380 1297 540 1349 miser
560 1312 677 1366 ego;
707 1295 1089 1366 apponendum
1113 1308 1195 1350 est
1215 1296 1286 1356 ei,
1311 1296 1436 1365 quia
1462 1305 1802 1364 compunctus
1821 1311 1960 1350 sum.

379 1384 711 1455 Utinamque
773 1387 1007 1455 amplius
1052 1387 1522 1456 compungamur!
1559 1385 1773 1451 Quanto
1815 1386 1960 1442 enim

381 1476 503 1544 plus
537 1477 990 1546 compungimur,
1039 1486 1190 1530 tanto
1237 1477 1360 1545 plus
1405 1475 1563 1531 nobis
1614 1485 1961 1546 peccatorum

377 1569 596 1623 vincula
628 1570 899 1623 laxantur.
931 1568 1156 1638 Propter
1183 1569 1286 1624 hoc
1315 1569 1507 1624 Achab
1537 1569 1626 1624 ille
1674 1585 1780 1622 non
1814 1570 1959 1623 mul-

380 1670 496 1715 tum
553 1663 807 1717 utilitatis
849 1672 933 1717 est
975 1672 1340 1726 consecutus,
1388 1663 1518 1733 quia
1558 1678 1667 1716 non
1725 1663 1958 1718 multum

374 1762 738 1823 compunctus
767 1764 882 1820 est;
919 1754 1013 1809 sed
1045 1763 1405 1823 compunctus
1433 1755 1652 1824 quidem
1683 1765 1767 1809 est
1792 1753 1958 1808 semel

1646 348 1718 404 lN
1755 345 1989 403 lSAlAM
2025 346 2306 402 llOMlLlA
2345 349 2407 403 ν.

3536 348 3640 402 264

2133 472 2185 524 5.
2228 471 2296 524 Et
2333 471 2523 524 missus
2561 477 2636 522 est
2681 467 2750 520 ad
2793 485 2869 522 me
2921 484 3052 521 unus
3083 467 3145 522 de
3179 467 3465 538 seraphim,
3505 481 3551 520 et
3585 469 3639 520 in

2067 581 2224 616 manu
2251 564 2364 632 ejus
2387 562 2608 617 habebat
2639 561 2936 625 carbonem,
2963 576 3112 630 quem
3139 571 3408 630 acceperat
3441 560 3639 630 forcipe

2063 659 2128 712 de
2168 655 2352 709 altari.
2398 653 2517 708 Non
2566 668 2895 723 quocunque
2946 651 3261 721 simpliciter
3310 660 3366 705 et
3415 649 3640 706 fortuito

2066 745 2326 814 propheta
2369 745 2493 816 igne
2537 754 2821 815 purgatur,
2870 743 2963 798 sed
2991 743 3084 812 qui
3126 751 3212 798 est
3247 742 3314 797 de
3341 742 3496 797 altari
3523 741 3635 795 Dei.

2066 836 2122 889 Si
2158 846 2419 906 purgatus
2454 851 2564 890 non
2598 835 2766 891 fueris
2799 835 2990 890 altaris
3026 834 3169 905 igne,
3201 834 3400 888 residet
3428 833 3521 888 tibi
3551 833 3640 886 ille

2065 930 2131 983 de
2169 945 2278 998 quo
2307 931 2512 984 dictum
2547 940 2667 985 est:
2699 929 2779 984 Ite
2813 947 2845 983 a
2871 945 2950 983 me
2981 930 3036 982 in
3065 929 3235 999 ignem
3267 937 3521 982 azternum
3550 928 3639 996 qvi

2068 1033 2402 1092 prwparatus
2449 1034 2524 1076 est
2550 1021 2753 1075 Zabulo
2801 1031 2851 1075 et
2897 1021 3096 1090 angelis
3135 1020 3248 1090 ejus
3274 1021 3342 1075 ⁷⁸.
3385 1019 3507 1073 Non
3557 1027 3641 1072 est

2067 1114 2192 1170 talis
2227 1113 2368 1184 ignis
2396 1113 2462 1166 de
2491 1113 2671 1168 altari.
2704 1111 2905 1168 Omnes
2935 1113 3046 1182 igni
3081 1110 3325 1166 tradendi
3358 1117 3504 1174 sunt,
3544 1110 3639 1163 sed

2067 1222 2175 1262 non
2205 1224 2398 1263 omnes
2423 1209 2518 1262 uni
2553 1207 2683 1277 igni,
2719 1207 2856 1261 alios
2879 1206 2944 1261 de
2973 1205 3130 1260 altari
3169 1204 3310 1274 ignis
3340 1211 3640 1272 exspectat,

2065 1299 2206 1353 alios
2250 1299 2390 1367 ignis
2433 1300 2529 1369 qui
2573 1309 2907 1370 praeparatus
2947 1309 3032 1354 est
3077 1299 3286 1354 Zahulo
3335 1307 3389 1352 et
3430 1297 3640 1368 angelis

2063 1390 2202 1459 ejus.
2258 1388 2466 1460 Tangat
2518 1406 2648 1462 ergo
2695 1391 2838 1445 labia
2886 1391 3085 1446 mentis
3123 1399 3178 1445 et
3211 1391 3406 1446 anima:
3443 1400 3641 1446 nostrae

2064 1495 2244 1534 sermo
2291 1480 2626 1550 corripiens,
2663 1491 2722 1536 ut
2766 1491 2820 1536 et
2858 1497 2959 1538 nos
2992 1482 3258 1547 dicamus,
3297 1491 3348 1536 et
3383 1483 3551 1552 tetigit
3582 1498 3638 1536 os

2065 1586 2257 1624 meum.
2305 1569 2359 1624 Si
2405 1572 2741 1627 mandavero
2771 1588 2836 1628 os
2875 1588 3080 1639 meum,
3113 1583 3170 1627 ut
3206 1574 3341 1628 nihil
3379 1575 3638 1641 otiosum,

2064 1663 2198 1717 nihil
2239 1661 2480 1730 fatuum,
2519 1665 2654 1719 nihil
2693 1674 2879 1735 turpe,
2911 1666 3046 1721 nihil
3083 1666 3312 1721 scurrile
3341 1667 3424 1737 (ut
3451 1666 3636 1720 omnia

2065 1754 2232 1808 semel
2267 1756 2587 1825 nominem),
2628 1757 2765 1810 nihil
2799 1772 2992 1811 eorum
3031 1773 3154 1827 qua:
3194 1759 3480 1814 interdicta
3511 1769 3641 1814 sunt

369 1856 610 1901 tantum.
645 1846 1012 1913 Quamobrem
1041 1849 1244 1902 dictum
1290 1856 1375 1902 est
1405 1865 1418 1902 :
1471 1846 1668 1900 Vidisti
1698 1846 1958 1916 quomodo
1989 1826 2032 1881 Β
2062 1844 2274 1914 loquar,
2295 1855 2424 1900 tunc
2448 1861 2741 1915 possumus
2763 1846 2964 1912 dicere,
2990 1826 3155 1918 tetigit
3174 1865 3231 1902 os
3258 1865 3446 1902 meum.
3468 1848 3640 1904 Porro

366 1947 711 2005 compunctus
737 1947 813 1991 est
835 1936 1015 1990 Achab
1047 1937 1114 1991 ⁷³⁵.
1150 1936 1206 1992 Si
1236 1951 1368 1991 vero
1402 1939 1526 2006 quis
1559 1935 1682 1990 talis
1712 1933 1878 1989 fuerit
1899 1943 1962 1988 ut

371 2045 485 2083 non
521 2040 700 2084 cesset
725 2030 1040 2098 compungi,
1078 2029 1209 2082 dicit
1241 2029 1497 2084 similiter
1532 2036 1590 2082 ut
1612 2027 1911 2096 Apostolus
1945 2044 1958 2080 :

374 2119 502 2174 Non
540 2138 661 2174 sum
701 2121 892 2189 dignus
926 2121 1103 2172 vocari
1142 2119 1416 2188 apostolus
1455 2129 1668 2188 propter
1691 2118 1787 2171 ltoc
1825 2119 1963 2187 quod

365 2223 682 2284 persecutus
716 2229 833 2265 sum
879 2209 1170 2264 Ecclesium
1201 2211 1299 2264 Dei
1335 2211 1403 2275 ";
1436 2220 1530 2265 et:
1577 2209 1710 2263 Mihi
1744 2210 1963 2264 minimo

363 2305 611 2360 omnium
634 2314 941 2358 sanctorum
973 2305 1101 2357 data
1123 2314 1197 2357 est
1226 2304 1331 2357 ista
1353 2305 1529 2373 gratia
1555 2304 1619 2370 7°;
1659 2313 1713 2358 et
1750 2321 1764 2358 :
1800 2302 1964 2357 Fide-

366 2397 438 2451 lis
466 2397 606 2450 Deus
633 2396 762 2466 quia
789 2394 946 2449 Jesus
978 2394 1223 2449 Christus
1257 2397 1396 2449 venit
1448 2397 1500 2448 in
1531 2395 1669 2448 hunc
1709 2394 1962 2447 mundum

369 2501 669 2558 peccatores
693 2487 922 2554 salvare,
949 2501 1170 2556 quorum
1195 2487 1400 2555 primus
1420 2501 1513 2555 ego
1536 2503 1654 2538 sum
1677 2486 1744 2540 ⁷⁷.
1773 2483 1962 2540 Vides-

374 2598 445 2637 ne
472 2582 598 2651 quia
627 2580 860 2634 multum
891 2587 1258 2648 compunctus
1282 2587 1385 2642 est,
1417 2585 1470 2632 et
1499 2591 1607 2630 non
1638 2578 1827 2641 seruet,
1865 2576 1960 2631 sed

372 2690 587 2745 semper
619 2673 886 2738 scribens,
916 2680 970 2725 ct
1000 2671 1230 2740 loquens
1253 2709 1268 2736 ,
1311 2677 1368 2724 et
1395 2684 1562 2739 agens
1596 2678 1960 2737 compunctus

373 2764 495 2821 est?
551 2763 834 2831 Quomodo
884 2773 938 2817 ct
981 2761 1151 2816 Isaias
1218 2761 1271 2814 in
1325 2761 1580 2830 presenti
1616 2798 1632 2825 ,
1689 2762 1783 2831 qui
1832 2763 1962 2817 dicit

372 2859 542 2926 (vers.
571 2859 627 2929 5)
661 2874 676 2912 :
705 2857 752 2912 0
795 2857 956 2910 miser
979 2872 1072 2926 ego
1098 2870 1239 2919 sum,
1270 2865 1608 2924 compunctus
1645 2870 1800 2922 sum,
1835 2871 1961 2921 quia

373 2966 495 3005 cum
527 2951 626 3004 sim
651 2949 825 3016 homo,
856 2958 905 3003 et
935 2946 1208 3000 immunda
1231 2945 1377 3000 labia
1415 2949 1658 3016 habeam,
1685 2958 1738 3002 et
1769 2965 1826 3003 in
1850 2965 1960 3003 me-

374 3043 466 3098 dio
491 3058 693 3113 quoque
719 3041 898 3112 populi
920 3043 1194 3096 immunda
1236 3042 1386 3096 labia
1426 3039 1666 3094 [tabentis
1709 3041 1956 3095 habitem.

2061 1937 2304 2006 quandiu
2354 1940 2632 1993 immunda
2681 1938 2822 1994 l‘abia
2854 1939 3060 2006 habeo,
3106 1949 3160 1996 et
3196 1940 3509 1996 immundas
3552 1956 3643 1996 res

2065 2043 2212 2096 gero,
2255 2039 2478 2098 propter
2522 2029 2689 2083 verba
2739 2031 2948 2098 peccati
3001 2047 3111 2086 non
3148 2032 3322 2102 tangit
3362 2047 3425 2087 os
3457 2047 3637 2088 meum

2067 2118 2207 2187 ignis
2232 2117 2299 2173 de
2326 2119 2504 2185 altari,
2529 2134 2706 2190 neque
2735 2119 2972 2175 mittitur
3003 2121 3070 2176 ad
3103 2137 3188 2177 me
3217 2139 3361 2178 unus
3389 2127 3458 2178 de
3492 2139 3642 2180 sera-

2066 2209 2240 2278 phim.

2135 2300 2188 2355 6.
2232 2299 2386 2356 Vers.
2431 2301 2483 2354 7.
2527 2300 2596 2356 Et
2635 2302 2772 2357 dixit
2811 2317 2829 2355 .'
2864 2299 2999 2357 Ecce
3051 2305 3198 2376 tetigi
3242 2304 3385 2359 labia
3436 2315 3547 2369 tua,
3590 2315 3637 2356 et

2065 2392 2262 2446 abstuli
2306 2394 2615 2464 iniquitates
2655 2404 2800 2463 tuas,
2837 2407 2888 2452 et
2924 2406 3138 2464 peccata
3179 2409 3271 2451 tua
3310 2399 3640 2465 circumpur-

2063 2485 2201 2554 gavi.
2252 2484 2494 2540 Mordeat
2532 2502 2634 2542 nos
2673 2502 2856 2542 sermo
2899 2488 3150 2551 divinus,
3192 2496 3384 2543 exurat
3429 2488 3639 2542 animas

2064 2589 2282 2632 nostras
2319 2579 2607 2635 :dicamus
2651 2579 2937 2636 audientes
2970 2597 2984 2633 ε
3034 2579 3224 2635 Nonne
3264 2597 3356 2634 cor
3401 2591 3637 2635 nostrum

2062 2669 2253 2723 ardens
2289 2679 2404 2724 erat
2444 2672 2501 2724 in
2544 2670 2692 2725 nobis
2718 2672 2811 2726 8°?
2860 2681 2920 2726 ut
2958 2671 3281 2728 auferantur
3321 2672 3638 2742 iniquitates

2062 2768 2262 2816 nostra;
2331 2769 2496 2831 atque
2556 2772 2813 2832 peccata,
2863 2773 2918 2819 et
2967 2765 3159 2820 mundi
3207 2763 3383 2820 effecti
3433 2763 3638 2818 mundo

2063 2865 2159 2904 ore
2209 2851 2524 2921 mundoque
2566 2853 2752 2920 corde,
2798 2862 2853 2908 et
2883 2854 3085 2909 munda
3140 2863 3254 2908 tota
3300 2853 3636 2909 conscientia

2063 2941 2263 3010 gratias
2304 2955 2531 3011 agamus
2571 2944 2928 3013 omnipotenti
2962 2943 3094 3011 Deo,
3140 2943 3195 2999 in
3221 2943 3441 3001 Christo
3483 2943 3633 3012 Jesu,

2063 3033 2153 3088 cui
2183 3043 2267 3088 est
2295 3033 2469 3104 gloria
2509 3044 2563 3090 et
2596 3035 2886 3106 imperium
2937 3037 2992 3092 in
3037 3037 3235 3092 saecula
3286 3037 3632 3093 saeculorum.

377 3134 716 3188 Adnotemus
742 3143 797 3188 et
831 3133 981 3188 aliud
1017 3134 1276 3204 quiddam
1299 3175 1315 3201 ,
1355 3135 1484 3204 quia
1533 3141 1759 3202 peccata
1812 3133 1960 3188 Isaiae
1987 3153 2033 3217 ο
2063 3125 2258 3182 Amen.

377 3227 574 3281 nonin
626 3225 826 3293 factis,
875 3226 970 3282 sed
1017 3237 1226 3281 tantum
1270 3225 1324 3280 in
1376 3225 1726 3281 sermonibus
1776 3233 1951 3280 erant.

375 3312 603 3388 Propter
634 3317 780 3389 quod
810 3317 886 3372 ait
918 3337 931 3373 :
959 3317 1098 3384 Quia
1129 3334 1248 3371 cum
1273 3317 1426 3370 homo
1454 3319 1578 3382 sim,
1603 3327 1653 3370 et
1682 3316 1958 3370 immunda

375 3408 519 3461 labia
555 3409 793 3462 habeant.
833 3407 965 3462 Erat
997 3419 1177 3464 autem
1211 3417 1264 3464 et
1305 3408 1538 3479 populus
1569 3407 1850 3462 immunda
1879 3409 1960 3462 la-

378 3500 465 3554 bia
500 3500 726 3555 habens.
752 3497 868 3555 Non
907 3499 1090 3555 decuit
1123 3515 1247 3556 eum
1271 3514 1531 3556 accusare
1565 3499 1851 3569 populum,
1903 3507 1958 3554 et

377 3593 559 3650 dicere
579 3593 732 3663 plura
763 3601 984 3664 peccata
1007 3591 1062 3648 in
1097 3607 1164 3648 eo
1197 3606 1320 3649 esse
1350 3607 1514 3663 quam
1547 3589 1954 3647 immundorum

375 3686 666 3742 labiorum.

441 3777 497 3831 4.
545 3776 612 3830 Et
643 3792 812 3846 regem
848 3775 1133 3829 Dominum
1161 3775 1393 3832 Sabaoth
1442 3775 1553 3830 vidi
1595 3774 1763 3829 oculis
1801 3774 1948 3828 meis.

375 3870 434 3925 Si
470 3871 690 3940 quando
730 3869 798 3925 de
827 3868 938 3924 Deo
975 3870 1429 3940 cogitaverimus,
1478 3883 1605 3924 cum
1636 3868 1816 3923 adhuc
1855 3881 1949 3922 su-

378 3979 500 4018 mus
542 3971 879 4032 peccatores,
925 3973 982 4019 et
1026 3978 1129 4018 nos
1177 3963 1426 4017 dicamus
1474 3976 1597 4031 quae
1633 3975 1780 4014 nunc
1819 3958 1954 4016 dicit

376 4055 637 4126 propheta
673 4056 840 4125 (vers.
869 4054 967 4127 6):
1025 4053 1094 4107 Et
1139 4054 1331 4105 missus
1373 4060 1451 4104 est
1487 4049 1556 4102 ad
1592 4066 1672 4104 me
1717 4065 1852 4102 unus
1889 4049 1953 4102 de

377 4147 660 4218 sera'pltittt.
698 4146 872 4213 Quam
913 4147 1092 4201 bonus
1124 4143 1300 4198 Deus!
1336 4140 1509 4208 Quia,
1546 4141 1756 4210 inquit,
1791 4139 1952 4194 audio

379 4243 721 4294 conﬁtentem
748 4238 964 4310 Isaiam;
993 4237 1132 4293 dixit
1160 4238 1306 4292 enim
1335 4252 1348 4288 :
1381 4234 1425 4291 0
1461 4233 1622 4288 miser
1647 4247 1775 4302 ego;
1811 4246 1951 4301 quo-

379 4334 520 4386 niam
570 4333 734 4387 audio
786 4332 1162 4401 pmnitentem,
1215 4328 1292 4383 ait
1334 4325 1950 4399 quippe:Compunctus

377 4441 525 4489 suta,-
579 4425 708 4494 quia
768 4425 987 4494 propria
1037 4424 1234 4479 delicta
1297 4419 1668 4491 pronuntiavit
1719 4417 1944 4472 dicens:

2649 3216 2942 3274 HOMILIA
2990 3217 3049 3273 V.

2063 3332 2240 3405 De_'eo
2263 3334 2409 3402 quod
2455 3334 2719 3405 scriptum
2756 3345 2879 3392 est:
2910 3336 3042 3402 Quis
3081 3337 3299 3390 elevavit
3335 3335 3399 3390 ab
3437 3338 3635 3390 oriente

2120 3403 2392 3478 justitiam
2428 3403 2582 3476 (xu,
2616 3407 2696 3478 2),
2753 3417 2808 3462 et
2856 3408 2923 3462 de
2969 3406 3178 3462 visione
3234 3407 3430 3462 iterum
3479 3408 3636 3464 aliter

2130 3476 2270 3545 (cap.
2300 3473 2399 3546 γι).

2141 3591 2196 3644 1.
2254 3588 2345 3644 Ait
2394 3589 2684 3658 prophetes
2736 3605 2858 3646 csse
2898 3588 3178 3646 Christura
3225 3593 3494 3648 viventem
3541 3593 3637 3661 ju-

2056 3679 2282 3745 stitiam,
2337 3689 2390 3734 et
2441 3680 2768 3749 putabamus
2833 3694 2936 3735 nos
2996 3680 3066 3734 ab
3108 3679 3371 3751 Apostolo
3425 3681 3632 3736 dictum

2053 3787 2176 3828 esse
2207 3771 2342 3844 (91),
2374 3771 2500 3842 quia
2527 3771 2778 3828 Christus
2807 3771 2881 3827 sit
2909 3771 3155 3840 justitia,
3187 3781 3236 3825 et
3262 3773 3631 3841 sanctiﬁcatio,

2052 3875 2102 3920 et
2134 3865 2442 3935 redemptio.
2489 3873 2540 3918 et
2584 3864 2846 3933 sapientia
2868 3863 2934 3915 εί.
2985 3863 3151 3917 Forte
3197 3871 3377 3918 autem
3407 3873 3462 3919 et
3486 3863 3634 3936 Apo-

2054 3959 2229 4015 stolus
2274 3958 2577 4013 instructus
2609 3971 2640 4010 a
2667 3956 2967 4026 prophetis,
3009 3957 3158 4012 novit
3183 3958 3478 4013 animatam
3510 3975 3633 4015 esse

2050 4050 2321 4120 justitiam
2340 4056 2396 4102 et
2421 4047 2720 4100 viventem.
2750 4045 2884 4111 Quae
2905 4056 2989 4100 est
3011 4047 3111 4102 ista
3154 4048 3398 4118 justitia?
3429 4050 3631 4122 Unigc-

2055 4141 2203 4196 uitus
2236 4138 2352 4193 Dei.
2381 4135 2518 4203 Quia
2545 4143 2725 4190 autem
2765 4150 2871 4190 non
2927 4137 2996 4191 ab
3021 4138 3284 4208 Apostolo
3318 4141 3427 4211 (92)
3450 4153 3629 4195 ortum

2059 4232 2219 4304 1,],4Ι
2246 4238 2332 4286 est
2368 4228 2648 4284 Christum
2685 4243 2807 4284 esse
2834 4228 3127 4301 justitiam,
3160 4241 3216 4286 et
3245 4231 3540 4299 viventem,
3579 4245 3634 4287 et

2053 4325 2439 4381 subsistentem
2461 4320 2752 4391 justitiam,
2773 4323 2868 4377 sed
2900 4323 3142 4380 invenies
3169 4332 3223 4380 et
3245 4341 3275 4378 ιι
3301 4325 3632 4395 prOpItcticis

2056 4415 2404 4472 sermonibus
2451 4414 2554 4468 hoc
2591 4414 2748 4469 nobis
2781 4416 3106 4487 mysterium
3154 4417 3480 4482 exhibitum,
3511 4435 3630 4474 cer—

379 4515 516 4580 Quia
559 4533 680 4570 cum
705 4517 809 4569 sim
837 4517 1011 4579 homo,
1048 4526 1095 4568 et
1123 4514 1397 4567 immunda
1449 4507 1594 4566 labia
1613 4505 1856 4566 habeam,
1893 4509 1948 4563 in
1979 4500 2024 4556 D
2055 4517 2168 4564 tum
2209 4517 2264 4564 et
2309 4523 2338 4562 a
2371 4506 2610 4576 capitulo
2659 4507 2712 4561 in
2746 4524 2858 4579 quo
2891 4524 3037 4564 nunc
3085 4509 3246 4564 lectio
3295 4511 3626 4580 conquievit.

378 4609 547 4662 medio
577 4625 780 4680 quoque
814 4607 994 4678 populi
1027 4606 1298 4660 immunda
1331 4605 1476 4658 labia
1514 4603 1752 4658 habentis
1791 4602 1946 4656 habi-

377 4709 502 4762 tem,
543 4711 596 4755 et
636 4716 737 4772 ego
767 4701 947 4754 adhuc
994 4700 1248 4769 loquente
1286 4713 1353 4752 eo
1385 4697 1529 4762 dico,
1565 4711 1692 4751 cccc
1728 4696 1942 4752 adsum.

377 4789 447 4844 Et
473 4793 663 4846 missus
697 4803 774 4846 est
811 4793 880 4845 ad
910 4807 990 4844 me
1020 4806 1153 4844 unus
1193 4789 1257 4844 de
1286 4790 1570 4857 seraphim,
1617 4795 1665 4841 et
1702 4787 1757 4840 in
1789 4803 1949 4839 manu

375 4900 470 4938 sua
495 4883 715 4938 habebat
743 4882 1045 4936 carbonem.
1072 4880 1250 4935 Carbo
1277 4879 1516 4935 defertur
1535 4877 1602 4934 ad
1629 4879 1946 4948 prophetam

371 4986 429 5031 ut
474 4993 570 5047 per
613 4976 755 5046 ignis
809 4976 1082 5030 ustionem
1126 4982 1424 5044 purgentur
1473 4972 1616 5026 labia
1653 4972 1794 5042 ejus,
1826 4987 1949 5041 quae

369 5067 666 5136 aliquando
707 5076 1083 5138 peccaverant.
1118 5065 1254 5133 Quis
1287 5073 1373 5120 est
1402 5064 1505 5120 iste
1533 5078 1677 5119 unus
1707 5064 1772 5118 de
1798 5079 1949 5118 sei-ao

373 5159 563 5226 phim?
608 5159 875 5216 Dominus
925 5176 1078 5215 meus
1113 5157 1272 5213 Jesus
1311 5157 1565 5212 Christus
1597 5171 1609 5206 :
1649 5155 1750 5210 iste
1788 5157 1943 5225 juxta

372 5249 830 5320 dispensationem
871 5254 1054 5307 carnis
1101 5250 1303 5305 missus
1331 5254 1416 5301 est
1444 5246 1652 5301 habens
1693 5247 1747 5301 in
1779 5262 1940 5300 manu

377 5357 470 5396 sua
508 5344 827 5410 carbonem,
859 5352 914 5398 et
937 5343 1158 5398 dicens:
1195 5339 1382 5412 Ignem
1408 5338 1522 5393 ueni
1559 5339 1762 5393 mittere
1789 5355 1944 5409 super

379 5443 590 5502 terram,
623 5447 672 5491 et
708 5437 912 5490 utinam
934 5437 1054 5505 jam
1083 5433 1269 5490 ardeat
1292 5433 1371 5486 "l

441 5532 489 5566 "
515 5532 578 5588 Ill
614 5532 745 5603 Reg.
790 5549 904 5598 ιιι,
936 5534 1026 5590 29.
1102 5535 1148 5565 ⁷⁸
1178 5531 1346 5587 lCor.
1378 5548 1468 5598 xv,
1495 5531 1548 5586 9.

1626 5530 1670 5560 ⁷⁸
1704 5527 1900 5600 Epltes.
1946 5542 2035 5597 ει,
2073 5529 2126 5584 8.
2152 5528 2232 5600 ,⁷⁷
2263 5525 2454 5600 ΙΗΤ-ἰιη.
2509 5539 2548 5590 ι,
2607 5538 2696 5600 xv.

2055 4601 2184 4668 Quis
2219 4601 2388 4668 enim,
2425 4601 2622 4670 inquit,
2649 4617 2861 4671 surgere
2889 4601 3013 4671 fecit
3034 4600 3097 4653 ab
3121 4601 3318 4655 oriente
3331 4602 3625 4671 justitiam,

2051 4703 2101 4748 et
2134 4693 2334 4748 vocavit
2366 4708 2481 4746 eam
2524 4690 2593 4744 ad
2620 4691 2772 4761 pedes
2813 4708 2936 4744 suos
2961 4691 3046 4744 3'?
3083 4691 3310 4747 Vocavit
3332 4693 3622 4762 justitiam.

2053 4786 2400 4842 Manifestum
2446 4797 2529 4840 est
2573 4785 2869 4839 animatam
2939 4799 3058 4838 eam
3113 4799 3235 4839 esse
3292 4785 3338 4840 si
3387 4787 3628 4841 ambulet

2053 4888 2264 4934 vocata.
2336 4876 2562 4932 Vocavit
2608 4884 2789 4930 autem
2837 4873 3119 4930 Christum
3154 4873 3346 4940 Pater,
3399 4892 3510 4946 quo
3555 4879 3627 4932 ob

2051 4980 2293 5026 nostram
2323 4969 2554 5024 salutem
2581 4967 2648 5022 ad
2680 4981 2778 5021 nos
2811 4965 2913 5020 iter
2940 4965 3162 5031 laceret,
3193 4975 3247 5022 et
3273 4966 3628 5022 descenderet

2050 5062 2118 5117 de
2150 5061 2290 5116 caelo
2318 5059 2383 5114 ad
2413 5074 2514 5114 nos
2541 5075 2552 5111 :
2584 5057 2750 5112 Nemo
2791 5057 2934 5110 enim
2977 5057 3212 5112 ascendit
3237 5059 3293 5110 in
3315 5058 3500 5111 caelum
3523 5058 3624 5110 nisi

2049 5153 2140 5224 qui
2174 5153 2238 5206 de
2297 5151 2423 5207 caelo
2459 5147 2725 5204 descendit
2769 5146 2943 5201 Filius
2995 5147 3224 5202 hominis
3267 5148 3334 5200 ⁸³.
3401 5147 3627 5203 Vocavit

2049 5261 2173 5302 eum
2218 5245 2285 5300 de
2329 5245 2539 5300 oriente
2582 5261 2596 5296 :
2641 5258 2749 5296 non
2800 5241 2866 5295 de
2912 5241 3017 5295 isto
3064 5240 3352 5307 sensibili,
3415 5241 3506 5296 sed
3556 5242 3625 5294 dc

2050 5339 2259 5395 oriente
2307 5335 2446 5392 lucis
2494 5349 2655 5389 verae.
2725 5332 2949 5403 Propter
2998 5333 3144 5402 quod
3200 5332 3462 5402 scriptum
3507 5340 3621 5385 est:

2051 5429 2184 5497 Quis
2211 5443 2487 5498 exsurgere
2515 5425 2579 5480 de
2606 5425 2804 5478 oriente
2845 5424 2968 5494 fecit
2998 5423 3297 5492 justitiam,
3339 5431 3386 5476 et
3422 5423 3626 5476 vocavit

2792 5522 2838 5554 ⁷⁸
2860 5519 2995 5576 Luc.
3046 5536 3143 5587 xu,
3192 5519 3282 5575 49.
3359 5519 3403 5553 ’³
3433 5517 3622 5574 Matth.

379 5617 500 5670 xxv,
523 5605 614 5659 41.
691 5592 736 5637 δ”
757 5592 1063 5671 ιιιοξικιν,
1091 5604 1180 5658 52.
1258 5604 1300 5635 ⁸¹
1327 5592 1496 5658 lCoi-.
1529 5620 1566 5664 ι,
1591 5602 1679 5656 50.
1747 5592 1799 5634 '8'
1836 5603 1943 5657 lsa.
1969 5592 2111 5674 'th,
2143 5598 2197 5651 ‘2.
2275 5593 2497 5649 “Joan.
2532 5609 2615 5656 ut,
2659 5592 2744 5648 l3.

447 5719 559 5793 (91)
584 5719 720 5793 Tres
749 5735 886 5793 mss.
919 5718 1038 5793 cod.
1073 5720 1154 5793 sic
1177 5719 1409 5793 habent,
1454 5719 1577 5775 libri
1610 5731 1739 5773 vero
1778 5713 1934 5782 editi,

381 5790 621 5858 putamus
653 5792 717 5844 ab
749 5790 996 5858 Apostolo
1029 5792 1198 5843 solum
1227 5791 1424 5845 dictum
1455 5805 1586 5847 esse.

696 5888 942 5946 ΡΑτιιοι
997 5887 1112 5946 (in.
1157 5887 1322 5948 Xlll.

2114 5712 2227 5783 (93)
2282 5707 2436 5783 Ῑλίὺιξε
2492 5705 2645 5774 Cdill,
2703 5725 2805 5763 non
2857 5703 3026 5759 solum
3069 5702 3132 5758 ab
3175 5703 3444 5776 Apostolo.
3494 5704 3621 5762 Mss.

2052 5776 2311 5840 omittunt
2339 5776 2530 5834 solum,

3267 5875 3307 5935 8
