4296 6288
599 450 706 505 2'55

2086 446 2245 505 URIG
2254 440 2407 503 Ele

3758 453 3861 513 236

582 582 717 620 “cum
752 566 822 619 ad
856 563 1005 634 pedes
1034 565 1206 621 'suos.’
1234 564 1391 621 Pater
1436 565 1652 621 vocavit
1692 564 1929 630 Filium,
1974 564 2082 620 imo
2123 574 2185 619 ut
2213 571 2257 627 Α
2288 581 2410 620 meo
2435 563 2910 623 comminationem
2943 564 3173 623 dicentis
3208 586 3219 620 :
3268 566 3326 623 Si
3368 587 3467 624 non
3507 568 3682 628 lavero
3708 577 3862 643 pedes

598 672 729 712 vere
758 657 1035 723 dicamus,
1071 657 1212 713 Deus
1245 657 1519 712 hominem
1550 659 1765 713 vocavit
1802 657 2074 727 justitiam
2110 657 2180 711 ad

598 747 766 815 pedes
813 760 975 808 suos,
1025 745 1075 799 id
1126 756 1212 801 est
1259 747 1687 802 incarnationem
1721 746 1842 801 Filii
1894 747 1999 802 sui.
2052 748 2182 799 Ideo

600 836 987 892 et‘adoramus
1030 837 1328 891 srabellum
1382 836 1579 907 pedum
1629 838 1797 899 illius,
1844 838 1999 907 juxta
2034 838 2181 906 quod

602 928 863 997 scriptum
898 937 982 982 est
1013 943 1026 980 :
1064 928 1298 983 Adorate
1333 928 1622 984 scabellum
1660 930 1851 995 pedum
1881 929 2020 998 ejus,
2054 930 2181 1000 quia

592 1031 982 1075 sanctum-est.
1024 1020 1165 1076 Caro
1209 1022 1477 1092 siquidem
1509 1020 1724 1076 Domini
1757 1022 2021 1076 honorem
2057 1021 2182 1075 Dei-

592 1112 727 1165 tatis
782 1110 1036 1165 assumit.
1110 1109 1249 1178 Quia
1299 1120 1481 1165 autem
1545 1110 1874 1181 principium
1934 1111 2182 1166 lectionis

594 1203 779 1257 altiori
814 1204 1014 1272 indiget
1043 1203 1404 1273 expositione,
1432 1218 1654 1258 oremus
1681 1218 1957 1259 summum
1980 1204 2178 1276 Regem

598 1304 660 1350 ut
696 1311 876 1350 sermo
911 1296 1005 1366 qui
1046 1304 1276 1350 vocatus
1319 1295 1546 1362 abierat,
1596 1294 1665 1349 ad
1710 1312 1811 1351 nos
1852 1296 2050 1352 iterum
2090 1313 2174 1350 rc-

595 1396 979 1453 vertatur,'ut
1016 1401 1202 1456 'pauca
1254 1386 1408 1456 juxta
1467 1387 1886 1457 possibilitatem
1935 1397 2178 1445 nostram

588 1480 895 1535 edisseram
905 1495 988 1535 us.

640 1570 721 1625 '2.
766 1570 834 1624 Et
882 1570 1087 1640 factum
1140 1578 1218 1623 est
1263 1571 1314 1624 in
1352 1587 1493 1624 anno
1530 1588 1633 1642 quo
1679 1580 1919 1626 mortuus
1964 1582 2040 1627 est
2089 1589 2181 1627 rea:

588 1663 757 1718 A‘Osias
783 1680 799 1719 :
825 1664 934 1717 vidi
961 1663 1239 1717 Dominum
1265 1663 1527 1717 sedentem
1551 1680 1712 1735 supra
1740 1665 1987 1718 thronum
2011 1667 2184 1720 excel-

600 1773 738 1821 sum,
773 1767 823 1812 et
862 1756 1014 1822 plena
1051 1769 1160 1810 erat
1196 1756 1395 1809 atomus
1430 1757 1602 1826 gloria
1634 1757 1778 1827 ejus,
1814 1770 1862 1814 et
1916 1759 2181 1830 seraphim

596 1847 813 1902 stabant
856 1849 907 1900 in
945 1848 1171 1901 circuitu
1198 1847 1358 1915 ejus,
1400 1863 1492 1902 sea:
1537 1849 1641 1904 ala:
1678 1850 1808 1917 uni,
1875 1861 1924 1905 et
1960 1867 2052 1905 sea:
2078 1851 2182 1905 ala:

2288 666 2427 723 tuos,
2456 674 2559 712 non
2585 658 2798 714 habebis
2822 669 3028 729 partem
3063 677 3263 714 mecum
3289 662 3356 717 ⁸⁷.
3395 662 3518 718 [deo
3550 664 3669 719 lava
3700 666 3863 736 pedes

2283 763 2454 815 meos,
2490 758 2546 804 ut
2576 749 2801 803 habeam
2833 759 3038 820 partem
3067 761 3269 807 tecum.
3300 750 3406 806 Sed
3436 752 3566 822 quid
3603 755 3713 820 aio,
3742 754 3862 811 lava

2281 841 2445 911 pedes
2476 841 2668 896 meos?
2707 840 2903 896 Petrus
2929 842 3035 897 hoc
3065 844 3242 912 potuit
3266 844 3466 909 dicere,
3497 844 3591 913 qui
3624 860 3731 899 non
3767 844 3864 901 ha-

2284 930 2401 985 buit
2432 946 2679 998 necesse,
2711 931 2817 986 nisi
2848 940 3059 986 tantum
3089 943 3147 987 ut
3181 934 3341 1002 pedes
3377 934 3498 1004 ejus
3527 934 3863 1005 lavarentur;

2284 1029 2429 1077 lotus
2466 1022 2665 1092 quippe
2712 1025 2950 1078 mundus
2988 1032 3127 1078 erat.
3163 1024 3277 1095 Ego
3307 1025 3489 1094 potius
3515 1042 3638 1082 cum
3689 1032 3861 1085 semel

2284 1117 2428 1171 lotus
2459 1115 2583 1182 siin,
2619 1116 2710 1170 illo
2742 1116 2960 1187 indigeo
2991 1117 3340 1187 baptismate,
3373 1118 3441 1172 de
3465 1133 3574 1189 quo
3600 1119 3862 1178 Dominus

2282 1207 2359 1261 ait
2383 1225 2397 1261 :
2423 1206 2533 1278 Ego
2565 1206 2714 1261 aliud
2741 1207 3003 1276 baptisma
3037 1209 3200 1263 habeo
3228 1210 3492 1279 baptizari
3511 1210 3558 1244 ⁸³
3585 1212 3719 1283 (93).
3750 1211 3863 1269 Cu:-

2283 1298 2386 1353 ista
2416 1297 2690 1354 diximus?
2710 1297 2963 1368 Praeparo
2995 1308 3049 1355 et
3068 1316 3153 1354 me
3171 1310 3224 1355 et
3241 1300 3527 1357 audientes
3546 1302 3612 1356 ad
3651 1302 3859 1370 majora

2282 1391 2565 1460 mysteria.
2625 1387 2683 1446 Si
2738 1398 2919 1445 tamen
2965 1390 3169 1455 veniat,
3220 1392 3267 1446 si
3314 1392 3612 1449 descendat
3654 1391 3721 1447 ad
3759 1407 3862 1447 nos

2283 1495 2464 1535 sermo
2492 1480 2627 1547 Dei,
2680 1480 2845 1536 timeo
2882 1480 3027 1535 enim
3064 1497 3132 1536 ne
3167 1496 3254 1537 me
3293 1481 3492 1553 fugiat,
3536 1497 3604 1536 ne
3643 1481 3860 1536 benedi-

2282 1571 2517 1627 ctionem
2541 1588 2763 1643 quoque
2793 1588 2971 1627 meam
3010 1572 3352 1645 dedignetur.
3393 1572 3554 1643 Fugit
3577 1574 3853 1644 quondam

2283 1675 2463 1717 sermo
2479 1664 2738 1731 pepulum
2756 1673 2976 1732 propter
2988 1663 3166 1717 Achar
3180 1663 3295 1736 (9i)
3313 1680 3479 1718 unum
3497 1673 3863 1734 peceatorem;

2284 1752 2440 1825 fugit,
2471 1753 2717 1824 inquam,
2752 1769 2935 1809 sermo
2968 1754 3229 1823 populum
3255 1763 3477 1825 propter
3529 1771 3699 1809 unum
3741 1770 3867 1825 pec-

2283 1857 2522 1902 catorem
2549 1844 2755 1913 Achar,
2780 1846 2951 1901 lilium
2998 1844 3238 1912 Zambri,
3275 1845 3372 1900 lilii
3406 1846 3565 1912 Zara,
3603 1862 3669 1902 ex
3718 1846 3863 1903 tribu

597 1938 795 2001 alteri;
841 1950 897 1992 et
932 1936 1138 1990 duabus
1183 1935 1392 2007 quidem
1422 1936 1678 1992 uelabant
1723 1940 1911 2009 facient
1961 1940 2095 2011 ejus,
2132 1950 2180 1995 et
2218 1932 2258 1986 Β
2282 1938 2442 2005 Juda,
2475 1938 2568 2010 qui
2607 1939 2925 1995 iuobediens
2954 1937 3058 1993 fuit
3085 1937 3218 2005 Deo,
3252 1949 3307 1994 et
3336 1938 3459 1994 ideo
3491 1940 3861 1995 anathemati-

598 2031 805 2085 duabus
837 2030 1078 2086 uelabant
1109 2030 1261 2097 [edes
1283 2068 1297 2091 ,
1332 2038 1382 2082 et
1414 2029 1619 2084 duabus
1655 2030 1902 2086 volabant
1926 2072 1941 2096 ,
1978 2041 2027 2087 ct
2068 2032 2181 2086 cla-

598 2122 809 2176 mabaut
840 2121 978 2176 alter
1005 2121 1073 2174 ad
1100 2127 1350 2185 alterum,
1374 2128 1424 2174 et
1448 2120 1700 2176 dicebant
1725 2137 1744 2176 :
1775 2120 2027 2191 Sanctus,
2052 2139 2182 2177 san-

595 2224 733 2278 ctus,
758 2223 973 2269 sanctus
1007 2211 1262 2266 Dominus
1296 2209 1434 2265 Deus
1462 2209 1718 2280 Sabaoth,
1750 2212 1905 2283 plena
1931 2225 2007 2269 est
2040 2225 2181 2268 terra

597 2304 769 2373 gloria
796 2306 909 2375 ejus
932 2305 1000 2372 ⁸⁸,
1032 2315 1080 2360 et
1110 2305 1339 2371 reliqua.
1369 2300 1570 2358 Verum
1604 2314 1663 2359 ut
1687 2313 1741 2358 et
1772 2320 1873 2359 nos
1899 2305 2181 2362 videamus

604 2398 871 2452 visionem
913 2414 1078 2468 quam
1125 2400 1262 2455 vidit
1284 2400 1505 2463 "Isaias,
1551 2411 1810 2453 vocemus
1855 2396 2039 2453 Jcstnn
2078 2398 2183 2469 qui

604 2506 710 2545 non
758 2490 1069 2547 videntibus
1122 2491 1348 2564 largitus
1392 2501 1477 2547 est
1527 2490 1738 2547 oculos.
1791 2489 1979 2545 Potest
2036 2492 2181 2545 enim

598 2581 762 2637 etiam
798 2597 941 2637 nunc
972 2583 1159 2638 venire
1193 2593 1246 2639 et
1282 2582 1484 2646 facere,
1519 2591 1578 2636 ut
1607 2596 1669 2636 ea
1696 2597 1824 2652 quae
1857 2582 1911 2636 in
1944 2582 2186 2638 lectione

600 2683 944 2730 sacramenta
992 2676 1134 2730 dicta
1171 2684 1321 2741 sunt,
1371 2674 1577 2744 apertis
1610 2674 1786 2728 oculis
1838 2675 2183 2739 intueamur;

574 2766 1049 2833 "repromittamus
1078 2764 1127 2819 ei
1161 2764 1274 2834 jam
1308 2778 1410 2819 nos
1455 2780 1562 2819 non
1598 2764 1740 2819 ultra
1776 2762 1953 2819 facere
1986 2780 2187 2834 corpus

600 2855 811 2910 Christi
857 2870 1054 2925 corpus
1095 2856 1434 2925 meretricis,
1463 2871 1565 2912 nec
1604 2855 1782 2913 facere
1824 2872 1987 2928 opera
2021 2858 2186 2930 digna

602 2945 777 3001 luctu.
802 2944 1222 3018 ~Unusquisque
1265 2957 1514 3004 nostrum
1567 2950 1682 3005 haec
1724 2950 1888 3005 corde
1931 2949 2189 3021 loquatur

606 3038 673 3093 ad
690 3037 893 3103 Deum,
920 3048 975 3095 et
1002 3055 1291 3111 precemur
1319 3051 1380 3096 ut
1406 3042 1670 3099 adventus
1695 3042 1815 3113 ejus
1843 3042 2005 3097 etiam
2044 3057 2188 3099 nunc

607 3130 721 3185 ﬁat.
770 3128 826 3185 Si
861 3131 1006 3186 enim
1053 3147 1163 3186 non
1197 3132 1476 3187 advenerit
1507 3130 1688 3198 Jesus,
1738 3133 1841 3188 ista
1867 3133 2050 3188 videre
2078 3146 2186 3187 non

607 3240 923 3298 possumus.
976 3227 1183 3283 Precor
1224 3236 1285 3282 ut
1319 3228 1569 3282 mittatur
1610 3228 1774 3282 etiam
1818 3227 1883 3281 ad
1920 3242 2007 3281 me
2037 3241 2188 3281 sera-

606 3318 788 3389 phim,
829 3327 885 3373 et
922 3320 1319 3391 comprehenso
1364 3321 1432 3377 de
1461 3320 1685 3390 “forcipe
1722 3320 1959 3375 carbone
1994 3327 2187 3390 purget

602 3409 755 3465 labia
783 3419 926 3477 mea,
953 3426 1011 3467 et
1038 3411 1168 3483 quid
1203 3413 1326 3469 dico
1357 3413 1499 3469 labia
1549 3412 1708 3467 mea?
1741 3411 1912 3468 Isaias
1963 3422 2188 3466 sanctus

609 3510 749 3570 erat,
773 3510 828 3557 et
867 3503 988 3558 ideo
1038 3513 1246 3559 tantum
1282 3505 1425 3560 labia
1454 3505 1575 3575 ejus
1614 3512 1840 3575 purgata
1877 3511 2024 3566 sunt,
2060 3503 2189 3573 quia

610 3594 772 3651 labiis
800 3605 1032 3662 tantum,
1061 3595 1114 3651 id
1146 3606 1229 3652 est
1260 3613 1514 3653 sermone
1547 3596 1872 3668 deliquerat.
1902 3594 2024 3667 Ego
2059 3611 2190 3651 vero

603 3701 719 3741 non
757 3700 878 3740 sum
916 3686 1075 3752 talis,
1110 3694 1168 3740 ut
1203 3684 1405 3756 possim
1442 3685 1644 3751 dicere,
1678 3683 1823 3755 quod
1861 3683 2038 3738 solum
2078 3682 2188 3735 im-

612 3778 814 3833 munda
852 3777 994 3832 labia
1038 3777 1235 3844 habeo,
1268 3778 1363 3833 sed
1403 3787 1587 3831 metuo
1620 3792 1688 3831 ne
1719 3774 2063 3831 immundum
2095 3786 2193 3826 cor

596 3871 868 3936 habeam,
912 3870 1226 3925 immundos
1271 3870 1480 3938 oculos,
1514 3867 1826 3924 immundas
1862 3880 2046 3931 aures,
2090 3863 2195 3919 im-

607 3961 880 4016 mundum
909 3976 991 4018 os.
1021 3960 1275 4027 Quandiu
1304 3959 1357 4015 in
1388 3960 1642 4015 omnibus
1673 3959 1795 4014 istis
1823 3973 2011 4029 pecco,
2047 3963 2194 4011 totus

607 4052 934 4106 immundus
980 4068 1124 4106 sum.
1170 4050 1229 4105 Si
1280 4051 1468 4106 videro
1510 4051 1794 4106 mulierem
1839 4049 1905 4104 ad
1934 4047 2196 4118 concupi—

604 4144 899 4208 scendum,
930 4142 1041 4213 jam
1086 4144 1390 4199 moechatus
1435 4158 1555 4198 sum
1596 4156 1718 4198 eam
1753 4141 1808 4196 in
1850 4138 2014 4195 corde
2050 4153 2193 4194 meo.

603 4234 757 4291 *Eece
795 4235 1111 4291 immundos
1148 4235 1342 4292 oculos
1371 4235 1569 4291 habeo.
1641 4234 1699 4289 Si
1728 4234 1795 4289 de
1822 4241 2044 4304 pectore
2074 4246 2197 4288 meo

604 4336 812 4379 exeant
840 4325 1199 4395 cogitationes
1239 4326 1514 4394 pessimae,
1555 4325 1842 4389 adulteria,
1870 4323 2197 4379 fornicatio—

610 4432 737 4481 nes,
774 4415 910 4470 falsa
940 4416 1273 4477 testimonia,
1310 4430 1438 4468 ecce
1469 4431 1567 4469 cor
1615 4415 1959 4468 immundum
1998 4415 2193 4468 habeo.

619 4506 795 4571 Quam
835 4504 1058 4576 formosi
1098 4503 1252 4573 pedes
1293 4504 1770 4571 euangelizantimn
1811 4519 2013 4572 pacem,
2042 4518 2199 4555 evan-

2282 2043 2439 2089 zatus
2481 2032 2655 2087 est”.
2711 2030 2779 2085 Et
2821 2032 2949 2102 quia
3001 2048 3150 2088 nunc
3201 2031 3384 2103 populi
3438 2031 3731 2088 multitudo
3780 2042 3865 2088 est

2281 2121 2846 2195 propterParasceven
2866 2121 3001 2193 (95),
3023 2131 3075 2177 et
3099 2124 3334 2178 maxime
3359 2123 3413 2177 in
3444 2121 3731 2180 Dominica
3754 2124 3861 2188 die,

2282 2232 2405 2288 quae
2446 2214 2717 2287 passionis
2746 2212 2951 2270 Christi
3004 2215 3484 2270 commemoratrix
3539 2224 3623 2271 est
3660 2214 3860 2287 (neque

2282 2309 2426 2364 enim
2481 2306 2810 2363 resurrectio
2861 2305 3076 2361 Domini
3131 2307 3298 2363 semel
3347 2307 3404 2362 in
3446 2323 3613 2375 anno,
3657 2316 3713 2363 et
3756 2323 3863 2362 non

2285 2415 2500 2470 semper
2534 2407 2659 2470 post
2704 2406 2910 2469 septem
2935 2396 3055 2453 dies
3103 2397 3452 2470 celebratur),
3500 2408 3651 2455 orate
3693 2398 3863 2453 Deum

2284 2492 2736 2562 omnipotentem,
2805 2499 2866 2546 ut
2929 2492 3114 2547 veniat
3181 2490 3247 2545 ad
3318 2504 3419 2546 nos
3480 2478 3662 2547 sermo
3721 2491 3863 2561 ejus.

2284 2583 2515 2640 Etiamsi
2557 2593 2871 2655 peccatores
2889 2584 3047 2649 estis,
3079 2592 3231 2639 orate
3258 2582 3574 2638 Dominum.
3604 2581 3866 2638 Peccatu-

2286 2690 2376 2730 res
2425 2675 2648 2731 exaudit
2676 2674 2841 2731 Deus.
2884 2674 3047 2742 Quod
3095 2676 3142 2730 si
3185 2675 3389 2731 timetis
3436 2674 3569 2730 illud
3618 2674 3764 2746 quod
3809 2674 3863 2730 in

2286 2765 2583 2837 Evangelio
2626 2766 2829 2822 dicitur
2860 2787 2873 2822 :
2900 2767 3110 2823 Scimus
3140 2767 3266 2839 quia
3293 2776 3591 2836 peccatores
3636 2784 3741 2823 non
3770 2781 3866 2821 ea:-

2286 2857 2479 2913 audtat
2503 2856 2641 2912 Deus
2660 2858 2731 2923 ”,
2772 2858 2939 2913 nolite
2968 2858 3375 2927 pertimescere,
3406 2857 3576 2912 nolite
3620 2857 3862 2913 credere.

2284 2946 2478 3004 Cacus
2509 2956 2626 3002 erat
2667 2947 2763 3017 qui
2806 2946 2913 3001 hoc
2948 2946 3105 3001 dixit.
3155 2945 3329 3018 Magis
3363 2955 3543 3001 autem
3576 2945 3779 3000 credite
3809 2945 3862 3001 ei

2290 3038 2384 3111 qui
2416 3038 2579 3104 όίςη,
2615 3046 2671 3093 et
2706 3053 2813 3092 non
2844 3037 3105 3092 mentitur
3151 3055 3165 3093 :
3215 3035 3284 3091 Et
3323 3037 3371 3090 si
3411 3036 3610 3106 fuerint
3646 3045 3862 3106 peccata

2289 3140 2461 3186 uestra
2488 3138 2548 3184 ut
2577 3130 2866 3196 coccinum,
2898 3137 2956 3183 ut
2982 3128 3169 3182 lanam
3202 3127 3477 3182 dealbabo.
3515 3126 3581 3181 Et
3612 3128 3659 3182 si
3687 3127 3866 3183 uolue-

2290 3221 2433 3287 ritis,
2473 3229 2522 3274 et
2551 3219 2829 3273 audieritis
2860 3234 2962 3282 me,
2991 3214 3128 3272 bona
3155 3228 3308 3272 terra:
3338 3218 3503 3272 edetis
3523 3218 3591 3272 ἰ.
3617 3215 3674 3273 Si
3704 3220 3867 3275 vultis

2290 3312 2376 3367 vel
2423 3325 2571 3364 nunc
2610 3309 2835 3376 audire,
2868 3323 3090 3365 oremus
3136 3310 3189 3363 in
3237 3324 3528 3364 commune
3548 3309 3863 3375 Dominum,

2291 3402 2560 3459 utsaltem
2594 3416 2761 3467 nunc,
2795 3400 3115 3456 adveniente
3131 3398 3331 3466 Verbo,
3355 3400 3665 3472 prophetica
3696 3403 3865 3459 verba

2290 3494 2435 3551 dicta
2466 3493 2748 3548 valeamus
2776 3491 3080 3547 advertere.

2362 3587 2416 3641 ’5.
2461 3583 2689 3638 Factum
2731 3591 2840 3648 est,
2881 3582 3079 3653 inquit,
3122 3584 3176 3637 in
3208 3600 3347 3638 anno
3374 3601 3475 3656 quo
3511 3595 3748 3640 mortuus
3792 3595 3867 3640 est

2295 3676 2455 3734 Osias
2496 3692 2620 3743 rex,
2662 3677 2767 3731 vidi
2796 3675 3083 3730 Dominum
3130 3675 3393 3731 sedentem
3432 3694 3590 3749 super
3622 3679 3870 3734 thronum

2290 3770 2572 3827 excelsum.
2615 3768 2760 3825 Visio
2801 3769 3034 3839 ascripta
3061 3780 3163 3824 est.
3202 3768 3311 3823 Cur
3350 3772 3493 3841 regis
3535 3779 3748 3841 tempus
3791 3771 3874 3827 si-

2293 3863 2641 3935 guilicatum?
2679 3861 2947 3917 lntendite
2971 3861 3190 3932 quando
3209 3861 3365 3933 115
3389 3864 3576 3918 oborta
3610 3865 3682 3919 sit
3708 3864 3869 3918 visio.

2298 3952 2437 4008 Cum
2464 3960 2711 4009 mortuus
2728 3960 2811 4008 est
2826 3949 3110 4017 Osiasrcx,
3137 3950 3267 4006 vidit
3280 3949 3447 4006 Isaias
3463 3950 3752 4007 Dominum
3771 3950 3874 4007 Sa-

2294 4045 2459 4101 baoth
2503 4044 2776 4100 sedentem
2831 4057 2994 4114 super
3030 4042 3288 4098 thronum
3326 4043 3624 4098 excelsum.
3661 4042 3719 4097 Si
3747 4044 3873 4113 quis

2295 4153 2360 4194 ex
2399 4138 2602 4194 nostris
2636 4138 2786 4193 novit
2822 4136 2916 4208 qui
2958 4134 3125 4191 fuerit
3165 4135 3346 4201 Osias,
3385 4143 3440 4191 et
3470 4152 3593 4207 quae
3621 4137 3869 4207 gesserit,

2296 4232 2386 4289 ille
2414 4241 2592 4303 potest
2624 4222 2788 4289 nosse
2824 4230 2955 4302 quid
2994 4230 3243 4286 docuerit
3270 4229 3535 4299 propheta
3576 4244 3673 4299 per
3711 4229 3875 4300 spiri-

2297 4337 2438 4390 tum,
2471 4323 2602 4396 quid
2632 4325 2887 4380 exhibeat
2915 4321 3073 4375 nobis
3100 4336 3280 4376 sermo
3305 4320 3544 4373 divinus.
3582 4319 3781 4375 Vadam
3805 4322 3875 4375 ad

2296 4417 2464 4472 vitam
2497 4414 2659 4477 Osias,
2688 4423 2741 4467 et
2772 4412 3046 4480 requiram
3079 4425 3144 4463 ex
3175 4408 3487 4476 Regnorum
3520 4409 3697 4477 libris,
3731 4420 3785 4466 et
3806 4427 3871 4467 ex

2298 4504 2753 4571 Paralipomenon
2788 4499 3012 4554 historia
3043 4499 3109 4553 de
3132 4496 3293 4564 Osia;
3324 4499 3506 4569 ibique
3532 4502 3724 4558 videbo
3745 4504 3875 4573 quia

617 4598 960 4668 gelizantium
994 4595 1129 4649 bona
1153 4593 1221 4647 ⁸⁵.
1265 4591 1377 4661 Ego
1411 4607 1537 4645 vero
1576 4594 1738 4646 timeo
1769 4609 1836 4645 ne
1864 4605 2099 4645 currens
2129 4591 2197 4646 ad
2235 4629 2277 4682 ι)
2303 4592 2673 4651 necessarium
2700 4592 2789 4658 sit,
2817 4591 2861 4647 si
2890 4590 3134 4645 futurum
3156 4590 3225 4645 sit
3254 4601 3314 4646 ut
3336 4591 3548 4648 videam
3584 4593 3875 4650 Dominum

624 4692 764 4746 mala
782 4690 1094 4745 immundos
1111 4688 1275 4757 pedes
1293 4687 1544 4740 habeam.
1560 4683 1806 4739 Extendo
1821 4684 1888 4739 ad
1907 4682 2197 4738 Dominum
2250 4722 2253 4723 ν

624 4796 822 4837 manus
840 4797 1007 4837 meas.
1033 4781 1100 4836 Et
1121 4780 1259 4836 forte
1292 4785 1543 4834 avertens
1560 4776 1752 4832 faciem
1773 4792 1927 4833 suam
1945 4776 2078 4832 dicit
2099 4794 2113 4831 :
2140 4773 2201 4831 Si

622 4856 963 4926 extenderitis
992 4886 1203 4935 manus,
1240 4878 1472 4923 avertam
1501 4867 1690 4938 faciem
1721 4882 1890 4922 meam
1912 4883 1945 4920 a
1966 4865 2109 4920 vobis
2128 4865 2195 4918 ⁸⁸.

621 4963 761 5031 Quis
777 4977 907 5033 ergo
925 4978 1010 5017 me
1026 4960 1288 5017 mundat?
1320 4960 1456 5027 Quis
1477 4960 1621 5015 lavat
1639 4957 1806 5030 pedes
1834 4958 2024 5015 meos?
2042 4956 2195 5020 Jesu,

627 5058 774 5125 veni,
807 5056 1058 5113 sordidos
1083 5056 1256 5111 habeo
1286 5056 1472 5125 pedes,
1498 5062 1720 5125 propter
1740 5068 1828 5108 me
1856 5052 1953 5107 tias
1982 5067 2196 5115 servus,

626 5150 783 5208 mitte
804 5166 1002 5220 aquam
1026 5160 1171 5205 tuam
1196 5149 1248 5203 in
1278 5149 1473 5220 pelvim
1500 5157 1682 5217 tuam;
1716 5148 1861 5217 veni,
1891 5148 2012 5204 lava
2037 5147 2204 5218 pedes

629 5256 801 5299 meos.
836 5240 909 5296 Et
948 5241 1064 5297 scio
1105 5240 1455 5297 temerarium
1497 5255 1619 5296 esse
1646 5240 1793 5310 quod
1822 5240 1969 5303 dico,
2000 5238 2094 5295 sed
2131 5239 2205 5292 ti-

2308 4684 2546 4744 Sabaoth
2581 4684 2857 4740 sedentem
2889 4699 3052 4753 super
3091 4685 3350 4740 thronum
3397 4687 3695 4755 excelsum,
3740 4689 3875 4742 mihi

2306 4776 2445 4833 mori
2471 4776 2655 4833 Osiam
2694 4791 2896 4845 regem.
2926 4775 3035 4832 Iste
3062 4776 3222 4834 Osias
3249 4793 3315 4833 ex
3344 4779 3553 4836 semine
3584 4779 3751 4835 David
3780 4781 3878 4835 de-

2306 4869 2593 4935 scendens,
2622 4878 2678 4923 et
2706 4883 2939 4938 regnans
2972 4871 3027 4925 in
3061 4871 3260 4941 populo
3289 4867 3451 4934 luda,
3486 4872 3727 4943 quandiu
3757 4872 3880 4940 qui-

2307 4961 2430 5014 dem
2456 4958 2595 5013 vixit
2621 4957 2918 5015 Zacharias
2951 4959 3044 5029 qui
3077 4960 3411 5031 intelligebat
3436 4959 3541 5029 (sic
3566 4959 3712 5016 enim
3745 4959 3881 5015 scri—

2307 5060 2461 5123 ptum
2483 5060 2564 5107 est
2589 5051 2830 5107 secundo
2843 5052 2991 5109 libro
3009 5051 3507 5123 Paralipomenon),
3528 5050 3656 5107 fecit
3675 5060 3881 5107 rectum

2310 5146 2366 5201 in
2413 5153 2707 5215 conspectu
2761 5144 2973 5201 Domini
2996 5147 3066 5200 ”.
3109 5144 3220 5200 Nec
3267 5143 3541 5200 sufﬁciens
3585 5143 3710 5210 isto,
3755 5141 3885 5197 fecit

2312 5237 2605 5293 luminaria
2640 5251 2835 5305 magna
2878 5235 3131 5303 Domino,
3178 5243 3235 5289 et
3277 5233 3585 5303 composuit
3624 5232 3883 5303 templum

697 5398 745 5431 ”
767 5395 869 5454 lsa.
896 5413 972 5462 vr,
997 5396 1123 5462 1,2,
1146 5396 1198 5450 5.
1288 5397 1332 5428 ⁸³
1358 5395 1460 5450 lsa.
1490 5411 1585 5461 LII,
1616 5394 1681 5459 7;
1740 5393 1900 5449 Rom.
1936 5410 1990 5455 x,
2024 5393 2109 5462 l5.
2145 5392 2197 5462 ξε
2220 5391 2324 5448 Isa.
2356 5408 2393 5455 ι,

2186 5391 2324 5448 ‘Isa.
2356 5408 2395 5455 ι,
2440 5390 2524 5445 15.
2601 5389 2972 5458 ""Joan.xm,
3030 5388 3084 5444 8.
3157 5386 3484 5455 “Luc.xn,
3535 5384 3625 5444 50.
3699 5386 3744 5419 "’
3764 5384 3882 5447 Job.

625 5483 725 5535 vn,
753 5468 848 5525 25.

922 5468 969 5499 ’°
990 5464 1147 5521 Juan.
1178 5482 1252 5532 lx,
1280 5467 1367 5521 51.

762 5630 816 5696 '5)
854 5629 945 5684 Sic
971 5642 1129 5689 mss.;
1154 5626 1296 5683 male
1316 5642 1446 5683 vero
1471 5627 1623 5692 editi,
1649 5626 1937 5696 baptizare.

725 5693 817 5767 94)
858 5698 1145 5769 Perperam
1175 5698 1442 5753 editiones
1474 5713 1504 5752 a
1527 5693 1881 5769 Genebrardo
1907 5704 1962 5769 et
1980 5693 2212 5769 lirasmo

702 5763 939 5823 ocurataa
963 5763 1172 5823 habent
1199 5769 1416 5833 Actias;
1449 5769 1611 5837 paulo
1639 5768 1833 5822 melius
1862 5765 2033 5837 editio
2065 5763 2208 5818 Mer-

702 5784 939 5823 ocuraue
975 5784 1172 5823 nanent
1199 5784 1416 5833 aenos;
1449 5784 1611 5837 paqu
1639 5784 1833 5822 meuus
1862 5784 2031 5822 emno
2065 5784 2208 5818 iuer-

634 5784 732 5894 liiii
757 5838 959 5901 Achan,
992 5839 1193 5905 optime
1221 5853 1349 5892 vero
1381 5839 1500 5894 cod.
1531 5837 1749 5893 Ebroic.
1779 5837 1975 5902 Achar,
1998 5835 2070 5890 de
2099 5848 2209 5904 quo

633 5909 819 5973 Josue.
845 5923 940 5976 vn,
964 5906 1057 5964 25.

1445 5467 1487 5499 ⁹¹
1512 5467 1614 5521 lsa.
1648 5464 1805 5532 1,18,
1834 5466 1918 5519 l9.
1994 5464 2038 5497 "
2070 5461 2109 5516 ll
2139 5461 2262 5518 Par.
2288 5477 2438 5528 xxvi,
2462 5462 2515 5515 ιι.

2382 5621 2500 5693 (95)
2532 5620 2755 5693 Propter
2778 5618 3141 5693 Parasceven,
3172 5623 3280 5671 etc.
3321 5612 3497 5693 Verba
3536 5614 3752 5693 quidem
3790 5613 3888 5693 jn-

2317 5681 2721 5762 terprétationis
2749 5705 2813 5743 ex
2843 5687 3057 5762 (ᾖε-ἱερο-
3072 5693 3332 5762 corrupto
3364 5681 3641 5740 adornatae
3682 5681 3761 5738 sic
3790 5682 3891 5737 lia--

2315 5754 2485 5842 bent:
2511 5771 2572 5842 at
2589 5776 2685 5842 res
2696 5759 2940 5842 postulat
2968 5774 2983 5810 :
3014 5754 3752 5842 Prop-ter'lfarasceuen,uqu§e
3773 5767 3891 5842 pas-

2314 5832 2481 5886 sionis
2508 5822 2721 5885 Christi
2745 5822 3205 5882 commemoratrix
3229 5837 3335 5883 est:
3364 5836 3415 5882 et
3441 5822 3670 5880 maxime
3702 5823 3756 5878 in
3782 5822 3890 5878 Do-

2317 5902 2514 5955 minica
2545 5900 2664 5963 die;
2706 5914 2865 5965 neque
2891 5897 3051 5965 enim,
3080 5905 3185 5954 etc.
