4296 6288
587 480 698 538 αδδ

2074 474 2397 532 ORIGENIS

3706 462 3721 475 κ

3756 480 3861 537 2ίῦ

593 611 649 657 et
673 601 913 673 Moysen,
961 613 1355 669 componamus
1391 606 1445 651 et
1478 614 1639 653 suam
1675 598 1978 668 proximam
2022 613 2176 652 com-
2208 604 2250 658 Α
2280 600 2485 654 attraxi
2517 601 2764 670 spiritum
2793 600 2835 654 ⁷.
2885 598 3010 655 llaec
3055 598 3275 669 quidem
3320 606 3542 669 propter
3584 599 3689 657 hoc
3715 603 3857 673 quod

597 693 936 763 pan-stionem
967 687 1121 745 Isaiae
1144 699 1201 744 et
1234 687 1388 745 lenae
1408 689 1473 742 ".
1508 687 1601 743 Ille
1623 688 1861 744 mittitur
1884 689 2180 760 praedicare

586 785 930 839 eversionem
983 778 1240 837 Ninivitis
1289 788 1413 851 post
1460 788 1571 836 tres
1604 781 1741 848 dies,
1786 789 1839 835 et
1878 781 2023 851 piget
2051 794 2178 834 eum

590 871 861 941 proficisci
910 871 1184 925 nolentem
1237 885 1407 925 causa
1446 870 1717 925 malorum
1771 870 2031 926 civitatis.
2075 868 2180 925 Isle

590 979 720 1017 vero
742 980 847 1018 non
871 972 1195 1034 exspectans
1223 963 1353 1032 quid
1387 963 1437 1018 ei
1464 963 1825 1033 imperaretur
1861 972 1921 1016 ut
1950 962 2175 1028 diceret,

591 1056 668 1111 ait
696 1074 709 1111 :
745 1055 879 1110 Ecce
906 1072 998 1126 ego
1031 1071 1170 1122 sum,
1205 1056 1353 1109 mitte
1382 1071 1483 1110 me.
1515 1056 1722 1108 Bonum
1758 1063 1975 1109 estnon
2002 1054 2178 1123 prosi-

588 1146 691 1201 lire
715 1146 781 1201 ad
803 1161 900 1202 eas
927 1162 1049 1216 qua:
1073 1160 1106 1202 a
1135 1144 1246 1201 Dro
1270 1154 1400 1201 sunt
1419 1145 1712 1217 dignitates
1732 1152 1785 1199 et
1812 1143 2173 1214 principatus,

576 1246 647 1294 et
677 1237 983 1293 ministeria
1016 1236 1131 1310 (97)
1164 1236 1441 1303 Ecclesia},
1471 1238 1567 1293 sed
1609 1237 1809 1292 imitari
1844 1235 2086 1308 Moysen.
2124 1244 2179 1290 et

590 1329 772 1384 dicere
799 1325 923 1384 cum
954 1343 1020 1383 eo
1054 1346 1073 1383 :
1111 1327 1331 1382 Prol-ide
1375 1328 1542 1382 aliaat
1566 1343 1722 1399 quem
1751 1329 1958 1383 mittas.
1990 1326 2178 1398 Neque

590 1418 736 1473 enim
759 1418 825 1472 ad
846 1417 1214 1489 principatum
1240 1416 1496 1473 Ecclesiae
1525 1418 1672 1472 venit
1689 1415 1783 1486 qui
1809 1416 2011 1472 salvari
2039 1417 2173 1483 vult,

589 1522 644 1565 et
678 1510 723 1566 si
753 1518 969 1581 praeest,
995 1512 1087 1565 sed
1129 1510 1193 1564 ad
1227 1509 1543 1564 servitutem
1570 1508 1851 1575 Ecclesiae,
1895 1508 1940 1563 si
1965 1517 2178 1580 oportet

590 1605 772 1658 dicere
802 1610 859 1657 et
885 1602 951 1658 de
985 1601 1278 1673 Evangelia
1318 1621 1332 1658 :
1373 1600 1644 1671 Principes
1679 1601 1896 1675 quidem
1943 1602 2176 1672 gentium

592 1697 941 1749 dominantur
960 1697 1058 1759 eis,
1093 1705 1143 1749 et
1176 1696 1268 1767 qui
1291 1704 1601 1764 potestatem
1629 1693 1820 1748 habent
1849 1694 1903 1748 in
1924 1693 2035 1748 illis
2061 1710 2177 1748 ma-

590 1789 848 1858 gistratus
898 1796 1171 1844 vocantur.
1222 1786 1346 1841 Non
1386 1788 1464 1840 sic
1506 1798 1681 1841 autem
1722 1787 1822 1840 erit
1851 1786 1909 1840 in
1934 1786 2171 1853 vobis”;

594 1895 695 1935 nec
737 1880 882 1935 enim
929 1880 1283 1935 dominantur
1317 1878 1593 1950 principes
1627 1879 1681 1932 in
1710 1877 1888 1945 vobis,
1939 1878 2034 1933 sed
2077 1878 2173 1948 qui

2282 691 2359 744 ait
2380 689 2579 746 Isaias:
2608 691 2739 746 Ecce
2771 708 2886 746 sum
2916 708 3032 762 ego,
3058 692 3206 745 mitte
3234 706 3334 746 me.

2349 782 2405 836 ἓ.
2445 780 2736 837 Faciamus
2777 792 2958 837 autem
2994 797 3060 838 ex
3107 791 3261 852 parte
3300 790 3512 837 etcum
3547 797 3634 838 co.
3678 782 3864 840 Voluit

2279 876 2423 929 enim
2453 891 2577 932 cum
2610 875 2913 946 accepisset
2936 875 3048 947 jam
3072 875 3301 946 gratiam
3337 891 3366 930 a
3390 874 3521 939 Deo,
3546 892 3657 931 non
3684 877 3738 931 in
3763 893 3862 931 va-

2279 981 2443 1022 cuum
2463 980 2585 1021 eam
2610 966 2878 1037 accipere,
2902 966 2996 1021 sed
3021 966 3101 1020 uti
3123 980 3184 1020 ea
3209 964 3276 1019 ad
3298 964 3630 1019 necessaria.
3657 962 3862 1021 Videns

2279 1058 2575 1128 seraphim,
2602 1058 2793 1113 videns
2817 1057 3109 1113 Dominum
3135 1056 3372 1112 Sabaoth
3397 1057 3672 1112 sedentem
3695 1072 3861 1128 super

2281 1152 2541 1207 thronum
2582 1151 2861 1206 excelsum
2893 1158 2949 1205 et
2978 1150 3268 1216 elevatum,
3320 1145 3465 1205 dixit.
3485 1150 3649 1221 (vers.
3673 1150 3728 1220 5)
3758 1168 3772 1204 :
3813 1147 3859 1204 0

2279 1241 2438 1294 miser
2462 1257 2576 1312 ego,
2608 1241 2859 1311 quoniam
2886 1249 3225 1311 compunctus
3251 1256 3390 1306 sum,
3415 1240 3540 1311 quia
3566 1255 3683 1294 cum
3705 1240 3858 1294 homo

2277 1331 2399 1395 sim,
2447 1339 2495 1384 et
2544 1330 2820 1384 immunda
2871 1329 3018 1383 labia
3069 1328 3312 1393 habeam,
3368 1329 3425 1381 in
3459 1328 3630 1383 medio
3659 1343 3858 1398 quoque

2276 1424 2459 1495 populi
2486 1423 2635 1479 labia
2668 1424 2945 1478 immunda
2975 1422 3214 1478 habentis
3251 1421 3503 1488 habitem,
3541 1436 3712 1492 regem
3748 1419 3861 1474 Do»

2279 1518 2483 1572 minum
2511 1515 2749 1571 Sabaoth
2779 1516 2888 1570 vidi
2922 1516 3090 1571 oculis
3117 1515 3271 1569 meis.
3299 1512 3417 1569 Hoc
3440 1513 3652 1576 dicens.
3687 1522 3741 1568 et
3760 1512 3863 1566 mi-

2277 1623 2459 1664 serum
2500 1621 2564 1663 se
2609 1605 2851 1671 faciens,
2900 1615 3142 1663 meretur
3180 1604 3478 1671 auxilium,
3524 1604 3862 1674 suscipiente

2277 1697 2390 1754 Deo
2436 1698 2801 1753 humilitatem
2852 1699 2996 1769 ejus.
3050 1697 3208 1764 Quod
3253 1707 3338 1754 est
3381 1698 3525 1753 istud
3553 1696 3864 1752 auxilium?

2277 1788 2456 1862 (Vers.
2477 1791 2531 1856 6,
2562 1789 2615 1860 7)
2647 1787 2845 1843 Missus
2869 1797 2969 1857 est,
2993 1790 3090 1855 ait,
3114 1789 3184 1843 ad
3218 1806 3298 1844 me
3322 1806 3459 1843 unus
3483 1789 3548 1842 de
3574 1789 3860 1858 seraphim,

2275 1892 2325 1937 et
2369 1881 2590 1936 habebat
2636 1882 2693 1936 in
2739 1881 2939 1951 forcipe
2979 1880 3278 1949 carbonem,
3311 1898 3464 1952 quem
3503 1881 3760 1935 attulerat
3796 1881 3863 1933 de

590 1973 708 2027 vult
753 1981 991 2027 vestrum
1047 1987 1168 2028 esse
1216 1945 1418 2042 major,
1465 1945 1569 2026 erit
1604 1970 1855 2025 omnium
1887 1945 2171 2025 minimus.
2207 1945 2248 2000 Β
2279 1970 2465 2038 altari,
2510 1980 2562 2025 et
2610 1945 2780 2043 tetigit
2821 1945 2968 2026 labia
3010 1988 3147 2039 mea,
3195 1980 3244 2026 et
3264 1945 3403 2025 discit
3432 1988 3452 2024 :
3485 1970 3618 2025 Ecce
3661 1970 3860 2025 abstuli

574 2064 693 2132 Qui
729 2066 841 2119 vult
865 2081 984 2121 esse
1015 2065 1247 2135 primus,
1275 2064 1378 2119 erit
1403 2064 1648 2119 omnium
1684 2063 2039 2119 novissimus.
2065 2061 2173 2129 Qui

587 2166 817 2212 vocatur
851 2172 980 2228 ergo
1013 2158 1078 2212 ad
1118 2156 1515 2228 episcopatum,
1564 2171 1672 2209 non
1707 2154 1774 2210 ad
1806 2154 2171 2226 principatum

586 2262 837 2315 vocatur,
885 2249 978 2303 sed
1014 2249 1080 2302 ad
1124 2248 1442 2303 servitutem
1478 2246 1648 2302 totius
1694 2245 1970 2302 Ecclesiae.
2007 2245 2064 2300 Si
2092 2247 2175 2301 vis

574 2342 811 2398 credere
851 2341 918 2396 de
952 2339 1271 2411 Scriptnris,
1321 2340 1447 2410 quia
1493 2339 1547 2394 in
1595 2338 1836 2395 Ecclesia
1878 2354 2068 2395 servus
2105 2338 2176 2394 sit

582 2435 837 2490 omnium
869 2436 961 2505 qui
1004 2443 1221 2506 praeest,
1260 2434 1487 2489 suadeat
1531 2432 1628 2487 tibi
1678 2432 1794 2503 ipse
1836 2430 2085 2487 Salvator
2123 2442 2177 2489 et

593 2529 876 2595 Dominus,
923 2528 1016 2599 qui
1065 2528 1189 2583 talis
1239 2536 1533 2596 tantusque
1578 2524 1756 2580 factus
1797 2524 1961 2579 estin
1996 2524 2176 2580 medio

589 2624 1010 2694 discipulorum,
1043 2638 1150 2676 non
1183 2620 1341 2692 quasi
1365 2617 1738 2683 discumbens,
1767 2617 1858 2672 sed
1890 2616 2047 2687 quasi
2075 2615 2178 2670 mi-

590 2719 854 2771 nistrans.
898 2714 1188 2783 Accipiens
1216 2713 1359 2767 enim
1394 2711 1619 2767 linteum
1654 2718 1944 2780 postquam
1978 2717 2177 2764 exutus

591 2817 674 2861 est
716 2805 1080 2868 vestimentis,
1113 2801 1399 2873 praecinxit
1441 2815 1522 2866 se,
1557 2807 1613 2854 et
1640 2798 1862 2853 mittens
1888 2812 2086 2869 aquam
2119 2795 2176 2851 in

591 2897 789 2968 pelvim
822 2894 988 2965 coepit
1023 2894 1208 2947 lavare
1246 2890 1411 2962 pedes
1452 2888 1870 2960 discipulorum,
1905 2899 1960 2944 et
1995 2886 2178 2943 deter-

592 3004 720 3060 gere
760 2988 927 3042 linteo
971 3001 1082 3057 quo
1128 2994 1245 3040 erat
1286 2982 1637 3054 praecinctus.
1670 2980 1734 3037 Et
1765 2983 1965 3037 docens
1986 2979 2177 3051 quales

576 3088 844 3150 oporteat
872 3095 992 3135 esse
1020 3079 1295 3150 principes
1335 3086 1594 3147 tanquam
1630 3090 1839 3135 servos.
1883 3074 1961 3129 ait
2002 3091 2016 3128 :
2072 3071 2175 3128 Vos

586 3175 793 3228 .rocatis
832 3188 911 3227 me
941 3170 1263 3243 Magistrum
1296 3178 1351 3224 et
1392 3167 1696 3230 Dominum,
1722 3175 1780 3221 tet
1812 3166 1942 3220 bene
1969 3165 2175 3233 dicitis,

593 3282 712 3321 sum
742 3265 955 3319 etenim.
991 3262 1050 3318 Si
1075 3278 1195 3333 ergo
1227 3259 1484 3314 Dominus
1513 3268 1562 3313 et
1592 3256 1849 3328 Magister
1878 3265 2047 3311 vester
2072 3254 2179 3311 lavi

587 3358 737 3412 vobis
762 3356 937 3427 pedes,
971 3365 1021 3409 ct
1054 3371 1141 3408 vos
1168 3352 1365 3407 debetis
1395 3351 1713 3405 alterutrum
1747 3348 1926 3403 lavare
1952 3348 2108 3419 pedes
2133 3348 2174 3404 ¹.

596 3448 656 3501 1η
692 3444 1007 3499 servitutem
1044 3444 1208 3513 igitur
1248 3450 1477 3496 vocatur
1524 3439 1781 3495 Ecclesiae
1809 3439 2083 3510 princeps,
2115 3447 2179 3495 ut

590 3537 770 3610 possit
803 3551 870 3591 ex
897 3536 1156 3591 servitute
1187 3534 1290 3589 ista
1318 3533 1397 3588 ire
1429 3532 1496 3587 ad
1528 3532 1729 3589 solium
1760 3531 2005 3598 caeleste,
2035 3531 2180 3587 sicut

594 3631 857 3700 scriptum
886 3640 970 3683 est
997 3644 1012 3683 :
1044 3626 1303 3683 Sedebitis
1335 3641 1493 3696 super
1519 3625 1734 3680 thronos
1763 3624 2062 3689 duodecim,
2085 3622 2180 3693 ju-

589 3725 829 3779 dicantes
859 3721 1135 3776 duodecim
1161 3719 1334 3775 tribus
1358 3716 1534 3773 Israel
1553 3717 1596 3773 ².
1625 3716 1768 3771 Audi
1794 3731 1923 3772 vero
1950 3723 2005 3771 et
2037 3714 2180 3769 Pau-

597 3818 708 3870 lum
738 3826 848 3871 tam
883 3814 1207 3885 praeclarum
1246 3811 1425 3866 virum
1475 3809 1768 3874 dicentem,
1817 3807 1948 3877 quia
1987 3820 2181 3861 servus

585 3907 763 3964 fuerit
794 3907 1039 3962 omnium
1077 3905 1440 3961 credentium.
1473 3900 1588 3972 Ego
1616 3915 1755 3966 smn,
1790 3899 1889 3966 ait,
1927 3899 2179 3953 minimus

597 3998 995 4069 apostolorum;
1026 4014 1127 4052 non
1158 4012 1273 4050 sum
1301 3996 1491 4066 dignus
1521 3992 1698 4048 vocari
1730 3990 2025 4061 apostolus,
2052 3991 2181 4061 quia

595 4100 897 4161 persecutus
948 4106 1065 4144 sum
1116 4088 1407 4144 Ecclesiam
1452 4086 1550 4141 Dei
1573 4085 1616 4141 ³.
1650 4084 1823 4140 Porro
1856 4084 1903 4141 si
1932 4084 2037 4140 hoc
2068 4097 2180 4139 non

590 4185 812 4242 videtur
850 4184 1154 4255 approbare
1181 4183 1498 4239 servitutem
1529 4180 1671 4251 ejus,
1701 4178 1799 4236 sed
1832 4187 2049 4236 tantum
2077 4177 2183 4233 hu-

583 4275 906 4338 «militatem,
932 4273 1059 4329 audi
1082 4288 1206 4327 eum
1233 4273 1504 4327 dicentem
1528 4289 1541 4324 :
1576 4268 1735 4324 Facti
1762 4285 1946 4326 sumus
1971 4268 2182 4339 parvuli

594 4366 652 4418 in
687 4364 859 4417 medio
907 4373 1161 4426 oestrum,
1210 4364 1366 4431 quasi
1398 4362 1582 4415 nutrix
1628 4360 1802 4430 foveat
1845 4361 1988 4430 ﬁlios
2034 4376 2181 4426 suos,

595 4472 718 4510 cum
747 4467 1020 4524 possemus
1049 4465 1231 4520 graves
1257 4466 1389 4514 esse,
1420 4462 1479 4504 ut
1508 4449 1708 4505 Christi
1733 4450 1961 4520 apostoli
1980 4449 2021 4504 ⁸.
2054 4450 2184 4503 Imi-

589 4558 804 4604 ‘tatores
828 4560 959 4615 ergo
989 4558 1090 4597 nos
1137 4554 1257 4595 esse
1301 4541 1519 4610 expedit
1554 4541 1844 4595 humilium
1872 4541 2043 4611 ipsius
2074 4539 2183 4595 Do-

2278 2066 2585 2137 iniquitates
2617 2076 2738 2120 tuas
2764 2075 2814 2120 et
2843 2075 3060 2135 peccata
3102 2073 3195 2119 tua
3239 2064 3684 2135 circumpurgari.
3713 2063 3863 2117 Con-

2276 2167 2498 2214 secutus
2533 2166 2618 2213 est
2654 2157 3005 2224 beneﬁcium,
3036 2157 3277 2213 mundus
3298 2156 3545 2223 eﬂ‘ectus,
3576 2168 3631 2212 et
3662 2157 3859 2211 remis-

2278 2253 2489 2309 sionem
2520 2253 2794 2323 accipiens
2817 2261 3183 2323 peccatorum.
3214 2250 3350 2306 Cum
3385 2251 3629 2308 audisset
3655 2270 3669 2306 :
3696 2251 3861 2317 Quem

2278 2345 2489 2399 mittam
2517 2345 2586 2398 ad
2616 2343 2890 2414 populum,
2932 2354 2983 2399 et
3003 2345 3123 2416 quis
3152 2342 3250 2398 ibit
3279 2344 3426 2399 nobis
3440 2346 3473 2399 .9
3501 2359 3609 2399 non
3642 2353 3864 2414 propter

2278 2433 2518 2504 priorem
2548 2434 2944 2489 conscientiam
2981 2450 3153 2490 ausus
3186 2433 3292 2489 fuit
3319 2434 3503 2489 dicere
3533 2451 3550 2488 :
3578 2432 3714 2487 Ecce
3745 2450 3860 2504 ego,

2278 2529 2430 2584 mitte
2456 2545 2558 2596 me,
2593 2529 2689 2584 sed
2715 2528 2809 2583 ubi
2839 2527 3088 2582 audierat
3116 2542 3130 2581 :
3159 2525 3296 2580 Ecce
3326 2524 3523 2580 abstuli
3552 2525 3861 2595 iniquitates

2279 2629 2417 2672 tuas.
2443 2617 2614 2689 igitur
2637 2617 2767 2688 quia
2792 2617 2965 2673 sancti
2990 2625 3455 2687 compunguntur,
3485 2624 3542 2672 et
3565 2616 3864 2686 requiritur

2274 2711 2422 2767 inter
2445 2710 2665 2782 Moysen
2680 2718 2741 2765 et
2755 2711 2977 2775 lsaiam,
3009 2708 3413 2765 satisfaciamus
3443 2723 3544 2778 pro
3569 2706 3774 2780 Moyse,
3808 2722 3863 2763 et

2277 2804 2447 2861 etiam
2475 2817 2577 2875 pro
2590 2800 2960 2870 lsala,dantes
2981 2810 3035 2857 et
3051 2802 3130 2857 eis
3142 2802 3210 2857 de
3235 2800 3391 2872 117
3414 2798 3713 2872 Scripturis
3739 2816 3862 2856 sor-

2278 2906 2391 2954 tem
2413 2912 2593 2955 suam.
2622 2895 2839 2968 Moyses
2869 2910 2981 2950 non
3014 2895 3226 2966 accepit
3258 2895 3639 2950 remissionem
3668 2909 3863 2964 pecea-

2281 2997 2485 3054 torum,
2510 3000 2570 3043 ut
2592 2988 2798 3045 diceret
2819 2987 2976 3058 quasi
2995 2985 3106 3057 jam
3130 2986 3394 3043 conscius
3427 3001 3485 3041 se
3514 2985 3862 3053 mandatum,

2289 3082 2439 3137 Mitte
2483 3097 2586 3147 me,
2636 3088 2858 3151 propter
2887 3078 3032 3150 quod
3067 3079 3142 3133 ait
3175 3097 3189 3134 :
3220 3078 3449 3133 Provide
3501 3077 3668 3131 alium
3705 3093 3864 3149 quem

2279 3175 2488 3241 mittas,
2522 3173 2757 3229 habebat
2791 3171 2935 3227 enim
2971 3173 3025 3225 in
3055 3170 3389 3226 conscientia
3427 3167 3861 3225 interfectionem

2205 3286 2249 3345 ο
2280 3265 2558 3338 Egyptii;
2605 3263 2743 3319 forte
2781 3272 2961 3318 autem
3004 3271 3067 3317 ut
3095 3262 3261 3316 homo
3300 3261 3505 3317 sciebat
3534 3277 3595 3316 se
3626 3269 3680 3315 ct
3708 3276 3862 3331 quae-

2282 3358 2408 3414 dam
2460 3356 2569 3411 alia
2612 3355 2815 3410 habere
2852 3361 3096 3424 peccata,
3141 3362 3423 3423 propterea
3475 3358 3712 3406 recusat.
3758 3348 3863 3406 iste

2278 3457 2463 3503 autem
2517 3461 2624 3501 non
2669 3445 2829 3516 quasi
2863 3454 3056 3499 natura
3095 3444 3280 3515 justus
3333 3443 3572 3513 postulat
3616 3440 3864 3497 ministe-

2280 3539 2447 3604 rium,
2474 3536 2570 3592 sed
2595 3536 2750 3607 quasi
2782 3537 3015 3607 gratiam
3049 3543 3400 3591 consecutus.
3434 3532 3530 3588 Sic
3562 3542 3616 3589 ct
3648 3531 3862 3606 Moyses

2281 3630 2327 3686 si
2358 3628 2594 3683 similem
2637 3628 2867 3699 gratiam
2904 3625 3254 3697 percepisset,
3286 3626 3637 3696 audissetque
3672 3643 3686 3681 :
3728 3624 3863 3680 Ecce

2275 3719 2479 3775 abstuli
2517 3719 2824 3790 iniquitates
2880 3728 3037 3784 tuas;
3085 3727 3140 3773 et
3186 3718 3290 3773 hoc
3329 3735 3342 3771 :
3395 3716 3864 3773 Circummundari

2277 3821 2494 3882 peccata
2522 3821 2635 3877 tua,
2668 3826 2950 3880 nunquam
2979 3809 3119 3865 forte
3139 3809 3368 3866 dixisset
3397 3827 3410 3865 :
3436 3808 3667 3864 Provide
3695 3809 3862 3863 alium

2282 3917 2434 3971 quem
2464 3901 2668 3954 mittas.
2697 3897 2872 3955 Habet
2899 3914 3028 3971 ergo
3057 3900 3261 3971 aliquid
3292 3902 3544 3970 rationis,
3571 3910 3626 3956 et
3648 3900 3863 3973 Moyses

2283 4008 2567 4059 recusans,
2597 4000 2651 4048 et
2682 3992 2857 4049 Isaias
2884 3992 3110 4050 dicens:
3138 3992 3272 4048 Ecce
3297 4009 3390 4064 ego
3418 4008 3558 4058 sum,
3582 3996 3733 4047 mitte
3760 4008 3857 4046 me.

2350 4083 2409 4139 5.
2439 4080 2552 4139 Sed
2585 4082 2868 4141 videamus
2889 4099 2955 4140 ea
2983 4084 3150 4140 etiam
3174 4099 3296 4154 quae
3321 4084 3567 4154 praecipit
3596 4083 3863 4139 Dominus

2279 4183 2345 4233 ut
2373 4175 2574 4247 populo
2605 4176 2813 4233 diceret
2841 4194 2854 4232 :
2896 4174 3062 4242 Vade,
3100 4184 3151 4230 et
3181 4175 3269 4230 dic
3308 4175 3499 4245 popqu
3534 4191 3555 4230 :
3596 4175 3738 4230 Δανα
3763 4191 3863 4228 au-

2282 4266 2462 4334 dietis,
2492 4277 2543 4322 et
2569 4282 2674 4322 non
2696 4267 3022 4336 intelligetis,
3057 4274 3107 4319 et
3135 4265 3368 4319 videntes
3396 4267 3637 4332 cernetis,
3672 4275 3723 4320 et
3758 4280 3863 4319 non

2283 4357 2548 4413 uidebitis.
2600 4355 2974 4411 Incrassatum
3000 4364 3077 4408 est
3113 4354 3251 4407 enim
3278 4368 3369 4405 cor
3394 4356 3575 4423 populi
3609 4356 3790 4424 hujus,
3813 4366 3864 4410 et

2284 4448 2507 4502 auribus
2528 4448 2762 4516 graviter
2790 4444 3098 4509 audierunt,
3144 4452 3193 4497 et
3222 4443 3400 4498 oculos
3424 4444 3748 4513 clauserunt,
3780 4462 3866 4500 nc-

2282 4539 2495 4608 quando
2537 4537 2750 4593 videant
2780 4536 2969 4600 oculis,
3003 4545 3057 4591 et
3090 4535 3310 4589 auribus
3344 4538 3588 4601 audiant,
3627 4547 3679 4592 et
3707 4539 3863 4592 corde

600 4639 733 4693 mini
764 4650 1081 4692 sermonum
1130 4641 1295 4702 atque
1338 4630 1633 4698 factorum,
1686 4642 1741 4688 et
1768 4633 2002 4703 apostoli
2031 4631 2174 4704 ejus,
2206 4628 2255 4688 ι)
2279 4628 2600 4700 intelligant,
2618 4638 2676 4683 et
2716 4637 3121 4695 convertantur,
3156 4638 3205 4684 et
3233 4628 3428 4685 salvom
3450 4647 3541 4687 eos
3553 4647 3574 4697 ;
3610 4631 3860 4689 bifariam

596 4738 651 4783 et
678 4728 857 4783 facere
884 4727 1029 4796 quod
1057 4725 1260 4782 factum
1287 4731 1373 4779 est
1398 4739 1429 4778 a
1458 4721 1664 4794 Moyse,
1704 4731 1768 4778 ut
1802 4722 1966 4779 etiam
2003 4722 2050 4778 si
2078 4738 2177 4778 vo-

599 4830 756 4875 catur
784 4818 986 4888 aliquis
1023 4818 1090 4873 ad
1123 4817 1491 4889 principatum
1530 4814 1719 4871 dicat:
1747 4814 1980 4870 Provide
2007 4814 2177 4869 alium

597 4927 750 4983 quem
777 4912 980 4965 mittas.
1014 4909 1123 4966 Deo
1155 4908 1287 4964 dicit
1315 4926 1330 4963 :
1366 4906 1490 4962 Non
1519 4923 1636 4961 sum
1682 4908 1875 4979 dignus
1914 4916 2036 4962 ante
2066 4906 2180 4961 heri

596 5015 644 5060 et
673 5004 1079 5058 nudiustertius.
1117 4999 1293 5056 Exilis
1327 5000 1467 5055 vocis
1503 5015 1642 5065 sum,
1685 5008 1736 5055 et
1777 4998 2118 5071 tardilinguis
2133 4998 2177 5051 '.

598 5096 667 5151 Et
698 5095 826 5166 quia
870 5092 984 5149 Deo
1022 5092 1162 5148 dixit
1201 5091 1483 5148 humiliter
1513 5111 1527 5146 :
1571 5089 1749 5146 Exilis
1779 5090 1920 5147 vocis
1955 5106 2094 5155 sum,
2131 5097 2183 5145 et

600 5188 968 5259 tardilinguis,
1003 5185 1155 5242 audit
1194 5202 1225 5241 a
1253 5183 1365 5241 Deo
1395 5182 1565 5250 τρυε.
1593 5183 1737 5239 dedit
1787 5197 1845 5237 os
1883 5182 2108 5249 homini,
2133 5191 2184 5238 et

595 5278 717 5350 quis
763 5278 888 5348 fecit
927 5275 1150 5331 surdum
1194 5284 1244 5329 et
1289 5280 1519 5339 mutum,
1569 5270 1826 5325 videntem
1861 5277 1913 5325 et
1942 5269 2185 5324 caecum?

602 5369 793 5424 Nonne
816 5385 908 5438 ego
944 5367 1197 5422 Dominus
1228 5365 1367 5420 Deus
1393 5365 1453 5417 ‘?
1477 5364 1653 5420 Crede
1672 5361 1804 5429 Deo,
1836 5374 2098 5417 conseera
2126 5370 2183 5418 te

596 5462 673 5515 ei.
700 5458 853 5517 Licet
888 5459 1108 5516 subtilis
1143 5457 1296 5513 vocis
1332 5456 1413 5513 sis
1453 5454 1735 5525 tardaque
1767 5453 1989 5524 linguae,
2027 5453 2181 5511 trade

603 5559 658 5606 te
699 5550 939 5606 sermoni
980 5548 1095 5605 Dei.
1137 5546 1294 5603 Dices
1340 5554 1528 5616 postea
1558 5558 1574 5599 :
1600 5542 1680 5600 0s
1713 5558 1883 5598 meum
1922 5544 2106 5615 aperui
2128 5553 2178 5599 et

674 5714 720 5751 "
749 5717 876 5772 Ion.
904 5732 941 5771 ι.
1055 5717 1099 5750 ’⁸
1135 5716 1267 5771 Luc.
1305 5730 1440 5781 nu,
1466 5714 1562 5777 25,
1585 5714 1676 5769 26.
1749 5715 1763 5746 ¹
1796 5714 1954 5770 Joan.
1990 5732 2030 5770 ιε

601 5776 627 5808 ⁸
650 5782 821 5840 Exod.
854 5802 927 5855 tv,
962 5787 1047 5842 10.
1107 5787 1127 5818 ⁸
1153 5784 1283 5841 ibid.
1319 5785 1406 5841 11.
1459 5786 1477 5815 ⁷
1508 5782 1655 5842 Psal.
1685 5799 1875 5853 cxvut,
1908 5786 2030 5858 L’gl.

674 5921 792 5996 (97)
832 5921 987 5989 Mss».
1016 5920 1344 5985 ministeria;
1374 5916 1527 5985 editi,
1561 5920 1834 5989 mysteria.

2285 4722 2463 4779 sciens
2509 4723 2779 4778 sermonis
2823 4721 3181 4789 auditionem,
3216 4729 3273 4778 et
3309 4722 3582 4794 duplicem
3628 4739 3863 4782 noscens

2280 4816 2767 4884 constitutionem,
2825 4815 2931 4871 hoc
2976 4824 3061 4872 est
3103 4816 3251 4873 aliud
3306 4832 3495 4875 eorum
3559 4820 3860 4890 corporale,

2287 4908 2434 4964 aliud
2457 4907 2722 4979 spiritale,
2757 4915 2855 4963 aut
2881 4907 2949 4964 ad
2973 4910 3236 4981 populum
3267 4911 3653 4982 prophelizans
3677 4910 3746 4965 de
3777 4911 3863 4964 his

2288 5012 2410 5068 quae
2440 4996 2497 5051 in
2547 4996 2781 5053 adventu
2821 4996 3025 5053 Christi
3082 4998 3269 5054 futura
3314 5008 3495 5067 erant,
3541 4999 3670 5069 quia
3719 5009 3865 5056 esset

2288 5094 2504 5157 tempus
2552 5088 2774 5157 quando
2805 5088 3075 5156 audirent,
3131 5097 3187 5145 et
3226 5104 3336 5144 non
3370 5088 3732 5159 intelligerent
3775 5105 3860 5143 ea.

2286 5178 2346 5234 Si
2379 5179 2598 5250 quidem
2631 5193 2757 5235 cum
2803 5179 3059 5237 audirent
3108 5181 3400 5235 Dominum
3453 5195 3634 5236 meum
3675 5178 3861 5236 Jesum

2283 5270 2586 5337 Christum,
2641 5285 2834 5327 vocem
2890 5280 3101 5327 tantum
3154 5270 3425 5326 dictorum
3459 5270 3700 5335 audiere,
3753 5285 3862 5324 non

2282 5377 2528 5419 sensum.
2559 5360 2628 5418 Et
2653 5361 2758 5419 hoc
2775 5378 2843 5419 ex
2871 5378 2939 5419 eo
2965 5360 3311 5417 manifestum
3341 5369 3446 5433 est,
3477 5361 3605 5432 quia
3635 5361 3770 5418 foris
3792 5361 3861 5415 ad

2286 5456 2548 5527 populum
2583 5456 2638 5510 in
2668 5454 2947 5527 parabolis
2977 5453 3301 5525 loquebatur
3326 5470 3342 5520 ;
3371 5452 3652 5525 discipulis
3678 5462 3862 5509 autem

2287 5556 2499 5603 secreto
2551 5545 2887 5603 dissolvebat
2940 5559 3058 5601 eas.
3127 5542 3423 5615 Prophetat
3468 5552 3648 5600 autem
3715 5543 3862 5614 quod

1055 5717 1099 5750 ”
1135 5716 1267 5771 Luc.
1305 5730 1440 5781 nu,
1466 5713 1562 5785 ἓξ,
1585 5713 1676 5769 96.
1749 5715 1763 5746 ¹
1796 5712 1954 5770 Joan.
1990 5731 2110 5785 xm,
2143 5716 2343 5784 15,14.
2408 5718 2432 5748 ⁸
2463 5715 2653 5772 Matth.
2679 5731 2751 5772 It:

2162 5717 2228 5784 l3,
2254 5716 2343 5773 14.
2408 5718 2432 5748 ⁸
2463 5715 2653 5772 Matth.
2679 5731 2794 5781 nx,
2826 5714 2916 5771 28.
2982 5714 3004 5746 ³
3034 5711 3210 5769 lCor.
3235 5727 3325 5779 xv,
3392 5712 3414 5744 ⁵
3442 5710 3461 5764 1
3487 5708 3679 5767 Thess.
3711 5724 3773 5778 ιι,
3805 5706 3858 5766 7.
