4296 6288
423 248 524 302 ιω

1634 254 1700 309 lN
1738 253 1971 310 lSAlAM
2010 251 2294 308 HOMILIA
2327 252 2416 307 Vl.

3585 256 3691 308 ΞΗ

423 369 645 426 evenit:
675 371 809 425 Aura
826 371 1137 440 audietis,et
1167 389 1270 428 non
1301 373 1626 445 intelligetis.
1663 376 1831 432 Porro
1858 378 2000 447 quod
2034 382 2077 437 Α
2108 375 2182 427 cit
2223 376 2479 430 Salomon
2513 394 2525 428 :
2566 375 2664 428 Pes
2705 382 2827 427 tuus
2871 391 2972 429 non
3016 375 3246 442 offendat
3283 373 3346 430 ".
3389 375 3462 430 De
3494 376 3695 444 quibus

427 463 498 517 de
529 463 754 516 adventu
799 460 1017 515 Domini
1071 463 1176 518 hoc
1234 464 1306 519 sit
1354 467 1554 535 populo
1593 467 1999 536 prophetatum,

435 554 553 622 ipse
581 551 822 606 Salvator
844 553 982 608 dicit
1009 571 1023 606 :
1051 552 1189 608 Bene
1212 553 1539 623 prop/tetavit
1568 556 1632 610 de
1653 556 1796 611 vobis
1824 556 2002 612 Isaias

431 644 661 714 inquiens
692 659 710 696 .'
739 644 884 698 Aure
925 645 1180 711 audietis,
1236 654 1285 700 et
1317 664 1420 700 non
1455 647 1756 720 intelligetis
1783 651 1824 706 ⁸.
1859 650 2003 706 Con-

428 734 677 790 cedamus
718 751 852 807 ergo
879 736 1010 807 quia
1043 751 1324 794 sermones
1354 738 1569 794 Domini
1630 743 1860 812 populus
1900 762 2003 798 au-

429 825 786 882 scultansnos
803 831 1004 898 poterit
1035 845 1194 886 nosse
1225 847 1349 902 qua:
1370 833 1514 888 dicta
1541 836 1670 889 sint.
1708 835 2001 893 Videamus

418 924 595 970 autem
624 918 760 987 quid
782 919 973 977 sithoc
1003 924 1148 992 quod
1175 928 1424 996 sequitur
1461 947 1476 983 :
1516 928 1586 982 Et
1604 931 1835 987 videntes
1866 934 2003 989 ride-

417 1006 560 1071 bitis,
580 1017 632 1060 et
657 1025 763 1064 non
789 1012 990 1067 scietis.
1014 1012 1132 1070 Non
1157 1016 1342 1086 siquis
1359 1019 1492 1074 vidit
1523 1037 1585 1076 ea
1611 1038 1734 1092 quae
1751 1023 2001 1080 Salvator

414 1095 671 1166 faciebat,
721 1103 910 1158 statim
944 1105 1134 1164 videns
1177 1111 1355 1178 pot-uit
1397 1113 1700 1184 intelligere
1736 1132 1834 1171 cur
1858 1117 1999 1174 facta

413 1193 543 1248 sint.
584 1193 758 1251 Veluti
796 1196 1125 1268 (exemplum
1169 1206 1538 1278 assumamus)
1567 1207 1702 1262 lavit
1731 1210 1895 1278 pedes
1918 1212 2001 1266 di-

411 1286 751 1356 scipulorum
792 1304 810 1344 :
851 1300 908 1347 et
953 1293 1210 1350 videbant
1266 1298 1488 1368 quidem
1544 1300 1681 1356 bene
1726 1305 1999 1372 quomodo

414 1375 636 1433 lavabat
677 1380 842 1450 pedes
874 1381 1137 1454 Magister
1178 1387 1503 1458 discipulis;
1535 1391 1787 1450 videbant
1815 1406 1995 1451 autem

409 1477 468 1522 et
493 1469 586 1524 alii
613 1473 706 1541 qui
738 1483 896 1529 erant
931 1487 1265 1548 praesentes,
1291 1480 1384 1536 sed
1419 1481 1472 1537 id
1503 1492 1711 1540 tantum
1735 1489 1882 1557 quod
1905 1490 1998 1543 tie-

411 1562 527 1632 bat,
576 1579 688 1621 non
744 1569 908 1623 etiam
945 1586 1047 1626 cur
1088 1571 1268 1631 fiebat.
1305 1573 1612 1634 Similitudo
1645 1582 1844 1652 quippe
1881 1594 1998 1640 erat

409 1654 610 1712 lavatio
659 1659 878 1730 pedum,
931 1677 1039 1733 qua
1073 1663 1203 1720 lavit
1237 1665 1470 1724 Verbum
1511 1670 1604 1728 Dei
1636 1676 1796 1744 pedes
1826 1676 1994 1732 disci-

2109 469 2242 522 etin
2281 468 2509 522 Psalmis
2555 468 2819 538 scriptum
2869 477 2953 522 est
2996 485 3008 521 :
3049 465 3154 520 Mei
3203 477 3378 520 autem
3409 484 3537 537 pene
3565 480 3692 520 moti

2103 567 2226 611 sunt
2245 557 2398 626 pedes
2429 557 2492 609 ¹⁵.
2522 555 2724 612 Verum
2754 567 2808 611 et
2836 572 2956 626 qua:
2994 557 3402 610 constituuntur
3429 557 3608 612 vidua:
3638 556 3689 608 in

2105 652 2359 706 Ecclesiis
2392 670 2404 706 :
2440 649 2500 706 Si
2545 662 2872 716 sanctorum,
2922 650 3120 720 inquit,
3165 651 3318 719 pedes
3353 651 3482 704 lavit
3508 652 3569 707 Μ.
3631 648 3688 702 Si

2104 752 2286 796 autem
2331 743 2415 796 vis
2464 743 2707 812 apertius
2753 740 2946 794 audire
2999 739 3278 810 quomodo
3337 742 3495 802 vidua
3547 741 3689 793 lavat

2103 844 2416 888 sanctorum
2446 833 2612 902 pedes
2635 875 2648 898 ,
2682 831 2810 887 audi
2844 830 3075 886 Paulum
3109 831 3162 884 in
3192 830 3299 884 alio
3335 831 3464 885 loco
3485 831 3687 885 consti-

2104 933 2343 979 tuentem
2378 925 2579 988 viduis,
2620 932 2675 977 et
2719 922 2985 977 dicentem
3015 939 3028 976 :
3058 921 3199 976 Bene
3237 922 3481 976 docentes
3512 931 3569 973 ut
3591 937 3687 990 pu-

2102 1015 2251 1068 dicas
2279 1015 2504 1084 efﬁciant
2544 1012 2966 1066 adolescentulas
2991 1011 3068 1078 η,
3103 1010 3350 1064 lavantes
3379 1009 3570 1064 sordes
3593 1023 3687 1078 pe-

2102 1108 2231 1161 dum
2271 1107 2711 1176 juvencularun‘t.
2768 1103 2834 1158 Et
2868 1105 2982 1160 istae
3018 1102 3195 1158 viduae
3232 1102 3409 1172 digna:
3442 1113 3688 1156 suntet:-

2101 1198 2411 1254 clesiastico
2435 1199 2663 1264 honore,
2694 1213 3034 1268 quaecunque
3061 1205 3377 1252 sanctorum
3413 1195 3575 1264 pedes
3611 1194 3691 1247 la:-

2100 1301 2229 1347 vant
2245 1306 2498 1347 sermone
2515 1291 2776 1359 spiritalis
2796 1291 3076 1355 doctrinm,
3097 1297 3409 1343 sanctorum
3432 1302 3560 1340 vero
3575 1303 3684 1340 non

2100 1382 2467 1437 masculorum
2494 1421 2510 1446 ,
2543 1382 2635 1436 sed
2659 1381 2969 1435 mulierum.
3000 1379 3205 1435 Docere
3225 1378 3369 1431 enim
3402 1377 3682 1432 mulierem

2100 1490 2206 1529 non
2231 1473 2515 1544 permittit,
2545 1489 2720 1544 neque
2736 1472 3030 1543 principari
3049 1471 3184 1526 viro.
3205 1468 3334 1524 Vult
3349 1485 3472 1524 esse
3494 1469 3687 1523 mulie—

2099 1581 2185 1622 res
2200 1566 2338 1621 bene
2357 1567 2637 1632 docentes,
2656 1575 2716 1620 ut
2739 1567 2805 1620 ad
2824 1566 3130 1620 castitatem
3142 1563 3407 1618 suadeant
3421 1580 3526 1618 non
3551 1564 3680 1618 ado-

2097 1651 2384 1720 lescentes,
2407 1655 2501 1710 sed
2533 1653 3010 1722 adulescentulas;
3049 1655 3310 1710 indecens
3339 1655 3541 1725 quippe
3573 1662 3681 1720 est,

409 1745 686 1814 pulcrum.
746 1750 954 1810 Idcirco
1001 1756 1079 1811 ait
1131 1757 1380 1816 salvam,-
1409 1762 1478 1816 εδ
1517 1775 1863 1822 recusamem
1897 1769 1996 1825 pe_
2028 1753 2068 1808 B
2099 1755 2160 1801 ut
2191 1747 2385 1802 mulier
2415 1749 2678 1820 magistra
2713 1749 2816 1802 viri
2846 1749 2974 1817 ﬁat;
3009 1748 3102 1804 sed
3135 1757 3191 1802 ut
3219 1750 3524 1805 castitatem
3553 1763 3685 1802 sua-

409 1847 552 1894 trum
574 1881 590 1906 ,
632 1852 690 1898 et
720 1844 991 1904 dicentem
1030 1867 1044 1906 :
1083 1849 1209 1905 Non
1239 1852 1443 1910 lavabis
1470 1855 1624 1923 pedes
1655 1875 1818 1914 meos.
1852 1860 1993 1928 Quid

404 1933 525 1989 ait?
554 1935 709 2001 Quod
752 1957 845 2010 ego
877 1943 1053 2011 facio,
1103 1955 1158 1998 tu
1208 1947 1374 1999 nescis
1421 1951 1596 2013 modo,
1642 1954 1772 2006 scies
1818 1965 1993 2010 autem

401 2036 589 2093 postea
611 2030 654 2085 '.
687 2030 830 2096 Quid
859 2045 1041 2089 autem
1079 2034 1215 2092 facis
1248 2039 1454 2092 modo?
1485 2041 1619 2094 dicit
1643 2041 1856 2099 Petrus.
1906 2045 1995 2100 Vi-

398 2115 508 2171 deo
545 2128 597 2173 te
641 2120 906 2174 lavantem
943 2125 1108 2192 pedes
1141 2137 1378 2190 nostros.
1411 2139 1464 2185 et
1499 2132 1696 2200 pelvim
1733 2136 1989 2204 positam,

397 2207 576 2262 linteo
610 2217 659 2264 te
682 2213 1057 2282 praecinctum,
1092 2229 1146 2272 et
1171 2219 1496 2277 servientem
1526 2225 1705 2292 nobis,
1731 2237 1783 2283 et
1807 2229 1990 2286 deter-

397 2307 620 2368 gentem
671 2304 834 2372 pedes
877 2316 1112 2364 nostros.
1169 2309 1366 2367 Verum
1394 2315 1524 2385 quia
1563 2332 1674 2373 non
1717 2329 1834 2376 erat
1889 2324 1991 2381 hoc

403 2391 693 2461 negotium.
712 2397 1015 2464 corporale,
1037 2400 1130 2454 sed
1160 2402 1433 2471 spiritale,
1469 2405 1721 2464 Salvator
1749 2412 1988 2470 nudatus

403 2481 576 2536 mittit
621 2484 921 2552 spiritalem
955 2502 1153 2558 aquam
1183 2490 1237 2544 in
1270 2493 1470 2562 pelvim
1495 2500 1794 2554 secundum
1833 2500 1984 2558 Scri-

397 2583 611 2645 pturas,
639 2577 856 2634 etlavat
877 2582 1042 2649 pedes
1068 2583 1464 2654 discipulorum
1496 2604 1748 2656 suorum,
1773 2603 1832 2648 ut
1857 2610 1982 2650 cum

397 2668 590 2723 mundi
623 2667 848 2735 fuerint,
883 2674 1181 2729 ascendant
1226 2676 1293 2731 ad
1345 2678 1612 2736 dicentem
1645 2701 1659 2737 :
1694 2682 1808 2754 Ego
1862 2703 1982 2740 sum

399 2758 487 2812 via
511 2758 584 2824 ¹⁰;
634 2769 687 2814 et
735 2776 842 2816 non
877 2763 1021 2832 pleni
1053 2767 1295 2835 pulvere,
1333 2787 1494 2841 quem
1527 2784 1781 2832 excutere
1814 2779 1981 2834 voluit

399 2865 567 2919 super
606 2851 893 2923 indignos,
929 2867 985 2911 et
1024 2874 1129 2912 non
1166 2862 1523 2932 suscipientes
1551 2883 1763 2936 pacem,
1804 2886 1981 2941 neque

397 2943 592 3013 dignos
633 2958 822 2999 eorum
857 2963 980 3018 quas
1027 2950 1368 3008 dicebantur.
1425 2957 1490 3010 Et
1544 2959 1669 3028 quia
1712 2961 1817 3016 hoc
1864 2971 1981 3017 erat

395 3034 543 3103 quod
577 3036 1006 3107 significabatur,
1045 3041 1168 3098 ideo
1201 3044 1277 3100 ait
1321 3063 1335 3100 :
1381 3045 1537 3113 Quod
1581 3067 1675 3121 ego
1717 3054 1882 3123 facio,
1921 3065 1978 3110 tu

2087 1838 2264 1892 ‘deant
2311 1838 2774 1906 adolescentulis,
2825 1849 2879 1894 et
2934 1856 3120 1895 amare
3175 1840 3324 1896 viros
3372 1851 3426 1895 et
3479 1840 3681 1897 liberos

2095 1944 2250 1983 suos.
2307 1928 2591 1984 Discanms
2635 1945 2766 2000 ergo
2815 1930 2998 1984 lavare
3045 1931 3208 1999 pedes
3256 1930 3673 1998 discipulorum.

2096 2018 2202 2074 lsta
2235 2032 2455 2092 propter
2483 2022 2587 2076 hoc
2618 2022 2762 2076 dicta
2809 2031 2938 2076 sunt
2988 2040 3003 2075 :
3061 2021 3306 2075 Videntes
3337 2021 3600 2086 videbitis,
3630 2033 3681 2077 et

2095 2128 2198 2164 non
2251 2113 2456 2169 scietis.
2510 2113 2780 2180 Quoniam
2830 2114 2876 2169 si
2926 2115 3057 2184 quid
3106 2115 3270 2170 [iebat
3299 2132 3329 2170 a
3367 2114 3679 2184 Salvatore,

2092 2203 2162 2256 ah
2213 2203 2296 2257 his
2347 2205 2569 2274 quidem
2621 2205 2714 2275 qui
2759 2219 2870 2260 non
2930 2205 3338 2277 intelligebant,
3395 2207 3680 2280 videbatur

2087 2293 2242 2364 juxta
2266 2310 2488 2366 corpus,
2514 2313 2619 2351 non
2649 2297 3112 2368 vitlehaturjuxta
3142 2299 3408 2354 rationem
3436 2317 3450 2365 ;
3495 2300 3564 2354 ab
3592 2301 3680 2356 his

2089 2403 2221 2442 vero
2247 2388 2341 2458 qui
2376 2389 2770 2460 intelligebant,
2793 2390 3080 2446 videbatur
3099 2391 3317 2461 quidem
3347 2393 3672 2463 llﬁjuxta

2089 2481 2299 2546 oculos,
2336 2482 2624 2539 videbatur
2641 2493 2823 2538 autem
2845 2484 3072 2554 etjuxta
3103 2486 3473 2552 intellectum;
3509 2488 3581 2540 ita
3615 2491 3676 2541 ut

2087 2586 2196 2625 non
2227 2573 2594 2643 compleretur
2642 2589 2810 2644 super
2856 2575 3013 2629 beate
3073 2577 3347 2642 videntes,
3395 2578 3498 2632 hoc
3526 2577 3671 2647 quod

2083 2664 2288 2721 dictum
2323 2675 2452 2722 est:
2496 2666 2742 2722 Videntes
2777 2666 3042 2733 videbitis,
3089 2678 3139 2722 et
3191 2685 3298 2722 non
3333 2669 3529 2734 scietis,
3575 2667 3670 2723 sed

2083 2775 2250 2830 super
2274 2769 2610 2831 peccatores.
2644 2760 2748 2815 Sed
2778 2768 2833 2815 et
2861 2769 3059 2815 cuncta
3091 2759 3510 2831 Evangeliorum
3543 2777 3670 2817 ore-

2083 2867 2207 2907 mus
2242 2851 2486 2908 videntes
2510 2852 2800 2922 dupliciter
2831 2853 3011 2908 videre
3034 2895 3052 2919 ,
3088 2855 3362 2922 quomodo
3395 2853 3532 2910 facta
3558 2855 3668 2910 sint

2076 2942 2234 3013 juxta
2297 2957 2518 3012 corpus,
2581 2943 2802 3012 quando
2849 2942 3101 2998 Salvator
3156 2953 3345 2999 noster
3399 2945 3548 3000 venit
3596 2947 3662 3000 ad

2085 3043 2278 3090 terras.
2323 3033 2538 3090 Etenim
2573 3036 2874 3092 similitudo
2907 3046 3043 3101 erat,
3080 3043 3132 3090 et
3165 3047 3325 3109 typus
3353 3036 3662 3092 futurorum

408 3133 573 3185 ηεεοί,
616 3140 787 3201 modo,
831 3139 962 3192 περ,
989 3150 1169 3196 autem
1207 3107 1484 3214 poma-t1.
1511 3107 1640 3205 ΕΙ.θῖ
1677 3107 2048 3212 θξιιεηι’ᾑοεθ
2085 3127 2516 3198 unumquodque
2542 3128 2687 3197 quod
2715 3129 2878 3183 licbat
2906 3130 2958 3184 in
2991 3146 3242 3201 corpore.
3279 3129 3453 3185 Veluti
3481 3134 3666 3187 nescio

405 3224 548 3292 quod
591 3234 647 3280 et
696 3227 920 3297 reliquis
957 3231 1160 3288 dictum
1207 3245 1291 3292 est
1330 3255 1342 3291 :
1386 3236 1524 3304 Quia
1563 3258 1652 3296 vos
1681 3247 1877 3299 vocatis
1906 3264 1988 3303 me

404 3315 717 3386 Magistrum
742 3329 791 3374 et
827 3321 1132 3390 Dominum,
1164 3337 1212 3380 et
1235 3329 1360 3384 bene
1386 3331 1579 3388 dicitis.
1611 3333 1741 3389 Sum
1771 3339 1986 3396 etenim.

401 3403 464 3457 Si
491 3406 653 3476 igitur
680 3426 773 3479 ego
805 3410 1058 3469 Dominus
1083 3425 1132 3470 et
1155 3417 1404 3490 Magister
1437 3422 1543 3477 lavi
1572 3427 1725 3494 pedes
1762 3437 1977 3495 vestros,

401 3502 454 3546 et
486 3512 573 3549 vos
603 3498 801 3554 debetis
844 3502 1064 3558 invicem
1111 3507 1293 3564 lavare
1333 3513 1396 3564 ".
1434 3513 1574 3586 Ergo
1601 3517 1706 3572 hoc
1745 3519 1876 3574 dicit
1921 3530 1981 3576 ut

397 3584 686 3655 episcopus
715 3591 936 3647 mittens
962 3610 1154 3664 aquam
1179 3598 1232 3652 in
1265 3601 1482 3668 pelvim,
1517 3584 1574 3660 et
1598 3618 1794 3665 exutus
1821 3613 1981 3668 vesti-

386 3668 494 3723 bus
532 3669 668 3738 suis,
705 3681 761 3726 et
800 3676 1125 3743 praecinctus
1155 3679 1323 3736 linteo
1357 3699 1444 3739 me
1476 3689 1801 3744 extendente
1833 3691 1976 3747 lavet

385 3760 557 3828 pedes
579 3765 763 3820 meos?
796 3765 1076 3837 Siquidem
1111 3788 1231 3840 vos,
1263 3773 1463 3845 inquit,
1493 3778 1702 3835 debetis
1737 3782 1972 3838 invicem.

383 3852 573 3908 lavare
604 3856 766 3924 pedes
802 3868 1032 3917 vestros.
1073 3860 1130 3917 Si
1177 3863 1282 3920 hoc
1311 3877 1396 3921 est
1440 3870 1586 3938 quod
1617 3871 1840 3936 dicitur,
1873 3890 1968 3930 ne-

379 3962 477 4001 mo
509 3958 752 4006 vestrum
793 3957 1110 4012 mandatum
1146 3963 1408 4018 servabit.
1457 3963 1627 4021 Nemo
1658 3970 1804 4023 enim
1845 3972 1967 4040 qui-

376 4041 706 4111 buscunque
743 4047 1089 4105 venientibus
1124 4065 1414 4108 assumens
1446 4055 1672 4112 linteum
1701 4059 1965 4116 diaconus

376 4131 468 4186 vel
521 4135 822 4205 presbyter,
880 4139 996 4194 sive
1039 4142 1332 4211 episcopus
1375 4145 1521 4200 lavat
1553 4149 1738 4216 pedes.
1774 4149 1880 4205 Sed
1919 4152 1965 4206 si

377 4223 654 4294 intelligas
695 4241 757 4280 ea
795 4244 922 4297 quae
959 4231 1161 4301 scripta
1192 4243 1349 4300 sunt,
1380 4237 1473 4305 qui
1511 4252 1640 4294 vere
1665 4239 1809 4296 beati
1838 4253 1966 4299 sunt

375 4315 617 4386 episcopi
671 4321 973 4377 servientes
1023 4322 1282 4380 Ecclesiae
1310 4367 1326 4393 ,
1381 4327 1602 4385 mittunt
1645 4346 1846 4401 aquam
1895 4335 1963 4391 de

378 4407 678 4479 Scripturis
724 4413 778 4466 in
835 4414 1030 4483 pelvim
1066 4417 1294 4486 animas,
1339 4422 1485 4490 quod
1541 4433 1625 4479 est
1658 4427 1958 4484 secundum

2081 3219 2207 3289 quis
2237 3233 2268 3273 a
2297 3219 2579 3274 nativitate
2616 3235 2796 3275 caecus
2833 3221 3007 3277 visum
3041 3223 3383 3292 recuperavit
3415 3224 3457 3256 ιθ
3487 3241 3500 3278 :
3538 3240 3665 3279 vere

2080 3320 2260 3366 autem
2293 3327 2471 3366 caecus
2502 3312 2607 3366 istc
2631 3327 2661 3366 a
2692 3312 2973 3368 nativitate
3001 3323 3120 3369 erat
3155 3315 3437 3384 gentilium
3485 3331 3662 3387 pepu-

2080 3402 2184 3465 lus,
2218 3403 2305 3457 cui
2339 3402 2589 3458 Salvator
2621 3404 2854 3459 reddidit
2884 3405 3083 3472 visum,
3122 3407 3290 3461 saliva
3323 3423 3421 3463 sua
3452 3424 3661 3479 ungens

2076 3494 2268 3548 oculos
2287 3495 2428 3563 ejus,
2451 3504 2506 3550 et
2532 3496 2749 3552 mittens
2770 3496 2837 3551 ad
2868 3496 3094 3562 Siloam,
3115 3500 3258 3569 quod
3277 3499 3663 3569 interpretatur

2076 3585 2288 3636 missus.
2339 3583 2583 3640 Mittebat
2633 3587 2833 3656 quippe
2875 3602 2970 3642 eos
3011 3603 3153 3658 quos
3181 3589 3375 3659 spiritu
3409 3589 3566 3642 unxit
3601 3597 3662 3642 ut

2072 3675 2375 3739 crederent,
2409 3675 2477 3730 ad
2509 3675 2735 3741 Siloam,
2770 3679 2822 3732 id
2863 3687 2948 3733 est
2984 3680 3051 3734 ad
3084 3681 3362 3748 apostolos
3395 3689 3447 3733 et
3482 3681 3660 3749 magi-

2071 3774 2237 3832 stros,
2265 3776 2484 3836 propter
2517 3769 2664 3840 qttod
2697 3771 2964 3840 scriptum
2993 3772 3166 3826 estde
3207 3771 3354 3826 Siloa
3377 3812 3391 3836 ,
3421 3773 3549 3840 quia
3574 3774 3658 3827 in-

2071 3861 2596 3926 terpretatm'missus
2627 3862 2688 3916 ¹⁹.
2722 3861 2787 3917 Et
2809 3864 3246 3933 quotiescunque
3273 3863 3566 3933 incipimus
3587 3867 3656 3921 ab

2067 3947 2194 4005 Jcsu
2248 3951 2478 4019 visitari,
2509 3963 2569 4007 ut
2614 3953 2942 4024 recipiamus
2991 3954 3187 4010 anima:
3221 3956 3433 4022 oculos,
3484 3959 3653 4014 mittit

2067 4055 2170 4093 nos
2205 4040 2274 4094 ad
2326 4042 2555 4108 Siloam,
2597 4043 2704 4097 hoc
2753 4054 2836 4099 est
2881 4045 3104 4100 missus.
3164 4045 3225 4102 Et
3274 4050 3654 4119 unusquisque

2065 4144 2196 4200 ergo
2231 4139 2478 4186 nostrum
2510 4132 2732 4203 quando
2759 4135 2886 4204 legit
2919 4151 2982 4189 ea
3006 4151 3128 4206 quas
3158 4137 3212 4191 in
3241 4137 3550 4209 Evangeliis
3572 4139 3652 4195 fa-

2065 4227 2150 4274 cta
2180 4228 2327 4284 sunt,
2353 4229 2474 4275 oret
2499 4236 2568 4276 ne
2592 4220 2754 4275 etiam
2785 4223 2838 4276 in
2871 4239 2930 4278 se
2959 4224 3298 4295 compleatur
3337 4243 3350 4280 :
3407 4224 3648 4282 Videam

2064 4310 2330 4378 videbitis,
2369 4320 2421 4364 et
2444 4327 2546 4366 non
2571 4313 2767 4368 scietis.

2131 4427 2185 4480 4.
2220 4425 2277 4481 Si
2302 4434 2516 4495 autem,
2554 4435 2612 4481 ut
2636 4427 2954 4485 existimant
2994 4431 3377 4503 simpliciores,
3412 4435 3500 4490 illa
3523 4451 3646 4505 quae

378 4499 714 4570 Scripturas,
764 4513 820 4557 et
869 4514 1080 4562 tentant
1114 4508 1313 4578 pedum
1349 4511 1742 4583 discipulorum
1767 4520 1960 4578 sordes
1992 4495 2037 4572 D
2062 4517 2204 4574 facta
2242 4527 2372 4574 sunt
2400 4535 2509 4574 non
2540 4530 2762 4592 propter
2790 4538 2924 4592 nos,
2961 4523 3054 4580 sed
3096 4495 3318 4596 propter
3342 4542 3402 4583 se
3429 4495 3640 4583 tantum

378 4591 596 4660 lavare,
632 4605 686 4650 et
715 4595 900 4652 eluere
923 4636 938 4661 ,
978 4607 1033 4654 et
1081 4601 1366 4671 projicere.
1421 4603 1489 4658 Et
1521 4607 1603 4662 sic
1639 4612 1957 4670 custodiunt

375 4683 617 4754 episcopi
649 4689 969 4745 mandatum
1007 4691 1282 4748 imitantes
1312 4691 1520 4763 Jesum,
1546 4700 1629 4755 sic
1651 4710 1705 4756 et
1730 4704 1952 4777 presby-

2061 4609 2202 4667 l'acta
2228 4620 2378 4680 sunt,
2404 4621 2460 4668 et
2489 4629 2598 4668 non
2627 4624 2784 4670 erant
2812 4617 3063 4686 exempla
3088 4617 3315 4676 alterius
3343 4621 3442 4687 rei,
3472 4637 3641 4692 expo-

2066 4715 2200 4759 nant
2224 4720 2386 4776 quem
2411 4705 2518 4762 hoc
2539 4707 2684 4778 quod
2711 4707 2916 4763 dictum
2935 4718 3018 4764 est
3044 4727 3057 4763 :
3096 4707 3337 4766 Vidcntes
3372 4713 3636 4779 videbitis,

378 4774 499 4830 teri.
532 4774 750 4834 Utinam
778 4789 832 4836 et
853 4797 953 4854 ego
989 4783 1254 4854 accipiam
1280 4801 1427 4842 nunc
1446 4803 1644 4859 aquam
1676 4808 1797 4862 qua:
1828 4774 1954 4863 pos-

374 4864 446 4920 sit
469 4868 668 4924 animai
707 4881 902 4928 vestra:
931 4877 1098 4944 pedes
1128 4877 1332 4944 lavare,
1367 4889 1419 4935 et
1448 4885 1828 4955 unusquisque
1860 4905 1953 4945 ve-

373 4965 544 5014 strum
573 4961 722 5016 dicat
746 4979 870 5018 cum
899 4964 1064 5020 fuerit
1085 4967 1228 5024 lotus
1258 4987 1272 5024 :
1312 4969 1438 5024 Lavi
1458 4973 1614 5041 pedes
1640 4991 1802 5042 meos,
1821 4995 1950 5050 quo.

372 5051 524 5105 modo
549 5053 835 5124 inquinabo
863 5057 985 5111 illos
1010 5059 1087 5113 “‘9
1138 5059 1252 5115 Hoc
1278 5062 1425 5117 enim
1463 5080 1667 5134 sponsa
1709 5069 1842 5124 dicit
1893 5073 1946 5127 in

368 5140 609 5202 Cauticis
652 5148 1018 5213 canticorum,
1061 5167 1169 5206 non
1211 5155 1505 5212 ostendens
1533 5173 1946 5234 corporeospe-

366 5231 463 5288 des
492 5235 653 5301 lotos,
685 5239 780 5294 sed
809 5240 975 5310 pedes
999 5257 1108 5296 non
1145 5242 1500 5301 otieudentes.
1539 5245 1614 5302 De
1635 5231 1943 5320 quibus—di-

2053 4806 2103 4851 et
2134 4813 2237 4852 non
2263 4798 2442 4853 scietis
2463 4838 2478 4863 ,
2505 4798 2706 4854 habeat
2749 4814 2995 4854 sensum.
3036 4799 3172 4858 Nam
3200 4805 3246 4859 si
3277 4820 3384 4860 non
3417 4823 3480 4861 ea
3514 4824 3638 4878 qua:

2053 4888 2377 4944 videbantur
2415 4890 2688 4948 habebant
2721 4893 2955 4963 aliquem
2991 4909 3212 4951 sensum
3243 4906 3537 4966 secretum,
3575 4910 3635 4954 ttt

2052 4998 2177 5038 cum
2206 4984 2518 5040 carnalibus
2544 4986 2718 5041 oculis
2755 4987 2919 5042 etiam
2954 4988 3268 5058 spiritaliter
3297 4992 3632 5063 inspiceren-

2052 5084 2162 5137 tur,
2211 5089 2490 5145 nunquam
2528 5075 2757 5132 dixisset
2792 5095 2804 5131 :
2849 5077 3091 5134 Videntes
3123 5080 3389 5149 videbitis,
3439 5089 3489 5136 et
3526 5097 3627 5134 non

2051 5168 2249 5222 scietis.
2282 5167 2362 5221 Ad
2399 5168 2845 5236 approbationem
2878 5179 3056 5225 autem
3090 5172 3284 5226 horum
3318 5171 3429 5244 (98)
3455 5180 3512 5227 et
3545 5171 3628 5226 al-

2052 5259 2223 5314 terius
2247 5257 2435 5327 scripti
2469 5258 2536 5314 de
2555 5258 2849 5329 Evangelio
2869 5263 3239 5317 testimonium
3261 5261 3625 5330 proferemus,

440 5373 675 5446 '_Matth.
723 5393 844 5445 xm,
891 5371 1116 5446 M;'xv,
1185 5385 1234 5438 7.

369 5442 417 5513 ff
444 5441 602 5503 Cant.
661 5462 697 5498 ν
720 5487 734 5513 ,
771 5447 824 5502 5.

370 5503 414 5534 ¹⁹
448 5513 598 5579 ibid.,
624 5516 677 5569 7.

1311 5383 1528 5472 :“Joan:
1555 5405 1683 5472 Em,
1715 5392 1768 5459 7,
1797 5395 1849 5446 8.
1930 5397 2006 5472 ὀ-
2046 5403 2208 5472 .loan2
2260 5416 2381 5472 ειν,
2437 5401 2490 5453 6.
2560 5402 2610 5472 ff
2647 5401 2804 5457 Joan.
2857 5419 2980 5466 xm,
3014 5405 3068 5457 8.
3148 5405 3189 5435 ι’
3225 5403 3380 5469 ibid.,
3416 5404 3508 5472 i3,
3535 5405 3621 5459 Η.

904 5448 950 5481 ⁸⁸
971 5449 1132 5507 Prov.
1189 5470 1270 5520 Ill,
1310 5455 1401 5510 25.
1481 5459 1524 5490 ¹⁸
1555 5448 1700 5517 Psal.
1755 5448 1929 5531 Luxu,
1979 5448 2208 5524 2.Πῖίῖ
2260 5448 2402 5525 Tini.
2445 5448 2515 5536 1},
2552 5469 2600 5523 1(

1923 5509 1929 5528 .
1979 5448 2208 5524 2.“ῖί’ἰ
2260 5448 2402 5525 fini.
2445 5448 2515 5536 ἶ,
2552 5448 3105 5539 ιο.“ῖί’⁵ῐίῖ.”ὶὶ.”ὲ,
3145 5448 3508 5530 4.’”ίῖζιόεἰῦἷ
3539 5448 3619 5534 ii:

447 5673 548 5739 {98)
589 5680 670 5732 Ad
705 5681 1136 5754 approbationem
1165 5695 1338 5742 autent
1373 5691 1592 5765 Iterum,
1644 5705 1749 5753 etc.
1785 5696 1918 5758 Vide
1943 5703 2314 5764 praefationem
2349 5713 2590 5760 nostram
2629 5701 2696 5759 ad
2734 5715 2864 5762 tom.
2901 5703 2965 5772 ll,
3009 5722 3130 5779 pag.
3164 5723 3238 5762 tv.
