4296 6288
566 330 675 385 2ὶῦ

2066 329 2388 399 ORIGENIS

3736 342 3840 401 ΞΗ

591 464 731 537 quod.
779 463 936 535 juxta
978 479 1074 519 cos
1127 463 1218 533 qui
1272 470 1482 517 tantum
1531 461 1765 517 litteram
1822 469 2161 531 sequuntur,
2191 467 2236 524 Α
2266 475 2360 516 reo
2386 460 2548 515 corde
2585 460 2852 516 vocabulo
2886 461 3085 517 animae
3108 469 3310 517 nostrae
3336 459 3636 532 principale
3661 464 3840 518 nemi-

593 555 927 610 mendacimn
975 563 1075 608 est.
1115 552 1253 609 Dicit
1296 552 1546 607 Salvator
1577 562 1633 609 et
1668 552 1933 608 Dominus
1973 561 2162 607 noster

591 646 658 700 ad
681 646 977 716 discipulos
1008 645 1060 698 in
1097 643 1395 715 Evangelio
1429 646 1728 701 secundum
1754 628 2019 699 Joannem
2051 661 2065 698 :
2098 642 2162 697 Si

587 734 937 798 credideritis,
975 750 1077 787 non
1103 734 1273 789 solum
1299 751 1417 806 qua:
1441 752 1533 806 ego
1560 736 1702 805 facio
1724 735 1971 804 facietis;
1996 732 2084 787 sed
2111 742 2162 787 et

583 825 790 895 majora
826 825 1011 878 horum
1040 827 1249 896 [arietis
1283 828 1349 881 '°.
1388 827 1683 883 Videamus
1709 842 1839 897 ergo
1874 826 1921 881 si
1952 826 2161 895 majora

581 918 762 987 aliqua
810 916 1033 974 fecerint
1089 919 1363 990 discipuli.
1423 919 1562 986 Quid
1625 920 1802 989 majus
1856 926 1940 973 est
1995 932 2158 987 quam

580 1019 857 1064 mortuum
909 1011 1217 1066 suscitare?
1252 1010 1386 1077 Quis
1428 1027 1534 1065 non
1572 1012 1698 1066 dico
1740 1018 2012 1073 nostrum,
2064 1007 2158 1063 sed

573 1101 946 1169 apostolorum
979 1112 1251 1155 mortuum
1289 1102 1613 1158 suscitavit?
1638 1099 1823 1154 Refert
1854 1098 2081 1153 historia
2112 1097 2156 1129 ’ί

573 1190 702 1258 quia
737 1191 941 1247 Paulus
966 1191 1267 1264 Eutychum
1304 1192 1718 1249 resuscitaverit
1754 1206 1784 1245 a
1816 1188 2070 1250 mortuis,
2102 1195 2158 1242 et

574 1280 772 1336 Petrus
806 1280 1092 1337 Tabitbam
1135 1298 1257 1353 qua:
1289 1283 1674 1353 interpretatur
1717 1282 1919 1334 Dorcas
1957 1280 2023 1332 “.
2053 1276 2155 1333 ista

575 1382 756 1428 autem
793 1383 847 1429 et
892 1374 993 1429 alia
1047 1375 1357 1431 istiusmodi
1417 1374 1649 1428 inveniri
1698 1378 1928 1441 possunt
1986 1387 1999 1423 :
2062 1367 2156 1422 ubi

574 1473 704 1519 sunt
735 1467 992 1536 majora?
1043 1466 1147 1521 Sed
1198 1476 1252 1522 et
1298 1480 1471 1521 czecos
1512 1463 1763 1518 Salvator
1786 1461 2154 1516 fecitrursum

571 1558 758 1612 videre
799 1559 866 1621 ”,
919 1568 973 1613 et
1021 1559 1165 1628 quod
1200 1559 1376 1628 majus
1402 1568 1502 1623 cst,
1530 1571 1626 1612 eos
1653 1555 1748 1625 qui
1776 1553 1856 1609 sic
1888 1551 1998 1605 nati
2031 1549 2151 1605 fue-

572 1658 725 1705 runt.
770 1648 1074 1704 Exhibeant
1102 1665 1239 1720 quos
1267 1664 1440 1705 caecos
1467 1648 1537 1703 ab
1562 1655 1718 1701 utero
1745 1643 1999 1700 manibus
2020 1652 2152 1709 apo-

573 1744 840 1800 stolorum
873 1751 1090 1799 curatos
1123 1742 1457 1813 aspexerint.
1503 1740 1568 1795 Et
1589 1740 1695 1794 alia
1723 1735 1933 1793 inﬁnita
1968 1736 2149 1803 potest

2261 560 2443 617 natur,
2477 560 2535 606 ut
2569 552 2918 608 manifestum
2960 561 3045 608 est
3086 568 3154 607 ex
3188 568 3255 608 eo
3276 553 3419 623 quod
3452 553 3506 607 in
3540 552 3834 626 Evangelia

2259 641 2459 696 dicitur
2519 659 2534 696 :
2588 640 2745 695 Beati
2798 644 2994 697 mundo
3047 644 3203 697 corde
3227 645 3294 696 “.
3354 641 3545 715 Neque
3594 645 3741 700 enim
3782 646 3837 702 hi

2261 731 2467 786 mundo
2494 734 2658 789 corde
2691 743 2839 800 sunt,
2865 735 2961 804 qui
2990 735 3335 804 sanguinem,
3367 737 3451 791 vel
3473 738 3839 810 quodcunque

2261 823 2504 878 materia;
2535 826 2838 893 corporalis
2882 826 3212 883 intrinsecus
3235 843 3345 882 non
3373 828 3591 884 habent.
3624 829 3728 885 Sed
3755 831 3836 886 di-

2259 924 2406 969 ctum
2452 925 2535 971 est
2571 933 2585 970 :
2618 916 2776 971 Beati
2816 917 3013 971 mundo
3064 919 3237 984 corde,
3293 933 3393 988 pro
3432 933 3499 973 eo
3546 920 3690 989 quod
3729 928 3833 985 est,

2258 1005 2403 1060 beati
2470 1006 2565 1076 qui
2641 1008 2906 1062 mundum
2978 1008 3180 1064 habent
3249 1009 3543 1080 principale
3615 1011 3831 1069 animae.

2257 1096 2566 1169 Principale
2615 1100 2936 1156 nominatur
2975 1117 3075 1172 pro
3116 1102 3298 1157 corde.
3344 1102 3612 1168 Quoniam
3668 1102 3834 1172 igitur

2256 1187 2557 1258 principale
2578 1190 2775 1245 animae
2807 1200 3007 1246 nostra;
3034 1192 3181 1261 quod
3210 1206 3330 1246 esse
3359 1192 3559 1247 dicitur
3582 1193 3637 1247 in
3667 1193 3831 1250 corde

2257 1282 2662 1350 corporeo,sive
2687 1283 2949 1338 mundum
2975 1293 3168 1340 estcor
3194 1285 3831 1352 nostrum,siveimmun-

2256 1369 2385 1425 dum
2404 1388 2419 1438 ;
2452 1371 2793 1428 immundum
2809 1375 3027 1445 quidem
3047 1377 3267 1445 quando
3286 1376 3642 1447 cogitationes
3660 1377 3832 1447 pessi-

2258 1478 2361 1518 mae
2390 1465 2746 1534 egrediuntur
2779 1482 2843 1521 ex
2870 1482 2955 1533 eo,
2985 1468 3303 1535 homicidia,
3336 1469 3624 1534 adulteria,
3666 1468 3831 1535 furta,

2255 1552 2453 1609 falsum
2491 1557 2863 1612 testimonium
2885 1598 2901 1624 ,
2935 1559 3325 1630 blasphemiae;
3355 1561 3622 1614 mundum
3649 1573 3831 1616 autem

2253 1647 2475 1715 quando
2502 1648 3113 1719 cogitationes‘sanctaa,
3144 1661 3199 1706 et
3230 1652 3538 1707 intellectus
3562 1652 3752 1720 divini,
3778 1661 3832 1708 et

2254 1752 2409 1794 mens
2455 1754 2624 1808 pura;
2660 1750 2881 1811 propter
2917 1741 3021 1798 hoc
3061 1743 3436 1797 arbitrandum
3468 1752 3553 1798 est
3585 1752 3834 1798 attenua-

574 1835 642 1889 de
672 1833 977 1904 Evangeliis
1008 1834 1250 1888 invenire
1273 1834 1367 1904 qui
1395 1832 1627 1904 quaerit,
1661 1832 1790 1902 quia
1818 1842 1993 1900 neque
2023 1835 2154 1894 apo-
2185 1816 2227 1871 Β
2257 1837 2372 1884 tum
2398 1832 2616 1900 quidem
2646 1848 2768 1889 esse
2794 1834 3020 1900 dictum,
3052 1843 3390 1890 attenuatum
3421 1851 3451 1892 a
3478 1843 3668 1891 sancto
3701 1833 3828 1906 Spi-

573 1927 699 1983 stoli
725 1926 809 1981 his
842 1927 1047 1997 majora
1077 1926 1323 1990 fecerint,
1354 1941 1528 1996 neque
1557 1939 1745 1980 eorum
1779 1933 2146 1978 successores.

571 2017 773 2074 Verum
804 2033 984 2073 sermo
1016 2016 1313 2087 Scriptura:
1352 2016 1458 2071 tale
1489 2016 1745 2087 quiddam
1772 2013 1988 2067 locutus
2015 2018 2100 2064 est
2133 2028 2145 2064 :

569 2113 658 2168 his‘
680 2127 802 2182 quae
838 2127 938 2181 ego
974 2111 1074 2166 feci
1108 2109 1507 2180 corporalibus,
1536 2123 1633 2162 vos
1669 2105 1877 2177 majora
1916 2101 2144 2158 facietis.

567 2202 683 2275 Ego
717 2202 820 2259 feci
864 2217 1153 2273 resurgere
1205 2216 1270 2256 ex
1329 2198 1565 2254 mortuis
1617 2196 2000 2266 corporaliter,
2048 2208 2149 2248 vos

565 2309 855 2365 resurgere
882 2293 1093 2349 facietis
1121 2309 1185 2347 ex
1211 2291 1444 2347 mortuis
1469 2290 1806 2362 spiritaliter.
1843 2288 1955 2357 Ego
1987 2288 2148 2344 caecis

568 2386 835 2445 sensibile
868 2388 975 2443 hac
1025 2387 1208 2442 lumen
1240 2384 1437 2451 inludi,
1476 2398 1576 2439 vos
1623 2382 1924 2453 spiritalem
1969 2382 2147 2436 lucem

566 2495 677 2535 non
703 2478 1011 2534 videntibus
1041 2478 1261 2533 dabitis.
1310 2475 1495 2548 Usque
1524 2475 1592 2531 ad
1623 2476 1764 2530 hanc
1794 2482 1973 2528 autem
2004 2474 2146 2528 diem

568 2581 684 2629 tunc
730 2572 940 2643 majora
970 2571 1124 2643 signa
1173 2584 1202 2624 a
1254 2569 1630 2639 corporalibus
1654 2583 1775 2638 quae
1810 2566 1938 2621 fecit
1964 2564 2145 2629 Jcsus,

562 2680 667 2737 ego
717 2664 876 2719 video
927 2664 1039 2718 ﬁeri
1088 2677 1185 2732 per
1234 2660 1583 2715 ﬁdelissimos
1647 2657 1946 2727 discipulos
1993 2655 2143 2711 Jesu.

564 2760 761 2812 Annon
799 2755 927 2809 caeci
972 2769 1118 2807 nunc
1147 2752 1374 2818 vident,
1422 2760 1477 2805 et
1511 2751 1689 2805 claudi
1745 2748 2047 2813 ambulant,
2094 2758 2144 2802 et

564 2850 769 2920 leprosi
797 2848 1152 2912 mundantur,
1185 2854 1239 2902 et
1273 2846 1481 2916 reliqua
1518 2843 1692 2899 ﬁunt?
1724 2844 1780 2898 Si
1815 2844 1861 2900 is
1893 2843 1986 2914 qui
2029 2843 2146 2897 heri

565 2945 875 2999 obcaecatus
909 2950 992 2996 est
1017 2939 1282 2996 accedens
1320 2939 1386 2993 ad
1414 2938 1617 2993 idolum
1653 2939 1812 3009 quasi
1852 2937 1917 2992 ad
1951 2936 2144 3003 Deum,

564 3035 727 3090 hodie
773 3034 988 3089 invocet
1030 3030 1200 3087 Deum
1229 3032 1412 3087 vivum
1458 3030 1688 3101 pristina
1739 3029 2143 3100 derelinquens,

565 3135 750 3176 nonne
792 3119 978 3175 videt?
1014 3118 1210 3173 Annon
1245 3119 1334 3189 qui
1373 3119 1488 3175 heri
1533 3118 1760 3175 claudus
1782 3126 1900 3173 erat
1924 3125 2147 3188 propter
2171 3155 2216 3212 ο

562 3218 873 3280 peccatum,
927 3224 1072 3263 nunc
1121 3218 1345 3279 propter
1392 3209 1783 3279 discipulorum
1838 3208 2142 3263 doctrinam

563 3304 668 3357 iter
708 3317 897 3357 verum
928 3301 1157 3357 edoctus
1199 3300 1376 3357 stabili
1409 3300 1655 3371 graditur
1687 3299 1856 3370 pede?
1898 3299 2003 3367 Qui
2026 3300 2144 3354 heri

563 3394 774 3450 aridam
821 3393 1055 3449 habebat
1083 3408 1330 3458 manum,
1355 3405 1407 3447 et
1443 3393 1678 3447 otiosam
1702 3392 1768 3448 ad
1795 3390 2146 3448 benefacien-

565 3489 722 3552 dum,
752 3486 915 3541 hodie
948 3486 1219 3557 recipiens
1247 3503 1472 3547 manum
1500 3488 1664 3543 habet
1693 3501 1815 3543 eam
1836 3484 2148 3541 viventem?

566 3579 627 3635 Si
652 3579 857 3635 videris
892 3581 1125 3652 aliquem
1165 3582 1458 3653 pollutum,
1510 3589 1562 3637 et
1597 3580 1802 3650 lepram
1856 3578 1911 3632 in
1961 3576 2146 3632 anima

565 3674 854 3728 habentem
909 3674 1091 3729 subito
1139 3675 1423 3744 poenitere,
1471 3688 1535 3730 ac
1580 3672 1846 3728 doctrinae
1894 3684 2148 3726 sermone

561 3776 974 3840 compunctum,
1008 3783 1117 3823 non
1151 3777 1203 3823 te
1224 3766 1405 3840 pigeat
1447 3768 1661 3831 dicere,
1707 3765 1836 3836 quia
1867 3766 2045 3834 majus
2075 3764 2148 3819 sit

566 3862 715 3918 hunc
743 3863 1061 3933 spiritaliter
1094 3861 1394 3931 leprosum,
1438 3874 1602 3929 quam
1631 3858 1922 3929 quemdam
1950 3870 2146 3910 carna-

566 3955 692 4009 liter
726 3954 895 4010 fuisse
938 3962 1252 4026 purgatum.
1290 3950 1358 4008 Et
1387 3953 1503 4008 haec
1524 3951 1741 4022 quidem
1788 3947 1992 4020 largius
2020 3960 2146 4018 pro-

569 4048 712 4103 ludit
755 4048 955 4113 oratio,
1007 4049 1234 4118 cupiens
1272 4046 1560 4103 ostendere
1596 4043 1724 4113 quid
1759 4043 1831 4099 sit
1867 4040 1972 4098 hoc
2001 4042 2145 4113 quod

565 4141 773 4195 dictum
799 4146 885 4195 est
909 4157 922 4193 :
944 4139 1015 4193 Et
1038 4138 1269 4193 videntes
1301 4136 1542 4192 videbitis
1566 4176 1580 4202 ,
1609 4145 1658 4190 et
1687 4152 1789 4190 non
1816 4133 2143 4206 intelligetis.

636 4232 690 4289 5.
720 4230 853 4298 Qua:
880 4241 1062 4287 autem
1092 4246 1258 4288 causa
1305 4238 1392 4287 est
1433 4230 1743 4285 audientem
1786 4243 1896 4285 non
1942 4228 2146 4283 intelli-

565 4340 713 4396 gere,
753 4335 807 4381 et
830 4326 1107 4380 videntem
1139 4339 1249 4380 non
1281 4325 1494 4380 videre?
1530 4324 1899 4380 Incrassatum
1935 4333 2034 4389 est,
2063 4324 2149 4377 in-

564 4416 706 4486 quit,
755 4430 847 4467 cor
889 4413 1071 4483 populi
1121 4413 1300 4482 hujus.
1340 4413 1620 4484 Siquidem
1664 4415 2033 4470 necessarium
2064 4422 2149 4469 est

2250 1923 2360 1977 ritu
2401 1923 2563 1994 119
2601 1924 2723 1995 ejus
2761 1926 2854 1996 qui
2901 1927 3143 1982 salvatur
3187 1945 3201 1981 :
3245 1928 3607 1983 incrassatum
3643 1935 3828 1983 autem

2249 2022 2303 2068 et
2335 2014 2688 2083 pmfocatum
2743 2033 2773 2072 a
2821 2019 3026 2073 malitia
3076 2019 3197 2089 ejus
3227 2020 3320 2089 qui
3356 2027 3563 2089 peccat.
3617 2017 3827 2074 Dicitur

2248 2103 2395 2157 enim
2425 2104 2490 2159 de
2524 2113 2715 2160 sancto
2758 2103 2961 2175 Spiritu
3002 2106 3097 2176 qui
3137 2116 3221 2160 est
3268 2104 3565 2160 secundum
3611 2105 3830 2173 sapien-

2253 2195 2411 2263 tiam,
2442 2196 2570 2267 quia
2598 2198 2669 2253 sit
2692 2199 3047 2269 multifarius,
3077 2198 3267 2265 tenuis,
3295 2197 3502 2250 mobilis
3515 2197 3584 2263 ’⁵,
3618 2207 3673 2251 et
3697 2196 3828 2265 quia

2248 2286 2433 2357 justus
2493 2290 2727 2361 accipiat
2779 2291 2928 2347 hunc
2980 2290 3238 2346 subtilem
3295 2289 3569 2359 spiritum.
3641 2286 3832 2342 Diﬁert

2249 2379 2451 2450 quippe
2484 2381 2576 2437 hic
2624 2382 2851 2452 spiritus
2892 2384 2962 2438 ab
2991 2382 3246 2438 omnibus
3289 2381 3575 2451 spiritibus
3619 2380 3830 2435 intelle-

2248 2473 2522 2528 ctualibus
2541 2512 2558 2537 ,
2587 2473 2807 2528 mundis
2828 2514 2844 2540 ,
2893 2473 3205 2528 subtilibus.
3248 2471 3347 2527 Est
3376 2486 3506 2542 ergo
3532 2471 3830 2542 principale

2248 2565 2428 2620 cordis
2481 2573 2643 2620 tenue
2675 2565 2893 2635 quidem
2948 2565 3095 2634 quod
3149 2564 3394 2634 spiritale
3442 2573 3525 2620 est
3568 2581 3581 2618 :
3626 2563 3830 2635 pingue

2248 2666 2426 2712 autem
2456 2657 2602 2726 quod
2639 2670 2708 2710 ex
2733 2656 3034 2725 corporalis
3067 2656 3309 2711 materiae
3345 2651 3823 2711 vitioconcretum

2246 2758 2332 2806 est
2355 2788 2371 2814 ,
2404 2749 2625 2820 plenum
2656 2748 3083 2818 cogitationibus
3112 2747 3511 2818 corporalibus,
3546 2762 3667 2817 qua:
3698 2753 3828 2803 sunt

2248 2841 2302 2896 in
2334 2841 2782 2911 reprehensione.
2827 2839 2917 2894 Sic
2945 2840 3186 2894 dicitur:
3222 2838 3590 2893 Incrassatum
3626 2849 3703 2892 est
3736 2853 3829 2891 cor

2246 2933 2427 3003 populi
2471 2932 2648 3003 hujus.
2681 2931 2925 3001 lntellige
2964 2946 3029 2985 ex
3060 2945 3124 2986 eo
3164 2932 3526 2985 incrassatum
3560 2945 3681 2985 esse
3707 2944 3825 2996 cor,

2247 3026 2378 3096 quia
2428 3024 2565 3080 nihil
2603 3025 2676 3079 sit
2710 3024 2762 3078 in
2817 3038 2883 3078 eo
2918 3035 3113 3094 praeter
3163 3024 3433 3077 humanas
3479 3032 3534 3076 et
3581 3019 3828 3077 carnales

2248 3117 2660 3173 sollicitudines.
2719 3115 3006 3181 Quomodo
3072 3116 3219 3172 enim
3289 3114 3518 3170 materia
3580 3115 3828 3184 corporis

2248 3210 2467 3280 pinguis
2494 3220 2597 3278 est,
2633 3208 2821 3266 eodem
2852 3208 3013 3264 modo
3043 3209 3210 3264 etiam
3241 3207 3488 3278 corporei
3522 3207 3826 3265 intellectus

2247 3312 2303 3358 et
2330 3304 2706 3374 cogitationes.
2756 3301 2831 3356 Ex
2866 3318 2976 3373 quo
3024 3317 3148 3358 cum
3194 3299 3304 3355 duo
3339 3299 3516 3370 posita
3551 3299 3695 3363 sint,
3743 3298 3827 3353 in-

2248 3395 2485 3450 crassari
2516 3410 2613 3450 cor
2640 3411 2707 3448 ex
2738 3393 3091 3450 saecularibus
3119 3391 3267 3447 curis
3286 3432 3300 3457 ,
3350 3401 3404 3445 et
3442 3388 3710 3445 attenuari
3757 3404 3825 3444 ex

2248 3486 2615 3543 sollicitudine
2645 3486 2897 3556 spiritali,
2930 3499 3054 3541 cum
3084 3484 3208 3554 quis
3234 3483 3437 3554 cogitat
3473 3497 3538 3537 ea
3572 3497 3693 3552 qua:
3718 3480 3829 3536 Do-

2248 3578 2383 3634 mini
2438 3587 2599 3644 sunt,
2650 3578 2945 3648 projiciens
2994 3576 3378 3647 pinguedinem
3418 3589 3487 3630 ex
3532 3575 3733 3642 corde,
3770 3581 3827 3635 et

2248 3671 2428 3728 sciens
2454 3671 2584 3740 quia
2619 3669 2665 3725 si
2710 3670 3077 3725 incrassatum
3118 3667 3288 3721 fuerit.
3327 3680 3423 3721 cor
3454 3665 3574 3735 ejus
3597 3705 3613 3731 ,
3653 3677 3830 3734 neque

2248 3764 2482 3834 accipiat
2516 3776 2799 3818 sermones
2835 3759 2966 3826 Dei,
2995 3775 3173 3829 neque
3208 3759 3391 3814 videat
3420 3757 3614 3812 salutis
3641 3770 3829 3811 sacra-

2250 3864 2433 3909 menta
2461 3869 2475 3906 :
2513 3853 2849 3923 deponamus
2875 3862 2928 3908 et
2955 3869 3056 3908 nos
3103 3851 3521 3907 crassitudinem
3544 3888 3559 3914 ,
3590 3857 3644 3903 et
3668 3863 3827 3903 assu-

2249 3959 2463 3999 mamus
2488 3958 2609 3999 eam
2641 3957 2764 4012 qua:
2791 3941 2933 3997 dicta
2961 3951 3045 3996 est
3074 3940 3417 4007 tenuitatem,
3452 3951 3511 3994 ut
3538 3950 3592 3993 et
3617 3951 3718 3992 nos
3743 3935 3829 3990 di-

2249 4050 2440 4092 camus
2486 4033 2762 4104 quomodo
2790 4032 3090 4103 Prophetes
3135 4048 3148 4084 :
3212 4029 3393 4087 Sitivit
3441 4031 3496 4084 in
3550 4039 3599 4083 te
3647 4028 3828 4083 anima

2248 4143 2365 4182 mea
2384 4167 2401 4194 ,
2431 4142 2588 4198 quam
2621 4125 2986 4197 multipliciter
3011 4124 3108 4178 tibi
3137 4139 3263 4178 caro
3288 4140 3424 4177 mea.
3460 4121 3528 4175 In
3558 4130 3699 4176 terra
3733 4123 3828 4175 de-

2248 4233 2414 4287 serta,
2443 4220 2588 4275 invia
2616 4230 2665 4274 et
2691 4220 2972 4288 iuaquosa,
2996 4217 3074 4271 sic
3103 4217 3158 4269 in
3181 4223 3366 4269 sancto
3397 4214 3622 4283 apparui
3647 4213 3743 4267 tibi
3758 4212 3825 4266 ’δε

2248 4330 2358 4370 non
2392 4314 2549 4385 quasi
2588 4322 2811 4367 sanctus
2855 4309 3049 4365 fuerim
3084 4306 3422 4369 naturaliter,
3453 4306 3546 4358 sed
3576 4305 3620 4358 si
3650 4305 3833 4360 carnis

2248 4404 2540 4476 prudentia
2582 4401 2845 4465 tabescit,
2880 4408 2935 4452 et
2968 4398 3012 4453 si
3043 4394 3331 4466 prudentia
3364 4392 3544 4446 carnis
3566 4393 3831 4447 cxtabue-

563 4483 795 4580 intelligi
825 4516 881 4563 ct
910 4508 1016 4562 hoc
1043 4506 1186 4561 unde
1214 4504 1322 4570 sit,
1370 4521 1478 4561 non
1510 4507 1700 4561 eadem
1728 4515 1813 4563 est
1843 4506 2146 4578 corporalis
2180 4496 2224 4574 Β
2254 4514 2259 4549 1

2138 4523 2146 4560 ε
2180 4496 2224 4549 D
2254 4497 2347 4561 rit,
2387 4505 2517 4552 tunc
2542 4494 2595 4547 in
2627 4500 2820 4548 sancto
2849 4487 3122 4558 apparebo
3149 4485 3220 4540 ei.
3253 4483 3381 4538 Haec
3417 4483 3473 4537 in
3496 4483 3834 4553 explanatio-

563 4610 623 4657 et
643 4601 908 4672 spiritalis
939 4596 1211 4669 pinguedo
1237 4637 1252 4662 ,
1306 4611 1482 4667 neque
1509 4597 1699 4652 eadem
1730 4607 1814 4654 est
1847 4597 2148 4668 corporalis

566 4694 828 4760 tenuitas,
882 4702 940 4749 et
993 4690 1276 4763 spiritalis.
1334 4689 1547 4745 Etenim
1593 4691 1737 4760 quod
1791 4692 2150 4761 corporaliter

568 4802 820 4842 crassum
849 4795 934 4842 est
960 4829 975 4854 ,
1010 4788 1064 4841 in
1101 4801 1266 4841 carne
1303 4784 1396 4850 ﬁt,
1448 4792 1503 4839 et
1535 4785 1671 4839 nihil
1706 4785 1837 4838 mihi
1876 4792 2150 4838 nocetcor

569 4892 830 4935 carneum
861 4879 908 4933 si
931 4879 1268 4935 incrassetur
1292 4917 1308 4941 ,
1343 4892 1520 4948 neque
1549 4876 1768 4947 prodest
1800 4890 1831 4930 a
1863 4876 2148 4947 languore,

567 4970 656 5024 vel
709 4983 764 5030 a,
795 4983 1122 5038 quacunque
1182 4984 1348 5023 causa
1395 4975 1729 5022 attenuetur.
1786 4964 1918 5022 Tale
1966 4976 2147 5022 autem

567 5060 830 5117 existimo
877 5060 994 5115 ﬁeri
1045 5075 1141 5116 cor
1194 5075 1456 5115 carneum
1500 5074 1691 5115 eorum
1727 5057 1821 5127 qui
1858 5056 2150 5114 formidine

568 5153 942 5211 continentur.
1016 5149 1304 5218 Quomodo
1367 5153 1512 5208 enim
1578 5151 1675 5206 toti
1732 5150 2021 5205 tabescunt
2080 5150 2151 5204 ab

569 5248 948 5321 aegrotatione,
1000 5246 1080 5301 sic
1123 5244 1278 5300 aiunt
1317 5255 1371 5300 et
1400 5243 1822 5300 crassitudinem
1846 5285 1861 5311 ,
1905 5255 1957 5299 et
1988 5244 2150 5315 quid-

568 5342 701 5415 quid
743 5342 948 5413 pingue
999 5348 1082 5393 est
1133 5338 1277 5392 circa
1326 5352 1423 5392 cor
1449 5351 1641 5391 eorum
1674 5336 1983 5394 extenuari.
2008 5335 2149 5402 Quid

568 5451 701 5506 ergo
746 5432 883 5491 mihi
930 5439 1090 5488 nocet
1130 5431 1177 5485 si
1217 5429 1501 5498 corporale
1530 5443 1629 5483 cor
1663 5443 1846 5485 meum
1884 5428 2153 5484 incrasse-

569 5527 697 5582 tur?
734 5524 864 5583 Esto
891 5539 1022 5580 vero
1052 5530 1109 5577 et
1152 5521 1422 5577 attenuari
1455 5536 1552 5577 cor
1582 5536 1785 5584 meum,
1836 5520 1965 5591 quid
2018 5519 2153 5575 mihi

569 5632 637 5671 ex
666 5618 772 5674 isto
817 5613 1074 5688 prodest?
1118 5613 1222 5669 Sed
1263 5628 1360 5669 cor
1398 5613 1772 5682 nuncupativo
1799 5627 1923 5667 cum
1953 5625 2154 5682 corpo‘

641 5731 687 5762 ὀ
722 5729 883 5786 Joan.
921 5747 1032 5798 xlv,
1061 5731 1146 5785 i2.
1224 5730 1267 5761 ἰ
1302 5727 1421 5784 Act.
1456 5742 1544 5782 xx.
1625 5727 1670 5759 "
1696 5725 1817 5785 Act.
1856 5743 1930 5783 Ix.
2008 5727 2052 5759 ³³
2073 5726 2260 5786 Matth.
2304 5739 2337 5778 ιι

1224 5730 1267 5761 ἰ
1302 5727 1421 5784 Act.
1456 5742 1544 5782 xx.
1625 5727 1670 5759 "
1696 5725 1817 5785 Act.
1856 5743 1930 5783 Ix.
2008 5727 2052 5759 ³³
2073 5726 2260 5786 Matth.
2304 5739 2358 5779 Ix
2429 5719 2476 5755 ’δ
2508 5714 2697 5772 Μείιιιιο
2750 5728 2800 5782 ν»
2828 5711 2880 5767 3-

570 5817 680 5859 Lxu
697 5844 714 5866 ,
754 5801 809 5868 2,
848 5801 899 5857 3.

2253 4604 2379 4644 nem
2427 4587 2548 4657 ejus
2598 4583 2743 4654 quod
2798 4581 3002 4637 dictum
3053 4585 3181 4633 est:
3216 4574 3581 4631 Incrassatum
3619 4587 3695 4632 est
3744 4590 3834 4630 cor

2250 4678 2430 4750 populi
2463 4677 2643 4747 hujus.

2325 4772 2380 4827 6.
2425 4770 2685 4840 Sequitur
2717 4774 2898 4822 autem
2934 4782 2949 4819 :
2984 4762 3055 4817 Et
3088 4764 3305 4818 auribus
3331 4763 3441 4818 suis
3465 4763 3697 4836 graviter
3737 4778 3835 4815 au-

2257 4868 2491 4921 dierunt.
2520 4861 2665 4917 Nihil
2691 4860 2824 4915 mihi
2850 4866 3011 4913 nocet
3035 4857 3082 4912 si
3116 4857 3353 4929 graviter
3383 4859 3599 4912 audiam
3635 4868 3832 4923 corpo—

2257 4959 2476 5022 raliter,
2522 4968 2700 5025 neque
2742 4953 2844 5008 ista
2878 4950 3013 5005 mihi
3059 4964 3227 5005 causa
3275 4948 3336 5002 ﬁt
3369 4958 3427 5003 ut
3455 4964 3564 5002 non
3613 4945 3832 4999 audiam

2257 5062 2538 5107 sermones
2569 5044 2688 5100 Dei.
2717 5041 3004 5110 Quomodo
3034 5041 3183 5097 enim
3214 5038 3348 5094 nihil
3383 5037 3518 5091 mihi
3547 5042 3706 5090 nocet
3731 5048 3836 5089 car-

2259 5143 2397 5199 citas
2445 5139 2784 5210 corporalis,
2844 5136 2889 5191 si
2946 5151 3056 5190 non
3113 5132 3277 5189 fuerit
3327 5131 3598 5185 obcaecata
3651 5128 3833 5181 anima

2257 5253 2380 5291 mea
2412 5254 2425 5289 :
2459 5234 2539 5290 sic
2570 5247 2746 5303 neque
2777 5230 2989 5296 levitas,
3016 5243 3192 5298 neque
3224 5223 3509 5297 gravitudo
3537 5220 3831 5276 auditionis

2261 5325 2561 5399 corporalis
2592 5323 2819 5395 impedit
2848 5322 3145 5392 quidquam
3197 5315 3351 5371 mihi.
3400 5313 3496 5369 Est
3546 5313 3650 5368 alia
3686 5328 3833 5383 qua:-

2260 5422 2385 5477 dam
2423 5416 2706 5491 gravitudo
2739 5412 3063 5476 auditionis,
3105 5422 3241 5479 qum.
3258 5413 3453 5460 noceat
3491 5405 3687 5459 animae
3736 5405 3843 5459 bo-

2263 5514 2449 5569 minis.
2485 5509 2617 5579 Quae
2643 5516 2728 5564 est
2761 5507 2864 5564 ista
2898 5501 3182 5577 gravitudo
3203 5541 3219 5568 ,
3249 5513 3370 5569 qua:
3397 5509 3481 5554 est
3508 5499 3563 5553 in
3598 5496 3841 5553 auditio-

2263 5621 2389 5663 nem
2417 5602 2652 5675 animte?
2676 5598 2990 5661 Peccatum,
3007 5593 3306 5650 secundum
3324 5590 3654 5662 Scripturas,
3673 5603 3835 5661 grave

3000 5707 3045 5742 ³⁸
3085 5705 3211 5777 Sap.
3263 5720 3374 5773 vn,
3425 5701 3515 5758 22.
3605 5704 3652 5736 ⁸⁸
3687 5700 3829 5757 l‘sal.
