4296 6288
387 270 500 324 215

1627 277 1694 333 l-N
1727 276 1966 336 ISAIAM
2006 282 2290 338 HOMILIA
2332 281 2442 338 V'll.

3553 286 3659 344 ξω

389 392 498 438 est.
530 384 752 455 Propter
779 385 918 456 quod
966 385 1209 443 sentiens
1235 389 1359 458 quis
1385 401 1604 461 peccata
1639 412 1732 450 sua
1754 438 1769 462 ,
1798 397 1930 451 dicit
1961 415 1976 452 :
2008 406 2053 460 Α
2081 399 2259 452 dicitis
2295 399 2420 468 quia
2448 399 2704 464 videmus,
2746 409 3013 468 peccatum
3037 411 3262 456 vestrum
3299 411 3473 456 manet
3499 402 3568 458 ³³.
3596 403 3665 458 Et

395 474 570 539 Quasi
602 493 725 532 onus
751 494 906 548 grave
933 488 1170 547 gravata:
1202 491 1325 534 sunt
1357 498 1512 552 super
1540 500 1619 538 me
1637 485 1702 540 "'.
1755 486 1822 541 Et
1849 489 1975 556 quia

399 568 582 628 gravis
627 576 706 622 est
755 568 1046 637 iniquitas,
1095 579 1316 639 propter
1371 573 1477 627 hoc
1517 589 1680 644 super
1714 577 1975 632 talentum

401 657 598 726 plumbi
647 658 830 724 sedet,
904 668 966 712 ut
1025 659 1078 713 in
1152 658 1420 716 Zacharia
1475 665 1736 734 scriptum
1807 668 1972 721 est".

395 747 626 819 Αἴςιμιῆ
657 759 842 804 autem
887 767 994 806 non
1037 753 1297 822 quoniam
1330 757 1512 824 gravia
1549 757 1818 812 habebant
1849 775 1974 814 eor-

389 855 514 908 pora
541 841 818 898 submersi
853 853 980 899 sunt
1033 845 1188 914 quasi
1229 845 1510 914 plumbum
1554 849 1608 902 in
1639 866 1778 920 aqua
1812 853 1974 905 vehe-

386 933 649 1001 menti",
721 936 820 989 sed
871 937 999 1005 quia
1065 935 1262 991 animae
1311 953 1502 992 eorum
1569 941 1638 994 ad
1707 943 1968 996 talentum

383 1022 630 1090 plumbi,
664 1039 833 1094 super
870 1025 1015 1094 quod
1057 1027 1279 1081 sedebat
1331 1029 1625 1098 iniquitas,
1670 1044 1973 1102 aggravata:

379 1122 538 1167 erant
562 1130 575 1165 :
602 1125 827 1184 propter
856 1117 1001 1185 quod
1032 1116 1305 1172 submersi
1339 1128 1470 1172 sunt
1505 1129 1762 1190 tanquam
1795 1122 1971 1191 plum-

379 1205 510 1257 bum
545 1205 598 1258 in
637 1222 776 1276 aqua
810 1207 1140 1262 vehementi.
1188 1206 1488 1263 Gravitudo
1527 1227 1657 1281 ergo
1695 1213 1907 1266 aurium
1939 1229 1968 1268 a

379 1306 610 1363 peccato
659 1299 750 1366 tit,
781 1309 832 1353 et
863 1299 1054 1354 levitas
1085 1316 1116 1354 a
1160 1299 1397 1369 justitiu.
1431 1300 1572 1367 Quid
1604 1314 1685 1358 est
1711 1305 1852 1374 quod
1885 1304 1968 1360 l‘a~

379 1389 493 1442 eiat
539 1390 786 1444 auditum
859 1408 968 1445 non
1039 1393 1277 1463 graviter
1322 1394 1546 1460 audire,
1602 1396 1696 1450 sed
1749 1396 1968 1452 leviter?

382 1477 585 1534 Pennas
615 1483 802 1546 verbi,
834 1497 1024 1552 penna:
1054 1483 1293 1539 virtutis.
1341 1483 1551 1539 Etenim
1594 1502 1784 1556 penna:
1821 1489 1964 1543 verbi

381 1571 614 1624 multum
662 1572 900 1629 levitatis
931 1574 1185 1630 afferunt.
1221 1576 1354 1640 Quis
1413 1578 1560 1630 dabit
1609 1579 1736 1632 mihi
1766 1596 1965 1648 pennas

377 1658 516 1710 sicut
548 1659 804 1717 columba:
823 1704 837 1729 ,
862 1673 910 1716 et
951 1666 1271 1734 requiescam
1299 1666 1383 1720 8°?
1409 1665 1521 1721 lloe
1551 1666 1682 1722 dicit
1717 1667 1960 1739 Prophe-

2081 491 2220 545 bene
2249 495 2348 556 ait,
2383 491 2567 544 dicitis
2595 492 2721 561 quia
2754 491 3008 558 videmus,
3036 508 3163 548 vere
3194 493 3336 547 enim
3367 494 3496 549 dicit
3529 495 3657 564 quia

2078 580 2331 647 videant,
2386 591 2441 636 et
2490 582 2725 635 habeant
2795 583 3205 652 possibilitatem
3256 586 3503 649 videndi,
3561 588 3653 640 sed

2076 671 2390 726 claudentes
2417 673 2606 728 oculos
2637 690 2742 727 non
2780 675 2986 729 vident.
3044 673 3107 727 Et
3135 675 3180 729 si
3211 677 3427 744 quando
3456 677 3653 731 videris

2077 761 2414 829 ingeniosam
2448 763 2516 816 ad
2557 762 2965 832 intelligendum
3020 763 3256 816 animam
3292 773 3345 817 et
3369 764 3650 831 velocem,

2073 859 2128 902 et
2156 851 2416 915 alacrem,
2471 866 2579 904 non
2613 851 2962 904 meditantem
2989 850 3206 919 eloquia
3232 848 3348 916 Dei,
3387 865 3653 921 cognosce
3678 884 3680 887 -

2073 938 2201 1006 quia
2234 953 2342 992 non
2377 946 2600 1008 propter
2633 939 2931 993 cmcitatem
2966 955 3072 993 non
3105 939 3249 992 videt
3275 954 3338 992 ea
3378 954 3500 1009 qua:
3527 955 3650 994 eon-

2075 1030 2314 1084 tinentur
2359 1030 2415 1083 in
2467 1031 2786 1101 Scripturis,
2829 1047 2937 1084 non
2978 1031 3048 1084 ob
3088 1031 3139 1085 id
3168 1031 3296 1099 quia
3330 1031 3382 1084 in
3415 1031 3651 1086 tenebris

2073 1121 2162 1186 sit,
2200 1123 2293 1177 sed
2323 1125 2454 1192 quia
2486 1124 2689 1178 claudit
2717 1124 2925 1178 oculos.
2972 1122 3029 1177 Si
3071 1140 3199 1193 ergo
3229 1123 3468 1179 audieris
3500 1122 3651 1178 Serie-

2071 1220 2282 1279 pturam
2315 1212 2554 1266 divinam
2589 1213 2858 1268 dicentem
2909 1213 2993 1267 his
3018 1213 3109 1282 qui
3147 1214 3405 1268 claudunt
3437 1213 3647 1280 oculos,

2071 1304 2218 1371 aperi
2255 1304 2441 1360 oculos
2471 1313 2611 1371 tuos,
2658 1315 2712 1358 et
2741 1314 2887 1359 recta
2911 1305 3234 1374 vide;aperi
3265 1307 3454 1360 oculos
3482 1306 3550 1360 ab
3581 1321 3647 1360 eo

2069 1396 2211 1464 quod
2249 1397 2552 1464 clauseras,
2587 1407 2718 1452 tunc
2751 1397 2955 1467 poteris
2985 1398 3169 1454 videre
3203 1399 3361 1468 120
3385 1407 3564 1463 recta,
3592 1405 3648 1453 et

2068 1487 2421 1545 considerare
2451 1490 2634 1544 lumen
2661 1490 2924 1544 veritatis.
2955 1489 3018 1543 Et
3049 1501 3270 1545 accusat
3301 1490 3518 1560 quidem
3551 1504 3647 1546 eos

2073 1577 2137 1632 de
2182 1581 2382 1648 quibus
2432 1583 2733 1652 quaeritur,
2779 1597 2877 1636 cur
2927 1583 3115 1637 oculos
3161 1584 3418 1639 claudant
3464 1599 3531 1636 ne
3561 1582 3644 1636 vi-

2067 1672 2250 1729 deant.
2282 1673 2399 1729 Non
2427 1685 2610 1730 autem
2639 1685 2692 1732 et
2733 1677 2836 1732 hoc
2864 1678 3024 1741 dicit,
3063 1679 3191 1747 quia
3240 1693 3348 1732 non
3389 1677 3641 1743 expediat

379 1757 465 1804 tes
510 1765 616 1806 non
655 1769 821 1810 orans
873 1768 929 1809 ut
973 1758 1278 1826 corporalis
1328 1774 1535 1827 pennas
1585 1761 1816 1832 accipiat
1865 1778 1960 1817 co—
1997 1749 2042 1803 Β
2069 1764 2362 1834 aliquando
2389 1776 2441 1822 et
2469 1768 2724 1822 claudere
2750 1770 2946 1823 animae
2978 1769 3190 1825 oculos.
3216 1767 3442 1838 Expedit
3467 1770 3636 1834 enim,

379 1841 611 1911 lumbaa,
648 1848 743 1901 sed
780 1863 988 1917 pennas
1029 1849 1298 1904 columba:
1325 1849 1560 1920 Spiritus
1591 1854 1787 1908 sancti.
1821 1852 1963 1908 Dicit

375 1945 561 1990 autem
598 1954 799 1994 rursus
848 1939 1107 1998 Salomon
1139 1946 1206 2000 de
1231 1947 1397 2002 divite
1425 1967 1436 2001 :
1465 1948 1752 2018 Componet
1783 1960 1961 2006 autem

370 2028 477 2082 sibi
513 2047 712 2100 pennas
738 2038 995 2103 quomodo
1026 2037 1208 2109 aquila
1234 2079 1259 2104 ,.
1281 2050 1330 2095 et
1360 2045 1684 2097 convertitur
1715 2046 1770 2099 in
1801 2047 1959 2099 domo

369 2119 490 2188 ejus
530 2124 619 2191 qui
649 2134 838 2191 prwest
871 2126 1036 2182 illi“.
1085 2128 1140 2183 Si
1173 2131 1506 2201 accipiamus
1541 2136 1704 2205 igitur
1729 2152 1958 2206 pennas,

368 2209 574 2265 leviter
613 2214 920 2271 audiemus.
973 2217 1028 2272 Si
1081 2229 1260 2276 autem
1294 2227 1736 2295 peccaret-imus,
1781 2236 1835 2283 et
1868 2245 1962 2284 ne-

371 2301 646 2371 gligentes
676 2304 946 2364 fuerimus
971 2309 1117 2365 circa
1144 2313 1281 2379 alas,
1327 2324 1380 2369 et
1412 2315 1738 2373 deduxerint
1772 2338 1960 2390 penna:

372 2401 595 2457 nostrae,
623 2397 996 2466 gravabimur,
1020 2409 1074 2455 et
1104 2405 1346 2472 graviter
1374 2407 1684 2465 audiemus.
1712 2410 1956 2472 Auribus

368 2496 503 2552 ergo
548 2484 665 2539 suis
728 2498 1043 2555 peccatores
1088 2493 1324 2560 graviter
1375 2498 1689 2556 audierunt.
1754 2503 1955 2562 Omnes

370 2576 590 2641 quidem
638 2575 853 2644 Judaei,
906 2582 1001 2651 qui
1054 2591 1184 2639 tunc
1240 2587 1536 2644 audierunt
1582 2592 1951 2664 Salvatorem,

368 2668 608 2739 graviter
639 2684 765 2724 eum
802 2673 1115 2742 audierunt,
1148 2675 1272 2732 ideo
1304 2695 1414 2734 non
1445 2683 1813 2739 crediderunt.
1847 2686 1950 2743 Us-

370 2775 484 2830 que
524 2761 684 2816 hodie
731 2773 912 2818 autem
958 2776 1228 2838 quotquot
1267 2770 1550 2828 audientes
1599 2773 1947 2846 Seripturas,

371 2868 479 2905 non
511 2853 746 2908 audiunt
790 2871 1097 2912 sermonem
1131 2859 1450 2930 spiritaliter
1471 2904 1486 2929 ,
1521 2866 1614 2935 qui
1661 2867 1795 2924 levis
1827 2883 1945 2938 est,

370 2943 466 2996 sed
513 2943 745 2999 litteram
796 2963 919 3016 quae
951 2959 1034 3005 est
1073 2953 1253 3023 gravis
1291 2963 1346 3009 et
1391 2957 1681 3026 occidens,
1713 2963 1950 3031 graviter

2064 1859 2205 1912 sicut
2239 1859 2592 1914 manifestum
2646 1859 2775 1915 fecit
2822 1863 3026 1925 Isaias,
3076 1862 3264 1916 dicens
3294 1863 3346 1916 in
3391 1862 3474 1917 his
3517 1878 3638 1932 qua:

2063 1961 2407 2020 sequuntur’.
2443 1951 2573 2016 Quis
2602 1955 2938 2008 annuntiavit
2965 1955 3108 2007 vobis
3145 1953 3314 2007 locum
3349 1957 3640 2010 aeternum?

2063 2038 2171 2104 Qui
2201 2039 2439 2093 ambulat
2469 2041 2524 2092 in
2542 2040 2761 2108 justitia
2785 2081 2800 2106 ,
2842 2052 2889 2096 et
2935 2043 3172 2112 loquitur
3206 2059 3380 2096 veram
3423 2048 3559 2097 riam
3585 2055 3634 2098 ct

2063 2141 2283 2195 rectam,
2312 2131 2564 2184 obturuns
2597 2148 2750 2184 aures
2772 2143 2829 2184 ut
2867 2148 2970 2185 non
3019 2133 3490 2203 audiatjudicium
3514 2151 3639 2187 san-

2061 2224 2272 2293 gumis,
2319 2232 2369 2276 et
2412 2222 2662 2277 claudens
2709 2222 2888 2277 oculos
2926 2234 2982 2278 ut
3029 2241 3132 2278 non
3162 2224 3337 2279 videat
3379 2226 3636 2296 iniquita-

2061 2326 2165 2370 tem
2187 2316 2253 2371 “.
2311 2314 2366 2370 Si
2416 2315 2661 2372 futurum
2694 2326 2778 2372 est
2813 2327 2872 2372 ut
2916 2318 3164 2387 aperiens
3212 2319 3402 2374 Oculos
3440 2320 3638 2374 animae

2058 2409 2276 2464 audiam
2305 2419 2359 2464 et
2394 2411 2626 2465 sentiam
2658 2410 3014 2480 turpiloquia,
3048 2411 3243 2466 melius
3268 2421 3352 2467 est
3381 2412 3643 2468 claudere

2056 2503 2308 2566 auditus,
2353 2518 2518 2572 quam
2549 2502 2740 2557 audire
2774 2519 2896 2574 qua:
2946 2513 3201 2559 noceant.
3241 2503 3470 2572 Quando
3501 2520 3633 2576 ergo

2054 2594 2344 2649 claudam?
2372 2593 2606 2660 Quando
2638 2596 2778 2648 mala
2809 2595 3091 2660 dicuntur,
3135 2604 3193 2650 ut
3226 2611 3402 2666 neque
3434 2597 3632 2652 intelli-

2052 2701 2174 2758 gam
2205 2702 2289 2741 ea.
2317 2685 2546 2752 Quando
2576 2687 2806 2741 videnda
2836 2696 2966 2742 sunt
2990 2687 3207 2755 eloquia
3237 2687 3372 2742 Dei?
3401 2688 3630 2754 Quando

2051 2778 2442 2845 convertimur,
2490 2791 2544 2833 et
2576 2789 2733 2834 sanat
2769 2795 2872 2835 nos
2918 2779 3062 2835 Deus
3085 2819 3100 2844 ,
3151 2781 3374 2835 mittens
3404 2782 3645 2836 verbum.

2051 2871 2196 2940 quod
2241 2880 2398 2926 sanat
2437 2887 2529 2926 eos
2564 2871 2654 2942 qui
2681 2870 2868 2926 volunt
2902 2873 3082 2927 curari
3129 2872 3182 2926 in
3207 2872 3424 2928 Christo
3455 2871 3583 2928 Jesu
3609 2914 3639 2941 ,,

2051 2964 2139 3018 cui
2175 2973 2259 3020 est
2290 2964 2463 3036 gloria
2500 2973 2553 3018 et
2585 2963 2874 3034 imperium
2927 2966 2978 3019 in
3031 2966 3227 3021 sazcula
3277 2966 3630 3026 saculorum.

369 3035 617 3091 audiunt.
643 3040 819 3109 Atque
855 3040 928 3097 ita
959 3042 1248 3113 dupliciter
1276 3049 1498 3103 auditur
1527 3050 1828 3121 Scriptura.
1864 3055 1948 3112 Ab
1976 3101 2014 3121 η
2050 3056 2244 3112 Amen.

369 3143 435 3180 eo
459 3129 553 3198 qui
582 3146 693 3184 non
728 3131 976 3204 intelligit
1028 3153 1150 3206 quas
1193 3139 1480 3206 dicuntur,
1515 3144 1752 3213 graviter
1787 3149 1944 3203 audi-

368 3227 488 3284 tur;
517 3220 586 3275 ab
615 3237 681 3277 eo
707 3239 835 3278 vero
860 3226 952 3294 qui
989 3227 1240 3300 intelligit
1291 3247 1434 3298 eam,
1471 3249 1581 3290 non
1627 3236 1802 3292 solum
1845 3254 1944 3294 au-

367 3311 515 3364 ditur
543 3329 653 3368 uon
686 3317 941 3386 graviter,
989 3321 1082 3375 sed
1119 3323 1302 3392 potius
1349 3333 1528 3381 acute.
1568 3325 1721 3384 Unde
1767 3339 1816 3386 et
1849 3333 1943 3402 qui

366 3401 429 3455 lit
456 3403 785 3476 intelligens,
819 3409 876 3464 ﬁt
901 3410 1143 3470 auditor.

439 3493 488 3548 7.
529 3494 630 3585 Est
673 3507 728 3552 et
779 3501 926 3556 aliud
967 3513 1144 3559 autem
1173 3507 1318 3576 quod
1368 3510 1720 3580 prophetatur
1752 3514 1820 3570 de
1847 3531 1943 3585 po-

361 3585 493 3652 pulo
515 3584 850 3656 Iudaeorum,
883 3603 938 3648 et
962 3595 1028 3651 de
1061 3599 1317 3656 omnibus
1341 3603 1522 3667 nobis,
1549 3603 1597 3657 si
1628 3584 1938 3674 peccaveri-

361 3689 511 3732 mus.
567 3677 634 3732 Et
667 3681 845 3736 oculos
881 3701 1003 3740 suos
1033 3688 1377 3755 clauserunt,
1411 3695 1685 3764 nequando
1731 3697 1937 3754 videant

359 3768 550 3835 oculis,
580 3779 630 3823 et
670 3774 887 3830 auribus
923 3779 1165 3848 audiant,
1196 3793 1244 3836 et
1275 3785 1430 3838 corde
1477 3786 1794 3858 intelligant.
1827 3790 1936 3846 Eo-

359 3877 482 3916 rum
519 3866 611 3934 qui
636 3882 745 3922 non
773 3869 987 3935 vident,
1017 3872 1240 3941 quidam
1270 3875 1398 3929 caeci
1447 3887 1605 3945 sunt,
1633 3889 1687 3934 et
1718 3889 1937 3952 propter

356 3956 656 4011 caecitatem
691 3974 797 4012 non
826 3961 1041 4027 vident;
1085 3965 1305 4032 quidam
1338 3966 1390 4020 in
1420 3970 1657 4026 tenebris
1685 3983 1845 4038 sunt,
1879 3984 1935 4030 et

353 4053 645 4116 propterea
676 4063 782 4102 non
816 4050 1017 4106 vident.
1047 4053 1152 4106 Alii
1185 4064 1367 4109 autem
1404 4074 1580 4128 neque
1609 4062 1663 4117 in
1699 4064 1934 4120 tenebris

353 4145 519 4199 sunt,
560 4153 735 4208 neque
766 4142 891 4196 czeci
925 4153 1090 4206 sunt,
1127 4146 1217 4198 sed
1252 4147 1380 4214 quia
1426 4149 1680 4204 claudunt
1721 4155 1932 4221 oculos,

355 4243 464 4280 non
488 4228 689 4285 vident.
719 4230 782 4285 Et
806 4233 911 4288 scit
937 4233 1036 4288 has
1062 4235 1417 4302 differentias,
1446 4256 1570 4310 qua:
1599 4243 1928 4316 principales

352 4319 533 4374 cordis
571 4323 745 4377 nostri
796 4335 955 4389 sunt,
1013 4325 1289 4397 Scriptura
1346 4331 1550 4388 divina.
1596 4333 1734 4390 Dicit
1782 4338 1926 4393 enim

2619 3150 2898 3208 llOMlLlA
2946 3150 3055 3206 Vll.

2049 3263 2125 3319 De
2159 3278 2224 3320 eo
2252 3267 2396 3335 quod
2433 3267 2698 3336 scriptum
2733 3274 2816 3320 est
2849 3285 2861 3319 :
2902 3265 3034 3339 Ecce
3073 3284 3166 3337 ego
3199 3279 3242 3322 et
3285 3271 3466 3339 pueri,
3516 3281 3617 3327 etc.

2670 3342 2814 3408 (cap.
2844 3336 2982 3408 vin).

2120 3429 2168 3481 1.
2211 3427 2292 3482 Da
2321 3429 2548 3498 sapienti
2599 3432 2960 3494 occasionem,
3014 3439 3065 3484 et
3109 3431 3398 3502 sapientior
3429 3434 3618 3497 erit",

2042 3517 2173 3572 dicit
2202 3533 2382 3572 sermo
2411 3519 2651 3574 divinus.
2687 3519 3040 3574 Occasionem
3068 3531 3248 3576 autem
3291 3533 3621 3591 acceperunt

2042 3610 2398 3666 sacratissimi
2443 3611 2674 3682 apostoli
2707 3612 2776 3666 ad
2807 3611 3142 3666 intellectum
3177 3613 3617 3682 prophetieorum

2039 3718 2377 3758 sermonum.
2421 3700 2653 3759 Oremus
2698 3703 2864 3758 Deum
2915 3713 2974 3759 ut
3020 3705 3356 3774 accipiamus
3399 3705 3616 3774 sapien-

2041 3797 2193 3862 tiam,
2223 3803 2276 3850 ct
2308 3794 2583 3864 possimus
2613 3794 2725 3850 ﬁeri
2759 3797 3119 3867 sapientiores
3149 3812 3245 3865 per
3270 3797 3614 3852 occasionem

2037 3887 2407 3956 apostolorum
2448 3887 2517 3941 ad
2565 3888 2858 3956 prophetas
2903 3887 3275 3956 exponendas.
3322 3886 3614 3958 Apostolus

2037 3975 2331 4029 recordans
2360 3974 2526 4043 hujus
2557 3975 2685 4028 dicti
2718 3974 2884 4044 (vers.
2920 3975 3006 4045 18)
3041 3993 3053 4028 2
3096 3975 3228 4030 Ecce
3266 3994 3356 4049 ego
3384 3989 3432 4032 et
3465 3983 3612 4048 pueri

2035 4081 2162 4133 quos
2205 4064 2344 4118 Deus
2388 4064 2532 4117 dedit
2568 4065 2733 4129 mihi;
2775 4067 2972 4120 deinde
3003 4067 3195 4136 infert,
3227 4082 3280 4124 et
3313 4073 3566 4126 edisserit
3597 4091 3610 4126 :

2037 4156 2180 4220 Quia
2213 4171 2334 4223 ergo
2369 4157 2516 4216 pueri
2541 4157 3055 4210 communicaverunt
3088 4162 3332 4230 sanguini
3360 4171 3410 4216 et
3441 4165 3614 4227 carni,

2033 4259 2079 4300 et
2107 4248 2216 4314 ipse
2243 4245 2481 4314 proxime
2510 4261 2596 4299 eos
2629 4245 2802 4314 factus
2851 4259 2928 4303 est
2973 4251 3062 4320 qui
3097 4254 3494 4323 participantur.
3525 4274 3612 4312 eo.-

2034 4355 2151 4392 rum
2177 4354 2195 4390 :
2222 4347 2278 4390 ut
2308 4353 2401 4406 per
2430 4347 2646 4392 mortem
2689 4338 2927 4394 destruat
2950 4358 3066 4399 eum
3092 4344 3182 4415 qui
3211 4345 3494 4415 imperium
3515 4348 3611 4406 Ita:

352 4408 606 4465 Salvator
637 4413 718 4466 liis
741 4414 830 4483 qui
858 4423 978 4468 sunt
1001 4417 1055 4468 in
1090 4419 1334 4486 vinculis,
1369 4424 1544 4487 exile;
1572 4436 1620 4479 et
1647 4426 1730 4481 liis
1757 4429 1849 4498 qui
1877 4429 1932 4483 in
1965 4446 2008 4500 υ
2035 4426 2115 4482 bet
2143 4428 2360 4494 mortis,
2393 4427 2490 4481 hoc
2517 4438 2596 4482 est
2637 4427 2878 4484 Zabulon
2897 4472 2912 4498 ,
2953 4441 3001 4487 et
3025 4408 3175 4487 eruat
3202 4408 3295 4490 eos.
3317 4438 3609 4512 quicunque

351 4499 595 4565 tenebris,
624 4511 682 4554 ut
709 4504 783 4557 eis
815 4507 1101 4574 reveletur;
1131 4519 1179 4563 et
1204 4514 1507 4568 sedentibus
1544 4515 1600 4568 in
1639 4519 1846 4587 regione
1877 4529 1928 4573 et

350 4591 538 4644 umbra
577 4594 786 4661 mortis,
833 4595 928 4650 luat
952 4610 1069 4654 orta
1105 4612 1180 4656 est
1219 4605 1294 4656 eis
1317 4603 1384 4658 ³².
1420 4605 1512 4660 lsti
1541 4621 1647 4660 non
1677 4609 1930 4677 viderunt

349 4682 499 4746 ideo,
527 4683 656 4753 quia
687 4685 911 4742 fuerunt
949 4691 1003 4745 in
1032 4694 1304 4762 tenebris,
1350 4696 1525 4752 donec
1572 4699 1810 4755 oriretur
1847 4704 1928 4759 eis

348 4773 463 4828 lux.
515 4775 709 4845 Surdi,
743 4781 959 4848 audite,
1008 4794 1062 4839 et
1095 4787 1256 4852 caici,
1303 4790 1548 4859 aspicite.
1588 4791 1654 4846 Et
1687 4793 1808 4849 ideo
1840 4795 1927 4850 isti

348 4880 457 4920 non
483 4868 734 4926 viderunt
765 4883 912 4937 ante,
946 4876 1073 4943 quia
1103 4883 1425 4936 naturaliter
1450 4885 1578 4938 caeci
1609 4895 1784 4940 erant.
1815 4887 1918 4956 Qui

347 4973 476 5012 vero
525 4971 677 5017 extra
726 4964 828 5018 ista
881 4976 1038 5032 sunt,
1089 4969 1292 5039 quique
1336 4975 1404 5027 ad
1451 4977 1918 5044 comparationem

345 5064 615 5108 caecorum
643 5066 912 5112 eteorum
943 5059 1034 5127 qui
1066 5062 1117 5114 in
1149 5063 1385 5119 tenebris
1437 5076 1594 5133 sunt,
1628 5069 1798 5124 multo
1827 5086 1920 5140 pe-

341 5139 488 5206 jores
513 5154 677 5201 sunt:
707 5148 741 5202 ii
773 5159 902 5204 sunt
929 5152 1021 5220 qui
1049 5152 1170 5208 ideo
1198 5170 1306 5209 non
1341 5142 1543 5226 vident,
1574 5163 1703 5230 quia
1730 5139 1920 5218 oculos

344 5244 536 5298 sponte
564 5239 892 5295 clauserant.
945 5240 1057 5296 Hoc
1086 5252 1267 5300 autem
1317 5246 1389 5302 ita
1433 5266 1554 5305 esse
1585 5262 1643 5306 ut
1679 5255 1918 5311 asserui-

345 5337 496 5388 mus,
559 5326 810 5384 Salvator
857 5332 988 5387 mihi
1043 5335 1356 5393 testimonio
1404 5341 1538 5408 erit,
1578 5343 1818 5400 dicens:
1859 5347 1919 5404 Si

343 5411 464 5462 circi
508 5412 712 5478 essetis,
749 5428 851 5467 non
895 5416 1151 5475 haberetis
1191 5435 1495 5492 peccatum;
1543 5444 1680 5496 nunc
1725 5440 1902 5486 autem

410 5569 454 5598 ⁸⁷
490 5567 638 5621 l'sal.
668 5585 878 5625 xxxv".
916 5572 970 5626 5.
1051 5576 1094 5607 "
1123 5576 1284 5632 Zach.
1319 5595 1372 5635 ν.
1447 5583 1495 5614 ’³
1521 5581 1693 5639 Exod.
1740 5599 1826 5638 xv.

413 5585 448 5598 οι
491 5585 638 5621 rsat.
668 5585 878 5625 xxxv".
916 5585 970 5626 5.
1051 5585 1094 5607 "
1123 5585 1284 5632 Zach.
1319 5595 1372 5635 ν.
1447 5585 1495 5614 ’⁸
1521 5585 1693 5639 Exod.
1740 5599 1826 5638 xv.
1906 5585 1951 5619 ³ο
1974 5585 2032 5642 Ps

336 5635 400 5697 Ως
431 5639 622 5694 Matth.
652 5654 723 5703 tv,
760 5641 849 5693 16.
922 5643 968 5676 ³³
994 5646 1149 5701 .loan.
1189 5663 1261 5715 Ix,
1288 5650 1374 5706 11.
1453 5652 1497 5685 ³⁸
1529 5654 1632 5710 lsa.
1670 5670 1858 5719 xxxiii,
1891 5655 1976 5724 M,
2012 5659 2032 5712 1

1319 5595 1372 5635 v.
1447 5585 1495 5614 "
1521 5585 1693 5639 Exod.
1740 5599 1826 5638 xv.
1906 5585 1951 5619 ³ο
1974 5585 2121 5642 Psal.
2153 5603 2262 5650 Liv,
2299 5587 2348 5642 7.
2427 5588 2466 5618 ³³
2505 5587 2664 5642 Prov.
2703 5607 2862 5652 xxiii,
2895 5591 2946 5644 5.

1316 5657 1374 5706 -t.
1453 5652 1497 5685 ³⁸
1529 5654 1632 5710 lsa.
1670 5670 1858 5719 xxxiii,
1891 5655 1976 5724 M,
2012 5658 2099 5712 15.
2179 5657 2224 5689 ³⁸
2251 5656 2409 5711 Prov.
2449 5675 2522 5722 ix,
2552 5659 2603 5712 9.
2683 5659 2726 5692 ³⁸
2753 5660 2924 5718 Hebr.
2955 5681 3012 5729 ll,

2028 4529 2170 4572 metu
2199 4519 2384 4573 mortis
2428 4520 2484 4572 in
2527 4521 2894 4590 sempiternam
2925 4523 3088 4576 vitam
3115 4525 3190 4578 rei
3210 4528 3606 4586 erantservitu-

2029 4610 2094 4663 tis
2115 4610 2178 4664 ³⁸.
2220 4611 2392 4680 Igitur
2425 4611 2553 4680 quia
2588 4613 2743 4681 pueri
2773 4613 3062 4684 participes
3093 4615 3270 4674 elfecti
3319 4631 3445 4679 stmt
3479 4637 3606 4682 san:-

2025 4702 2207 4770 guinis
2241 4710 2298 4758 et
2327 4704 2543 4767 carnis,
2580 4714 2634 4758 et
2681 4704 2929 4758 Salvator
2960 4717 3144 4760 noster
3179 4713 3608 4770 communicavit

2025 4793 2177 4847 carni
2224 4803 2388 4863 atque
2432 4797 2705 4864 sanguini.
2739 4796 2988 4853 Alienum
3028 4800 3174 4858 enim
3205 4813 3378 4859 erata
3409 4815 3602 4866 natura

2027 4895 2080 4939 et
2113 4885 2396 4941 divinitate
2441 4889 2581 4956 ejus,
2610 4890 2929 4958 sanguinem
2957 4901 3012 4946 et
3037 4908 3255 4948 carnem
3284 4899 3598 4969 suscipere:

2028 4984 2250 5045 propter
2282 4993 2382 5033 uos
2411 4989 2592 5034 autem
2625 4994 2687 5031 ea
2721 4995 2843 5048 quae
2875 4982 2974 5036 sibi
3021 4993 3178 5038 erant
3208 4986 3382 5042 aliena
3415 5005 3602 5044 susce-

2027 5069 2142 5137 pit,
2179 5079 2236 5121 ut
2271 5070 2600 5125 domesticos
2633 5071 2735 5130 sibi
2777 5071 2980 5132 faceret
3004 5076 3098 5145 qui
3129 5077 3408 5134 fueramus
3438 5081 3598 5142 alieni

2024 5175 2120 5229 per
2158 5169 2466 5229 peccatum.
2516 5159 2583 5214 Et
2613 5162 2832 5230 quidem
2863 5164 3157 5233 Apostolus
3198 5169 3279 5223 sic
3315 5172 3599 5243 exposuit,

2023 5252 2256 5307 dicens:
2289 5252 2430 5319 Quia
2459 5271 2580 5324 ergo
2618 5257 2766 5323 pueri
2802 5261 3318 5315 communicaverunt
3352 5265 3598 5331 sanguini

2018 5354 2069 5398 et
2099 5345 2266 5412 carni,
2285 5355 2335 5399 et
2362 5347 2470 5415 ipse
2491 5348 2727 5421 proxime
2753 5365 2838 5403 eos
2865 5349 3035 5418 factus
3054 5362 3128 5403 est
3153 5353 3245 5422 qui
3266 5354 3596 5422 participan-

2018 5441 2105 5487 tur
2132 5450 2333 5490 eorum.
2369 5435 2477 5504 Ego
2501 5419 2683 5490 autem
2710 5437 2909 5499 dicam,
2942 5419 3202 5506 quoniam
3236 5419 3510 5508 quomodo
3529 5452 3586 5498 et

2427 5588 2466 5618 ³³
2505 5587 2862 5669 PII-emam",
2895 5591 2946 5644 5.
3025 5593 3197 5669 fisa.
3232 5612 3378 5662 nux,
3405 5601 3471 5668 9;
3503 5617 3583 5669 lx,

3052 5666 3137 5732 15,
3175 5668 3259 5734 14,
3295 5669 3379 5724 15».
