4296 6288
636 370 739 426 217

2093 365 2417 423 ORIGENIS

3786 365 3892 423 948

635 491 793 562 pueri
823 489 1365 548 communicaverunt
1404 485 1658 556 sanguini
1701 494 1755 541 et
1789 485 1976 551 carni,
2008 495 2063 540 et
2094 485 2210 556 ipse
2239 490 2286 548 Α
2313 488 2449 542 bitat
2481 487 2536 541 iu
2570 486 2954 558 speculatorio,
2985 493 3039 540 et
3070 485 3123 539 in
3161 483 3310 539 omni
3341 485 3524 539 anima
3551 495 3728 556 potest
3761 505 3896 544 cou-

640 581 885 654 proxime
915 596 1008 635 eos
1042 578 1215 634 factus
1264 587 1345 633 est
1395 574 1488 648 qui
1538 577 1938 648 participantur
1969 591 2160 632 eorum
2193 595 2205 629 :

637 679 717 733 sic
739 675 862 746 quia
893 671 1044 744 pueri
1080 687 1186 725 non
1217 681 1450 742 possunt
1485 670 1746 726 fortiores
1777 671 1967 724 audire
2000 683 2212 724 sermo-

637 783 763 830 nes,
814 764 1008 818 debent
1051 762 1195 814 enim
1244 769 1303 816 ut
1345 762 1499 832 pueri
1531 761 1722 816 audire
1763 773 2044 814 sermones
2080 756 2208 822 Dei,

638 867 851 928 propter
881 855 983 909 hoc
1017 853 1194 908 factus
1222 855 1275 908 in
1305 854 1571 923 sanguine
1599 867 1892 923 puerorum
1919 867 2088 906 causa
2115 849 2209 918 qui

634 943 1181 1000 communicaverunt
1207 943 1362 998 carni
1395 952 1448 998 et
1483 942 1935 1012 sanguini,quasi
1970 940 2211 1010 parvulis

633 1039 896 1106 loquens,
937 1035 1178 1104 loquitur
1229 1051 1336 1090 non
1387 1033 1569 1088 divina
1621 1043 1676 1088 et
1729 1033 2052 1094 ineﬂahilia,
2114 1030 2208 1085 sed

630 1143 969 1200 quaecunque
999 1143 1193 1197 capere
1223 1135 1454 1196 possunt
1488 1125 1720 1196 parvuli.
1769 1125 1983 1179 Parvuli
2028 1132 2209 1178 autem

630 1234 823 1274 omnes
853 1219 1104 1272 homines
1129 1227 1277 1280 sunt,
1305 1217 1350 1270 si
1385 1233 1480 1272 eos
1508 1233 1798 1288 comparas
1821 1217 1886 1271 ad
1921 1216 2211 1285 perfectioo

630 1327 756 1366 nem
806 1309 966 1364 Verbi
1014 1328 1028 1364 :
1089 1310 1216 1364 licet
1261 1307 1480 1380 Moysen
1529 1309 1814 1372 nomines,
1867 1309 1993 1363 licet
2038 1323 2206 1363 unum

631 1404 838 1458 dixeris
863 1403 930 1457 de
957 1401 1237 1472 prophetis
1257 1443 1272 1467 ,
1325 1402 1450 1457 licet
1475 1402 1739 1456 Joannem
1763 1443 1777 1468 ,
1806 1418 1916 1472 quo
1946 1401 2123 1471 major
2153 1401 2207 1455 in

632 1495 774 1550 natis
804 1493 1096 1548 mulierum
1148 1507 1310 1547 nemo
1344 1491 1486 1559 fuit;
1528 1492 1655 1546 licet
1681 1492 1747 1545 ad
1784 1491 2063 1560 apostolos
2112 1506 2208 1544 ve-

627 1587 782 1653 nias;
811 1585 1056 1652 Petrum,
1089 1585 1174 1640 cui
1209 1593 1378 1656 portae
1407 1583 1564 1639 inferi
1593 1599 1700 1639 non
1731 1582 2066 1638 iuvalescent
2085 1622 2100 1646 ,
2125 1581 2208 1636 vel

629 1679 858 1734 Paulum
891 1678 984 1748 qui
1025 1687 1219 1747 raptus
1274 1687 1357 1732 est
1405 1692 1580 1748 usque
1613 1677 1680 1731 ad
1716 1676 1934 1731 tertium
1971 1675 2207 1741 caelum,

631 1782 685 1826 et
728 1771 935 1826 audivit
981 1767 1279 1825 indicibilia
1325 1769 1528 1834 verba,
1594 1783 1701 1823 non
1744 1767 1971 1838 deponis
2017 1781 2206 1821 eorum

632 1861 856 1930 gloriam
876 1903 890 1927 ,
918 1860 1134 1924 dicens,
1167 1860 1296 1930 quia
1343 1868 1396 1914 et
1427 1860 1528 1930 ipsi
1563 1859 1621 1914 in
1651 1859 1732 1914 eis
1777 1875 1898 1929 quae
1925 1857 2204 1913 intellexe-

629 1961 760 2008 runt
806 1952 1213 2023 comparatione
1255 1967 1446 2008 eorum
1489 1967 1612 2022 quae
1638 1967 1746 2007 non
1787 1952 2203 2016 intellexerunt,

631 2045 978 2113 parvulorum
1006 2043 1309 2114 disciplinis
1340 2042 1539 2097 eruditi
1564 2053 1710 2110 sunt,
1743 2060 1868 2115 quae
1893 2043 2206 2098 hominibus

627 2136 934 2189 traduntur.
984 2133 1123 2189 Dicit
1169 2149 1299 2204 ergo
1352 2134 1605 2190 Salvator
1648 2151 1758 2190 non
1805 2137 1873 2191 de
1923 2136 2008 2192 his
2065 2150 2205 2205 quos

630 2227 826 2281 Paulus
873 2226 925 2280 in
967 2227 1188 2282 Christo
1230 2229 1489 2296 parvulos
1531 2237 1846 2298 nuncupat,
1907 2237 1962 2284 et
2007 2227 2205 2283 asserit

624 2322 762 2373 lacte
790 2321 1058 2388 potandos
1079 2361 1092 2385 ,
1124 2331 1179 2376 et
1214 2337 1324 2376 non
1365 2321 1489 2376 forti
1526 2323 1650 2378 cibo
1671 2362 1686 2386 ,
1719 2321 1814 2378 sed
1847 2323 1914 2377 de
1946 2321 2204 2376 omnibus

626 2409 790 2462 simul
824 2409 1136 2466 hominibus
1165 2425 1182 2462 :
1213 2410 1345 2465 Ecce
1366 2429 1460 2483 ego
1481 2426 1528 2466 et
1552 2413 1762 2484 parvuli
1790 2415 1890 2468 mei
1914 2430 2042 2485 quos
2074 2415 2202 2468 mihi

623 2500 768 2554 dedit
823 2500 980 2556 Deus.
1025 2501 1222 2556 Verum
1269 2505 1546 2574 quomodo
1601 2507 1652 2560 in
1703 2505 1888 2572 pueris
1938 2507 2030 2561 alii
2077 2516 2205 2562 sunt

623 2593 744 2649 aliis
773 2594 1084 2663 alacriores,
1109 2605 1160 2650 ct
1189 2611 1254 2651 ea
1287 2613 1415 2668 qua:
1439 2598 1520 2652 eis
1571 2607 1700 2653 sunt
1735 2599 1930 2653 tradita
1961 2600 2204 2654 velocius

622 2696 1035 2755 consequuntur
1079 2703 1097 2737 τ
1146 2687 1262 2749 sic,
1312 2689 1571 2758 inquam,
1620 2689 1855 2744 similem
1909 2691 2203 2760 ingeniosis

625 2778 808 2844 pueris
856 2779 1057 2832 tactum
1090 2778 1309 2851 Moysen
1353 2789 1406 2834 et
1453 2781 1767 2850 prophetas,
1791 2783 1884 2837 sed
1909 2792 1963 2839 et
1993 2782 2202 2838 Domini

625 2868 795 2922 nostri
826 2867 951 2923 Jesu
985 2869 1190 2925 Christi
1227 2873 1530 2940 apostolos.
1580 2873 1872 2943 Propterea
1908 2876 2201 2932 sentientes

623 2960 945 3030 semetipsos
975 2963 1067 3031 qui
1100 2963 1316 3019 etiamsi
1361 2964 1721 3035 profecerim,
1752 2981 2044 3036 puerorum
2077 2985 2202 3037 pro-

622 3051 852 3107 t'ecerint
880 3054 1124 3123 profectu
1153 3097 1168 3122 ,
1199 3057 1455 3112 dixerunt
1480 3076 1492 3111 :
1528 3057 1612 3111 Ea:
1636 3068 1786 3128 parte
1814 3060 2196 3131 cognoscimus,

623 3157 667 3197 et
693 3159 757 3199 ea:
782 3157 930 3215 parte
956 3147 1325 3216 prop/tetamus
1342 3151 1406 3204 ³⁷.
1445 3148 1554 3205 Nec
1581 3151 1724 3205 enim
1755 3151 1932 3206 adhuc
1957 3151 2200 3206 veritatis

625 3235 861 3304 negotia,
893 3236 985 3290 sed
1015 3237 1238 3292 umbras
1269 3239 1612 3308 negotiorum
1649 3240 2080 3310 conspiciebant,
2103 3257 2199 3297 nec

626 3326 838 3394 plenam
884 3329 1096 3394 lucem,
1144 3331 1239 3385 sed
1285 3330 1576 3386 obscuram
1621 3333 1933 3401 imaginem.
1967 3333 2202 3404 Ideoque

623 3420 972 3489 repetebant.
1017 3422 1305 3477 (licentes:
1345 3422 1590 3478 Videmus
1632 3441 1769 3478 nunc
1807 3439 1898 3492 per
1935 3428 2201 3494 speculum

623 3521 671 3563 ct
699 3512 754 3565 in
778 3514 1058 3584 (enigmate
1087 3556 1102 3580 ,
1131 3525 1252 3569 tunc
1280 3525 1456 3570 autem
1488 3518 1624 3586 facie
1667 3518 1735 3570 ad
1765 3518 1956 3587 faciem
1969 3519 2034 3574 ⁸⁸.
2067 3520 2201 3585 Quis

621 3617 753 3671 ergo
778 3602 892 3657 haec
927 3603 1109 3673 legens
1142 3614 1195 3659 et
1227 3605 1534 3678 intelligens
1565 3605 1845 3662 inﬂabitur
1872 3617 1927 3662 et
1961 3610 2202 3679 erigetur

624 3707 788 3760 super
825 3693 1134 3762 scientiam,
1166 3711 1263 3751 seu
1299 3713 1464 3766 super
1490 3699 1857 3770 quodcunque
1886 3701 2204 3756 donorum?

622 3783 837 3839 Etenim
889 3797 1087 3842 cuncta
1134 3805 1257 3859 quae.
1293 3791 1359 3844 ad
1404 3806 1606 3859 pueros
1631 3791 2001 3859 devenerunt,
2030 3793 2202 3848 multo

623 3881 880 3937 inferiora
927 3890 1056 3936 sunt
1102 3882 1188 3935 his
1213 3897 1335 3952 quae
1381 3883 1618 3952 reposita
1647 3893 1775 3939 sunt
1801 3884 1955 3941 viris.
1996 3884 2202 3939 Debent

621 3989 750 4042 ergo
782 3989 888 4027 non
913 3973 1114 4028 elevari
1159 3983 1214 4029 et
1241 3975 1525 4044 superbire
1571 3975 1607 4028 ii
1646 3975 1741 4045 qui
1772 3976 2030 4031 videntur
2061 3978 2202 4032 inter

622 4082 820 4137 pueros
862 4067 1093 4123 acrioris
1141 4068 1341 4138 ingenii
1381 4078 1434 4123 et
1479 4069 1792 4126 velocioris.
1837 4069 1974 4126 Istos
2020 4082 2199 4127 autem

621 4173 822 4227 pueros
865 4158 1115 4215 homines
1158 4159 1286 4215 dicit
1321 4176 1545 4227 omnes,
1579 4177 1718 4232 quos
1746 4175 1800 4220 et
1831 4163 2082 4220 Salvator
2107 4167 2200 4222 de-

621 4250 1001 4306 monstrabat:
1039 4249 1192 4318 Ecce,
1226 4253 1500 4322 inquiens,
1537 4272 1650 4325 ego,
1685 4265 1732 4310 et
1761 4258 1911 4326 pueri
1937 4260 2038 4312 mei
2069 4276 2199 4329 quos

621 4342 750 4395 mihi
781 4342 927 4396 dedit
973 4342 1130 4397 Deus.
1161 4343 1372 4398 Donum
1401 4348 1609 4415 accepit
1634 4357 1686 4402 et
1713 4347 1964 4406 Salvator
1992 4367 2022 4406 a
2062 4350 2197 4409 Deo.

619 4432 792 4489 Nemo
814 4434 959 4486 enim
994 4434 1143 4487 venit
1168 4435 1234 4487 ad
1262 4451 1427 4501 eum,
1470 4439 1514 4491 si
1573 4455 1680 4492 non
1727 4441 1819 4510 qui
1857 4443 2006 4498 misit
2035 4459 2159 4497 eum
2182 4485 2196 4509 ,

2311 581 2522 649 spicere
2547 579 2853 643 veritatem,
2883 579 2986 634 iste
3032 577 3163 632 facit
3204 576 3359 647 signa
3407 585 3462 632 et
3509 579 3756 650 prodigia
3801 597 3896 652 per

2313 668 2670 736 Salvatorem,
2711 681 2765 725 et
2805 679 2927 741 post
2960 669 3320 734 Salvatorem,
3354 684 3448 740 per
3475 671 3754 739 apostolos
3787 689 3800 724 :
3841 683 3894 727 et

2311 762 2618 832 ubicunque
2668 763 2942 817 invenitur
2982 762 3160 816 anima
3206 771 3330 832 apta
3365 762 3672 816 ministerio
3703 763 3892 834 signo-

2311 869 2432 908 rum
2463 863 2516 908 et
2541 854 2907 924 prodigiorum
2933 852 3050 918 Dei,
3082 853 3195 908 sive
3211 853 3369 922 juxta
3399 853 3694 922 spiritalem
3727 871 3891 910 cura-

2313 948 2538 1012 tionem,
2571 948 2684 1003 sive
2711 947 3041 1003 sensibiliter
3070 947 3412 1002 exhortando
3435 962 3529 1003 eos
3551 949 3640 1017 qui
3667 949 3892 1003 veniunt

2311 1039 2378 1092 ad
2417 1039 2569 1108 121
2601 1038 2784 1103 ﬁdem,
2815 1045 3031 1092 nonest
3057 1037 3268 1091 otiosus
3304 1035 3468 1100 Deus,
3496 1037 3587 1106 qui
3612 1045 3740 1091 tunc
3765 1036 3893 1091 fecit

2312 1131 2465 1199 signa
2493 1141 2545 1184 et
2563 1130 2828 1200 prodigia,
2851 1130 3014 1184 etiam
3047 1144 3195 1182 nunc
3227 1129 3438 1198 operari
3471 1143 3554 1182 ea.
3588 1128 3763 1197 (Vers.
3800 1128 3887 1199 l9)

2318 1220 2382 1276 Et
2430 1223 2476 1274 si
2520 1221 2754 1274 dixerint
2805 1220 2874 1273 ad
2923 1235 3030 1282 vos,
3063 1218 3281 1289 quaerite
3314 1218 3683 1281 ventriloquos,
3721 1228 3768 1272 et
3800 1234 3887 1271 eos

2311 1314 2399 1384 qui
2434 1313 2498 1367 de
2527 1324 2670 1366 terra
2701 1312 2958 1377 clamant,
2995 1311 3087 1381 qui
3137 1310 3322 1363 inania
3369 1309 3675 1380 loquuntur,
3705 1311 3794 1380 qui
3825 1311 3892 1363 de

2311 1414 2484 1458 ventre
2522 1402 2775 1468 clamant,
2802 1417 2905 1455 non
2934 1409 3106 1471 gentes
3132 1400 3200 1453 ad
3232 1399 3395 1452 Deum
3417 1415 3572 1453 suum
3598 1401 3889 1470 requirunt,

2313 1496 2402 1566 qui
2441 1495 2722 1565 exquirunt
2753 1494 2817 1548 de
2852 1492 3143 1548 viventibus
3171 1500 3423 1544 mortuos.
3455 1491 3729 1546 Attendite
3755 1507 3891 1562 quo-

2312 1587 2461 1642 niam
2492 1587 2727 1641 obscure
2757 1585 2903 1640 dicta
2931 1593 3079 1650 sunt,
3103 1591 3157 1637 et
3185 1582 3346 1638 debet
3376 1596 3592 1648 sensus,
3627 1580 3737 1636 Deo
3771 1582 3891 1652 ipso

2312 1680 2573 1751 largiente
2594 1687 2649 1734 et
2679 1679 2975 1746 revelante,
3006 1678 3279 1734 cohaerere
3299 1676 3694 1746 superioribus.
3724 1674 3895 1732 Docet

2311 1787 2443 1843 ergo
2474 1786 2577 1827 nos
2604 1781 2664 1826 ut
2691 1786 2801 1825 non
2847 1771 3021 1826 simus
3067 1771 3301 1824 aliorum
3349 1783 3667 1824 sermonum
3717 1769 3892 1824 disci-

2312 1861 2446 1932 puli.
2479 1859 2584 1915 nisi
2614 1860 2918 1916 caelestium
2943 1869 2997 1914 et
3020 1862 3310 1916 bonorum.
3335 1857 3473 1913 Sunt
3493 1860 3637 1914 enim
3665 1859 3894 1928 quidam.

2311 1952 2650 2024 loquentium
2691 1962 2744 2007 et
2785 1952 3156 2022 pollicentium
3204 1950 3508 2006 doctrinam
3541 1966 3756 2014 veram,
3793 1952 3888 2020 qui

2312 2059 2421 2099 non
2473 2044 2771 2113 loquuntur
2820 2044 3084 2107 ctelestia,
3131 2042 3224 2098 sed
3280 2051 3512 2096 terrena.
3561 2040 3664 2106 Qui
3703 2051 3778 2094 est
3821 2056 3891 2094 ea:

2313 2149 2475 2203 terra,
2506 2137 2570 2190 de
2611 2147 2753 2191 terra
2799 2136 3075 2206 loquitur;
3123 2136 3212 2206 qui
3261 2135 3324 2188 de
3372 2133 3498 2187 caelo
3541 2134 3700 2198 venit,
3731 2149 3890 2202 super

2311 2245 2486 2283 o-nnes
2515 2237 2628 2292 est,
2662 2237 2712 2282 et
2751 2228 2892 2299 quod
2933 2228 3065 2282 vidit
3110 2236 3159 2282 et
3204 2227 3441 2292 audivit,
3478 2227 3793 2296 testiﬁcatur
3818 2225 3886 2278 ".

2313 2324 2369 2378 Si
2401 2322 2544 2393 quis,
2593 2321 2689 2386 ait,
2739 2320 2924 2391 pueris
2957 2321 3050 2390 qui
3102 2319 3156 2374 in
3207 2335 3295 2375 me
3345 2321 3594 2386 credunt,
3644 2319 3884 2374 dixerit:

2311 2414 2547 2480 Quaerite
2593 2412 2972 2482 ventriloquos,
3011 2424 3062 2465 et
3089 2427 3175 2475 eos
3219 2411 3310 2481 qui
3340 2412 3404 2464 de
3449 2419 3590 2464 terra
3633 2411 3890 2476 clamant,

2309 2506 2399 2576 qui
2428 2506 2608 2560 inania
2635 2505 2941 2575 loquuntur,
2977 2504 3067 2572 qui
3095 2504 3160 2557 de
3202 2513 3378 2556 ventre
3422 2502 3678 2567 clamant,
3722 2502 3887 2556 veluti

2309 2597 2534 2667 quaerite
2583 2595 2852 2650 daemonia
2887 2611 2900 2646 :
2934 2593 3002 2648 ab
3049 2609 3157 2647 una
3205 2593 3350 2647 enim
3395 2594 3577 2662 specie
3621 2593 3887 2648 damonis

2309 2687 2633 2756 ventriloqui
2684 2683 2960 2757 τροπικῶς
3000 2684 3183 2738 omnia
3221 2684 3488 2738 daemonia
3531 2685 3886 2754 nuncupavit.

2310 2781 2369 2835 Si
2414 2780 2644 2833 dixerint
2696 2778 2865 2838 vobis.
2913 2778 3136 2848 quarite
3199 2777 3583 2848 ventriloquos,
3633 2778 3736 2833 hoc
3779 2785 3884 2841 est,

2307 2872 2535 2943 quaerite
2563 2888 2592 2926 a
2615 2871 2956 2926 daemonibus
2994 2869 3109 2924 sive
3141 2869 3528 2923 divinationem
3549 2911 3564 2935 ,
3599 2870 3715 2923 sive
3746 2869 3888 2923 veri-

2307 2974 2496 3032 tatem,
2527 2963 2642 3019 sive
2688 2971 2956 3018 sacratam
2991 2962 3535 3034 contemplationem,
3565 2962 3886 3030 respondete

2305 3057 2386 3112 eis
2412 3070 2533 3126 quae
2563 3055 2711 3110 dico.
2739 3053 2871 3120 Quae
2896 3064 3023 3110 sunt
3047 3070 3170 3125 quae
3209 3070 3303 3109 eos
3330 3054 3520 3108 docet?
3554 3053 3610 3106 In
3652 3069 3889 3122 sequen-

2308 3152 2452 3206 tibus
2486 3149 2635 3204 dicit.
2667 3148 2732 3204 Et
2769 3155 2897 3203 sunt
2927 3147 3149 3216 quidam
3190 3146 3286 3216 qui
3319 3146 3541 3200 mittunt
3568 3160 3683 3208 vos,
3712 3145 3885 3214 magis

2303 3253 2484 3298 autem
2519 3242 2961 3306 catechumenos,
2998 3250 3263 3310 quantum
3299 3237 3351 3292 in
3387 3237 3518 3307 ipsis
3543 3252 3626 3290 est
3663 3236 3728 3290 ad
3761 3252 3890 3290 ven-

2303 3336 2591 3405 triloquos.
2628 3333 2730 3401 Qui
2760 3333 2903 3387 enim
2931 3332 3121 3386 volunt
3146 3345 3240 3385 vos
3277 3331 3354 3384 ire
3384 3329 3450 3384 ad
3479 3329 3639 3392 idola,
3669 3330 3733 3381 de
3759 3326 3883 3394 qui-

2303 3430 2406 3483 bus
2437 3429 2699 3498 scriptum
2734 3439 2815 3482 est
2841 3442 2852 3475 :
2887 3425 2954 3478 Et
2978 3442 3152 3479 omnes
3176 3425 3251 3477 dii
3277 3425 3505 3494 gentium
3529 3423 3788 3478 dwmonia
3811 3422 3878 3486 ιθ,

2302 3522 2494 3576 volunt
2520 3535 2619 3575 vos
2665 3519 2743 3573 ire
2785 3533 2894 3573 non
2939 3520 3113 3574 solum
3164 3517 3228 3571 ad
3261 3516 3653 3584 ventriloquos,
3684 3513 3775 3568 sed
3811 3513 3879 3566 ad

2304 3628 2522 3667 omnem
2558 3611 2794 3682 speciem
2825 3609 3158 3666 daemonum.
3192 3607 3580 3664 Verumtamen
3611 3607 3754 3660 Deus
3783 3621 3882 3660 no-

2304 3717 2413 3760 ster
2445 3703 2537 3774 qui
2573 3703 2627 3756 in
2657 3701 2799 3757 cmlo
2828 3711 2880 3756 et
2930 3702 2984 3755 iu
3035 3713 3179 3756 terra
3210 3700 3465 3755 universa
3505 3699 3654 3765 facit,
3685 3698 3880 3753 evellat

2306 3815 2409 3853 nos
2435 3813 2465 3852 a
2490 3795 2849 3858 daemonibus,
2877 3804 2930 3849 et
2961 3794 3255 3848 familiares
3287 3793 3389 3848 sibi
3429 3791 3592 3847 faciat
3639 3809 3732 3862 per
3761 3789 3880 3844 Sal-

2301 3898 2540 3944 vatorem
2567 3897 2813 3942 nostrum
2837 3885 3021 3942 Jesum
3050 3885 3351 3940 Christum.
3388 3885 3578 3940 Videte
3609 3901 3738 3954 ergo
3784 3901 3879 3938 ne-

2302 3983 2521 4054 quando
2547 3981 2849 4051 decipiatur
2891 3981 3123 4050 alicujus
3156 3995 3221 4034 ex
3253 3981 3408 4034 vobis
3454 3979 3658 4042 anima,
3688 3987 3746 4031 ut
3775 3977 3876 4030 ad-

2302 4075 2410 4129 huc
2437 4074 2677 4144 ambigat
2707 4081 2762 4128 et
2787 4073 3018 4136 dubitet,
3050 4088 3176 4128 cum
3207 4073 3441 4127 audierit
3471 4072 3620 4125 illum
3650 4081 3703 4125 et
3725 4071 3874 4123 illum

2303 4168 2602 4231 hominem,
2633 4167 2686 4220 in
2712 4166 2804 4221 illo
2827 4165 2974 4220 idolo
3003 4165 3214 4220 «nemon
3244 4165 3451 4219 curavit
3477 4165 3628 4218 illum
3660 4163 3880 4232 languo-

2302 4272 2439 4323 rem,
2474 4255 2604 4310 illud
2636 4263 2690 4310 et
2735 4254 2866 4308 illud
2893 4255 3172 4308 divinavit.
3207 4253 3313 4307 Ista
3354 4257 3538 4306 omnia
3580 4253 3719 4306 idola
3752 4259 3879 4306 sunt

2301 4348 2630 4412 daemonum,
2655 4355 2708 4401 et
2747 4346 3027 4400 hominum
3063 4361 3169 4398 non
3197 4343 3639 4412 cognoscentium
3677 4344 3878 4396 verita—

2302 4448 2431 4493 tem.
2481 4437 2771 4492 Ascendite
2823 4435 3006 4490 animo
3048 4433 3114 4487 ad
3163 4432 3328 4486 Deum
3369 4432 3459 4501 qui
3504 4441 3586 4486 est
3631 4432 3878 4485 omnium

619 4526 904 4582 attraxerit
935 4525 1237 4580 venientem
1271 4527 1336 4580 ad
1369 4527 1727 4593 Salvatorem,
1759 4534 1902 4586 sicut
1930 4533 1982 4585 in
2020 4532 2198 4588 Evan-
2232 4536 2273 4590 D
2303 4539 2534 4596 creator,
2585 4543 2638 4584 et
2683 4538 2995 4599 comparate
3042 4527 3296 4598 pietatem
3351 4525 3508 4580 istam
3564 4525 3710 4578 omni
3763 4524 3876 4592 (99)

621 4620 759 4685 gelio
791 4619 934 4688 quod
981 4618 1280 4674 secundum
1329 4616 1593 4673 Joannem
1650 4631 1734 4676 cst
1776 4622 2087 4680 didicimus.
2133 4625 2197 4680 Et

622 4711 880 4777 quoniam
913 4713 1123 4780 accepit
1152 4710 1356 4765 donum
1391 4725 1418 4764 a
1450 4709 1610 4766 Patre
1659 4728 1754 4768 eos
1797 4715 1893 4784 qui
1932 4717 2193 4784 credunt,

622 4801 826 4855 idcirco
855 4803 1113 4871 propheta
1145 4804 1210 4856 de
1238 4805 1317 4857 eis
1348 4805 1424 4858 ait
1458 4823 1470 4859 :
1507 4803 1644 4860 Ecce
1681 4823 1772 4877 ego
1804 4819 1851 4862 et
1882 4811 2032 4879 pueri
2065 4827 2193 4880 quos

624 4892 750 4945 mihi
771 4891 914 4946 dedit
947 4893 1109 4948 Deus.
1131 4893 1240 4949 Nec
1260 4897 1534 4964 putandus
1562 4910 1645 4953 est
1674 4915 1784 4953 non
1811 4900 2074 4956 habuisse
2099 4902 2193 4971 qui

621 4983 852 5053 accepit,
883 4997 1007 5038 cum
1043 4985 1221 5040 adhuc
1253 4987 1445 5042 habeat
1481 4988 1597 5058 ipse
1625 4990 1718 5059 qui
1749 4991 1976 5047 dederit.

689 5075 743 5129 2.
778 5073 979 5130 Deinde
1013 5076 1066 5129 in
1109 5076 1332 5146 reliquis
1364 5079 1646 5148 prophetat
1695 5080 1941 5136 Salvator
1971 5084 2025 5136 in
2066 5100 2192 5154 pro-

618 5168 802 5236 pheta,
837 5167 1024 5224 dicens
1049 5167 1290 5222 futurum
1339 5185 1457 5224 esse
1486 5180 1544 5226 ut
1574 5187 1697 5226 cum
1753 5175 2020 5244 acceperit
2058 5190 2190 5244 pue-

617 5274 730 5324 ros,
757 5259 910 5330 signa
944 5268 997 5313 et
1032 5259 1273 5329 prodigia
1317 5261 1450 5315 [iant
1492 5261 1550 5314 in
1584 5263 1769 5318 Israel.
1812 5262 1980 5318 liabet
2009 5273 2190 5319 autem

619 5351 696 5404 ita
728 5368 744 5406 :
782 5349 847 5404 Et
873 5361 1028 5406 erunt
1061 5352 1215 5421 signa
1246 5362 1294 5405 et
1321 5353 1566 5424 prodigia
1596 5356 1651 5407 in
1681 5353 1854 5408 Israel
1885 5373 1917 5408 a
1959 5355 2189 5411 Domino

622 5442 875 5512 Sabaoth,
906 5447 996 5516 qui
1029 5444 1236 5498 habitat
1276 5447 1327 5499 in
1365 5456 1538 5500 nionte
1583 5447 1730 5502 Sion.
1775 5447 1880 5514 Qui
1911 5448 2056 5502 enim
2090 5449 2190 5503 ha-

691 5715 729 5740 ³⁷
755 5712 770 5763 Ι
797 5713 924 5767 Cor.
964 5732 1081 5779 χιιι,
1122 5715 1176 5773 9.

695 5806 804 5875 (99)
835 5806 984 5874 Mss,
1010 5811 1186 5874 omni;
1216 5810 1370 5876 edit.,
1397 5810 1648 5863 omnium.

2303 4638 2424 4692 qua:
2473 4621 2827 4676 annuntiatur
2873 4636 2992 4674 esse
3022 4619 3214 4689 pietas,
3250 4633 3344 4671 nec
3379 4629 3461 4670 est
3491 4615 3684 4686 pietas,
3714 4625 3766 4670 et
3792 4617 3876 4670 vi-

2301 4714 2423 4768 dete
2455 4715 2579 4783 quia
2632 4728 2730 4767 vos
2781 4713 2920 4766 beati
2971 4712 3125 4767 estis.
3161 4709 3295 4775 Quis
3339 4710 3483 4766 enim
3532 4710 3723 4766 similis
3756 4708 3877 4775 tibi,

2301 4808 2500 4878 popule
2551 4806 2758 4860 salvate
2808 4822 2837 4859 ιι
2882 4804 3151 4859 Domino?
3179 4804 3290 4860 Et:
3343 4804 3512 4859 Beata
3554 4821 3676 4876 gens
3724 4802 3878 4870 cujus

2303 4899 2560 4954 Dominus
2597 4897 2733 4952 Deus
2767 4899 2900 4966 ejus,
2926 4897 3146 4968 populus
3177 4914 3328 4968 quem
3374 4898 3524 4966 elegit
3568 4897 3622 4946 in
3661 4893 3874 4944 habita-

2303 4995 2496 5047 tionem
2524 4990 2626 5044 sibi
2650 4991 2716 5044 ".
2753 4988 2914 5044 Beata
2949 4990 3148 5060 quippe
3184 5005 3316 5060 gens
3348 4988 3449 5042 fuit
3475 4985 3747 5055 quondam
3777 4979 3876 5035 Ju-

2299 5085 2563 5147 dmorum,
2592 5081 2686 5137 sed
2712 5081 2943 5152 perdidit
2973 5081 3382 5142 beatitudinem,
3428 5086 3482 5130 et
3507 5074 3675 5143 ejecta
3701 5080 3783 5126 est
3809 5072 3878 5125 de

2299 5175 2421 5230 loco
2452 5189 2572 5238 suo,
2599 5173 2726 5244 quia
2754 5188 2878 5227 eum
2921 5173 3015 5243 qui
3047 5173 3250 5228 missus
3281 5179 3364 5224 est
3399 5176 3453 5222 et
3497 5163 3876 5221 testimonium

2301 5267 2492 5322 habuit
2520 5265 2720 5332 Patris,
2747 5281 2855 5320 non
2897 5265 3072 5320 solum
3119 5279 3214 5334 per
3252 5263 3423 5333 legem
3465 5266 3520 5314 et
3558 5256 3874 5328 prophetas,

2298 5375 2488 5414 verum
2513 5366 2568 5413 ct
2593 5359 2646 5411 in
2683 5357 2856 5429 signis
2887 5366 2942 5412 et
2970 5354 3254 5426 prodigiis,
3285 5351 3552 5407 insidians
3583 5348 3875 5404 interfecit.

2301 5450 2587 5507 Beatitudo
2631 5464 2762 5520 ergo
2813 5446 3224 5517 transmigravit
3261 5444 3326 5500 ad
3372 5460 3473 5500 nos
3509 5441 3639 5498 Jesu
3673 5439 3879 5497 Christi

1253 5715 1298 5746 τε
1336 5699 1467 5771 ibid.
1514 5716 1581 5769 ιε
1653 5717 1880 5777 ³οιοειη.
1921 5736 2003 5786 ιιι,
2035 5719 2238 5786 51,32.
2315 5721 2360 5751 ιο
2389 5717 2530 5776 Psal.
2569 5734 2692 5782 xcv,
2729 5717 2784 5774 5.
2861 5714 2949 5768 u1

1722 5717 1880 5777 Joan.
1921 5736 2003 5786 ιιι,
2035 5720 2123 5786 51,
2149 5719 2238 5774 32.
2315 5721 2360 5751 ⁸ο
2389 5717 2530 5776 Psal.
2569 5734 2692 5782 xcv,
2729 5717 2784 5774 5.
2861 5715 2900 5748 δι
2935 5713 3076 5772 Psal.
3111 5730 3280 5779 xxxii,
3313 5712 3397 5770 12.
