4296 6288
374 294 486 351 9.59

1616 295 1680 350 ΙΝ
1717 297 1950 352 [SAIAM
1993 298 2277 353 IIUMILIA
2323 298 2431 352 VH.

3543 310 3650 365 230

378 411 712 483 discipulos,
741 420 790 464 et
827 410 1106 468 credimus
1148 413 1202 467 in
1251 429 1316 470 co
1362 414 1689 473 inconcusse
1725 427 1778 473 et
1813 420 1966 475 tirme
1997 424 2040 480 Α
2070 435 2192 474 mae.
2229 419 2332 473 Sed
2371 426 2426 473 et
2454 418 2500 475 si
2530 417 2731 473 dicitur
2760 417 2811 471 in
2844 421 3322 488 repromissionem
3352 439 3366 476 :
3397 423 3497 478 Pes
3522 437 3645 482 tuus

383 507 628 561 viventes
645 505 795 574 juxta
825 504 970 573 quod
999 505 1146 560 docti
1170 522 1382 564 sumus.

459 598 512 653 5.
546 596 611 651 Et
657 597 703 650 si
732 597 968 650 dixerint
1017 598 1087 651 ad
1123 616 1209 653 vos
1245 616 1264 654 :
1307 599 1541 665 Qumrite
1584 603 1957 674 ventriloquos,

387 699 436 743 et
463 705 545 743 eos
573 689 664 759 qui
696 689 760 742 de
785 698 928 742 terra
956 689 1209 745 clamant.
1245 691 1384 759 Quia
1425 694 1606 749 inania
1641 696 1957 763 loquuntur,

385 782 702 850 vaniloquos
736 783 1059 836 nominavit.
1089 785 1278 840 (tinnis
1307 801 1488 841 sermo
1509 787 1605 857 qui
1638 788 1840 843 dicitur
1868 802 1961 844 aut

384 888 581 926 vacuus
613 881 718 940 est,
757 882 854 926 aut
896 874 1090 942 plenus
1128 876 1374 931 veritate.
1409 877 1629 934 Vacuus
1669 889 1752 934 est
1781 896 1960 935 sermo

379 961 554 1016 omnis
585 962 683 1029 qui
739 963 972 1017 mendax
1009 974 1113 1019 est.
1154 964 1356 1022 Plenus
1394 977 1476 1023 est
1516 979 1697 1024 autem
1734 971 1961 1027 veritate

377 1051 467 1120 qui
501 1051 671 1108 habet
713 1055 996 1110 scientiam
1034 1055 1126 1110 Dei
1175 1059 1555 1116 universorum
1577 1105 1592 1127 ,
1629 1072 1686 1119 et
1715 1063 1872 1118 docet
1905 1073 1963 1118 nt

377 1141 667 1198 credamus
719 1143 831 1198 Deo
883 1146 1156 1215 pollicenti
1220 1164 1383 1220 regna
1443 1153 1704 1208 ctelorum
1757 1155 1961 1210 sanctis

375 1231 514 1286 suis.
545 1231 684 1287 Vide
707 1249 838 1304 ergo
869 1237 996 1305 quid
1034 1238 1218 1294 dicant
1248 1241 1340 1309 qui
1372 1257 1479 1298 non
1511 1242 1727 1298 inerunt
1753 1247 1961 1300 vanilo-

376 1320 496 1387 qni,
526 1336 701 1391 neque
726 1325 881 1378 vacui
907 1341 1146 1396 unquam
1183 1340 1554 1398 apparuerunt
1584 1333 1636 1387 in
1667 1345 1960 1404 conspectu

379 1407 620 1466 Domini.
649 1409 764 1465 Nos
789 1429 968 1468 omnes
993 1431 1057 1469 ea:
1076 1416 1405 1487 plenitudine
1429 1421 1544 1490 ejus
1573 1425 1867 1493 accepimus
1889 1427 1957 1481 δ’.

377 1499 485 1565 Qui
523 1503 802 1575 vaniloqui
834 1515 983 1572 sunt,
1010 1523 1118 1563 non
1151 1510 1350 1566 habent
1375 1513 1478 1569 hoc
1507 1531 1570 1569 ex
1603 1516 1958 1586 plenitudine,

379 1592 476 1648 sed
503 1609 692 1650 omnes
723 1597 881 1652 vacui
916 1608 1046 1654 sunt
1090 1602 1331 1667 veritate,
1374 1606 1532 1660 vacui
1565 1617 1694 1663 sunt
1735 1611 1954 1675 virtute,

379 1685 540 1739 vacui
573 1696 700 1741 sunt
745 1687 987 1746 Christo.
1027 1691 1088 1747 Si
1127 1694 1356 1750 dixerint
1392 1698 1576 1755 vobis:
1605 1698 1840 1764 Quaerite
1870 1718 1959 1756 eos

2069 528 2172 564 non
2204 511 2429 579 offendet
2458 509 2528 574 ⁸⁸,
2557 525 2666 564 non
2697 519 2779 564 est
2812 510 2968 580 122
3011 512 3386 569 arbitrantium
3432 517 3499 571 de
3524 533 3647 573 cor-

2069 601 2216 669 poris
2242 599 2396 669 pede.
2437 598 2533 654 Est
2565 600 2707 653 enim
2742 601 2964 669 quidam
2997 616 3093 670 pes
3127 605 3306 659 cordis
3335 605 3648 675 ingrediens

2067 692 2133 745 ad
2159 706 2282 745 eum
2312 691 2407 760 qui
2440 690 2576 745 dixit
2604 705 2618 741 :
2648 688 2760 760 Ego
2785 707 2900 744 sum
2924 692 3011 746 via
3041 691 3105 745 ε’.
3137 691 3228 747 Sic
3261 694 3424 763 igitur
3451 697 3646 752 similis

2068 785 2243 837 ventri
2276 784 2546 854 corporali
2578 793 2768 838 venter
2805 792 2888 839 est
2929 785 3146 849 animae,
3175 785 3240 839 de
3270 801 3378 855 quo
3407 788 3650 857 loquitur

2063 874 2246 944 justus
2275 894 2288 929 :
2318 876 2359 928 Α
2387 877 2574 929 timore
2606 875 2717 939 tuo,
2745 876 2986 942 Domine,
3015 877 3071 929 in
3094 885 3270 930 ventre
3295 882 3649 947 concepimus,

2067 977 2112 1021 et
2138 967 2518 1037 parturivimus
2539 1008 2552 1032 ,
2596 976 2644 1020 et
2680 971 2971 1037 peperimus
3003 969 3253 1036 spiritum
3293 969 3485 1024 salutis
3518 981 3645 1038 tute,

2068 1076 2223 1130 quam
2255 1060 2430 1129 fecisti
2456 1077 2610 1130 super
2641 1070 2836 1114 terram
2862 1061 2926 1114 ⁸⁸.
2963 1059 3289 1130 Quicunque
3315 1071 3497 1116 autem
3529 1065 3645 1133 ple-

2069 1165 2198 1205 num
2230 1150 2431 1205 habent
2458 1160 2695 1205 ventrem
2722 1152 2879 1205 vanis
2903 1152 3268 1217 sermonibus,
3292 1153 3382 1221 qui
3410 1153 3476 1208 de
3500 1164 3652 1209 terra

2068 1249 2215 1306 sunt,
2248 1240 2453 1294 habent
2485 1250 2723 1293 ventrem
2747 1241 2813 1293 de
2837 1249 2978 1293 terra
3008 1239 3415 1305 subsistentem,
3440 1241 3507 1295 de
3536 1257 3656 1310 quo

2067 1330 2334 1400 scriptum
2366 1338 2450 1384 est
2485 1348 2498 1383 :
2535 1326 2674 1381 Deus
2704 1340 2880 1381 autem
2927 1336 2976 1380 et
2991 1327 3199 1383 istamet
3215 1327 3563 1382 Im'cdestruet
3577 1325 3647 1383 δ’.

2142 1416 2330 1473 Sancti
2362 1428 2492 1485 ergo
2568 1426 2811 1472 ventrem
2844 1416 3065 1482 habent,
3111 1415 3166 1469 in
3212 1431 3323 1485 quo
3372 1431 3401 1469 a
3451 1417 3656 1473 timore

2065 1509 2281 1564 Domum
2309 1517 2364 1564 et
2385 1519 2773 1580 conceperant,
2803 1517 2858 1563 et
2889 1508 3084 1577 plenus
3111 1515 3197 1562 est
3241 1516 3426 1562 venter
3451 1523 3652 1563 eorum:

2064 1601 2308 1657 fontibus
2339 1616 2496 1670 aqua:
2537 1601 2782 1656 salientis
2818 1601 2872 1654 in
2921 1599 3085 1653 vitam
3120 1610 3398 1653 aeternam.
3433 1597 3508 1654 De
3538 1600 3644 1655 isto

2062 1703 2249 1748 ventre
2270 1693 2348 1747 ait
2381 1691 2470 1747 ille
2495 1711 2508 1747 :
2545 1695 2710 1747 Aures
2737 1702 2786 1745 et
2813 1701 2989 1746 venter
3014 1707 3159 1745 meus
3195 1692 3349 1762 quasi
3392 1701 3510 1745 uter
3533 1690 3654 1760 ple-

377 1777 472 1846 qui
510 1781 571 1831 de
601 1787 742 1834 terra
787 1780 1044 1848 clamant,
1089 1785 1179 1853 qui
1219 1786 1402 1841 inania
1432 1788 1740 1860 loquuntur,
1774 1795 1864 1862 qui
1894 1794 1959 1847 de
1991 1788 2032 1843 Β
2064 1802 2161 1840 ηαδ
2214 1793 2386 1838 musto
2434 1801 2497 1838 σε
2549 1783 2743 1854 “90"”
2777 1784 2844 1838 ⁸⁸-
2885 1781 3010 1838 “330
3058 1783 3204 1837 enim
3251 1782 3384 1837 ἀίκίι
3429 1797 3538 1837 “0"
3575 1781 3645 1838 de

377 1873 551 1921 ventre
577 1867 831 1925 clamant.
879 1870 1014 1927 Volo
1039 1874 1220 1932 dicere
1264 1886 1319 1932 et
1364 1895 1585 1935 causam
1641 1898 1812 1952 quare
1855 1884 1960 1940 hoc

378 1957 726 2022 potissimum
779 1961 1108 2018 daemonium
1161 1968 1628 2038 ventriloqnorum
1677 1990 1823 2027 nunc
1868 1989 1959 2030 as-

376 2051 679 2116 sumpserit
733 2065 947 2118 sermo,
998 2064 1058 2108 nt
1102 2046 1296 2111 dicat:
1344 2058 1402 2113 Si
1451 2061 1684 2115 dixerint
1727 2065 1796 2116 ad
1850 2081 1962 2132 vos,

373 2141 605 2207 qurerite
629 2141 1005 2212 ventriloquos.
1048 2145 1294 2204 Invenies
1324 2165 1513 2206 omnes
1542 2153 1636 2222 qui
1674 2155 1964 2224 repromit~

373 2238 528 2294 tunt,
559 2247 660 2287 nec
707 2233 909 2291 habent
949 2239 1230 2295 veritatem
1252 2283 1267 2308 ,
1299 2246 1475 2297 ventri
1505 2260 1608 2300 suo
1643 2249 1962 2314 servientes,

374 2331 434 2376 et
465 2322 875 2392 quodammodo
905 2339 1126 2399 propter
1156 2334 1487 2404 voluptatem
1530 2337 1651 2408 ejus
1690 2349 1745 2394 et
1789 2342 1968 2396 abun-

377 2412 620 2467 dantiam
656 2426 851 2472 cuncta
881 2417 1080 2476 facere.
1125 2421 1244 2477 Non
1290 2427 1469 2481 solum
1501 2439 1681 2485 autem
1713 2434 1964 2502 gentiles,

380 2505 475 2560 sed
507 2515 559 2561 et
586 2521 702 2575 eos,
735 2511 828 2580 qui
855 2526 978 2567 cum
1013 2518 1397 2585 repromittant
1419 2521 1472 2574 in
1503 2521 1723 2578 Christo
1749 2528 1964 2598 religio-

385 2612 531 2665 nem,
562 2598 800 2683 haeretici
836 2613 996 2672 sunt;
1025 2615 1080 2661 et
1107 2625 1213 2663 non
1249 2619 1458 2666 tantum
1489 2613 1635 2678 illos,
1664 2618 1755 2672 sed
1796 2621 1959 2676 etiam

384 2689 439 2743 in
470 2691 627 2748 nobis
659 2694 753 2764 qui
800 2696 1152 2754 ecclesiastici
1202 2716 1416 2770 sumus,
1450 2705 1692 2762 invenies
1723 2709 1959 2780 aliquem

383 2796 482 2851 pro
514 2785 796 2841 saturitate
825 2791 1031 2844 ventris
1074 2803 1269 2847 cuncta
1305 2811 1514 2866 gerere,
1547 2812 1606 2854 ut
1642 2801 1959 2871 honorctnr,

380 2880 433 2926 et
464 2873 695 2943 accipiat
727 2892 953 2931 munera
987 2896 1109 2950 quae
1143 2881 1197 2936 in
1225 2881 1464 2941 Ecclesia
1489 2887 1824 2946 deferuntur.
1856 2891 1961 2949 Istc

384 2964 506 3020 talis
549 2966 616 3019 de
655 2977 841 3023 ventre
873 2971 1120 3040 loquitur
1155 2984 1210 3030 et
1237 2974 1360 3031 fons
1408 2994 1724 3037 sermonum
1755 2984 1874 3053 ejus
1903 2987 1960 3041 in

378 3067 566 3112 ventre
606 3061 879 3117 consistit.
939 3061 1054 3119 Non
1103 3067 1249 3120 enim
1304 3067 1428 3125 fons
1479 3087 1794 3130 sermonum
1841 3077 1958 3148 ejus

382 3145 448 3200 de
490 3149 655 3204 corde
689 3151 833 3205 bono
866 3153 1003 3219 ﬂuit,
1034 3172 1140 3210 non
1187 3158 1254 3213 de
1297 3160 1459 3217 bonis
1509 3145 1955 3238 cogitationibus,

382 3255 489 3294 non
533 3241 601 3296 de
647 3253 840 3299 sancto
881 3245 1109 3316 Spiritu.
1153 3247 1206 3302 Si
1248 3253 1371 3322 quis
1404 3269 1533 3327 ergo
1576 3258 1871 3329 aliquando
1903 3279 1964 3319 se

381 3331 577 3388 docere
600 3337 887 3404 promittit,
918 3340 1200 3399 observate
1229 3352 1408 3400 utrum
1439 3363 1720 3408 sermones
1747 3354 1866 3426 ejus
1895 3356 1962 3411 de

379 3434 570 3479 ventre
615 3426 854 3483 habeant
899 3432 1252 3503 principium,
1287 3453 1491 3494 annon.
1524 3440 1960 3515 Propositionem

381 3526 559 3569 autem
609 3535 732 3588 quae
765 3521 897 3576 mihi
944 3524 1049 3579 dici
1101 3538 1296 3596 potest,
1344 3531 1461 3600 ipse
1495 3534 1862 3606 interponam,
1894 3556 1960 3594 ne

380 3605 520 3662 forte
546 3611 670 3678 quis
704 3627 770 3665 ex
794 3614 947 3669 vobis
986 3631 1014 3669 a
1046 3632 1320 3688 quoquam
1353 3639 1473 3678 eam
1510 3605 1738 3685 audiens
1767 3630 1959 3686 existi-

380 3708 493 3752 met
531 3709 622 3755 aut
666 3700 1002 3774 Scripturam
1040 3709 1145 3764 sibi
1189 3727 1309 3767 esse
1343 3717 1698 3783 contrariam,
1733 3729 1828 3774 aut
1860 3738 1960 3778 nos

378 3789 686 3860 inspexisse
715 3799 991 3864 quomodo
1030 3809 1277 3868 oporteat
1323 3807 1624 3874 approbare
1649 3823 1958 3866 sermonem

381 3879 436 3932 in
487 3894 584 3935 eos
630 3887 1031 3942 accusatorium
1072 3892 1166 3960 qui
1212 3893 1276 3946 de
1321 3905 1509 3951 ventre
1540 3899 1799 3956 clamant.
1829 3903 1960 3969 Qua:

378 3984 465 4027 cst
492 3991 623 4046 ergo
655 3979 992 4047 propositio?
1023 3980 1083 4035 Si
1131 3985 1270 4052 quis,
1303 3986 1396 4050 ait,
1425 3988 1588 4041 credit
1630 3992 1685 4043 in
1725 4009 1826 4056 me,
1855 3994 1961 4062 ﬂu-

379 4068 525 4120 mina
573 4068 637 4122 de
681 4082 856 4123 ventre
900 4073 1012 4142 ejus
1043 4075 1231 4142 ﬂuent,
1279 4076 1396 4144 fons
1433 4095 1583 4147 aquae
1629 4082 1870 4136 salientis
1905 4085 1960 4138 in

380 4161 539 4212 vitam
588 4164 930 4218 teter-nam“.
966 4164 1119 4221 Dicat
1158 4168 1341 4237 itaque
1384 4170 1583 4238 aliquis
1615 4173 1681 4226 de
1735 4173 1821 4228 his
1867 4176 1961 4245 qui

380 4258 710 4318 prOponnnt.
765 4251 822 4306 Si
873 4252 1123 4310 Salvator
1165 4261 1493 4328 repromittit
1545 4261 1690 4318 hunc
1734 4279 1856 4320 esse
1895 4267 1961 4321 de

381 4353 568 4395 ventre
605 4341 810 4398 fontem
837 4362 992 4417 aqua:
1019 4349 1266 4405 salientis
1298 4351 1351 4405 in
1379 4353 1545 4406 vitam
1581 4364 1862 4422 mternam,
1893 4358 1960 4413 de

376 4432 523 4501 justo
575 4437 886 4503 egreditur,
936 4449 990 4494 et
1027 4440 1211 4509 justus
1255 4443 1322 4497 de
1375 4454 1564 4500 ventre
1625 4447 1844 4503 clamat.
1900 4449 1954 4505 Si
1991 4481 2035 4539 υ

381 4527 597 4592 quidem
626 4527 748 4583 fons
779 4545 934 4598 aqua:
963 4546 1123 4599 quem
1158 4531 1300 4588 Deus
1335 4537 1680 4604 repromittit,
1723 4539 1774 4592 in
1825 4556 1956 4595 ven-

382 4626 458 4672 tze
487 4618 608 4688 ejus
640 4629 742 4673 est.
796 4619 901 4675 Sed
937 4622 1224 4677 dicendum
1271 4635 1355 4680 est
1399 4643 1467 4682 ne
1507 4627 1645 4684 forte
1685 4631 1822 4685 iluos
1856 4613 1956 4687 ha?

382 4709 607 4766 beamus
641 4721 882 4779 ventres,
911 4723 964 4768 et
991 4715 1130 4771 alius
1163 4716 1237 4770 sit
1267 4721 1590 4788 corporalis,
1626 4723 1766 4778 alius
1796 4725 1958 4794 spiri-

382 4802 522 4868 talis,
575 4805 852 4872 quomodo
907 4805 1128 4875 reliquae
1177 4818 1360 4877 partes
1415 4825 1538 4878 qua:
1593 4810 1846 4866 videntur
1898 4815 1953 4869 in

381 4907 606 4962 corpore
647 4896 961 4962 nominari,
1015 4897 1175 4950 veluti
1229 4907 1358 4952 sunt
1405 4899 1580 4962 oculi,
1628 4916 1814 4956 verum
1860 4904 1954 4958 alii

381 4985 644 5054 corporis,
682 4987 772 5040 alii
824 4987 1040 5041 animat.
1076 4985 1132 5042 Si
1184 4989 1329 5043 enim
1377 4991 1576 5044 dicitur
1608 4991 1677 5046 de
1727 4993 1951 5050 oculis:

383 5071 700 5128 Mandatum
749 5076 964 5131 Domini
1011 5077 1280 5145 Incidunt,
1322 5079 1632 5134 illuminans
1679 5083 1857 5137 oculos
1889 5084 1953 5151 δι,

383 5180 488 5219 non
519 5178 651 5236 puto
682 5168 787 5223 hoc
821 5170 1165 5226 referendum
1207 5173 1274 5226 ad
1313 5171 1501 5226 oculos
1527 5173 1858 5242 corporales.
1892 5174 1958 5232 Et

381 5257 426 5309 si
457 5257 658 5313 dicitur
690 5278 703 5314 :
731 5260 834 5326 Qui
865 5262 1015 5316 habet
1040 5280 1194 5317 aures
1228 5263 1498 5330 audiendi,
1526 5265 1714 5318 audiat
1743 5265 1810 5329 “,
1849 5282 1957 5322 non

380 5355 462 5400 est
499 5350 796 5416 putandum
829 5351 934 5407 hoc
966 5353 1070 5408 dici
1104 5354 1169 5408 de
1195 5353 1439 5423 corporis
1484 5354 1731 5420 auribus,
1767 5356 1860 5410 sed
1890 5356 1958 5411 de

382 5441 595 5508 animae,
628 5457 767 5512 quas
799 5445 996 5499 habent
1030 5445 1123 5514 qtti
1158 5445 1344 5500 mundi
1376 5457 1505 5501 sunt
1537 5446 1590 5500 in
1621 5447 1808 5501 auditu
1839 5447 1959 5501 ani-

451 5580 498 5610 ⁴²
530 5577 693 5650 Joan.
715 5595 754 5643 ι,
785 5580 869 5634 16.
946 5580 990 5612 ⁸³
1022 5579 1178 5635 Joan.
1219 5598 1314 5647 vn,
1337 5582 1433 5650 58;
1469 5599 1542 5650 Iv,
1570 5583 1658 5637 16.

386 5652 578 5768 ιινδξ.
655 5649 700 5680 ⁸⁸
729 5651 833 5704 lsa.
871 5666 1018 5715 xxvi,
1064 5652 1148 5705 18.
1226 5653 1268 5686 ¹⁸⁹
1301 5653 1315 5706 l
1346 5654 1470 5709 Cor.
1507 5649 1582 5720 vt,
1618 5655 1703 5708 15.

387 5731 513 5769 υ...
555 5763 568 5769 -

441 5757 458 5785 ’
481 5755 568 5772 αν.

1735 5583 1782 5615 “
1812 5583 1955 5639 Psal.
1985 5599 2142 5650 xvnt,
2167 5583 2220 5637 9.

1783 5655 1828 5686 '°
1857 5654 1960 5710 Job
1989 5671 2163 5720 χχιιι,
2209 5652 2294 5708 19.
2369 5653 2414 5687 ⁸¹
2467 5651 2566 5708 lsa.
2594 5654 2791 5718 v1.19.

2061 1876 2331 1947 corporali
2364 1885 2595 1931 ventre:
2632 1892 2732 1931 nec
2755 1875 2900 1931 enim
2950 1883 3137 1930 venter
3181 1873 3302 1944 ejus
3345 1873 3644 1943 corporalis

2061 1969 2254 2038 plenus
2284 1974 2404 2020 erat
2431 1967 2738 2020 divinorum
2770 1975 2824 2020 et
2851 1966 2934 2021 his
2967 1967 3339 2035 proximorum
3370 1965 3494 2019 vino
3523 1965 3644 2019 alli-

2063 2068 2188 2125 gato
2219 2057 2272 2109 in
2300 2065 2498 2110 utrem.
2527 2057 2635 2111 ista
2667 2057 2721 2110 in
2750 2056 3076 2112 solutionem
3111 2055 3525 2125 pr0positionis.

2137 2145 2190 2198 4.
2224 2143 2380 2200 Nunc
2425 2147 2491 2200 ad
2541 2146 2647 2200 hoc
2694 2145 2838 2215 quod
2889 2147 3156 2215 coepimus
3190 2157 3548 2201 revertamur.
3583 2145 3646 2203 Si

2065 2252 2195 2306 ergo
2240 2236 2477 2290 dixerint
2511 2239 2580 2291 ad
2626 2254 2712 2291 vos
2747 2252 2765 2292 :
2807 2235 3044 2302 Quaerite
3076 2239 3445 2311 ventriloquos,
3476 2248 3526 2294 et
3556 2257 3646 2296 eos

2065 2329 2156 2400 qui
2185 2328 2251 2382 de
2277 2337 2418 2382 terra
2447 2330 2713 2395 clamant,
2742 2346 2846 2382 non
2890 2347 3011 2399 gens
3060 2330 3131 2384 ad
3183 2329 3352 2384 Deum
3393 2349 3548 2386 suum
3576 2334 3644 2402 ",

2066 2420 2182 2475 inec
2205 2421 2286 2474 eis
2315 2420 2653 2490 respondete.
2687 2419 3007 2476 Deﬁcienter
3033 2430 3214 2476 autem
3245 2423 3441 2478 dicitur
3475 2441 3487 2476 :
3521 2423 3649 2482 Haec

2063 2511 2144 2566 eis
2175 2511 2514 2579 respondete,
2547 2526 2654 2563 non
2681 2526 2804 2580 gens
2837 2511 2906 2563 ad
2933 2509 3104 2565 Deum
3135 2527 3287 2564 suum
3323 2515 3643 2582 exquiritur.

2065 2600 2416 2672 Unaquaeque
2456 2618 2610 2672 gens,
2661 2603 2707 2656 si
2755 2604 2951 2673 quaerit
2993 2603 3206 2667 Jovem,
3250 2604 3317 2659 ad
3366 2607 3650 2676 proprium

2063 2692 2235 2748 Deum
2287 2693 2452 2747 refert
2495 2693 2640 2763 quod
2691 2694 2959 2763 quaesivit.
3005 2692 3131 2748 Haec
3172 2694 3254 2749 eis
3301 2696 3644 2764 respondete.

2065 2783 2176 2840 Vos
2204 2795 2386 2840 autem
2419 2783 2676 2841 Israelita:
2712 2786 2973 2840 habentes
3003 2784 3175 2840 Deum.
3211 2800 3396 2840 verum
3441 2786 3533 2856 qui
3563 2797 3648 2844 est

2063 2891 2230 2947 super
2279 2877 2496 2943 omnia,
2543 2893 2668 2932 cum
2719 2877 2994 2946 quaeritis,
3041 2876 3208 2932 nolite
3271 2878 3647 2948 ventriloquos

2063 2978 2330 3031 quatrere,
2369 2979 2546 3033 neque
2585 2965 2652 3019 de
2697 2976 2844 3019 terra
2870 2965 3189 3030 clamantes,
3226 2981 3402 3036 neque
3431 2968 3645 3023 vanilo-

2063 3070 2225 3125 quos,
2259 3056 2353 3110 sed
2388 3056 2665 3127 proprium
2701 3055 2886 3112 Deum.
2923 3056 3028 3122 Qui
3051 3069 3294 3128 quwrunt
3330 3059 3392 3112 de
3430 3061 3646 3115 viventi-

2063 3147 2158 3200 bus
2203 3155 2462 3201 mortuos.
2505 3146 2704 3202 Mortui
2750 3149 2896 3203 enim
2950 3157 3080 3204 sunt
3128 3150 3401 3206 daemones
3449 3153 3643 3221 privati

2065 3253 2191 3292 vera
2223 3239 2354 3302 vita,
2387 3255 2510 3309 qua:
2537 3240 2669 3294 dicit
2702 3255 2717 3292 :
2757 3239 2868 3310 Ego
2909 3257 3026 3294 sum
3059 3243 3164 3295 vita
3202 3244 3269 3296 ⁵³.
3303 3241 3480 3298 Nolite
3514 3259 3645 3314 ergo

2063 3340 2311 3386 mortuos
2346 3332 2617 3388 sciscitari
2665 3333 2730 3387 de
2779 3333 2919 3388 vivis
2967 3335 3220 3404 negotiis.
3266 3335 3460 3408 Legem
3496 3338 3643 3392 enim

2063 3424 2408 3494 suscepistis.
2442 3423 2485 3477 Ο
2513 3439 2609 3479 vos
2634 3425 2837 3494 quibus
2859 3426 3172 3495 persuaderi
3209 3442 3318 3481 non
3359 3430 3554 3498 potuit,
3584 3438 3644 3484 ut

2063 3517 2379 3583 quareretis
2406 3516 2506 3571 ista
2535 3517 2601 3571 de
2633 3517 3010 3587 ventriloquis,
3041 3529 3096 3573 et
3130 3521 3196 3574 de
3229 3529 3370 3574 terra
3397 3521 3642 3574 claman-

2063 3610 2209 3664 tibus
2238 3609 2393 3665 vanis
2443 3611 2792 3666 sermonibus
2835 3626 3145 3666 sermonem
3186 3611 3428 3667 veritatis
3461 3620 3516 3664 et
3564 3611 3643 3665 le-

2061 3716 2204 3771 gem,
2249 3701 2608 3770 suscipientes
2645 3717 2766 3756 eam
2813 3702 2867 3756 in
2902 3703 3232 3772 adjutorium
3270 3701 3405 3772 legis
3427 3710 3639 3768 vestrm,

2061 3792 2343 3847 attendite.
2369 3793 2430 3846 In
2481 3793 2598 3864 lege
2639 3802 2821 3849 vestra
2866 3794 3124 3849 scribitur
3173 3790 3342 3846 :Non
3392 3794 3641 3863 sequaris

2061 3884 2240 3952 idola;
2268 3885 2423 3956 juxta
2468 3886 2638 3955 legem
2676 3884 2940 3940 facientes
2976 3900 3085 3937 non
3120 3883 3408 3940 attendatis
3437 3886 3642 3940 ventri-

2062 3977 2280 4046 loquis,
2327 3993 2504 4044 neque
2554 3977 2638 4031 his
2683 3977 2778 4046 qui
2825 3976 2892 4030 de
2949 3984 3094 4029 terra
3146 3976 3401 4032 clamant.
3450 3976 3640 4048 Legem

2061 4070 2199 4122 enim
2243 4070 2300 4120 in
2345 4069 2676 4135 adjutoriunt
2704 4067 2868 4129 dedit,
2899 4077 2958 4120 ut
3004 4067 3204 4131 dicant,
3250 4086 3353 4122 non
3393 4080 3466 4123 est
3503 4071 3642 4123 sicut

2061 4157 2272 4213 uerbum
2303 4157 2469 4222 istud,
2501 4173 2598 4226 pro
2642 4173 2742 4226 quo
2785 4173 2887 4210 non
2925 4168 3003 4211 est
3031 4175 3249 4211 munera
3284 4161 3411 4212 dare
3437 4160 3505 4212 ⁸³.
3535 4159 3641 4226 Qui

2062 4249 2209 4304 enim
2236 4248 2536 4317 assumpsit
2564 4248 2756 4320 legem,
2783 4258 2838 4303 et
2872 4249 3022 4304 novit
3055 4250 3184 4320 quia
3216 4250 3298 4304 lex
3339 4251 3392 4303 in
3423 4251 3639 4321 adjutoo

2064 4343 2205 4396 rium
2249 4349 2362 4407 est,
2405 4349 2458 4394 et
2503 4340 2774 4410 przecipuc
2811 4341 3103 4410 spiritalis,
3145 4359 3266 4413 qua
3302 4345 3578 4400 interdicit
3607 4361 3639 4400 a

2063 4431 2418 4501 ventriloquis
2458 4440 2512 4485 et
2557 4432 2804 4502 auguriis
2835 4448 3112 4503 quaerere;
3145 4433 3232 4488 hic
3274 4450 3398 4489 cum
3433 4434 3641 4489 intelle-

2063 4525 2204 4579 xerit
2247 4523 2442 4594 legem,
2485 4523 2647 4578 debet
2685 4523 2964 4578 admirans
3008 4539 3128 4577 eam
3178 4524 3379 4589 dicere,
3427 4524 3638 4579 nullum

2063 4617 2289 4671 verbum
2344 4617 2419 4670 ita
2480 4618 2746 4670 mundum
2798 4617 2942 4686 apud
2984 4615 3203 4670 Graecos
3248 4626 3302 4670 et
3351 4616 3638 4683 barbaros,

2062 4710 2223 4780 quale
2255 4718 2340 4764 est
2370 4709 2590 4764 verbum
2639 4709 2793 4779 legis.
2843 4708 2926 4762 Ab
2965 4708 3113 4762 omni
3160 4709 3304 4763 enim
3349 4711 3537 4777 verbo,
3569 4712 3639 4766 ab

2061 4801 2314 4856 universa
2360 4801 2610 4856 doctrina
2645 4800 2928 4854 veritatem
2971 4798 3260 4869 pollicente
3304 4799 3482 4855 diﬁcit
3527 4801 3636 4870 lex,

2063 4909 2184 4964 qua:
2214 4909 2246 4948 a
2278 4892 2389 4948 Deo
2420 4892 2580 4947 nobis
2609 4891 2735 4946 data
2777 4901 2879 4947 est.
2908 4891 3098 4963 Legem
3134 4894 3276 4947 enim
3317 4894 3371 4947 in
3419 4892 3636 4962 adjuto-

2059 4987 2199 5040 rium
2225 4985 2388 5050 dedit,
2419 4994 2476 5038 ut
2517 4985 2720 5048 dicant,
2753 4998 2857 5036 non
2894 4983 3032 5036 sicut
3066 4984 3276 5038 verbum
3303 4985 3466 5038 istud.
3495 4982 3636 5049 Quid

2061 5089 2145 5135 est
2177 5078 2321 5148 quod
2371 5093 2480 5132 non
2512 5085 2595 5132 est
2641 5075 2784 5130 sicut
2826 5077 3052 5132 verbum
3101 5077 3284 5132 istud?
3313 5075 3478 5130 Multa
3508 5086 3638 5128 sunt

2061 5172 2247 5236 verba,
2277 5171 2369 5227 sed
2414 5185 2526 5225 non
2573 5168 2715 5224 sicut
2756 5167 2981 5222 verbum
3033 5167 3198 5224 istud.
3228 5165 3448 5221 Nullum
3487 5167 3638 5220 enim

2061 5263 2286 5318 verbum
2338 5270 2461 5332 post
2510 5261 2734 5315 verbum
2775 5258 2967 5331 Moysi,
3003 5268 3128 5330 post
3154 5259 3380 5314 verbum
3411 5257 3639 5328 propho~

2060 5363 2278 5420 tarum,
2329 5355 2500 5409 multo
2546 5361 2730 5408 autem
2783 5353 3016 5423 amplius
3063 5363 3189 5422 post
3232 5351 3456 5407 verbum
3503 5347 3639 5405 Jesu

2060 5447 2266 5502 Christi
2303 5455 2357 5500 et
2407 5443 2782 5515 apostolorum
2815 5444 2958 5514 eius.
3002 5442 3130 5499 Vide
3169 5444 3219 5500 si
3258 5458 3364 5498 non
3399 5443 3641 5500 clamant

2299 5581 2342 5613 ⁸⁸
2377 5579 2566 5635 Matth.
2593 5593 2712 5644 xm,
2734 5581 2788 5636 9.
2855 5578 2900 5610 “
2929 5578 3088 5633 Prov.
3121 5593 3201 5645 Ill,
3233 5578 3322 5636 25.

2871 5650 2915 5682 ⁵¹
2951 5648 3107 5705 Joan.
3167 5666 3278 5720 xw,
3329 5651 3380 5707 ϐ.

3401 5579 3443 5611 ⁸⁷
3475 5578 3634 5638 Joan.

3457 5651 3501 5684 ⁸³
3527 5651 3634 5709 lsa.
