4296 6288
591 352 697 415 251

2078 342 2407 405 ORlGENlS

3764 334 3866 389 252

593 488 795 529 sensus
827 474 922 530 Del
947 474 1091 545 quod
1118 474 1324 530 dictum
1352 480 1479 529 est:
1519 471 1714 545 Legem
1744 472 1888 528 enim
1927 471 1982 525 in
2025 469 2185 540 adju-
2213 472 2256 529 Δ
2287 460 2794 523 verisimilitudine,
2835 462 3143 524 cunctaque
3200 453 3400 510 virtute
3448 452 3741 510 falsitatem
3778 468 3867 509 sco

597 565 800 620 torium
844 565 1024 633 dedit,
1074 574 1131 621 ut
1172 563 1359 619 dicant
1397 566 1491 634 qui
1535 573 1863 635 acceperunt
1904 564 2076 634 legem
2119 563 2175 617 in

595 656 946 725 adjutorinm,
977 670 1082 707 non
1128 664 1214 710 est
1256 664 1319 710 ut
1350 656 1576 711 verbum
1607 656 1751 712 istud
1784 655 1930 726 quod
1959 656 2177 710 locutus

592 757 679 803 est
706 747 914 818 Moyses
938 747 991 800 in
1020 746 1137 814 lege
1164 747 1275 803 lata
1301 765 1402 819 per
1421 749 1646 820 angelos
1679 748 1734 803 in
1770 763 1935 803 manu
1970 747 2178 803 media-

594 835 729 890 toris
761 835 827 888 ⁸⁸.
872 833 1043 888 Multo
1096 844 1279 891 autem
1316 838 1534 908 dignius
1580 846 1757 907 potest
1796 839 1901 892 hoc
1933 836 2176 893 Ecclesia

590 926 789 984 dicere.
818 939 925 978 non
972 935 1056 992 est
1100 926 1244 981 sicut
1286 929 1511 983 verbum
1555 928 1696 984 istud
1731 929 1877 999 quod
1916 944 2047 984 caro
2094 926 2177 983 fa-

591 1026 736 1070 ctum
770 1025 874 1081 est,
906 1017 1049 1083 quod
1101 1017 1365 1072 habitavit
1409 1019 1461 1072 in
1506 1019 1695 1084 nobis,
1733 1018 1892 1087 cujus
1924 1019 2174 1074 videmus

589 1103 840 1173 gloriam,
878 1119 985 1158 non
1027 1104 1170 1160 sicut
1210 1105 1424 1177 Moyses
1453 1108 1722 1163 velamine
1753 1108 2047 1173 obtectam,
2078 1110 2174 1165 sed

586 1196 818 1265 gloriam
849 1207 1107 1266 tanquam
1139 1197 1412 1268 Unigeniti
1440 1215 1473 1253 a
1503 1198 1685 1265 Patre,
1721 1201 1866 1270 pleni
1900 1201 2090 1271 gratia:
2118 1210 2174 1256 et

587 1289 834 1344 veritatis
862 1290 929 1345 ⁵⁸.
962 1288 1080 1345 Νοη
1114 1300 1201 1347 est
1244 1292 1387 1348 sicut
1417 1292 1656 1349 Verbum
1685 1294 1830 1350 istud
1862 1296 2008 1366 quod
2051 1311 2175 1351 sus—

587 1381 732 1449 cepit
757 1379 1022 1448 Ecclesia,
1046 1383 1099 1436 in
1131 1399 1241 1453 quo
1269 1385 1462 1451 credit,
1489 1402 1585 1456 per
1604 1388 1750 1454 quod
1772 1395 1826 1442 et
1851 1387 2170 1453 salvabitur,

589 1465 827 1524 Verbum
864 1470 1011 1540 quod
1058 1472 1112 1525 in
1160 1472 1430 1543 principio
1474 1482 1594 1529 erat
1637 1476 1779 1545 apud
1812 1475 1981 1532 Deum
2026 1476 2170 1532 Deus

592 1554 852 1625 Verbum,
883 1563 972 1617 cui
1012 1563 1181 1634 gloria
1213 1571 1266 1619 et
1305 1564 1596 1635 imperium
1630 1567 1684 1622 in
1712 1569 1910 1624 sarcula
1941 1569 2169 1625 saeculo-

594 1666 735 1705 rum.
762 1652 959 1709 Amen.

1153 1746 1439 1804 HOMILIA
1473 1750 1609 1807 VIII.

594 1871 672 1928 lle
699 1889 765 1929 eo
796 1878 939 1956 quod
964 1877 1225 1956 scriptum
1247 1889 1331 1956 est
1359 1901 1373 1936 :
1412 1881 1627 1938 Ululate
1652 1885 1922 1956 sculptilia
1948 1889 2005 1942 in
2036 1887 2166 1942 Hie-

665 1945 893 2027 rusalem
924 1945 1085 2027 et_in‘
1106 1949 1383 2027 Samaria,
1411 1970 1584 2027 usque
1627 1957 1693 2009 ad
1732 1945 1855 2010 eum
1898 1957 2080 2012 locum
2109 1959 2163 2012 in

659 2030 771 2153 apo
797 2017 910 2155 ait):
956 2017 1024 2071 Et
1055 2021 1386 2076 commovebo
1430 2017 1666 2080 ciuitates
1701 2042 1818 2097 qua:
1855 2027 2166 2084 habitantur

715 2102 803 2154 ap.
833 2103 863 2138 x
898 2125 911 2139 .

660 2215 710 2269 1.
748 2212 888 2270 Olim
922 2218 1140 2286 quidem
1177 2221 1396 2286 quando
1437 2226 1682 2293 peccavit
1716 2229 1951 2297 populus
1993 2229 2163 2299 prior,

585 2304 791 2359 excidit
813 2320 845 2361 a
867 2307 1150 2379 religione,
1183 2319 1237 2365 et
1263 2313 1534 2383 sculptilia
1567 2315 1867 2373 fabricatus
1892 2328 1976 2374 est
1997 2317 2167 2376 Judas

587 2396 644 2450 in
673 2394 1036 2463 Hierusalem,
1076 2409 1131 2454 et
1163 2401 1208 2456 is
1246 2404 1337 2471 qui
1376 2402 1538 2458 Israel
1572 2407 1869 2461 vocabatur
1890 2408 1944 2462 in
1977 2409 2168 2464 Sama-

588 2489 691 2542 ria.
723 2487 778 2542 Si
823 2498 1002 2544 autem
1039 2502 1092 2546 et
1119 2508 1266 2548 nunc
1305 2494 1502 2564 aliquis
1544 2497 1853 2554 consideret
1884 2514 1952 2555 ex
1987 2501 2169 2555 multi-

586 2578 775 2632 tudine
803 2594 993 2634 eornm
1021 2582 1113 2651 qui
1138 2584 1470 2655 colliguntur
1507 2596 1843 2655 peccatores,
1882 2606 1990 2646 non
2020 2592 2170 2663 pigec

584 2669 668 2723 bit
702 2686 825 2724 cum
865 2671 1084 2741 dicere,
1129 2677 1272 2743 quod
1314 2679 1694 2749 unusquisque
1734 2678 1906 2736 Deum
1963 2682 2167 2739 faciens

586 2760 736 2828 quod
785 2761 1066 2819 existimat
1112 2780 1235 2820 esse
1283 2766 1512 2834 bonum,
1556 2777 1612 2823 et
1653 2772 1894 2828 serviens
1924 2784 2165 2843 peccato,

587 2849 914 2907 maledictus
958 2862 1045 2909 est
1097 2853 1303 2936 faciens
1339 2857 1607 2927 sculptile,
1643 2867 1699 2914 et
1744 2861 1990 2918 conﬂans
2026 2879 2167 2933 opus

588 2956 853 2997 manuum
887 2946 1111 3001 artiﬁcis
1157 2955 1212 3002 et
1252 2964 1460 3018 ponens
1504 2950 1636 3005 illud
1687 2953 1742 3006 in
1787 2955 2166 3011 absconsan

589 3030 861 3087 absconso
885 3035 1085 3105 quippe
1108 3037 1290 3095 cordis
1321 3039 1491 3094 multa
1524 3039 1757 3099 facimus
1794 3044 1936 3099 idola
1972 3046 2021 3101 si
2042 3061 2171 3115 pec-

588 3135 799 3177 cemus.
838 3121 993 3181 Unde
1021 3142 1202 3183 sermo
1223 3145 1322 3185 nos
1355 3130 1546 3186 edocet
1580 3133 1956 3201 paenitentiam
1985 3150 2165 3206 agere,

2282 567 2491 612 ctarum
2530 567 2756 609 suarum
2804 553 3195 618 componentes
3236 546 3512 602 exhibent.
3554 546 3694 602 Cum
3736 561 3863 617 ergo

2279 649 2468 703 omnia
2498 646 2687 703 fecerit
2721 644 2863 699 Deus
2903 642 2957 696 in
3005 651 3190 697 monte
3226 640 3389 706 Sion,
3429 650 3484 695 et
3515 640 3570 694 in
3599 638 3861 696 Hierusa—

2278 740 2414 806 lem,
2446 747 2502 794 et
2533 736 2831 794 reddiderit
2870 751 2934 790 ea
2973 749 3096 805 qua:
3135 734 3301 804 justis
3333 732 3662 803 repromissa
3700 745 3860 800 sunt,

2278 841 2411 888 tunc
2439 831 2655 887 inducet
2692 844 2855 898 supra
2893 843 3114 883 sensum
3149 841 3403 897 magnum
3433 824 3734 894 principem
3766 823 3864 878 As-

2277 925 2589 995 syriorum,
2638 930 2693 977 et
2738 934 2901 990 super
2948 917 3291 973 altitudinem
3345 915 3529 987 gloria:
3575 914 3858 972 oculorum

2276 1016 2417 1085 ejus.
2450 1013 2575 1067 Alta
2603 1026 2728 1067 eum
2756 1010 3053 1079 sapientem
3082 1022 3264 1063 sermo
3288 1007 3458 1072 novit,
3496 1016 3549 1061 et
3575 1007 3858 1062 exordium

2277 1107 2451 1162 ruina:
2482 1105 2601 1176 ejus
2644 1103 2713 1158 ab
2758 1101 3036 1157 inﬂatione
3066 1090 3319 1171 cmpisse.
3357 1097 3510 1154 Unde
3537 1106 3592 1153 et
3614 1098 3662 1154 si
3691 1096 3859 1154 inﬂati

2276 1198 2564 1264 fuerimus,
2593 1196 2647 1250 in
2669 1195 2937 1265 judicium
2965 1191 3524 1259 incidemusdiaboli,
3560 1190 3615 1245 in
3647 1206 3757 1261 quo
3786 1190 3862 1245 in-

2276 1289 2410 1345 cidit
2447 1289 2563 1358 ipse
2598 1286 2861 1342 Zabulus.

2344 1380 2399 1434 2.
2446 1377 2737 1434 Videamus
2784 1384 2965 1433 autem
3010 1386 3065 1431 et
3111 1375 3448 1431 inﬂationem
3499 1375 3629 1444 ejus.
3657 1381 3859 1445 quanta

2274 1473 2366 1537 sit,
2401 1480 2459 1527 ut
2487 1486 2605 1526 eam
2641 1485 2952 1535 caveamus,
2982 1478 3037 1523 et
3066 1484 3174 1523 non
3206 1467 3586 1538 permittamus
3613 1481 3736 1520 eum
3774 1482 3859 1521 su-

2272 1578 2369 1632 per
2406 1576 2508 1617 nos
2544 1575 2681 1616 vera
2713 1559 2915 1615 dicere.
2962 1557 3100 1626 Quid
3148 1558 3315 1629 igitur
3363 1558 3495 1613 dicit
3527 1561 3695 1625 (vers.
3733 1558 3860 1629 ιδῃ

2281 1649 2493 1704 Viribus
2532 1649 2765 1719 faciam,
2807 1658 2857 1702 et
2895 1649 3212 1718 sapientiam
3252 1648 3544 1703 intellectus
3588 1649 3857 1714 auferam,

2269 1744 2398 1813 ﬁnes
2436 1743 2692 1813 gentium.
2742 1739 3035 1796 Existimat
3067 1739 3388 1796 fortitudine
3422 1756 3520 1795 sua
3553 1742 3697 1806 quod
3746 1740 3863 1796 vult

2197 1839 2241 1895 Β
2269 1837 2323 1891 ίη
2351 1835 2509 1890 nobis
2540 1850 2599 1891 se
2626 1849 2786 1905 posse
2819 1832 3098 1903 perlicere.
3146 1833 3211 1888 Et
3254 1847 3443 1887 revera
3478 1833 3523 1887 si
3551 1833 3860 1902 vincamur,

2272 1939 2327 1986 et
2374 1937 2500 1999 post
2556 1928 2671 1983 haec
2724 1926 2887 1981 verba
2943 1940 3227 1995 peccemus
3252 1965 3271 1991 ,
3315 1924 3361 1978 si
3403 1933 3527 1993 post
3570 1925 3856 1981 ecclesiam

2273 2035 2495 2075 rursum
2533 2020 2586 2073 in
2632 2017 2874 2080 circum,
2918 2025 2973 2070 et
3009 2016 3077 2070 ad
3125 2030 3391 2085 equorum
3433 2029 3665 2081 cursus,
3700 2024 3754 2069 et
3787 2015 3856 2070 ad

2273 2118 2602 2167 conventum
2638 2108 2920 2179 gentilium
2962 2120 3174 2172 eamus,
3210 2107 3337 2175 quid
3378 2106 3523 2161 aliud
3562 2106 3651 2173 lit,
3692 2122 3855 2177 quam

2275 2207 2562 2271 superatos
2597 2212 2696 2252 nos
2727 2193 3006 2266 possidet?
3042 2192 3108 2247 Et
3147 2193 3279 2263 quid
3310 2193 3449 2247 dixit
3479 2191 3750 2258 Zabulus,
3781 2193 3860 2247 vi-

2275 2291 2420 2346 ribus
2458 2290 2694 2357 faciam?
2730 2285 3099 2355 Consequitur
3139 2284 3194 2338 in
3237 2285 3395 2340 nobis
3443 2283 3856 2355 peccatoribus,

2274 2385 2421 2457 quod
2452 2383 2691 2438 minatus
2721 2388 2825 2436 est.
2864 2378 2969 2433 Sed
3000 2387 3055 2433 et
3088 2376 3133 2432 si
3166 2375 3500 2433 fornicemur
3528 2385 3650 2446 post
3690 2376 3858 2431 casti-

2275 2485 2440 2530 tatem
2473 2475 2618 2543 longi
2647 2473 2941 2541 temporis,
2983 2477 3107 2538 post
3133 2467 3553 2522 sanctimoniam
3593 2467 3854 2532 multam,

2275 2566 2408 2637 quid
2447 2563 2595 2620 aliud
2646 2562 2705 2617 fit
2743 2576 2908 2631 quam
2951 2574 3079 2615 vera
3116 2558 3333 2613 locutus
3381 2558 3642 2628 probatur
3692 2574 3858 2629 super

2274 2673 2403 2724 nos,
2427 2657 2518 2726 qui
2539 2654 2676 2711 dixit
2699 2671 2715 2708 :
2746 2651 2961 2708 Viribus
2990 2650 3231 2720 faciam?
3258 2650 3397 2717 Quid
3428 2661 3609 2705 autem
3632 2661 3685 2705 et
3709 2651 3855 2706 aliud

2276 2747 2621 2819 repromittat
2658 2744 2760 2800 iste
2819 2745 3207 2816 magniloqnax
3267 2743 3596 2798 intueantur.
3648 2742 3717 2796 Et
3768 2760 3858 2798 sa-

2274 2842 2528 2914 pientiant
2554 2839 2849 2895 intellectus
2874 2838 3143 2908 uu[eram,
3167 2836 3298 2906 ﬁnes
3331 2838 3581 2907 gentium.
3624 2835 3855 2908 Sapien—

2278 2936 2406 2990 tiam
2452 2933 2641 2989 nescio
2679 2947 2843 3002 quam
2881 2931 3189 3002 pollicetur,
3238 2931 3306 2985 de
3334 2945 3442 3000 qua
3489 2940 3543 2984 et
3591 2928 3855 2999 propheta

2274 3026 2517 3097 loquitur
2553 3042 2569 3080 :
2602 3023 2906 3093 Alienigena
2929 3022 3173 3093 quadam
3200 3021 3460 3089 sapientia
3498 3028 3574 3074 est
3602 3022 3658 3073 in
3688 3020 3761 3073 eis
3783 3017 3851 3075 “.

2276 3115 2374 3171 Est
2399 3116 2544 3170 enim
2577 3114 2758 3185 aliqua
2786 3121 3044 3168 extranea
3076 3127 3107 3165 a
3136 3111 3363 3167 veritate
3391 3111 3656 3183 sapientia
3689 3126 3854 3183 quam

586 3226 639 3269 et
668 3215 878 3273 ululare
912 3234 1076 3289 super
1109 3222 1475 3291 sculptilibus,
1511 3194 1767 3280 et-idolis
1798 3243 1921 3297 qua:
1953 3194 2084 3282 sunt
2113 3194 2169 3284 in
2198 3194 2241 3252 ο
2275 3209 2552 3280 disperii“
2589 3208 2751 3263 Deus.
2791 3204 2947 3297 Ha"?
2972 3207 3076 3260 ίδιθ
3112 3202 3317 3297 habenis
3351 3204 3630 3297 θξῖδιίπηη
3650 3219 3709 3297 δὲ
3734 3218 3857 3259 ⁸⁵⁸³

586 3304 927 3364 Hierusalem
956 3320 1010 3366 et
1053 3310 1322 3369 Samaria.
1366 3315 1433 3370 Et
1481 3317 1529 3373 si
1563 3318 1782 3388 quidem
1831 3334 1932 3374 nos
1975 3333 2169 3389 pecce-

587 3412 737 3462 mus,
770 3401 866 3470 qui
896 3416 1019 3458 esse
1050 3403 1117 3458 de
1142 3405 1383 3462 Ecclesia
1418 3408 1703 3478 cupimus,
1735 3407 1791 3462 in
1829 3408 2172 3466 Hierusalem

586 3487 826 3548 facimus
852 3494 1144 3564 sculptilia.
1190 3497 1248 3552 Si
1288 3515 1420 3555 vero
1465 3500 1502 3554 ii
1543 3501 1639 3571 qui
1688 3509 1841 3556 extra
1873 3500 2169 3559 Ecclesiam

587 3582 873 3638 constituti
918 3597 1048 3643 sunt
1097 3592 1373 3659 quomodo
1417 3593 1656 3649 haeretici
1693 3596 2060 3665 peccaverint,
2091 3594 2174 3652 fa-

584 3676 743 3731 ciunt
772 3678 914 3733 idola
954 3679 1007 3734 in
1053 3680 1321 3740 Samaria.
1352 3683 1740 3741 Verumtamen
1772 3702 1964 3743 omnes
1991 3688 2173 3742 omni-

590 3777 787 3838 potens
817 3768 960 3827 Deus
998 3771 1153 3840 juxta
1177 3789 1335 3829 suam
1367 3774 1667 3831 bonitatem
1693 3778 1761 3831 ad
1795 3779 2173 3848 paenitentiam

587 3871 870 3929 provocat,
928 3865 1119 3922 dicens
1161 3866 1328 3933 (vers.
1371 3867 1459 3938 10)
1495 3885 1512 3923 :
1568 3867 1782 3924 Ululate
1811 3870 2086 3938 sculptilia
2116 3872 2172 3925 in

594 3949 935 4008 Hierusalem
960 3967 1011 4012 ct
1046 3958 1103 4010 in
1147 3956 1420 4013 Samaria.
1470 3957 1942 4025 Quemadmodum
1972 3962 2175 4017 etenim

589 4039 701 4098 feci
740 4044 1003 4103 Samariee
1031 4059 1086 4105 et
1117 4067 1283 4106 manu
1328 4051 1490 4107 factis
1522 4052 1661 4122 ejus,
1692 4053 1767 4107 ita
1802 4052 1997 4107 faciam
2045 4053 2174 4109 Hie-

589 4138 828 4193 rusalem
880 4150 953 4221 et.
983 4141 1144 4199 idolis
1197 4144 1337 4215 ejus.
1395 4145 1777 4201 Comminatur
1834 4162 2176 4219 quaecunque

589 4229 723 4286 fecit
770 4231 1153 4302 Samaritanis,
1200 4246 1255 4293 et
1307 4237 1392 4295 his
1449 4239 1543 4309 qui
1599 4239 1665 4294 de
1720 4238 1965 4295 Ecclesia
2026 4251 2173 4296 sunt.

588 4318 772 4389 (Vers.
810 4324 899 4393 1%)
944 4324 1079 4380 Cum
1128 4338 1303 4382 autem
1340 4330 1782 4383 consummaverit
1814 4327 1956 4383 Deus
1995 4331 2175 4384 omnia

590 4411 792 4476 faciens
820 4417 875 4468 in
903 4426 1074 4470 monte
1102 4414 1253 4482 Sion,
1281 4428 1329 4473 et
1359 4420 1416 4472 in
1450 4420 1808 4487 Hierusalem,
1836 4421 2051 4476 inducet
2081 4438 2173 4475 su-

2275 3303 2600 3372 sapienteni.
2631 3307 2686 3355 et
2711 3298 2843 3354 dicit
2875 3317 2889 3353 :
2919 3296 3244 3368 Sapientiam
3277 3294 3569 3350 intellectus
3590 3295 3853 3366 au[eratn,

2274 3396 2402 3466 ﬁnes
2441 3393 2677 3464 gentium
2699 3431 2719 3458 ,
2759 3399 2810 3445 et
2854 3390 2988 3444 vires
3048 3404 3229 3443 eorum
3278 3388 3552 3457 depascar.
3605 3386 3857 3442 Pervenit

2272 3486 2419 3542 enim
2448 3487 2519 3540 ad
2550 3499 2741 3541 omnes
2775 3491 2964 3555 gentes
3000 3480 3245 3552 operatio
3288 3480 3428 3548 ejus,
3471 3479 3566 3536 sed
3605 3477 3857 3535 Salvator

2273 3578 2328 3634 in
2360 3592 2555 3635 omnes
2585 3585 2771 3649 gentes
2799 3576 3019 3630 mittens
3044 3587 3327 3629 sermones
3368 3587 3523 3637 suos,
3551 3572 3697 3626 eruit
3736 3587 3852 3636 eos.

2274 3671 2369 3741 qui
2407 3687 2439 3726 a
2474 3669 2681 3724 Zabulo
2718 3668 2775 3722 in
2811 3666 3024 3723 cunctis
3065 3665 3318 3736 gentibus
3362 3663 3561 3734 captivi
3595 3664 3857 3719 teneban-

2277 3773 2387 3818 tur.
2434 3761 2503 3816 Et
2539 3762 2672 3816 vires
2706 3774 2886 3812 eorum
2915 3758 3188 3827 depascar.
3230 3754 3467 3810 Minatur
3496 3770 3556 3811 se
3585 3756 3729 3812 vires
3757 3769 3856 3811 no-

2276 3864 2418 3913 stras
2456 3854 2756 3924 praedatum
2805 3851 2908 3915 iri,
2946 3858 3002 3904 et
3036 3850 3250 3903 tradere
3284 3848 3549 3903 adversus
3580 3864 3681 3904 nos
3712 3846 3855 3903 mili~

2276 3941 2539 3996 tantibus.
2580 3938 2648 3994 Et
2686 3952 2872 3993 revera
2914 3945 2998 3992 est
3028 3935 3209 3991 videre
3237 3951 3362 3991 eum
3400 3936 3858 4007 quibusdamehoc

2275 4032 2588 4089 facientem.
2624 4030 2856 4099 Quando
2885 4028 3030 4084 enim
3071 4027 3196 4098 quis
3221 4028 3456 4084 vincitur
3485 4044 3515 4083 a
3544 4027 3771 4093 Zabulo,
3801 4033 3855 4083 et

2279 4124 2510 4182 traditur
2536 4122 2877 4180 daemonibus
2914 4121 3195 4192 spiritibus
3227 4122 3513 4192 pessimis,
3559 4122 3856 4176 virtutibus

2275 4217 2591 4283 contrariis,
2624 4214 2755 4287 quid
2790 4215 2938 4270 aliud
2969 4213 3172 4270 factum
3197 4224 3282 4271 est
3315 4231 3478 4284 quam
3511 4214 3559 4269 is
3592 4214 3806 4269 dixerat
3838 4234 3854 4271 :

2277 4311 2348 4366 Et
2387 4312 2522 4365 vires
2560 4325 2741 4364 eorum
2789 4309 3094 4377 depascar?
3123 4307 3412 4375 Accipiens
3456 4313 3675 4359 nostras
3711 4306 3856 4360 vires

2276 4400 2536 4471 depastus
2560 4408 2645 4454 est
2677 4412 2797 4452 nos.
2837 4396 3015 4468 (Vers.
3046 4396 3133 4464 14)
3166 4394 3235 4447 Et
3269 4393 3594 4447 commovebo
3619 4395 3854 4449 civitates

589 4520 682 4573 per
709 4522 920 4560 sensum
952 4523 1200 4577 magnum
1224 4510 1511 4580 principem
1545 4485 1909 4583 Assyriorum,
1944 4520 1993 4566 et
2017 4528 2174 4582 super
2206 4533 2249 4588 ι)
2279 4510 2421 4588 qui?
2445 4491 2832 4588 ίηὴίξθίίαητξιν·
2864 4486 2959 4588 ιιξξι
3012 4485 3407 4588 hoc-“limbus
3424 4486 3812 4588 ξιξηξηιῖξξξηξπ
3836 4524 3855 4553 ›

592 4595 931 4652 altitudinem
981 4598 1172 4669 gloria:
1221 4600 1493 4655 oculorum
1544 4603 1681 4672 ejus.
1727 4602 1993 4659 Docemur
2042 4603 2175 4673 quid

593 4684 838 4741 futurum
885 4690 958 4745 sit
999 4691 1224 4746 inimico
1269 4701 1457 4748 nostro
1497 4704 1553 4749 et
1592 4693 1820 4760 Zabulo,
1848 4709 2010 4765 quem
2046 4709 2173 4748 sen-

594 4789 716 4828 sum
787 4781 1075 4847 quemdam
1156 4800 1415 4857 magnum
1476 4803 1623 4842 nunc
1691 4788 1956 4857 propheta
2030 4800 2174 4839 nun-

594 4865 834 4932 cupavit.
889 4865 1172 4933 Quomodo
1233 4859 1379 4929 enim
1430 4891 1654 4945 serpens
1709 4875 2007 4944 sapientior
2058 4882 2176 4929 erat

593 4952 853 5009 omnibus
882 4954 1073 5014 bestiis
1100 4975 1222 5029 quae
1250 4972 1381 5019 sunt
1417 4980 1582 5035 super
1610 4973 1833 5029 terram,
1863 4974 1918 5019 et
1950 4964 2043 5019 lilii
2074 4980 2176 5019 sae-

592 5042 704 5098 culi
749 5044 914 5115 hujus
947 5050 1302 5117 sapientiores
1332 5071 1496 5125 super
1536 5057 1677 5111 ﬁlios
1725 5057 1862 5111 lucis
1909 5058 1963 5111 in
2017 5057 2173 5129 123

592 5137 950 5208 generatione
1000 5155 1113 5195 sua.
1157 5153 1323 5211 sunt,
1377 5156 1431 5203 ct
1478 5148 1827 5218 dispensator
1869 5149 2174 5220 iniquitatis

596 5227 875 5298 sapienter
912 5229 1040 5287 fecit
1081 5237 1382 5293 secundum
1423 5241 1749 5311 sapientiam
1789 5255 1896 5294 non
1942 5240 2172 5311 bonam,

595 5322 788 5378 eodem
819 5325 986 5381 modo
1020 5327 1123 5383 iste
1150 5331 1244 5400 qui
1286 5332 1584 5404 ﬁguraliter
1625 5335 1879 5404 princeps
1921 5334 2174 5405 Assyrio-

598 5428 719 5469 rum
750 5416 970 5485 dicitnr,
1000 5435 1234 5492 magnus
1267 5435 1351 5480 est
1382 5441 1599 5493 sensus,
1626 5434 1789 5481 etest
1826 5425 2012 5480 mirari
2058 5443 2174 5480 ma-

602 5505 937 5572 gnitudinem
978 5526 1176 5569 sensus
1215 5514 1335 5585 ejus
1369 5532 1383 5569 :
1418 5513 1473 5569 in
1497 5530 1607 5585 quo
1640 5514 1848 5571 abusus
1877 5524 1962 5569 est
1986 5515 2052 5570 ad
2095 5514 2178 5568 in-

602 5599 893 5657 struendos
933 5607 1211 5676 sapientes
1252 5608 1442 5664 mundi
1484 5608 1679 5673 istius,
1724 5608 1817 5679 qui
1862 5622 1986 5664 cum
2028 5605 2179 5662 omni

682 5818 727 5855 "
751 5817 869 5877 Gal.
905 5827 1095 5892 111,19.
1174 5830 1218 5863 "
1243 5824 1401 5884 Joan.
1435 5840 1473 5880 ι.
1588 5827 1633 5858 ⁸⁸
1663 5826 1859 5883 Jct'em.
1896 5840 2012 5883 νιιῑδ

2279 4583 2572 4643 inhabitari
2611 4581 2785 4637 cernit
2830 4579 3077 4634 civitates
3117 4577 3389 4634 Ecclesias
3423 4576 3517 4631 Dei
3551 4577 3604 4631 in
3637 4578 3856 4633 Christo

2280 4677 2514 4731 Domino
2549 4681 2914 4737 constructas,
2947 4673 3048 4728 has
3075 4677 3476 4727 commoturum
3501 4683 3621 4723 esse
3647 4684 3706 4724 se
3736 4684 3857 4738 per-

2280 4777 2459 4826 sonat.
2522 4765 2590 4821 Et
2638 4764 2951 4835 frequenter
3006 4761 3226 4834 quidem
3286 4761 3566 4817 concussit
3612 4762 3855 4819 civitates

2282 4860 2617 4918 inbabitatas
2670 4855 3171 4928 persecutionibus,
3223 4851 3535 4923 frequenter
3580 4852 3858 4907 concussit

2281 4953 2577 5012 scandalis.
2621 4948 2727 5004 Sed
2759 4962 2859 5002 nos
2900 4954 3170 5002 tentemus
3209 4943 3621 4999 fundamentum
3654 4943 3857 4997 haben-

2282 5058 2363 5103 tes
2392 5060 2556 5115 super
2580 5052 2786 5114 petram
2824 5039 2958 5101 tales
2988 5037 3125 5104 lieri,
3159 5044 3219 5091 ut
3246 5037 3347 5090 iste
3374 5035 3468 5105 qui
3488 5034 3617 5089 dicit
3652 5052 3666 5088 ε
3708 5033 3865 5089 Com-

2281 5137 2491 5194 aiorebo
2525 5136 2762 5190 civitates
2800 5147 2914 5202 qua:
2947 5129 3334 5191 inhabitantur,
3371 5140 3471 5180 nos
3504 5139 3723 5180 movere
3745 5139 3854 5180 non

2281 5234 2459 5289 valeat
2499 5245 2596 5301 per
2639 5224 2907 5299 procellas
2944 5237 3109 5288 suas,
3158 5234 3334 5290 neque
3371 5234 3467 5289 per
3495 5219 3721 5288 Spiritus
3755 5218 3861 5273 ad-

2282 5340 2491 5383 versos.
2545 5321 2748 5377 Verum
2794 5317 2862 5375 ad
2900 5315 3084 5371 omnia
3122 5328 3245 5382 qua:
3288 5311 3583 5367 acciderint
3634 5310 3858 5366 stabiles

2284 5427 2713 5484 perseveremus,
2743 5414 2930 5477 utpote
2958 5404 3220 5461 habentes
3250 5401 3535 5458 aedilicium
3575 5417 3736 5471 super
3764 5416 3861 5471 pe-

2285 5520 2425 5564 tram
2466 5504 2652 5561 Jesum
2698 5502 3000 5567 Christum,
3043 5499 3133 5556 cui
3170 5505 3256 5555 est
3282 5496 3453 5568 gloria
3479 5505 3536 5552 et
3567 5495 3857 5567 imperium

2286 5601 2341 5656 in
2374 5598 2573 5655 saecula
2612 5595 2956 5652 saeculorum.
2990 5590 3182 5646 Amen.
3728 5597 3733 5603 ·
