4296 6288
338 280 451 336 9.55

925 393 1213 452 HOMILIA
1251 395 1344 454 IX.

351 532 431 588 De
458 548 526 589 eo
554 529 693 602 quod
731 529 996 602 scriptum
1029 539 1115 587 est
1143 550 1157 587 :
1193 531 1262 586 Et
1303 533 1483 588 audivi
1510 549 1682 587 vocem
1716 531 1929 587 Domini

426 599 697 673 dicentis_;
725 599 897 665 Quem
940 602 1170 673 mittam,
1209 614 1255 657 et
1295 605 1413 672 quis
1441 603 1541 657 ibit
1571 603 1640 656 ad
1678 603 1930 673 populum

426 672 621 728 istum.“
650 669 717 724 Et
753 671 1171 742 transgrediens
1207 669 1418 728 mod-ca
1473 669 1715 742 pervenit
1746 669 1931 742 usque

423 742 488 797 ad
528 743 704 795 locum
751 740 826 813 in,
858 756 969 809 quo
1004 742 1264 813 scribitur
1300 760 1314 796 :
1346 740 1487 798 Pete'
1507 743 1600 795 tibi
1647 740 1855 813 signum
1898 752 1932 796 a

426 813 641 936 Domino
657 820 778 952 )tuo
812 811 867 864 in
916 810 1238 882 profundum
1272 822 1364 866 aut
1398 814 1456 867 in
1492 810 1755 868 excelsum
1785 814 1927 884 (cap.

426 899 468 937 ιι
496 898 525 938 e
577 898 649 936 vn
685 921 700 935 .

418 899 468 937 VI
496 891 547 938 ΕΙ
577 891 700 938 νιι).

416 1038 550 1109 Cap.
584 1054 662 1105 VI,
698 1054 844 1094 vers.
878 1038 931 1105 8,
959 1040 1012 1095 9.
1049 1038 1120 1093 Et
1149 1038 1329 1093 audivi
1373 1055 1545 1095 uocem
1594 1039 1809 1093 Domini
1856 1039 1936 1093 di-

350 1129 536 1192 centis,
567 1145 721 1198 quem
751 1128 981 1195 mittam,
1015 1137 1064 1183 et
1091 1130 1209 1199 quis
1234 1129 1331 1183 ibit
1359 1129 1428 1183 ad
1450 1129 1697 1198 populum
1725 1131 1888 1183 istum
1912 1130 1937 1183 .’

347 1219 418 1274 Et
453 1221 572 1275 dixi
596 1237 617 1276 :
647 1220 780 1275 Ecce
816 1236 907 1291 ego
928 1237 1067 1288 sum,
1095 1221 1245 1275 mitte
1278 1236 1379 1275 me.
1412 1219 1481 1273 Et
1525 1222 1602 1274 ait
1632 1237 1651 1275 :
1689 1220 1852 1286 Vade,
1885 1229 1936 1275 et

347 1312 437 1366 dic
474 1311 667 1382 populo
706 1312 825 1365 huic
852 1328 870 1365 :
903 1311 1044 1365 Aure
1083 1311 1341 1379 audietis,
1378 1321 1428 1367 et
1468 1328 1571 1366 non
1608 1312 1931 1384 intelligetis,

348 1410 406 1457 et
428 1404 657 1474 reliqua.
689 1402 765 1457 De
795 1417 861 1457 eo
888 1403 979 1472 qui
1010 1418 1154 1458 nunc
1177 1403 1346 1459 lectus
1378 1411 1464 1459 est
1486 1403 1638 1460 Isaia:
1658 1405 1936 1475 prophetas

351 1510 626 1562 sermone,
651 1510 869 1551 oremus
895 1494 1087 1560 Deum,
1120 1504 1180 1550 ut
1208 1494 1364 1551 nobis
1389 1497 1616 1568 gratiam
1647 1496 1932 1567 largiatur,

356 1594 416 1640 ut
446 1586 608 1657 digna
639 1585 959 1656 prophetico
999 1584 1194 1656 spiritu
1222 1587 1500 1643 valeamus
1536 1602 1827 1658 exponere.
1864 1585 1932 1640 Et

353 1675 567 1741 audivi,
602 1677 814 1747 inquit,
849 1694 1022 1732 vocem
1059 1677 1265 1733 Domini
1307 1680 1529 1734 dicentis
1559 1696 1578 1734 :
1616 1680 1781 1745 Quem
1821 1680 1937 1733 mit-

355 1776 461 1819 tam
482 1767 508 1820 ?
539 1765 834 1837 Postquam
877 1778 1139 1839 purgatus
1170 1779 1254 1826 est
1292 1771 1451 1826 labiis
1493 1772 1756 1841 pr0pheta
1778 1813 1793 1837 ,
1836 1786 1935 1839 pa-
1968 1750 2009 1805 Β

354 1866 506 1914 ratus
552 1861 792 1930 suscepit
839 1860 1203 1916 ministerium
1237 1863 1472 1931 Domini,
1505 1873 1559 1919 et
1597 1863 1728 1919 dicit
1768 1880 1782 1917 :
1822 1861 1933 1932 Ego

354 1964 467 2001 sum
492 1987 509 2013 ,
547 1951 695 2004 mitte
726 1965 825 2004 me.
869 1949 976 2004 Sed
1008 1959 1068 2006 ut
1104 1954 1342 2021 paratior
1386 1962 1531 2009 esset
1570 1954 1636 2007 ad
1668 1955 1795 2017 hoc,
1829 1968 1938 2007 me-

353 2041 586 2097 minerat
606 2037 1143 2109 vocisMoysis.Nam
1172 2053 1226 2099 et
1254 2046 1343 2100 ille
1367 2046 1553 2099 eadem
1589 2054 1747 2100 utens
1782 2061 1935 2110 voce,

351 2133 501 2186 mitte
555 2149 637 2186 me
678 2133 760 2200 "’,
795 2134 1049 2204 princeps
1086 2135 1301 2204 populi,
1335 2135 1613 2205 judexque
1661 2135 1839 2190 factus
1886 2144 1940 2191 et

348 2222 598 2278 famulus
627 2220 723 2278 Dei
761 2234 1106 2293 nuncupatus
1147 2234 1248 2279 est.
1290 2225 1487 2279 Audivi
1531 2232 1711 2280 autem
1754 2240 1947 2294 quem-

352 2315 478 2368 dam
513 2310 801 2367 Hebraeum
847 2323 1205 2383 exponentem
1242 2315 1389 2371 hunc
1427 2315 1630 2384 locum,
1658 2327 1821 2389 atque
1854 2318 1937 2372 di-

353 2413 589 2470 centem,
621 2404 746 2475 quia
780 2404 1013 2459 libenter
1043 2405 1261 2475 quidem
1310 2408 1604 2477 prophetes
1631 2418 1683 2464 et
1712 2415 1937 2480 paratus

357 2495 695 2566 pr0phetiam
729 2497 971 2567 suscepit
992 2497 1056 2551 ad
1088 2499 1370 2567 populum,
1404 2500 1664 2569 ignorans
1690 2516 1811 2570 quae
1842 2516 1934 2554 cs-

357 2597 475 2643 sent
514 2588 563 2641 ei
594 2586 845 2643 dicenda.
893 2587 1065 2642 Porro
1104 2589 1335 2644 audiens
1375 2588 1549 2645 tristia
1597 2605 1719 2660 quas
1755 2596 1938 2643 essent

359 2679 556 2749 populo
590 2679 914 2747 nuntianda,
948 2680 1048 2736 hoc
1074 2690 1159 2735 est.
1185 2698 1313 2736 aure
1334 2682 1583 2749 audietis,
1621 2690 1671 2736 et
1708 2698 1809 2736 non
1844 2683 1932 2735 in-

361 2772 633 2843 telligetis,
672 2782 776 2828 etc.
800 2811 815 2837 ,
858 2773 911 2826 in
956 2773 1312 2843 sequentibus
1347 2773 1552 2845 pigrior
1590 2772 1648 2828 lit
1677 2796 1690 2829 :
1724 2772 1936 2828 dicente

359 2864 406 2917 ei
442 2879 572 2919 voce
601 2862 696 2918 Dei
735 2882 747 2918 :
780 2865 1004 2931 Clama,
1048 2865 1328 2935 respondit
1356 2865 1445 2931 ei,
1486 2873 1540 2919 et
1573 2865 1705 2921 dicit
1742 2883 1755 2919 :
1793 2863 1934 2930 Quid

359 2955 598 3010 clamabo
623 2955 709 3009 ἐἳ
734 2957 984 3011 Arbitror
1014 2965 1196 3011 autem
1231 2957 1349 3011 haec
1378 2957 1688 3029 prophetari
1719 2957 1786 3012 de
1816 2955 1936 3011 Sal-

358 3056 560 3114 vatore,
593 3047 719 3118 quia
764 3046 1007 3101 futurum
1055 3059 1172 3106 erat
1211 3056 1271 3103 ut
1308 3049 1590 3105 audientes
1634 3065 1738 3103 non
1785 3048 1938 3104 audi-
1962 3083 2005 3141 ο

360 3149 498 3207 rent,
539 3149 598 3195 et
639 3139 884 3197 videntes
918 3156 1025 3196 non
1072 3143 1337 3199 viderent.
1377 3140 1714 3197 Manifestius
1768 3156 1933 3212 porro

358 3232 448 3288 ﬁet
473 3233 619 3302 quod
657 3232 886 3300 dicitur,
926 3234 971 3289 si
999 3235 1410 3291 consideremus
1449 3233 1729 3304 paululum
1754 3233 1934 3288 locum

360 3325 520 3379 istum
557 3342 571 3377 :
612 3323 888 3382 Cernentes
929 3327 1282 3396 aspicietis,et
1313 3344 1416 3383 non
1449 3327 1708 3382 videbitis.
1748 3328 1937 3385 istius-

362 3417 503 3470 modi
542 3424 647 3471 est.
677 3414 943 3472 Videbam
971 3418 1191 3487 quidem
1224 3419 1406 3474 videre
1444 3427 1575 3478 tunc
1613 3438 1788 3478 caecos
1850 3440 1939 3479 re-

360 3505 666 3575 spicientes,
699 3508 964 3564 rationem
989 3518 1168 3564 autem
1200 3510 1426 3567 visionis
1459 3513 1799 3582 ignorabant.
1828 3518 1941 3571 Au—

359 3594 578 3648 diebant
599 3596 884 3664 parabolas
910 3611 1050 3670 quas
1070 3597 1401 3654 dissolvebat
1425 3610 1635 3655 secreto
1657 3601 1940 3673 discipulis

365 3683 635 3742 Salvator.
680 3685 786 3758 lpsi
813 3702 943 3742 vero
968 3702 1077 3743 non
1111 3689 1432 3754 audiebant,
1479 3692 1783 3749 nescientes
1821 3709 1944 3764 qua“.l

1580 278 1646 335 IN
1687 277 1924 336 ISAIAM
1965 278 2249 335 HOMILIA
2291 277 2382 335 IX.

1957 401 2008 458 Α
2036 396 2380 462 dicebantur,
2409 402 2629 465 propter
2671 394 2779 452 hoc
2823 394 3117 452 testiﬁcans
3152 408 3250 453 eos
3280 395 3418 453 dixit
3452 412 3469 451 :
3507 398 3616 464 Qui

3509 282 3617 339 εει

2032 487 2184 541 habet
2224 504 2378 541 aures
2410 485 2698 553 audiendi,
2746 487 2932 540 audiat
2971 487 3038 543 ⁸⁸.
3078 484 3188 542 Nec
3228 489 3373 542 enim
3416 488 3615 558 privati

2033 587 2186 632 erant
2224 577 2309 633 his
2341 576 2568 631 auribus
2589 616 2606 642 ,
2640 583 2701 629 ut
2732 590 2840 630 non
2875 574 3146 639 audirent,
3196 578 3286 630 sed
3326 576 3616 636 interiores

2033 685 2222 725 eorum
2255 683 2419 723 aures
2448 676 2686 737 gravatas
2709 674 2867 722 erant
2902 667 2969 721 ad
2995 666 3348 721 audiendum.
3388 667 3616 740 Propter

2035 762 2140 817 hoc
2161 760 2422 829 praedicat
2453 760 2556 827 eis,
2587 768 2641 814 et
2663 774 2758 829 per
2781 760 3100 829 prophetam
3133 758 3313 815 futura
3340 762 3614 831 praefatur,

2033 854 2222 909 dicens
2240 852 2406 923 (vers.
2436 852 2491 918 9,
2516 851 2602 921 10)
2626 871 2638 905 :
2659 851 2799 905 Aure
2812 852 3065 916 audietis,
3095 861 3143 906 et
3173 869 3275 906 non
3292 853 3616 924 intelligetis,

2034 955 2083 1000 et
2111 954 2376 999 cernentes
2409 943 2701 1012 aspicietis,
2731 952 2779 996 et
2814 959 2914 996 non
2936 941 3096 1014 124
3115 943 3374 1000 ridebitis.
3405 942 3622 1003 Inerat.

2035 1046 2210 1091 satum
2240 1044 2317 1089 est
2369 1034 2508 1088 enim
2545 1049 2635 1087 cor
2653 1033 2833 1104 populi
2855 1035 3031 1103 hujus.
3074 1033 3211 1100 Quid
3244 1035 3314 1090 sit
3351 1036 3455 1090 hoc
3474 1037 3621 1105 quod

2037 1128 2239 1183 dicitur
2269 1144 2281 1180 :
2317 1123 2689 1178 Incrassatum
2732 1136 2806 1179 est
2849 1140 2940 1178 cor
2980 1124 3160 1194 populi
3202 1124 3390 1194 hujus,
3445 1127 3622 1197 inspi-

2038 1217 2272 1274 ciamus.
2312 1214 2585 1271 Omnibus
2622 1217 2715 1285 qui
2758 1216 2811 1270 in
2852 1217 3137 1285 praesentis
3162 1215 3287 1270 vitae
3324 1218 3471 1272 curis
3500 1234 3623 1273 ver-

2039 1318 2254 1373 santur,
2286 1322 2381 1362 cor
2409 1306 2772 1361 incrassatum
2805 1316 2888 1361 est
2920 1325 2934 1360 :
2969 1307 3111 1361 haud
3142 1308 3298 1362 aliter
3323 1309 3404 1363 eis
3435 1310 3528 1379 qui
3564 1310 3619 1364 in

2038 1405 2395 1460 saecularibus
2429 1412 2734 1463 morantur,
2781 1400 3142 1455 incrassatum
3168 1406 3251 1455 est
3278 1416 3408 1466 cor,
3453 1416 3619 1470 quam

2039 1497 2083 1550 si
2115 1511 2143 1550 a
2172 1497 2343 1566 spinis
2364 1505 2676 1552 enecentur.
2712 1491 2921 1547 Idcirco
2950 1490 3258 1562 pinguescit
3280 1507 3396 1555 cor,
3426 1502 3479 1545 et
3511 1507 3619 1546 non

2038 1598 2218 1660 potest
2249 1591 2514 1646 tenuioris
2541 1590 2768 1661 spiritus
2800 1586 3078 1655 suscipere
3116 1585 3391 1639 notiones.
3424 1584 3623 1656 Fugia-

2043 1696 2167 1736 mus
2203 1696 2331 1751 ergo
2383 1697 2415 1736 a
2461 1681 2660 1737 talibus
2690 1679 2870 1745 curis,
2904 1686 2963 1732 ut
3007 1684 3345 1731 attenuatum
3389 1691 3485 1730 cor
3520 1690 3619 1729 no-

2039 1784 2212 1832 strum
2247 1775 2356 1832 Deo
2386 1777 2720 1845 aceeptahile
2764 1775 2877 1830 ﬁat.
2920 1771 3217 1842 Fugiamus
3262 1779 3476 1824 terrena
3521 1784 3619 1824 ne-

2039 1868 2206 1938 gotia.
2238 1868 2341 1923 Ista
2393 1876 2521 1923 sunt
2548 1867 2694 1922 enim
2726 1865 2926 1935 quibus
2953 1879 3050 1917 cor
3089 1863 3444 1916 incrassatur.
3486 1858 3625 1913 Pro-

2038 1970 2157 2029 pter
2189 1959 2292 2013 boc
2333 1972 2513 2013 sermo
2542 1956 2757 2011 subtilis
2796 1963 2948 2019 erat,
2992 1961 3052 2006 ut
3092 1953 3145 2006 in
3184 1950 3373 2004 Exodo
3408 1951 3452 1982 ⁶⁰
3490 1951 3631 2004 scri-

2041 2048 2187 2101 bitur
2236 2047 2303 2100 de
2341 2061 2407 2099 eo
2448 2045 2593 2114 quod
2644 2044 2720 2098 ait
2750 2062 2763 2096 :
2793 2042 3116 2109 Quicunque
3160 2039 3360 2093 l‘uerint
3406 2046 3628 2107 propter

2042 2136 2362 2192 tenuitatem
2415 2134 2597 2188 cordis
2639 2130 2942 2202 ejusmodi,
2987 2130 3074 2183 isti
3128 2128 3296 2183 Deum
3340 2128 3621 2186 videbunt.

2040 2227 2265 2282 Talibus
2303 2227 2447 2281 enim
2498 2225 2671 2279 oculis
2701 2222 2843 2277 Deus
2874 2221 3109 2276 videtur.
3142 2219 3268 2273 Tria
3322 2229 3450 2274 sunt
3501 2234 3625 2289 qua.

2039 2317 2341 2373 dicuntur:
2372 2317 2747 2371 lncrassatum
2784 2316 2935 2387 enim
2968 2324 3043 2368 est
3093 2329 3183 2366 cor
3218 2311 3397 2383 populi
3443 2312 3623 2383 hujus,

2037 2420 2086 2464 et
2124 2409 2344 2464 auribus
2380 2410 2495 2464 suis
2540 2408 2774 2480 graviter
2814 2407 3131 2472 audierunt,
3176 2415 3226 2460 et
3269 2404 3449 2460 oculos
3499 2421 3625 2459 suos

2039 2502 2369 2558 clauserunt.
2411 2501 2655 2558 Possunt
2690 2508 2870 2555 autem
2896 2509 2952 2554 et
2988 2500 3146 2554 aliter
3169 2498 3510 2554 manifestius
3536 2498 3624 2552 in-

2038 2595 2203 2664 telligi
2234 2611 2357 2664 quae.
2389 2594 2492 2650 hoc
2523 2594 2782 2651 dicuntur
2810 2596 2866 2649 in
2900 2594 3039 2649 loco.
3075 2594 3226 2648 Multi
3261 2595 3404 2647 enim
3434 2601 3623 2662 putant

2036 2688 2390 2758 inspicientes
2420 2696 2703 2743 creaturas
2728 2727 2745 2753 ,
2787 2697 2841 2743 et
2878 2686 3143 2742 mundum
3177 2686 3343 2741 istum
3380 2695 3621 2740 contem-

2036 2780 2269 2851 plantes,
2302 2779 2486 2834 videre
2518 2795 2578 2834 se
2608 2786 2693 2835 ea.
2718 2778 2785 2834 Et
2809 2780 2939 2850 quid
2969 2778 3093 2833 dico
3126 2777 3450 2832 hominum?
3483 2775 3622 2832 Ecce

2036 2871 2306 2938 volucres,
2340 2880 2394 2926 et
2420 2870 2797 2941 quadrupedia
2835 2871 3021 2927 vident
3050 2871 3218 2926 solem
3248 2878 3303 2924 et
3332 2870 3541 2934 lunam,
3569 2877 3619 2923 et

2039 2964 2356 3018 universum
2390 2963 2557 3017 simul
2588 2962 2785 3018 caelum
2824 2978 2947 3018 cum
2982 2964 3264 3018 stellarum
3298 2961 3487 3026 choro,
3526 2959 3622 3016 sed

2038 3055 2278 3110 rationes
2316 3068 2509 3109 eorum
2546 3068 2655 3107 non
2710 3053 3040 3124 intelligunt,
3087 3051 3189 3108 soli
3241 3066 3370 3106 vero
3405 3050 3540 3121 justi
3568 3058 3625 3105 et

2040 3147 2213 3200 sancti
2243 3160 2342 3215 per
2377 3144 2658 3214 sapientiae
2710 3143 2805 3198 Dei
2863 3143 3128 3198 rationem
3163 3142 3624 3212 comprehenden-

2042 3246 2125 3294 tes
2162 3238 2461 3307 inspiciunt
2521 3251 2608 3291 ea.
2660 3235 2785 3290 Ideo
2824 3234 2878 3289 in
2914 3249 3008 3289 vtn
3054 3234 3192 3305 psal.
3231 3232 3398 3287 David
3436 3232 3568 3288 dicit
3604 3248 3621 3288 :

2045 3331 2310 3399 Quoniam
2335 3328 2517 3384 videbo
2548 3326 2703 3382 ccelos
2731 3336 2870 3392 tuos,
2899 3343 3055 3396 opera
3080 3325 3367 3397 digitorum
3387 3334 3621 3390 tuorunt,

2044 3423 2226 3478 lunam
2255 3431 2304 3477 et
2334 3422 2518 3477 stellas
2546 3436 2663 3491 qua:
2688 3430 2744 3474 tu
2766 3419 3007 3489 fundasti
3032 3419 3097 3472 “.
3129 3416 3268 3485 Quid
3301 3417 3446 3473 enim
3477 3432 3625 3471 nunc

2045 3514 2308 3585 propheta
2341 3528 2450 3567 non
2483 3512 2629 3567 videt
2652 3512 2852 3567 ctelum
2881 3519 2934 3565 et
2961 3510 3187 3569 lunam?
3214 3508 3319 3564 Sed
3345 3509 3450 3562 hoc
3474 3506 3623 3576 quod

2047 3606 2144 3671 ait,
2190 3603 2391 3673 uidebo,
2433 3604 2481 3659 si
2517 3601 3261 3677 consideremus,poterimus
3299 3598 3620 3672 intelligere.

428 3889 479 3925 "
503 3891 677 3950 Exod.
714 3910 788 3964 tv,
814 3896 902 3952 I5.
975 3895 1022 3929 ⁵⁸
1045 3895 1170 3952 lsai.
1206 3913 1273 3951 x1.
1297 3937 1313 3964 ,
1364 3897 1418 3952 6.
1496 3898 1543 3931 ⁸⁸
1567 3897 1757 3957 Matth.
1796 3917 1918 3971 xm,
1946 3902 2003 3959 9.

1957 3902 2003 3959 9.
2076 3902 2124 3936 ⁸⁸
2153 3903 2284 3976 Cap.
2309 3918 2461 3960 xxiv.
2540 3901 2584 3935 “
2611 3899 2757 3957 Psal.
2794 3913 2910 3968 vnt,
2943 3899 2998 3953 4.

363 4114 3587 4140 mm

1651 4287 1960 4405 MON
1976 4290 2116 4404 IT
2132 4288 2334 4405 UM

769 4527 921 4618 AD
992 4527 1573 4620 ORIGENIS
1646 4524 2235 4622 HOMILIAS
2309 4523 2435 4614 IN
2508 4522 3174 4615 JEREMIAM.

424 4898 811 4971 Jerentiaman
837 4897 994 4952 aliter
1019 4896 1597 4971 exposueﬁt‘Origenes
1625 4916 1784 4971 quam
1812 4901 2068 4967 homiliis,
2096 4902 2354 4957 incertum
2385 4909 2486 4956 est.
2522 4897 2896 4971 Cassiodorus,
2931 4895 3022 4952 lib.
3053 4897 3229 4971 Institi
3259 4898 3427 4971 divin.
3447 4938 3463 4963 ,
3482 4914 3612 4971 _cap.

359 4968 410 5033 5,
435 4968 687 5042 homili_as_
714 4966 1093 5042 45_enumerat,
1129 4985 1246 5042 qua:
1270 4966 1977 5042 adhuc'exstabantiliabani
2008 4966 2184 5026 Mauri
2211 4971 2551 5042 temporibus,
2581 4971 2659 5040 uti
2682 4968 2936 5042 discimus
2960 4983 3025 5021 ex
3049 4969 3164 5042 ejus
3190 4966 3356 5037 Prw].
3381 4968 3436 5020 in
3464 4966 3616 5021 lere-

360 5042 539 5092 miam.
595 5037 900 5092 Tricesima:
933 5053 1085 5092 nomn
1115 5036 1470 5107 fragmentum
1512 5040 1717 5094 exhibet
1752 5041 2070 5097 Philocalia.
2115 5036 2526 5107 Quatuordecim
2565 5036 2784 5106 confuso
2821 5037 3006 5091 ordine
3040 5036 3231 5092 Latine
3275 5036 3399 5091 a’se
3438 5053 3613 5107 persas

358 5111 522 5182 [uisse
550 5118 775 5182 testatur
798 5095 1150 5182 Hieronymo}
1181 5095 1344 5182 P'rtef.
1372 5110 1427 5182 in
1458 5107 1804 5182 Ezechielem,
1829 5095 1992 5182 neque
2016 5095 2192 5181 plur'es
2221 5095 2292 5182 ab
2325 5129 2384 5165 eo
2406 5110 2595 5182 Latine
2624 5095 2856 5182 redditas
2880 5108 3082 5182 vidisse
3095 5124 3148 5161 se
3168 5116 3391 5182 testatur
3409 5106 3613 5182 Cassio-

355 5176 516 5235 dorus
556 5177 671 5232 loco
700 5193 861 5247 supra
887 5176 1071 5248 citato.
1102 5176 1469 5232 Novemdecim
1498 5180 1684 5234 deinde
1706 5179 1885 5236 Grtece
1904 5176 1964 5235 in
1995 5176 2169 5235 codice
2204 5181 2529 5237 Scorialensi
2573 5180 2785 5248 reperit,
2819 5194 3015 5248 easque
3040 5176 3219 5248 Crtece
3253 5177 3510 5248 adjuncta
3529 5176 3614 5248 Ain-

356 5250 730 5315 terpretatione
760 5245 858 5302 sua
884 5246 1101 5313 Latina,
1122 5248 1423 5317 Antuerpiaz
1454 5264 1590 5302 anno
1619 5250 1778 5315 1548,
1797 5252 1962 5305 edidit
1984 5252 2266 5306 Corderius
2291 5252 2386 5305 sub
2414 5245 2811 5303 nomine'saneti
2845 5245 3036 5314 Cyrilli
3056 5246 3425 5317 Aleaandrini,
3453 5246 3539 5298 cui
3556 5246 3613 5300 in

353 5321 534 5374 codice
565 5318 941 5388 manuscripto‘
967 5320 1227 5388 ascriptus
1256 5315 1492 5388 viderat;
1528 5319 1617 5373 sed
1661 5321 1857 5374 codicis
1883 5321 1946 5374 de
1974 5323 2204 5374 auctoris
2229 5322 2435 5375 nomine
2459 5335 2687 5374 errorem
2713 5317 2872 5388 facile
2898 5316 3094 5370 detexit
3120 5315 3369 5388 Huetius,
3409 5326 3521 5388 tum
3546 5330 3614 5370 ea:

352 5407 416 5443 eo
449 5388 585 5459 quod
618 5384 893 5460 duodecim
913 5386 1032 5460 jam
1053 5404 1090 5460 Aa
1110 5384 1263 5460 beato
1290 5385 1613 5460 Hieronymo
1633 5388 1822 5444 Latine
1845 5390 2078 5444 redditas
2103 5391 2267 5460 fuisse
2296 5392 2543 5460 advertit,
2572 5399 2683 5460 tum
2713 5384 2856 5460 quod
2885 5387 3009 5460 alia:
3029 5396 3224 5455 septem
3248 5384 3429 5460 lit-tere
3451 5385 3610 5460 etiam

352 5407 416 5443 eo
449 5404 584 5459 quoa
618 5404 893 5441 auoaecim
913 5404 1032 5454 1am
1059 5404 1090 5441 a
1114 5404 1263 5440 oeato
1290 5404 1491 5441 meron
1532 5406 1613 5442 mo
1633 5404 1822 5444 Latine
1845 5404 2078 5444 reaauas
2103 5404 2267 5460 tuisse
2296 5404 2543 5452 advertit.
2572 5404 2683 5442 tum
2754 5404 2855 5441 uoa
2885 5404 3009 5441 ante
3029 5404 3224 5455 septem
3251 5404 3429 5439 ιιι-ωδε
3451 5404 3610 5439 etiam

351 5461 411 5529 in
445 5460 636 5529 codici;
674 5456 933 5529 Vaticano
973 5458 1063 5529 ubi
1096 5456 1311 5529 Origeni
1351 5404 1706 5523 ascriZuntur,
1738 5469 1956 5528 repertae
1989 5461 2198 5529 fuerant
2229 5478 2262 5513 a
2304 5405 2844 5529 Michaele_GhisZ:rio
2873 5459 2964 5526 qui
2990 5472 3079 5509 eas
3104 5470 3214 5529 sine
3242 5455 3298 5506 in
3325 5453 3612 5529 Ieremia-tn

318 5532 325 5537 '
348 5527 573 5600 Cat-enat
596 5526 776 5581 Graece
801 5542 865 5580 ac
893 5523 1081 5579 Latine
1098 5523 1334 5600 inseruit.
1362 5528 1409 5581 E
1425 5523 1848 5600 guatuordecim,
1872 5523 2001 5596 quas
2027 5533 2400 5600 interpretatus
2422 5539 2499 5583 est
2534 5523 3112 5600 Hieronymus',__tex_t_us
3137 5523 3350 5600 Graecus
3372 5525 3616 5581 secunda

350 5608 403 5652 et
442 5598 613 5653 tertiae
635 5614 725 5669 nec
753 5605 992 5669 repertus
1023 5596 1179 5669 estin
1204 5599 1378 5651 codice
1412 5595 1756 5662 Scorialensi,
1815 5616 1906 5654 nec
1933 5600 1988 5653 in
2026 5595 2302 5654 Vaticano.
2342 5597 2628 5669 Utramque
2664 5599 2721 5651 in
2739 5595 2941 5651 'lluetii
2970 5595 3196 5669 editione
3218 5596 3466 5669 omissam
3484 5603 3617 5669 post

352 5685 391 5739 ιι
412 5668 708 5739 υειηάᾳρὶηι
739 5664 953 5739 Grazcas
981 5664 1318 5739 proferimus,
1340 5669 1514 5739 ibique
1539 5670 1790 5723 addimus
1821 5669 2052 5739 homilia:
2090 5670 2369 5725 tricesima:
2407 5664 2557 5723 nona}
2598 5669 2950 5738 fragmentum
2979 5664 3220 5739 (it-tecum
3243 5665 3382 5739 quod
3408 5665 3611 5718 exhibet

356 5736 679 5804 Pnlocalia,
719 5752 834 5805 cap.
878 5733 1277 5789 IOJPrteterea
1315 5733 1854 5811 runi'qnatuordeeim
1889 5738 2134 5797 homilias
2166 5741 2351 5794 ordine
2385 5733 2608 5810 confuso
2640 5733 3012 5812 idterprctatus
3038 5735 3198 5804 fuerit
3234 5733 3609 5800 Hieronymus,
