4296 6288
644 362 756 416 255

2113 359 2439 416 ORIGENIS

3805 363 3906 413 £3536

647 501 737 538 eas
764 483 925 554 aliter
954 486 1008 538 in
1040 501 1136 538 sua
1157 483 1383 537 editione
1405 482 1676 536 collocavit
1708 481 1956 554 ﬂuetius,
1990 499 2147 553 quam
2179 484 2451 538 collocata
2472 485 2780 554 fueranthin
2809 485 3041 538 editione
3063 481 3384 554 (jenebrardi
3417 492 3465 536 et
3491 481 3635 554 aliis,
3667 493 3904 554 secutus-

647 571 746 623 que
776 567 852 609 est
885 553 1125 633 Jeremiw
1159 561 1577 633 contextuirtuiec
1613 569 1719 633 non
1751 553 1908 607 illum
1938 550 2173 633 ordinem
2202 570 2354 633 quem
2386 556 2450 633 in_
2470 550 2624 608 codd.
2682 552 2936 608 Vaticano
2965 563 3016 604 et
3056 551 3384 633 ξιόιζίαίινηεὶΔ
3408 553 3708 632 servabant.
3751 550 3906 633 Hunc

647 619 696 677 et
731 624 1146 703 nor-sequimur.
1187 619 1317 685 Qum
1357 623 1511 703 tertia
1549 633 1625 703 est
1662 624 1717 703 in
1751 634 1932 676 nostra
1971 619 2224 703 editione,
2255 624 2561 703 imperfecta
2608 634 2706 688 est,
2743 633 2792 677 et
2818 639 3024 703 uersum
3056 624 3324 703 duntaxat
3366 622 3688 674 tricesimum
3718 622 3905 703 capitis

647 693 864 765 secundi
888 691 1132 765 Ieremia;
1158 697 1388 760 exponit.
1417 693 1482 744 In
1509 694 1786 746 undecima
1815 694 2010 762 apertis
2047 692 2213 746 verbis
2245 710 2299 747 se
2322 691 2678 765 presbyterum
2705 694 3002 765 proﬁtetur.
3035 694 3110 765 _l__n
3132 703 3332 765 quarta
3352 707 3469 765 eum
3499 707 3599 765 non
3638 707 3758 765 esse
3775 692 3904 744 dicit

647 761 1058 834 in_Christianis
1101 762 1377 828 fervorem,
1409 778 1510 831 quo
1552 761 1970 834 persecutionum
2012 773 2239 834 tempore
2270 761 2526 818 ardebant
2557 781 2576 819 :
2604 761 2742 819 unde
2779 761 2940 834 facile
2963 761 3234 833 colligitur
3260 761 3356 815 has
3380 762 3626 815 homilias
3655 762 3904 816 recitatos

647 832 812 900 fuisse
835 833 983 900 pacis
1023 841 1254 901 tempore
1285 843 1398 901 post
1437 832 1638 886 armum
1664 833 1793 888 245.

1137 1031 1293 1101 125
1342 1031 1628 1087 HOMILIA
1679 1033 1719 1086 ι.

689 1119 909 1176 Verbum
951 1122 1046 1175 Dei
1071 1123 1210 1191 quod
1241 1123 1442 1192 factum
1475 1134 1556 1178 est
1586 1124 1656 1178 ad
1681 1123 1969 1180 Ieremiam
1997 1126 2170 1196 ﬁlium

1237 1214 1461 1271 C/iclcia:
1477 1219 1516 1285 ¹,
1538 1227 1643 1272 etc.

2920 1035 3231 1090 OMIAIA
3258 1037 3336 1088 A'.

2323 1129 2395 1185 Τὸ
2415 1127 2585 1198 ῥῆμα
2607 1127 2711 1181 τοῦ
2737 1127 2884 1182 Θεοῦ
2913 1127 2945 1180 δ
2967 1127 3203 1197 ἐγένετο
3230 1127 3328 1180 ἐπὶ
3368 1127 3642 1197 Ἰερεμίαν
3666 1127 3772 1182 τὸν
3789 1126 3897 1182 τοῦ

2765 1221 3044 1286 Χελκίου,
3077 1219 3174 1273 καὶ
3203 1219 3272 1274 τὰ
3295 1218 3444 1290 ἐξῆς.

1719 1317 2080 1395 Interprete
2147 1322 2211 1382 S.
2259 1319 2686 1400 Hieronymo.

715 1427 925 1484 LDeus
951 1429 1016 1483 ad
1042 1431 1469 1487 beneﬁciendum
1484 1445 1767 1506 promptus
1793 1445 1894 1504 est,
1911 1437 1978 1492 ad
1996 1439 2226 1508 punien-

640 1519 740 1575 dos
783 1530 967 1574 autem
1001 1536 1095 1576 eos
1140 1522 1232 1592 qui
1268 1538 1426 1592 poena
1466 1524 1615 1596 digni
1656 1537 1785 1582 sunt
1821 1527 2220 1586 dissimulator.

642 1609 780 1664 Cum
822 1613 1000 1681 possit
1041 1613 1241 1684 quippe
1274 1622 1460 1670 tacens
1499 1616 1617 1671 sine
1658 1619 2052 1676 contestatione
2097 1638 2225 1676 ven-

645 1704 750 1758 Iuri
791 1709 986 1775 punire
1006 1723 1098 1762 eos
1135 1723 1274 1778 quos
1301 1708 1467 1764 semel
1496 1709 1691 1781 dignos
1715 1714 1984 1784 supplicio
2009 1715 2224 1784 judica-

642 1795 738 1860 vit,
769 1811 1048 1867 nunquam
1095 1802 1201 1854 hoc
1238 1799 1398 1868 facit;
1439 1801 1532 1856 sed
1569 1804 1779 1862 etiamsi
1818 1807 2221 1864 condemnave-

643 1891 740 1954 rit,
781 1891 910 1947 dicit
933 1893 1076 1962 quod
1117 1894 1219 1949 sibi
1255 1910 1470 1965 semper
1506 1897 1686 1953 dicere
1726 1902 2066 1970 propositum
2102 1911 2214 1970 est,

643 1993 702 2036 ut
757 1983 1052 2039 liberentur
1102 2002 1132 2040 a
1169 1987 1622 2044 condcmnationc
1679 2006 1776 2061 per
1823 1993 2216 2064 paenitentiam,

639 2071 732 2140 qui
752 2073 1097 2128 condemnati
1128 2073 1344 2133 fuerant
1373 2093 1470 2148 per
1495 2078 1773 2136 delictum.
1803 2079 2007 2138 Horum
2031 2099 2218 2139 exem-

637 2163 723 2234 pla
759 2179 882 2220 cum
930 2166 997 2222 de
1045 2165 1347 2238 Scripturis
1385 2169 1554 2224 multa
1604 2173 1882 2242 possimus
1932 2175 2216 2246 accipere,

637 2259 907 2316 suiﬁciunt
953 2265 1020 2318 ad
1061 2279 1302 2334 praesens
1352 2266 1676 2335 incidentia,
1725 2279 1786 2324 ut
1834 2271 2118 2328 veniamus
2149 2272 2216 2328 ad

636 2371 825 2410 eorum
870 2372 993 2426 qua:
1036 2357 1172 2412 lecta
1221 2369 1352 2414 sunt
1394 2363 1924 2432 contemplationem.
1965 2363 2221 2423 Ninivitae

639 2459 951 2518 peccatores
994 2453 1340 2509 condemnati
1380 2465 1537 2511 erant
1580 2472 1611 2511 a
1650 2456 1760 2512 Deo
1805 2477 1820 2513 :
1865 2460 2050 2514 Adhuc
2077 2462 2217 2515 enim

636 2551 737 2596 tres
772 2542 904 2610 dies,
937 2553 986 2599 et
1023 2547 1263 2616 futurum
1298 2557 1354 2602 ut
1383 2547 1573 2603 Ninive
1603 2548 1936 2605 subvertatur
1961 2555 2000 2607 ³.
2031 2551 2216 2608 Noluit

535 2661 538 2664 ~
638 2631 776 2688 Deus
814 2650 938 2688 cum
987 2637 1203 2691 silentio
1250 2639 1444 2706 punire
1475 2639 1782 2702 damnatos,
1829 2642 1922 2696 sed
1967 2642 2105 2697 dans
2132 2643 2212 2699 eis

2411 1440 2468 1494 '0
2501 1439 2633 1506 Θεὸς
2665 1441 2746 1504 είς
2774 1438 3130 1510 ἀγαθοποιίαν
3156 1439 3445 1511 πρόχειρός
3469 1439 3636 1505 ἐστιν,
3663 1439 3741 1504 είς
3761 1440 3818 1493 δέ
3838 1439 3896 1493 τὸ

2327 1532 2548 1587 κολάσαι
2578 1533 2703 1596 τοὺς
2727 1531 2911 1597 ἀξίους
2942 1531 3216 1595 κολάσεως
3239 1531 3313 1602 (2)
3341 1529 3629 1602 μελλητὴς.
3657 1531 3896 1602 Δυνάμε-

2325 1639 2413 1684 νος
2443 1620 2572 1690 γοῦν
2605 1621 2830 1691 ἐπάγειν
2863 1622 2963 1692 τὴν
2997 1620 3216 1674 κόλασιν
3245 1624 3357 1684 τοῖς
3390 1620 3482 1674 ὑπ’
3515 1619 3683 1674 αὐτοῦ
3721 1638 3892 1678 κατα-

2322 1711 2696 1783 δικαζομένοις
2729 1713 2870 1785 μετά
2896 1714 3126 1784 σιωπῆς,
3158 1713 3296 1786 μετά
3327 1713 3420 1766 τοῦ
3457 1712 3532 1784 μὴ
3559 1713 3899 1788 προδιαμαρ-

2322 1802 2610 1876 τύρασθαι,
2651 1805 2900 1878 οὐδαμῶς
2942 1805 3103 1860 τοῦτο
3143 1806 3306 1858 ποιεῖ’
3356 1804 3496 1860 ἀλλά
3535 1805 3639 1858 κᾶν
3679 1806 3897 1862 καταδιτ⁸

2322 1896 2464 1970 κάζῃ
2491 1895 2772 1967 ,προλέγει
2788 1894 2936 1966 αὐτῷ
2957 1894 3019 1947 τὸ
3036 1890 3500 1966 προκειμενονβ),
3547 1896 3642 1950 ἐπὶ
3668 1897 3746 1968 τῷ
3777 1900 3896 1951 ἐπι-

2323 1987 2549 2059 στρέψαι
2577 1988 2685 2043 ἀπὸ
2711 1988 2811 2060 τῆς
2835 1987 3134 2059 καταδίκης
3160 1987 3250 2041 τὸν
3271 1987 3887 2060 καταδικασθησόμενον.

2320 2079 2535 2135 Τούτων
2571 2081 2668 2152 μὲν
2717 2081 3133 2152 παραδείγματα
3179 2080 3329 2134 ἐστιν
3371 2079 3480 2133 ἀπὸ
3520 2079 3626 2134 τῶν
3659 2078 3898 2151 Γραφῶν

2318 2170 2503 2225 λαϐεῖν
2530 2172 2733 2226 πολλάο
2780 2172 2934 2241 ὀλίγα
2970 2173 3028 2227 δὲ
3071 2173 3326 2246 προσάξω
3362 2173 3522 2244 μόνον
3567 2172 3635 2226 τὰ
3671 2173 3763 2226 ἐπὶ
3797 2173 3890 2226 τοῦ

2326 2264 2594 2338 παρόντος
2614 2264 3010 2331 ὑποπίπτοντα,
3036 2264 3123 2318 ἵνα
3148 2263 3388 2335 ἔλθωμεν
3417 2264 3511 2318 καὶ
3534 2263 3627 2318 ἐπὶ
3652 2264 3743 2318 τὸν
3768 2282 3890 2318 σκο-

2319 2356 2417 2410 πὸν
2444 2357 2553 2410 τῶν
2587 2357 2961 2430 προκειμένων
3002 2355 3466 2428 ἀναγνωσμάτων.
3516 2356 3579 2410 Οί
3616 2353 3890 2411 Νινευῗται

2317 2445 2427 2518 γὰρ
2484 2447 2798 2520 ἁμαρτωλοὶ
2843 2446 3212 2517 ἐγεγόνεισαν,
3270 2445 3364 2499 καὶ
3424 2445 3891 2510 κατεδικάσθησαν

2318 2537 2424 2591 ὑπὸ
2441 2539 2533 2592 τοῦ
2548 2538 2682 2592 Θεοῦ
2699 2555 2714 2570 ο
2739 2541 2864 2594 Ἔτι
2883 2538 2959 2608 (4)
2978 2537 3133 2606 τρεῖς
3157 2535 3387 2606 ἡμέραι,
3411 2536 3510 2590 καὶ
3541 2536 3760 2606 ἔμελλε
3793 2537 3896 2587 Νι-

2316 2628 2476 2700 νευῆ
2499 2628 3040 2683 κατασκάπτεσθαι.
3077 2630 3192 2682 Οὐκ
3223 2628 3442 2692 ἐθέλων,
3481 2623 3633 2680 εἶπεν
3662 2628 3690 2679 ὁ
3736 2627 3890 2690 Θεὸς,

633 2723 811 2778 locum
845 2726 1178 2796 poenitentia:
1209 2737 1262 2782 et
1300 2719 1703 2796 conversionis,
1734 2733 1877 2787 misit
1922 2733 1987 2787 ad
2026 2743 2211 2805 gentes
2243 2704 2285 2760 Β
2314 2738 2329 2772 ³

2190 2751 2211 2790 5
2243 2704 2285 2760 Β
2314 2719 2668 2773 καταδικάσαι
2696 2720 2864 2790 αὑτήν
2897 2718 3156 2791 (spem
3190 2719 3364 2775 διδοὺς
3395 2718 3576 2780 αὐτοῖς
3603 2715 3764 2769 τόπον
3789 2734 3886 2786 με-

633 2816 984 2872 llehraeorum
1031 2821 1394 2890 prophetam:
1450 2830 1513 2874 ut
1562 2823 1771 2880 dicente
1832 2825 1926 2880 illo
1971 2845 1984 2880 :
2027 2827 2212 2881 Adhuc

635 2917 738 2960 tres
783 2909 934 2974 dies,
980 2920 1029 2963 et
1081 2911 1272 2966 Ninive
1323 2913 1686 2979 subvertetur,
1725 2918 1819 2988 qui
1865 2919 2208 2976 condemnati

636 2996 885 3062 fuerant,
931 3015 1036 3053 non
1091 3001 1367 3070 perirent;
1411 3005 1501 3058 sed
1537 3015 1755 3075 agentes
1801 3008 2208 3077 paenitentiam,

631 3088 989 3159 impetrarent
1040 3091 1480 3150 misericordiam
1525 3096 1642 3153 Dei.
1696 3097 1796 3165 Qui
1854 3098 2107 3155 Sodomis
2156 3108 2211 3156 et

633 3177 950 3238 Gomorrhis
988 3183 1101 3254 jam
1151 3195 1305 3240 erant
1337 3187 1502 3243 exitio
1547 3190 1826 3256 destinati,
1871 3200 1932 3246 ut
1985 3191 2212 3247 manife—

632 3281 776 3326 slum
813 3282 900 3328 est
927 3290 992 3329 ex
1035 3277 1381 3333 sermonibus
1418 3279 1542 3347 Dei,
1584 3297 1721 3351 quos
1771 3283 1987 3338 locutus
2019 3291 2102 3337 est
2141 3284 2209 3338 ad

631 3365 940 3434 Abraham;
984 3376 1222 3424 attamen
1260 3371 1403 3441 quod
1438 3382 1556 3426 erat
1599 3389 1794 3440 suum,
1837 3375 2081 3429 fecerunt
2112 3390 2210 3428 an-

631 3459 755 3527 geli,
790 3461 1031 3516 volentes
1059 3477 1153 3517 eos
1181 3463 1391 3517 salvare
1421 3465 1512 3534 qui
1546 3480 1603 3518 se
1636 3464 1886 3536 indignos
1917 3467 2090 3520 salute
2113 3467 2208 3536 ju-

628 3549 969 3618 dicaverunt,
1002 3553 1117 3608 hzec
1144 3553 1384 3609 dicentes
1425 3555 1491 3608 ad
1529 3553 1629 3609 Lot
1665 3573 1677 3608 :
1713 3555 1810 3608 Est
1855 3556 1950 3609 tibi
1991 3557 2075 3610 hic
2106 3558 2208 3610 ali-

629 3642 744 3709 quis
773 3659 945 3712 gener,
980 3653 1073 3697 aut
1111 3644 1236 3713 filii,
1277 3656 1368 3697 aut
1407 3645 1536 3714 ﬁliae
1562 3645 1621 3699 3?
1661 3643 1845 3716 Neque
1868 3647 2013 3702 enim
2055 3649 2208 3718 igno-

631 3732 824 3788 rabant
856 3750 964 3789 non
997 3750 1116 3790 esse
1138 3751 1230 3791 eos
1267 3745 1551 3791 secuturos
1575 3735 1694 3802 Lot,
1730 3739 1822 3792 sed
1853 3739 2208 3792 ostenderunt

629 3838 784 3878 suam
819 3827 1039 3895 pariter,
1068 3836 1123 3882 et
1152 3827 1270 3897 ejus
1298 3829 1390 3898 qui
1421 3843 1516 3884 eos
1544 3830 1787 3894 miserat,
1820 3829 2206 3900 benignitatem

629 3930 681 3967 In
714 3915 964 3972 homines
990 3928 1044 3972 et
1077 3935 1343 3976 amorem.

698 4005 752 4057 2.
797 4004 999 4061 Horum
1033 4010 1290 4078 quiddam
1326 4011 1504 4066 simile
1541 4009 1851 4066 invenimus
1881 4021 1934 4064 et
1967 4011 2022 4064 in
2055 4008 2206 4066 Jere-

628 4093 736 4148 mia
771 4096 1030 4166 scriptum
1069 4114 1193 4154 esse
1235 4119 1250 4156 :
1294 4111 1378 4156 est
1427 4102 1572 4156 enim
1628 4101 1947 4156 adnotatum
1989 4109 2202 4172 tempus

625 4186 924 4256 prophetia:
950 4189 1089 4259 ejus,
1115 4193 1334 4262 quando
1374 4194 1535 4264 cmpit
1558 4195 1899 4264 prophetare,
1925 4202 1978 4249 et
1997 4210 2202 4265 quous-

625 4293 751 4347 que.
780 4277 923 4350 Ergo
955 4281 1048 4350 qui
1075 4280 1384 4353 Scripturas
1413 4286 1563 4352 legit,
1595 4285 1641 4342 si
1666 4286 1885 4341 lectioni
1915 4285 2202 4356 diligenter

626 4366 889 4432 intendat,
926 4379 980 4422 et
1023 4373 1265 4439 requirat
1307 4389 1493 4428 eorum
1526 4390 1648 4443 quae
1694 4376 1894 4444 scripta
1941 4384 2069 4429 sunt
2103 4387 2202 4429 vo-

626 4458 910 4522 luntatem,
940 4459 1122 4513 dicere
1171 4471 1346 4529 potest
1379 4464 1456 4533 (l)
1499 4479 1562 4518 ex
1610 4465 1854 4520 historiae.
1896 4466 2201 4536 superscri-

625 4548 829 4617 ptione,
860 4565 970 4620 quo
987 4559 1230 4621 tempore
1248 4550 1511 4608 Jeremias
1528 4543 1755 4611 exorsus
1767 4557 1859 4622 sil,
1878 4565 1932 4610 et
1947 4571 2056 4626 quo
2074 4572 2205 4612 con-

625 4643 979 4698 summaverit
1002 4643 1362 4714 prophetiam.
1394 4641 1533 4709 Quid
1582 4645 1747 4714 igitur
1776 4647 1842 4702 ad
1871 4664 1956 4703 me
1991 4657 2210 4719 tempus

627 4729 898 4788 historiae?
926 4734 1134 4805 Lageus
1159 4737 1318 4808 126
1345 4737 1530 4803 didici,
1555 4737 1682 4801 quia
1714 4739 1940 4809 coeperit
1976 4740 2208 4810 prophe-

697 4840 714 4872 ⁸
751 4839 954 4900 Jerem.
990 4861 1032 4914 ι,
1066 4847 1119 4900 1.
1194 4847 1357 4904 'Jon.
1389 4865 1472 4915 ιιι,
1503 4849 1555 4902 4.
1632 4849 1652 4880 ³
1687 4849 1824 4907 Gen.
1857 4867 1970 4914 XIX,
2005 4852 2088 4906 12.

693 4956 772 5028 (1)
814 4955 1002 5034 Dicere
1038 4969 1205 5031 potest
1231 4978 1296 5034 ea:
1327 4962 1566 5018 historice
1599 4964 2055 5034 superscriptione,
2087 4974 2190 5020 etc.

623 5025 910 5104 lta'nostri
947 5025 1079 5086 mss.
1100 5073 1116 5098 ,
1161 5043 1220 5104 at
1249 5031 1400 5104 Regii
1427 5049 1558 5104 mss.
1593 5025 1970 5104 codiccsq'uos
1996 5025 2196 5091 consu-

620 5098 723 5176 l_ui_t
759 5098 1008 5176 ﬂuetius,
1042 5109 1097 5156 et
1125 5103 1293 5176 codex
1333 5098 1391 5157 Β.
1418 5103 1694 5158 Geremari
1732 5121 1745 5158 :
1785 5098 1955 5159 dicere
1984 5115 2194 5176 potest:

628 5168 870 5244 Historia
895 5175 1250 5244 superscripta
1283 5183 1359 5226 est
1388 5190 1489 5244 quo
1515 5183 1762 5242 tempore.

692 5241 776 5314 (2)
807 5241 1165 5310 Msuntrjc.
1193 5241 1550 5314 Hieronymus
1590 5241 1644 5297 in
1694 5253 1851 5298 antea
1882 5244 2044 5301 editis
2083 5245 2200 5300 dis-

619 5312 859 5374 simulat,
901 5318 992 5366 sed
1021 5313 1074 5366 in
1114 5329 1246 5368 mss.
1289 5312 1449 5368 habet
1471 5314 1860 5368 dissimulator.

691 5383 770 5452 (5)
809 5381 1098 5453 Προλέγει
1151 5382 1311 5448 αὑτῷ
1353 5383 1420 5453 τὸ
1495 5384 1906 5452 προκείμενον.
1978 5382 2201 5452 Legisse

617 5451 832 5526 videtur
873 5451 1236 5526 Hieronymus
1278 5454 1329 5506 in
1357 5451 1547 5526 Gr_:eco
1573 5451 1826 5526 προλέγει
1855 5453 1944 5506 ἀεὶ
1976 5453 2036 5506 τὸ
2069 5451 2200 5525 προ-

619 5523 890 5594 κείμενον,
937 5534 993 5578 et
1019 5522 1159 5594 forte
1183 5533 1367 5591 postea
1404 5522 1471 5577 de
1496 5539 1596 5578 suo
1618 5522 1833 5578 addidit
1865 5541 1877 5577 :
1904 5539 1997 5594 per
2040 5522 2199 5593 paeni-

620 5593 858 5663 tentiam,
882 5603 936 5648 et
958 5611 1048 5663 per
1077 5593 1346 5663 delictum.

689 5661 766 5728 (4)
799 5661 1222 5733 Τρεῖρᾐμέραι.
1280 5661 1456 5716 Editio
1493 5661 1698 5733 Merlini
1741 5663 1898 5719 habet
1932 5664 1983 5718 in
2025 5665 2184 5718 inter-

2314 2808 2530 2873 τανοίας
2558 2808 2652 2862 καὶ
2704 2808 3059 2882 ἐπιστροφῆς,
3101 2807 3344 2878 ἐπεμψεν
3395 2805 3641 2878 Ἑϐραῑον
3676 2805 3892 2877 προφή-

2312 2920 2433 2974 την,
2473 2904 2582 2967 ἵνα,
2631 2902 2874 2965 εἰπόντος
2912 2900 3100 2966 αὐτοῦ,
3145 2903 3267 2954 Ἔτι
3303 2898 3460 2969 τρεῖς
3514 2897 3753 2968 ἡμέραι,
3788 2896 3886 2950 καί

2311 2992 2537 3062 Νινευῆ
2562 2994 3140 3062 καταστραφήσεται,
3181 2994 3231 3046 οἱ
3264 2990 3777 3061 καταδεδικασμένοι
3813 2988 3904 3060 μὴ.

2312 3086 2800 3152 καταδικασθῶσιν,
2855 3085 2990 3140 ἀλλὰ
3042 3085 3473 3156 μετανοήσαντες
3526 3082 3729 3154 τύχωσι
3791 3080 3885 3135 τοῦ

2312 3179 2605 3239 ἐλέουςτοῦ
2638 3177 2796 3234 Θεοῦ.
2831 3179 2891 3232 Οἱ
2925 3177 2984 3231 ἐν
3018 3176 3270 3248 Σοδόμοις
3296 3175 3392 3229 καὶ
3423 3174 3722 3247 Γομόρῤοις
3747 3169 3886 3245 ἦσαν

2312 3270 2846 3341 καταδεδικασμένοι,
2886 3270 2962 3334 ὡς
3007 3268 3164 3340 δῆλον
3191 3269 3255 3322 ἐκ
3285 3268 3392 3321 τῶν
3425 3266 3598 3336 λόγων
3626 3264 3718 3320 τοῦ
3751 3265 3888 3320 Θεοῦ

2309 3360 2418 3414 τῶν
2446 3361 2581 3432 πρὸς
2601 3358 2690 3413 τὸν
2727 3359 2976 3429 Ἀϐραάμ
2993 3375 3007 3389 ο
3041 3357 3155 3411 ἀλλ’
3184 3358 3333 3428 ὅμως
3356 3358 3424 3410 τὰ
3444 3355 3624 3410 αὐτῶν
3654 3358 3887 3429 πεποιή-

2309 3471 2465 3508 κασιν
2493 3453 2542 3505 οἱ
2565 3450 2804 3521 ἄγγελοι,
2829 3449 3073 3514 θέλοντες
3105 3447 3369 3512 σώζεσθαι
3389 3449 3513 3512 τοὺς
3536 3447 3610 3520 μὴ
3638 3448 3887 3512 θέλοντας

2311 3543 2598 3609 σώζεσθαι,
2625 3543 2870 3611 λέγοντες
2886 3541 2962 3613 τῷ
2987 3542 3130 3596 Δώτο
3157 3541 3296 3595 Εἰσί
3316 3540 3473 3606 τινές
3489 3556 3585 3594 σοι
3612 3535 3728 3596 ὦδε
3745 3559 3888 3612 γαμ-

2309 3637 2456 3706 ϐροὶ,
2487 3635 2525 3704 ἢ
2561 3635 2699 3699 υιοὶ,
2734 3634 2771 3703 ἢ
2803 3633 3141 3704 θυγατέρες
3163 3635 3263 3686 οὐκ
3293 3633 3634 3702 ἀγνοοῦντες,
3685 3634 3766 3687 ὅτι
3788 3635 3885 3705 οὐχ

2309 3729 2530 3782 ἕπονται
2557 3729 2751 3780 ἐκεῖνοι
2777 3727 2855 3798 τῷ
2883 3727 3026 3791 Λὼτ,
3056 3725 3192 3781 ἀλλὰ
3223 3726 3501 3790 ποιοῦντες
3550 3727 3619 3780 τά
3653 3727 3750 3798 τῆς
3791 3725 3884 3780 τοῦ

2308 3821 2619 3892 πέμψαντος
2648 3821 2844 3883 αὐτοὺς
2868 3820 3233 3891 χρηστότητος
3259 3820 3351 3873 καὶ
3385 3819 3813 3890 φιλανθρωπίας.

2379 4004 2452 4059 Τδ
2485 4008 2669 4076 ὅμοιον
2701 4005 2962 4076 εὑρήσετε
2996 4004 3090 4057 καὶ
3120 4003 3214 4057 ἐπὶ
3252 4003 3363 4057 τῶν
3405 4004 3545 4058 κατά
3584 4003 3674 4056 τὸν
3707 3998 3881 4074 ’Ἰερε-

2311 4098 2457 4170 μίανο
2495 4096 2903 4168 ἀναγέγραπται
2933 4098 2961 4149 ὁ
2987 4095 3176 4168 χρόνος
3201 4095 3302 4166 τῆς
3328 4094 3666 4166 προφητείας
3695 4092 3889 4159 αὐτοῦ,

2308 4190 2439 4244 πότε
2473 4186 2697 4261 ἡρξατο,
2746 4187 2841 4242 καὶ
2888 4187 3048 4260 μέχρι
3100 4187 3229 4240 πότε
3275 4187 3699 4257 προεφήτευσεν.
3749 4182 3882 4240 Εἶτα

2306 4285 2334 4336 ὁ
2363 4282 2721 4352 ἐντυγχάνων,
2747 4280 2841 4333 ἐὰν
2867 4279 2941 4351 μὴ
2964 4279 3206 4352 προσέχῃ
3223 4277 3296 4348 (6)
3319 4281 3382 4348 τῇ
3402 4277 3724 4346 ἀναγνώσει,
3751 4280 3882 4350 μηδὲ

2307 4369 2534 4442 ἐξετάζῃ
2567 4371 2626 4422 τὸ
2665 4369 2911 4440 βούλημα
2943 4367 3052 4422 τῶν
3093 4368 3492 4438 γεγραμμένων
3529 4369 3882 4440 ἀναγνωσμά-

2305 4478 2434 4524 των,
2487 4463 2623 4532 ἐρεῖ,
2680 4461 2761 4514 ὃτι
2805 4459 3014 4531 ἱστορία
3058 4459 3194 4522 ἐστὶ,
3248 4458 3343 4510 καὶ
3388 4458 3699 4531 γέγραπται
3748 4461 3879 4513 πότε

2306 4551 2510 4623 ἧρξατο
2563 4549 2924 4622 προφητεύειν
2995 4549 3284 4620 Ἱερεμίας,
3332 4551 3428 4603 καὶ
3483 4551 3642 4624 μέχρι
3713 4551 3878 4605 πόσου

2307 4631 2690 4716 προφητεύσας
2727 4641 2918 4716 χρόνου
2959 4641 3223 4714 κατέληξε
3265 4643 3640 4714 προφητεύων.
3679 4645 3743 4698 Τί
3785 4640 3880 4698 οὖν

2307 4735 2446 4809 πρὸς
2480 4735 2584 4807 ἐμὲ
2625 4734 2765 4806 αὕτη
2810 4737 2844 4807 ὴ
2895 4733 3138 4806 ἱστορία;
3198 4735 3482 4804 Ἀνέγνων,
3547 4735 3769 4808 ἔμαθον,
3798 4737 3879 4790 ὅτι

2300 4965 2435 5032 dies,
2467 4972 2527 5018 ut
2565 4964 2619 5018 in
2647 4962 2835 5034 ρεπιιοο
2865 4963 3141 5034 textu._lta
3175 4978 3394 5034 quoque
3426 4963 3624 5034 halrent
3653 4961 3792 5018 LXX
3825 4975 3879 5019 es

2300 5031 2490 5089 Arabs.
2536 5034 2606 5088 At
2646 5032 2893 5099 Hebraea,
2936 5043 2990 5087 et
3019 5031 3322 5097 Jonathan,
3360 5041 3415 5086 et
3444 5032 3631 5094 Syrus.
3660 5043 3714 5086 et
3745 5035 3877 5088 Vul-

2305 5115 2425 5176 gata
2455 5122 2478 5176 τί
2501 5105 2856 5176 quadraginta
2887 5103 2997 5157 dies
3028 5117 3046 5155 :
3076 5120 3198 5173 qua:
3245 5111 3465 5176 secutus
3495 5108 3578 5157 est
3614 5101 3876 5176 Hierony-

2307 5172 2430 5230 inus
2467 5172 2522 5228 in
2561 5175 2677 5230 suis
2705 5172 2770 5227 ad
2798 5172 2992 5228 Jonam
3021 5172 3447 5227 commentariis.

2379 5245 2456 5315 (5)
2507 5247 2630 5315 Ορρι
2682 5242 2906 5315 ἐθέλων
2925 5239 3132 5315 ,εἵπετ’
3189 5245 3222 5295 ὀ
3282 5240 3448 5306 Θεὸς,
3483 5242 3872 5315 κατᾳδικᾴσαι

2304 5311 2516 5381 αὑτήν.
2560 5313 2785 5368 Videtur
2835 5313 3029 5383 legisse
3078 5311 3440 5383 Hieronymus
3491 5331 3504 5367 :
3563 5313 3678 5367 Οὐκ
3725 5313 3876 5368 ἔθελε

2307 5383 2528 5439 σιωπῶν
2554 5384 2914 5438 καταδικάσαι
2939 5383 3128 5452 αὐτήν.

2375 5456 2451 5520 (6)
2505 5455 2638 5507 Ἐὰν
2688 5454 2774 5524 μὴ
2815 5450 3122 5524 προσέχῃ.
3190 5450 3501 5524 Negativam
3552 5454 3873 5523 particulam

2306 5527 2379 5598 μή
2402 5540 2508 5598 non
2539 5521 2784 5598 agnoscit
2810 5521 3171 5598 Hieronymus
3189 5531 3251 5598 et
3273 5521 3351 5598 sic
3378 5523 3506 5598 legit
3541 5521 3568 5579 ἐ
3587 5524 3683 5598 say
3709 5540 3876 5598 προσ-

2304 5591 2493 5668 τῇ
2536 5591 2835 5668 ἀναγνῴσει
2863 5592 2972 5668 ’καὶ
3016 5591 3271 5668 ἐξε-τᾲζῃ.
3305 5591 3518 5668 Optime
3548 5613 3562 5650 :
3605 5594 3703 5668 Sic,
3725 5591 3870 5668 enim

2305 5662 2505 5736 iiij‘lin'e
2542 5664 2810 5734 periocha:
2861 5662 3024 5732 hujus
3057 5682 3069 5717 :
3102 5662 3194 5716 ἐὰν
3226 5662 3603 5735 προσέχωμεν
3645 5667 3710 5736 τῇ
3743 5665 3866 5718 uva.-

618 5731 917 5805 prctatione
969 5731 1278 5805 Hieranymi
1323 5751 1341 5805 _:
1378 5732 1731 5805 quadraginta
1775 5735 1921 5799 dies,
1984 5738 2076 5788 sed
2127 5735 2178 5787 in
2288 5733 2500 5802 γνώσει.

616 5801 872 5858 cautibus
916 5818 1048 5856 mss.
1102 5801 1336 5873 ct'apud
1379 5802 1782 5858 Gcncbrardum
1837 5806 2029 5876 legitur
2079 5816 2179 5858 tres
