4296 6288
328 394 441 451 957
1579 383 1649 437 lN
1685 381 2034 439 JEREMIAH
2076 381 2360 436 HOMILIA
2403 383 2442 436 l.
3505 382 3610 441 258

336 513 550 586 ἡρξατο
572 505 927 584 προφητεύειν
946 507 1007 561 ὲν
1028 505 1265 578 ἡμέραις
1297 505 1523 571 Ἰωσίου,
1548 505 1668 558 υίοῦ
1714 504 1918 578 Ἀμὼς,
1948 509 1994 565 Α
2025 512 2032 557 1

1915 548 1918 562 ,
1948 509 1994 565 Α
2025 511 2140 558 lare
2168 503 2221 558 in
2259 503 2452 558 diebus
2479 502 2663 569 Josiaz,
2708 502 2804 556 [lii
2829 503 3019 568 Amos,
3062 504 3206 574 regis
3235 502 3394 569 Juda,
3434 519 3611 575 usque

347 603 607 675 βασιλέως
667 599 856 664 Ἰούδα,
905 597 1014 663 ἕως
1054 597 1208 663 ἔτους
1255 597 1704 671 τρισκαιδεκάτου
1750 599 1808 652 έν
1849 599 1916 669 τῇ
2022 610 2043 648 a

1915 648 1916 665 η
2022 595 2090 650 ad
2133 611 2337 651 annum
2389 595 2610 651 tertium
2659 595 2932 650 decimum
2984 596 3135 666 regni
3201 596 3358 666 ejus;
3413 596 3611 654 deinde

348 694 582 767 βασιλείᾳ
621 692 813 748 αὐτοῦ·
851 685 969 746 εἶτα
1000 691 1220 762 ἐγένετο
1251 693 1310 746 ὲν
1344 694 1466 755 ταῖς
1494 691 1726 765 ἡμέραις
1769 691 1922 745 ἰωα-
2023 700 2044 756 ς

1916 718 1922 731 ›
2023 686 2425 757 prophetaverit
2469 686 2524 741 in
2577 686 2771 742 diebus
2799 684 3073 752 Joachim,
3109 686 3204 740 lilii
3239 685 3422 754 Josite,
3466 689 3612 760 regis

343 787 488 858 κείμ,
536 783 654 838 υίοῦ
702 784 932 850 Ἰωσίου,
986 782 1251 855 βασιλέως
1319 782 1508 849 Ἰούδα,
1559 781 1918 856 προφητεύων
2020 777 2039 831 1

2020 777 2195 845 Juda,
2231 794 2405 849 usque
2454 779 2519 834 ad
2570 777 3102 834 consummationem
3153 777 3428 832 undecimi
3480 781 3615 834 anni

340 876 440 940 ἕως
484 879 585 947 τῆς
632 875 948 940 συντελείας
989 875 1085 930 τοῦ
1135 875 1420 931 ἑνδεκάτου
1460 875 1613 940 ἔτους
1648 876 1918 937 Σεδεκίου,

339 969 448 1023 υἰοῦ
486 969 718 1034 Ἰωσίου,
752 970 1017 1041 βασιλέως
1060 969 1247 1024 Ἰούδα.
1279 970 1391 1022 Καὶ
1419 969 1640 1040 ἔμαθον,
1667 970 1748 1022 ὅτι
1781 967 1922 1021 κατὰ

335 1064 482 1134 τρεῖς
512 1061 756 1134 βασιλεῖς
781 1064 815 1135 ἠ
849 1061 1155 1136 προφητεία
1185 1061 1348 1116 αὐτοῦ
1384 1061 1771 1128 συνεξέτεινεν,
1817 1060 1922 1124 ἓως

334 1157 432 1226 τῆς
471 1155 850 1227 αἰχμαλωσίας
899 1155 1257 1226 Ἰερουσαλὴμ
1290 1156 1347 1207 έν
1379 1152 1458 1224 τῷ
1497 1153 1735 1224 πέμπτῳ
1770 1153 1918 1224 μηνί.

335 1247 402 1300 Τί
427 1242 523 1302 οὖν
555 1248 644 1302 διὰ
677 1247 880 1302 τούτων
907 1245 1295 1318 διδασκόμεθα,
1327 1246 1423 1300 ἐὰν
1464 1244 1825 1316 προσέχωμεν
1853 1247 1920 1317 τῇ

337 1340 646 1411 ἀναγνώσει
671 1359 685 1407 ;

407 1432 778 1487 Κατεδίκασεν
805 1434 834 1486 6
855 1430 988 1495 Θεὸς
1009 1431 1107 1504 τὴν
1152 1429 1510 1503 Ἰερουσαλὴμ
1537 1429 1627 1484 διὰ
1656 1429 1725 1484 τὰ
1745 1430 1924 1503 ἀμαρ-

337 1524 556 1597 τήματα
593 1523 787 1594 αὐτῆς,
827 1524 924 1578 καὶ
947 1519 1087 1594 ἦσαν
1123 1521 1404 1594 κριθέντες
1433 1523 1514 1586 εἰς
1543 1521 1922 1593 αἰχμαλωσίαν

341 1612 853 1684 ἐγκαταλειφθῆναι.
875 1613 1064 1684 Ὅμως
1082 1612 1112 1664 6
1137 1611 1518 1684 φιλάνθρωπος
1538 1611 1690 1676 Θεὸς,
1709 1613 1926 1682 ἐνεστη-

340 1704 492 1769 κότος
529 1704 626 1759 τοῦ
665 1703 880 1778 καιροῦ,
917 1705 1127 1776 πέμπει
1159 1705 1255 1758 καὶ
1283 1702 1472 1757 τοῦτον
1506 1704 1598 1758 τὸν
1638 1705 1922 1776 προφήτην

339 1793 594 1866 ἀνωτέρω
614 1796 806 1865 τρίτης
837 1793 1112 1864 βασιλείας
1141 1794 1240 1865 τῆς
1271 1794 1365 1846 ἐπὶ
1391 1794 1492 1865 τῆς
1519 1793 1916 1864 αἰχμαλωσίας.

2026 869 2265 925 Sedeciae
2304 870 2400 924 lilii
2442 869 2635 937 Josiae,
2692 870 2836 941 regis
2880 867 3042 924 Juda.
3101 867 3168 923 Et
3215 868 3402 940 legens
3446 869 3613 926 didici

2023 961 2152 1031 quia
2199 977 2296 1032 per
2338 970 2450 1017 tres
2502 976 2657 1033 reges
2709 961 2994 1031 prophetia
3035 961 3154 1031 ejus
3199 970 3454 1016 contexta
3498 962 3610 1027 sit,

2028 1067 2203 1122 usque
2229 1053 2299 1107 ad
2328 1051 2694 1123 captivitatem
2730 1050 3070 1106 Hierusalem
3100 1052 3154 1106 in
3180 1052 3374 1122 quinto
3403 1068 3610 1110 mense.

2025 1140 2166 1208 Quid
2199 1159 2329 1214 ergo
2362 1145 2625 1199 docemur
2663 1159 2761 1214 per
2792 1145 2928 1212 haec,
2975 1145 3018 1200 si
3060 1144 3278 1200 lectioni
3316 1144 3490 1201 simus
3531 1145 3616 1200 in-

2028 1237 2157 1289 tenti
2176 1235 2198 1288 ?

2095 1414 2150 1469 3.
2190 1413 2661 1471 Condemnaverat
2694 1416 2838 1474 Deus
2867 1417 3204 1473 Hierusalem
3233 1429 3455 1490 propter
3489 1435 3615 1490 pec-

2025 1515 2145 1562 cata
2171 1523 2293 1578 quae
2325 1508 2546 1573 fecerat,
2583 1521 2636 1564 et
2663 1511 2776 1564 haec
2803 1520 2923 1565 erat
2951 1520 3194 1565 extrema
3224 1514 3516 1580 sententia,
3553 1521 3616 1568 ut

2025 1599 2323 1669 captivitati
2381 1600 2817 1670 relinquerentur
2876 1602 2975 1672 (7).
3052 1599 3438 1658 Verumtamen
3487 1617 3612 1658 cum

2026 1691 2312 1746 hominum
2358 1692 2428 1746 sit
2473 1703 2704 1758 amator,
2745 1709 2846 1749 nec
2874 1709 3205 1764 quemquam
3239 1695 3370 1750 velit
3411 1695 3610 1765 perire,

2028 1793 2320 1854 antequam
2353 1784 2793 1854 depopulationis
2830 1795 3044 1855 tempus
3089 1787 3345 1853 instaret,
3377 1787 3529 1841 misit
3558 1793 3614 1843 et

352 1883 548 1937 Ἐδίδου
571 1883 680 1956 γὰρ
707 1885 904 1955 ἀνοχὴν
925 1884 952 1936 6
979 1882 1328 1955 μακρόθυμος
1353 1883 1508 1948 Θεὸς,
1539 1885 1632 1937 καὶ
1653 1883 1760 1956 πρὸ
1793 1884 1924 1954 μιᾶς
1953 1875 1996 1929 Β
2025 1876 2048 1930 ι

1918 1875 1996 1942 ;B
2025 1876 2175 1931 hunc
2222 1877 2566 1946 prephetam,
2604 1885 2666 1930 ut
2709 1891 2806 1946 per
2846 1893 3127 1932 sermones
3169 1878 3288 1948 ejus
3329 1879 3394 1932 ad
3438 1878 3614 1948 pumi-

340 1973 572 2046 ήμέρας,
605 1974 681 2038 ὼς
708 1974 853 2027 ἔστιν
895 1976 1090 2038 εἰπεῖν,
1126 1976 1225 2044 τῆς
1255 1972 1654 2042 αἰχμαλωσίας,
1684 1973 1920 2043 προτρέ-

338 2082 454 2118 πων
485 2067 766 2137 μετανοεῖν
790 2065 916 2126 τοὺς
949 2063 1266 2126 ἀκούοντας,
1303 2064 1389 2115 ἵνα
1428 2061 1706 2132 παύσηται
1728 2062 1798 2115 τὰ
1823 2062 1922 2132 τῆς

336 2155 715 2228 αἰχμαλωσίας
775 2154 1150 2226 Ἰερουσαλὴμ,
1195 2155 1602 2226 προεφήτευσεν
1659 2152 1925 2224 Ἱερεμίας

334 2248 446 2312 ἕως
473 2246 570 2300 τοῦ
595 2246 845 2317 πέμπτου
874 2245 1058 2316 μηνός.
1096 2240 1336 2313 Ἤρξατο
1361 2244 1394 2313 ή
1429 2241 1796 2313 αἰχμαλωσία,
1831 2241 1926 2294 καὶ

337 2339 416 2392 ἑτι
467 2331 982 2408 προεφήτευενηοίον
1009 2335 1203 2403 λέγων⁸
1247 2332 1592 2404 Αἰχμάλωτοι
1643 2333 1922 2402 γεγόνατεο

337 2433 441 2486 κᾶν
468 2430 613 2485 οῦτω
659 2429 1027 2501 μετανοήσατε
1050 2445 1064 2458 θ
1114 2426 1566 2497 μετανοησάντων
1610 2425 1720 2497 γὰρ
1769 2425 1798 2479 ὐ
1808 2425 1924 2496 μῶν

337 2524 397 2578 οὑ
424 2521 686 2592 προκόψει
715 2519 782 2574 τὰ
811 2521 908 2590 τῆς
954 2516 1354 2589 αίχμαλωσίας,
1388 2515 1526 2571 ἀλλὰ
1552 2515 1612 2568 τὸ
1646 2515 1796 2578 ἕλεος
1828 2514 1922 2568 τοῦ

338 2613 472 2669 Θεοῦ
505 2612 930 2683 ὲπισταθὴσεται
950 2609 1096 2681 ὑμῖν.
1133 2609 1368 2679 Ἔχομεν
1394 2601 1487 2660 οῦν
1519 2607 1787 2677 χρήσιμον
1812 2605 1922 2658 ἀπὸ

337 2707 438 2778 τῆς
459 2704 780 2778 ἀναγραφῆς
804 2701 1033 2774 ἐχούσης
1048 2700 1175 2763 τοὺς
1195 2700 1418 2772 χρόνους
1436 2698 1538 2769 τῆς
1559 2698 1918 2770 προφητείας,

338 2800 422 2854 ὅτι
445 2797 743 2870 προτρέπει
774 2793 916 2848 κατὰ
943 2790 1350 2864 φιλανθρωπίαν
1367 2789 1562 2844 ἑαυτοῦ
1584 2793 1614 2844 6
1639 2789 1772 2853 Θεὸς
1791 2790 1919 2853 τοὺς

339 2891 633 2953 ἀκούοντας
667 2888 742 2960 μὴ
784 2887 978 2941 παθεῖν
1020 2885 1090 2938 τὰ
1126 2883 1225 2955 τῆς
1255 2881 1652 2955 αἰχμαλωσίας.
1685 2879 1920 2934 Τοιαῦτα

335 2981 432 3034 καὶ
459 2977 588 3051 περὶ
613 2978 761 3049 ἡμᾶς
792 2977 959 3030 ἐστιν’
991 2975 1086 3029 ὲάν
1113 2973 1541 3046 ἀμαρτάνωμεν,
1580 2971 1918 3043 αἰχμάλωτοι

2026 1969 2253 2023 tentiam
2287 1979 2772 2034 converterentur;
2818 1969 2969 2022 misit
3007 1971 3257 2023 eumdem
3301 1979 3356 2024 et
3395 1971 3498 2023 sub
3524 1984 3612 2025 se-

2026 2059 2208 2113 cundo
2239 2075 2363 2128 rege
2394 2070 2516 2128 post
2556 2061 2825 2128 primum,
2859 2059 3009 2114 misit
3039 2076 3257 2130 quoque
3297 2064 3399 2116 sub
3429 2063 3612 2117 tertio.

2027 2149 2170 2215 Quid
2225 2150 2418 2219 plura?
2455 2149 2576 2204 Jam
2609 2152 2898 2220 captivitas
2939 2152 3302 2219 imminebat,
3342 2163 3396 2209 et
3434 2156 3616 2210 adhuc

2027 2241 2422 2294 adhortabatur
2448 2241 2592 2297 Deus
2619 2242 2886 2309 tribuens,
2935 2253 2995 2298 ut
3039 2244 3117 2298 ita
3149 2245 3362 2312 dicam,
3403 2255 3459 2301 et
3489 2255 3616 2303 ante
3722 2304 3728 2308 _

2028 2348 2195 2387 unam
2224 2333 2368 2386 diem
2403 2333 2582 2387 locum
2613 2335 2946 2404 paenitentia:
2987 2355 3000 2389 :
3041 2337 3184 2392 unde
3212 2339 3472 2408 scriptum
3504 2347 3613 2404 est,

2027 2439 2203 2494 usque
2246 2425 2312 2478 ad
2361 2425 2735 2496 captivitatem
2791 2426 3170 2496 Hierusalem,
3219 2438 3273 2485 et
3326 2446 3500 2501 usque
3546 2433 3616 2487 ad

2024 2515 2274 2585 quintum
2309 2531 2552 2572 mensem
2592 2519 2944 2589 prophetasse
2984 2519 3297 2576 Jeremiam.
3340 2521 3460 2576 Jam
3512 2524 3616 2579 ho-

2022 2607 2189 2660 stium
2219 2607 2434 2666 vincula
2476 2610 2873 2666 restrinxerant
2909 2629 3126 2678 manus,
3167 2625 3221 2668 et
3253 2614 3614 2671 nihilominus

2025 2696 2144 2753 haec
2175 2699 2577 2767 quodammodo
2601 2700 2818 2756 dicebat
2849 2701 2992 2758 Deus
3026 2723 3037 2758 :
3075 2703 3214 2760 Ecce
3252 2707 3449 2775 captivi
3481 2707 3612 2764 laeti

2020 2788 2185 2856 estis;
2222 2789 2363 2860 agite
2389 2831 2405 2858 ,
2461 2791 2589 2846 licet
2617 2807 2773 2860 sero,
2819 2795 3230 2865 pmnitentiam;
3267 2807 3456 2868 rogate
3487 2815 3610 2866 me,

2028 2887 2084 2933 et
2127 2893 2348 2949 parcam
2391 2881 2583 2948 vobis;
2625 2899 2850 2953 possum
2911 2901 3102 2942 eruere
3141 2889 3208 2943 de
3260 2890 3608 2959 captivitate,

2020 2970 2111 3042 qui
2170 2971 2388 3027 tradidi.
2448 2971 2726 3032 Habemus
2797 2977 2982 3047 itaque
3042 2978 3301 3048 quiddam
3356 2995 3613 3036 necessa-

336 3069 433 3124 καὶ
459 3070 619 3141 ἡμεῖς
660 3066 924 3140 μέλλομεν
952 3064 1227 3134 γίνεσθαιο
1251 3063 1313 3117 τὸ
1336 3063 1445 3135 γὰρ
1467 3062 1801 3136 παραδοῦναι
1825 3061 1916 3117 τὸν
2019 3078 2032 3118 ι

1915 3081 1916 3099 ι
2019 3062 2162 3118 rium
2189 3063 2268 3134 (8)
2294 3081 2362 3120 ex
2395 3067 2857 3137 superscriptione
2893 3069 3018 3133 ista,
3051 3087 3172 3140 quae
3207 3072 3447 3127 continet
3473 3082 3611 3128 tem-

339 3159 578 3217 τοιοῦτον
608 3159 688 3232 τῷ
721 3159 947 3230 σατανᾷ,
975 3157 1129 3212 οὐδὲν
1160 3156 1410 3229 διαφέρει
1441 3154 1534 3210 τοῦ
1577 3154 1916 3227 παραδοῦναι
1958 3227 1987 3232 _
2019 3171 2035 3226 ι

1958 3227 1987 3232 _
2019 3171 2149 3226 pora
2183 3158 2502 3228 prophetiae,
2533 3159 2662 3230 quia
2683 3161 2838 3229 juxta
2865 3177 3020 3217 suam
3047 3165 3388 3220 clementiam
3415 3166 3615 3221 exhor-

335 3250 462 3312 τοὺς
503 3249 613 3304 ἀπὸ
651 3227 1007 3323 ’γίερουσαλὴμ
1049 3247 1128 3320 τῷ
1162 3227 1655 3320 Ναϐουχοδονόσορ·
1688 3246 1765 3311 ὡς
1809 3246 1920 3320 γὰρ
1945 3227 1989 3286 C
2025 3259 2031 3301 1

1915 3227 1989 3293 ι(ιῖ
2025 3227 2358 3308 ωιιιιίΒειιδ
2394 3227 2607 3324 semper
2641 3227 2889 3311 homines
2939 3258 3005 3311 ad
3050 3258 3280 3313 salutem
3308 3299 3323 3322 ,
3367 3267 3428 3315 ut
3486 3275 3611 3314 ces-

339 3343 536 3397 ὲκεῖνοι
559 3342 946 3415 παραδέδονται
978 3340 1068 3395 διὰ
1097 3340 1198 3412 τῆς
1221 3340 1499 3412 ἁμαρτίας
1522 3338 1602 3410 τῷ
1640 3337 1919 3410 Ναϐουχο-
2026 3357 2035 3398 ι

1918 3372 1919 3378 η
2026 3351 2182 3398 sante
2229 3344 2430 3401 delicto
2478 3346 2643 3401 etiam
2707 3347 2999 3417 captivitas
3061 3352 3430 3420 conquiescat.
3485 3349 3614 3408 Haec

337 3437 579 3510 δονόσορ,
610 3437 703 3490 καὶ
741 3434 850 3502 οὓς
881 3431 1186 3502 παρέδωκε
1215 3431 1297 3497 τῷ
1345 3428 1600 3496 σατανᾷ,
1653 3430 1754 3484 ἵνα
1785 3444 1922 3484 παι·
2025 3453 2033 3490 ε

1917 3461 1922 3472 ι
2025 3444 2210 3513 autem
2235 3445 2292 3492 et
2331 3437 2398 3492 de
2430 3439 2589 3495 nobis
2632 3455 2928 3511 possumus
2960 3441 3260 3514 intelligere
3293 3462 3307 3497 :
3338 3445 3383 3499 si
3415 3459 3613 3514 pecca-

337 3530 596 3587 δευθῶσι
620 3529 706 3600 μὴ
739 3528 1149 3598 βλασφημεῖν,
1180 3523 1314 3598 φησὶ
1351 3523 1480 3596 περὶ
1524 3522 1700 3579 ἄλλων
1740 3524 1922 3595 ἁμαρ-
2026 3545 2033 3561 ε

1917 3552 1922 3564 ι
2026 3529 2290 3595 verimus,
2332 3538 2388 3585 et
2413 3547 2514 3587 nos
2541 3533 2738 3603 captivi
2764 3533 2936 3588 futuri
2969 3550 3182 3590 sumus.
3225 3534 3435 3589 Etenim
3472 3535 3613 3590 tradi

337 3621 524 3677 τωλῶν
565 3624 594 3676 ὁ
637 3620 975 3684 ’Δπὸστολος.
2026 3636 2033 3690 ]

2026 3628 2369 3690 peccatorem
2402 3619 2618 3678 Satanae
2650 3623 2692 3691 ⁸,
2724 3624 2860 3680 nihil
2900 3625 3066 3680 distat
3088 3627 3159 3681 ab
3181 3641 3248 3680 eo
3270 3625 3413 3696 quod
3441 3624 3611 3680 Judmi

338 3725 469 3772 sunt
506 3717 689 3772 traditi
745 3715 1264 3772 Nabuchodonosor.
1300 3710 1482 3784 thue
1522 3711 1647 3768 illos
1677 3711 1820 3769 Deus
1855 3713 1934 3786 (9)
1968 3719 2240 3774 concessit
2281 3718 2616 3787 adversario,
2663 3730 2882 3792 pr0pter
2931 3721 3241 3792 frequentes
3275 3721 3612 3791 impietates;

339 3809 420 3865 sic
469 3825 570 3866 nos
612 3819 834 3880 propter
877 3817 1096 3881 peccata
1155 3824 1278 3880 quas
1328 3807 1600 3875 fecimus,
1652 3808 1919 3865 tradimur
1973 3813 2205 3884 spiritali
2252 3813 2758 3874 Nabuchodonosor
2801 3837 2816 3873 :
2858 3827 2914 3873 et
2959 3833 3089 3888 quos
3131 3817 3368 3884 tradidi,
3411 3816 3610 3889 inquit,

343 3901 586 3970 Satanae,
621 3915 680 3959 ut
701 3905 911 3962 discant
942 3921 1046 3959 non
1085 3902 1446 3973 blasphemare
1469 3903 1511 3970 ⁸,
1543 3902 1837 3973 Apostolus
1861 3905 1930 3961 de
1959 3907 2084 3963 aliis
2108 3910 2506 3977 peccatoribus.

410 4000 554 4071 Ὅρα
585 3995 677 4052 οὖν
713 3999 943 4069 πηλίκον
976 3997 1144 4051 κακόν
1179 3997 1295 4049 ἐστι
1332 3996 1394 4049 τὸ
1425 3995 1783 4066 ἁμαρτάνειν,
1831 3995 1920 4049 ἵνα

339 4091 686 4166 παραδοθῶσι
721 4090 801 4162 τῷ
840 4091 1066 4161 σατανᾷ,
1105 4085 1558 4158 αἰχμαλωτίζοντι
1601 4085 1702 4148 τὰς
1739 4085 1919 4156 ψυχὰς

339 4187 446 4242 τῶν
481 4181 1026 4256 ὲγκαταλειπομένων
1063 4179 1172 4235 ὑπὸ
1212 4177 1350 4233 Θεοῦ
1370 4195 1383 4208 ·
1435 4177 1536 4232 οὐκ
1569 4177 1828 4242 ἀναιτίως
1860 4179 1919 4234 δὲ

341 4279 616 4351 κάκρίτως
656 4275 1113 4346 ἐγκαταλιπόντος
1153 4270 1289 4326 Θεοῦ
1326 4269 1420 4335 οὒς
1464 4268 1914 4339 έγκαταλέλοιπε.

352 4370 519 4425 Ἐπάν
552 4370 663 4441 γὰρ
693 4367 887 4440 πέμψῃ
923 4367 1015 4422 τὸν
1041 4365 1194 4419 ὑετὸν
1221 4365 1313 4418 ἐπὶ
1339 4362 1431 4418 τὸν
1455 4360 1778 4434 ἀμπελῶνα,
1809 4362 1838 4416 6
1859 4361 1916 4415 δὲ

342 4460 602 4536 ἀμπελὼν
641 4461 787 4534 φέρῃ
835 4458 955 4514 ἀντὶ
988 4456 1264 4528 σταφυλῆς
1305 4454 1567 4518 ἀκάνθας,
1605 4452 1660 4506 τί
1701 4453 1918 4525 ποιήσει

341 4559 370 4610 6
408 4557 560 4622 Θεὸς,
606 4556 641 4628 ἢ
685 4556 808 4619 ταῖς
849 4553 1098 4622 νεφέλαις
1136 4551 1426 4604 ἐντελεῖται
1468 4547 1564 4602 τοῦ
1611 4549 1686 4621 μὴ
1729 4548 1918 4620 βρέξαι

2096 4002 2150 4055 4.
2190 4001 2326 4058 Puta
2352 4014 2620 4073 quantum
2654 4005 2859 4059 malum
2903 4013 2987 4060 est
3021 4020 3266 4075 peccare,
3296 4016 3356 4063 ut
3389 4009 3612 4066 tradan-

2027 4100 2116 4146 tur
2143 4092 2257 4162 (10)
2290 4091 2509 4147 Satanae
2541 4094 2836 4162 captivanti
2865 4094 3081 4151 animos
3103 4111 3292 4152 eorum
3322 4099 3414 4168 qui
3445 4101 3613 4155 relin-

2025 4189 2270 4251 quuntur
2302 4196 2332 4236 a
2367 4181 2479 4236 Deo
2507 4200 2520 4236 :
2553 4197 2662 4237 non
2699 4184 2819 4238 sine
2857 4199 3022 4241 causa
3054 4193 3260 4254 autem,
3290 4205 3466 4260 neque
3495 4193 3614 4247 sine

2020 4273 2229 4345 judicio
2273 4273 2384 4329 Deo
2434 4275 2773 4345 relinquente
2819 4292 2960 4348 quos
3006 4278 3228 4334 deserit.
3281 4279 3417 4336 Cum
3463 4282 3611 4338 enim

2023 4367 2234 4422 miserit
2276 4368 2516 4438 pluviam
2566 4385 2731 4439 super
2771 4369 3010 4438 vineam,
3061 4381 3115 4428 et
3161 4373 3321 4430 vinea
3363 4389 3464 4446 pro
3504 4390 3611 4433 uva

2021 4459 2264 4516 attulerit
2305 4461 2512 4531 spinas,
2569 4461 2698 4531 quid
2739 4461 2903 4521 faciet
2946 4464 3053 4521 nisi
3085 4473 3146 4520 ut
3179 4467 3402 4522 mandet
3448 4468 3611 4523 nubi-

2023 4552 2146 4617 bus,
2167 4568 2234 4608 ne
2257 4555 2449 4625 pluant
2473 4569 2638 4624 super
2656 4571 2776 4611 eam
2802 4557 3072 4613 imbrem?
3091 4555 3431 4630 Quapropter
3448 4560 3608 4632 127

345 4650 493 4704 ὑετὸν
539 4649 634 4703 ἐπὶ
679 4647 769 4701 τὸν
815 4644 1153 4718 ἀμπελῶνα;
1200 4643 1504 4697 Ἐπίκειται
1551 4637 1644 4694 οὖν
1694 4640 1784 4694 διὰ
1821 4641 1919 4706 τὰς
1949 4637 2041 4696 Di

1908 4659 1919 4705 ;
1949 4637 1995 4694 D
2026 4641 2080 4696 in
2115 4644 2367 4712 proximo
2389 4653 2476 4700 est
2499 4653 2723 4715 propter
2754 4645 2951 4701 delicta
2979 4654 3192 4711 nostra,
3233 4663 3464 4718 quorum
3503 4666 3604 4705 no-

342 4741 615 4815 ἁμαρτίας
652 4739 810 4813 ἡμῶν
839 4739 934 4793 καὶ
961 4740 1096 4809 ἡμῖν
1122 4734 1484 4807 αἰχμαλωσία,
1519 4734 1614 4788 καὶ
1654 4733 1919 4805 μέλλομεν

343 4833 750 4906 παραδίδοσθαι,
768 4832 864 4886 ἐὰν
880 4829 954 4902 μὴ
969 4829 1335 4901 μετανοῶμεν,
1353 4825 1430 4898 τῷ
1446 4825 1919 4897 Ναόουχοδονόσορ

342 4926 566 4988 καὶτοῖς
593 4921 976 4986 Βαϐυλωνίοις,
1009 4921 1096 4973 ἵνα
1121 4921 1269 4990 ἡμᾶς
1299 4917 1647 4990 σπαράξωσιν
1668 4919 1716 4970 οἰ
1738 4917 1920 4988 νοητοὶ

342 5012 690 5068 Βαϐυλώνιοι.
729 5009 1123 5082 Ἐπικειμένων
1149 5008 1375 5072 τούτων,
1403 5010 1452 5061 οἱ
1475 5007 1622 5076 λόγοι
1646 5005 1756 5061 τῶν
1782 5024 1916 5078 προ-

340 5101 546 5174 φητῶν,
576 5103 626 5156 οἱ
659 5101 808 5170 λόγοι
845 5098 941 5154 τοῦ
970 5099 1158 5170 νόμου,
1193 5100 1242 5151 οἰ
1268 5098 1414 5166 λόγοι
1437 5097 1545 5151 τῶν
1578 5097 1912 5163 ἀποστόλων,

883 5219 904 5250 ⁸
935 5216 954 5270 l
1015 5215 1157 5271 Tim.
1185 5232 1224 5282 ι,
1251 5215 1340 5270 20.

409 5341 488 5409 (7)
527 5339 658 5396 Mss.
690 5339 862 5409 Regii,
888 5339 1326 5409 relinquerentur.
1367 5335 1524 5392 Libb.
1555 5337 1681 5391 edit.
1705 5377 1722 5402 ,
1763 5337 1926 5391 relin-

335 5421 604 5482 queretur,
635 5420 691 5465 et
721 5408 884 5482 infra,
920 5410 989 5463 ad
1023 5408 1384 5482 pauitantiam
1403 5415 1819 5482 renuntiaretur.

411 5481 488 5552 (8)
530 5480 686 5548 Μέθη
715 5481 966 5550 quiddam
994 5476 1369 5534 necessarium.
1399 5477 1556 5532 Libb.
1585 5476 1716 5532 edit.
1735 5517 1750 5544 ,
1775 5492 1918 5547 qure-

337 5553 464 5605 dam
493 5552 811 5605 necessaria.
1115 5608 1122 5611 ,

413 5621 488 5689 (9)
534 5620 703 5690 thue
745 5620 863 5674 illos
893 5619 1055 5688 Deus,
1089 5630 1194 5676 etc.
1234 5617 1351 5674 Non
1382 5619 1564 5674 omnia
1599 5631 1721 5688 quas
1754 5616 1916 5690 habet

344 5691 447 5745 hoc
473 5687 599 5746 loco
616 5687 992 5760 Hieronymus
1012 5731 1026 5754 ,
1076 5698 1425 5760 repraesentat
1453 5687 1742 5745 contektus
1767 5687 1916 5744 Grai-

345 5777 444 5815 eus
468 5761 786 5830 hodiernus,
814 5760 866 5812 in
891 5775 1000 5829 quo
1034 5761 1243 5814 videtur
1266 5777 1388 5816 esse
1419 5761 1623 5816 hiatus.
1699 5827 1718 5830 _
1920 5819 1931 5830 ἢ

417 5830 532 5900 (l0)
575 5827 1025 5886 Tradantur.‘Sic
1057 5830 1224 5886 codex
1257 5830 1668 5891 Gemeticensis.
1699 5827 1757 5884 ln
1792 5828 1914 5886 aliis

408 5222 432 5253 "
458 5221 478 5275 Ι
513 5219 639 5274 Cor.
666 5235 718 5280 ν,
754 5220 807 5275 5.

2024 4736 2108 4791 his
2141 4738 2345 4792 conscii
2391 4753 2607 4803 sumus,
2641 4746 2696 4792 et
2735 4753 2833 4791 nos
2881 4739 3166 4808 captivari.
3209 4739 3475 4798 Futurum
3523 4751 3609 4799 est

2022 4826 2169 4881 enim
2203 4836 2263 4881 ut
2293 4828 2608 4895 tradamur,
2652 4827 2697 4880 si
2742 4842 2850 4882 non
2884 4830 3158 4898 egerimus
3200 4834 3603 4903 paenitentiam,

2023 4917 2528 4976 Nabuchodonosor
2575 4928 2738 4991 atque
2769 4920 3112 4994 Babyloniis,
3151 4925 3243 4994 qui
3288 4941 3390 4982 nos
3430 4926 3607 4981 sensi-

2025 5005 2206 5060 biliter
2229 5007 2565 5062 excrucient.
2602 5009 2728 5063 lstis
2755 5008 2867 5077 jam
2895 5011 3290 5082 adjacentibus,
3321 5027 3608 5069 sermones

2023 5098 2434 5167 prophetarum,
2487 5112 2768 5155 sermones
2803 5100 2959 5172 legis,
3008 5117 3289 5158 sermones
3327 5101 3604 5173 apostolo-

2025 5351 2160 5392 mss.
2206 5337 2402 5406 legitur
2439 5335 2601 5393 modo
2632 5337 2848 5401 tradar,
2886 5338 3049 5393 modo
3096 5342 3308 5400 tradat;
3340 5351 3608 5406 nonnun-

2023 5423 2184 5476 quam
2225 5405 2522 5462 tradantur.
2565 5405 2736 5461 Paulo
2760 5416 2883 5477 post
2920 5409 2972 5461 in
3001 5405 3374 5470 Laudunensi,
3405 5405 3606 5462 Geme~

2021 5479 2253 5548 ticensi,
2303 5487 2358 5531 et
2398 5479 2678 5533 nonnullis
2718 5477 2902 5548 Regiis
2943 5478 3170 5534 habetur
3220 5496 3234 5532 :
3279 5493 3441 5546 neque
3487 5478 3603 5533 sine

2008 5547 2217 5618 judicio
2257 5547 2365 5601 Deo
2407 5548 2726 5618 relinquente
2749 5563 2876 5618 quos
2905 5549 3134 5613 deserit;
3179 5549 3234 5603 in
3269 5547 3392 5603 aliis
3425 5562 3559 5604 mss.
3579 5589 3597 5618 ,

2017 5634 2182 5690 neque
2222 5619 2333 5672 sine
2360 5617 2566 5690 judicio
2609 5617 2703 5674 Dei
2749 5617 3086 5690 relinquentis
3116 5635 3245 5690 quos
3287 5619 3500 5674 deserit.
3539 5617 3596 5678 in

2016 5687 2352 5813 llibriswantea
2383 5688 2568 5760 editis,
2605 5706 2766 5764 neque
2789 5687 2996 5760 judicio
3023 5687 3158 5746 Deus
3190 5690 3438 5762 relinquit
3470 5704 3599 5757 quos

2052 5775 2182 5813 euri
2214 5799 2229 5813 .

2052 5770 2229 5814 eurtt.
