4296 6288
610 442 718 498 959

2085 442 2410 500 ORIGENIS

3771 456 3876 512 260

612 581 761 630 rum,
810 578 1090 621 sermones
1129 564 1293 618 etiam
1327 562 1542 621 Domini
1581 576 1636 623 et
1670 565 1968 625 Salvatoris
2018 568 2188 623 nostri
2222 572 2308 628 At

2180 568 2188 620 i
2222 572 2266 628 Α
2293 569 2343 621 oi
2377 568 2525 639 λόγοι
2557 569 2650 623 τοῦ
2682 570 2907 643 Κυρίου,
2938 572 3033 627 καὶ
3057 572 3307 645 Σωτῆρος
3329 574 3487 648 ἡμῶν
3533 575 3712 648 Ἰησοῦ
3745 579 3876 651 Χρι-

612 651 741 709 Jesu
775 651 977 708 Christi
1027 653 1314 723 hortantur
1343 654 1409 710 ad
1442 657 1814 725 paenitentiam
1841 698 1856 722 ,
1898 666 2197 727 provocant
2300 678 2308 708 ‹

2180 666 2197 713 ι
2300 659 2448 726 στοῦ,
2482 660 2727 730 λέγουσιν
2765 664 2898 733 ἡμῖν
2946 665 3073 736 περὶ
3108 665 3413 736 μετανοίας,
3462 668 3876 740 παρακαλοῦσιν

611 740 680 796 ad
728 741 977 795 salutem.
1044 738 1102 795 Si
1143 751 1325 798 autem
1394 746 1752 812 audierimus,
1810 748 2087 803 credimus
2144 747 2194 803 ei
2294 753 2307 802 ι

2179 747 2194 803 i
2294 751 2445 821 ἡμᾶς
2464 753 2543 815 είς
2570 753 2924 825 ἐπιστροφήν·
2952 753 3047 808 ἐὰν
3070 755 3411 828 ἀκούσωμεν,
3441 738 3774 831 πιστεύομεν
3799 761 3875 834 τῷ

610 832 705 902 qui
766 831 902 886 dixit
942 848 958 886 :
998 830 1071 885 Et
1116 849 1210 904 ego
1254 837 1612 903 paenitentiam
1651 855 1805 909 agam
1845 840 1910 893 de
1953 840 2192 893 omnibus

607 924 784 990 malis,
815 940 933 995 quat
961 924 1169 982 locutus
1200 943 1317 982 sum
1345 929 1519 1000 facere
1543 931 1618 985 eis
1653 932 1695 987 °.
1736 930 1804 986 Et
1827 933 1942 988 haec
1970 932 2190 1002 quidem

609 1015 663 1069 in
695 1017 1043 1084 prooemium.
1996 1014 1999 1015 ⁷

675 1107 731 1161 ὅ.
755 1106 887 1163 Post
925 1108 1250 1178 prooemium
1282 1120 1464 1165 autem
1496 1111 1568 1166 ita
1604 1113 1872 1183 scriptum
1897 1122 1981 1171 est
2012 1157 2027 1170 .
2061 1114 2177 1170 Fa-

604 1209 718 1253 ctus
746 1209 825 1254 est
844 1199 1061 1254 Domini
1087 1217 1256 1255 sermo
1285 1201 1356 1255 ad
1415 1219 1534 1257 eum
1557 1219 1578 1268 ,'
1604 1214 1816 1260 certum
1846 1215 1930 1261 est
1959 1208 2088 1277 quia
2112 1209 2183 1263 ad

602 1288 922 1347 Jeremiam.
952 1290 1093 1358 Quid
1123 1291 1255 1346 dicit
1286 1307 1469 1349 sermo
1498 1294 1713 1350 Domini
1743 1294 1812 1349 ad
1850 1311 1976 1351 eum
1999 1298 2022 1351 ?
2048 1313 2187 1367 prae-

602 1384 825 1454 cipuum
853 1386 922 1439 ab
944 1384 1204 1439 omnibus
1231 1401 1353 1455 quae
1375 1388 1654 1458 prophetis
1682 1387 1825 1442 dicta
1860 1397 1990 1444 sunt
2018 1399 2185 1444 caete--

602 1476 697 1531 ris.
735 1474 851 1530 Hoc
876 1475 1022 1532 enim
1057 1492 1338 1547 nunquam
1370 1478 1438 1532 ad
1471 1478 1643 1532 ullum
1675 1484 2067 1549 prophetarum
2100 1480 2184 1534 di-

600 1576 747 1623 ctum
799 1568 1125 1623 invenimus.
1177 1570 1455 1624 Abraham
1509 1570 1776 1639 propheta
1829 1578 2183 1640 nuncupatus

600 1668 705 1725 est,
743 1660 797 1714 in
825 1675 892 1715 eo
923 1661 1067 1728 quod
1096 1661 1295 1715 dicitur
1325 1679 1338 1715 :
1379 1661 1646 1731 Propheta
1673 1670 1773 1728 est,
1800 1670 1851 1714 et
1880 1662 2057 1715 orabit
2085 1678 2180 1732 pro

603 1765 652 1809 te
674 1755 728 1820 ";
756 1762 810 1809 et
841 1764 1020 1810 tamen
1070 1770 1178 1809 non
1209 1754 1346 1811 dixit
1374 1753 1441 1809 ad
1483 1770 1606 1809 eum
1636 1753 1781 1809 Deus
1807 1772 1821 1808 :
1855 1752 2181 1825 Priusquam

602 1859 650 1901 te
677 1846 997 1916 plasmarem
1023 1851 1077 1903 in
1105 1858 1277 1914 utero,
1314 1849 1432 1903 novi
1462 1855 1548 1913 te;
1575 1855 1624 1900 et
1649 1847 1961 1917 priusquam
2006 1847 2176 1901 exires

603 1937 667 1992 de
710 1938 886 2006 vulva,
931 1940 1260 2009 sanctiﬁcavi
1312 1948 1359 1992 te
1382 1938 1426 1992 ⁸.
1464 1935 1568 1992 Sed
1605 1946 1794 2007 postea
1837 1937 1890 1991 in
1933 1950 2178 1993 extremo
2207 1920 2251 1975 Β

596 2028 709 2099 jam
751 2038 996 2099 tempore
1043 2031 1417 2086 sanctiticatus
1468 2039 1551 2084 est
1602 2027 1905 2097 Abraham,
1957 2028 2178 2100 quando

602 2136 856 2192 egressus
885 2129 968 2177 est
994 2122 1061 2178 de
1091 2131 1233 2178 terra
1265 2138 1386 2185 sua,
1422 2130 1476 2176 et
1503 2121 1571 2177 de
1602 2122 1926 2192 cognatione
1970 2137 2091 2188 sua,
2125 2131 2180 2179 et

595 2213 663 2268 de
693 2213 854 2269 domo
887 2215 1058 2284 patris
1102 2215 1187 2269 sui
1230 2215 1269 2267 θ.
1300 2213 1381 2268 Ex
1412 2215 1843 2284 repromissione
1891 2224 2054 2271 natus
2092 2222 2178 2272 est

482 2369 491 2376 _
596 2303 769 2372 Isaac,
800 2315 854 2359 et
883 2313 1063 2360 tamen
1096 2321 1272 2376 neque
1307 2305 1373 2359 ad
1404 2320 1530 2360 eum
1576 2307 1879 2376 reperimus
1920 2305 2069 2360 hunc
2089 2305 2177 2361 di-

597 2408 745 2452 ctum
777 2412 901 2453 esse
940 2412 1272 2453 sermonem.
1308 2396 1376 2451 Et
1422 2397 1553 2467 quid
1599 2413 1686 2452 me
1713 2412 1937 2453 necesse
1965 2403 2050 2451 est
2082 2412 2177 2466 per

599 2489 846 2559 singulos
880 2490 1137 2545 currere?
1179 2488 1445 2545 Jeremias
1493 2489 1826 2560 praecipuum
1857 2489 1998 2543 inter
2035 2503 2175 2543 eun-

593 2587 713 2634 etos
735 2590 1058 2637 consecutus
1072 2581 1298 2648 donum,
1315 2580 1532 2636 dicente
1553 2579 1823 2635 Domino:
1851 2578 2177 2649 Priusquam

592 2680 643 2726 te
664 2671 981 2735 plasmarem
1008 2675 1065 2726 in
1103 2685 1273 2739 utero,
1310 2673 1429 2727 novi
1459 2680 1551 2738 te;
1583 2680 1634 2725 et
1668 2673 1981 2742 priusquam
2005 2673 2175 2727 exit-es

591 2765 657 2818 de
680 2764 856 2831 vulva,
879 2765 1210 2832 sanctiﬁcavi
1245 2772 1317 2818 te.

663 2851 719 2906 6.
746 2851 935 2923 Neque
976 2867 1105 2907 vero
1135 2852 1450 2922 ignoramus
1479 2852 1750 2922 quosdam
1780 2867 1903 2909 esse
1931 2851 2025 2923 qui
2071 2852 2175 2909 ista

596 2942 858 3012 referant,
904 2944 1065 3015 quasi
1101 2944 1277 3014 major
1311 2944 1381 3000 sit
1401 2942 1656 3012 Jeremia,
1690 2960 1853 3017 super
1896 2942 2176 3000 Salvatore

592 3046 782 3092 nostro
806 3046 860 3093 et
892 3036 1121 3092 Domino
1148 3035 1276 3092 Jesu
1307 3036 1531 3093 Christo
1560 3056 1574 3093 :
1619 3036 2016 3107 sciendumque
2047 3037 2174 3108 plu-

595 3128 736 3184 rima
764 3144 831 3184 ex
867 3128 954 3185 his
986 3144 1107 3185 esse
1132 3145 1255 3200 qua:
1283 3140 1515 3199 possunt
1558 3127 1828 3184 Salvatori
1855 3129 2171 3198 convenire,

2293 842 2572 912 εἰρηκότι·
2603 843 2969 912 Metui-0110a)
2992 847 3155 917 κάγὼ
3186 848 3321 917 περὶ
3348 848 3589 903 πάντων
3612 850 3735 906 τῶν
3777 871 3885 907 κα·

2292 933 2416 987 κῶν
2448 928 2537 988 ὧν
2566 933 2843 1005 ἐλάλησα
2872 936 2981 992 τοῦ
3004 938 3255 1008 ποιῆσαι
3279 941 3482 1009 αὐτοῖς
3502 958 3517 974 ·
3559 942 3736 998 ταῦτα
3771 945 3872 1016 μὲν

2291 1026 2372 1088 εἰς
2394 1023 2455 1076 τὸ
2478 1026 2780 1097 προοίμιον.

2358 1117 2517 1171 Μετὰ
2545 1118 2603 1172 δὲ
2650 1119 2711 1172 τὸ
2748 1119 3034 1191 προοίμιον
3072 1120 3403 1193 γέγραπται,
3438 1123 3541 1189 ὅτι,
3602 1122 3862 1195 Ἐγένετο

2287 1208 2470 1278 λόγος
2498 1210 2720 1277 Κυρίου
2746 1209 2896 1278 πρὸς
2918 1213 3125 1266 αὐτόν·
3153 1212 3311 1284 δῆλον
3336 1213 3417 1266 ὅτι
3449 1214 3542 1268 τὸν
3575 1214 3859 1287 Ἱερεμίαν.

2288 1300 2354 1353 T-i
2386 1301 2444 1355 δέ
2466 1300 2612 1370 λέγει
2633 1303 2662 1354 6
2680 1302 2837 1372 λόγος
2859 1302 2954 1356 τοῦ
2982 1301 3184 1377 Κυρίου
3210 1304 3347 1376 πρὸς
3368 1306 3562 1372 ain-6v;
3587 1306 3861 1378 ἐξαίρετον

2288 1389 2441 1461 παρὰ
2480 1391 2541 1445 τὸ
2597 1393 2886 1465 εἰρημένον
2948 1395 3084 1466 πρὸς
3126 1396 3254 1459 τοὺς
3278 1396 3498 1462 λοιποὺς
3556 1400 3861 1471 προφήτας.

2286 1483 2456 1537 Τοῦτο
2476 1484 2584 1556 γὰρ
2610 1485 2746 1557 πρὸς
2772 1486 2966 1541 οὐδένα
2988 1481 3221 1560 εὕρομεν
3248 1489 3357 1544 τῶν
3387 1492 3681 1563 προφητῶν
3708 1494 3862 1564 εἰρη-

2287 1575 2464 1646 μένον.
2511 1576 2760 1648 Ἀϐραάμ
2782 1580 3068 1651 προφήτης
3098 1583 3464 1653 ἐχρημάτισεν
3489 1584 3547 1638 ἐν
3568 1582 3674 1655 τῷ,
3713 1589 3859 1653 Προ-

2281 1665 2477 1736 φήτης
2506 1666 2660 1731 ἐστὶ,
2692 1669 2791 1722 καὶ
2838 1672 3233 1738 προσεύξεται
3273 1675 3406 1744 περὶ
3440 1675 3578 1729 σοῦ·
3630 1676 3725 1728 καὶ
3761 1674 3863 1731 οὐκ

2282 1755 2404 1813 εἷπε
2433 1760 2569 1832 πρὸς
2598 1762 2761 1816 αὑτὸν
2796 1764 2824 1816 6
2850 1762 3014 1828 Θεός·
3039 1766 3161 1835 Πρὸ
3192 1767 3298 1821 τοῦ
3326 1780 3403 1836 με
3425 1769 3659 1825 πλάσαι
3687 1787 3763 1825 σε
3790 1771 3861 1825 ἐν

2282 1851 2480 1919 κοιλίᾳ
2509 1853 2836 1924 ἐπίσταμαί
2855 1870 2950 1922 σε,
2990 1858 3089 1911 καὶ
3118 1857 3231 1925 πρὸ
3260 1858 3367 1912 τοῦ
3397 1875 3471 1913 σε
3492 1861 3764 1924 ἐξελθεῖν
3790 1863 3862 1916 ἐκ

2272 1944 2506 2015 μήτρας
2528 1945 2750 2018 ert-laud
2789 1963 2883 2002 σε.
2938 1948 3099 2002 Ἀλλά
3136 1949 3366 2022 ὕστερον
3399 1968 3529 2005 ποτε
3565 1954 3801 2024 ἡγιάσθη
3833 1955 3863 2008 6

2292 2035 2563 2110 Ἀϐραὰμ,
2587 2038 2676 2091 ὅτε
2705 2037 2929 2108 ἐξῆλθεν
2955 2041 3019 2093 ἐκ
3046 2041 3151 2111 γῆς
3173 2041 3357 2109 αὐτοῦ,
3388 2045 3485 2098 καὶ
3510 2046 3575 2098 ἐκ
3601 2046 3702 2116 τῆς
3732 2063 3861 2114 συγέ

2277 2126 2491 2198 γενείας
2528 2127 2718 2194 αὐτοῦ,
2752 2131 2847 2183 καὶ
2882 2130 2948 2183 ἐκ
2975 2130 3070 2186 τοῦ
3105 2131 3255 2185 οἴκου
3291 2133 3387 2186 τοῦ
3432 2136 3638 2207 πατρὸς
3668 2136 3858 2192 αὐτοῦ.

2291 2218 2379 2285 Ἐξ
2403 2219 2737 2289 ἐπαγγελίας
2761 2222 3050 2295 γεγένηται
3074 2225 3103 2276 6
3140 2225 3344 2293 Ἰσαὰκ,
3369 2227 3463 2280 κα)¹
3499 2229 3597 2298 οὐχ
3628 2227 3861 2301 εὒρομεν

2277 2308 2401 2363 οὐδὲ
2438 2304 2582 2382 ’πρὸς
2607 2311 2773 2367 αὐτὸν
2794 2311 2983 2366 τοῦτον
3015 2312 3304 2385 λεγόμενον
3331 2318 3424 2372 τὸν
3450 2317 3627 2386 λόγον.
3665 2320 3776 2373 Καὶ
3804 2319 3860 2373 τί

2280 2416 2349 2470 με
2366 2399 2447 2453 δεῖ
2464 2401 2785 2471 καταλέγειν
2810 2404 2938 2476 περὶ
2956 2404 3064 2459 τῶν
3088 2404 3243 2476 ἐξῆς;
3281 2407 3551 2483 Ἱερεμίας
3578 2409 3858 2481 ἐξαιρέτου

2276 2484 2391 2560 εἶχε
2422 2489 2650 2563 δωρεᾶς,
2673 2492 2804 2564 τῆς,
2841 2512 2862 2545 ι
2892 2494 3006 2566 Πρὸ
3036 2494 3132 2547 τοῦ
3166 2513 3232 2567 με
3265 2496 3468 2551 πλάσαι
3499 2514 3558 2551 σε
3592 2500 3650 2552 ἐν
3680 2498 3860 2570 κοιλίᾳ.

2277 2579 2581 2664 ἐπίσταμαί
2622 2600 2705 2649 σε,
2743 2584 2840 2638 καὶ
2869 2584 2976 2656 πρὸ
3012 2585 3105 2640 τοῦ
3155 2605 3214 2641 σε
3250 2585 3484 2653 ἐξελθεῖν
3529 2591 3594 2643 ἐκ
3641 2590 3858 2661 μήτρας

2274 2672 2483 2743 ἠγίακά
2519 2689 2603 2729 σε.
2644 2692 2664 2725 s

2348 2849 2465 2905 Οὐκ
2504 2849 2826 2924 ἀγνοοῦμεν,
2873 2853 2956 2908 ὅτι
3002 2853 3175 2911 ταῦτα
3214 2855 3545 2929 ἀναφέρουσί
3580 2874 3742 2922 τινες,
3782 2856 3860 2921 ὡς

2278 2942 2501 3013 μείζονα
2540 2943 2825 3017 Ἱερεμίου,
2848 2948 2941 3002 ἐπὶ
2962 2948 3052 3003 τὸν
3082 2950 3311 3022 Σωτῆρα
3337 2951 3432 3004 καὶ
3455 2949 3658 3022 Κύριον
3678 2948 3857 3020 ήμῶν*

2277 3035 2375 3089 καὶ
2409 3037 2610 3103 ἰστέον,
2632 3039 2714 3093 ὅτι
2747 3038 2817 3093 τά
2846 3039 2944 3112 μὲν
2965 3041 3135 3095 πολλά
3152 3042 3300 3114 αὐτῷ
3324 3043 3558 3114 συνᾴδει,
3582 3042 3678 3097 καὶ
3704 3040 3862 3095 δύναιο

2272 3145 2365 3182 ται
2403 3129 2772 3202 ἀναφέρεσθαι
2807 3134 2901 3187 ἐπὶ
2934 3133 3026 3187 τὸν
3060 3134 3312 3207 Σωτῆρα,
3361 3135 3398 3190 ἃ
3435 3135 3857 3208 παραθήσομαιο

592 3236 714 3293 quae
741 3223 903 3277 etiam
937 3238 1037 3280 nos
1077 3222 1507 3295 interponemus.
1539 3221 1721 3279 Pauca
1765 3232 1945 3280 autem
1977 3238 2169 3279 eorum
2198 3258 2241 3318 ο
2273 3218 2288 3270 έ

2164 3243 2169 3277 ι
2198 3258 2241 3318 c
2273 3217 2430 3318 ὀλίγα
2453 3220 2670 3318 δέᾏτινα
2686 3224 2839 3318 ’προς
2863 3225 3003 3318 τοὺς-
3023 3225 3600 3318 πολλοὺςέφαρμόσαι
3637 3227 3715 3297 τῷ
3748 3228 3860 3281 Σω-

592 3332 716 3387 quae
739 3317 803 3372 ad
827 3315 1118 3373 Jeremiam
1145 3317 1291 3374 dicta
1315 3327 1464 3384 sunt,
1483 3326 1773 3373 coarctant
1806 3317 2169 3386 intellectum,

592 3408 751 3480 quasi
766 3423 890 3471 non
924 3409 1159 3479 possint,
1192 3419 1250 3464 ut
1287 3410 1472 3480 plures
1503 3410 1839 3474 existimant,
1871 3409 1939 3464 ad
1981 3408 2171 3463 Domi-

592 3516 725 3555 num
764 3498 981 3555 referri.
1017 3500 1149 3567 Qua:
1195 3510 1324 3556 sunt
1365 3518 1495 3572 ergo
1532 3517 1656 3572 quae
1703 3509 1936 3570 possunt
1967 3516 2171 3557 conve-

593 3594 711 3648 nire
739 3591 1006 3665 Domino?
1037 3593 1121 3647 Ad
1151 3610 1328 3648 omnes
1375 3595 1443 3649 ad
1471 3611 1804 3666 quoscunque
1855 3594 2066 3649 mittam
2100 3604 2169 3661 te,

590 3686 711 3753 ibis,
749 3694 799 3741 et
825 3688 1005 3741 omnia
1047 3703 1164 3758 qua:
1194 3688 1385 3741 mando
1413 3689 1507 3741 tibi
1543 3686 1789 3758 loqueris.
1821 3686 1905 3743 Ne
1932 3690 2116 3742 timeas
2138 3706 2174 3743 α

591 3779 730 3850 facie
756 3797 958 3848 eorum,
986 3781 1112 3851 quia
1136 3796 1230 3851 ego
1257 3790 1426 3834 tecum
1466 3796 1604 3844 sum,
1636 3788 1693 3833 ut
1718 3796 1901 3834 eruum
1932 3789 1981 3835 te
1998 3822 2015 3845 ,
2039 3781 2170 3834 dicit

597 3870 848 3927 Dominus
874 3874 939 3927 ³ο.
987 3872 1231 3928 Necdum
1284 3871 1388 3926 ista
1437 3872 1611 3926 otiose
1667 3871 1782 3942 (Η)
1815 3870 2065 3925 videntur
2105 3871 2174 3926 ad

595 3962 935 4020 Salvatorem
976 3964 1168 4021 referri
1206 3983 1218 4019 :
1252 3980 1315 4019 ea
1352 3977 1480 4018 vero
1523 3978 1646 4033 quae
1678 3971 1982 4032 sequuntur
2011 3980 2026 4017 :
2060 3961 2175 4016 Ea:—

594 4056 759 4111 tendit
819 4055 1072 4110 Dominus
1128 4073 1345 4110 manum
1398 4071 1553 4111 suam
1599 4053 1669 4107 ad
1709 4070 1810 4120 me,
1837 4064 1885 4109 et
1913 4055 2082 4123 tetigit
2116 4071 2172 4108 os

593 4164 788 4216 meum,
819 4159 866 4202 et
891 4149 1030 4201 dixit
1062 4147 1320 4201 Dominus
1348 4149 1416 4202 ad
1441 4163 1522 4202 me
1554 4161 1573 4200 :
1607 4145 1741 4201 Ecce
1761 4147 1883 4201 dedi
1908 4163 2172 4205 sermones

591 4257 732 4298 meos
767 4243 821 4296 in
849 4259 906 4298 os
931 4253 1079 4298 tuum
1104 4260 1122 4308 ;
1145 4260 1259 4298 ecce
1290 4243 1540 4297 constitui
1564 4253 1613 4296 te
1636 4241 1790 4295 hodie
1818 4258 1976 4311 super
1998 4252 2172 4312 gentes

591 4344 640 4388 et
669 4350 848 4406 regna,
874 4336 1144 4389 eradicare
1171 4345 1221 4389 et
1247 4336 1546 4401 disperdere
1578 4335 1619 4365 “
1646 4374 1664 4400 ,
1693 4335 1761 4390 de
1780 4333 2016 4391 Ieremia
2044 4333 2174 4389 ditii-

592 4428 752 4485 cilem
770 4430 979 4489 faciunt
1005 4425 1510 4492 interpretationem
1565 4445 1577 4478 :
1624 4439 1763 4492 quas
1801 4426 1945 4479 enim
1987 4434 2175 4492 gentes

593 4517 891 4572 eradicavit
911 4514 1218 4570 Jeremias?
1243 4530 1364 4585 quae
1389 4530 1553 4583 regna
1578 4515 1867 4579 subvertit,
1894 4525 1955 4569 ut
1979 4517 2176 4570 merito

2272 3311 2419 3383 τῆρι.
2473 3314 2608 3368 Τίνα
2652 3311 2746 3369 οὖν
2793 3317 2909 3369 ἐστι
2952 3316 3020 3370 τὰ
3064 3318 3444 3390 ἐφαρμόζοντα
3493 3317 3571 3389 τῷ
3613 3319 3860 3389 Σωτῆρι;

2279 3420 2299 3455 ι
2328 3398 2474 3477 Πρὸς
2523 3405 2752 3471 πάντας,
2806 3406 2900 3472 οὒς
2921 3408 3019 3462 ἐὰν
3055 3409 3419 3475 ἐξαποστείλω
3464 3428 3544 3474 σε,
3590 3406 3856 3483 πορεύσῃ’

2274 3497 2370 3551 καὶ
2415 3496 2557 3550 κατὰ
2597 3498 2775 3552 πάντα
2812 3499 2913 3552 ὅσα
2956 3500 3052 3553 ἐὰν
3094 3501 3416 3574 ἐντείλωμαί
3455 3519 3537 3556 σοι
3581 3501 3859 3573 λαλήσεις.

2272 3589 2365 3659 Μὴ
2390 3588 2635 3661 φοϐηθῇς
2656 3589 2764 3643 ἀπὸ
2792 3590 3084 3662 προσώπου
3108 3592 3307 3647 αὐτῶνθ
3338 3594 3419 3646 ὅτι
3447 3592 3585 3664 μετὰ
3614 3593 3708 3648 σοῦ
3744 3594 3861 3666 ειμι

2271 3678 2366 3732 τοῦ
2391 3677 2723 3752 ἐξαιρεῖσθαι
2751 3697 2830 3745 σε,
2849 3681 2995 3751 λέγει
3022 3682 3246 3754 Κύριος.
3279 3702 3298 3735 ›
3326 3682 3490 3738 Οῠπω
3512 3684 3683 3738 ταῦτα
3707 3685 3863 3755 ἐναρο

2273 3771 2387 3840 γῶς
2413 3771 2551 3842 πρὸς
2575 3772 2667 3826 τὸν
2691 3772 2921 3845 Σωτῆρα
2947 3773 3086 3839 δόξει
3112 3774 3178 3828 ἂν
3202 3775 3592 3848 ἀναφέρεσθαι,
3619 3775 3688 3829 τὰ
3731 3775 3862 3845 ἑξῆς

2273 3863 2331 3917 δέ
2350 3880 2363 3893 ⁸
2395 3882 2414 3915 ι
2444 3864 2557 3916 Καὶ
2587 3863 2819 3930 ἐξέτεινε
2842 3864 3046 3937 Κύριος
3076 3867 3175 3937 τὴν
3204 3868 3366 3939 χεῖρα
3397 3866 3562 3919 αὑτοῦ
3596 3866 3732 3936 πρός
3768 3882 3859 3935 με,

2276 3958 2375 4013 καὶ
2420 3957 2597 4029 ἥψατο
2626 3958 2720 4012 τοῦ
2757 3960 3021 4031 στόματός
3055 3978 3175 4032 μου,
3209 3962 3302 4014 καὶ
3330 3956 3452 4016 εἷπε
3484 3962 3685 4034 Κύριος
3719 3963 3857 4033 πρός

2278 4068 2378 4123 με*
2417 4051 2549 4105 Ἰδοὺ
2575 4051 2783 4106 δέδωκα
2804 4053 2931 4115 τοὺς
2962 4052 3152 4123 λόγους
3175 4070 3276 4124 μου
3314 4056 3396 4117 εἰς
3421 4053 3484 4107 τὸ
3531 4054 3705 4124 στόμα
3739 4069 3854 4106 σου’

2283 4142 2392 4197 ἰδοὺ
2423 4141 2738 4197 καθέστακά
2779 4159 2840 4196 σε
2871 4143 3111 4214 σήμερον
3136 4143 3229 4194 ἐπὶ
3256 4141 3382 4214 ἔθνη
3418 4145 3512 4196 καὶ
3554 4142 3857 4214 βασιλείας,

2276 4235 2527 4309 ἐκριζοῦν
2557 4237 2651 4290 καὶ
2684 4237 3115 4291 κατασκάπτειν.
3171 4256 3190 4288 s
3253 4238 3521 4309 Ἱερεμίας
3560 4241 3689 4291 ποῖα
3729 4238 3860 4309 ἔθνη

2276 4325 2601 4399 ἐξερῤίζωσε
2626 4344 2642 4394 ;
2675 4327 2834 4390 ποίας
2859 4326 3193 4398 κατέστρεψε
3216 4326 3524 4394 βασιλείας;
3549 4329 3859 4400 γέγραπται

2275 4418 2404 4489 γάρ·
2438 4436 2456 4469 ι
2508 4419 2638 4471 Ἰδοὺ
2670 4416 2987 4470 καθέστακα
3020 4434 3079 4470 σε
3107 4418 3343 4488 σήμερον
3371 4420 3465 4471 ἐπὶ
3491 4419 3616 4490 ἔθνη
3645 4421 3737 4474 καὶ
3761 4419 3858 4490 βα-

2279 4507 2502 4571 σιλείας,
2525 4508 2776 4580 ἐκριζοῦν
2801 4508 2892 4560 καὶ
2918 4511 3345 4564 κατασκάπτειν.
3388 4530 3407 4563 ι
3442 4512 3607 4564 Ποίαν
3632 4511 3688 4564 δέ
3713 4509 3860 4583 εἶχεν

595 4606 643 4661 ei
669 4609 874 4663 dictum
909 4604 1161 4661 sitzEcce
1187 4606 1438 4660 constitui
1464 4618 1513 4660 te
1536 4604 1694 4659 'Itodie
1727 4621 1883 4674 super
1904 4616 2099 4675 gentes,
2120 4614 2170 4658 et
2207 4608 2249 4662 D
2278 4601 2291 4652 ἔ

2163 4614 2170 4656 ι
2207 4608 2249 4662 D
2278 4599 2524 4664 ἐξουσίαν
2547 4601 2576 4653 6
2620 4600 2888 4672 Ἱερεμίας
2922 4603 3002 4667 είς
3040 4603 3100 4655 τὸ
3129 4603 3438 4669 ἀπολλύειν,
3469 4608 3608 4678 ὅπερ
3645 4609 3859 4679 εἴρηται

594 4710 749 4765 super
769 4714 926 4768 regna
937 4698 1211 4752 eradicare
1230 4696 1451 4766 128a
1467 4694 1728 4764 suffodere
1747 4697 1770 4749 ?
1794 4696 1967 4761 Quam
1985 4694 2176 4749 habuit

596 4796 914 4859 potestatem
948 4789 1014 4843 ad
1039 4789 1487 4859 disperdendum,
1513 4795 1572 4841 ut
1593 4785 1825 4841 audierit
1852 4805 1867 4840 :
1897 4796 1945 4840 et
1969 4787 2175 4856 disper-

595 4877 763 4932 dere?
801 4875 949 4943 Quos
996 4892 1126 4932 vero
1155 4878 1271 4943 ιη)
1325 4876 1632 4941 aediﬁcavit,
1674 4884 1734 4930 ut
1779 4884 2177 4946 consequenter

595 4969 849 5032 addatur,
887 4969 1199 5038 wdiﬁcare?
1241 4967 1510 5024 Jeretuias
1554 4969 1690 5025 dixit
1741 4986 1755 5023 :
1804 4967 1927 5023 Non
1974 4968 2173 5038 profui,

594 5076 756 5130 neque
796 5059 997 5130 profuit
1042 5059 1170 5113 mihi
1203 5059 1421 5129 aliquis,
1457 5068 1511 5113 et
1538 5060 1814 5129 quomodo
1845 5059 1970 5114 data
2011 5067 2095 5115 est
2124 5059 2174 5115 ei

594 5153 878 5209 tediﬁcatio
922 5163 1086 5221 atque
1146 5152 1445 5222 plantatio?
1494 5151 1639 5217 llaec,
1694 5161 1755 5207 ιιι
1799 5152 2061 5217 diximus,
2103 5150 2173 5206 ad

598 5246 934 5300 Salvatorem
989 5243 1156 5297 relata
1205 5259 1311 5297 non
1361 5253 1646 5299 coarctant
1701 5244 2168 5313 interpretantem.

594 5335 857 5392 Jeremias
876 5337 1022 5391 enim
1051 5335 1105 5389 in
1124 5335 1241 5390 istis
1268 5334 1568 5392 Salvatoris
1589 5336 1763 5406 ﬁgura
1783 5345 1888 5391 est.
1908 5333 2013 5390 Sed
2040 5345 2094 5390 et
2109 5351 2174 5391 ea

595 5443 718 5497 quae
750 5438 1075 5499 sequuntur,
1110 5436 1162 5482 et
1201 5426 1519 5482 doctissimo
1558 5427 1767 5482 homini
1801 5427 2171 5482 diﬂieultatem

670 5628 693 5660 ⁸
722 5628 926 5686 Jerem.
962 5647 1118 5697 XVIII,
1143 5631 1199 5687 8.
1275 5632 1295 5665 ⁷
1327 5631 1464 5687 Gen.
1492 5648 1587 5698 xx,
1618 5632 1672 5687 7.
1747 5632 1770 5664 ⁸
1804 5632 2009 5688 Jerem.
2043 5647 2083 5695 ι,
2124 5630 2179 5685 5.

668 5750 780 5820 (Η)
815 5750 1013 5806 Otiose.
1050 5752 1314 5823 Vitiosam
1355 5754 1447 5808 hic
1475 5762 1698 5809 secutus
1732 5755 1945 5810 videtur
1984 5753 2178 5808 Hiero-

599 5836 803 5903 nymus
831 5832 1010 5903 textus
1045 5821 1561 5903 Graeci‘lectionem,
1611 5838 1806 5893 nempe
1837 5823 2026 5896 ἀργῶς
2072 5838 2174 5895 pro

598 5893 866 5966 ἐναργῶς,
899 5893 1113 5961 diserte,
1142 5902 1340 5961 aperte.

2275 4689 2352 4752 ὼς
2400 4689 2538 4761 πρὸς
2586 4689 2852 4762 Ἱερεμίαν
2890 4691 2948 4745 ἐν
2994 4691 3095 4762 τῷ,
3117 4693 3213 4750 καὶ
3234 4693 3769 4761 ἀπολλύειν;Τίνας
3802 4696 3861 4751 δὲ

2280 4780 2566 4846 τοσούτους
2609 4781 2955 4854 ᾠκοδόμησεν
3015 4785 3303 4857 Ἱερεμίας,
3359 4788 3447 4844 ἵνα
3494 4790 3719 4863 λέγηται
3767 4790 3861 4845 καὶ

2275 4870 2710 4942 ἀνοικοδόμεῖιτ
2769 4873 3040 4945 Ἱερεμίας
3097 4877 3294 4946 φησίν·
3362 4881 3484 4932 Οὐκ
3549 4879 3858 4947 ὠφέλησαν,

2276 4964 2420 5019 οὐδὲ
2445 4962 2723 5034 ὠφέλησέ
2752 4982 2829 5034 με
2866 4965 3085 5033 οὐδείς.
3116 4968 3240 5033 Πῶς
3267 4966 3358 5024 οὖν
3387 4970 3593 5023 δέδοται
3626 4968 3773 5037 αὐτῷ
3797 4970 3859 5022 τὸ

2278 5056 2582 5127 οἰκοδομεῖν
2603 5057 2698 5110 καίι
2726 5057 3145 5127 καταφυτεύειν;
3178 5058 3303 5122 Πῶς
3336 5059 3427 5110 ἐπὶ
3457 5058 3547 5110 τὸν
3593 5056 3857 5127 Ἱερεμίαν

2280 5149 2582 5221 ἐφαρμόσει
2615 5149 2676 5203 τὸ
2708 5150 3126 5220 καταφυτεύειν;
3158 5150 3343 5204 Ταῦτα
3385 5150 3476 5202 ἐπὶ
3507 5149 3599 5201 τὸν
3627 5149 3859 5221 Σωτῆρα

2281 5241 2683 5314 ἀναφερόμενα,
2707 5242 2769 5295 οὐ
2796 5241 2967 5296 θλίϐει
2993 5243 3083 5296 τὸν
3106 5241 3493 5313 ἐρμηνεύοντα·
3518 5241 3600 5294 ὅτι
3625 5244 3652 5294 6
3693 5241 3859 5314 Ἱερε-

2284 5333 2417 5406 μίας
2448 5335 2504 5387 έν
2539 5333 2747 5398 τούτοις
2791 5331 3058 5406 σύμϐολον
3100 5333 3194 5387 τοῦ
3228 5331 3479 5403 Σωτῆρός
3512 5333 3650 5387 ἐστι.
3693 5332 3775 5387 Τά
3804 5334 3860 5386 δὲ

2281 5426 2775 5500 παρατεθησόμενα
2819 5427 2960 5481 πάνυ
3002 5425 3174 5478 θλίϐει
3207 5424 3420 5478 καὶτὸν
3465 5426 3604 5480 πάνυ
3641 5427 3861 5481 συνετὸν

2255 5631 2277 5663 ⁸
2307 5630 2442 5688 Gen.
2480 5649 2581 5700 xu,
2616 5635 2669 5691 1.
2748 5634 2790 5666 ¹⁰
2821 5631 3023 5688 Jerem.
3055 5646 3094 5699 ι,
3125 5630 3177 5697 7,
3204 5630 3260 5687 8.
3339 5631 3380 5662 ¹¹
3409 5631 3541 5687 ibid.
3572 5632 3627 5696 9,
3661 5630 3753 5686 10.

2357 5729 2711 5880 (ἐὲλοηιιιεε
2739 5773 2898 5821 mss.,
2926 5771 3056 5826 quos
3086 5771 3227 5812 vero.
3263 5755 3418 5814 Libb.
3439 5755 3596 5822 edit.,
3614 5768 3857 5828 quanam

2282 5842 2422 5880 τετυ.
