4296 6288
320 346 391 406 ἓίῗ
403 344 423 401 ι

1576 348 1642 403 IN
1676 348 2022 406 JEREMIAM
2060 347 2345 406 HOMILIA
2388 347 2428 404 Ι.

3503 354 3611 408 262

331 462 655 535 βουλόμενον
688 460 856 527 δεῖξαι
899 460 1019 528 πῶς
1065 463 1159 517 καὶ
1190 463 1364 517 ταῦτα
1406 463 1630 518 δύναται
1677 463 1923 536 ἁρμόσαι
1954 467 2000 523 Α

1913 481 1923 516 ι
1954 467 2000 523 Α
2028 462 2390 532 expositionis
2421 446 2739 531 important,
2769 458 3046 531 quomodo
3069 464 3281 530 possint
3305 478 3609 535 congruere

335 555 435 607 ἐπὶ
461 555 550 607 τὸν
576 553 802 627 Σωτῆρα
820 570 836 587 ’
880 555 992 609 Καὶ
1021 550 1182 610 εἶπα·
1229 555 1284 608 '0
1306 555 1684 623 ὦκ’,δέσποτα
1716 559 1917 626 Κύριε,

339 646 468 701 Ιδοὺ
520 647 626 700 οὐκ
692 645 1019 716 ἐπίσταμαι
1063 647 1298 702 λαλεῖν
1354 650 1504 713 ὅστις
1563 650 1680 701 ἐστὶ
1736 649 1917 719 σοφία,

339 738 479 801 ὅστις
521 736 641 790 ἐστὶ
685 729 1117 808 δύναμιςῈεοῦ,
1157 737 1216 802 ὃς
1242 739 1472 812 ἧνεγκεν
1514 740 1646 811 ἡμῖν
1686 738 1749 792 τὸ
1793 740 1923 811 πλή-

335 844 486 901 ρωμα
534 829 639 900 τῆς
691 827 965 898 θεότητος,
1019 829 1047 883 ὃ
1094 828 1417 903 κατῴκησεν
1449 833 1509 885 ἐν
1553 831 1703 902 αὐτῷ
1736 848 1923 901 σωμα-

334 922 509 987 τικῶς.
553 922 686 986 Πῶς
725 918 820 976 οὖν
850 922 1070 976 δύναται
1111 924 1376 996 ἁρμόζειν
1403 922 1487 987 τὸ,
1524 927 1646 979 Οὐκ
1672 925 1922 979 ἐπίστα-

327 1030 425 1083 μαι
463 1014 705 1079 λαλεῖν,
747 1014 826 1086 τῷ
868 1015 1115 1087 Σωτῆρι;
1171 1015 1332 1069 Ἀλλά
1363 1016 1456 1070 καὶ
1494 1020 1561 1073 τὸ
1583 1058 1600 1084 ,
1622 1015 1921 1085 Νεώτερος

328 1105 438 1176 ἐγώ
482 1109 625 1178 εἰμι,
677 1106 1084 1178 ἀπαγορεύεται
1125 1106 1261 1179 πρὸς
1303 1104 1394 1161 τὸν
1423 1108 1675 1180 Σωτῆρα,
1709 1107 1785 1169 ὡς
1839 1107 1922 1160 λέ-

331 1215 496 1266 γοντα
525 1200 689 1253 αὐτὸν
714 1201 777 1253 οὐ
811 1196 1015 1262 καλῶς.
1041 1198 1105 1251 Εἰ
1140 1197 1249 1268 γὰρ
1275 1197 1426 1268 αὐτῷ
1448 1196 1598 1266 λέγει
1624 1199 1660 1250 ό
1689 1197 1916 1269 Κύριος,

331 1289 425 1358 Μὴ
457 1290 603 1360 λέγε
631 1290 786 1357 τόδε,
818 1289 996 1361 δῆλον,
1026 1289 1109 1342 ὃτι
1137 1290 1198 1342 οὑ
1236 1287 1417 1353 καλῶς
1444 1288 1738 1359 λεγόμενον
1806 1289 1918 1346 ἀπε

333 1381 786 1453 αγορεύειαὺτόν.
808 1384 920 1454 Οὐχ
958 1380 1190 1453 ἁρμόζει
1219 1375 1313 1434 οῦν
1338 1378 1511 1434 ταῦτα
1552 1380 1646 1434 ἐπὶ
1677 1380 1769 1434 τὸν
1800 1381 1918 1433 Σω-

333 1470 492 1542 τῆρα.
550 1472 765 1527 Ἐκεῖνα
792 1471 942 1527 δοκεῖ
974 1471 1245 1527 δυσωπεῖν
1284 1473 1379 1526 ἐπὶ
1411 1472 1503 1526 τὸν
1534 1471 1788 1544 Σωτῆρα.
1822 1474 1917 1527 Εἰ-

330 1562 450 1614 πεῖν
478 1561 554 1627 δὲ,
585 1562 666 1615 ὃτι
688 1561 864 1631 ταῦτα
898 1564 996 1635 μὲν
1028 1563 1122 1616 ἐπὶ
1139 1563 1233 1617 τδν
1265 1564 1535 1636 Ἰερεμίαν
1557 1564 1913 1636 ἀναφέρεται,

328 1651 507 1706 ἐκεῖνα
536 1653 594 1707 δὲ
637 1654 732 1707 ἐπὶ
771 1654 864 1709 τὸν
906 1655 1155 1728 Σωτῆρα,
1205 1656 1264 1709 οὐ
1300 1657 1556 1728 χαλεπόν.
1615 1657 1674 1709 '0
1729 1656 1914 1728 μέντοι

328 1743 619 1816 εὐγνώμων
649 1746 792 1801 πάνυ
814 1746 1129 1818 θλιϐήσεται
1159 1749 1217 1803 ἐν
1241 1747 1318 1819 τῷ
1345 1748 1516 1820 τόπῳ,
1544 1746 1712 1821 ὁρῶν,
1738 1749 1820 1802 ὅτι
1854 1748 1915 1803 τὸ

2032 549 2377 606 υοιιιίιιοεΕι
2405 550 2522 604 dixi
2542 566 2562 605 :
2586 551 2760 616 Quies
2779 551 2893 621 (Ιὸ)
2911 552 3210 607 dominator
3238 553 3479 622 Domine,
3493 573 3608 611 ecce

2028 644 2202 698 nescio
2224 642 2369 714 loqui
2404 645 2468 697 ι’.
2498 640 2599 709 Qui
2630 651 2713 697 est
2735 643 3024 713 sapientia,
3054 645 3149 714 qui
3182 655 3266 700 est
3284 647 3463 703 virtus
3486 648 3606 715 Dei,

2028 738 2082 791 in
2109 752 2221 807 quo
2241 735 2524 807 plenitudo
2543 734 2853 791 Diviuitatis
2877 735 3148 791 inhabitat
3163 740 3518 807 corporaliter
3535 736 3604 803 ⁸³,

2026 828 2302 897 quomodo
2335 826 2463 881 huic
2497 825 2672 895 aptari
2707 834 2926 895 potest:
2966 824 3161 881 Nescio
3186 826 3381 898 loqui?
3411 829 3517 885 Sed
3552 837 3610 886 et

2027 918 2158 973 illud
2192 936 2206 971 :
2243 917 2385 983 Quia
2424 917 2635 987 juvenis
2680 933 2771 988 ego
2808 934 2946 982 sum,
2980 917 3322 974 interdicitur
3354 920 3402 975 ei
3449 923 3606 987 quasi

2028 1025 2135 1064 non
2169 1011 2307 1065 bene
2342 1010 2714 1080 responderit.
2747 1007 2806 1064 Si
2840 1009 3036 1064 etenim
3062 1010 3112 1065 ei
3139 1011 3273 1067 dicit
3297 1011 3562 1069 Dominus
3591 1032 3606 1069 :

2029 1099 2213 1154 Nolite
2259 1099 2432 1153 dicere
2482 1100 2609 1170 quia
2653 1100 2865 1169 juvenis
2918 1117 3061 1167 sum,
3113 1099 3467 1157 manifestum
3525 1114 3611 1163 est

2027 1189 2185 1259 quasi
2214 1203 2321 1242 non
2355 1189 2490 1243 bene
2517 1188 2795 1243 dicentem
2835 1188 3008 1244 fuisse
3037 1191 3450 1260 reprehensum.
3482 1190 3609 1247 Haec

2025 1293 2155 1335 sunt
2191 1296 2314 1350 quae
2349 1277 2617 1334 Salvatori
2647 1280 2902 1336 videntur
2930 1297 3037 1336 non
3081 1283 3391 1338 convenire.
3425 1281 3606 1353 Supe-

2022 1372 2167 1427 riora
2198 1381 2380 1428 autem
2419 1372 2565 1427 facili
2594 1372 2869 1428 intellectu
2893 1374 2960 1429 ad
2993 1389 3117 1428 eum
3152 1374 3480 1430 referuntur.
3512 1376 3605 1430 Di«

2022 1480 2147 1521 cere
2188 1480 2316 1520 vero
2347 1466 2454 1520 alia
2478 1480 2644 1535 super
2669 1464 2923 1532 Jeremia,
2956 1466 3062 1521 alia
3112 1482 3277 1536 super
3308 1465 3599 1521 Salvatore

2023 1557 2430 1625 interpretanda
2455 1571 2597 1621 esse,
2625 1570 2733 1609 non
2758 1557 3055 1626 pessimum
3081 1565 3184 1614 est.
3213 1557 3316 1613 Sed
3342 1559 3439 1629 qui
3465 1562 3605 1615 bene

2024 1647 2338 1717 Scripturas
2362 1663 2525 1703 nosse
2556 1659 2806 1716 conatur,
2833 1649 3181 1705 vehementer
3208 1650 3261 1705 in
3286 1651 3394 1706 isto
3422 1654 3604 1708 trista-

2022 1736 2170 1792 bitur
2194 1738 2307 1809 (14)
2329 1741 2471 1805 loco,
2500 1740 2689 1796 videns
2716 1742 2818 1796 sub
2840 1756 2949 1796 uno
2968 1750 3116 1797 textu
3143 1743 3416 1798 sermonis
3431 1743 3599 1799 dividi

327 1834 576 1907 διακόψαι
596 1841 654 1894 ἐν
679 1838 858 1910 εἱρμῷ
877 1839 1053 1908 λόγων
1067 1839 1261 1910 λόγους
1292 1818 1620 1912 εἰρημένους
1643 1838 1754 1893 εἴτε
1781 1840 1919 1911 πρὸς
1948 1818 1993 1873 Β

1902 1818 1993 1904 ;B
2022 1830 2380 1899 intellectum,
2410 1841 2465 1887 et
2494 1833 2600 1887 dici
2637 1852 2650 1888 :
2694 1834 2833 1897 haec,
2875 1837 3134 1903 quoniam
3183 1837 3395 1891 minora
3449 1847 3598 1903 sunt,

325 1926 414 1980 τὸν
453 1925 745 2000 Ἱερεμίαν,
782 1931 893 1983 εἴτε
936 1930 1075 2001 πρὸς
1102 1931 1194 1984 τὸν
1239 1930 1486 2002 Σωτῆρα.
1517 1929 1713 1984 Καίτοι
1736 1929 1916 1997 λέγειν

324 2017 496 2073 ταῦτα
522 2021 584 2073 οὐ
605 2018 683 2090 τῷ
708 2020 952 2092 Χριστῷ,
975 2020 1110 2074 ἀλλά
1134 2020 1213 2090 τῷ
1236 2019 1481 2092 Ἱερεμίᾳ
1508 2019 1802 2090 ἁρμόζειν*
1823 2019 1920 2073 καὶ

321 2111 515 2177 ταῦτα,
542 2113 667 2165 ἐπεὶ
692 2113 917 2183 μείζονά
945 2115 1093 2166 ἐστιν
1130 2112 1419 2183 Ἰερεμίου,
1449 2111 1511 2164 οὐ
1541 2110 1620 2182 τῷ
1653 2111 1917 2183 Ἱερεμίᾳ,

321 2200 466 2254 ἀλλά
494 2199 573 2271 τῷ
601 2201 825 2274 Χριστῷ
853 2202 1137 2276 ἁρμόζειν,
1180 2201 1512 2272 ἀγνωμόνων
1544 2201 1716 2255 ἐστίν.
1755 2202 1919 2256 Ὀλον

320 2288 418 2346 οὖν
466 2293 560 2345 ἐπὶ
595 2292 688 2345 τὸν
742 2293 1013 2365 Ἱερεμίαν
1058 2293 1433 2366 ἀναφερέσθω,
1481 2292 1575 2347 καὶ
1620 2292 1796 2349 ταῦτα
1850 2292 1921 2348 τὰ

323 2383 587 2438 δοκοῦντα
618 2380 757 2438 εἶναι
795 2384 1017 2455 μείζονα
1064 2385 1330 2456 Ἰερεμίου
1365 2383 1779 2458 ἐρμηνευέσθω.

396 2475 512 2538 Πᾶς
551 2475 580 2526 ό
613 2472 793 2528 λαϐὼν
826 2473 1017 2544 λόγους
1043 2472 1154 2530 ἀπὸ
1183 2475 1342 2541 Θεοῦ,
1380 2477 1474 2531 καὶ
1520 2476 1661 2548 ἔχων
1692 2477 1793 2550 τὴν
1818 2478 1920 2551 ’χά-

328 2580 412 2639 ριν
438 2566 548 2621 τῶν
574 2567 840 2640 οὐρανίων
877 2567 1075 2637 λόγων,
1104 2568 1297 2622 ἔλασεν
1331 2568 1527 2634 αὐτοὺς
1568 2569 1662 2623 ἐπὶ
1687 2569 1755 2624 τά
1785 2569 1913 2643 ἔθνη

327 2656 420 2710 καὶ
472 2657 768 2728 βασιλείας,
819 2659 1072 2732 ἐκριξοῦν
1118 2662 1211 2715 καὶ
1250 2662 1681 2717 κατασκάπτειν.
1750 2661 1915 2719 Ἀλλά

327 2746 454 2820 ἔθνη
472 2748 566 2803 καὶ
587 2749 866 2820 βασιλείας
893 2751 989 2805 ἐὰν
1014 2751 1240 2824 λέγηται
1267 2752 1518 2826 ἐκριζοῦν
1541 2755 1650 2819 πᾶς
1677 2756 1706 2808 ό
1733 2754 1914 2816 λαϐὼν

325 2837 514 2910 λόγους
551 2842 660 2895 ἀπὸ
705 2841 863 2906 Θεοῦ,
914 2843 989 2915 μὴ
1038 2844 1367 2915 σωματικῶς
1401 2862 1493 2916 μοι
1537 2845 1646 2900 νόει
1677 2846 1747 2901 τὰ
1783 2845 1911 2920 ἔθνη

325 2934 417 2987 καὶ
459 2933 559 2998 τάς
591 2932 887 3005 βασιλείας,
913 2934 1048 2989 ἀλλά
1077 2936 1417 3009 κατανοήσας
1437 2936 1536 3001 τὰς
1567 2937 1913 3008 ἀνθρωπίνας

323 3023 500 3096 ψυχὰς
548 3025 970 3099 βασιλευομένας
1020 3027 1127 3081 ὑπὸ
1172 3028 1273 3100 τῆς
1327 3030 1620 3101 ἁμαρτίας,
1669 3030 1810 3086 κατά
1853 3030 1914 3085 τὸ

323 3114 612 3187 εἰρημένον
637 3116 785 3189 παρά
810 3117 889 3189 τῷ
926 3118 1253 3190 Ἀποστόλῳο
1282 3119 1378 3189 Μὴ
1405 3116 1520 3176 οὖν
1533 3119 1911 3186 ,ϐασιλευέτω
1939 3154 1982 3212 C

323 3205 364 3274 ἠ
400 3206 657 3275 ἁμαρτία
681 3208 752 3261 ἐν
772 3207 852 3274 τῷ
879 3207 1073 3277 θνητῷ
1104 3209 1273 3279 ὑμῶν
1300 3210 1526 3281 σώματι
1546 3229 1560 3244 ο
1604 3212 1817 3284 βλέπων
1852 3214 1911 3269 δὲ

324 3295 416 3349 καὶ
439 3296 509 3350 τὰ
536 3296 706 3352 πολλὰ
728 3298 844 3371 εἴδη
866 3297 976 3353 τῶν
993 3301 1432 3373 ἁμαρτημάτων,
1469 3303 1787 3374 τροπολόγει
1817 3302 1912 3358 καὶ

324 3384 393 3439 τὰ
417 3384 567 3456 ῐθνη,
596 3386 693 3440 καὶ⁸
722 3387 820 3451 τὰς
852 3386 1150 3458 βασιλείας,
1181 3390 1276 3444 καὶ
1305 3389 1377 3444 τὰ
1396 3391 1575 3460 φαῦλα
1607 3390 1676 3446 τά
1703 3393 1762 3446 ἐν
1792 3395 1912 3456 ταῖς

320 3474 520 3547 ψυχαῖς
533 3476 643 3531 τῶν
663 3476 963 3551 ἀνθρώπιον
982 3478 1132 3546 ὅντα,
1163 3481 1323 3536 ἀτινα
1339 3481 1677 3553 ἐκριζοῦται,
1698 3483 1794 3537 καὶ
1817 3499 1913 3537 κα-

321 3567 696 3621 τασκάπτεται
741 3568 847 3621 ὑπὸ
873 3569 983 3622 τῶν
1015 3569 1315 3641 δεδομένων
1345 3571 1455 3624 εἴτε
1504 3571 1750 3644 Ἱερεμίᾳ
1797 3572 1910 3626 εἴτε

323 3657 579 3732 ᾡτινιοῦν
601 3659 776 3729 λόγων
801 3659 895 3714 τοῦ
918 3660 1075 3714 Θεοῦ.
1110 3663 1221 3715 Καὶ
1240 3662 1463 3716 δύναται
1486 3663 1671 3717 καὶτὰ
1691 3662 1906 3736 πρῶτα,

321 3748 391 3803 τὰ
409 3749 661 3805 θλίϐοντά
684 3750 759 3814 ὡς
790 3751 926 3823 πρὸς
944 3752 1035 3805 τὸν
1067 3752 1321 3825 Σωτῆρα,
1349 3753 1662 3825 ἐφαρμόσαι
1688 3753 1768 3826 τῷ
1811 3755 1911 3809 Ἱε-

324 3840 511 3913 ρεμίᾳ,
545 3842 641 3895 καὶ
671 3841 741 3895 τὰ
762 3841 997 3914 δεύτερα
1027 3843 1226 3915 ὁμοίως
1264 3844 1342 3915 τῷ
1368 3844 1529 3898 εἰδότι
1563 3847 1910 3919 τροπολογεῖν

325 3932 637 4005 ἐφαρμόσαι
680 3932 758 4004 τῷ
796 3933 963 4006 αὐτῷ.
1001 3936 1148 4007 Ἐρεῖ
1191 3935 1281 4007 μοί
1321 3954 1403 4001 τις
1443 3937 1550 3991 τῶν
1580 3940 1908 3994 ἀκουόντωνο

322 4022 605 4095 Γύμνασον
655 4027 749 4080 καὶ
787 4026 877 4081 τὸν
918 4027 1077 4081 ἀλλον
1121 4026 1299 4095 λόγον,
1349 4027 1445 4082 καὶ
1475 4028 1573 4081 ὅλα
1617 4031 1911 4102 πειράθητι

323 4116 679 4187 παραστῆσαι
712 4116 784 4171 τὰ
809 4118 1171 4191 γεγραμμένα
1216 4118 1523 4191 ἁρμόζοντα
1563 4119 1642 4191 τῷ
1674 4122 1908 4193 Σωτῆριο

323 4210 454 4281 περὶ
483 4207 591 4262 τῶν
623 4208 892 4283 δευτέρων
941 4210 1015 4283 μὴ
1047 4209 1289 4280 ἀγωνία·
1329 4210 1580 4281 φαίνεται
1611 4210 1748 4284 γὰρ,
1769 4212 1851 4267 ὅτι
1881 4213 1912 4268 ό

321 4297 513 4370 Σωτὴρ
546 4298 871 4368 ἐξερῤίζωσε
915 4299 1016 4363 τὰς
1056 4297 1320 4352 διαϐόλων
1366 4284 1665 4368 βασιλείας,
1713 4298 1807 4352 καὶ
1843 4299 1912 4355 τά

323 4387 447 4461 ἔθνη
477 4389 815 4460 κατέσκαψε,
832 4391 926 4444 τὸν
945 4390 1158 4445 ἐθνικὸν
1182 4391 1294 4464 βίον
1320 4390 1583 4446 καθελών.
1619 4393 1906 4460 Ἐνταῦθα,

2019 1940 2131 1979 non
2171 1925 2503 1979 conveniunt
2536 1925 2830 1990 Saluatori,
2862 1927 2956 1981 sed
2999 1925 3283 1989 Jereiniaa;
3316 1927 3406 1981 illa
3450 1943 3599 1994 vero,

2020 2015 2281 2084 quoniam
2330 2016 2540 2084 majora
2588 2026 2735 2083 sunt,
2764 2031 2872 2069 non
2920 2014 3189 2079 εἰει·εωίαι,
3223 2018 3316 2072 sed
3358 2015 3601 2073 Christo.

2021 2104 2105 2159 0b
2131 2105 2182 2159 id
2223 2114 2421 2160 cuncta
2447 2120 2550 2159 nos
2585 2106 2652 2160 ad
2687 2104 2982 2161 Jeremiam
3014 2105 3219 2162 referre
3245 2109 3600 2177 tentabimus;

2022 2197 2131 2252 hoc
2157 2206 2261 2263 est,
2288 2206 2343 2252 et
2369 2212 2454 2263 ea,
2485 2213 2608 2267 quae
2633 2213 2758 2253 cum
2790 2198 2997 2269 majora
3024 2199 3155 2267 sint,
3191 2198 3446 2256 videntur
3468 2216 3605 2258 con-

2023 2288 2285 2345 ditionem
2317 2289 2436 2360 ejus
2468 2291 2747 2347 excedere.

2090 2472 2147 2530 7.
2176 2471 2502 2544 Quicunque
2530 2489 2560 2528 ιι
2605 2472 2713 2529 Deo
2743 2473 2952 2545 accepit
2979 2474 3168 2542 verba,
3200 2491 3425 2533 sumens
3470 2494 3600 2549 gra-

2018 2565 2151 2621 tiam
2182 2566 2420 2621 caelestis
2463 2565 2688 2636 eloquii,
2719 2565 2925 2623 idcirco
2964 2582 3029 2622 ea
3073 2568 3292 2638 accipit,
3334 2581 3391 2624 ut
3434 2585 3596 2641 regna

2016 2664 2316 2728 gentesque
2342 2657 2583 2712 eradicet
2612 2665 2776 2727 atque
2799 2657 3100 2714 subvertat.
3133 2659 3240 2716 Sed
3266 2676 3391 2716 cum
3422 2662 3602 2716 nomi-

2016 2756 2218 2803 nentur
2265 2757 2455 2819 gentes
2507 2757 2564 2804 et
2606 2764 2795 2820 regna,
2828 2750 3009 2805 omnis
3057 2752 3150 2822 qui
3196 2752 3379 2808 divina
3430 2757 3598 2810 verba

2017 2833 2278 2904 suscepit,
2319 2837 2445 2908 nolo
2494 2850 2618 2889 eum
2671 2837 3034 2907 corporaliter
3081 2839 3384 2912 intelligere
3432 2859 3596 2913 regna

2015 2936 2069 2982 et
2093 2938 2298 2999 gentes,
2331 2929 2424 2985 sed
2450 2930 2808 2987 considerans
2837 2932 3051 2989 animas
3079 2935 3361 2991 hominum
3400 2952 3600 3008 regna-

2015 3026 2102 3073 tas
2144 3034 2174 3074 a
2214 3031 2460 3090 peccato,
2491 3021 2646 3088 juxta
2679 3023 2730 3077 id
2756 3026 2902 3093 quod
2934 3025 3002 3101 in
3036 3025 3297 3097 Apostolo
3331 3029 3594 3097 scriptum

2014 3119 2101 3167 est
2145 3129 2159 3166 :
2209 3109 2333 3165 Non
2384 3122 2558 3181 regnet
2606 3122 2881 3183 peccatum
2927 3115 2984 3171 in
3026 3128 3197 3172 uestro
3231 3120 3448 3174 mortali
3476 3135 3597 3175 cor-

2014 3218 2139 3274 pore
2166 3202 2249 3269 ¹⁴;
2288 3203 2478 3258 videns
2510 3220 2730 3275 quoque
2766 3206 2969 3263 multas
3009 3210 3219 3279 species
3247 3210 3591 3278 delictorum,

2014 3294 2328 3366 aliegorizet
2374 3310 2538 3365 regna
2588 3307 2640 3353 et
2687 3306 2874 3367 gentes
2900 3315 2997 3371 per
3040 3302 3185 3357 varia
3218 3303 3436 3372 delicta,
3469 3321 3593 3377 quas

2014 3385 2285 3442 humanas
2324 3388 2539 3442 animas
2587 3391 2981 3459 possederunt;
3022 3400 3078 3446 et
3109 3393 3222 3450 haec
3263 3404 3426 3451 erunt
3471 3411 3597 3466 quae

2012 3476 2312 3531 evellentur
2341 3486 2506 3548 atque
2538 3477 2897 3535 suﬁ‘odientur
2918 3496 2949 3535 a
2976 3484 3321 3539 sermonibus
3351 3484 3465 3551 Dei,
3495 3485 3590 3554 qui

2013 3568 2124 3623 dati
2151 3576 2282 3624 sunt
2313 3568 2426 3624 sive
2449 3567 2718 3636 Jeremiae,
2746 3571 2860 3626 sive
2898 3571 3108 3628 caeteris
3132 3573 3362 3627 sanctis.
3400 3571 3474 3627 Ita
3502 3576 3595 3629 lict

2011 3668 2072 3715 ut
2091 3660 2267 3731 prima
2282 3677 2404 3732 quae
2418 3676 2527 3715 non
2544 3662 2868 3718 videbantur
2889 3678 3190 3735 congruere
3213 3663 3505 3730 Salvatori,
3522 3666 3590 3718 ad

2010 3747 2303 3808 Jeremiani
2333 3752 2493 3824 129
2507 3754 2810 3810 referantur
2829 3773 2843 3821 ;
2871 3764 2924 3811 et
2946 3758 3183 3812 secunda
3199 3757 3267 3811 ab
3289 3771 3354 3810 eo
3373 3757 3464 3827 qui
3488 3758 3592 3813 scit

2018 3845 2247 3914 ﬁgurate
2281 3845 2426 3901 dicta
2454 3862 2576 3915 qua:
2603 3847 2747 3902 dicta
2775 3858 2921 3911 sunt,
2954 3847 3209 3904 Jeremize
3237 3849 3586 3920 deputentur.

2012 3931 2165 3989 Dicet
2191 3934 2326 3989 mihi
2374 3935 2574 4004 aliquis
2619 3935 2957 3999 auditorum,
2988 3937 3153 3993 etiam
3198 3939 3365 3995 alium
3410 3944 3591 4012 pande

2012 4038 2346 4086 sermonem,
2387 4030 2443 4077 et
2477 4033 2674 4078 cuncta
2704 4040 2826 4094 qua:
2869 4027 3071 4096 scripta
3105 4037 3235 4084 sunt
3270 4045 3434 4101 super
3463 4029 3590 4086 Sal-

2010 4119 2219 4177 vatore,
2253 4109 2413 4180 quasi
2461 4110 2529 4165 de
2559 4125 2625 4165 eo
2666 4112 2777 4167 sint
2829 4116 3030 4185 scripta
3066 4119 3369 4187 constitue;
3402 4121 3472 4179 de
3498 4135 3589 4176 se-

2012 4202 2209 4258 cundis
2242 4201 2353 4257 noli
2384 4217 2508 4259 esse
2534 4205 2820 4261 sollicitus.
2851 4209 3086 4277 Apparet
3111 4210 3255 4263 enim
3292 4212 3419 4281 quia
3465 4211 3590 4269 Sal-

2012 4302 2168 4350 vator
2207 4294 2567 4351 eradicaverit
2611 4312 2776 4369 regna
2828 4299 3054 4368 diaboli,
3083 4308 3138 4355 et
3167 4302 3419 4359 nationes
3453 4305 3586 4360 sub-

2010 4387 2253 4455 verterit,
2299 4387 2556 4458 gentilem
2607 4390 2894 4448 destruens
2942 4393 3132 4451 vitam.
3174 4397 3234 4450 In
3280 4397 3404 4454 istis
3437 4399 3586 4470 quod

325 4481 462 4535 κατά
498 4481 560 4534 τὸ
608 4479 822 4546 δοκοῦν,
862 4481 1161 4554 δύσφημον,
1208 4482 1284 4546 ὡς
1333 4483 1472 4555 πρὸς
1515 4482 1605 4538 τὸν
1652 4484 1903 4558 Σωτῆρα,
1940 4479 2021 4553 οἱ

1890 4527 1903 4552 ,
1940 4498 1983 4553 ο
2012 4479 2348 4537 intellectum
2386 4479 2655 4536 diﬂicilem
2691 4481 2817 4538 facit
2848 4485 2953 4539 hoc
2984 4495 3088 4552 est,
3113 4488 3389 4557 quomodo
3414 4493 3586 4560 possit

324 4569 602 4643 γύμνασόν
624 4589 743 4636 πως
761 4572 854 4626 τὸν
868 4571 1044 4642 λόγον·
1067 4573 1186 4639 πῶς
1203 4573 1424 4629 δύναται
1445 4574 1623 4644 λέγειν
1641 4576 1670 4629 ὁ
1691 4577 1904 4650 Σωτήρ·

318 4663 445 4718 οὐκ
460 4663 784 4733 ἐπίσταμαι
804 4663 1040 4730 λαλεῖν,
1069 4664 1159 4719 ὅτι
1180 4664 1468 4736 νεώτερος
1500 4667 1615 4738 ἐγώ
1646 4671 1785 4738 ειμι.
1815 4669 1909 4733 καὶ

320 4752 390 4808 τὰ
417 4754 580 4825 ἐξῆς;
624 4755 810 4827 Ὁρᾷς,
842 4756 926 4810 ὅτι
953 4757 982 4811 ό
1009 4756 1168 4826 λόγος
1196 4761 1640 4832 στενοχωρεῖταις
1667 4761 1759 4814 τὸν
1791 4762 1907 4815 Σω-

320 4845 462 4917 τῆρα
489 4845 712 4918 οἴδαμεν
744 4845 969 4919 Κύριον.
994 4847 1274 4920 Ζητοῦμεν
1299 4848 1445 4903 κατὰ
1479 4850 1580 4921 τὴν
1620 4850 1779 4916 ἀξίαν
1810 4849 1906 4906 τοῦ

321 4933 500 5006 λόγου,
526 4940 622 4992 καὶ
652 4938 795 4993 κατά
820 4939 921 5013 τὴν
947 4939 1205 5010 ἀλήθειαν
1234 4940 1409 4996 ταῦτα
1432 4942 1526 4996 ἐπὶ
1556 4943 1650 4997 τὸν
1679 4945 1908 5016 Σωτῆρα

320 5028 637 5099 ἀναγαγεῖνο
668 5031 954 5104 μάρτυρας
974 5031 1055 5084 δεῖ
1080 5030 1265 5085 λαϐεῖν
1283 5032 1384 5097 τὰς
1412 5033 1652 5106 Γραφάς.
1704 5035 1904 5108 Ἀμάρ-

320 5131 473 5189 τυροι
500 5118 611 5191 γὰρ
638 5121 692 5173 αἱ
721 5120 971 5175 ἐπιϐολαὶ
992 5124 1025 5194 ἡ
1035 5121 1151 5194 μῶν
1177 5122 1269 5175 καὶ
1291 5123 1347 5176 αἱ
1372 5120 1664 5194 ἐξηγήσεις
1686 5122 1906 5178 ἄπιστοί

322 5204 486 5264 εἰσινο
535 5212 660 5266 Ἐπὶ
681 5216 933 5284 στόματι
958 5215 1067 5269 δύο
1102 5214 1200 5268 καὶ
1228 5213 1407 5282 τριῶν
1425 5216 1743 5285 μαρτύρων
1769 5232 1909 5270 στα-

321 5301 570 5371 θήσεται
602 5304 728 5361 πᾶν
752 5305 935 5377 ῥῆμα,
965 5305 1164 5379 μᾶλλον
1193 5305 1423 5378 ἁρμόζει
1467 5306 1559 5360 ἐπὶ
1589 5306 1698 5360 τῶν
1723 5307 1909 5381 διηγή-

2014 4569 2265 4627 Salvator
2296 4571 2514 4628 dicere:
2540 4571 2734 4629 Nescio
2759 4573 2923 4646 loqui,
2948 4577 3073 4647 quia
3091 4577 3301 4647 juvenis
3325 4595 3418 4651 ego
3443 4598 3583 4647 sum,

2011 4672 2066 4720 et
2115 4673 2329 4720 caetera.
2367 4663 2425 4718 ln
2455 4665 2557 4721 hoc
2600 4683 2852 4722 sermone
2880 4669 3300 4739 interpretantes
3343 4686 3585 4745 coangu-

2015 4763 2251 4810 stantur.
2285 4753 2473 4810 Jesum
2503 4755 2783 4813 Christum
2812 4758 3018 4814 scimus
3046 4758 3217 4816 Deum
3248 4766 3584 4833 :quzerimus

2013 4847 2185 4902 verba
2231 4862 2355 4917 quae
2396 4849 2544 4904 dicta
2577 4857 2706 4904 sunt
2738 4849 2893 4918 juxta
2927 4866 3171 4921 personae
3200 4870 3473 4925 exponere
3500 4859 3587 4913 di-

2015 4938 2277 5010 gnitatem
2306 4956 2322 4993 :
2350 4949 2686 5010 quapropter
2713 4955 2935 4997 necesse
2958 4954 3041 4998 est
3071 4947 3227 5002 nobis
3271 4945 3585 5017 Scripturas

2015 5039 2235 5087 sanctas
2296 5033 2348 5086 in
2403 5033 2778 5087 testimonium
2844 5049 3075 5102 vocare;
3126 5052 3327 5094 sensus
3383 5039 3585 5108 quippe

2015 5125 2188 5178 nostri
2225 5131 2281 5178 et
2306 5123 2684 5179 enarrationes
2709 5123 2827 5179 sine
2868 5124 2935 5181 iis
2975 5130 3205 5185 testibus
3240 5146 3350 5185 non
3382 5131 3586 5188 habent

2013 5214 2173 5267 tidem
2208 5231 2222 5268 :
2256 5222 2311 5269 et
2338 5214 2441 5270 hoc
2476 5214 2619 5281 quod
2646 5214 2851 5269 dictum
2880 5224 2964 5271 est
2998 5236 3012 5271 :
3040 5216 3107 5271 In
3135 5234 3224 5272 ore
3253 5219 3481 5272 duorum
3504 5218 3584 5273 uel

2013 5308 2178 5362 trium
2204 5307 2417 5361 testium
2456 5306 2617 5361 stabit
2659 5323 2810 5362 omne
2838 5310 3049 5364 verbum
3079 5311 3145 5379 ¹⁵,
3177 5311 3348 5382 magis
3384 5324 3587 5368 conve-

392 5446 439 5478 "
476 5444 611 5501 ibid.
637 5446 692 5502 6.
769 5449 814 5481 ¹³
843 5449 1031 5507 Colos.
1068 5466 1128 5515 ιι,
1164 5451 1219 5506 9.
1298 5449 1342 5482 υ
1373 5448 1529 5504 Rom.
1562 5465 1638 5513 γι,
1668 5449 1755 5506 12.
1835 5452 1879 5485 ¹⁸
1916 5451 2081 5508 Matth

769 5449 814 5481 “
843 5449 1031 5507 Colos.
1068 5466 1128 5515 ιι,
1164 5451 1219 5506 9.
1298 5449 1342 5482 υ
1373 5448 1529 5504 Rom.
1562 5465 1638 5513 γι,
1668 5449 1755 5506 12.
1835 5452 1879 5485 ¹⁸
1916 5451 2103 5508 Matth.
2142 5466 2298 5518 xvui,
2330 5449 2416 5506 i6.

393 5564 539 5689 (ἰδὲι
553 5566 610 5621 ln
647 5564 804 5622 antea
854 5567 1016 5623 editis
1061 5568 1203 5625 male
1241 5569 1460 5643 legitur,
1494 5569 1615 5640 quis
1647 5584 1722 5635 es,
1751 5578 1807 5624 et
1839 5569 1896 5624 in

393 5650 458 5689 is.
540 5627 674 5689 culis
700 5637 826 5689 quid
862 5647 960 5689 est.
983 5636 1122 5689 Vera
1147 5639 1348 5689 unione
1372 5640 1533 5689 lectio
1558 5650 1661 5689 est.
1695 5642 1785 5689 aui
1813 5656 1891 5689 es-

324 5627 458 5712 mss.
490 5627 674 5712 Regiis
700 5637 845 5712 quid“
862 5647 960 5712 est.
983 5636 1122 5712 Vera
1147 5627 1348 5712 quippe
1371 5627 1533 5695 lectio
1558 5650 1668 5712 est,
1695 5627 1785 5710 qui
1813 5656 1891 5695 es.

325 5700 423 5760 Hic
451 5700 601 5781 enini
639 5700 765 5761 cuin
808 5705 1039 5781 Qrigene
1081 5700 1222 5763 LXX
1247 5700 1477 5767 secutus
1512 5700 1896 5781 estlliérony-

328 5789 470 5842 mus,
499 5777 595 5847 qui
629 5791 683 5828 in
705 5790 804 5831 sua
823 5775 1071 5833 .Ieremiae
1095 5781 1537 5851 interpretatione
1568 5775 1891 5839 Hebraicain

2006 5571 2255 5643 sequitur
2307 5571 2611 5643 veritatem,
2642 5571 2735 5626 ubi
2784 5570 2932 5627 hunc
2961 5586 3184 5629 versum
3214 5572 3296 5630 sic
3344 5574 3580 5633 reddit:

2002 5653 2051 5698 et
2079 5641 2253 5697 dixit.
2286 5648 2353 5705 Α,
2386 5658 2440 5705 a,
2472 5658 2524 5703 a,
2558 5641 2777 5697 Domine
2812 5643 2972 5697 Deus.

2078 5713 2192 5785 (14)
2226 5711 2381 5782 Mss.,
2410 5711 2749 5781 tristabilur;
2784 5713 2875 5768 lib.
2909 5713 3067 5784 edit.,
3092 5712 3326 5772 instabit.
