4296 6288
591 422 702 479 ac;
2009 403 2338 463 ORIGENlS
3745 419 3849 476 ea;

596 541 679 593 nit
711 537 779 592 ad
817 533 1226 604 interpretantis
1253 525 1649 599 probationem,
1682 541 1849 596 quam
1891 539 2162 595 quorum-
2194 531 2239 586 Α
2268 541 2292 576 ο

2147 555 2162 564 -
2194 531 2239 586 Α
2268 541 2406 577 σεων
2430 525 2463 595 ἢ
2488 525 2579 577 ἐπὶ
2605 524 2712 576 τῶν
2736 523 2831 577 ἀνθ
2842 522 3056 596 ρώπων,
3085 523 3171 577 ἵνα
3200 523 3382 596 στήσω
3405 522 3474 578 τὰ
3497 527 3718 600 ῥήματα
3746 537 3843 606 τῆς

599 645 820 699 cunque
863 625 1142 681 hominum
1195 634 1484 675 numerum
1523 636 1538 672 :
1583 626 1643 672 ut
1679 617 1890 672 ﬁrmem
1933 617 2163 672 verbum
2271 616 2295 666 ὲ

2149 633 2163 669 ι
2271 613 2588 685 ἑρμηνείας,
2614 612 2793 666 λαϐὼν
2827 613 3108 684 μάρτυρας
3133 614 3226 667 δύο
3253 616 3360 668 ἀπὸ
3388 618 3584 689 καινῆς
3618 623 3713 676 καὶ
3746 642 3845 681 παρ

2267 706 2425 766 λαιᾶς
2459 703 2755 774 Διαθήκηςο
2808 702 2984 756 λαϐὼν
3036 705 3316 777 μάρτυρας
3346 710 3497 779 τρεῖς
3529 709 3638 764 ἀπὸ
3669 714 3847 785 Εὐαγ-

2268 793 2469 862 γελίου,
2511 795 2620 848 ἀπὸ
2655 798 2958 868 προφήτου,
2993 797 3100 851 ἀπὸ
3138 799 3477 854 Ἀποστόλου.
3519 803 3704 870 Οὕτως
3735 810 3844 880 γὰρ

2271 887 2598 958 σταθήσεται
2628 890 2735 941 πᾶν
2765 889 2934 960 ῥῆμα.
2963 890 3087 954 Πῶς
3117 887 3210 946 οὖν
3240 893 3511 964 δυνάμεθα
3540 897 3712 951 ταῦτα
3748 901 3844 954 ἐπὶ

2266 979 2357 1031 τὸν
2383 980 2609 1050 Σωτῆρα
2635 982 2964 1050 ἀναγαγεῖνς
3003 983 3138 1054 Φέρε
3168 985 3418 1056 μάρτυρα
3451 987 3681 1041 παλαιὰν
3712 992 3842 1045 Δια-

2268 1068 2641 1140 ΘήκηνοΔιότι
2672 1073 2817 1139 πρὶν
2848 1071 2886 1140 ἢ
2917 1072 3136 1143 γνῶναι
3168 1074 3234 1126 τὸ
3265 1075 3504 1148 παιδίον
3539 1080 3763 1148 ἀγαθὸν
3796 1081 3836 1150 ἢ

2265 1159 2474 1224 κακὸν,
2508 1161 2740 1216 ἀπειθεῖ
2760 1165 3020 1233 πονηρίᾳ
3050 1166 3155 1220 τοῦ
3198 1167 3560 1232 ἐκλέξασθαι
3599 1171 3664 1224 τὸ
3701 1175 3838 1244 ἀγα-

2265 1254 2404 1336 ᾂόν.
2446 1254 2540 1305 καὶ
2567 1253 2825 1325 ἄντικρυς
2861 1255 3035 1308 ταῦτα
3081 1258 3210 1328 περὶ
3240 1258 3335 1311 τοῦ
3381 1261 3632 1332 Σωτῆρος
3666 1265 3721 1317 ὲν
3759 1265 3838 1336 τῷ

2277 1332 2472 1411 Ἡσαΐᾳ
2501 1341 2766 1396 λέλεκται⁸
2808 1343 2953 1398 Ἰδοὺ
2983 1347 3020 1413 ἠ
3049 1347 3352 1414 Παρθένος
3371 1351 3440 1402 ἐν
3465 1352 3677 1420 γαστρὶ
3694 1332 3835 1419 ἕξειν,

2265 1432 2363 1485 καὶ
2401 1431 2629 1496 τέξεται
2660 1435 2813 1499 υἱὸν,
2851 1437 2947 1489 καὶ
2977 1437 3311 1493 καλέσουσι
3343 1440 3408 1494 τὸ
3441 1441 3628 1512 ὄνομα
3654 1448 3840 1502 αὐτοῦ

2275 1521 2668 1592 Ἐμμανουήλ.
2700 1527 2807 1578 Καὶ
2836 1527 2952 1579 ἐκεῖ
2982 1530 3316 1600 ἐπιφέρεταιδ
3350 1533 3498 1600 Πρὶν
3540 1535 3578 1602 ἢ
3619 1537 3840 1606 γνῶναι

2264 1615 2330 1668 τὸ
2366 1616 2624 1670 παιδίον.
2651 1619 2712 1671 Εί
2737 1619 2793 1672 δὲ
2824 1621 2917 1673 καὶ
2948 1622 3055 1674 ἀπὸ
3085 1624 3413 1693 Εὐαγγελίου
3440 1626 3518 1679 δεῖ
3543 1626 3839 1699 λαμϐάνειν

2265 1705 2635 1778 παράδειγμα“
2681 1709 2887 1779 Ἰησοῦς
2930 1711 3029 1763 οὐκ
3075 1713 3213 1785 ἀνὴρ
3253 1717 3560 1787 γενόμενος,
3607 1720 3721 1773 ἀλλ’
3761 1723 3839 1776 ἔτι

2265 1795 2472 1849 παιδίον
2498 1796 2595 1860 ὢν,
2641 1799 3069 1855 ὲπεὶ’ὲκένωσεν
3109 1805 3319 1872 ἑαυτὸν,
3367 1811 3720 1880 προέκοπτεν⁹
3750 1812 3841 1866 οὐ-

601 719 908 774 intellectus
948 710 1076 774 mei,
1103 707 1380 776 accipiens
1429 705 1569 761 duos
1609 712 1775 760 testes
1815 703 1883 758 de
1929 700 2079 757 Novo
2110 710 2166 756 et

599 807 780 866 Veteri
811 805 1177 865 Testamento,
1211 799 1486 870 accipiens
1525 807 1636 853 tres
1671 805 1835 852 testes
1877 795 1944 850 de
1987 793 2165 850 Evan-

597 901 758 972 gelia,
793 899 859 953 de
903 897 1188 968 propheta,
1232 894 1299 947 de
1343 890 1624 960 Apostolo.
1671 888 1764 942 Sic
1807 887 1950 942 enim
1999 886 2164 942 stabit

595 1005 755 1046 omne
781 989 1032 1044 verbum.
1067 984 1354 1051 Quomodo
1380 983 1546 1053 igitur
1567 979 1868 1033 valebimus
1893 979 1997 1033 ista
2033 992 2164 1032 con-

590 1081 818 1151 jungere
858 1077 1164 1134 Salvator-ii?
1218 1075 1316 1128 Det
1365 1072 1500 1126 mihi
1551 1069 1925 1125 testimonium
1990 1066 2162 1121 Vetus

595 1171 1000 1228 Testamentum
1044 1189 1060 1222 ε
1103 1169 1244 1234 Quia
1277 1165 1585 1235 priusquam
1624 1169 1874 1231 agnoscat
1901 1176 2031 1228 puer
2069 1158 2161 1212 bo-

593 1280 715 1318 num
738 1274 829 1317 aut
873 1261 1070 1316 malum
1117 1261 1182 1321 ιδ,
1217 1267 1272 1313 et
1313 1264 1527 1311 extera.
1578 1252 1677 1306 Det
1717 1253 1880 1306 etiam
1934 1250 2103 1305 Isaias
2141 1269 2156 1305 :

595 1353 728 1409 Ecce
781 1352 939 1423 Virgo
986 1352 1239 1420 concipiet
1287 1351 1339 1402 in
1382 1357 1550 1411 utero,
1581 1356 1632 1400 et
1680 1347 1848 1413 pariet
1883 1343 2075 1412 filium,
2108 1353 2158 1397 et

592 1445 862 1500 vocabitur
887 1459 1072 1496 nomen
1094 1442 1208 1510 ejus
1241 1436 1552 1493 Emmanuel
1584 1437 1658 1502 ‘7;
1697 1435 1879 1504 ibique
1906 1433 2155 1488 additur:

594 1536 913 1607 Priusquam
934 1540 1212 1604 cognoscat
1237 1546 1386 1599 puer.
1417 1527 1472 1582 Si
1498 1537 1673 1582 autem
1704 1535 1758 1580 et
1777 1526 1844 1580 de
1867 1524 2158 1596 Evangelio

593 1630 838 1698 accipere
885 1632 1097 1694 oportet
1145 1619 1538 1683 testimonium,
1566 1617 1726 1672 Jesus
1781 1619 2009 1672 necdum
2053 1616 2153 1682 vir,

593 1721 690 1777 sed
747 1720 923 1774 adhuc
979 1715 1182 1779 infans,
1212 1713 1340 1783 quia
1397 1728 1455 1767 se
1500 1711 1875 1764 exinaniverat
1922 1707 2155 1762 formam

592 1809 735 1865 servi
779 1809 1069 1876 accipiens,
1106 1802 1439 1873 proﬁciebat.
1479 1799 1648 1854 Nemo
1697 1809 1879 1854 autem
1919 1801 2153 1869 prolicit,

590 1901 685 1970 qui
713 1910 796 1956 est
823 1899 1114 1968 perfectus,
1155 1895 1247 1951 sed
1280 1894 1369 1948 ille
1393 1893 1632 1963 proﬁcit,
1665 1893 1758 1961 qui
1798 1892 2006 1962 indiget
2030 1907 2159 1961 pro-
2191 1884 2234 1938 B
2261 1889 2286 1942 δ

2143 1921 2159 1932 .
2191 1884 2234 1938 Β
2261 1889 2373 1952 δεὶς
2403 1888 2511 1960 γὰρ
2546 1892 2842 1962 προκόπτει
2883 1895 3318 1966 τετελειωμένος,
3361 1902 3496 1955 ἀλλά
3535 1905 3839 1974 προκόπτει

594 1992 754 2046 fectu.
785 1991 925 2060 Ergo
963 1989 1277 2060 proﬁciebat
1311 1995 1489 2050 atate,
1519 1984 1837 2053 proﬁciebat
1869 1984 2157 2053 sapientia,

593 2081 905 2149 proﬁciebat
955 2078 1147 2148 gratia,
1179 2084 1232 2130 et
1279 2073 1422 2144 apud
1473 2072 1644 2127 Deum
1689 2080 1744 2126 et
1786 2072 1928 2141 apud
1977 2072 2158 2126 homi-

593 2189 688 2228 nes
719 2173 781 2227 ¹⁸.
816 2170 951 2226 Nam
979 2170 1022 2226 si
1054 2176 1413 2224 evacuaverat
1445 2167 1680 2236 seipsum
1711 2165 1776 2220 ad
1802 2180 1903 2219 nos
1941 2164 2162 2220 descen-

590 2265 745 2331 dens,
774 2273 827 2320 et
855 2277 1126 2318 evacuans
1149 2261 1390 2331 seipsum
1423 2259 1722 2330 resumpsit
1766 2258 1962 2312 iterum
1996 2272 2058 2310 ea
2093 2257 2160 2312 de

592 2355 791 2423 quibus
819 2368 878 2408 se
905 2353 1054 2422 prius
1071 2359 1446 2415 evacuaverat,
1473 2350 1604 2419 quid
1623 2348 1903 2415 indignum
1929 2359 2014 2403 est
2041 2364 2162 2418 pro-

593 2444 790 2500 fecisse
820 2459 943 2497 eum
984 2443 1270 2512 sapientia,
1308 2441 1601 2510 profecisse
1638 2447 1815 2504 aetate,
1863 2437 2159 2507 profecisse

591 2539 760 2608 gratia
799 2537 941 2608 apud
969 2535 1138 2592 Deum
1184 2545 1239 2592 et
1269 2536 1412 2606 apud
1445 2534 1717 2596 homines,
1750 2541 1806 2588 et
1840 2548 1966 2588 vera
1996 2534 2062 2589 de
2093 2549 2160 2590 eo

590 2645 712 2684 esse
757 2629 860 2684 ista
910 2644 1032 2700 quae
1063 2627 1207 2682 dicta
1258 2635 1386 2682 sunt
1437 2644 1452 2680 :
1508 2624 1832 2695 Priusquam
1878 2637 2155 2696 cognoscat

588 2739 721 2792 puer
749 2723 942 2776 bonum
972 2733 1064 2774 aut
1094 2721 1294 2774 malum
1337 2720 1403 2782 ",
1433 2725 1489 2772 et
1519 2732 1580 2772 ea
1608 2731 1730 2786 quae
1756 2716 1822 2772 de
1851 2717 2040 2772 eodem
2074 2717 2158 2773 in-

593 2812 996 2884 terposuimus?

660 2903 714 2957 8.
767 2901 874 2958 Sed
927 2901 1070 2956 dicet
1120 2900 1254 2954 mihi
1293 2898 1492 2970 aliquis
1540 2916 1553 2952 :
1605 2896 1834 2953 Etiamsi
1881 2906 2062 2968 potest
2089 2899 2160 2956 dc

592 2992 870 3048 Salvatore
895 2991 1119 3062 intelligi
1146 2992 1352 3047 dictum
1384 3006 1526 3055 esse,
1559 2991 1685 3061 quia
1717 2992 1942 3057 nesciat,
1975 3001 2030 3046 et
2055 3007 2159 3047 cae-

591 3096 705 3139 tera
727 3084 1037 3153 hujusmodi
1061 3099 1182 3154 quae
1208 3081 1416 3151 majora
1447 3091 1596 3148 sunt,
1617 3090 1670 3136 et
1696 3081 1741 3137 si
1767 3097 1994 3151 puerum
2030 3097 2156 3137 eum

589 3177 846 3246 accipias,
877 3191 1056 3230 nonne
1077 3173 1305 3230 oﬁ'endis
1333 3174 1436 3228 ista
1463 3174 1742 3228 sentiendo
1770 3173 1836 3228 de
1862 3173 2154 3244 Unigenito

2260 1981 2510 2051 δεόμενος
2533 1983 2833 2053 προκοπῆς
2857 1984 3050 2037 οὐκοῦν
3075 1987 3410 2058 προέκοπτεν
3451 1989 3659 2066 ἡλικίᾳ,
3695 2005 3838 2058 προ-

2256 2069 2452 2126 έκοπτε
2476 2076 2659 2146 σοφίᾳ,
2699 2074 3003 2144 προέκοπτε
3036 2077 3217 2147 χάριτι
3249 2083 3399 2152 παρὰ
3437 2082 3555 2153 Θεῷ
3608 2085 3701 2136 καὶ
3739 2086 3834 2137 ἁν-

2262 2162 2518 2233 θρώποις.
2565 2165 2628 2217 Εἰ
2675 2165 2784 2236 γάρ
2817 2166 3081 2222 ἐκένωσεν
3124 2171 3314 2224 ἑαυτὸν
3360 2176 3703 2228 καταϐαίνων
3751 2178 3838 2231 ὲν-

2258 2255 2453 2320 ταῦθα,
2488 2257 2581 2310 κα)⁸
2618 2256 2859 2321 κενώσας
2894 2259 3104 2324 ἑαυτὸν,
3149 2261 3420 2332 ἐλάμϐανε
3457 2267 3616 2321 πάλιν
3664 2271 3837 2326 ταῦτα

2259 2348 2355 2416 ἀφ’
2401 2341 2473 2401 ὧν
2515 2349 2779 2403 ἐκένωσεν
2813 2351 3023 2416 ἑαυτὸν,
3069 2351 3209 2406 ἑκὼν
3245 2354 3490 2421 κενώσας
3525 2360 3714 2414 ἑαυτόν
3735 2377 3748 2390 ο
3781 2363 3834 2414 τί

2259 2436 2457 2492 ἄτοπον
2485 2441 2647 2494 αὐτὸν
2677 2441 2768 2494 καὶ
2800 2443 3195 2513 προκεκοφέναι
3222 2446 3382 2517 σοφίᾳ
3407 2449 3501 2501 καὶ
3527 2448 3711 2520 ἡλικίᾳ
3741 2452 3832 2505 καὶ

2260 2529 2439 2600 χάριτι
2487 2531 2636 2602 παρὰ
2667 2532 2786 2602 Θεῷ
2824 2535 2918 2586 καὶ
2956 2533 3279 2605 ἀνθρώποις,
3327 2538 3421 2590 καὶ
3473 2539 3831 2610 ἀληθεύεσθαι

2260 2621 2388 2690 περὶ
2421 2620 2582 2673 αὑτὸν
2607 2622 2665 2673 τό
2684 2639 2698 2652 ο
2733 2623 2883 2690 Πρὶν
2907 2624 2945 2692 ἢ
2982 2624 3200 2693 γνῶναι
3224 2629 3410 2682 αὑτὸν
3433 2632 3626 2684 καλὸν
3653 2632 3690 2700 ἢ
3725 2647 3833 2687 πο-

2258 2709 2466 2778 νηρὸν,
2482 2711 2790 2777 ἐκλέξεται
2811 2714 2877 2767 τὸ
2897 2715 3144 2785 ἀγαθὸν,
3163 2719 3257 2772 καὶ
3288 2720 3524 2774 ἀπειθεῖ
3551 2729 3832 2793 πονηρίᾳ;

2259 2800 2430 2856 Τοῦτο
2457 2803 2772 2876 παρεθέμην
2799 2807 2906 2860 ἀπὸ
2936 2807 3027 2861 τοῦ
3081 2809 3322 2864 Ἦσαῒου.

2341 2890 2478 2944 Ἀλλ’
2511 2893 2627 2963 ὲρεῖ
2665 2910 2779 2956 τιςο
2817 2896 2879 2946 Et
2918 2894 3141 2949 δύνασαι
3168 2898 3260 2950 ἐπὶ
3288 2899 3378 2952 τὸν
3423 2900 3651 2972 Σωτῆρα
3693 2902 3826 2954 ἀναο

2257 2985 2445 3051 γαγεῖν
2470 2983 2551 3048 τὸ,
2587 2985 2701 3037 Οὐκ
2730 2981 2867 3050 οἶδα,
2903 2988 2996 3039 καὶ
3027 2987 3250 3042 δύνασαι
3272 2988 3448 3058 λέγειν
3477 2993 3568 3044 ἐπὶ
3600 2992 3690 3046 τὸν
3722 2994 3832 3046 Σω·

2256 3073 2397 3146 τῆρα
2426 3073 2488 3126 τὸ
2517 3073 2743 3140 τοιοῦτο,
2790 3077 2884 3130 καὶ
2932 3078 3142 3132 παιδίον
3190 3080 3350 3133 αὐτὸν
3394 3081 3719 3153 λαμϐάνοινο
3770 3088 3830 3140 οὐ

2258 3165 2590 3235 προσκόπτει
2633 3182 2714 3218 σοι
2749 3166 2919 3220 ταῦτα
2958 3168 3135 3237 λέγειν
3177 3171 3302 3241 περὶ
3344 3171 3436 3225 τοῦ
3470 3174 3828 3243 Μονογενοῦς,

585 3281 643 3326 ct
671 3267 1036 3339 Primogenito
1069 3267 1331 3321 universze
1358 3277 1660 3332 creaturas;
1692 3267 1759 3320 de
1779 3280 1846 3319 eo
1878 3265 1968 3335 qui
2004 3273 2157 3319 ante-
2182 3255 2226 3283 υ
2259 3272 2281 3307 σ

2135 3292 2157 3305 .
2182 3255 2226 3283 υ
2259 3258 2387 3327 περὶ
2419 3255 2513 3308 τοῦ
2541 3257 2893 3328 Πρωτοτόκου
2931 3261 3109 3330 πάσης
3135 3261 3384 3327 κτίσεως,
3417 3265 3544 3334 περὶ
3578 3265 3670 3319 τοῦ
3705 3268 3831 3338 πρὶν

587 3375 752 3432 quam
792 3362 1190 3428 conciperetur,
1225 3357 1581 3412 annuntiatus
1605 3364 1709 3420 est,
1757 3355 2013 3424 loquente
2048 3352 2155 3409 Ga-

586 3450 754 3506 briele
788 3469 800 3504 :
848 3449 1079 3519 Spiritus
1119 3459 1333 3503 sanctus
1385 3450 1550 3502 veniet
1594 3464 1750 3518 super
1793 3456 1861 3512 te,
1893 3456 1942 3500 et
1984 3447 2154 3501 virtus

588 3542 849 3596 Altissimi
871 3541 1199 3595 obumbrabit
1222 3550 1268 3594 te
1283 3541 1360 3608 ‘°;
1384 3549 1439 3595 et
1458 3540 1613 3611 130
1632 3540 1799 3594 audes
1825 3538 2006 3594 dicere
2027 3539 2154 3610 quia

588 3635 797 3690 nesciat
824 3633 1009 3704 loqui?
1033 3632 1398 3698 Quamobrem
1432 3632 1623 3687 videbo
1646 3630 1694 3686 si
1726 3638 1917 3700 potero
1945 3629 2154 3699 aliquid

587 3727 810 3798 dignum
840 3727 906 3781 de
932 3725 1213 3780 Salvatore
1239 3725 1293 3780 in
1319 3726 1420 3780 hoc
1457 3723 1577 3780 loco
1603 3721 1816 3787 afferre,
1843 3723 1988 3792 quod
2013 3736 2156 3792 qua:-

586 3819 712 3874 dam
752 3819 1001 3874 nesciens
1041 3818 1219 3886 major
1250 3816 1322 3870 sit
1349 3815 1396 3869 si
1434 3830 1500 3869 ea
1527 3813 1881 3884 ignoraverit,
1917 3828 2082 3882 quam
2105 3813 2153 3869 si

587 3910 793 3966 scierit.
848 3909 1076 3964 Utamur
1132 3921 1264 3961 voce
1309 3907 1428 3976 ejus
1485 3903 1765 3975 quomodo
1815 3903 1924 3958 sint
1973 3904 2155 3974 aliqua

586 4017 709 4072 quae
763 4002 992 4056 nesciat.
1041 3999 1341 4070 Respondit
1387 3999 1468 4052 eis
1520 3997 1614 4067 qui
1675 3996 1780 4052 sibi
1825 3997 2077 4051 dicebant
2137 4014 2151 4052 :

591 4089 779 4144 Nonne
807 4091 884 4159 (in
925 4090 1134 4144 nomine
1167 4099 1254 4142 tuo
1285 4088 1625 4152 comedimus,
1654 4095 1704 4140 et
1731 4087 1786 4140 in
1808 4087 2014 4140 nomine
2055 4098 2144 4141 tuo

587 4184 832 4251 bibimus,
865 4183 936 4254 et)
962 4183 1017 4236 in
1049 4182 1254 4236 nomine
1279 4191 1367 4234 tuo
1393 4180 1652 4236 dcemonia
1673 4179 1945 4249 ejecimus,
1967 4189 2016 4232 et
2040 4180 2150 4232 vir-

587 4285 724 4331 tutes
742 4277 934 4330 multas
953 4276 1171 4346 fecimus
1188 4273 1485 4328 ?Discedite
1504 4290 1536 4326 a
1561 4289 1659 4338 me,
1685 4288 1782 4325 non
1817 4272 1934 4326 novi
1965 4287 2051 4325 vos
2082 4273 2148 4327 “.

584 4367 822 4423 Putasne
844 4369 946 4421 hoc
966 4367 1109 4436 quod
1140 4367 1256 4419 ait:
1297 4364 1418 4418 Non
1443 4366 1561 4417 novi
1587 4381 1694 4428 vos,
1728 4366 1990 4420 minorem
2032 4364 2151 4434 ejus

583 4458 838 4512 virtutem
889 4455 1172 4524 approbat,
1211 4469 1278 4506 an
1322 4453 1581 4520 majorem
1630 4461 1791 4521 atque
1824 4453 2149 4519 mirabilem,

2261 3345 2571 3418 συλλήψεως
2599 3347 3093 3416 εὐαγγελισθέντος,
3119 3351 3258 3404 κατά
3284 3351 3369 3419 τὸ,
3397 3356 3640 3426 Πνεῦμα
3661 3357 3832 3428 ἅγιον

2256 3436 2644 3492 ἐπελεύσεται
2675 3440 2773 3493 ἐπὶ
2806 3440 2903 3507 σὲ,
2938 3442 3035 3496 καί
3081 3441 3333 3514 δύναμις
3368 3445 3660 3515 Ὑψίστου
3702 3452 3833 3505 ἐπι-

2255 3527 2494 3582 σκιάσει
2537 3544 2669 3583 σοι’
2720 3532 2813 3584 καὶ
2859 3531 3027 3600 λέγει,
3084 3535 3198 3593 Οὐκ
3260 3536 3561 3607 ἐπίσταμαι
3616 3539 3830 3610 λαλεῖν;

2261 3619 2424 3692 Ὅρα,
2453 3623 2501 3674 εί
2533 3620 2756 3676 δύνασαί
2785 3641 2836 3676 τι
2864 3623 3137 3694 ἀξιόλογον
3158 3628 3250 3680 καὶ
3276 3629 3417 3698 μέγα
3446 3631 3575 3702 περὶ
3603 3630 3693 3684 τὸν
3721 3634 3833 3686 Σωο

2255 3710 2397 3784 τῆρα
2440 3713 2498 3764 ὲν
2542 3712 2620 3784 τῷ
2650 3715 2800 3785 τόπῳ
2845 3716 2988 3768 ἰδεῖν·
3039 3719 3140 3784 ὅτι,
3168 3721 3287 3774 τινὰ
3328 3721 3402 3792 μὴ
3448 3725 3829 3795 ἐπιστάμενος,

2259 3800 2460 3871 μείζων
2485 3803 2602 3855 ἐστὶ
2646 3805 2720 3875 μὴ
2761 3808 3143 3878 ἐπιστάμενος,
3179 3810 3212 3881 ἦ
3255 3813 3616 3884 ἐπιστάμενος
3659 3818 3826 3872 αὑτά⁶

2256 3892 2350 3945 καὶ
2378 3892 2597 3965 χρῶμαι
2637 3895 2801 3949 αὐτοῦ
2843 3901 2909 3970 τῇ
2938 3903 3086 3972 φωνῇ
3124 3902 3542 3974 μαρτυροῦντος,
3584 3907 3666 3960 ὅτι
3708 3909 3833 3964 τινὰ

2255 3980 2355 4034 οὐκ
2390 3982 2691 4038 ἐπίσταται.
2722 3986 2884 4056 Λέγει
2906 3989 3036 4058 γοῦν
3071 3995 3184 4056 τοῖς
3215 3994 3512 4062 φάσκουσιν
3541 3998 3708 4068 αὐτῷ’
3745 4000 3828 4055 οὐ

2257 4073 2336 4140 τῷ
2355 4078 2602 4146 ὀνόματί
2617 4095 2733 4142 σου
2745 4080 3019 4151 δαιμόνια
3033 4083 3411 4156 ἐξεϐάλομεν,
3435 4088 3532 4142 καὶ
3547 4089 3830 4160 δυνάμεις

2254 4171 2488 4240 πολλὰς
2507 4173 2898 4245 ἐποιήσαμεν;
2933 4178 3319 4247 Ἀποχωρεῖτε
3344 4180 3446 4232 ἀπ’
3467 4181 3636 4251 ἐμοῦ,
3654 4182 3826 4238 οὺδέ-

2253 4279 2397 4317 ποτε
2415 4264 2602 4334 ἔγνων
2632 4259 2810 4332 ὑμᾶς.
2851 4263 3092 4338 τιέὶρααιςὸ,
3121 4267 3417 4321 Οὐδέποτε
3439 4270 3630 4338 ἔγνων
3649 4271 3822 4341 ὑμᾶς,

2253 4355 2370 4408 ἐκεῖ
2411 4354 2699 4426 λεγόμενον
2737 4357 2842 4410 ὑπὸ
2866 4357 2957 4410 τοῦ
2996 4359 3266 4429 Σωτῆρος,
3309 4361 3408 4413 οὐκ
3445 4362 3702 4417 ἐλάττονα
3728 4365 3827 4436 τὴν

2252 4445 2480 4515 δύναμιν
2510 4446 2673 4498 αὐτοῦ
2711 4447 3056 4517 παρίστησιν,
3085 4449 3218 4504 ἀλλά
3256 4451 3475 4522 μείζονα
3500 4456 3592 4508 καὶ
3617 4456 3826 4529 θαυμα-

584 4551 714 4619 quia
743 4547 920 4602 malos
953 4547 1334 4616 periturasque
1363 4542 1606 4596 nesciat?
1639 4540 1748 4596 Scit
1781 4544 1926 4596 enim
1961 4543 2030 4597 ab
2066 4545 2150 4598 his
2181 4567 2226 4623 ο
2256 4553 2280 4588 σ

2129 4560 2150 4598 5
2181 4567 2226 4623 ο
2256 4538 2535 4609 σιωτέραν,
2563 4538 2695 4590 διότι
2727 4539 2852 4601 τοὺς
2876 4539 3121 4612 χείρονας
3143 4541 3236 4594 καὶ
3263 4544 3389 4606 τοὺς
3421 4545 3825 4618 ἀπολλυμένους

587 4641 938 4704 diﬁ‘erentias,
993 4638 1093 4693 scit
1149 4637 1397 4700 meliora,
1442 4635 1546 4689 scit
1595 4633 1858 4687 Dominus
1912 4649 2007 4688 eos
2057 4636 2151 4702 qui

587 4733 706 4801 ejus
745 4740 914 4785 sunt:
945 4741 999 4785 et
1040 4731 1087 4784 si
1119 4730 1236 4799 quis
1281 4729 1511 4798 ignorat,
1550 4727 1825 4797 ignoratur
1856 4727 1922 4778 ".
1961 4727 2148 4792 Igitur,

591 4832 648 4878 ut
694 4833 926 4885 constat,
969 4830 1217 4890 peccator
1269 4821 1550 4890 ignoratur
1595 4834 1625 4872 a
1669 4816 1797 4872 Deo.
1834 4817 1986 4872 Dicet
2017 4819 2150 4872 mihi

589 4914 788 4984 aliquis
821 4914 886 4968 de
908 4913 1248 4967 auditoribus
1277 4930 1289 4966 :
1315 4911 1610 4966 Ostendisti
1643 4914 1770 4978 quia
1798 4910 2002 4964 nesciat
2028 4925 2153 4980 pec-

587 5016 801 5062 catores
853 5003 1014 5070 Dens,
1045 5002 1329 5057 ostendisti
1358 5003 1486 5072 quia
1518 5003 1728 5072 ignoret
1761 5016 1855 5054 eos
1881 5001 1974 5069 qui
2018 5015 2150 5069 ope-

588 5107 781 5152 rantur
819 5096 1194 5165 iniquitatem;
1237 5109 1415 5163 neque
1467 5093 1613 5147 enim
1646 5091 1794 5161 digni
1828 5099 1955 5145 sunt
2001 5092 2155 5160 agni-

588 5190 736 5246 tione
767 5189 922 5258 ejus:
949 5186 1221 5257 qnomodo
1250 5186 1563 5257 approbatis
1586 5198 1841 5254 magnum
1868 5190 1923 5236 et
1952 5181 2154 5251 glorio-

588 5299 708 5338 sum
759 5295 880 5336 esse
923 5278 1068 5349 quod
1112 5278 1180 5331 ab
1220 5292 1285 5332 eo
1329 5277 1530 5331 dictum
1576 5286 1660 5330 est
1707 5294 1719 5330 :
1767 5273 1960 5328 Nescio
1991 5273 2152 5343 loqui,

588 5372 732 5443 quod
775 5371 1072 5425 humanum
1114 5376 1217 5432 est,
1249 5377 1303 5422 et
1335 5367 1551 5436 eloquio
1577 5381 1718 5435 saepe
1751 5365 1977 5428 utimur,
2005 5363 2153 5417 verbi

589 5481 776 5528 causa,
804 5461 1152 5518 Bebrmorum
1184 5473 1336 5524 voce,
1369 5459 1482 5513 sive
1519 5457 1857 5520 Graecorum,
1891 5455 2007 5509 sive
2031 5453 2155 5507 reli-

589 5569 823 5625 quorum
864 5552 1152 5610 sermone?
1180 5550 1319 5620 Ergo
1348 5550 1396 5605 si
1443 5547 1756 5603 ascenderis
1789 5545 1855 5600 ad
1900 5543 2150 5599 Salvato-

591 5660 728 5705 rem.
763 5651 817 5696 et
853 5644 1041 5699 scieris
1070 5657 1194 5696 eum
1230 5643 1281 5694 in
1331 5639 1596 5710 principio
1629 5637 1773 5707 apud
1813 5635 1978 5690 Deum
2012 5631 2151 5687 Ver-

664 5761 705 5790 "
736 5759 838 5810 Isa.
870 5773 965 5824 vn,
1014 5758 1102 5811 16.
1180 5760 1221 5789 "
1267 5757 1396 5811 ibid.
1451 5756 1535 5810 14.

591 5830 633 5860 "
667 5830 686 5881 ι
719 5825 847 5882 Cor.
879 5843 987 5894 xw,
1020 5828 1110 5880 58.

2254 4629 2352 4682 οὐκ
2386 4627 2551 4697 ἔγνως
2587 4631 2766 4698 Ἔγνω
2797 4631 2902 4703 γὰρ
2942 4631 3008 4684 τὰ
3034 4631 3354 4704 διαφέροντα
3388 4639 3482 4691 καὶ
3512 4640 3820 4712 κρείττονα,

2256 4720 2348 4772 καὶ
2373 4718 2511 4785 ἔγνω
2535 4719 2736 4790 Κύριος
2757 4721 2882 4783 τοὺς
2903 4721 3061 4785 ὄντας
3084 4722 3269 4776 αὐτοῦ·
3300 4727 3394 4781 καὶ
3421 4727 3477 4780 εἴ
3498 4746 3588 4795 τις
3603 4730 3823 4800 ἀγνοεῖ,

2255 4809 2569 4879 ἀγνοεῖται.
2605 4810 2810 4864 Οὐκοῦν
2847 4814 2875 4865 ὁ
2913 4813 3236 4885 ἁμαρτωλὸς
3278 4818 3549 4886 ἀγνοεῖται
3600 4822 3705 4873 ὑπὸ
3729 4822 3823 4875 τοῦ

2255 4903 2412 4958 Θεοῦ.
2461 4905 2608 4975 Ἐρεῖ
2638 4905 2726 4975 μοί
2757 4923 2842 4970 τις
2868 4906 2976 4962 τῶν
2998 4909 3298 4981 ἀκροατῶν·
3335 4913 3598 4977 Ἐδειξας,
3622 4915 3701 4967 ὅτι
3725 4917 3825 4968 οὐκ

2257 4993 2365 5050 οἶδε
2396 4997 2522 5060 τοὺς
2549 4997 2920 5068 ἁμαρτωλοὺς,
2951 4999 3177 5066 ἔδειξας,
3207 5001 3291 5054 ὅτι
3323 5005 3420 5056 οὑκ
3444 5000 3549 5056 οἶδε
3576 5007 3701 5067 τοὺς
3735 5008 3826 5074 sp.

2259 5089 2590 5162 γαζομένους
2613 5091 2708 5162 τὴν
2741 5093 2988 5163 ἀνομίαν*
3017 5095 3076 5146 οὐ
3106 5096 3214 5165 γὰρ
3241 5093 3378 5159 ἄξιοί
3408 5096 3513 5147 είσι
3542 5096 3640 5166 τῆς
3678 5096 3823 5164 γνώ-

2251 5199 2388 5245 σεως
2421 5182 2604 5235 αὑτοῦ·
2650 5182 2768 5246 πῶς
2807 5183 2864 5236 δὲ
2897 5187 3270 5257 παραστήσεις
3304 5185 3446 5255 μέγα
3484 5187 3576 5239 καὶ
3617 5186 3824 5252 ἔνδοξον

2251 5269 2387 5326 εῖναι
2415 5275 2500 5346 τὸ,
2539 5275 2658 5328 Οὐκ
2680 5274 3000 5345 ἐπίσταμαι
3020 5277 3249 5342 λαλεῖν,
3284 5276 3571 5348 λεγόμενον
3600 5279 3710 5331 ὑπὸ
3729 5278 3822 5332 τοῦ

2250 5366 2537 5438 Σωτῆρος;
2571 5366 2643 5419 Τὸ
2671 5367 2850 5422 λαλεῖν
2873 5369 3208 5440 ἀνθρώπινόν
3232 5373 3376 5422 ἐστι·
3400 5370 3461 5423 τὸ
3493 5369 3670 5425 λαλεῖν
3701 5371 3822 5424 δια-

2249 5458 2422 5528 λέκτῳ
2452 5458 2758 5529 χρήσασθαί
2790 5461 2956 5524 ἐστιν,
2989 5460 3128 5513 ὥστε
3155 5461 3326 5512 εἰπεῖν
3373 5461 3659 5532 Ἑϐραίων,
3689 5462 3820 5533 φέρε

2256 5548 2450 5611 εἰπεῖν,
2494 5547 2696 5618 φωνὴν,
2727 5549 2760 5620 ἢ
2805 5549 3070 5620 Ἑλλήνων
3101 5550 3282 5603 τινῶν.
3334 5551 3460 5605 Ἐὰν
3493 5553 3698 5623 ἀναϐᾖς
3726 5552 3819 5604 ἐπὶ

2256 5639 2346 5690 τὸν
2387 5639 2636 5714 Σωτῆρα,
2665 5641 2759 5695 καὶ
2805 5642 2950 5712 εἰδῇς
2987 5643 3146 5696 αὐτὸν
3185 5643 3355 5712 Λόγον
3403 5646 3460 5696 ὲν
3505 5646 3645 5716 ἀρχῇ
3685 5643 3817 5715 πρὸς

1644 5756 1685 5787 ¹⁸
1730 5754 1861 5809 Luc.
1921 5770 1979 5818 ιι,
2035 5751 2123 5807 5‘2.
2206 5752 2247 5783 ¹⁹
2292 5752 2394 5808 lsa.
2433 5767 2530 5819 vn,
2583 5752 2666 5808 16.
2747 5755 2792 5786 ²⁰
2835 5753 2968 5810 Luc.
3018 5771 3056 5824 ι,
3121 5756 3212 5816 55.
3289 5758 3330 5790 ²¹

2117 5789 2123 5803 .
2206 5752 2247 5783 ι’
2292 5752 2394 5808 lsa.
2433 5767 2530 5819 vn,
2583 5752 2666 5808 16.
2747 5755 2792 5786 ὀ
2835 5753 2968 5810 Luc.
3018 5771 3056 5824 ι,
3121 5756 3212 5816 55.
3289 5758 3330 5790 ²¹
3361 5757 3550 5813 Matth.
3580 5771 3674 5818 vn,
3725 5755 3813 5809 9.2.
