4296 6288
481 227 589 284 9.65

1711 228 1776 285 IN
1812 228 2159 288 JEREMIAM
2199 229 2483 288 HOMILIA
2523 233 2566 289 1.

3623 237 3730 297 Ξϐϐ

483 347 576 401 τὸν
597 345 745 410 Θεὸν,
771 344 911 416 ὄψει,
940 345 1022 398 δτι
1046 345 1146 400 οὐκ
1168 344 1456 402 ἐπίσταται
1485 346 1683 401 λαλεῖν.
1726 348 1850 403 Ἐὰν
1881 350 1938 403 δὲ
1961 351 2054 404 καὶ
2082 365 2130 423 Α
2158 351 2179 405 ι

2034 351 2054 404 ὶ
2082 365 2130 423 Α
2158 351 2308 418 bum,
2345 349 2550 420 inspice
2568 347 2696 418 quia
2731 349 2936 405 nesciat
2961 349 3108 421 loqui
3138 349 3282 422 (cum
3317 347 3623 405 humanum
3657 353 3730 408 sit

487 438 726 507 ἀγγέλων
771 436 1022 505 γλώσσας
1073 439 1373 511 συγκρίνῃς
1414 438 1718 511 ἀνθρώπιον
1759 439 2051 508 γλώσσαις,

489 533 584 587 καὶ
621 532 775 601 εἰδῇς,
819 531 901 585 ὅτι
945 524 1101 594 οὗτος
1143 531 1342 600 μείζων
1382 531 1500 584 ἐστὶ
1534 532 1626 586 καὶ
1668 531 1935 600 ἀγγέλων,
1979 532 2054 596 ὡς

491 621 854 694 ἐμαρτύρησεν
899 621 957 674 ὲν
1003 623 1067 691 τῇ
1120 621 1258 691 πρὸς
1322 621 1605 692 Ἑϐραίους
1651 623 1679 676 ό
1734 622 2054 688 Ἀπόστολος

487 714 745 784 ἐπιστολῇ,
769 714 940 783 ἐρεῖς,
962 713 1042 766 ὅτι
1065 713 1276 783 καὶτῆς
1293 713 1540 783 ἀγγέλων
1567 714 1818 786 γλώσσης
1853 714 2054 786 μείζων

481 802 557 876 ἦν,
589 807 676 859 ὅτε
718 805 854 868 Θεὸς
886 801 955 876 ἦν
984 804 1156 874 Λόγος
1190 806 1327 876 πρὸς
1363 822 1455 860 τον
1487 808 1726 878 Πατέρα.
1776 808 2051 862 Μανθάνει

473 893 578 961 οὖν,
642 898 740 950 καὶ
805 897 969 950 οἱονεὶ
1011 896 1380 968 ἀναλαμϐάνει
1432 900 1740 971 ἐπιστήμην
1771 899 1832 953 οὑ
1893 899 2055 970 μεγὰ-

465 987 592 1052 λων,
627 987 751 1042 ἀλλ’
781 987 1180 1059 ὑποδεεστέρων
1202 989 1296 1042 καὶ
1331 991 1669 1061 μικροτέρων
1692 1007 1707 1022 ο
1739 991 1834 1046 καὶ
1864 990 2052 1064 ὥσπερ

465 1079 748 1150 μανθάνω,
780 1078 1096 1150 βιαζόμενος
1146 1079 1381 1150 ἐμαυτὸν
1424 1081 1731 1149 ψελλίζειν,
1781 1083 1870 1136 ὅτε
1921 1099 2050 1136 παι-

460 1169 595 1234 δίοις
628 1172 970 1242 διαλέγομαι⁶
1019 1172 1078 1223 οὑ
1118 1170 1227 1242 γὰρ
1264 1173 1626 1242 ἐπιστάμενος
1669 1171 1930 1235 παιδιστὶ,
1987 1171 2052 1224 ἵν’

461 1261 644 1326 οὕτως
675 1264 831 1326 εῖπω,
868 1262 1067 1326 λαλεῖν,
1102 1261 1358 1333 βιάζομαι
1389 1263 1593 1326 τέλειος
1619 1263 1712 1316 ῶν·
1755 1263 1926 1326 οὕτως
1958 1261 2053 1316 καὶ

463 1354 527 1406 ὲν
568 1357 637 1425 τῇ
671 1353 1044 1424 μεγαλειότητι
1063 1354 1163 1424 τῆς
1191 1354 1347 1425 δόξης
1369 1353 1462 1407 τοῦ
1486 1354 1619 1407 Θεοῦ
1658 1355 1963 1424 τυγχάνων,
1990 1355 2050 1408 οὑ

461 1442 622 1496 λαλεῖ
644 1443 981 1515 ἀνθρώπινα,
1012 1444 1110 1496 οὐκ
1133 1439 1238 1498 οἶδε
1263 1444 1594 1514 φθέγγεσθαι
1618 1448 1729 1508 τοῖς
1753 1445 1928 1498 κάτω⁹
1961 1447 2049 1499 ὅτε

458 1533 517 1586 δὲ
548 1533 772 1604 ἔρχεται
798 1534 878 1596 εἰς
909 1532 1067 1604 σῶμα
1106 1531 1464 1605 ἀνθρώπινον,
1489 1533 1636 1602 λέγει
1671 1534 1811 1588 κατὰ
1833 1534 1932 1598 τὰς
1952 1535 2050 1606 ἅρ-

459 1625 583 1695 χάςο
617 1628 740 1679 Οὐκ
758 1625 1081 1694 ἐπίσταμαι
1099 1624 1334 1690 λαλεῖν,
1358 1625 1447 1679 ὅτι
1467 1624 1753 1694 νεώτερος
1777 1624 1890 1694 ἐγώ
1909 1627 2042 1694 ειμι·

2159 440 2264 495 hoc
2306 439 2451 510 quod
2501 438 2702 493 dicitur
2741 439 2914 510 loqui,
2943 440 2988 494 si
3041 439 3160 494 ideo
3198 439 3424 506 nesciat,
3459 437 3588 510 quia
3618 441 3732 496 sint

2155 531 2365 600 majora
2409 545 2532 600 quae
2571 531 2823 600 noverit).
2871 530 2928 585 Si
2960 540 3140 586 autem
3181 539 3236 585 et
3267 532 3587 601 angelorum
3625 531 3728 586 liu-

2155 638 2292 694 guas
2325 622 2582 677 humanis
2610 623 3022 692 comparaveris
3054 623 3275 693 linguis,
3303 631 3356 677 et
3379 623 3568 680 scieris
3600 625 3726 694 quia

2154 714 2257 769 iste
2290 713 2467 784 major
2489 715 2560 768 sit
2585 713 2816 785 angelis,
2853 713 2995 769 sicut
3027 721 3256 768 testatus
3287 720 3371 766 est
3394 713 3461 767 de
3491 728 3558 768 eo
3583 714 3728 784 Apo-

2155 803 2328 858 stolus
2371 803 2425 858 in
2459 801 2698 873 Epistula
2725 818 2825 858 sua
2857 817 3021 872 quam
3058 801 3250 858 scribit
3278 801 3347 855 ad
3382 799 3638 859 Hebraeos
3662 806 3728 870 ”,

2154 894 2422 966 intelliges
2443 895 2708 964 majorem
2733 907 2856 949 eum
2879 903 2932 950 et
2957 894 3275 965 angelorum
3301 892 3506 963 linguis
3535 894 3724 963 fuisse,

2154 986 2376 1056 quando
2431 993 2641 1040 tantum
2695 985 2840 1040 Deus
2892 984 3130 1040 Verbum
3163 993 3279 1040 erat
3306 985 3448 1055 apud
3490 984 3727 1041 Patrem.

2156 1078 2326 1133 Discit
2373 1093 2540 1148 ergo,
2592 1089 2646 1134 et
2695 1078 3101 1148 quodammodo
3145 1076 3344 1146 accipit
3387 1077 3728 1147 disciplinam

2157 1185 2266 1224 non
2291 1185 2635 1238 magnorum,
2673 1170 2767 1224 sed
2805 1169 3127 1224 inferiorum
3156 1183 3222 1224 ac
3253 1168 3550 1223 minorum.
3581 1168 3733 1222 Sicut
3768 1163 3774 1170 ’

2153 1267 2208 1313 et
2237 1275 2338 1330 ego
2367 1260 2639 1315 balbutire
2682 1260 2854 1325 disco,
2889 1259 3204 1315 violentiam
3260 1259 3616 1328 mihimetipsi
3655 1259 3736 1312 fr-

2154 1349 2324 1412 cicns,
2373 1349 2594 1418 quando
2632 1366 2757 1405 eum
2801 1350 3041 1420 parvulis
3087 1351 3303 1419 loquor,
3356 1365 3535 1421 neque
3582 1352 3726 1406 enim

2152 1441 2286 1503 scio,
2323 1448 2382 1494 ut
2427 1441 2498 1495 ita
2548 1441 2747 1506 dicam,
2791 1441 3112 1496 inl'antiliter
3157 1440 3330 1510 loqui,
3381 1450 3436 1496 et
3484 1440 3731 1496 infractis

2151 1531 2333 1586 verbis
2359 1530 2466 1600 iam
2499 1532 2822 1602 grandaevus
2852 1548 2978 1588 cum
3003 1531 3188 1602 pueris
3210 1531 3566 1586 sermocinari
3592 1546 3608 1584 :
3631 1545 3726 1586 eo—

2150 1621 2270 1675 dem
2305 1621 2466 1676 modo
2498 1620 2747 1676 Salvator
2776 1623 2830 1677 in
2861 1621 3259 1692 magniﬁcentia
3290 1623 3476 1694 gloriae
3507 1623 3726 1693 quidem

457 1715 728 1788 νεώτερος
755 1716 810 1769 δὲ
829 1715 916 1768 διὰ
938 1715 1035 1787 τὴν
1053 1717 1286 1796 ,γένεσιν
1311 1716 1410 1788 τὴν
1439 1717 1780 1788 σωματικὴν,
1807 1715 2048 1788 πρεσϐύ-
2081 1707 2125 1766 Β

2029 1745 2048 1755 -
2081 1707 2125 1766 Β
2154 1711 2245 1767 Dei
2284 1713 2362 1783 (et
2386 1712 2440 1766 in
2468 1713 2626 1768 Patre
2657 1715 3013 1780 consistens),
3037 1728 3147 1768 non
3180 1713 3424 1783 loquitur
3461 1715 3725 1778 humana,

454 1824 619 1878 τερος
647 1807 706 1860 δὲ
739 1809 880 1862 κατὰ
919 1808 1012 1861 τό·
1053 1809 1402 1879 Πρωτότοκος
1439 1809 1620 1879 πάσης
1658 1807 1756 1878 τῆς
1783 1806 2011 1869 κτίσεως
2031 1821 2043 1835 ·

452 1897 750 1970 νεώτερος,
793 1899 875 1952 ὅτι
916 1899 1007 1953 ἐπὶ
1050 1897 1331 1968 συντελείᾳ
1367 1897 1475 1951 τῶν
1511 1896 1721 1952 αἰώνων
1765 1891 1919 1967 ἦλθε,
1953 1895 2048 1949 καὶ

453 1986 694 2060 ὔστερον
719 1985 798 2056 τῷ
822 1987 920 2056 βίῳ
947 1987 1336 2057 ἐπιδεδήμηκε.
1364 1986 1528 2054 Λέγει
1555 1981 1648 2039 οὖν
1674 1985 1753 2038 τό·
1787 1986 1909 2038 Οὐκ
1933 1983 2040 2034 ἐπ-

449 2070 959 2143 ίσταμαιλιι-ιεῖν·
983 2071 1101 2128 οἶδά
1150 2095 1273 2130 τινα
1319 2077 1538 2146 μείζονα
1575 2077 1670 2130 τοῦ
1703 2076 1903 2140 λαλεῖν,
1930 2069 2049 2128 οἶδά

449 2181 589 2218 τινα.
639 2162 860 2235 μείζονα
899 2165 994 2219 τοῦ
1030 2166 1268 2236 φθόγγου
1317 2166 1509 2220 τούτου
1549 2167 1644 2221 τοῦ
1683 2166 2042 2238 ἀνθρωπίνου.

451 2255 655 2319 Θέλεις
685 2273 753 2327 με
783 2257 959 2311 λαλεῖν
990 2257 1318 2328 ἀνθρώποις,
1348 2258 1502 2312 οὑπω
1527 2259 1802 2313 διάλεκτον
1839 2256 2047 2330 ἀνθρω-

450 2345 627 2418 πίνην
654 2347 940 2419 ἀνείληφα,
977 2350 1085 2420 ἔχω
1116 2350 1396 2405 διάλεκτόν
1431 2369 1523 2406 σου
1549 2352 1644 2407 τοῦ
1683 2350 1840 2416 Θεοῦ,
1875 2349 2046 2418 Λόγος

451 2437 575 2508 εἰμί
603 2453 699 2489 σου
730 2437 822 2490 τοῦ
849 2437 1004 2503 Θεοῦ,
1035 2429 1117 2491 σοὶ
1145 2435 1262 2494 οἶδα
1293 2440 1800 2511 προσδιαλέγεσθαι,
1837 2437 2044 2513 ἀνθρώ-

452 2545 581 2592 ⁴ιιιοις
606 2529 710 2584 οὐκ
743 2529 1040 2600 ἐπίσταμαι
1072 2529 1273 2596 λαλεῖν,
1308 2532 1388 2586 ὃτι
1417 2531 1678 2604 νεώτερός
1707 2533 1844 2602 είμι.

2151 1804 2323 1857 nescit
2355 1801 2507 1856 all‘ari
2544 1818 2638 1857 eos
2669 1804 2763 1872 qui
2790 1804 3046 1859 deorsum
3080 1813 3228 1859 sunt.
3265 1801 3496 1868 Quando
3541 1815 3727 1859 autem

2148 1893 2298 1946 venit
2338 1892 2394 1946 in
2426 1908 2625 1962 corpus
2674 1895 2998 1960 humanum,
3032 1894 3164 1949 dicit
3208 1893 3261 1947 in
3295 1894 3522 1949 exordio
3559 1915 3571 1950 :
3611 1895 3725 1948 Nc-

2149 1983 2258 2036 scio
2287 1983 2458 2052 loqui,
2489 1985 2621 2052 quia
2634 1985 2846 2052 juvenis
2871 2002 2963 2054 ego
2986 2001 3106 2038 sum
3134 1985 3178 2016 "
3203 2005 3218 2052 ;
3247 1986 3484 2055 juvenis,
3508 1994 3730 2055 propter

2149 2072 2612 2140 dispensationem
2636 2115 2650 2139 ,
2671 2090 2860 2140 senex,
2875 2075 3030 2144 juxta
3054 2076 3157 2130 hoc
3173 2079 3318 2146 quod
3338 2077 3730 2148 primogenitus

2154 2159 2335 2216 omnis
2381 2171 2678 2230 creaturae;
2712 2164 2952 2233 juvenis,
2982 2165 3108 2235 quia
3158 2167 3212 2220 in
3258 2167 3729 2222 consummatione

2149 2248 2264 2319 jam
2298 2251 2649 2318 seculorum,
2675 2261 2730 2309 et
2753 2253 2808 2308 in
2834 2262 3138 2310 extremum
3168 2255 3331 2327 hujus
3363 2257 3486 2312 vitae
3516 2265 3729 2328 tempus

2152 2344 2391 2399 advenit.
2446 2343 2592 2400 Dicit
2639 2346 2824 2416 itaque
2876 2363 2890 2400 :
2952 2344 3144 2401 Nescio
3194 2347 3376 2418 loqui;
3421 2349 3537 2404 seio
3581 2349 3726 2405 enim

2152 2434 2402 2504 quzedam
2451 2437 2660 2506 majora
2690 2437 2864 2507 loqui,
2897 2438 3012 2493 scio
3065 2439 3312 2508 quaedam
3364 2441 3574 2511 majora
3623 2441 3728 2496 isto

2152 2540 2404 2581 sermone
2428 2528 2666 2584 mortali.
2696 2527 2790 2584 Vis
2812 2543 2898 2584 tne
2923 2530 3076 2600 loqui
3097 2531 3472 2598 terrestribus,
3496 2532 3726 2587 necdum

452 2623 737 2693 assumpsi
771 2623 1062 2679 humanam
1109 2623 1478 2696 fragilitatem,
1527 2627 1700 2684 habeo
1751 2622 2033 2696 eloquium
2079 2628 2257 2686 tuum,
2303 2621 2542 2677 Verbum
2589 2631 2744 2678 tuum
2779 2639 2924 2692 sum,
2960 2625 3054 2680 tibi
3102 2627 3216 2682 scio
3263 2626 3450 2696 loqui,
3498 2630 3728 2684 homini-

455 2713 560 2769 bus
612 2715 796 2769 nescio
835 2715 1005 2784 loqui,
1037 2716 1256 2786 juvenis
1299 2735 1443 2774 sum.

521 2806 642 2860 Kal
677 2804 836 2875 λέγει
869 2807 1100 2874 Κύριος·
1131 2806 1229 2874 Μὴ
1263 2808 1422 2876 λέγε,
1454 2807 1541 2860 ὅτι
1560 2803 1857 2876 Nerinech
1899 2807 2031 2877 ειμι,

452 2894 544 2950 ὅτι
585 2894 741 2963 πρὸς
767 2894 1017 2961 πάντας,
1053 2895 1160 2961 οὓς
1197 2893 1311 2949 ἐὰν
1344 2896 1754 2960 ἑξαποστείλω
1785 2911 1893 2961 σε,
1935 2911 2042 2950 πο-

2219 2799 2274 2854 9.
2301 2797 2455 2870 131
2482 2797 2612 2853 Νοίὲ
2633 2799 3068 2857 dicere:luvenis
3102 2820 3195 2874 ego
3227 2821 3367 2870 sum,
3386 2807 3636 2877 quoniam
3657 2811 3726 2864 ad

2151 2904 2328 2944 onmes
2375 2906 2707 2960 quoscunque
2739 2891 2918 2964 (15-1)
2952 2893 3165 2947 mittant
3201 2904 3268 2962 te,
3305 2897 3423 2950 ibis.
3521 2895 3726 2954 Deinde

448 2986 651 3054 ρεύσῃ
673 3025 685 3037 .
726 2984 912 3048 Οὕτως
939 2986 1167 3039 ἐκτείνει
1199 2985 1298 3056 τὴν
1325 2990 1502 3060 χεῖρα,
1531 2986 1759 3042 ἅπτεται
1797 2984 1891 3041 τοῦ
1921 2985 2042 3040 στό-
2069 3020 2112 3079 c

2027 3015 2042 3028 -
2069 3020 2112 3079 Ο
2149 2982 2449 3036 commovit
2477 2999 2698 3038 manum
2727 2985 2799 3038 ad
2831 2989 3158 3058 tangende
3190 3003 3252 3044 os
3285 2989 3424 3058 ejus,
3463 3000 3521 3046 ut
3555 2993 3605 3047 ei
3635 2995 3723 3048 det

453 3094 634 3148 ματος
671 3076 856 3141 αὑτοῦ,
885 3076 1096 3131 δίδωσιν
1119 3075 1267 3148 αὑτῷ
1296 3077 1507 3148 λόγους,
1539 3079 1632 3132 καὶ
1663 3079 1876 3133 δίδωσιν
1895 3077 2043 3147 αὑτῷ

452 3171 650 3241 λόγους
681 3169 769 3224 διὰ
796 3168 894 3232 τὰς
921 3168 1194 3240 βασιλείας
1213 3209 1228 3234 ,
1256 3170 1322 3222 ἵν’
1348 3170 1640 3242 ὲκριζὼσῃ.
1672 3172 1747 3226 Οὐ
1774 3169 1959 3242 χρείαν
1988 3171 2044 3224 δὲ

452 3259 603 3334 εἶχεν
638 3261 997 3333 ὲκριζοὺντων
1035 3258 1231 3327 λόγων,
1255 3259 1343 3313 ὅτε
1371 3255 1438 3331 ἦν
1460 3261 1517 3313 ὲν
1543 3260 1738 3333 Πατρὶ,
1768 3261 1829 3314 οὑ
1855 3259 2042 3332 χρείαν

452 3349 567 3425 εἶχε
625 3351 1120 3405 κατασκαπτόντων
1162 3350 1356 3419 λόγων,
1401 3352 1495 3405 καὶ
1531 3351 1933 3424 καθαιρούντων
1971 3353 2041 3407 τὰ

451 3445 678 3516 χείρονα
698 3461 711 3474 ·
751 3443 902 3498 οὐδὲν
936 3437 1125 3514 γὰρῆν
1151 3441 1298 3508 ἄξιον
1336 3444 1694 3516 κατασκαφῆς
1725 3447 1860 3511 ἐκεῖ,
1889 3444 2042 3498 οὐδὲν

448 3532 518 3608 ἦν
551 3534 706 3602 ἄξιον
737 3532 1097 3606 ὲκριζώσεως.
1135 3534 1295 3603 Μέγα
1347 3532 1441 3589 οὖν
1473 3535 1641 3600 ἐστιν,
1676 3534 1753 3601 ὡς
1787 3535 1878 3590 τόδ
1919 3539 2039 3590 Οὐκ

448 3625 588 3683 οῖδα
628 3626 801 3696 ὑμᾶς,
839 3627 929 3680 ὅτι
963 3624 1200 3694 ἐργάται
1224 3627 1367 3681 ἐστὲ
1397 3627 1675 3696 ἀνομίας·
1722 3627 1892 3691 οὑτως
1937 3628 2040 3682 ὑπὸ

447 3720 542 3775 τοῦ
580 3719 833 3789 Σωτῆρος
863 3719 1173 3789 λεγόμενον,
1210 3717 1298 3771 διὰ
1330 3718 1394 3770 τὸ
1439 3717 1775 3790 ὑπερϐάλλον
1810 3718 2037 3789 μέγεθος

447 3812 547 3882 τῆς
584 3809 745 3881 δόξης
778 3809 942 3863 αὑτοῦ
963 3825 977 3840 ο
1008 3808 1120 3863 ἴσον
1153 3808 1282 3877 γοῦν
1314 3809 1610 3880 δυνάμενον
1638 3810 1734 3881 τῷ,
1770 3812 1891 3864 Οὐκ
1927 3813 2035 3865 ἐπ-

450 3900 928 3972 ίσταμαιλαλεῖν
942 3899 1300 3970 ἀνθρώπινα,
1329 3900 1389 3955 τό
1405 3918 1419 3931 ·
1448 3904 1560 3956 οὐκ
1586 3902 1906 3974 ἐπίσταμαι
1930 3904 2036 3956 λα-

448 3992 607 4046 λεῖός.

522 4081 653 4135 Εἴτε
682 4081 739 4136 δὲ
765 4084 900 4155 πρὸς
923 4083 1013 4137 τὸν
1054 4083 1344 4155 Ἱερεμίαν,
1374 4083 1483 4137 εἴτε
1515 4084 1651 4156 πρὸς
1676 4085 1768 4138 τὸν
1806 4085 2036 4156 Σωτῆρα

450 4171 673 4242 λέγεται
692 4191 705 4204 ο
733 4175 852 4241 Πρὸ
880 4175 988 4228 τοῦ
1011 4191 1088 4243 με
1114 4173 1434 4227 πλάσαισε
1460 4174 1529 4227 ἐν
1552 4175 1770 4241 κοιλίᾳ,
1796 4175 2038 4230 ἐπίστα-

450 4268 557 4338 μαί
590 4280 682 4329 σε,
712 4267 976 4334 ἀναγνοὺς
1000 4263 1098 4334 τὴν
1128 4261 1359 4331 Γένεσιν,
1391 4267 1485 4319 καὶ
1515 4266 1761 4338 τηρήσας
1788 4266 1857 4320 τὰ
1886 4267 2035 4338 εἰρη-

2145 3072 2343 3140 verba,
2387 3073 2590 3143 quibus
2615 3075 2854 3131 eradicet
2891 3077 3140 3146 imperia.
3199 3077 3387 3151 Neque
3416 3098 3544 3138 vero
3577 3083 3687 3138 indi
3708 3114 3722 3124 -

2145 3163 2306 3234 gebat
2342 3162 2589 3218 Salvator
2619 3165 2819 3232 verbis,
2851 3176 2911 3221 ut
2932 3182 2996 3222 ea
3023 3170 3315 3240 acciperet,
3349 3174 3568 3243 quando
3603 3185 3723 3230 erat

2143 3255 2198 3308 in
2235 3254 2429 3319 Patre,
2474 3256 2638 3313 nullis
2685 3258 2740 3311 in
2784 3259 2924 3313 caelo
2964 3259 3178 3331 dignis,
3222 3279 3343 3332 quae
3382 3278 3720 3323 mererentur

2143 3345 2334 3400 everti.
2396 3345 2526 3414 (Sed
2555 3363 2700 3403 nunc
2727 3349 2925 3418 accipit
2957 3365 3124 3420 parva
3145 3393 3160 3418 ,
3211 3353 3468 3410 dill‘crens
3510 3357 3718 3428 majora

2144 3437 2464 3507 paulisper).
2506 3438 2683 3510 Atque
2709 3441 2782 3494 ita
2812 3456 2879 3495 ex
2903 3441 3003 3496 hoc
3027 3445 3376 3514 approbatur,
3402 3447 3560 3503 sicuti
3587 3451 3718 3503 alibi

2144 3529 2382 3599 gloriose
2413 3531 2625 3587 dixerat
2653 3550 2667 3585 :
2707 3530 2902 3586 Nescio
2926 3550 3035 3600 vos,
3057 3537 3185 3605 quia
3217 3539 3445 3608 operarii
3466 3540 3590 3594 estis
3619 3541 3722 3594 ini-

2142 3621 2366 3690 quitatis
2393 3622 2436 3652 ’⁸
2456 3661 2471 3687 ,
2521 3630 2576 3677 et
2602 3639 2748 3678 nunc
2776 3625 2939 3680 verba
2970 3626 3205 3696 gloriose
3231 3630 3543 3699 accepisse,
3592 3645 3718 3686 cum

2144 3710 2289 3766 Deus
2323 3712 2415 3780 sit,
2451 3722 2504 3768 et
2530 3713 2687 3784 juxta
2716 3716 3175 3788 magniﬁcentiam
3211 3735 3325 3775 suae
3359 3721 3566 3778 dixisse
3597 3723 3717 3795 glo-

2140 3801 2236 3856 rim
2264 3821 2278 3857 :
2320 3801 2512 3858 Nescio
2545 3804 2708 3867 looui,
2745 3806 2796 3861 id
2829 3815 2932 3875 est,
2968 3808 3206 3864 humana
3233 3820 3340 3865 non
3373 3811 3519 3866 novi.

2214 4075 2300 4129 l0.
2345 4074 2471 4128 Sive
2498 4085 2678 4129 autem
2711 4077 2776 4132 ad
2801 4077 3115 4145 Jercmiam,
3145 4080 3258 4136 sive
3283 4085 3348 4138 ad
3374 4085 3713 4143 Salvatorem

2139 4164 2341 4220 dicitur
2367 4184 2379 4219 :
2420 4164 2741 4234 Priusquam
2769 4176 2816 4221 te
2840 4167 3162 4236 plasmarem
3200 4173 3254 4225 in
3285 4183 3432 4230 utero
3451 4217 3466 4242 ,
3502 4178 3620 4232 noui
3643 4188 3712 4242 te,

2139 4256 2325 4325 legens
2356 4254 2606 4312 Gcncsim
2641 4266 2693 4312 et
2724 4257 3024 4314 observans
3069 4277 3132 4316 ea
3171 4281 3294 4334 qua:
3321 4266 3393 4321 ibi
3424 4268 3491 4323 de
3521 4271 3714 4325 condi-

453 4357 590 4427 μένα
623 4357 750 4428 περὶ
780 4357 879 4428 τῆς
911 4356 1138 4420 κτίσεως
1169 4356 1263 4409 τοῦ
1295 4356 1522 4427 κόσμου,
1558 4357 1831 4429 εὑρήσεις,
1867 4357 1948 4411 ὃτι
1993 4359 2027 4429 ἡ
2063 4351 2106 4408 D
2139 4355 2149 4402 1

2015 4361 2027 4429 π
2063 4351 2106 4408 Ι)
2139 4348 2286 4402 tione
2327 4346 2512 4401 mundi
2551 4347 2753 4419 scripta
2798 4358 2946 4417 sunt,
2993 4351 3236 4411 invenies
3261 4359 3388 4428 quia
3431 4358 3711 4430 Scriptura

452 4448 640 4520 Γραφὴ
673 4449 813 4502 πάνυ
835 4447 1297 4502 διαλεκτικώτατα
1320 4449 1420 4502 οὐκ
1444 4444 1616 4514 εἶπεν,
1644 4450 1747 4514 ὅτι,
1775 4450 1895 4519 Πρὸ
1922 4449 2030 4504 τοῦ

448 4557 521 4607 με
547 4538 802 4607 ποιῆσαί
841 4554 914 4593 σε
943 4540 1011 4593 ἐν
1040 4540 1257 4607 κοιλίᾳ,
1297 4540 1622 4608 ἐπίσταμαί
1653 4556 1755 4594 σε’
1797 4541 1886 4594 ὅτε
1929 4540 2030 4611 μὲν

447 4629 557 4698 γὰρ
579 4632 612 4683 ἁ
629 4631 748 4683 κατ’
771 4629 952 4683 εἰκόνα
977 4630 1238 4694 ἐκτίζετο,
1265 4626 1417 4684 εἶπεν
1441 4633 1470 4685 ὁ
1493 4630 1624 4694 Θεός
1643 4647 1657 4660 '
1679 4631 2028 4700 Ποιήσωμεν

456 4719 762 4787 ἱνθρωπον
803 4719 928 4772 κατ’
970 4720 1175 4773 εἰκόνα
1219 4720 1317 4773 καὶ
1363 4721 1652 4789 ὁμοίωσιν
1697 4721 2022 4790 ἡμετέραν

455 4812 548 4866 οὑκ
571 4808 709 4877 εἷπε,
741 4813 1041 4882 Πλάσωμεν
1060 4830 1072 4842 ο
1102 4813 1189 4866 ὅτε
1217 4813 1272 4866 δὲ
1301 4811 1459 4866 ἔλαϐε
1487 4812 1614 4883 χοῦν
1640 4812 1745 4866 ἀπὸ
1771 4813 1867 4883 τῆς
1896 4813 2021 4882 γῆς,

455 4900 512 4952 οὐ
529 4900 794 4973 Πεποίηκε
820 4902 909 4954 τὸν
932 4900 1236 4972 ἄνθρωπον,
1258 4901 1370 4954 ἀλλ’
1388 4904 1654 4956 Ἐπλασε
1679 4902 1787 4955 τὸν
1802 4901 2026 4968 ἄνθρω-

455 5004 584 5056 πον,
618 4993 710 5046 καὶ
750 4992 900 5046 ἔθετο
929 4995 985 5045 ὲν
1026 4991 1101 5062 τῷ
1139 4993 1448 5064 παραδείσῳ
1493 4993 1585 5046 τὸν
1629 4992 1918 5063 ἄνθρωπον
1964 4991 2023 5045 ὃν

455 5081 696 5149 ἔπλασεν,
734 5083 1058 5156 ἐργάζεσθαι
1089 5083 1269 5149 αὑτὸν,
1302 5083 1394 5136 καὶ
1429 5083 1740 5150 φυλάσσειν.
1776 5083 1838 5135 El
1869 5082 2024 5137 δύνα-

455 5188 560 5238 σαι,
581 5176 681 5246 ὅρα
703 5174 963 5244 διαφορὰν
995 5173 1281 5244 ποιήσεως,
1311 5173 1392 5226 ὅτι
1419 5175 1446 5226 ό
1468 5173 1637 5242 λέγων
1664 5172 1868 5244 Κύριος
1888 5171 2025 5243 πρὸς

451 5263 539 5317 τὸν
563 5267 669 5320 εἴτε
715 5265 1001 5338 Ἱερεμίαν,
1037 5264 1148 5317 εἴτε
1183 5263 1318 5334 πρὸς
1350 5264 1440 5317 τὸν
1469 5265 1714 5341 Σωτῆρα,
1747 5265 1849 5320 οὐκ
1879 5259 2022 5326 εἷπε,

450 5355 565 5424 Πρὸ
600 5357 706 5411 τοῦ
728 5374 805 5426 με
845 5354 1093 5423 ποιῆσαί
1129 5370 1202 5408 σε
1236 5354 1306 5408 ἐν
1337 5355 1895 5428 κοιλίᾳ,ἐ.ττίσταμαί
1919 5370 2022 5408 σε·

2133 4439 2316 4495 divina
2351 4439 2580 4493 multum
2619 4440 2671 4494 in
2717 4443 3064 4501 sermonibus
3107 4459 3286 4515 cauta,
3333 4467 3438 4506 non
3470 4452 3664 4508 dixerit
3696 4473 3708 4507 :

2131 4529 2456 4601 Priusquam
2507 4542 2553 4586 le
2595 4536 2823 4602 facerem
2873 4537 2927 4590 in
2974 4549 3157 4604 utero,
3195 4543 3313 4595 nori
3358 4554 3439 4608 te;
3489 4548 3710 4616 quando

2131 4620 2276 4674 enim
2303 4620 2456 4689 juxta
2491 4621 2778 4693 imaginem
2807 4627 3049 4682 conditio
3077 4639 3179 4696 est,
3213 4631 3347 4687 dicit
3375 4633 3520 4691 Deus
3551 4654 3566 4692 :
3605 4637 3713 4692 Fa-

2131 4715 2333 4770 ciamus
2369 4716 2629 4770 hominem
2663 4718 2731 4770 ad
2769 4719 3051 4789 imaginem
3093 4732 3141 4776 cl
3184 4725 3582 4785 similitudinem
3609 4749 3709 4787 n0»-

2135 4814 2302 4860 stram
2327 4807 2404 4872 ²⁸;
2439 4816 2494 4862 et
2526 4823 2633 4862 non
2666 4808 2816 4874 dicit,
2847 4809 3201 4879 plasmemus.
3261 4817 3492 4885 Quando
3525 4832 3707 4876 autem

2133 4898 2341 4968 accepit
2374 4898 2548 4954 lutum
2581 4901 2647 4954 «le
2673 4911 2836 4964 terra,
2860 4919 2968 4959 non
2998 4915 3082 4961 est
3109 4909 3372 4978 scriptum
3403 4931 3414 4965 :
3444 4913 3594 4968 Fecit
3618 4916 3710 4985 bo-

2134 4987 2334 5043 minetn
2359 5031 2372 5056 ,
2410 4990 2503 5044 sed
2545 5008 2558 5043 :
2593 4988 2886 5044 Plasmavit
2920 4993 3178 5048 hominen:
3204 4998 3282 5050 ⁸⁷.
3337 5007 3389 5052 et
3437 4999 3622 5069 posuit
3651 4999 3705 5054 in

2130 5080 2389 5148 paradiso
2416 5081 2691 5136 hominem
2727 5097 2886 5151 quem
2913 5083 3220 5153 plasmavit,
3245 5089 3482 5157 operari,
3515 5098 3568 5143 et
3591 5103 3709 5144 ser-

2129 5183 2257 5224 vare
2287 5185 2434 5224 eum.
2499 5169 2555 5224 Si
2585 5181 2771 5240 potes,
2823 5173 3059 5244 intelligc
3091 5176 3449 5231 dill‘ercntiam
3481 5177 3706 5234 factura:

2129 5271 2184 5316 et
2209 5261 2610 5330 plasmationis,
2645 5277 2770 5316 cum
2801 5263 2987 5318 dicens
3018 5265 3131 5318 sive
3165 5265 3233 5320 ad
3261 5265 3572 5334 Jeremiam,
3627 5271 3706 5325 ri-

2135 5367 2201 5408 ve
2223 5352 2291 5407 ad
2325 5351 2684 5418 Salvatorem,
2714 5370 2822 5408 non
2847 5355 3044 5410 dixerit
3075 5373 3087 5410 :
3121 5355 3444 5426 Priusquam
3481 5367 3530 5414 te
3557 5359 3698 5429 face-

519 5491 565 5522 ⁸³
597 5489 757 5546 llcbr.
783 5507 822 5557 ι,
856 5491 908 5556 4,
945 5491 997 5547 5.
1076 5491 1120 5523 ’δ
1147 5489 1257 5545 Jer.
1290 5504 1328 5553 l,
1355 5488 1407 5543 6.
1476 5495 1520 5531 ³³
1555 5503 1685 5567 an
1724 5513 1860 5559 xm,
1891 5490 1984 5544 27.
2064 5489 2110 5519 ’⁸
2150 5493 2215 5541 bc

1290 5504 1328 5553 ι,
1355 5488 1407 5543 6.
1476 5495 1520 5531 η
1555 5503 1685 5567 an
1724 5513 1860 5559 xm,
1891 5490 1984 5544 27.
2064 5489 2110 5519 ’⁸
2150 5493 2286 5542 ben.
2318 5499 2359 5553 ι,
2385 5485 2479 5541 26.
2553 5487 2597 5518 ’⁷
2637 5487 2864 5557 Gemit,
2907 5489 2958 5542 7.

523 5628 693 5701 (15-1)
733 5627 862 5684 Mss.
891 5630 1138 5699 quoniam
1168 5629 1237 5682 ad
1264 5645 1432 5687 omnes
1455 5658 1814 5733 quascunque.
1844 5631 2007 5693 Libb.
2044 5626 2195 5695 editi,
2225 5625 2487 5695 Quoniam
2520 5626 2590 5680 ad
2622 5631 2799 5686 omnia
2834 5628 2903 5715 ad
2926 5644 3265 5700 qumunque.

714 5749 987 5809 Ρλτιιοι.
1021 5746 1136 5808 Gtt.
1171 5745 1336 5808 Xlll.

3389 5783 3432 5843 9.
