4296 6288
565 295 671 352 267

2034 288 2357 348 ORIGENIS

3721 305 3824 361 2‘38

564 428 676 476 rem
707 409 762 466 in
796 419 967 465 utero.
1023 406 1178 476 Quod
1209 405 1351 461 enim
1376 404 1453 471 ﬁt,
1489 419 1596 461 non
1644 405 1702 460 ﬁt
1728 406 1780 460 in
1817 414 2005 472 utero;
2042 405 2136 460 sed
2165 412 2210 469 Α
2239 422 2260 458 τ

2129 406 2136 459 ι
2165 412 2210 469 Α
2239 405 2300 458 τὸ
2316 404 2423 476 γὰρ
2443 402 2761 474 ποιούμενον
2781 407 2882 460 οὐκ
2900 407 2957 461 ὲν
2976 409 3151 481 κοιλίᾳ
3167 409 3394 479 γίνεται,
3417 413 3552 469 ἀλλὰ
3578 415 3638 470 τὸ
3665 417 3825 473 πλασ-

566 504 712 575 quod
756 509 975 558 creatur
1015 499 1082 554 de
1125 508 1282 552 terra:
1327 496 1577 566 pulvere,
1613 496 1718 550 hoc
1748 496 2046 566 plasmatur
2081 496 2135 550 in

565 611 742 655 utero.
777 593 1091 664 Priusquam
1126 600 1173 644 te
1201 589 1522 660 plasmarem
1551 589 1608 642 in
1637 598 1803 654 utero,
1834 590 1943 643 scio
1974 598 2041 644 te.
2079 587 2138 643 Si

568 705 759 744 omnes
789 686 937 740 novit
969 681 1131 746 Deus,
1168 680 1443 752 quomodo
1473 680 1630 750 quasi
1663 680 1936 750 praecipuo
1975 695 2004 733 a
2033 694 2138 735 cae-

563 777 696 836 teris
723 774 970 830 Jeremiae
992 771 1124 827 dicit
1177 789 1191 827 :
1250 769 1390 825 Novi
1423 773 1514 826 te?
1560 770 1642 823 An
1673 785 1768 825 eos
1799 778 2009 824 tantum
2035 771 2138 826 scit

563 869 707 924 Deus
739 861 832 935 qui
867 863 1096 920 scientia
1123 861 1244 931 ejus
1272 862 1422 933 digni
1449 870 1609 926 sunt,
1655 869 1709 915 et
1732 862 2015 931 cognoscit
2041 875 2138 918 eos

560 961 654 1031 qui
701 959 820 1029 ejus
857 966 1022 1025 sunt;
1070 956 1326 1026 indignos
1363 969 1492 1009 vero
1531 953 1704 1009 nescit
1745 969 1921 1022 neque
1954 951 2134 1020 Pater,

561 1065 737 1122 neque
777 1050 949 1105 Filius
970 1091 984 1116 ,
1037 1047 1225 1104 dicens
1255 1065 1268 1101 :
1306 1045 1428 1100 Non
1457 1046 1576 1100 novi
1616 1061 1704 1100 vos
1735 1045 1821 1098 "‘2
1851 1042 1980 1114 ,Nos
2008 1057 2134 1100 eum

559 1144 737 1200 simus
769 1141 1042 1205 homines,
1091 1139 1135 1195 si
1160 1139 1341 1208 aliqua
1373 1136 1638 1192 fuerimus
1664 1135 1872 1207 praediti
1901 1135 2136 1208 dignita-

560 1244 633 1303 te,
680 1235 816 1290 alios
860 1242 1048 1288 nostra
1077 1230 1266 1286 notitia
1293 1230 1510 1298 dignos,
1545 1229 1684 1283 alios
1711 1227 2023 1298 judicamus
2049 1227 2135 1282 in-

557 1326 755 1397 dignos
785 1343 798 1380 :
836 1333 890 1380 et
917 1338 1059 1394 quos
1090 1322 1231 1379 scire
1260 1321 1517 1376 nolumus
1538 1358 1554 1385 ,
1589 1334 1768 1389 neque
1815 1319 2005 1374 audire
2033 1334 2132 1373 vo-

556 1416 763 1483 lumus,
796 1431 892 1471 eos
917 1415 1216 1470 nescimus.
1286 1410 1426 1478 Quid
1459 1403 1744 1466 arbitraris
1775 1411 1842 1466 de
1867 1411 2135 1466 universi-

556 1510 687 1566 tatis
731 1508 880 1564 Deo?
940 1506 1070 1560 Vult
1105 1505 1244 1561 scire
1282 1503 1659 1568 Pharaonem,
1688 1503 1806 1557 vult
1849 1501 2133 1573 .Egyptios

557 1616 744 1669 nosse,
777 1599 871 1656 sed
897 1598 1104 1669 indigni
1133 1605 1260 1653 sunt
1294 1596 1483 1651 notitia
1506 1595 1626 1665 ejus
1656 1595 1770 1666 (sed
1799 1595 1901 1664 ipsi
1926 1593 2133 1649 faciunt

557 1700 620 1748 ut
643 1689 1006 1762 ignorentur).
1047 1686 1164 1744 Scit
1185 1695 1365 1742 autem
1401 1685 1661 1756 Moysem,
1689 1686 1793 1741 scit
1815 1686 2127 1756 prophetas,

2239 497 2463 567 σύμενον
2498 497 2604 550 ἀπὸ
2623 497 2714 550 τοῦ
2740 495 2836 567 χοῦ
2868 499 2966 569 τῆς
2993 500 3116 570 γῆς,
3145 501 3302 556 τοῦτο
3352 506 3410 557 ἐν
3445 507 3622 578 κοιλίᾳ
3649 508 3826 574 κτίζε-

2235 603 2342 643 ται.
2379 588 2501 656 Πρὸ
2533 589 2639 642 τοῦ
2663 606 2740 657 με
2774 589 3003 644 πλάσαι
3039 608 3113 645 σε
3138 593 3207 645 ἐκ
3240 597 3471 662 κοιλίας
3507 598 3824 668 ἐπίσταμαι

2237 695 2330 735 σε.
2359 681 2419 736 Ei
2447 680 2653 744 πάντας
2677 681 2945 751 ἠπίστατο
2964 684 2992 736 6
3014 682 3238 755 Κύριος,
3269 685 3385 750 πῶς
3413 687 3559 756 λέγει
3579 689 3640 742 τό
3659 707 3671 720 ·
3701 693 3824 745 Οὐκ

2237 767 2556 838 ἐπίσταμαι
2588 769 2820 834 λαλεῖν,
2852 773 2976 824 ἐπεὶ
3018 772 3094 843 (2)
3129 775 3333 838 πάντας
3360 777 3627 846 ἠπίστατο
3657 781 3685 831 6
3712 780 3824 832 Κύ-

2240 874 2381 928 ριος;
2415 859 2628 913 λεκτέον
2669 859 2776 932 γὰρ
2807 861 2883 924 ὡς
2922 861 2989 915 ἂν
3032 863 3107 927 ὥς
3139 882 3190 918 τι
3224 866 3498 938 ἐξαίρετον
3553 869 3704 938 ἔλεγε
3741 869 3822 943 τῷ

2250 951 2489 1022 Ἱερεμίᾳ
2521 952 2614 1004 τό·
2659 952 2768 1005 Καὶ
2801 952 3128 1023 ἐπίσταμαί
3159 970 3233 1010 σε
3255 973 3268 986 ο
3301 957 3498 1014 ούκοῦν
3530 959 3605 1023 ὡς
3635 961 3822 1030 διαφέ-

2241 1058 2431 1112 ροντας
2465 1043 2752 1097 ἐπίσταται
2779 1045 2808 1096 6
2846 1043 3001 1109 Θεὸς,
3036 1047 3163 1110 τοὺς
3201 1047 3383 1114 ἀξίους
3422 1050 3520 1120 τῆς
3567 1049 3822 1120 γνώσεως

2235 1133 2400 1188 αὐτοῦ
2449 1136 2734 1189 ἐπίσταται
2773 1138 2802 1189 ό
2835 1136 2986 1202 Θεὸς,
3033 1140 3128 1194 καὶ
3167 1139 3308 1208 ἔγνω
3333 1141 3538 1212 Κύριος
3563 1144 3689 1208 τοὺς
3727 1146 3817 1198 ὅν-

2233 1242 2332 1289 τας
2356 1226 2524 1280 αὐτοῦ
2543 1243 2558 1258 ο
2597 1229 2724 1292 τοὺς
2755 1228 2812 1283 δὲ
2847 1229 3100 1294 ἀναξίους
3147 1231 3246 1283 οὐκ
3277 1231 3563 1287 ἐπίσταται
3595 1235 3624 1288 6
3661 1235 3813 1301 Θεὸς,

2233 1315 2310 1381 ὼς
2344 1317 2464 1370 οὐδὲ
2499 1321 2527 1371 6
2569 1320 2782 1392 Σωτὴρ,
2803 1321 3008 1388 λέγων·
3064 1321 3362 1377 Οὐδέποτε
3408 1323 3602 1395 ἔγνων
3639 1327 3814 1396 ὑμᾶς.

2247 1409 2456 1480 Ἡμεῖς,
2486 1409 2759 1484 ἄνθρωποι
2785 1411 2956 1478 ὄντες,
2981 1413 3104 1467 ὅσον
3133 1415 3530 1487 προκόπτομεν,
3560 1418 3816 1489 κρίνομέν

2233 1517 2375 1564 τινα,
2406 1502 2532 1569 ἀξια
2559 1503 2687 1557 ὄντα
2714 1503 2806 1556 τοῦ
2841 1505 3163 1560 ἐπίστασθαι
3191 1509 3340 1578 ἡμᾶς
3363 1509 3520 1562 αύτά.
3556 1511 3666 1563 Καί
3695 1528 3817 1565 τινα

2232 1591 2355 1644 οὐδὲ
2383 1592 2603 1646 ἀκούειν
2631 1593 2874 1664 θέλομεν,
2903 1595 2990 1648 ἵνα
3021 1596 3096 1666 μὴ
3119 1597 3256 1649 αὐτὰ
3279 1597 3650 1670 ὲπιστὼμεθα,
3682 1602 3815 1672 μηδὲ

2233 1678 2483 1750 εἰδῶμεν·
2512 1682 2633 1735 τινὰ
2662 1683 2718 1736 δὲ
2750 1683 2972 1756 θέλομεν
2999 1685 3340 1740 ἐπίστασθαι.
3373 1689 3436 1740 Εἰ
3461 1689 3516 1741 δὲ
3544 1690 3652 1743 τῶν
3679 1693 3815 1746 ὅλων

557 1794 611 1840 et
640 1751 695 1840 si
714 1784 838 1855 quis
864 1751 1059 1838 similis
1086 1796 1276 1837 eorum
1308 1788 1410 1835 est.
1472 1751 1699 1834 biultum
1735 1789 1787 1834 te
1809 1751 2022 1849 oportet
2051 1751 2130 1834 la;-
2165 1751 2207 1806 Β
2235 1771 2253 1823 ί

2116 1751 2130 1821 ᾳ
2165 1751 2207 1806 Β
2235 1771 2368 1834 Θεὸς
2397 1771 2459 1826 οὗ
2495 1773 2637 1827 θέλει
2687 1751 3011 1830 ἐπίστασθαι
3043 1776 3133 1830 τὸν
3165 1776 3485 1855 Φαραὼ,ού
3520 1779 3661 1833 θέλει
3695 1782 3812 1834 ἐπί-

554 1877 771 1942 borare,
791 1886 852 1931 ut
883 1877 1032 1931 nosci
1069 1873 1347 1944 incipiaris
1375 1888 1406 1928 a
1429 1873 1680 1928 Domino.
1700 1871 1989 1928 Jeremiam
2009 1874 2132 1943 qui—

551 1971 698 2036 dem,
722 1968 878 2038 132
897 1967 1214 2038 priusquam
1228 1965 1578 2036 plasmaverit
1610 1965 1663 2019 in
1691 1975 1898 2033 ventre,
1923 1979 2128 2036 cogno‘

550 2061 662 2126 vit;
706 2060 873 2114 alium
897 2073 1028 2113 vero
1052 2058 1120 2113 de
1147 2057 1429 2128 prophetis
1457 2056 1680 2126 triginta
1711 2071 1982 2118 annorum
2013 2073 2128 2114 cte-

547 2148 629 2217 pit
664 2159 846 2212 nosse,
882 2145 1050 2201 alium
1077 2143 1461 2215 quadraginta.
1506 2143 1801 2200 Sermones
1828 2153 1956 2200 sunt
1986 2145 2127 2201 inef-

549 2238 745 2294 fabiles
786 2237 857 2292 de
901 2236 1206 2300 Salvatore,
1236 2243 1289 2290 et
1312 2247 1421 2290 non
1450 2249 1778 2306 magnopere
1807 2237 2123 2307 quaerendi;

548 2328 618 2386 de
650 2327 883 2385 Jeremia
917 2342 1077 2393 vero,
1128 2341 1318 2383 eorum
1364 2327 1458 2398 qui
1501 2326 1784 2384 scientiam
1816 2326 2126 2399 Scriptura-

547 2435 671 2476 rum
696 2420 917 2488 habent,
952 2419 1178 2476 auribus
1205 2419 1528 2490 indigemus.

616 2701 704 2754 11.
745 2699 1036 2767 Quomodo
1057 2702 1204 2758 dicat
1231 2718 1244 2756 :
1279 2701 1605 2771 Priusquam
1645 2708 1693 2754 te
1715 2699 2038 2770 plasmarem
2069 2700 2123 2753 in

543 2803 716 2858 utero,
746 2796 865 2849 novi
899 2805 983 2859 te;
1033 2805 1082 2850 et
1131 2796 1440 2866 priusquam
1469 2796 1638 2850 exires
1665 2796 1729 2850 de
1753 2793 1905 2849 vulva
1932 2794 2120 2849 matris

545 2896 669 2952 tum,
722 2887 1054 2957 sancti/icavi
1100 2887 1194 2941 te?
1244 2885 1387 2943 Deus
1415 2886 1517 2942 sibi
1549 2887 1663 2957 ipse
1690 2886 1995 2942 sanctilicat
2022 2887 2122 2942 ali-

545 2995 708 3050 quos.
761 2977 930 3034 Istum
961 2995 1072 3034 non
1099 2986 1398 3050 exSpectat,
1431 2988 1489 3033 ut
1514 2977 1818 3033 sanctiﬁcet
1855 2979 2116 3046 genitum,

2234 1865 2460 1919 στασθαι
2486 1867 2612 1930 τοὺς
2642 1868 2990 1936 Αἰγυπτίους,
3015 1869 3116 1922 οὐκ
3137 1851 3282 1922 εἰσὶν
3297 1867 3434 1932 ἄξιοι
3460 1870 3558 1940 τῆς
3588 1872 3811 1944 ἐπιστή-

2235 1973 2342 2028 μης
2372 1957 2464 2010 τοῦ
2487 1957 2643 2010 Θεοῦ.
2667 1957 2907 2029 Μωῦσῆς
2940 1959 2996 2012 δὲ
3023 1957 3191 2023 ἄξιος,
3223 1959 3315 2012 καὶ
3353 1961 3508 2023 ἕκτος
3539 1963 3645 2015 τῶν
3680 1981 3813 2035 προ-ο

2231 2049 2414 2119 φητῶν
2447 2049 2523 2119 (3)
2549 2050 2886 2120 τηλικοῦτος.
2921 2051 3100 2104 Πολλά
3128 2069 3186 2105 σε
3214 2051 3292 2104 δεῖ
3321 2053 3685 2124 κατορθῶσαι,
3722 2057 3812 2110 ἵνα

2227 2141 2258 2191 6
2284 2139 2416 2202 Θεὸς
2451 2137 2592 2203 ἀξιοῖ
2626 2157 2686 2193 σε
2725 2141 3066 2198 ἐπίστασθαι.
3100 2143 3204 2197 Τὸν
3245 2144 3341 2214 μὲν
3383 2145 3490 2216 γὰρ
3542 2147 3810 2218 Ἱερεμίαν

2227 2228 2336 2302 πρὸ
2361 2227 2455 2282 τοῦ
2478 2229 2682 2282 πλάσαι
2708 2232 2766 2284 ἐν
2793 2230 2970 2302 κοιλίᾳ
2996 2231 3253 2286 ἐπίστατο
3271 2249 3284 2263 ⁸
3318 2233 3474 2288 ἀλλον
3497 2235 3553 2287 δὲ
3586 2235 3808 2306 ἄρχεται

2225 2320 2550 2374 ἐπίστασθαι
2571 2321 2859 2394 τριάκοντα
2883 2323 2976 2394 ἔτη
3008 2323 3266 2392 γεγονότα
3289 2324 3385 2396 (4),
3403 2329 3807 2398 τεσσαράκοντα

2223 2411 2318 2483 ἔτη
2348 2412 2629 2481 γεγονότα.
2663 2415 2826 2482 Λόγοι
2856 2414 2991 2468 Θεοῦ
3019 2417 3155 2468 εἰσιν
3183 2417 3483 2487 ἀπόρρητοι
3501 2435 3514 2447 ·
3552 2419 3682 2490 περὶ
3707 2417 3806 2489 μὲν

2222 2497 2316 2557 οὖν
2341 2503 2432 2557 τοῦ
2459 2503 2705 2576 Σωτῆρος
2726 2505 2786 2556 οὑ
2817 2502 3156 2574 ζητούμενοι,
3181 2505 3307 2576 περὶ
3330 2505 3385 2557 δὲ
3417 2505 3509 2559 τοῦ
3543 2507 3806 2578 Ἱερεμίου

2222 2596 2333 2658 τοῖς
2365 2587 2481 2647 ὧτα
2517 2592 2728 2664 ἔχουσιν
2756 2593 3094 2657 ἐπιστάσεως
3119 2594 3378 2665 δεόμενοι.

2299 2705 2425 2771 Πῶς
2446 2704 2593 2776 λέγει
2612 2724 2625 2737 ·
2668 2726 2686 2757 ι
2728 2706 2844 2779 Πρὸ
2865 2706 2962 2762 τοῦ
2995 2726 3063 2779 με
3089 2708 3288 2763 πλάσαι
3317 2727 3376 2762 σε
3403 2711 3460 2764 ἐν
3486 2711 3807 2782 κοιλίᾳ,ὲπί-

2223 2797 2427 2870 σταμαί
2450 2815 2509 2851 σε
2528 2815 2540 2828 ·
2572 2799 2664 2852 καὶ
2686 2799 2790 2870 πρὸ
2811 2797 2905 2852 τοῦ
2937 2817 2996 2852 σε
3016 2799 3248 2866 ἐξελθεῖν
3273 2803 3336 2854 ὲκ
3369 2803 3579 2872 μήτρας
3598 2801 3804 2872 ήγίακά

2224 2902 2283 2942 σε
2323 2905 2376 2956 ι;
2424 2887 2484 2945 '0
2513 2890 2645 2954 Θεὸς
2678 2889 2856 2962 ἑαυτῷ
2896 2891 3112 2961 ἀγιάσει
3153 2893 3323 2956 τινάς.
3361 2894 3562 2948 Τοῦτον
3601 2895 3661 2948 ού
3703 2913 3802 2947 πεο

2225 2979 2514 3051 ριέμεινεν,
2541 2980 2626 3033 ἵνα
2656 2981 2875 3034 ἐλθόντα
2905 2984 2984 3046 εἰς
3004 2983 3214 3052 γένεσιν
3247 2985 3471 3058 ἀγιάσῃ,
3511 2985 3648 3040 ἀλλὰ
3674 2987 3804 3058 πρὶν

544 3070 640 3127 sed
665 3071 817 3140 prius
845 3071 1150 3126 sanctiﬁcat
1175 3085 1338 3140 quam
1369 3069 1436 3124 de
1465 3069 1624 3123 vulva
1672 3069 2001 3140 egrediatur.
2062 3068 2119 3124 Si
2148 3090 2195 3152 ο
2224 3074 2240 3126 ἔ

2105 3069 2119 3122 i
2148 3090 2195 3152 ο
2224 3071 2458 3140 ἐξελθεῖν
2491 3076 2555 3128 ὲκ
2590 3075 2801 3146 μήτρας
2841 3075 2942 3146 ήδη
2988 3076 3232 3146 ἡγίασεν.
3280 3077 3406 3130 Ἐὰν
3450 3079 3541 3130 ἐπὶ
3567 3079 3657 3132 τὸν
3686 3081 3800 3131 Σω-

540 3162 611 3217 ad
645 3160 1004 3227 Salvatorem,
1039 3170 1098 3218 ut
1122 3163 1253 3229 dixi,
1291 3160 1518 3228 referas,
1551 3177 1661 3216 non
1686 3169 1768 3217 est
1798 3163 2003 3216 malum
2036 3161 2120 3218 di-

540 3268 668 3309 cere
713 3255 866 3325 prius
908 3270 1032 3310 eum
1085 3252 1483 3309 sanctiﬁcatum
1513 3268 1668 3320 esse,
1701 3269 1866 3324 quam
1905 3264 2115 3311 natum.

2222 3163 2366 3234 τῆρα
2395 3164 2690 3235 ἀναφέρῃς,
2714 3164 2774 3216 οὺ
2805 3162 3039 3233 χαλεπὸν
3071 3165 3265 3228 εἰπεῖν,
3294 3165 3375 3218 ὅτι
3410 3165 3539 3236 πρὶν
3569 3165 3801 3232 ἐξελθεῖν

2223 3256 2291 3310 ὲκ
2327 3257 2539 3329 μήτρας
2571 3255 2851 3328 ἡγίασται.

543 3346 663 3422 [Sic
695 3348 845 3404 etde
872 3347 1103 3403 Domino
1127 3345 1417 3416 intelligas,
1449 3344 1542 3417 qui
1577 3353 1870 3415 antequam
1900 3347 1967 3401 de
1995 3349 2154 3404 vulva
2194 3349 2424 3416 exierit,
2471 3349 2844 3404 sanetiﬁcatus
2889 3357 3004 3414 est,
3063 3345 3158 3404 sed
3217 3348 3430 3406 inﬁnito
3484 3359 3610 3406 ante
3663 3360 3799 3408 tem-

539 3455 672 3512 pore
718 3455 935 3512 semper
980 3447 1204 3495 sanctus
1249 3437 1350 3492 fuit
1389 3456 1403 3492 :
1436 3437 1526 3493 hic
1561 3453 1688 3492 vero
1714 3448 2004 3508 antequam
2041 3441 2107 3495 de
2133 3451 2288 3497 utero
2317 3441 2509 3507 exiret,
2535 3441 2906 3497 sanctiﬁcatus
2931 3441 3059 3513 est.]

610 3537 700 3593 12.
740 3535 1061 3606 Prophetam
1089 3536 1144 3588 in
1174 3534 1413 3605 gentibus
1442 3533 1594 3603 posui
1627 3541 1694 3587 te.
1767 3531 1820 3586 Si
1851 3531 2115 3589 Jeremias

537 3627 739 3702 quaeris
769 3627 1048 3698 quomodo
1097 3625 1168 3681 sit
1215 3626 1478 3695 propheta
1506 3623 1559 3678 in
1596 3623 1847 3692 gentibus
1879 3623 2111 3694 positus,

537 3724 767 3780 observa
802 3722 857 3777 in
887 3718 1352 3789 consequentibus
1380 3708 1504 3773 cum
1534 3715 1758 3786 jubetur
1788 3715 2114 3785 prephetare

538 3814 606 3870 ad
630 3827 819 3870 omnes
839 3820 1024 3885 gentes
1056 3829 1068 3865 :
1103 3825 1227 3864 nam
1252 3806 1562 3864 istiusmodi
1592 3806 1815 3876 scriptio
1837 3815 1942 3870 est,
1967 3806 2114 3874 quod

536 3885 883 3974 prophetarit
929 3899 1194 3955 Jeremias
1254 3913 1418 3968 super
1465 3910 1659 3951 omnes
1701 3903 1887 3965 gentes
1934 3894 2111 3962 Elam,

538 3991 812 4056 Damasci,
856 3990 1048 4058 Moab;
1083 3999 1138 4044 et
1165 3988 1391 4043 habebis
1433 3987 1561 4056 quia
1601 3985 2007 4057 prophetaverit
2045 3985 2115 4042 ad

535 4097 730 4138 omnes
755 4089 976 4153 gentes,
1025 4081 1179 4150 juxta
1223 4077 1274 4132 id
1301 4078 1446 4149 quod
1473 4077 1679 4133 dictum
1709 4084 1794 4132 est
1828 4094 1841 4130 :
1879 4076 2115 4145 Prophe-

537 4186 648 4230 tam
681 4174 734 4229 in
765 4173 1005 4246 gentibus
1036 4174 1189 4243 posui
1221 4182 1288 4234 te,
1324 4171 1369 4226 si
1399 4181 1580 4226 tamen
1629 4167 1870 4225 volueris
1903 4168 2019 4222 haec
2045 4166 2114 4223 de

2290 3534 2611 3604 Προφήτην
2641 3538 2727 3601 είς
2748 3535 2892 3604 ἔθνη
2923 3535 3154 3591 τέθεικά
3184 3550 3278 3589 σε.
3307 3535 3556 3607 Τήρησον
3595 3539 3650 3593 ἐν
3688 3543 3800 3603 τοῖς
3829 3523 3835 3528 ’

2219 3624 2364 3697 ἑξῆς,
2390 3627 2469 3680 ὅτι
2503 3626 2781 3680 κελεύεται
2815 3627 3188 3698 προφητεῦσαι
3218 3626 3311 3679 ἐπὶ
3341 3627 3516 3681 πάντα
3549 3629 3617 3683 τὰ
3645 3629 3793 3701 ἔθνη,

2217 3719 2283 3788 τῇ
2315 3717 2517 3788 Αίλὰμ,
2545 3721 2612 3790 τῇ
2654 3717 2952 3790 Δαμασκῷ,
2983 3721 3048 3788 τῇ
3088 3718 3292 3771 Μωάὃο
3328 3718 3423 3772 καὶ
3462 3719 3676 3790 ἔχομεν,
3715 3722 3798 3776 ὅτι

2219 3813 2625 3884 προεφήτευσεν
2659 3812 2749 3863 ἐπὶ
2773 3811 2949 3864 πάντα
2980 3809 3049 3862 τὰ
3075 3809 3226 3880 έθνη,
3247 3808 3325 3874 ὡς
3353 3808 3578 3882 πρὸς-τὸ
3609 3814 3792 3884 ῥητὸν,

2217 3901 2320 3966 ὅτι,
2359 3900 2680 3970 Προφήτην
2711 3903 2797 3966 είς
2823 3901 2963 3972 ἔθνη
2995 3899 3227 3954 τέθεικά
3256 3915 3351 3966 σε,
3383 3901 3519 3973 πρὸς
3552 3901 3754 3956 ὲκεῖνον
3776 3917 3796 3937 ο

2219 3991 2323 4056 ’έως
2365 3993 2424 4046 δὲ
2452 3993 2590 4064 πρὸς
2627 3993 2935 4061 ἀναγωγὴν,
2984 3991 3076 4045 ὲάν
3112 3993 3208 4064 μὲν
3246 3993 3337 4046 ἐπὶ
3367 3994 3458 4048 τὸν
3501 3995 3790 4068 Ἰερεμίαν,

2219 4085 2662 4156 προειρήκαμεν
2709 4083 2803 4137 ἐὰν
2845 4083 2903 4136 δὲ
2937 4084 3032 4136 επὶ
3061 4082 3154 4136 τοῦ
3199 4085 3469 4154 Σωτῆρος,
3504 4085 3556 4137 τί
3588 4085 3668 4138 δεῖ
3700 4084 3795 4141 καὶ

2217 4171 2430 4241 λέγειν;
2464 4167 2616 4238 οὗτος
2643 4172 2857 4246 ἀληθῶς
2879 4173 2972 4226 ἐπὶ
2996 4173 3172 4228 πάντα
3203 4173 3270 4227 τὰ
3299 4173 3426 4244 ἔθνη
3459 4178 3795 4248 προεφήτευ-

533 4266 769 4324 Jeremia
804 4267 947 4322 dicta
979 4265 1200 4322 sentire.
1265 4261 1322 4318 Si
1369 4271 1551 4318 autem
1599 4261 2010 4332 intelligentiam
2041 4259 2107 4316 ad
2140 4271 2187 4328 ι)
2217 4279 2229 4314 ς

2093 4259 2107 4314 Ι
2140 4271 2187 4328 ι)
2217 4279 2336 4317 σεν·
2360 4262 2475 4316 ἔστι
2514 4264 2621 4335 γὰρ
2649 4263 2838 4333 ὥσπερ
2871 4261 3006 4315 ἄλλα
3037 4264 3228 4334 μυρία,
3259 4263 3398 4316 οὕτω
3443 4267 3539 4319 καὶ
3577 4269 3789 4338 προφή-

535 4359 707 4415 Deum
741 4359 1058 4422 transferas,
1089 4355 1192 4410 iste
1218 4369 1343 4408 vere
1373 4353 1426 4406 in
1459 4353 1740 4406 universas
1767 4360 1954 4421 gentes
1984 4364 2116 4419 prae-

536 4450 756 4506 dicavit.
798 4448 896 4503 Est
929 4445 1130 4515 quippe
1163 4443 1308 4498 sicut
1331 4442 1436 4496 alia
1466 4443 1658 4509 multa,
1687 4441 1768 4496 sic
1795 4450 1848 4495 et
1882 4440 2114 4509 prophe-

538 4550 614 4596 ta.
665 4538 737 4596 Ut
763 4547 846 4596 est
890 4539 1143 4610 princeps
1197 4532 1578 4597 sacerdotum,
1636 4540 1696 4588 ut
1724 4539 1808 4586 est
1841 4530 2114 4596 Salvator,

537 4644 601 4686 ut
625 4640 710 4686 est
737 4632 1005 4695 medicus,
1041 4627 1292 4686 similiter
1323 4634 1377 4681 et
1405 4623 1670 4694 propheta
1695 4632 1778 4677 est
1821 4621 1921 4692 (t).
1970 4620 2117 4692 Moy-

540 4739 630 4780 ses
659 4723 989 4777 annuntians
1020 4723 1086 4776 de
1110 4737 1209 4788 eo,
1251 4734 1360 4774 non
1407 4715 1584 4772 solum
1619 4713 1933 4784 prophetam
1956 4752 1970 4776 ,
2021 4712 2116 4767 sed

539 4812 913 4870 admirabilem
966 4812 1106 4865 inter
1157 4821 1384 4866 cunctos
1419 4805 1731 4862 nominavit
1770 4804 2116 4874 prophetam,

538 4906 729 4961 dicens
775 4922 788 4956 :
849 4902 1168 4972 Prophetam
1213 4917 1276 4954 ea:
1307 4900 1563 4971 fratribus
1610 4899 1794 4952 vestris
1838 4894 2116 4949 suscitabit

538 4995 714 5060 vobis,
769 4995 896 5048 dicit
927 4993 1183 5047 Dominus
1214 4991 1352 5045 Deus
1378 5002 1587 5055 noster;
1631 4988 1784 5060 quasi
1831 5003 1911 5041 me
1938 4987 2118 5040 audite

538 5106 676 5145 eum.
697 5087 1007 5157 Quicunque
1029 5101 1133 5138 non
1163 5085 1391 5138 audierit
1417 5083 1721 5153 prophetam
1747 5079 1921 5142 illum,
1952 5078 2116 5132 inter-

539 5181 636 5238 ibit
685 5179 749 5234 de
793 5177 985 5248 populo
1012 5191 1108 5229 suo
1137 5173 1204 5229 ’³.
1260 5174 1365 5230 iste
1409 5183 1494 5230 est
1523 5175 1810 5244 prophetes
1843 5169 2112 5225 constitu-

607 5316 653 5350 ³⁸
688 5314 876 5372 Matth.
918 5329 1028 5377 vn,
1061 5309 1152 5365 25.
1229 5310 1274 5343 ¹⁹
1311 5309 1466 5366 Deut.
1513 5325 1681 5374 xvm,
1721 5309 1808 5362 15.

611 5431 687 5500 (1)
728 5428 858 5484 Mss.
893 5425 1070 5499 Regii,
1119 5425 1256 5482 sicut
1299 5426 1538 5495 princeps
1579 5423 1990 5492 prophetarum,
2034 5420 2112 5474 sic

537 5509 584 5553 ﬂ
610 5499 967 5638 ῗὲἵρέξθαούκ
993 5567 1294 5638 ἐπίσταμαι
1321 5564 1522 5628 λαλεῖν,
1556 5563 1672 5633 lege
1695 5575 1816 5617 cum
1846 5557 2109 5630 Hierony-

539 5635 984 5705 mmsnimapai
1020 5653 1102 5705 σε,
1133 5635 1278 5702 ἐπεί,
1310 5644 1417 5705 etc2

611 5697 690 5781 (3)
731 5697 948 5770 Ἕκτος
979 5697 1097 5758 τῶν
1149 5697 1466 5774 προφητῶν
1493 5743 1509 5771 ,
1561 5713 1664 5759 etc.
1710 5701 1944 5773 Legebat
1981 5697 2110 5755 Hic-

2211 4368 2329 4420 της.
2384 4352 2471 4415 Ὠς
2514 4353 2659 4407 ἐστιν
2703 4355 3009 4425 ἀρχιερεὺς,
3031 4353 3105 4416 ὼς
3139 4353 3252 4406 ἐστι
3293 4355 3504 4427 Σωτὴρ,
3542 4357 3617 4420 ὡς
3645 4358 3791 4412 ἔστιν

2215 4439 2417 4513 ἰατρὸς,
2455 4441 2597 4494 οὕτω
2645 4445 2739 4495 καὶ
2781 4444 3082 4514 προφήτηςσ
3125 4445 3364 4516 Μωῦσῆς
3389 4446 3539 4514 γοῦν,
3586 4466 3786 4521 προφη-

2211 4531 2384 4586 τεύων
2406 4534 2533 4606 περ)⁷
2555 4533 2742 4600 αὐτοῦ,
2767 4535 2888 4606 οὐχὶ
2909 4536 3192 4608 προφήτην
3216 4537 3394 4606 μόνον,
3419 4538 3553 4592 ἀλλά
3581 4539 3792 4612 ἐξαιρέ-

2211 4639 2320 4686 τως
2347 4617 2734 4689 εῖπεν,είπὼν·
2774 4627 3097 4696 Προφήτην
3120 4627 3188 4682 ἐκ
3219 4627 3338 4682 τῶν
3369 4629 3645 4699 ἀδελφῶν
3675 4649 3790 4687 σου

2213 4714 2548 4784 ἀναστήσει
2597 4717 2741 4786 ὑμῖν
2781 4719 2996 4786 Κύριος
3041 4722 3074 4772 ό
3125 4720 3288 4787 Θεὸς,
3337 4721 3417 4788 ὡς
3447 4722 3552 4791 ἐμὲ
3603 4721 3790 4776 αὑτοῦ

2214 4804 2479 4860 ἀκούετε.
2511 4807 2621 4860 Καὶ
2651 4809 2842 4874 ἔσται,
2871 4811 2939 4876 ὃς
2956 4809 3032 4863 ἂν
3053 4811 3138 4879 μὴ
3167 4813 3401 4883 ἀκούσῃ
3431 4814 3538 4867 τοῦ
3570 4815 3790 4882 προφή-

2214 4913 2318 4949 του
2332 4897 2589 4963 ἐκείνου,
2609 4898 3174 4969 ἐξολοθρευθήσεται
3190 4903 3257 4955 ἐκ
3283 4903 3387 4956 τοῦ
3409 4903 3560 4956 λαοῦ
3579 4904 3784 4958 αὑτοῦ.

2214 4984 2378 5052 Οὗτος
2407 4985 2499 5043 οὖν
2536 4991 2702 5055 ἐστιν,
2747 4991 2805 5055 ὃς
2840 4993 3128 5064 προφήτης
3169 4995 3248 5057 είς
3289 4993 3416 5064 ἔθνη
3455 4994 3786 5064 τεθειμένος,

2213 5079 2306 5131 καὶ
2325 5078 2484 5132 ἔλαϐε
2515 5082 2673 5152 χάριν
2695 5082 2801 5134 ἀπὸ
2819 5081 2952 5135 Θεοῦ
2983 5083 3298 5154 ἐκχυθεῖσαν
3328 5083 3384 5136 ἐν
3417 5085 3529 5148 τοῖς
3553 5083 3785 5152 χείλεσιν

2216 5169 2402 5233 αὑτοῦ,
2423 5171 2508 5224 ἵνα
2538 5173 2611 5243 μὴ
2645 5172 2802 5242 μόνον
2842 5174 2931 5227 ὅτε
2961 5174 3141 5243 παρῆν
3161 5174 3238 5244 τῷ
3269 5172 3500 5243 σώματι,
3529 5173 3666 5226 ἀλλά
3693 5175 3788 5227 καὶ

2213 5434 2475 5501 ronymus
2500 5440 2514 5501 ξ
2539 5419 2680 5501 εἴτις
2695 5421 2804 5474 τῶν
2827 5422 3116 5492 προφητῶν
3141 5436 3153 5450 ·
3192 5437 3312 5491 qua:
3336 5423 3496 5477 lectio
3521 5424 3780 5479 hodierna

2215 5491 2395 5560 potior
2426 5491 2660 5544 videtur.

2287 5561 2365 5630 (4)
2404 5561 2541 5614 Ante
2563 5562 2966 5631 τεσσαράκοντα
2992 5559 3337 5631 librariorum
3365 5562 3572 5617 incuria
3606 5563 3780 5618 omis-

2216 5645 2275 5704 sa
2300 5629 2388 5684 est
2433 5629 2746 5704 romanos,
2772 5647 2893 5698 quae
2936 5629 3241 5704 necessaria
3270 5641 3373 5698 est,
3405 5634 3480 5688 uti
3513 5635 3680 5704 liquet
3708 5647 3776 5686 ex

2214 5699 2659 5770 interpretatione
2685 5699 3014 5768 Hieronymi.
