4296 6288
564 244 666 300 ιιοο

1763 249 1830 305 ΙΝ
1865 247 2210 308 JEREMIAM
2250 245 2530 304 HOMILIA
2569 249 2608 302 I.
3691 256 3800 311 270

565 361 662 415 νῦν
695 363 782 417 ὅτε
820 361 1050 432 πάρεστι
1076 363 1332 435 δυνάμει,
1367 365 1463 420 καὶ
1498 367 1576 438 τῷ
1620 368 1892 440 πνεύματι
1922 387 2134 440 προφη-
2164 373 2209 430 Α
2239 377 2258 420 t

2101 399 2134 438 _-
2164 373 2209 430 Α
2239 377 2327 422 tus
2357 367 2410 420 in
2439 366 2712 436 gentibus,
2760 373 2814 420 et
2855 367 3062 436 accepit
3086 367 3313 438 gratiam
3351 384 3381 423 ι
3414 369 3524 425 Deo
3571 369 3797 426 eﬂ'usnm

570 453 696 525 τεύῃ
718 453 806 507 ἐπὶ
833 453 1013 508 πάντα
1035 455 1105 507 τὰ
1130 455 1280 525 ἐθνη,
1305 456 1443 510 ὥστε
1466 457 1573 512 ἀπὸ
1597 461 1812 516 πάντων
1835 461 1942 516 τῶν
1965 461 2136 515 ἐθνῶν

576 545 746 600 ἀνύειν
769 543 933 598 αὐτοῦ
969 548 1070 617 τήν
1108 547 1460 619 προφητείαν,
1493 549 1586 603 καὶ
1613 550 1789 604 ἕλκειν
1820 550 2136 623 ἀνθρώπους

575 634 658 690 ἐπὶ
687 635 982 708 σωτηρίαν.

630 815 741 872 Καὶ
765 812 941 872 εἶπα·
986 817 1048 872 '0
1071 817 1176 883 ὢν,
1210 818 1474 874 δέσποτα
1504 821 1697 888 Κύριε,
1721 819 1849 874 ίδοὺ
1877 821 1987 874 οὐκ
2018 820 2139 874 ἐπί-

563 922 785 978 σταμαι
823 906 1056 974 λαλεῖν,
1090 913 1180 966 ὅτι
1215 913 1499 980 νεώτερος
1537 912 1652 982 ἐγώ
1688 915 1826 981 ειμι.
1856 912 1964 967 Καὶ
2008 909 2138 968 εἷπε

562 1001 777 1068 Κύριος
811 1001 960 1068 πρός
977 1017 1055 1069 με
1073 1018 1086 1032 ·
1116 1002 1212 1069 Μὴ
1232 1002 1390 1072 λέγε,
1418 1001 1507 1056 ὅτι
1528 1001 1820 1069 Νεώτερος
1851 1001 1966 1070 ἐγώ
1998 1004 2132 1070 ειμι·

563 1091 651 1144 ὅτι
685 1092 837 1158 πρὸς
869 1090 1120 1157 πάντας,
1147 1095 1253 1158 οὓς
1281 1093 1688 1159 ἐξαποστείλω
1714 1109 1812 1155 σε,
1845 1093 2134 1161 πορεύσῃ.

563 1179 830 1244 Πολλάκις
859 1179 1105 1250 εἴπομεν,
1143 1182 1223 1234 ὅτι
1253 1182 1368 1236 ἐστι
1402 1181 1544 1235 κατὰ
1580 1182 1672 1236 τὸν
1704 1181 1812 1235 ἔσω
1854 1181 2138 1254 ἄνθρωπον

559 1265 704 1324 εἶναι
739 1270 968 1335 παιδίον,
1016 1269 1117 1325 κᾶν
1144 1271 1202 1324 ἐν
1233 1275 1517 1342 γεροντικῇ
1551 1287 1636 1334 τις
1737 1272 1924 1343 ἡλικίᾳ
1957 1272 2139 1343 σώμα-

567 1377 684 1423 τος·
713 1360 823 1413 ἔστι
853 1359 909 1412 δέ
939 1377 1068 1413 ποτε
1090 1359 1234 1413 κατὰ
1263 1360 1351 1414 τὸν
1380 1359 1482 1424 ἔξω
1527 1361 1810 1433 ἄνθρωπον
1849 1358 1988 1416 εἶναι
2014 1381 2139 1417 παι-

563 1449 704 1511 δίον.
735 1449 874 1504 κατὰ
913 1451 970 1506 δὲ
1002 1451 1091 1503 τὸν
1128 1449 1236 1502 ἐσω
1272 1450 1458 1521 ἄνδρα,
1501 1452 1750 1522 γέροντα.
1787 1454 2039 1518 Τοιοῦτος
2069 1450 2136 1525 ἦν

563 1543 592 1594 ὁ
627 1541 912 1615 Ἱερεμίας,
941 1544 1040 1615 ἤδη
1071 1543 1208 1614 ἔχων
1236 1545 1334 1616 τὴν
1362 1546 1518 1618 χάριν
1551 1547 1657 1600 ἀπὸ
1688 1547 1820 1601 Θεοῦ
1855 1549 1934 1602 ἔτι
1966 1548 2042 1602 ὢν
2078 1550 2136 1603 ἐν

564 1634 628 1702 τῇ
658 1631 750 1685 τοῦ
777 1632 989 1687 παιδίου
1020 1633 1203 1706 ἡλικίᾳ
1231 1635 1370 1691 κατὰ
1396 1637 1458 1690 τὸ
1483 1637 1660 1709 σῶμα.
1684 1639 1774 1691 Διό
1796 1657 1960 1710 φησιν
1989 1638 2138 1709 αὐτῷ

562 1723 592 1774 ὁ
638 1722 873 1794 Κύριοςο
927 1723 1024 1792 Μὴ
1061 1725 1222 1795 lere,
1257 1726 1348 1779 ὅτι
1372 1725 1670 1795 Νεώτερος
1697 1729 1812 1799 ἐγώ
1851 1733 1988 1800 εἰμι.
2031 1733 2136 1803 Ση-

565 1816 714 1883 μεῖον
745 1816 803 1868 δὲ
837 1815 930 1869 τοῦ
977 1817 1050 1888 μὴ
1087 1814 1224 1871 εἶναι
1267 1819 1427 1872 αὐτὸν
1468 1818 1754 1891 νεώτερον,
1805 1821 1919 1875 ἀλλ’
1966 1823 2135 1895 ἄνδρα

561 1900 783 1966 τέλειον,
816 1905 877 1958 τό
896 1923 909 1936 ·
945 1923 964 1957 ι
1002 1905 1145 1976 Πρὸς
1175 1909 1401 1971 πάντας,
1423 1907 1515 1972 οὒς
1542 1909 1638 1963 ἐὰν
1667 1909 2029 1974 ἐξαποστείλω
2053 1930 2133 1976 σε,

562 1995 803 2066 πορεύσῃ
821 2013 836 2026 ·
864 1998 957 2050 καὶ
980 1997 1120 2052 κατὰ
1143 1999 1340 2060 πάντα,
1361 1999 1462 2052 ὅσα
1483 1999 1548 2052 ἂν
1577 2001 1895 2071 ἐντείλωμαί
1917 2021 2018 2066 σοι,
2044 2002 2140 2058 λα-

560 2082 766 2150 λήσεις.
802 2085 893 2154 Μὴ
928 2085 1170 2155 φοϐηθῇς
1201 2087 1310 2138 ἀπὸ
1329 2087 1618 2158 προσώπου
1644 2087 1840 2142 αὐτῶν.
1879 2109 1898 2140 ι
1932 2086 2085 2143 Οἶδεν
2109 2091 2138 2142 ὁ

558 2164 654 2254 τοῦ
683 2165 819 2219 Θεοῦ
851 2169 1024 2238 λόγος,
1053 2173 1133 2227 ὃτι
1168 2179 1216 2228 οί
1254 2178 1646 2248 πρεσϐεύοντες
1680 2183 1772 2238 τὸν
1823 2183 1982 2254 λόγον
2023 2204 2144 2241 κιν-

560 2253 873 2311 δυνεύουσιν
919 2262 977 2312 ἐν
1019 2265 1130 2326 τοῖς
1167 2265 1453 2320 ἀκούουσιν
1514 2253 2026 2347 Ἐλεγχόμενοινγὰρ
2051 2294 2142 2347 μι-

561 2343 748 2400 σοῦσιν
772 2349 988 2415 αὐτοὺς,
1015 2353 1474 2426 ἐπιπλησσόμενοι
1505 2360 1780 2416 διώκουσι.
1815 2365 1930 2418 Πᾶν
1960 2367 2143 2422 ὁτιοῦν

559 2433 859 2506 πάσχουσιν
883 2442 932 2493 oi
965 2443 1258 2514 προφῆται.
1287 2449 1410 2502 Οὐκ
1435 2450 1567 2504 ἔστι
1598 2453 1910 2523 προφήτης
1933 2456 2141 2526 ἄτιμος

558 2527 610 2580 εὶ
635 2526 723 2596 μὴ
765 2530 836 2582 ἐν
872 2530 948 2600 τῇ
993 2532 1114 2602 ἰδίῃ
1159 2536 1417 2604 πατρίδι,
1467 2539 1565 2594 καί
1611 2541 1688 2609 τῇ
1734 2546 1890 2612 οἰκίᾳ
1926 2548 2137 2606 αὑτοῦ.

560 2617 668 2672 Καὶ
710 2619 900 2690 πρώην
937 2622 1384 2694 ἐμνημονεύομεν
1412 2627 1510 2698 (1).
1550 2624 1704 2684 Οἶδεν
1733 2635 1792 2687 οὐ
1819 2635 1979 2703 μόνον
2007 2638 2141 2702 Θεὸς

557 2713 792 2784 πέμπων
832 2715 926 2769 τὸν
958 2716 1264 2790 προφήτην,
1293 2717 1453 2781 ὅσους
1490 2717 1766 2782 κινδύνους
1797 2717 2132 2784 ἀναδέξεται,

2236 459 2291 512 ἱη
2323 457 2480 511 labiis
2529 456 2676 520 suis,
2719 465 2780 510 ut
2826 471 2936 511 non
2983 457 3157 511 solum
3189 473 3311 512 eum
3353 474 3592 528 praesens
3616 462 3806 519 ademt

2235 561 2486 617 corpore,
2537 547 2632 602 sed
2667 547 2827 601 etiam
2872 563 3019 603 nunc
3049 563 3171 603 cum
3205 549 3356 604 adest
3380 551 3578 607 virtute
3607 562 3662 607 et
3687 555 3790 624 spio

2236 638 2364 702 ritu,
2415 637 2699 708 prophetet
2729 638 2797 693 ad
2829 653 3019 694 omnes
3049 647 3255 709 gentes,
3299 649 3353 694 et
3389 642 3672 712 prophetia
3703 659 3798 700 sua

2234 744 2300 782 ex
2329 735 2442 781 toto
2478 727 2609 782 orbe
2637 728 2874 782 attrahat
2899 727 3149 782 homines
3169 727 3236 781 ad
3260 728 3512 784 salutem.

2311 819 2400 872 l5.
2442 817 2512 872 Et
2539 819 2658 872 dixi
2690 835 2708 873 :
2737 819 2841 884 Qui
2863 835 2936 884 es,
2967 819 3269 873 dominator
3299 821 3542 886 Domine,
3577 837 3687 876 ecce
3717 837 3810 876 ne-

2239 909 2347 963 scio
2373 909 2551 979 loqui,
2583 910 2709 978 quia
2750 909 2957 978 juvenis
2987 925 3078 980 ego
3102 927 3240 966 sum.
3295 909 3364 964 Et
3389 911 3525 965 dixit
3549 911 3807 967 Dominus

2237 997 2308 1051 ad
2335 1013 2450 1051 eum
2477 1013 2495 1050 :
2527 996 2654 1051 Noli
2677 998 2849 1052 dicere
2875 999 3001 1069 quia
3030 998 3239 1068 juvenis
3260 1015 3352 1070 ego
3382 1015 3530 1063 sum;
3559 1000 3808 1068 quoniam

2237 1085 2308 1138 ad
2351 1102 2562 1151 omnes,
2607 1087 2677 1139 ad
2717 1103 3048 1158 quoscunque
3077 1097 3126 1142 te
3147 1089 3379 1155 mittam,
3405 1090 3507 1144 ibis
3535 1090 3600 1142 ‘°.
3655 1088 3809 1160 Saepe

2240 1175 2482 1231 diximus
2535 1176 2709 1232 solere
2728 1193 2849 1234 esse
2893 1179 3128 1249 aliquem
3178 1195 3438 1250 puerum,
3481 1181 3635 1250 juxta
3682 1196 3808 1237 eum

2236 1267 2332 1337 qui
2378 1268 2526 1323 intus
2571 1276 2656 1324 est
2698 1269 2995 1336 hominem,
3028 1271 3156 1327 licet
3183 1272 3346 1327 etiam
3375 1274 3529 1328 senili
3559 1277 3809 1344 corporis

2237 1359 2310 1413 sit
2336 1367 2492 1414 aetate
2521 1377 2536 1413 :
2572 1371 2625 1415 et
2649 1361 2956 1416 econtrario
2999 1361 3309 1432 frequenter
3347 1364 3579 1419 inveniri
3608 1381 3810 1435 parvu-

2236 1448 2349 1503 lum
2402 1449 2699 1504 secundum
2733 1467 2858 1506 eum
2904 1453 3174 1509 hominem
3209 1455 3301 1524 qui
3329 1456 3668 1513 extrinsecus
3702 1465 3808 1522 est,

2235 1545 2438 1594 etesse
2467 1537 2698 1594 interius
2737 1538 3036 1608 perfectum
3069 1543 3269 1596 virum.
3325 1541 3473 1598 Talis
3513 1551 3630 1598 erat
3653 1541 3808 1599 Jere~

2238 1626 2380 1682 mias
2415 1627 2624 1684 habens
2658 1629 2771 1698 jam
2816 1630 2920 1686 sibi
2951 1645 3272 1687 concessam
3297 1648 3328 1686 a
3354 1631 3466 1688 Deo
3490 1633 3719 1703 gratiam
3751 1634 3808 1688 in

2236 1729 2393 1777 aetate
2421 1720 2666 1788 corporis
2700 1721 2877 1776 adhuc
2906 1723 3122 1791 puerili,
3148 1714 3367 1792 propter
3383 1724 3526 1794 quod
3544 1724 3678 1780 aitei
3697 1723 3808 1780 Do-

2234 1811 2447 1866 minus:
2470 1810 2625 1880 133
2645 1809 2698 1863 N
2701 1810 2772 1864 oti
2784 1811 3092 1882 dieerequia
3098 1812 3307 1881 juvenis
3318 1829 3453 1866 sum.
3473 1813 3810 1884 Signumque

2235 1900 2400 1970 hujus
2427 1901 2526 1965 rei,
2559 1901 2690 1970 quia
2725 1917 2830 1955 non
2860 1902 2931 1957 sit
2949 1903 3188 1971 juvenis,
3219 1903 3315 1958 sed
3345 1903 3428 1957 vir
3457 1918 3811 1960 consumma-

2235 2006 2362 2055 tus,
2413 1993 2648 2046 ostendit
2689 1992 2769 2060 (2)
2815 1993 3000 2047 dicens
3046 2011 3059 2047 :
3095 1993 3359 2058 Quoniam
3399 1993 3471 2048 ad
3507 2010 3683 2049 omnes
3735 1996 3807 2049 ad

2235 2095 2571 2150 quoscunque
2608 2083 2820 2134 mittam
2867 2090 2949 2147 te,
3000 2081 3140 2144 ibis,
3191 2091 3242 2137 et
3287 2083 3452 2151 juxta
3493 2101 3810 2154 quaecunque

2239 2169 2432 2226 mando
2461 2171 2579 2235 tibi,
2609 2170 2877 2240 loqueris;
2911 2187 3002 2226 nec
3030 2173 3216 2227 timeas
3245 2189 3280 2226 a
3303 2173 3440 2242 facie
3459 2189 3660 2230 eorum.
3695 2173 3812 2230 Scit

2239 2262 2384 2314 enim
2413 2275 2510 2316 eos
2545 2276 2727 2317 sermo
2754 2261 2868 2326 Dei,
2894 2263 2984 2332 qui
3011 2263 3158 2318 verbi
3188 2264 3454 2334 legatione
3484 2265 3806 2336 iunguntur.

2239 2353 2524 2409 incurrere
2552 2354 2625 2409 ab
2657 2354 2725 2410 iis
2752 2355 3052 2424 periculum
3093 2357 3188 2426 qui
3219 2358 3406 2413 audire
3431 2368 3804 2414 contemnunt.

2238 2441 2504 2512 lncrepati
2542 2445 2685 2498 enim
2723 2445 2956 2500 oderunt
2983 2446 3384 2517 increpationes
3405 2489 3419 2516 ,
3448 2453 3691 2521 coarguti
3725 2452 3806 2505 ii:-

2238 2543 2542 2602 sequnutur
2589 2546 2902 2605 arguentes.
2971 2535 3146 2592 Omne
3187 2538 3551 2610 quodcunque
3604 2541 3804 2596 malum

2235 2631 2342 2687 est,
2369 2637 2587 2690 semper
2616 2625 2900 2691 patiuntur
2943 2627 3221 2695 pr0phetae
3250 2645 3264 2681 :
3300 2627 3424 2682 Non
3447 2639 3526 2683 est
3556 2632 3806 2699 propheta

2231 2713 2348 2768 sine
2377 2713 2590 2781 honore,
2625 2716 2731 2769 nisi
2774 2717 2828 2770 in
2857 2719 3032 2786 patria
3076 2734 3174 2772 sua
3200 2727 3248 2771 et
3273 2719 3429 2772 domo
3463 2737 3559 2774 sua
3589 2722 3655 2776 ³⁸.
3689 2723 3803 2776 ϐυ·-

558 2805 690 2859 ἁλλὰ
721 2807 815 2860 καὶ
840 2806 988 2875 λέγει
1023 2807 1202 2878 αὐτῷ’
1237 2807 1336 2876 Μὴ
1365 2808 1631 2877 φοϐηθῇς
1659 2810 1779 2864 ἀπὸ
1813 2809 2132 2878 προσώπου
2230 2802 2251 2871 .i

2103 2827 2132 2864 υ
2230 2802 2322 2871 jus
2345 2802 2422 2860 rei
2443 2818 2616 2874 nuper
2642 2820 2860 2874 quoque
2891 2805 3118 2862 fecimus
3140 2808 3490 2863 mentionem.
3520 2809 3634 2864 Scit
3653 2826 3799 2882 ergo,

557 2897 772 2961 αὐτῶν,
797 2899 885 2952 ὅτι
906 2900 1056 2968 μετὰ
1076 2899 1192 2954 σοῦ
1224 2902 1358 2970 ειμι,
1392 2899 1499 2954 τοῦ
1529 2901 1893 2970 ἐξαιρεῖσθαί
1919 2917 2013 2966 σε,
2035 2901 2136 2956 λέ-
2236 2908 2253 2947 ι

2109 2929 2136 2942 ..
2236 2899 2294 2948 ιιι
2327 2892 2510 2950 dicere
2538 2896 2826 2966 coepimus,
2855 2896 2994 2954 Deus
3017 2898 3235 2954 mittens
3261 2901 3600 2970 prophetam,
3631 2918 3805 2972 quau-

562 3003 648 3056 γει
682 2988 912 3056 Κύριος.
953 2990 1020 3042 Ἃ
1062 2989 1326 3043 πέπονθεν
1381 2990 1648 3062 Ἱερεμίας
1686 2992 2127 3063 ἀναγέγραπται·
2154 3027 2203 3085 C

2113 3008 2127 3022 -
2154 3027 2203 3085 C
2235 2991 2289 3038 ta
2313 2981 2629 3039 discrimina
2651 3001 3006 3056 perpessurus
3039 2989 3129 3053 sit,
3155 2988 3622 3048 ideo.exhortatur
3654 3009 3801 3054 eum.

562 3078 640 3140 εἰς
673 3077 873 3132 λάκκον
913 3076 1173 3150 βορϐόρου
1212 3079 1494 3151 βέϐληται·
1540 3080 1748 3151 ἔμεινεν
1793 3083 1926 3147 ἐκεῖ,
1979 3082 2132 3153 μόλις
2164 3075 2202 3085 ν
2235 3077 2258 3130 d

2106 3100 2132 3145 ς
2164 3075 2202 3085 ν
2235 3075 2420 3133 dicens
2455 3094 2468 3132 :
2506 3075 2592 3132 Ne
2630 3079 2815 3134 timeas
2857 3098 2889 3135 a
2928 3081 3066 3151 facie
3091 3099 3303 3149 eorum,
3355 3085 3478 3154 quia
3512 3101 3605 3156 ego
3635 3095 3802 3140 tecum

560 3170 720 3240 ἄρτον
746 3170 940 3225 ἐσθίων
969 3171 1169 3235 πολλὰς
1194 3172 1428 3243 ἡμέρας,
1460 3174 1555 3226 καὶ
1581 3173 1722 3245 ὕδωρ
1753 3173 1912 3244 μόνον
1937 3174 2126 3229 πίνωνο

561 3264 654 3317 καὶ
685 3262 819 3318 ἄλλα
848 3263 905 3316 δὲ
951 3265 1117 3335 μυρία
1146 3263 1182 3318 ἃ
1213 3263 1500 3329 πέπονθεν,
1529 3266 1562 3336 ἡ
1610 3265 1916 3337 προφητεία
1962 3265 2128 3321 αὑτοῦ

555 3353 873 3425 δεδήλωκεν.
915 3354 1054 3408 Τίνα
1095 3354 1216 3408 τῶν
1258 3353 1578 3422 προφητῶν
1616 3357 1727 3410 οὐκ
1777 3355 2031 3420 ἐδίωξαν
2075 3359 2130 3410 οὶ

555 3448 802 3512 πατέρες
838 3444 1031 3516 furtim;
1075 3443 1287 3516 εἴρηται
1325 3444 1463 3516 πρὸς
1500 3445 1624 3510 τοὺς
1670 3446 1977 3510 Ἰουδαίους.
2018 3446 2130 3500 Καὶ

555 3534 847 3602 ἀναγκαῖόν
868 3535 982 3586 ἐστι
1003 3534 1127 3595 τοὺς
1150 3533 1402 3596 θέλοντας
1428 3535 1527 3604 ζῇν
1563 3534 1798 3598 εὐσεϐῶς
1819 3537 1876 3588 ἐν
1908 3535 2130 3606 Χριστῷ

568 3623 740 3695 Ἶησοῦ
781 3624 997 3687 πάντως
1046 3623 1150 3678 ὑπὸ
1200 3623 1482 3694 δυνάμεων
1527 3625 1916 3694 ἀντικειμένων
1947 3625 2013 3681 δι’
2052 3619 2128 3679 ὧν

554 3715 864 3788 εὑρίσκουσι
901 3713 1108 3768 σκευῶν
1136 3713 1448 3769 διώκεσθαι.
1492 3715 1592 3768 Διὰ
1620 3715 1782 3771 τοῦτο
1820 3717 1893 3788 μὴ
1927 3715 2127 3782 ξενιζό-

559 3824 707 3878 μενοι
738 3809 787 3860 οἱ
829 3805 1144 3874 διωκόμενοι
1174 3804 1350 3858 πάντα
1382 3805 1789 3875 πραττέτωσαν,
1840 3805 1996 3877 μόνον
2033 3805 2126 3858 εὑ-

555 3898 773 3968 χόμενοι
799 3898 886 3950 ἵνα
913 3896 1114 3958 ἀδίκως
1131 3893 1453 3958 διώκωνται,
1472 3896 1566 3948 καὶ
1591 3896 1667 3966 μὴ
1689 3895 1931 3958 δικαίως,
1957 3893 2031 3964 μὴ
2055 3894 2122 3947 δι’

557 3990 784 4055 ἀδικίαν,
837 3990 914 4060 μὴ
951 3989 1022 4042 δι’
1060 3988 1358 4058 ἁμαρτίαν,
1399 3987 1472 4057 μὴ
1507 3987 1600 4040 διὰ
1628 3987 1957 4052 πλεονεξίαν.
2000 3986 2124 4039 Ἐὰν

553 4080 612 4133 δέ
650 4079 910 4151 διώκηται
949 4078 1079 4134 ποτέ
1107 4094 1191 4140 τις
1221 4077 1310 4130 διὰ
1349 4075 1713 4146 δικαιοσύνην,
1747 4078 1840 4130 καὶ⁴
1883 4078 2128 4130 ἀκουέτω

556 4172 684 4226 τοῦ·
726 4172 1015 4241 Μακάριοι
1048 4171 1190 4226 ἐστε
1215 4170 1363 4224 ὅταν
1406 4166 1768 4228 ὀνειδίζωσιν
1812 4166 1988 4237 ὑμᾶς,
2027 4170 2125 4224 καὶ

554 4263 822 4318 διώκωσι.
868 4265 1110 4333 Χαίρετε
1143 4260 1242 4316 καὶ
1280 4258 1672 4331 ἀγαλλιᾶσθε,
1699 4257 1787 4311 ὅτι
1833 4261 1866 4312 ό
1911 4257 2127 4327 μισθὸς

2233 3184 2370 3232 sunt,
2404 3179 2461 3223 ut
2488 3186 2669 3224 eruunt
2701 3179 2767 3238 te,
2802 3173 2933 3226 dicit
2957 3173 3212 3228 Dominus
3239 3175 3303 3227 ³¹.
3338 3175 3687 3246 Quaecunque
3713 3177 3805 3232 Je-

2231 3260 2435 3316 remias
2467 3276 2660 3330 passus
2686 3271 2799 3329 est,
2851 3264 3052 3334 scripta
3081 3275 3211 3322 sunt
3253 3285 3265 3321 :
3309 3267 3362 3322 in
3389 3267 3566 3324 laeum
3599 3271 3801 3325 missus

2229 3359 2316 3406 est
2338 3350 2458 3417 luti,
2494 3353 2696 3407 mansit
2727 3353 2800 3407 ibi
2831 3355 3123 3410 comedens
3145 3372 3337 3426 panem
3361 3357 3486 3423 diei,
3523 3369 3577 3414 et
3601 3374 3798 3430 aquam

2233 3454 2442 3500 tantum
2478 3444 2692 3508 bibens,
2728 3445 2942 3514 aliaque
2969 3446 3134 3501 multa
3165 3463 3286 3518 quas
3312 3451 3550 3518 pertulit,
3575 3450 3628 3504 in
3661 3451 3800 3505 libro

2230 3537 2349 3604 ejus
2402 3538 2770 3593 continentur.
2834 3537 3004 3604 Quem
3054 3551 3231 3595 autem
3280 3546 3649 3614 prophetarum
3697 3561 3800 3597 non.

2230 3629 2487 3700 persecuti
2513 3638 2637 3683 sunt
2662 3640 2840 3699 patres
2867 3631 3025 3686 vestri
3055 3630 3147 3686 ³³2
3181 3632 3387 3687 dictum
3442 3642 3528 3688 est
3591 3631 3657 3686 ad
3711 3633 3800 3688 Ju-

2229 3723 2395 3777 datos.
2455 3719 2523 3775 Et
2563 3734 2788 3776 necesse
2826 3730 2912 3777 est
2957 3736 3051 3776 eos
3097 3722 3191 3791 qui
3221 3722 3399 3775 vivere
3447 3722 3698 3792 religiose
3742 3725 3797 3780 in

2227 3812 2447 3868 Christo
2478 3811 2740 3880 cupiunt,
2792 3813 2942 3867 omni
2988 3825 3183 3880 genere
3211 3826 3242 3864 a
3267 3811 3554 3866 contrariis
3579 3813 3798 3869 virtuti-

2227 3903 2351 3966 bus,
2395 3917 2486 3971 per
2516 3917 2578 3956 ea
2605 3917 2727 3971 qua:
2758 3902 3107 3970 reperiuntur
3154 3914 3314 3966 vasa,
3365 3902 3796 3970 persecutionem

2227 3992 2360 4061 pati.
2401 3991 2519 4056 Qua
2548 3991 2615 4045 de
2637 4005 2804 4045 causa
2837 3990 2972 4044 nihil
2999 4004 3194 4044 norum
3221 3999 3316 4045 aut
3336 3993 3677 4061 peregrinum
3721 3997 3800 4048 ri-

2229 4082 2425 4134 deatur
2494 4081 2615 4146 his,
2672 4081 2766 4149 qui
2813 4081 3253 4138 tribulationibus
3301 4083 3378 4153 (5)
3429 4086 3736 4154 aﬂliguntur
3781 4105 3794 4140 :

2228 4171 2414 4227 omnia
2440 4185 2562 4241 qum
2589 4179 2855 4240 prmeepta
2886 4178 3017 4225 sunt
3048 4169 3271 4238 faciant,
3307 4182 3514 4227 tantum
3553 4185 3710 4230 orcut
3741 4187 3799 4230 ut

2230 4263 2628 4335 persecutionis
2661 4277 2828 4318 causa
2873 4263 3126 4318 Christus
3155 4265 3255 4329 sit;
3302 4279 3370 4319 ne
3410 4277 3626 4335 propter
3657 4267 3798 4337 inju-

553 4354 720 4423 ὑμῶν·
745 4353 938 4420 πολὺς
959 4354 1029 4407 ἐν
1052 4352 1178 4418 τοῖς
1201 4351 1494 4418 οὐρανοῖς·
1532 4348 1718 4415 οὕτως
1740 4346 1849 4422 τὰρ
1877 4347 2131 4414 ἐδίωξαν
2160 4354 2205 4410 D
2234 4366 2249 4405 ε

2098 4367 2131 4404 ν
2160 4354 2205 4410 D
2234 4349 2437 4405 stitiam
2462 4389 2478 4416 ,
2513 4364 2582 4404 ne
2622 4358 2841 4418 pr0pter
2869 4349 3063 4405 delicta
3086 4391 3100 4413 ,
3148 4367 3215 4406 ne
3255 4361 3472 4423 propter
3514 4355 3794 4410 avaritiam

555 4445 695 4512 τοὺς
719 4444 1028 4514 προφήτας
1064 4443 1204 4509 τοὺς
1239 4442 1351 4511 πρὸ
1379 4441 1562 4512 ὑμῶν.

2232 4440 2624 4510 deprimantur.
2667 4440 2724 4494 Si
2771 4443 2991 4511 quando
3040 4452 3219 4498 autem
3262 4456 3479 4516 propter
3532 4447 3794 4516 justitiam

555 4536 757 4604 aliquis
798 4535 1138 4605 exagitator,
1185 4533 1369 4587 audiat
1412 4549 1427 4585 :
1473 4531 1627 4584 Beati
1660 4532 1785 4585 estis
1830 4548 1948 4585 cum
1988 4530 2303 4600 exprobrant
2346 4531 2524 4596 vobis,
2563 4540 2612 4584 et
2651 4543 3062 4603 persequuntur,
3105 4546 3152 4588 et
3179 4535 3357 4588 dicunt
3405 4554 3554 4590 omne
3600 4540 3795 4594 malum

553 4626 824 4683 adversum
851 4642 961 4688 vos,
992 4625 1093 4678 ntei
1117 4639 1310 4688 causa;
1351 4622 1566 4692 gaudete
1589 4630 1639 4675 et
1672 4622 1966 4687 exsultate,
1998 4622 2122 4691 quia
2149 4637 2342 4676 merces
2368 4631 2538 4676 vestra
2577 4638 2768 4691 magna
2807 4634 2882 4677 est
2919 4626 2973 4677 in
3017 4624 3179 4676 cretis.
3237 4624 3326 4680 Sic
3363 4630 3500 4682 enim
3537 4637 3794 4702 persecuti

555 4731 674 4774 sunt
701 4719 1001 4790 prophetas,
1030 4720 1119 4788 qui
1147 4718 1357 4787 fuerunt
1383 4727 1504 4769 ante
1527 4731 1614 4768 vos
1635 4715 1701 4769 3‘.

639 4907 682 4940 ³⁸
719 4903 919 4960 Jerem.
951 4919 991 4966 ι,
1027 4900 1080 4964 6,
1105 4901 1158 4954 7.
1232 4899 1273 4932 ³⁸
1317 4898 1479 4954 Marc.
1509 4914 1586 4964 vi,
1624 4897 1676 4950 σί.
1755 4899 1797 4930 ³⁸
1831 4899 2029 4955 Jerem.
2063 4916 2102 4964 ι,
2128 4901 2179 4954 8.

627 5090 702 5160 (l)
741 5089 852 5160 Καὶ
885 5084 1614 5160 πριὶιηνΔὲμιςημονεύοιιεν.
1659 5077 2116 5160 Legebat‘lliero-

557 5148 844 5231 ttyinusob
873 5148 966 5231 καὶ
999 5148 1187 5231 πρώην
1209 5148 1673 5231 ’ἐμνημονευομεω
1710 5148 2115 5231 Νυιι-οὶιειιςὶόιξ,

557 5216 730 5298 inquit
756 5227 1003 5298 Huetius,
1039 5216 1568 5298 credideritﬁiiquis'
1584 5219 1972 5298 commentaria
1997 5216 2119 5298 Otii:

559 5287 707 5366 genis
753 5300 804 5351 in
849 5287 1281 5368 Matthzcum‘hic
1310 5287 1637 5368 significari,
1687 5291 1739 5345 in
1785 5287 2118 5368 quorumHXl

556 5359 704 5422 temo
741 5369 895 5421 locus
922 5367 1008 5420 hic
1037 5363 1126 5432 qui
1158 5359 1600 5432 habeturMatth.
1633 5377 1754 5424 xm,
1792 5359 1881 5423 5?,
1911 5359 2118 5432 prolixe

555 5438 891 5508 explanatur.
926 5428 1186 5501 Quamvis
1215 5432 1358 5508 enim
1391 5431 1442 5508 in
1472 5430 1780 5508 Matthazum
1813 5440 1990 5486 tomos
2011 5428 2123 5508 elu-

557 5501 782 5581 eubrare
803 5502 1298 5581 jam__sexagenario
1322 5501 1495 5581 major
1521 5503 1789 5581 iuciperit.
1819 5517 1926 5556 non
1965 5501 2118 5568 prius

558 5583 734 5628 tamen
772 5571 1021 5628 humilius
1065 5573 1183 5626 illas
1225 5571 1290 5624 ad
1333 5572 1586 5640 populum
1620 5571 1809 5640 [lubuit
1840 5591 1853 5628 :
1892 5585 2016 5626 nam
2052 5583 2116 5620 cx

559 5658 622 5696 uo
648 5644 993 5698 hetuiliarum
1021 5655 1211 5710 genere
1245 5647 1402 5704 sunt,
1427 5657 1592 5724 quas,
1623 5672 1745 5720 cum
1779 5664 1843 5706 cx
1872 5653 2119 5709 tciuporc

2277 4900 2321 4930 ³³
2359 4899 2480 4954 Act.
2512 4915 2609 4963 vn,
2639 4898 2726 4952 5i.
2803 4897 2850 4930 “
2888 4896 3078 4952 Matth.
3115 4915 3168 4964 v,
3200 4900 3285 4966 Η,
3318 4902 3403 4955 12.

2222 5080 2680 5150 [ιιιιιιειοοιηροει
2727 5081 3122 5149 sexagesimum
3169 5098 3373 5138 annum
3421 5099 3450 5136 a
3482 5085 3710 5140 notariis
3739 5087 3791 5141 in

2221 5151 2429 5220 litteras
2455 5149 2643 5204 referri
2675 5150 2939 5220 permisit.
2963 5152 3105 5219 quod
3137 5162 3262 5207 ante
3285 5167 3498 5220 semper
3527 5163 3789 5212 vetuerat.

2222 5219 2356 5271 Vide
2387 5219 2580 5289 Euseb.
2615 5220 2707 5272 lib.
2744 5235 2806 5271 τι
2832 5219 3065 5286 llistor.,
3092 5236 3209 5289 cap.
3237 5223 3324 5275 56.

2294 5289 2372 5360 (2)
2415 5288 2573 5360 Iidem
2609 5303 2721 5360 mss
2752 5327 2766 5349 ,
2792 5290 3107 5360 ostenditur,
3145 5288 3414 5360 quoniam.

2298 5359 2374 5424 (5)
2416 5358 2522 5422 Qui
2552 5357 3006 5412 tribulationibus.
3040 5358 3114 5412 Ita
3139 5357 3301 5415 codex
3349 5361 3738 5420 Gcmoticensis
3775 5381 3790 5420 :

2226 5438 2547 5498 caetcrmum
2593 5443 2721 5498 vero
2763 5429 2851 5481 alii
2886 5428 3106 5498 habent,
3156 5433 3292 5498 quod
3322 5431 3401 5484 Itis
3435 5433 3790 5489 trilmlationi-

2227 5493 2321 5578 bus
2340 5497 2482 5618 {Lalii
2513 5498 2604 5566 qui
2628 5497 2706 5551 his
2732 5493 3202 5564 tribulationibus;
3233 5501 3344 5568 alii,
3369 5504 3457 5571 qt'i
3490 5503 3541 5557 iu
3568 5505 3796 5561 tribula-

2228 5577 2356 5618 twm
2381 5583 2478 5618 'us.

2228 5567 2478 5621 tionibus.
