4296 6288
535 366 632 422 271

607 457 698 512 ﬂ.
741 455 1008 522 Quoniam
1042 463 1209 510 tecum
1235 469 1352 506 sum
1377 460 1435 505 ut
1463 467 1646 507 eruam
1671 461 1740 518 te,
1770 451 1900 506 dicit
1939 448 2120 505 Domi—
2143 464 2193 512 Α

535 564 661 603 nus.
701 544 774 600 Et
813 545 1297 600 extenditmanum
1341 557 1496 597 suam
1529 541 1599 594 ad
1630 557 1710 595 me
1741 540 1997 594 Dominus
2018 582 2033 609 ,
2063 551 2113 596 et

533 636 710 708 tetigit
733 653 791 692 os
815 651 1006 701 meum,
1040 641 1089 688 et
1115 633 1253 688 dixit
1281 631 1539 686 Dominus
1567 631 1637 685 ad
1658 647 1739 685 me
1767 631 1831 686 ³⁵.
1874 629 2115 686 Observa

535 729 872 786 diﬂ‘erentias
895 725 1148 782 Jeremiaa
1180 734 1234 780 et
1255 724 1428 782 Isaiae.
1470 723 1641 780 Isaias
1669 725 1744 780 ait
1779 742 1792 778 :
1829 723 2115 779 Immunda

532 819 680 874 labia
709 817 902 872 habens
923 817 979 870 in
1006 815 1180 870 medio
1207 814 1388 885 populi
1427 813 1702 868 immunda
1741 812 1886 866 labia
1915 813 2114 867 haben-

533 911 603 966 tis
635 925 727 981 ego
752 907 953 969 habito,
985 916 1034 961 et
1062 922 1233 976 regem
1262 905 1548 959 Dominum
1582 903 1818 959 Sabaoth
1848 903 1958 958 vidi
1988 919 2115 957 ocu-

530 1003 598 1057 lis
643 1001 768 1054 meis
811 999 878 1054 ³⁸.
931 997 998 1053 Ει
1029 997 1290 1072 quoniam
1325 996 1614 1052 confessus
1645 1003 1731 1052 est
1769 1010 1876 1050 non
1910 995 2113 1051 habere

529 1094 676 1148 facta
705 1089 990 1146 immunda
1013 1131 1028 1157 ,
1065 1088 1160 1145 sed
1201 1087 1366 1144 verba
1397 1095 1610 1142 tantum
1645 1086 1841 1157 (usque
1872 1087 1938 1141 ad
1967 1087 2112 1142 hunc

527 1181 676 1237 enim
703 1179 867 1235 ﬁnem
901 1186 1121 1248 peccata
1149 1176 1546 1248 commiserat),
1583 1190 1692 1230 non
1725 1175 1967 1230 extendit
2001 1175 2112 1230 Do-

529 1273 716 1328 minus
741 1285 967 1326 manum
994 1285 1172 1335 suam,
1203 1283 1380 1338 neque
1407 1283 1583 1321 unum
1608 1281 1674 1321 ex
1692 1266 1966 1334 seraphim
1994 1281 2109 1320 ma-

530 1380 604 1418 nu
641 1379 740 1420 sua
772 1363 916 1416 labia
945 1360 1065 1431 ejus
1094 1360 1288 1430 tetigit,
1312 1359 1405 1414 sed
1436 1357 1642 1427 forcipe
1670 1357 1848 1412 solum
1880 1365 2108 1426 tangens

529 1453 610 1508 ait
654 1470 669 1507 :
720 1449 855 1505 Ecce
901 1450 1104 1504 abstuli
1133 1449 1435 1518 iniquitates
1463 1457 1582 1501 tuas
1619 1447 1688 1503 ".
1726 1444 1977 1500 Ieremia:
2007 1461 2108 1499 au-

531 1553 665 1609 tem,
697 1543 827 1614 quia
850 1540 1223 1599 sanctiﬁcatus
1256 1539 1435 1596 fuerat
1469 1539 1523 1593 in
1549 1538 1729 1601 vulva,
1760 1551 1868 1591 non
1892 1535 2128 1614 forceps

529 1635 806 1700 mittitur,
859 1648 1040 1704 neque
1086 1633 1153 1687 de
1190 1631 1347 1686 altari
1391 1630 1559 1686 carbo
1589 1643 1924 1694 succensus;
1976 1627 2110 1681 nihil

528 1726 728 1797 quippe
745 1725 994 1796 [habebat
1022 1724 1145 1795 igne
1172 1723 1427 1794 dignum;
1458 1721 1619 1794 134
1645 1721 1740 1776 sed
1769 1720 1885 1790 ipsa
1914 1735 2111 1774 manus

1996 356 2318 415 ORIGENIS

3693 361 3804 416 (ὶῗὲ

2289 453 2417 506 "Ott
2458 450 2610 521 μετὰ
2644 451 2760 506 σοῦ
2792 453 2930 521 ειμι,
2971 449 3077 505 τοῦ
3110 449 3479 520 ἐξαιρεῖσθαι
3516 464 3612 517 σε,
3642 453 3804 521 λέγει

2214 543 2450 611 Κύριος.
2473 542 2582 596 Καὶ
2606 541 2862 607 ἐξέτεινε
2877 542 3092 609 Κύριος
3115 541 3230 609 τὴν
3253 540 3424 608 χεῖρα
3447 538 3637 595 αὐτοῦ
3653 541 3804 608 πρός

2208 652 2305 705 με,
2338 633 2434 688 καὶ
2465 633 2668 703 ἥψατο
2686 634 2791 688 τοῦ
2814 635 3110 703 στόματός
3139 651 3281 704 μου,
3308 634 3407 688 καί
3435 628 3567 688 εἷπε
3587 634 3803 702 Κύριος

2213 727 2365 796 πρός
2386 743 2482 797 με.
2512 728 2678 799 Τήρει
2710 725 2972 798 διαφορὰς
3015 723 3276 796 Ἱερεμίου
3311 726 3404 778 καὶ
3447 721 3692 778 Ἡσαΐου.
3742 723 3802 778 Ὅ

2227 817 2460 884 Ἡσαΐας
2475 820 2656 890 φησίν·
2693 819 3009 887 Ἀκάθαρτα
3027 819 3199 888 χείλη
3216 818 3372 888 ἔχων
3384 817 3633 887 ἐνμέσῳ
3645 815 3799 871 λαοῦ

2211 911 2511 981 ἀκάθαρτα
2527 912 2698 981 χείλη
2716 911 2966 979 ἔχοντος
2980 909 3094 978 ἐγὼ
3113 907 3271 978 οἰκῶ,
3299 907 3401 963 καὶ
3415 906 3799 972 τὸνβασιλέα

2209 1005 2431 1072 Κύριον
2473 1003 2716 1057 Σαϐαὼθ
2765 1001 2931 1055 εἶδον
2969 999 3095 1066 τοῖς
3133 997 3464 1067 ὀφθαλμοῖς
3493 1015 3636 1066 μου.
3688 996 3798 1049 Καὶ

2209 1095 2332 1150 ἐπεὶ
2365 1094 2816 1165 ὲξωμολογήσατο
2844 1092 2944 1145 οὐκ
2988 1091 3128 1161 ἔχων
3157 1089 3293 1161 ἔργα
3321 1088 3630 1160 ἀκάθαρτα,
3661 1087 3798 1141 ἀλλὰ

2213 1183 2374 1254 μόνον
2423 1183 2664 1254 ῥημάτια
2723 1182 2920 1256 (μέχρι
2965 1181 3074 1250 γὰρ
3115 1179 3304 1233 τούτου
3340 1178 3659 1250 ἁμαρτωλὸς
3683 1174 3796 1247 ἦν).

2209 1275 2310 1328 οὐκ
2340 1275 2571 1340 ἐξέτεινε
2611 1275 2816 1346 Κύριος
2853 1274 2950 1343 τὴν
2980 1275 3138 1342 χεῖρα
3167 1271 3354 1326 αὑτοῦ.
3401 1271 3475 1323 Τὸ
3507 1271 3562 1324 δὲ
3603 1269 3661 1323 ἓν
3689 1269 3796 1322 τῶν

2211 1369 2452 1441 σεραφὶμ
2501 1367 2577 1438 (2)
2625 1367 2801 1437 ἥψατο
2826 1368 2891 1436 τῇ
2921 1365 3064 1435 χειρ)⁸
3091 1363 3256 1416 αὐτοῦ
3290 1363 3398 1416 τῶν
3432 1361 3656 1432 χειλέων
3701 1364 3793 1414 at)-

2209 1462 2323 1526 τοῦ,
2352 1461 2446 1514 καὶ
2473 1457 2646 1514 εἶπεν·
2705 1459 2859 1514 Ἰδοὺ
2901 1458 3184 1526 ὰφῄρηκα
3227 1455 3332 1520 τὰς
3367 1454 3619 1523 ἀνομίας
3655 1468 3789 1508 σου.

2221 1553 2438 1623 Ἐπειδὴ
2481 1547 2634 1614 οὗτος
2667 1549 2900 1621 ἡγιάσθη
2944 1551 3008 1601 ὲκ
3057 1548 3286 1618 μήτρας,
3329 1545 3390 1598 οὐ
3434 1546 3590 1608 λαὸὶς
3645 1544 3796 1615 αὑτῷ

2210 1645 2507 1715 πέμπεται,
2555 1643 2675 1696 οὐδὲ
2708 1641 2816 1696 ἀπὸ
2849 1640 2943 1694 τοῦ
2991 1638 3376 1709 Θυσιαστηρίου
3421 1637 3645 1708 ἄνθραξ’
3695 1637 3796 1691 οὐκ

2211 1729 2355 1803 εἶχεν
2380 1733 2541 1802 ⁸οὐδὲν
2577 1731 2724 1797 ἄξιον
2755 1730 2848 1784 τοῦ
2898 1730 3086 1799 πυρὸς,
3123 1727 3237 1780 ἀλλ’
3273 1726 3411 1796 αὐτὴ
3441 1729 3473 1796 ἡ
3527 1727 3651 1798 χεὶρ
3697 1726 3790 1780 τοῦ

532 1817 753 1873 Domini
771 1817 943 1888 tetigit
961 1832 1108 1880 eum,
1128 1823 1348 1887 propter
1363 1815 1508 1884 quod
1535 1813 1668 1869 dicit
1691 1811 1974 1867 :Extendit
2002 1811 2108 1865 Do-
2137 1800 2179 1854 Β
2211 1826 2228 1877 ι

2097 1841 2108 1852 ’
2137 1800 2179 1854 Β
2211 1800 2415 1894 κυρίου
2453 1821 2629 1892 ἥψατο
2655 1820 2839 1874 αὑτοῦ.
2877 1818 2968 1871 Διὸ
3009 1818 3184 1886 λέγει·
3248 1815 3536 1882 Ἐξέτεινε
3579 1819 3793 1885 Κύριος

531 1909 708 1963 minus
744 1924 961 1962 manum
996 1923 1148 1961 suam
1180 1908 1249 1960 ad
1285 1921 1384 1970 me,
1418 1914 1467 1960 et
1496 1905 1666 1975 tetigit
1696 1920 1753 1958 os
1787 1919 1976 1958 meum.
2037 1901 2107 1956 Et

529 1999 670 2054 dixit
696 1998 960 2053 Dominus
990 1999 1059 2052 ad
1086 2014 1166 2051 me
1196 2014 1215 2052 :
1247 1997 1382 2051 Ecce
1427 1996 1548 2051 dedi
1579 2011 1843 2050 sermones
1875 2011 2016 2049 meos
2050 1995 2108 2048 in

526 2107 584 2146 os
609 2099 782 2156 tuum,
819 2105 935 2144 ecce
965 2090 1217 2143 constitui
1248 2097 1296 2142 te
1325 2103 1483 2155 super
1515 2099 1692 2158 gentes
1721 2095 1771 2141 et
1801 2103 1960 2158 regna
1990 2104 2109 2142 era-

525 2181 708 2236 dicare
737 2181 803 2236 ³⁸.
845 2180 979 2247 Quis
1007 2180 1088 2236 sic
1114 2181 1306 2235 beatus
1327 2188 1408 2236 est
1434 2217 1449 2244 ,
1497 2189 1557 2234 ut
1587 2193 1753 2248 regna
1785 2177 1955 2234 multa
1985 2194 2108 2249 quae

525 2268 747 2325 Christo
779 2269 1030 2324 diabolus
1063 2268 1334 2334 ostendit,
1367 2282 1533 2338 regna
1564 2267 1871 2346 daemonum
1892 2306 1908 2333 ,
1939 2281 2105 2337 regna

525 2359 737 2431 peccati
768 2360 1006 2415 eradicet
1032 2359 1117 2415 his
1154 2360 1246 2429 qui
1279 2359 1329 2414 ei
1381 2360 1456 2432 (l)
1499 2358 1610 2414 dati
1635 2365 1767 2413 sunt
1791 2372 1821 2412 a
1847 2355 1958 2412 Deo
1985 2371 2104 2412 ser-

527 2452 822 2508 monibus?
864 2450 1138 2522 Scriptum
1181 2460 1264 2506 est
1297 2451 1442 2506 enim
1477 2468 1492 2506 :
1529 2449 1665 2504 Ecce
1696 2449 1817 2504 dedi
1841 2463 2101 2503 sermones

527 2559 667 2598 meos
695 2543 749 2597 in
777 2557 834 2596 os
860 2551 1030 2597 tuum.
1063 2539 1199 2596 Ecce
1221 2541 1472 2596 constitui
1501 2549 1549 2595 te
1576 2541 1732 2594 hodie
1753 2556 1910 2610 super
1929 2547 2104 2610 gentes

525 2643 577 2688 et
603 2649 763 2704 regna
815 2631 1156 2702 (eradicare).
1214 2630 1505 2698 Quomodo
1550 2638 1733 2683 autem
1781 2643 1948 2698 regna
1982 2637 2111 2684 sunt

525 2711 785 2796 plurima,
813 2724 1001 2793 plures
1024 2722 1279 2776 similiter
1311 2730 1366 2775 et
1392 2727 1602 2792 gentes.
1642 2716 1774 2789 (Nec
1799 2726 1979 2786 potest
2007 2718 2108 2772 ali-

526 2814 673 2884 quod
699 2827 926 2883 regnum
951 2811 1058 2866 dici
1079 2853 1094 2878 ,
1129 2810 1237 2864 nisi
1266 2810 1412 2881 quod
1435 2809 1540 2865 sub
1571 2823 1630 2863 se
1654 2807 1899 2863 continet
1930 2808 2109 2863 natio-

525 2903 668 2974 nes).
714 2901 874 2956 Verbi
901 2901 1074 2972 gratia
1097 2901 1301 2957 dictum
1328 2901 1400 2957 sit
1430 2939 1444 2956 .
1477 2899 1689 2971 Regnat
1718 2899 2007 2955 t‘ornicatio
2029 2901 2110 2972 (in

525 2993 749 3049 homine
781 2993 1120 3065 peccatore),
1152 3008 1378 3051 necesse
1401 3001 1483 3050 est
1511 3001 1573 3048 ut
1612 3008 1841 3064 regnum
1873 2991 2111 3048 fornica-

524 3081 697 3136 tionis
733 3081 926 3137 habeat
955 3090 1145 3153 gentes
1164 3097 1313 3139 suas.
1350 3081 1532 3154 lpSum
1569 3081 1702 3137 illud
1730 3082 1983 3154 generale
2009 3082 2107 3137 de-

529 3171 719 3226 lictum
751 3173 995 3228 avaritia:
1029 3183 1081 3229 et
1111 3173 1341 3240 t'raudis,
1365 3189 1476 3244 quo
1502 3175 1588 3228 vix
1616 3173 1816 3244 aliquis
1844 3173 2106 3228 immunis

523 3269 630 3326 est,
661 3261 824 3318 habet
855 3278 1080 3334 regnum
1133 3279 1317 3328 suum,
1353 3273 1406 3319 et
1437 3265 1540 3319 sub
1570 3279 1738 3334 regno
1765 3280 1878 3318 uno
1905 3265 2106 3321 multas

525 3353 769 3424 possidet
799 3364 1008 3426 gentes,
1034 3371 1128 3425 per
1154 3355 1418 3426 plurimas
1452 3355 1659 3411 scilicet
1691 3356 1902 3426 species
1929 3355 2108 3410 avari-

533 3443 643 3510 tiae,
674 3453 730 3498 et
753 3444 824 3498 ob
853 3444 903 3499 id
929 3459 1068 3514 Opus
1095 3453 1177 3500 est
1201 3445 1545 3500 sermonibus
1574 3443 1704 3509 Dei,
1735 3453 1794 3498 ut
1825 3445 2104 3500 istiusmo-

525 3534 583 3589 di
613 3549 779 3606 regna
804 3550 929 3590 cum
954 3535 1069 3591 suis
1104 3535 1356 3605 gentibus
1387 3535 1706 3590 evelluntur.
1745 3534 1996 3591 Salvator
2048 3537 2104 3591 in

526 3623 821 3696 Evangelia
847 3626 1111 3692 ostendit,
1155 3625 1340 3682 dicens
1373 3645 1386 3680 :
1424 3625 1608 3681 Omnis
1635 3625 1899 3696 plautatio
1946 3643 2106 3697 quam

526 3730 629 3769 non
662 3715 925 3785 plantavit
970 3715 1137 3770 Pater
1181 3731 1324 3771 meus
1356 3715 1597 3783 caelestis,
1647 3716 2008 3770 eradicabitur
2036 3717 2100 3771 ³³.

525 3805 666 3862 Sunt
708 3808 955 3878 quaedam
998 3807 1330 3863 intrinsecus
1372 3808 1428 3862 in
1474 3807 1759 3864 animabus
1793 3809 1988 3864 vestris
2023 3809 2106 3863 in-

522 3901 652 3962 sita,
681 3913 803 3968 qua:
821 3913 929 3953 non
949 3898 1212 3968 plantavit
1229 3898 1466 3954 caelestis
1487 3898 1661 3953 Pater.
1680 3898 1883 3955 Omnes
1905 3899 2106 3970 quippe

521 3989 882 4059 cogitationes
933 3990 1186 4058 pessima:
1210 4027 1225 4054 ,
1272 3989 1564 4044 homicidia
1592 4029 1606 4056 ,
1658 3989 1922 4046 adulteria
1944 4030 1959 4056 ,
1994 3990 2104 4046 for-

521 4077 827 4134 nicationes
848 4118 863 4144 ,
920 4077 1064 4132 furta
1085 4119 1102 4143 ,
1153 4078 1289 4133 falsa
1321 4079 1632 4133 testimonia
1655 4121 1668 4144 ,
1728 4078 2101 4148 blasphemiae,

524 4167 894 4237 plantationes
922 4177 1081 4236 sunt,
1133 4185 1270 4239 quas
1295 4185 1403 4224 non
1433 4168 1697 4240 plantavit
1729 4169 1968 4225 caelestis
2001 4168 2107 4223 Pa-

525 4271 626 4314 ter.
667 4259 722 4314 Si
748 4271 928 4316 autem
953 4260 1036 4316 vis
1061 4261 1203 4317 scite
1222 4261 1380 4330 cujus
1410 4262 1480 4317 sit
1504 4260 1768 4332 plantatio
1815 4263 2100 4318 istiusmo-

527 4351 583 4404 di
619 4350 909 4420 cogitatus,
938 4352 1063 4406 audi
1091 4353 1219 4421 quia
1243 4353 1490 4406 inimicus
1513 4352 1673 4407 homo
1704 4354 1801 4407 hoc
1832 4355 1954 4423 fecit
1974 4394 1988 4420 ,
2013 4355 2102 4423 qui

2209 1913 2324 1981 τὴν
2352 1913 2519 1984 χεῖρα
2544 1913 2730 1968 αὐτοῦ
2759 1911 2906 1980 πρός
2940 1927 3036 1980 με,
3068 1909 3165 1963 καί
3201 1908 3400 1977 ἥψατο
3427 1907 3533 1961 τοῦ
3571 1909 3793 1977 στόμα-

2208 2007 2312 2071 τός
2347 2021 2485 2073 μου.
2515 2003 2623 2058 Καὶ
2656 2003 2784 2055 εἷπε
2811 2003 3025 2070 Κύριος
3053 2001 3201 2067 πρός
3224 2015 3330 2068 με·
3381 1996 3533 2054 Ἰδοὺ
3563 1998 3792 2052 δέδωκα

2209 2097 2351 2158 τοὺς
2383 2097 2604 2166 λόγους
2635 2111 2755 2162 μου
2805 2094 2893 2159 είς
2934 2091 3000 2145 τὸ
3043 2092 3236 2160 στόμα
3267 2104 3416 2144 σου·
3463 2089 3590 2144 ἰδοὺ
3652 2095 3790 2145 καθ-

2208 2182 2518 2239 έστακάσε
2533 2184 2801 2253 σήμερον
2825 2183 2924 2236 ἐπὶ
2964 2183 3106 2248 ἔθνη
3149 2181 3245 2234 καὶ
3273 2181 3598 2246 βασιλείας
3635 2181 3794 2247 ἐκρι-

2207 2273 2363 2336 ζοῦν.
2390 2274 2486 2338 Τίς
2513 2270 2669 2338 οὗτος
2705 2274 2779 2346 (5)
2829 2274 3094 2346 μακάριός
3115 2275 3283 2338 ἐστιν,
3304 2273 3362 2336 ὃς
3389 2272 3487 2335 τὰς
3516 2271 3789 2341 βασιλείας

2208 2362 2408 2427 πολλὰς
2439 2361 2628 2430 οὔσας,
2648 2363 2712 2424 ἃς
2733 2362 3002 2416 δείκνυσιν
3033 2364 3061 2415 ὁ
3103 2362 3366 2426 διάϐολος,
3399 2361 3673 2431 βασιλείας
3699 2359 3790 2412 οὖ-

2208 2471 2308 2518 σας
2355 2453 2638 2524 δυνάμεων
2691 2451 3102 2520 ἀντικειμένων,
3163 2450 3436 2520 βασιλείας
3495 2449 3639 2502 κατὰ
3689 2450 3790 2512 τὰς

2207 2545 2502 2616 ἁμαρτίας,
2533 2542 2784 2616 ὲκριζοῦν
2812 2545 2924 2605 τοῖς
2953 2541 3251 2612 διδομένοις
3286 2540 3391 2593 ὑπὸ
3425 2539 3518 2592 τοῦ
3541 2539 3673 2593 Θεοῦ
3701 2538 3790 2591 λό-

2207 2652 2358 2703 γοις;
2389 2635 2702 2705 Γέγραπται
2742 2633 2849 2703 γάρ
2871 2650 2883 2662 ·
2940 2632 3094 2688 Ἰδοὺ
3134 2632 3363 2686 δέδωκα
3391 2633 3534 2698 τοὺς
3565 2632 3788 2700 λόγους

2204 2743 2323 2795 μου
2348 2727 2434 2791 εὶς
2454 2724 2521 2778 τὸ
2545 2726 2738 2794 στόμα
2763 2740 2877 2778 σου
2893 2740 2906 2753 ο
2936 2723 3068 2777 ἰδοὺ
3116 2723 3457 2777 καθέστακά
3497 2739 3573 2777 σε
3599 2722 3787 2790 σήμε-

2202 2832 2318 2885 ρον
2344 2815 2443 2869 ἐπὶ
2479 2817 2624 2883 ἔθνη
2658 2814 2757 2868 καὶ
2795 2815 3140 2881 βασιλείας.
3187 2815 3400 2886 Ὥσπερ
3433 2814 3490 2867 δὲ
3523 2811 3790 2884 βασιλεῖαι

2211 2908 2369 2971 εἰσιν,
2404 2906 2545 2959 οὕτω
2577 2906 2670 2959 καὶ
2701 2905 2862 2975 ἔθνηο
2903 2899 3034 2968 οἷον,
3075 2904 3320 2975 βασιλεία
3360 2904 3479 2957 ἐστὶ
3516 2905 3614 2975 τῆς
3657 2920 3791 2973 πορ-

2212 2999 2381 3064 νείας,
2409 2996 2536 3068 ἔθνη
2572 2997 2670 3067 τῆς
2712 2994 2982 3063 πορνείας.
3030 2995 3263 3067 Ἐκάστη
3306 2994 3526 3067 πορνεία
3563 2994 3660 3066 μία
3694 2992 3789 3065 βα·

2215 3087 2388 3141 σιλεία
2417 3086 2563 3140 ἐστίν
2583 3103 2596 3117 ·
2633 3084 2980 3154 αὐτογενικὸν
3016 3084 3320 3155 ἁμάρτημα
3352 3085 3449 3154 τῆς
3479 3083 3788 3146 πλεονεξίας

2209 3180 2304 3233 καὶ
2352 3179 2451 3250 τῆς
2502 3176 2955 3248 ἀποστερήσεωςό
2991 3177 3084 3228 κα)¹
3133 3177 3242 3229 εἰσὶ
3291 3174 3483 3227 πολλαὶ
3523 3175 3786 3245 βασιλεῖαι

2211 3272 2308 3344 μὲν
2331 3273 2442 3334 τοῖς
2465 3269 2636 3323 πολλὰ
2657 3269 2771 3338 είδη
2801 3267 3016 3338 ἔχουσιν
3042 3265 3473 3336 ἁμαρτημάτων.
3503 3261 3636 3318 Εἶτα
3664 3264 3786 3318 καθ’

2207 3362 2435 3415 ἕκαστον
2457 3359 2564 3413 τῶν
2589 3357 2924 3429 ἁμαρτωλῶν
2953 3356 3064 3411 νόει
3089 3373 3179 3426 μοι
3200 3355 3268 3408 τὰ
3301 3355 3427 3428 ἔθνη
3458 3355 3527 3408 τὰ
3555 3355 3660 3408 ὑπὸ
3690 3354 3788 3426 τὴν

2209 3451 2504 3523 βασιλείαν,
2529 3451 2604 3514 ὡς
2629 3452 2823 3514 εἰπεῖν,
2853 3450 2935 3503 ὅτι
2963 3451 2992 3502 ὁ
3013 3449 3160 3502 δεῖνα
3189 3447 3302 3518 ἔχει
3333 3448 3459 3520 ἔθνη
3492 3447 3662 3500 πολλὰ
3687 3448 3786 3516 τῆς

2208 3542 2486 3612 βασιλείας
2529 3542 2627 3612 τῆς
2658 3539 2799 3594 κατὰ
2829 3540 2928 3611 τὴν
2961 3538 3346 3609 ἀποστέρησιν,
3379 3538 3479 3608 τῆς
3512 3538 3652 3591 κατὰ
3689 3537 3786 3608 τὴν

2207 3631 2560 3697 καταλαλιὰν,
2583 3631 2680 3702 τῆς
2703 3630 2846 3684 κατὰ
2866 3632 2966 3702 τὴν
2991 3632 3180 3703 ὀργήν.
3215 3633 3415 3701 Ἔργον
3438 3629 3555 3680 ἐστὶ
3573 3627 3680 3682 τῶν
3702 3629 3789 3680 λό-

2206 3741 2318 3792 γων
2340 3722 2434 3776 τοῦ
2456 3721 2593 3776 Θεοῦ
2620 3721 2710 3774 ἐπὶ
2737 3720 2863 3791 ἔθνη
2891 3721 2985 3774 κα).
3023 3720 3295 3790 βασιλείας
3316 3719 3785 3786 ἐξαποσταλέντων

2206 3812 2459 3886 ὲκριζοῦν
2488 3813 2582 3867 καὶ
2619 3813 3048 3867 κατασκάπτειν.
3098 3811 3376 3883 Ἐκριζοῦν
3399 3830 3518 3865 τινα
3549 3809 3786 3876 ἐδίδαξεν

2204 3907 2233 3960 ὁ
2266 3905 2454 3976 Σωτὴρ
2483 3903 2682 3974 λέγων’
2727 3903 2902 3958 Πᾶσα
2932 3904 3143 3972 φυτεία
3183 3902 3263 3971 ἢν
3300 3905 3410 3956 οὐκ
3453 3902 3788 3972 ἐφύτευσεν

2205 4000 2239 4052 ὁ
2285 3996 2490 4065 Πατήρ
2533 4012 2654 4065 μου
2711 3997 2744 4048 ὀ
2787 3993 3086 4062 οὐράνιος,
3133 3992 3613 4061 ἐκριζωθήσεταιο
3669 3991 3785 4043 ἐστι

2203 4088 2327 4143 τινὰ
2357 4087 2502 4142 ἔνδον
2536 4089 2655 4150 ταῖς
2691 4085 2890 4156 ψυχαῖς
2925 4084 3022 4156 (4),
3053 4085 3089 4138 ἃ
3119 4085 3219 4138 οὐκ
3263 4083 3551 4153 ἐφύτευσεν
3599 4085 3627 4136 ὁ
3670 4083 3782 4134 Πα-

2202 4179 2308 4251 τὴρ
2341 4180 2370 4231 ὁ
2399 4176 2648 4246 οὐράνιος
2670 4191 2684 4206 ο
2715 4176 2917 4236 πάντες
2945 4173 3054 4244 γὰρ
3085 4175 3134 4226 oi
3168 4171 3503 4242 διαλογισμοὶ
3534 4172 3582 4224 oi
3618 4188 3785 4241 πονη-

2207 4270 2310 4341 ροὶ,
2348 4267 2516 4338 φόνοι,
2546 4268 2800 4338 μοιχεῖαι,
2832 4264 3062 4328 κλοπαὶ,
3093 4263 3580 4335 ψευδομαρτυρίαι,
3618 4261 3780 4332 βλασ-

2205 4357 2422 4430 φημίαι,
2461 4355 2672 4424 φυτείαί
2714 4355 2820 4406 εἰσι
2864 4350 3267 4423 πεφυτευμέναι
3297 4353 3396 4422 οὐχ
3441 4351 3544 4404 ὑπὸ
3568 4350 3664 4404 τοῦ
3691 4349 3781 4403 οὐ-

525 4443 960 4510 superseminavit
1015 4443 1232 4494 zizania
1277 4443 1335 4494 in
1379 4443 1552 4495 medio
1606 4444 1774 4496 tritici
1813 4444 1882 4498 ⁸ο.
1934 4443 2104 4497 Instat
2134 4467 2221 4528 DE

2134 4475 2178 4528 ι)
2210 4447 2392 4520 ρανίου
2439 4445 2674 4516 Πατρός.
2710 4446 2773 4496 Et
2804 4443 2977 4505 θέλεις
3014 4443 3072 4494 δὲ
3111 4442 3235 4496 ἰδεῖν
3279 4443 3419 4506 τίνος
3449 4443 3557 4496 εισι
3592 4441 3811 4511 φυτεία-

525 4546 653 4586 ecce
691 4529 856 4595 Deus,
889 4530 1056 4584 instat
1088 4539 1142 4584 et
1172 4528 1414 4583 Zabulus
1441 4529 1705 4585 habentes
1739 4532 1946 4586 semina
1981 4548 2099 4587 sua.

528 4619 587 4673 Si
619 4621 929 4676 dederimus
960 4621 1140 4677 locum
1175 4619 1403 4683 Zabulo,
1432 4618 1684 4675 inimicus
1719 4621 1882 4676 homo
1911 4638 2104 4692 super-

2204 4539 2254 4590 oi
2292 4535 2520 4589 τοιοῦτοι
2569 4533 2926 4602 διαλογισμοὶ,
2977 4532 3162 4596 ἄκουε,
3212 4537 3297 4588 ὅτι
3341 4535 3374 4587 ό
3414 4533 3628 4602 ἐχθρὸς
3679 4531 3784 4584 ἇν-

2204 4631 2433 4694 θρωπος
2464 4623 2639 4678 τοῦτο
2675 4623 2982 4691 ἐποίησεν,
3025 4625 3057 4676 ό
3084 4622 3429 4690 ἐπισπείρας
3467 4623 3538 4677 τὰ
3569 4622 3784 4684 ζιζάνια

529 4714 661 4767 serit
708 4713 1136 4782 plantationem,
1188 4729 1350 4784 quam
1400 4727 1507 4766 non
1553 4711 1820 4781 plantavit
1866 4713 2113 4770 caelestis
2199 4734 2225 4785 ι

2087 4731 2113 4768 s
2199 4716 2394 4785 μέσον
2444 4715 2522 4787 (5')
2574 4714 2680 4769 τοῦ
2706 4715 2899 4768 σίτου.
2947 4713 3276 4785 Ἐφέστηκεν
3303 4711 3396 4768 οὖν
3423 4716 3452 4768 ὁ
3484 4715 3614 4777 Θεὸς
3647 4713 3783 4783 ἔχων

528 4803 712 4866 Pater,
752 4804 942 4870 utique
973 4805 1378 4860 erudit-audam.
1423 4801 1516 4857 Sin
1543 4810 1724 4856 autem
1753 4805 1972 4873 repulso
2001 4804 2106 4858 Za-

528 4893 660 4949 bulo
690 4893 870 4947 locum
902 4893 1212 4948 dederimus
1239 4893 1369 4959 Deo,
1389 4895 1630 4964 gaudens
1652 4893 1796 4950 Deus
1823 4896 1926 4950 sub
1953 4897 2104 4965 prin-

531 4983 692 5054 cipali
725 4983 908 5038 cordis
946 4984 1118 5038 nostri
1167 4995 1381 5052 Sparget
1411 4999 1596 5040 semen
1623 5001 1804 5041 suttm.
1864 4985 1975 5041 Nec
2003 4987 2103 5040 ali-

529 5073 656 5147 quis
683 5072 958 5130 existimet
990 5072 1143 5127 triste
1181 5073 1440 5144 quiddam
1485 5072 1776 5131 Jeremiam
1809 5075 2100 5147 recepisse,

597 5275 641 5308 ³⁵
679 5274 883 5332 Jerem.
920 5289 960 5340 ι,
991 5272 1045 5341 8,
1075 5273 1127 5330 9.
1226 5275 1271 5306 "
1310 5272 1416 5329 lsa.
1466 5289 1538 5328 vt.
1572 5275 1626 5330 5.
1716 5275 1758 5307 ³⁷
1797 5273 1934 5332 Ibid.
1966 5273 2018 5328 7.

596 5477 676 5550 (I)
719 5475 818 5550 His
859 5475 949 5550 qui
973 5473 1050 5550 ei,
1075 5481 1179 5526 etc.
1222 5464 1317 5550 Sic
1334 5478 1480 5550 recte
1507 5469 1671 5550 habet
1695 5470 1864 5550 cedi-rt
1894 5470 2080 5550 [stlaan

527 5540 741 5612 censis;
784 5549 836 5600 in
865 5540 1018 5600 libris
1047 5551 1208 5598 autca
1234 5540 1394 5596 editis
1433 5541 1656 5611 legitur,
1683 5557 1812 5610 opus
1844 5541 1995 5595 habet
2020 5541 2101 5597 his

529 5617 620 5686 qui
638 5617 742 5686 eis,
769 5625 874 5686 eleg.

601 5685 678 5755 (Ξ)
724 5675 794 5738 Td
820 5684 913 5755 es
949 5681 1176 5755 ἐν’-τῶν
1213 5677 1496 5755 σεραφίμ.
1551 5677 1782 5755 Legebat
1835 5675 2092 5750 Hierony-

531 5749 698 5810 mus:
732 5753 866 5825 μηδὲ
894 5751 950 5804 ἓν
983 5750 1089 5805 τῶν
1122 5750 1384 5821 σεραφίμ.
1423 5749 1580 5814 Quod
1609 5763 1794 5803 verum
1825 5757 1927 5816 est,
1955 5759 2008 5804 et
2037 5749 2102 5806 ex

2202 4807 2271 4860 τὰ
2293 4807 2604 4878 σπέρματα,
2632 4807 2730 4860 καὶ
2757 4808 2784 4858 ὁ
2804 4803 3068 4867 διάϐολος.
3114 4805 3238 4860 Ἐὰν
3266 4805 3492 4876 δίδωμεν
3517 4805 3680 4858 τόπον
3707 4803 3783 4874 τῷ

2205 4897 2454 4967 διαϐόλῳ,
2499 4899 2527 4949 ὁ
2557 4895 2747 4968 ἐχθρὸς
2777 4897 3086 4967 ἐπισπείρει
3119 4897 3365 4965 φυτείαν,
3405 4898 3470 4968 ἦν
3511 4898 3612 4950 οὐκ
3651 4894 3782 4965 ἐφύ-

2207 5005 2396 5042 τευσεν
2419 4990 2446 5040 ὁ
2467 4988 2656 5060 Πατὴρ
2678 4989 2706 5040 ὁ
2733 4989 2792 5040 οὑ
2802 4988 3004 5058 ράνιος,
3025 4988 3238 5051 πάντως
3255 4987 3781 5060 ὲκριζωθησομένηνο

2210 5079 2305 5132 ἐὰν
2339 5079 2413 5150 μὴ
2447 5077 2676 5149 δίδωμεν
2713 5078 2875 5133 τόπον
2897 5078 2974 5151 τῷ
3003 5079 3254 5150 διαϐόλῳ,
3278 5078 3413 5132 ἀλλὰ
3437 5077 3665 5147 δίδωμεν
3698 5073 3788 5128 τό-

2113 5273 2157 5305 ³⁸
2195 5272 2306 5330 Jer.
2350 5289 2389 5338 ι,
2416 5273 2474 5342 9,
2507 5271 2589 5328 10.
2675 5273 2719 5306 ³⁹
2743 5271 2934 5329 Matth.
2966 5289 3056 5340 xv,
3085 5273 3170 5328 l5.
3245 5271 3292 5304 “
3327 5270 3514 5327 Matth.
3545 5285 3664 5337 xm,
3693 5269 3783 5327 25.

2210 5469 2365 5526 Isaia:
2389 5486 2464 5532 vr,
2489 5469 2543 5535 6,
2572 5470 2706 5538 satis
2729 5479 2966 5538 constat.

2282 5543 2360 5609 (3)
2405 5533 2756 5610 Τίς-οὖτος,
2799 5535 2913 5595 etc.
2970 5537 3114 5610 Lego
3159 5553 3283 5592 cum
3339 5535 3667 5610 Hieronymo
3703 5533 3786 5602 τίς

2212 5606 2354 5681 οὕτω
2389 5609 2657 5681 μακάριός
2688 5610 2960 5681 ἑστηκὼς
2991 5606 3110 5681 τὰς,
3142 5618 3247 5681 etc.

2285 5679 2364 5750 (4)
2392 5677 2812 5750 ’Ταῑξψυχαῖς-
2851 5678 2994 5750 Lege
3021 5679 3118 5750 τῆς
3144 5677 3340 5748 ψυχῆς·

2405 5747 2628 5804 Μέσον.
2667 5747 2808 5819 Lege
2838 5747 2941 5802 ἀνὰ
2983 5747 3166 5818 μέσον.
