4296 6288
473 323 590 380 273

1685 341 1755 399 ΙΝ
1787 342 2135 401 ιΕιιΕιιιΑΜ
2176 345 2462 404 llOMlLlA
2501 349 2546 404 l.

3641 353 3750 410 2H

474 457 586 537 πον
612 441 691 537 τῶ
710 426 1078 537 Θεῷ,)ξαί’ρ‹ιῖν
1105 450 1133 503 ό
1162 451 1294 517 Θεὸς
1324 455 1537 527 σπείρει
1560 455 1631 510 τὰ
1652 459 1945 530 σπέρματα
1973 461 2071 514 αὺ-
2098 467 2146 522 Α

2055 491 2071 501 -
2098 467 2146 522 Α
2173 462 2301 531 quia
2346 461 2678 518 constitutus
2718 462 2790 518 sit
2829 462 2896 518 ad
2923 462 3342 520 eradicationem
3370 479 3662 537 regnorum
3695 476 3751 523 et

477 533 577 588 τοῦ
605 533 696 586 ἐπὶ
721 535 781 588 τὸ
820 538 1150 609 ⁴ἡγεμονικὸν
1189 543 1368 614 ἡμῶν.
1413 546 1504 618 Μὴ
1534 547 1723 618 νόμιζε
1759 549 1942 604 τοίνυν
1974 550 2065 603 τὸν

491 623 758 697 Ἱερεμίαν
805 631 1132 703 σκυθρωπόν
1178 652 1232 688 τι
1280 636 1562 708 εἰληφέναι
1603 639 1774 711 δῶρον
1817 642 1926 695 ἀπὸ
1970 641 2065 694 τοῦ

480 717 642 772 Θεοῦ·
695 720 780 775 ὅτι
819 723 1146 780 καθίσταται
1195 728 1287 781 ἐπὶ
1324 729 1452 799 ἔθνη
1488 730 1583 784 καὶ
1627 732 1718 784 ἐπὶ
1768 732 2064 802 βασιλείας,

479 809 747 882 ἐκριζοῦν.
805 812 1035 881 ’Δγαθὸς
1065 819 1094 870 ὁ
1125 817 1259 882 Θεός
1300 821 1418 874 ἐστι
1449 820 1536 874 διὰ
1566 821 1674 875 τῶν
1706 821 1880 892 λόγων
1913 825 2066 891 ἐκρι-

2172 554 2435 624 gentium.
2475 554 2743 611 Bonitatis
2777 553 2872 610 Dei
2906 555 3053 611 istud
3088 564 3171 610 est
3193 556 3478 622 indicium,
3510 559 3752 616 eradica-

2171 659 2231 699 re
2263 644 2393 699 vitia
2421 660 2516 714 per
2539 659 2822 700 sermones
2840 683 2856 709 ,
2891 644 3110 700 inimica
3141 645 3379 701 caelesﬁs
3403 662 3559 719 regns
3584 663 3751 718 regna

2173 735 2479 804 destruere,
2533 744 2589 791 et
2615 735 2878 791 bellantes
2911 751 3037 790 eum
3069 751 3170 792 sua
3204 744 3363 808 gente
3392 746 3630 796 evertere
3653 755 3748 796 na-

2177 825 2372 892 tiones,
2407 825 2686 881 eradicare
2717 835 2770 880 et
2795 825 3129 881 subvertere.

475 903 597 967 ζοῦν
639 906 710 960 τὰ
746 907 949 977 φαῦλα,
996 910 1094 974 τὰς
1133 913 1334 984 ἐχθρὰς
1367 913 1642 986 βασιλείας
1679 916 1787 971 τῶν
1817 917 2069 990 οὐρανῶν.
2096 921 2163 990 τῇ
2199 919 2468 991 βασιλείᾳ,
2502 919 2571 974 τά
2595 919 2864 991 πολεμικά
2897 918 3025 991 ἔθνη
3054 917 3133 991 τῷ
3171 919 3315 975 ἔθνει
3349 921 3430 993 τῷ
3467 920 3563 977 τοῦ
3616 922 3752 981 Θεοῦ

475 998 735 1068 ἐκριςοῦν
773 1001 867 1054 καὶ
901 1005 1330 1060 κατασκάπτειν.

545 1088 705 1144 Ἔστι
736 1108 821 1154 τις
852 1094 1109 1166 οἰκοδομὴ
1129 1097 1376 1152 διαϐόλου
1393 1115 1407 1131 ο
1439 1097 1555 1152 ἔστι
1581 1116 1667 1165 τις
1692 1101 1948 1174 οἰκοδομὴ
1969 1103 2068 1157 τοῦ

467 1179 627 1234 Θεοῦ.
657 1182 726 1234 Ἦ
747 1183 840 1235 ἐπὶ
862 1184 962 1254 τὴν
1006 1187 1190 1258 ἄμμον
1206 1189 1482 1258 οἰκοδομὴ,
1501 1192 1594 1246 τοῦ
1612 1192 1858 1246 διαϐόλου
1882 1195 2028 1249 ἐστίν
2045 1213 2059 1228 ο

471 1275 560 1326 ἐπ’
600 1274 776 1327 οὐδενὶ
820 1275 929 1347 γὰρ
974 1277 1295 1349 ἐστήρικται
1351 1281 1553 1354 ἐδραίῳ
1606 1285 1699 1338 καὶ
1733 1285 1936 1358 βεϐαίῳ
1969 1290 2061 1342 καὶ

473 1367 763 1438 ήνωμένῳ·
796 1370 830 1438 ἡ
857 1369 914 1421 δέ
949 1371 1208 1442 οἰκοδομὴ
1241 1374 1275 1444 ἡ
1311 1374 1402 1426 ἐπὶ
1434 1374 1532 1446 τὴν
1565 1375 1897 1449 πέτραν,τοῦ
1920 1380 2057 1434 Θεοῦ

472 1459 641 1509 ἐστιν.
675 1459 815 1528 Ὅρα
852 1458 906 1512 τί
952 1459 1168 1529 λέγεται
1209 1465 1324 1527 τοῖς
1353 1463 1450 1518 τοῦ
1491 1465 1652 1519 Θεοῦ·
1699 1467 1848 1521 Θεοῦ
1884 1467 2058 1540 redip-

471 1565 621 1616 τιον,
646 1549 792 1604 Θεοῦ
825 1551 1106 1621 οἰκοδομή
1131 1553 1304 1607 ἐστε’
1339 1555 1388 1607 οἱ
1417 1555 1562 1625 λόγοι
1594 1559 1772 1612 τοίνυν
1801 1560 1894 1613 τοῦ
1924 1560 2058 1615 Θεοῦ

471 1638 569 1691 ἐπὶ
597 1639 741 1708 ἔθνη
776 1641 872 1695 καί
891 1642 1216 1712 βασιλείας
1233 1647 1399 1713 είσὶν,
1428 1648 1717 1718 ἐκριζοῦν,
1747 1651 1847 1705 καί
1882 1669 2061 1707 κατα-

2245 1103 2331 1158 15.
2363 1101 2458 1157 Est
2481 1102 2727 1172 quaedam
2761 1103 3046 1159 aediﬁcatio
3067 1102 3282 1169 Zabuli,
3310 1111 3364 1159 et
3385 1111 3470 1160 est
3497 1103 3748 1176 quaedam

2169 1191 2456 1246 aedificatio
2485 1191 2617 1259 Dei;
2655 1193 2801 1263 quod
2832 1208 2997 1262 super
3031 1208 3254 1248 arenam
3287 1193 3611 1261 exstruitur,
3643 1195 3750 1250 hoc

2166 1280 2354 1336 Zabuli
2373 1291 2456 1337 est
2472 1300 2486 1348 ;
2505 1297 2666 1352 super
2681 1283 2829 1338 nullo
2839 1283 2982 1337 enim
3000 1283 3154 1354 135
3172 1286 3463 1351 stabilitur,
3479 1287 3751 1343 abortum.

2164 1388 2269 1443 que
2307 1389 2416 1428 non
2457 1375 2722 1430 solidatur
2767 1376 2867 1445 (3).
2931 1375 3087 1442 Quod
3122 1384 3302 1430 autem
3341 1393 3502 1448 super
3535 1387 3748 1449 petram

2165 1468 2486 1532 aediﬁcatur,
2532 1469 2636 1523 hoc
2676 1466 2774 1522 Dei
2800 1478 2902 1523 est.
2932 1465 3088 1522 Unde
3117 1475 3171 1522 et
3208 1468 3293 1523 his
3321 1470 3414 1538 qui
3448 1469 3568 1540 ejus
3597 1479 3746 1538 sunt,

2167 1558 2404 1613 dicitur:
2438 1557 2537 1612 Dei
2569 1557 2925 1628 agricultura,
2973 1556 3070 1612 Dei
3092 1558 3376 1627 wdiﬁeatio
3399 1561 3545 1618 estis.
3579 1559 3749 1631 Super

2165 1658 2338 1720 gentes
2383 1650 2677 1715 eradicare,
2712 1660 2761 1704 et
2798 1649 3096 1704 subvertere
3117 1688 3133 1716 ,
3171 1658 3222 1703 et
3259 1650 3562 1721 disperdere
3588 1652 3652 1707 "‘.
3686 1650 3744 1706 Si

470 1729 784 1798 σκάπτειν,
815 1733 914 1787 καί
942 1735 1295 1791 ἀπολλύειν.
1342 1739 1468 1793 Ἐὰν
1501 1741 1777 1813 ἐκριζωθῇι
1811 1743 1942 1813 μὲν,
1981 1744 2057 1815 μὴ
2096 1812 2124 1816 _
2165 1772 2166 1780 ι

2048 1762 2057 1815 ι
2096 1812 2124 1816 _
2165 1741 2476 1795 eradicatur
2505 1740 2733 1810 aliquid,
2755 1751 2810 1796 et
2837 1741 3136 1797 eradicatio
3176 1742 3290 1812 ipsa
3334 1758 3440 1798 non
3474 1744 3744 1816 dispergi-

474 1820 741 1892 ἀπόληται
768 1824 826 1876 δὲ
851 1823 912 1877 τὸ
951 1826 1268 1898 ἐκριζωθέν.
1317 1829 1442 1883 Ἐὰν
1493 1812 1822 1903 κατασκαφῇ
1859 1812 2059 1904 pem—oi
2094 1812 2133 1866 Β
2164 1841 2170 1883 l

2047 1812 2059 1888 ί
2094 1812 2133 1866 Β
2164 1840 2271 1896 tur,
2306 1833 2490 1887 adhuc
2514 1839 2797 1902 permanet
2833 1831 2980 1903 quod
3015 1833 3263 1890 evulsum
3295 1845 3399 1890 est.
3434 1834 3492 1890 Si
3519 1812 3743 1891 subrui-

470 1910 600 1966 λίθοι
654 1914 729 1985 (1)
772 1916 872 1986 τῆς
923 1921 1283 1990 κατασκαφῆς
1332 1920 1406 1992 μὴ
1447 1921 1796 1988 ἀπόλωνται,
1844 1925 1959 1978 ἐστι
1999 1926 2061 1980 τὸ

470 2007 846 2074 κστασκαφέν.
895 2008 1096 2078 Ἔργον
1141 2004 1235 2062 οῦν
1282 2011 1398 2062 ἐστι
1443 2011 1543 2081 τῆς
1583 2013 1915 2083 ἀγαθότητος
1963 2015 2059 2068 τοῦ

467 2093 628 2156 Θεοῦ,
656 2097 793 2166 μετὰ
815 2097 876 2149 τὸ
897 2098 1213 2169 ἐκριζῶσαι,
1240 2101 1502 2154 ἀπολέσαι
1524 2102 1585 2154 τὸ
1609 2102 2058 2175 ἐξερριζωμένον·

473 2184 616 2253 μετά
660 2184 722 2237 τὸ
762 2185 1006 2241 καθελεῖν
1048 2189 1311 2243 ἀπολέσαι
1344 2191 1406 2244 τὸ
1450 2191 1849 2264 καθῃρημένον.
1901 2195 2060 2249 Ἀνά-

468 2275 640 2342 γνωθι
670 2277 945 2347 ἐπιμελῶς
971 2279 1066 2333 ἐπὶ
1101 2280 1200 2352 μὲν
1232 2282 1338 2336 τῶν
1364 2283 1750 2355 ἀπολλυμένων
1776 2287 1871 2339 καὶ
1909 2287 2059 2358 ἐκρι-

468 2361 762 2434 ζουμένων,
797 2365 916 2431 πῶς
947 2369 1274 2424 ἀπόλλυνται
1314 2371 1384 2426 τὰ
1416 2373 1662 2428 τοιαῦτα.
1712 2377 1784 2431 Τὸ
1821 2375 1889 2428 δὲ
1915 2376 2063 2446 ἄχυ-

461 2470 578 2520 ρον
630 2457 1050 2511 κατακαύσατε
1119 2461 1262 2528 πυρὶ
1312 2461 1590 2530 ἀσϐέστῳ
1613 2485 1626 2499 ο
1663 2465 2061 2536 καὶ,’Δήσατε

469 2543 697 2614 (namq
726 2547 798 2601 τὰ
826 2546 1067 2611 (traria,
1099 2551 1198 2605 καί
1230 2538 1526 2620 παράδοτε
1561 2554 1715 2608 αὐτὰ
1753 2556 1916 2624 πυρί.
1954 2555 2059 2610 Οὓ-

468 2652 575 2699 τως
611 2635 749 2704 μετά
787 2637 849 2690 τὸ
879 2639 1227 2710 ἐκριζοῦσθαι
1257 2643 1570 2698 ἀπόλλυται.
1619 2645 1684 2698 Ei
1724 2645 1886 2718 θέλῃς
1929 2647 2056 2702 ίδεῖν

470 2726 562 2778 καὶ
609 2726 747 2796 μετὰ
782 2729 1102 2800 καθαίρεσιν
1141 2731 1208 2786 τὰ
1255 2735 1605 2806 ἀπολλύμενα
1636 2737 1736 2808 τῆς
1766 2739 2056 2812 οἰκοδομῆς

467 2816 565 2906 τῆς
593 2815 724 2888 ὕλης
747 2819 849 2890 τῆς
880 2821 1121 2894 φαύλης·
1146 2825 1276 2894 χοῦς
1304 2827 1512 2894 γίνεται
1543 2830 1575 2899 ή
1609 2830 1757 2884 οίκία
1789 2833 1993 2905 ἐκείνη,
2018 2835 2052 2906 ὴ

467 2905 553 2960 διά
572 2907 669 2979 τὴν
686 2909 894 2982 λέπραν
914 2913 1128 2986 καθῃρη
1138 2915 1295 2988 μένη,
1315 2919 1409 2972 καὶ
1423 2917 1742 2974 ἐκϐάλλεται
1764 2922 1892 2993 χοῦς
1910 2905 2056 2992 γενὰ

469 2996 605 3069 μένη
630 2999 735 3066 ἔξω
753 3002 854 3072 τῆς
873 3005 1102 3070 πόλεως,
1123 3006 1210 3060 ἵνα
1236 3009 1370 3080 μηδέ
1392 3009 1594 3085 λίθος
1624 3011 1818 3083 μένων,
1854 3016 2054 3087 ὁμοίως

465 3089 523 3142 τό
579 3091 685 3162 (2)’
735 3094 831 3160 Ὡς
865 3097 1066 3164 πηλὸν
1106 3101 1407 3156 πλατειῶν
1443 3106 1642 3160 λεανῶ
1687 3110 1938 3177 αὐτούς’
1972 3112 2054 3168 δεῖ

465 3181 572 3275 γὰρ
605 3184 869 3254 μηδαμῶς
891 3189 1214 3244 συνεστάναι
1241 3192 1309 3246 τὰ
1333 3195 1572 3266 χείρονα.
1603 3200 1940 3275 Κατεσκάιρη
1969 3203 2047 3271 δὲ,

466 3271 550 3365 τνα
583 3275 658 3365 μὴ
687 3276 738 3328 οί
768 3275 902 3331 λίθοι
933 3277 1174 3335 ἔστωσαν
1201 3286 1459 3358 χρήσιμοι
1485 3289 1623 3360 πρὸς
1647 3291 1746 3364 τὴν
1788 3271 1953 3365 ἄλλην
1981 3297 2050 3350 ol-

716 3367 784 3437 ἢν
809 3367 1029 3425 δύναται
1052 3373 1392 3446 οἰκοδομεῖνό
1411 3381 1662 3453 πονηρός·
1690 3362 2044 3458 ἐξερριζῶθη,

580 3455 742 3549 πάλιν
795 3460 858 3512 ἐκ
903 3461 1011 3514 τῶν
1048 3462 1492 3538 ἐξεῤῥιζωμένων
1539 3452 1674 3545 εῦρῃ
1729 3452 2046 3549 σπέρματα,

462 3545 547 3599 ἳνα
575 3547 869 3624 ἐπισπείρῃ
897 3553 1058 3607 πάλιν
1076 3555 1145 3608 τὰ
1168 3555 1382 3622 ζιζάνια
1405 3579 1423 3596 ει
1447 3563 1663 3629 πάντως
1688 3566 1797 3640 γάρ
1821 3545 1958 3642 ἐχῠων
1979 3573 2047 3626 τὰ

461 3638 751 3713 σπέρματα
772 3643 878 3696 τῶν
905 3643 1180 3713 ζιζανίων,
1204 3649 1534 3724 ἐπέσπειρεν
1563 3657 1702 3710 αὐτὰ
1721 3677 1734 3690 ·
1757 3638 2043 3728 διὰ-τοῦτο,

459 3730 692 3796 Δήσατε
735 3734 806 3788 τὰ
845 3735 1078 3805 (illinet,
1115 3741 1214 3795 καὶ
1247 3747 1665 3803 κατακαύσατε
1691 3752 1844 3806 αὐτὰ
1877 3755 2041 3823 πυρί,

457 3820 542 3875 ἶνα
586 3825 724 3894 μετά
760 3827 821 3880 τὸ
848 3829 1210 3901 ὲκριζωθῆναι
1247 3835 1537 3908 ἀπόληται,
1567 3843 1660 3894 καὶ
1692 3843 1831 3913 μετά
1855 3845 1916 3899 τὸ
1939 3820 2040 3900 κα-

457 3916 801 3986 τασκαφῆναι
836 3920 868 3989 ἡ
905 3920 998 3974 τοῦ
1030 3921 1276 3978 διαϐόλου
1310 3929 1566 4003 οἰκοδομὴ
1600 3934 1887 4008 ἀπόληται.

537 4005 678 4064 Ἀλλ’
703 4008 802 4062 ούκ
832 4011 890 4062 ἐν
935 4013 1144 4076 τούτοις
1175 4015 1422 4071 ἵστανται
1455 4023 1503 4072 οἱ
1539 4021 1685 4090 λόγοι
1736 4005 1830 4078 τοῦ
1881 4028 2037 4098 Θεοῦ,

453 4093 545 4146 ἐπὶ
571 4094 648 4166 τῷ
681 4097 952 4168 ἐκριζοῦν,
1000 4104 1095 4156 καὶ
1126 4107 1558 4176 κατασκάπτειν,
1595 4113 1689 4167 καὶ
1716 4115 2004 4171 ἀπολλύειν
2023 4137 2036 4149 ·

451 4186 595 4240 ἔστω
612 4188 720 4260 γὰρ
747 4190 1150 4265 ἐξερῤιζωμένα
1177 4197 1273 4252 ἀπ’
1301 4198 1434 4269 ἐμοῦ
1455 4201 1524 4255 τὰ
1544 4202 1742 4272 φαῦλα,
1765 4223 2042 4263 κατασκα-

451 4276 619 4345 φέντα
663 4279 732 4333 τὰ
762 4281 1014 4353 χείρονα⁶
1057 4284 1110 4338 τί
1143 4304 1233 4357 μοι
1279 4288 1490 4358 ὄφελος,
1532 4293 1626 4348 ἐὰν
1673 4294 1748 4368 μὴ
1779 4297 1900 4350 ἀντὶ
1932 4299 2040 4354 τῶν

451 4368 857 4462 ἐκριζωθέντων
886 4380 1264 4452 καταφυτευθῇ
1293 4382 1362 4436 τά
1383 4384 1702 4456 κρείττονα;
1724 4389 1778 4443 τί
1801 4407 1893 4461 μοι
1919 4392 2038 4462 ὄφε-

2160 1933 2249 1979 ιιιι·
2274 1925 2494 1990 domus,
2522 1933 2577 1979 et
2610 1926 2817 1995 lapides
2849 1927 2905 1980 in
2949 1927 3110 1980 ruina
3149 1938 3278 1981 sunt
3327 1928 3544 1998 integri,
3576 1928 3742 1984 dissi-

2157 2025 2286 2085 pata
2320 2025 2404 2071 est
2432 2016 2650 2082 domus,
2678 2031 2788 2070 non
2817 2026 2999 2072 tamen
3030 2017 3260 2086 perdita.
3290 2015 3440 2087 Opus
3468 2028 3550 2074 est
3579 2019 3746 2090 igitur

2160 2106 2496 2177 benignitate
2525 2105 2642 2171 Dei,
2675 2114 2736 2160 ut
2761 2106 3060 2161 eradicatio
3094 2107 3209 2176 ipsa
3237 2118 3291 2163 et
3318 2110 3604 2165 subversio
3633 2120 3744 2166 tota

2160 2196 2456 2266 dispereat.
2490 2195 2812 2267 Diligentius
2841 2197 2959 2269 lege
2991 2199 3267 2268 quomodo
3311 2201 3585 2257 eradicata
3619 2218 3743 2273 per-

2161 2286 2364 2342 dantur
2388 2305 2402 2342 :
2426 2286 2644 2342 Plateas
2670 2296 2845 2342 autem
2871 2287 3134 2344 comburet
3154 2291 3263 2360 igni
3290 2293 3742 2364 thexstinguibili;

2163 2388 2256 2434 et:
2292 2378 2482 2450 Ligate
2527 2379 2824 2450 manipulos
2885 2381 3253 2450 zizaniorum,
3315 2394 3363 2438 et
3410 2386 3604 2439 tradite
3653 2401 3740 2441 ecs

2160 2471 2270 2540 igni
2309 2471 2375 2526 “.
2429 2471 2520 2528 Sic
2549 2487 2612 2527 ea
2644 2488 2766 2542 quae
2815 2480 2945 2527 sunt
2994 2473 3270 2529 eradicata
3323 2476 3737 2546 disperduntur.

2161 2561 2220 2617 Si
2249 2571 2430 2618 autem
2462 2563 2546 2619 vis
2584 2564 2728 2619 seire
2755 2567 3034 2632 quomodo
3068 2566 3341 2637 dispersio
3373 2569 3651 2641 redigatur
3682 2571 3738 2625 in

2156 2651 2413 2720 nihilum,
2447 2654 2728 2724 quomodo
2753 2655 3130 2712 mdilicationis
3160 2659 3404 2728 pessima
3429 2661 3657 2716 materia
3683 2662 3739 2716 in

2157 2743 2432 2813 pulverem
2475 2745 2904 2810 comminuatur,
2939 2747 3139 2803 domus
3171 2763 3235 2802 ea
3265 2765 3387 2817 quae
3411 2759 3632 2820 propter
3662 2752 3740 2807 le-

2156 2848 2308 2904 pram
2341 2834 2549 2890 destrui
2591 2835 2812 2905 jubetur
2838 2837 2905 2902 ⁸³,
2955 2852 3079 2892 eum
3124 2836 3288 2892 fuerit
3320 2840 3498 2909 pulvis
3521 2839 3736 2908 cll'eeta,

2155 2931 2310 2979 extra
2339 2925 2611 2980 civitatem
2642 2926 2948 2996 projicitur,
2979 2935 3039 2980 ut
3063 2941 3131 2981 ne
3159 2927 3298 2998 lapis
3321 2929 3538 2998 quidem
3573 2944 3639 2984 ex
3670 2946 3736 2986 ea

2156 3015 2412 3071 residuus
2451 3016 2549 3082 sit,
2585 3016 2740 3086 juxta
2777 3018 2922 3088 quod
2970 3019 3234 3088 scriptum
3275 3029 3359 3076 est
3400 3039 3418 3077 :
3463 3020 3531 3076 Ut
3563 3021 3734 3076 lutum

2155 3106 2454 3176 platearum
2488 3108 2667 3162 delebo
2697 3125 2784 3163 eos
2809 3109 2875 3164 “.
2910 3109 3133 3180 Oportet
3162 3112 3363 3182 quippe
3401 3113 3616 3183 penitus
3647 3115 3733 3168 in-

2153 3197 2318 3252 terire
2365 3197 2654 3252 malitiam.
2709 3197 3047 3255 Subversum
3090 3210 3176 3257 est
3223 3202 3469 3272 aliquid,
3526 3203 3735 3274 lapides

2151 3303 2370 3358 quoque
2403 3289 2508 3359 ipsi
2541 3289 2635 3360 qui
2673 3290 2938 3346 destrueti
2979 3301 3128 3359 sunt,
3155 3303 3531 3362 conterantur,
3563 3311 3634 3350 ne
3662 3296 3733 3351 ad

2151 3380 2388 3449 aliquam
2419 3381 2829 3437 aediﬁcationem
2851 3424 2868 3451 ,
2912 3399 3078 3454 quam
3110 3385 3365 3442 diabolus
3397 3387 3732 3442 concinnare

2150 3479 2348 3541 potest,
2384 3473 2591 3527 assumi
2624 3474 2856 3530 valeant.
2911 3474 3264 3532 Eradicatum
3299 3486 3383 3533 est
3420 3479 3729 3548 quidpiam,

2149 3563 2358 3618 invenit
2405 3564 2759 3621 adversarius
2801 3567 2965 3622 etiam
3016 3568 3158 3624 inter
3191 3585 3255 3624 ea
3285 3584 3409 3639 quae
3452 3568 3730 3624 eradicata

2147 3663 2313 3723 sunt,
2368 3655 2606 3726 aliquam
2665 3669 2963 3714 sementem
3009 3675 3173 3729 quam
3229 3661 3427 3714 iterum
3474 3659 3729 3718 seminat.

2145 3745 2371 3816 Propter
2415 3748 2560 3818 quod
2601 3749 2756 3818 jubet
2792 3750 3097 3806 Dominus:
3128 3750 3394 3820 Colligite,
3428 3750 3636 3815 dicens,
3675 3761 3729 3807 et

2144 3837 2434 3893 comburite
2487 3856 2548 3894 ea
2588 3841 2698 3911 igni
2723 3841 2792 3906 ⁸⁸,
2827 3843 3035 3898 scilicet
3083 3849 3142 3895 ut
3185 3840 3481 3897 eradicatio
3509 3856 3728 3913 quoque

2145 3927 2362 3994 Zabuli,
2393 3941 2447 3986 et
2481 3933 2599 4003 ipsa
2627 3933 2913 3988 subversio
2943 3942 3320 3989 consumatur.

2214 4022 2303 4076 16.
2335 4021 2532 4078 Verum
2567 4040 2672 4079 non
2701 4033 2910 4078 tantum
2945 4025 3000 4080 in
3029 4026 3135 4081 hoc
3163 4034 3270 4081 stat
3291 4042 3473 4082 sermo
3502 4028 3724 4084 divinus

2145 4121 2204 4167 ut
2230 4114 2504 4180 eradicet,
2532 4125 2586 4169 et
2611 4117 2884 4182 destruat,
2921 4126 2976 4172 et
3017 4117 3293 4186 disperdat
3333 4137 3347 4174 :
3387 4128 3506 4174 esto
3555 4122 3721 4188 enim,

2142 4205 2418 4259 eradioata
2469 4206 2579 4262 sint
2617 4207 2801 4261 omnia
2849 4208 2904 4262 in
2949 4224 3037 4264 me
3064 4210 3226 4277 mala,
3252 4209 3529 4266 destructa
3557 4222 3611 4267 et
3635 4213 3721 4268 di-

2143 4311 2330 4367 spersa
2362 4297 2472 4353 sint
2504 4298 2739 4369 pessima
2765 4317 2779 4366 ;
2811 4300 2941 4370 quid
2971 4299 3106 4356 mihi
3135 4299 3374 4372 prodest,
3400 4303 3447 4358 si
3481 4317 3588 4358 non
3621 4319 3722 4374 pro

2138 4390 2220 4445 eis
2253 4405 2375 4460 quae
2401 4390 2681 4445 eradicata
2712 4400 2768 4446 et
2813 4393 3049 4449 sulfossa
3080 4402 3227 4457 sunt,
3256 4394 3482 4452 meliora
3532 4395 3586 4448 in
3633 4411 3721 4449 me

447 4456 556 4559 λος,
579 4460 674 4559 ἐὸιν
694 4462 769 4533 μὴ
795 4463 916 4517 ἀντὶ
934 4466 1138 4525 τούτων
1161 4471 1555 4547 ἀνοικοδομηθῇ
1576 4475 1646 4530 τά
1670 4456 2030 4551 διαφέροντᾶ;
2062 4498 2112 4559 D
2139 4497 2143 4550 l

2020 4501 2030 4550 ;
2062 4498 2112 4559 ι)
2139 4456 2450 4552 plantentur
2494 4490 2658 4553 atque
2698 4482 3074 4540 tedilicentur?
3105 4483 3398 4555 Propterea
3429 4485 3524 4541 Dei
3556 4487 3716 4542 verba

447 4550 543 4604 Διά
566 4551 725 4606 τοῦτο
748 4555 797 4607 oi
818 4555 911 4608 τοῦ
934 4556 1068 4611 Θεοῦ
1087 4559 1235 4630 λόγοι
1257 4563 1469 4618 ποιοῦσι
1494 4566 1709 4640 πρῶτον
1731 4550 2027 4641 ἀναγκαῖα,

445 4639 505 4693 τὸ
516 4643 786 4713 ἐκριζοῦν,
799 4647 891 4700 καὶ
905 4653 1327 4719 κατασκάπτειν,
1343 4656 1437 4709 καὶ
1448 4639 1734 4716 ἀπολλύειν
1746 4662 1814 4716 τά
1826 4639 2023 4732 τραῦλα·

2135 4575 2376 4645 primutn
2428 4573 2639 4631 faciunt
2686 4576 2833 4647 quod
2886 4591 3112 4640 necesse
3157 4586 3262 4643 est,
3290 4577 3593 4644 eradicant,
3623 4579 3715 4634 de-

2133 4673 2394 4733 struunt,
2448 4667 2726 4734 perdunt,
2787 4676 2843 4723 et
2886 4676 3012 4738 post
3063 4667 3178 4723 haec
3224 4667 3493 4723 aediﬁcant
3551 4679 3715 4740 atque

447 4733 564 4800 μεθ’
594 4734 630 4788 ἃ
663 4737 758 4790 καὶ
793 4741 1222 4809 καταφυτεύουσι
1260 4745 1328 4799 τὰ
1358 4748 1674 4818 κρείττονα’
1713 4753 1808 4806 καὶ
1845 4755 1932 4808 ἀεὶ
1969 4758 2027 4811 ἐν
2132 4773 2143 4828 ]

2017 4775 2027 4806 ι
2132 4758 2397 4828 plantant.
2433 4733 2857 4818 Dbservavimus
2888 4733 3117 4831 semper
3163 4760 3216 4815 in
3247 4760 3547 4832 Seripturis
3585 4779 3713 4818 san-

441 4826 506 4921 τῇ
537 4824 725 4921 Γραφῇ
751 4831 1134 4921 τετηρήκαμεν
1163 4833 1232 4888 τὰ
1261 4837 1716 4913 σκυθρωποφανῆ,
1752 4843 1818 4896 ἵν’
1853 4845 2026 4911 οὓτως

2009 4865 2026 4911 ;
2131 4849 2275 4914 ctis,
2325 4850 2562 4919 primum
2607 4867 2671 4906 ea
2713 4866 2846 4921 quee-
2878 4851 3130 4906 videntur
3177 4853 3353 4908 tristia
3404 4854 3705 4921 nominari;

441 4913 717 5014 ὀνομάσω,
773 4920 966 4991 πρῶτα
1025 4923 1430 4998 ὀνομαζόμενα,
1478 4927 1598 4986 εἶτα
1644 4934 1712 4988 τὰ
1762 4935 2025 4992 δοκοῦντα
2127 4961 2137 4996 ι

2010 4957 2025 4991 ι
2127 4913 2432 5003 (ἱειίιιᾶει-ιιιιΔ
2471 4959 2593 5014 qua:
2637 4913 2897 4998 hilariora
2947 4954 3096 5007 sunt,
3152 4944 3392 4998 secundo
3420 4945 3526 4998 dici
3554 4963 3567 4998 :
3596 4913 3706 5014 Ego

441 5001 583 5061 εἶναι
607 5008 768 5082 ἱλαρὰ
797 5011 1024 5084 δεύτερα
1051 5013 1335 5088 λεγόμενα.
1376 5022 1517 5091 Ἐγὼ
1550 5024 1880 5092 ἀποκτενῶ,
1921 5032 2020 5086 καὶ
2127 5054 2137 5087 ι

2009 5032 2020 5086 l
2127 5034 2387 5103 occidam,
2420 5001 2470 5093 et
2489 5001 2589 5106 .ego
2621 5034 2978 5106 viviﬁcabo“.
3032 5033 3152 5089 Non
3193 5034 3334 5090 dixit
3382 5036 3555 5106 prius,
3605 5001 3705 5105 ego

438 5095 544 5165 ζῇν
568 5100 820 5170 ποιήσω.
852 5103 986 5157 Τίνα
1012 5106 1332 5175 ἀποκτενῶ;
1369 5111 1581 5167 Παῦλον
1604 5115 1695 5170 τὸν
1733 5119 2018 5190 προδότην,
2130 5141 2134 5153 ι

2010 5162 2018 5186 ,
2130 5126 2447 5192 vivilicabo,
2501 5135 2558 5180 et
2609 5136 2836 5194 postea,
2894 5126 3162 5180 occidam.
3233 5124 3575 5196 lmpossibile
3621 5137 3706 5183 est

440 5190 650 5249 Παῦλον
690 5195 781 5249 τὸν
810 5195 1066 5270 διώκτην.
1113 5201 1224 5254 Καὶ
1252 5202 1352 5275 ζῇν
1396 5208 1633 5279 ποιήσω,
1667 5210 1754 5266 ἵνα
1795 5213 2020 5286 γένηται
2124 5235 2136 5273 ι

2009 5235 2020 5269 ι
2124 5218 2271 5274 enitn
2327 5219 2404 5289 (4)
2435 5190 2813 5289 quod‘scmel
2857 5217 3149 5272 vivilicavit
3181 5190 3348 5285 Deus,
3386 5227 3481 5274 aut
3523 5220 3592 5274 ab
3639 5236 3705 5277 eo

511 5329 556 5362 δι
584 5331 753 5388 lCor.
780 5349 864 5400 ιιι,
890 5335 943 5392 9.
987 5334 1031 5367 “
1051 5335 1242 5392 Matth.
1290 5354 1412 5406 xm,
1457 5341 1546 5399 50.
1639 5345 1686 5377 "
1713 5345 1886 5404 Levit.
1922 5365 2032 5405 xlv.
2073 5353 2119 5386 ⁵⁸
2138 5352 2207 5409 Ps

2003 5366 2032 5405 ν.
2073 5353 2119 5386 ⁸⁸
2138 5352 2282 5409 Psal.
2315 5369 2448 5418 xvn,
2473 5354 2560 5408 45.
2604 5354 2650 5386 ⁸⁸
2671 5354 2859 5409 Matth.
2895 5371 2977 5420 ιιι,
3002 5355 3088 5411 12.
3152 5356 3197 5388 ⁸⁸
3217 5355 3375 5411 Deut.
3404 5371 3578 5422 xxxtt,
3609 5357 3699 5414 59.

505 5461 580 5539 (ι)
624 5467 890 5539 oratam.
924 5466 1065 5539 Lege
1089 5469 1138 5523 οί
1165 5470 1222 5524 δὲ
1246 5455 1428 5527 λίθοι.

506 5486 580 5532 μ)
624 5486 686 5518 Ut
712 5486 890 5523 .MUOt.
925 5486 1065 5539 Lege
1089 5486 1138 5523 οι
1165 5486 1222 5524 οε
1247 5486 1404 5527 Αιυοι.
2197 5507 2202 5542 1

506 5533 584 5606 (ξ)
631 5537 720 5606 Td.
763 5535 906 5606 Lege
936 5537 1033 5606 τῷ.
2120 5559 2201 5606 int

2197 5488 2276 5557 (4)
2324 5486 2661 5558 lmpossibile
2705 5499 2782 5543 est
2821 5489 2982 5553 enim,
3025 5499 3128 5544 etc.
3181 5490 3335 5544 Hanc
3382 5487 3698 5564 Hieronymi

2120 5558 2621 5606 internretalionem
2655 5559 2812 5606 cuius
2837 5574 2942 5606 non
2970 5568 3147 5606 exstat
3163 5559 3446 5606 vestigium
3469 5559 3520 5606 in
3551 5572 3692 5606 n-uu

2120 5558 2622 5631 interpretationem
2655 5559 2820 5631 cujus
2837 5574 2943 5614 non
2970 5568 3147 5631 exstat
3163 5559 3446 5631 vestigium
3469 5559 3520 5614 in
3551 5558 3695 5620 textu

505 5604 1144 5698 ςξὶώΑιζίξνξξιξζτίιιιξίιιριι
1190 5613 1471 5698 solidatur.
1521 5616 1661 5698 _Mss.
1719 5623 1869 5696 Regii
1921 5626 2011 5681 alii
2121 5604 2316 5698 ὃίῖτὲξὸ
2333 5604 2642 5698 Ἧὸζιῖέίοἶὸ,
2659 5604 3146 5698 ἲῑῖἷιὶζῖιὲέὲᾖζ
3169 5604 3452 5698 ﬁliifilii:
3471 5604 3696 5693 5.513;

437 5671 657 5774 halt-cpt,
687 5675 751 5729 ab
780 5671 980 5747 istoque
1006 5679 1303 5751 solidatur;
1332 5685 1443 5754 alii,
1478 5671 1670 5759 alii};
1711 5671 2013 5774 1}}."5’8'551'53
3001 5671 3692 5774 ειἐύξοῚίυξρῑιιιιψοιικῖῘίιίξῗ

434 5743 614 5797 datur.
896 5743 907 5747 ⁷
1282 5743 1295 5751 '
1429 5743 1443 5754 ν
1481 5743 1530 5748 νη
1572 5743 1666 5759 ww
1711 5743 1848 5774 ειν-ν..
1882 5743 1984 5754 η..
2124 5743 2130 5813 ἶ

2124 5743 2180 5820 iit
2210 5743 2910 5843 cam’ﬁetftiéqifaiﬁ'Bdéén
2951 5743 3218 5833 amittere.
3270 5771 3418 5828 llanc
3462 5743 3695 5831 elttcid;
