4296 6288
454 488 459 503 ,
560 414 673 476 279’

2002 406 2324 467 ORlGENIS

3714 402 3822 461 230

566 532 1008 606 multiplicaveris
1050 528 1143 585 tibi
1171 527 1384 583 herbam
1432 543 1589 598 paam
1634 526 1734 599 (ι),
1778 527 2048 584 maculata
2075 543 2130 582 es
2158 531 2207 589 Α
2233 543 2262 579 κ

2124 544 2130 577 ς
2158 531 2207 589 Α
2233 526 2326 580 καὶ
2351 508 2626 598 πληθύνῃς
2661 525 2861 595 σεαυτῇ
2903 520 3065 588 πόαν,
3092 518 3456 593 κεκηλίδωσαι
3481 518 3537 572 ἐν
3568 519 3688 581 ταῖς
3712 519 3820 573 ἁδιο

565 629 627 683 in
670 633 945 696 conspectu
998 638 1110 677 meo
1158 621 1213 676 in
1257 620 1627 690 iniquitatibus
1671 620 1811 688 tuis,
1852 620 1986 675 dicit
2028 619 2139 676 Do-

566 720 743 775 minus
766 718 833 772 ⁸⁸.
869 714 1081 786 Ergone
1121 713 1228 768 hoc
1263 711 1639 767 arbitrandum
1668 721 1772 778 est,
1799 712 1926 782 quia
1957 711 2141 768 anima

566 806 838 878 peccatrix
894 804 1042 859 nitro
1086 811 1282 857 conata
1313 800 1386 857 sit
1427 815 1661 872 purgare
1694 801 1940 857 maculas
1987 814 2140 865 suas,

562 906 617 952 et
645 908 932 952 assumens
959 906 1146 963 poam,
1177 907 1301 962 quae
1329 891 1505 946 oritur
1537 906 1605 947 ex
1634 899 1803 957 terra,
1839 890 2141 946 immundi-

564 990 694 1043 tiam
736 985 1062 1042 delictorum
1104 999 1135 1038 a
1169 997 1230 1038 se
1261 982 1530 1038 mundare
1560 983 1942 1039 contenderit?
1986 980 2143 1037 Unde

563 1091 711 1131 nunc
752 1075 820 1131 ad
871 1089 997 1131 eam
1045 1072 1288 1143 loquitur
1336 1087 1518 1127 sermo
1551 1073 1770 1128 divinus
1804 1089 1820 1126 :
1863 1070 1925 1126 Si
1956 1072 2143 1125 abluta

564 1167 731 1237 fueris
770 1168 935 1234 nitro,
970 1175 1019 1220 et
1056 1163 1496 1233 multiplicaveris
1535 1163 1630 1218 tibi
1661 1179 1836 1234 poam,
1870 1161 2143 1217 maculata

560 1273 615 1311 cs
656 1257 715 1311 in
754 1243 1033 1324 conspect'u
1090 1268 1238 1320 meo,
1293 1253 1352 1306 in
1400 1252 1771 1323 iniquitatibus
1822 1251 1966 1318 tuis,
2012 1251 2144 1304 dicit

565 1349 844 1404 Dominus.
883 1346 968 1400 An
1008 1346 1062 1400 id
1096 1345 1318 1418 quidem
1358 1344 1543 1399 verius
1585 1342 2009 1399 existimandum
2036 1346 2140 1406 est,

564 1439 693 1507 quia
718 1446 778 1493 ut
798 1451 956 1493 sacra
990 1434 1269 1491 volumina
1294 1432 1447 1490 omni
1474 1433 1676 1488 virtute
1700 1440 1830 1488 sunt
1856 1432 2036 1502 plena,
2067 1430 2144 1486 ita

562 1534 619 1584 et
664 1526 762 1583 Dei
812 1541 996 1583 sermo
1044 1525 1194 1580 omni
1234 1523 1435 1580 virtute
1478 1523 1549 1578 sit
1592 1526 1805 1593 plenus,
1849 1530 1904 1577 et
1948 1521 2148 1576 habeat

568 1617 879 1674 istiusmodi
926 1614 1330 1679 fortitudinem,
1362 1628 1491 1685 quae
1524 1613 1698 1684 possit
1722 1628 1955 1684 purgare
1989 1613 2141 1679 vitia,

565 1716 621 1762 et
647 1706 899 1762 sordibus
933 1704 1214 1762 defricatis
1258 1703 1327 1760 ad
1356 1704 1594 1760 colorem
1645 1704 1935 1775 pristinum
1987 1719 2146 1759 revo-

566 1799 735 1855 care?
783 1796 942 1853 Vivus
965 1807 1042 1853 est
1064 1798 1254 1867 quippe
1283 1812 1454 1850 sermo
1487 1795 1604 1863 Dei,
1630 1805 1680 1850 et
1703 1797 1907 1866 eﬂicax,
1932 1805 1982 1850 et
2015 1813 2144 1851 acu-

2241 615 2390 680 κίαις
2413 631 2506 668 σου
2545 614 2786 669 ἕναντίον
2808 612 2964 685 ἐμοῦ,
2994 613 3142 681 λέγει
3180 610 3404 683 Κύριος.
3449 629 3468 663 ι
3506 606 3652 680 ’Δρα
3687 609 3822 681 ᾤετό

2239 723 2323 771 τις
2360 707 2725 778 ἀμαρτήσασα
2751 704 2897 776 ψυχὴ
2916 704 3106 779 νίτρον
3144 701 3407 769 λαϐοῦσα,
3449 702 3545 756 καὶ
3580 700 3824 756 ἀποπλυ-

2241 797 2451 869 ναμένη
2497 796 2663 869 νίτρῳ
2696 795 2960 868 αἰσθητῷ,
3001 797 3084 850 ὅτι
3130 795 3404 849 πέπαυται
3448 794 3548 866 τῆς
3589 792 3823 864 κηλῖδος,

2242 891 2337 944 καὶ
2359 888 2592 944 παύεται
2621 888 2723 960 τῆς
2754 888 3053 961 ἁμαρτίας,
3086 886 3439 958 ὑπελάμϐανε
3477 885 3535 939 δέ
3556 903 3661 951 τις,
3690 884 3825 940 πόαν

2240 981 2445 1054 ταύτην
2482 980 2583 1052 τὴν
2614 980 3012 1036 ἀνατέλλουσαν
3041 979 3149 1034 ἀπὸ
3182 979 3287 1050 γῆς
3324 976 3526 1043 λαὸὼν,
3562 976 3657 1031 καὶ
3688 976 3823 1032 ἀπο-

2242 1074 2605 1146 πλυνάμενος,
2651 1073 2749 1128 καὶ
2798 1072 3278 1145 ἀποσμηξὰμενος,
3339 1068 3685 1147 καθαρθῆναι
3726 1069 3827 1141 τὴν

2241 1166 2457 1238 ψυχήνς
2490 1165 2612 1219 Ὀτι
2634 1164 2783 1235 λέγει
2820 1164 3054 1219 ἐνταῦθα
3080 1167 3107 1218 ὁ
3133 1163 3289 1233 λόγος
3314 1166 3381 1235 τῇ
3413 1162 3718 1235 στραφείσῃ
3745 1163 3827 1228 εἰς

2244 1258 2493 1330 πικρίαν,
2520 1257 2614 1311 καὶ
2637 1257 2910 1328 γενομένῃ
2934 1255 3193 1327 ἀλλοτρίᾳ
3215 1254 3462 1327 ἀμπέλῳ·
3495 1275 3515 1307 ί
3553 1253 3678 1311 Ἐὰν
3699 1256 3828 1309 ἀπο-

2244 1351 2420 1423 πλύνῃ
2452 1352 2511 1405 ὲν
2538 1350 2728 1423 νίτρῳ,
2765 1350 2859 1404 καὶ
2887 1348 3164 1419 πληθύνῃς
3188 1348 3391 1416 σεαυτῇ
3416 1345 3576 1408 πόαν,
3610 1343 3827 1416 κεκηλί-

2242 1443 2411 1496 δωσαι
2448 1444 2508 1496 ὲν
2533 1445 2653 1505 ταῖς
2678 1441 2914 1504 ἀδικίαις
2940 1456 3034 1493 σου
3064 1438 3305 1492 ἐναντίον
3337 1435 3496 1507 ἐμοῦ,
3537 1435 3687 1505 λέγει
3708 1434 3826 1489 Κύ-

2249 1549 2362 1603 ριος
2384 1571 2398 1586 .
2429 1551 2448 1584 ι
2495 1531 2655 1585 Ἀλλά
2682 1529 2788 1603 χρὴ
2815 1529 3037 1593 ειδέναι,
3063 1529 3139 1593 ὡς
3163 1530 3192 1583 6
3210 1527 3368 1597 λόγος
3396 1528 3575 1582 πᾶσαν
3598 1526 3829 1599 δύναμιν

2245 1622 2388 1692 ἔχει·
2417 1620 2588 1686 οὑτως
2620 1623 2650 1675 6
2682 1621 2839 1691 λόγος
2866 1619 2979 1691 ἔχει
3013 1619 3217 1684 παντὸς
3244 1618 3543 1691 φαρμάκου
3576 1617 3827 1690 δύναμιν,

2246 1712 2342 1766 καὶ
2368 1710 2570 1776 παντὸς
2596 1709 2689 1764 τοῦ
2720 1709 3109 1784 καθαρίζοντος
3140 1709 3369 1781 δύναμίς
3400 1712 3539 1777 ἐστι,
3570 1708 3664 1764 καὶ
3698 1726 3828 1784 σμη-

2249 1801 2605 1867 κτικώτατος·
2643 1800 2774 1856 Ζῶν
2803 1802 2914 1873 γὰρ
2939 1804 2972 1856 ό
2998 1802 3182 1872 λόγος
3208 1800 3316 1855 τοῦ
3347 1801 3518 1866 Θεοῦ,
3543 1799 3643 1854 καί
3669 1801 3830 1871 ἐνερ-

567 1900 652 1945 tus
683 1899 840 1960 super
867 1905 1071 1943 onmem
1097 1866 1341 1958 gladium
1364 1889 1612 1959 utrinque
1632 1897 1849 1943 acutunt
1871 1889 1940 1956 ⁸⁸,
1971 1898 2025 1946 et
2055 1904 2143 1945 rc-
2171 1866 2217 1929 Β
2245 1914 2263 1966 π

2132 1918 2143 1930 -
2171 1866 2217 1929 Β
2245 1892 2380 1966 τὴς,
2413 1893 2513 1947 καί
2537 1866 3044 1962 τομὼεροςνύπὲρ
3075 1866 3283 1947 πᾶσαν
3300 1889 3610 1962 μάχαιραν
3632 1866 3828 1945 δίστο-

565 1984 733 2053 liqua.
765 1980 843 2036 Ex
887 1981 1088 2050 quibus
1134 1979 1375 2036 diximus
1421 1994 1521 2050 pro
1557 1979 1904 2050 passionibus
1949 1980 2146 2036 animae

563 2073 803 2129 remedia
832 2070 1033 2126 habere
1062 2085 1395 2137 sermonem,
1421 2087 1545 2128 esse
1589 2073 1643 2126 iu
1673 2086 1740 2127 eo
1769 2071 1995 2139 nitrum,
2024 2086 2146 2128 esse

561 2179 744 2234 poam,
769 2162 971 2234 quibus
1014 2162 1204 2219 sordes
1232 2162 1547 2219 abluantur.
1601 2160 1790 2234 Neque
1822 2178 1953 2219 vero
1983 2178 2147 2219 omne

562 2260 844 2324 peccatum
881 2251 1028 2308 nitro
1078 2251 1347 2308 sermonis
1381 2259 1436 2306 et
1481 2266 1583 2322 poa
1626 2261 1804 2323 potest
1834 2252 2142 2319 emundari,

559 2344 656 2400 sed
695 2352 824 2400 sunt
866 2342 1049 2413 aliqua
1096 2341 1320 2408 delicta,
1349 2358 1472 2413 qua:
1518 2358 1629 2399 non
1676 2344 1957 2416 indigeant
1999 2343 2144 2400 facili

562 2432 879 2501 curatione,
922 2446 1023 2488 nec
1060 2432 1130 2488 ad
1159 2433 1366 2488 nitrum
1408 2442 1463 2489 et
1491 2449 1652 2503 poam
1697 2444 1909 2491 tantum
1960 2435 2144 2490 abluta

559 2524 867 2581 discedant.
941 2522 1034 2580 Sic
1071 2539 1219 2581 nunc
1247 2524 1450 2582 dicitur
1478 2545 1493 2581 :
1521 2525 1582 2582 Si
1622 2527 1854 2583 abluet-is
1899 2537 1948 2583 te
1981 2530 2143 2595 nitro,

556 2621 610 2669 et
635 2613 1066 2685 multiplicaveris
1108 2614 1204 2669 tibi
1241 2632 1422 2685 poam,
1461 2617 1734 2671 maculata
1759 2634 1812 2671 es
1848 2618 1903 2672 in
1929 2634 2145 2688 conspe-

558 2714 645 2760 ctu
669 2721 784 2761 meo
811 2706 866 2759 in
895 2706 1268 2775 iniquitatibus
1300 2708 1425 2772 tuis,
1453 2706 1582 2762 dicit
1607 2707 1888 2763 Dominus.
1915 2707 1983 2763 Et
2009 2724 2148 2779 quo-

562 2799 726 2853 modo
755 2806 884 2852 sunt
912 2796 1165 2867 quaedam
1202 2797 1429 2853 vulnera
1468 2814 1590 2869 quae
1617 2798 2061 2870 malagmatibus,
2089 2812 2147 2858 et

561 2889 705 2954 oleo,
733 2896 787 2943 et
817 2887 1125 2960 alligaturis
1151 2887 1454 2945 redduntur
1473 2889 1719 2960 pristinae
1752 2892 1971 2948 sanitati
1999 2911 2014 2961 ;
2039 2893 2144 2949 alia
2168 2914 2175 2919 ·

562 2995 694 3036 vero
737 2989 868 3037 sunt
914 2981 1250 3047 istiusmodi,
1281 2982 1347 3037 de
1377 2983 1579 3054 quibus
1623 2984 1875 3042 dicatur:
1905 2984 2028 3041 Non
2067 2994 2147 3041 est

562 3071 834 3143 malagma
871 3072 1159 3144 imponere,
1190 3090 1374 3146 neque
1411 3073 1616 3144 oleum,
1664 3093 1756 3132 nec
1802 3078 2143 3151 alligaturas,

2240 2003 2378 2057 μον·
2422 1984 2518 2040 καὶ
2544 1984 2573 2038 ὃ
2602 1984 2698 2039 ὲάν
2727 1984 2907 2058 εἴπῃς,
2938 1977 2999 2038 οὗ
3033 1985 3151 2037 ἐστι
3191 1982 3371 2055 χρεία,
3404 1980 3563 2035 τοῦτό
3591 1983 3741 2037 ἐστιν
3773 1983 3831 2035 ὲν

2245 2081 2312 2151 τῇ
2344 2077 2573 2149 δυνάμει
2604 2076 2699 2130 τοῦ
2731 2076 2924 2146 λόγου·
2969 2074 3115 2128 ἔστιν
3160 2070 3253 2128 οὑν
3299 2091 3382 2138 τις
3421 2073 3579 2142 λόγος
3629 2073 3829 2145 νίτρον,

2245 2170 2338 2224 καὶ
2364 2168 2479 2223 ἔστι
2509 2186 2595 2233 τις
2625 2167 2782 2237 λόγος
2816 2167 2943 2233 πόα,
2976 2167 3124 2231 ὅστις
3160 2166 3290 2229 τοὺς
3321 2164 3597 2229 τοιούτους
3627 2163 3831 2236 ῥύπους

2245 2262 2497 2335 καθαίρει
2522 2260 2796 2331 λαληθείς.
2839 2259 3058 2331 Ἐπειδὴ
3089 2259 3197 2314 ἀπὸ
3239 2257 3332 2312 τοῦ
3365 2256 3607 2311 τοιούτου
3648 2257 3830 2328 λόγου,

2244 2357 2392 2420 ὅστις
2421 2355 2539 2408 ἐστὶ
2570 2353 2771 2426 νίτρον,
2803 2353 2899 2408 καὶ
2932 2352 3040 2406 ἀπὸ
3081 2351 3177 2405 τοῦ
3207 2349 3448 2404 τοιούτου
3492 2349 3548 2403 δὲ
3581 2349 3764 2418 λόγου,
3801 2349 3832 2403 ὃ

2246 2448 2363 2501 ἐστι
2391 2446 2513 2508 πόα,
2546 2445 2611 2499 οὑ
2659 2446 2813 2498 πᾶσα
2831 2444 3076 2517 ἁμαρτία
3108 2442 3498 2515 θεραπεύεται’
3535 2442 3651 2496 ἀλλ’
3682 2441 3829 2494 ἐστιν

2245 2538 2623 2612 ἁμαρτήματα
2650 2537 2710 2591 οὑ
2745 2537 2974 2607 δεόμενα
3008 2536 3214 2608 νίτρου,
3247 2535 3369 2589 οὑδὲ
3410 2535 3567 2600 πόας.
3597 2535 3830 2603 Λέγεται

2247 2628 2384 2699 πρὸς
2409 2627 2507 2699 τὴν
2541 2626 2795 2697 οἰομένην
2826 2626 3204 2698 ἁμαρτήματα
3247 2626 3411 2698 ἔχειν,
3441 2626 3517 2691 ὡς
3561 2626 3832 2698 δυνάμενα

2236 2713 2711 2789 ἀποπλυνθῆναιὲν
2725 2719 2892 2790 νίτρῳ
2920 2719 3016 2772 καὶ
3037 2719 3163 2789 πόᾳ,
3193 2719 3284 2772 τό·
3324 2737 3343 2772 ι
3379 2718 3507 2773 Ἐὰν
3543 2716 3830 2789 ἀποπλύνῃ

2247 2809 2306 2861 ὲν
2332 2806 2519 2879 νίτρῳ,
2564 2807 2660 2862 καὶ
2702 2807 2980 2882 πληθύνῃς
3010 2812 3211 2882 σεαυτῇ
3259 2810 3418 2877 πόαν,
3469 2811 3833 2883 κεκηλίδωσαι

2246 2902 2487 2958 ἐναντίον
2515 2903 2649 2975 ἐμοῦ
2688 2905 2747 2958 ὲν
2776 2906 2899 2968 ταῖς
2931 2904 3170 2968 ἀδικίαις
3205 2922 3322 2971 σου,
3353 2904 3502 2975 λέγει
3542 2903 3766 2976 Κύριος.
3806 2921 3826 2956 ι

2245 2994 2357 3050 Καὶ
2386 2993 2577 3068 ὥσπερ
2601 2994 2711 3049 τῶν
2736 2996 3069 3068 τραυμάτων
3093 2996 3218 3049 τινά
3238 2997 3408 3061 ἐστιν,
3438 2995 3474 3050 ἀ
3510 2995 3831 3066 μαλάγματι

2247 3086 2631 3157 θεραπεύεται,
2667 3086 2759 3141 καί
2789 3087 2923 3142 ἄλλα
2956 3088 3122 3160 ἐλαίῳ
3161 3086 3542 3159 θεραπεύεται,
3573 3087 3670 3141 καὶ
3697 3087 3832 3142 ἄλλα

563 3165 654 3218 sed
697 3173 841 3219 terra
888 3174 1060 3220 vestra
1099 3164 1339 3231 deserta,
1384 3167 1623 3222 civitates
1673 3179 1860 3226 vestra:
1899 3171 2017 3243 igne
2054 3187 2145 3227 εξε-
2170 3200 2214 3261 c
2245 3181 2259 3235 ε

2136 3202 2145 3213 ν
2170 3200 2214 3261 α
2245 3181 2415 3236 δεῖται
2438 3179 2801 3252 καταδέσμου,
2825 3180 2920 3234 καὶ
2937 3180 3111 3245 οὑτως
3136 3180 3419 3249 ὑγιάζεται
3437 3197 3451 3211 ο
3483 3178 3617 3235 ἄλλα
3637 3179 3694 3234 δέ
3716 3181 3832 3233 ἐστι

564 3265 700 3311 usue
722 3257 805 3324 '7;
857 3258 938 3313 sic
986 3266 1115 3314 sunt
1157 3259 1407 3329 quaedam
1456 3270 1679 3332 pcceata
1731 3278 1855 3333 qua:
1901 3265 2143 3320 animam
2183 3257 2260 3325 νη

2136 3284 2143 3320 l
2183 3257 2213 3261 ’ί
2246 3272 2556 3346 τραύματα,
2589 3274 2672 3342 ἐφ’
2699 3266 2780 3335 οἷς
2805 3270 3045 3340 λέγεται’
3084 3290 3100 3324 ι
3132 3273 3247 3326 Οὐκ
3276 3271 3390 3324 ἐστι
3423 3270 3687 3342 μάλαγμα
3713 3271 3832 3326 ὲπι-

565 3347 871 3414 sordidant,
923 3359 977 3405 et
1027 3351 1273 3422 indigent
1320 3354 1542 3411 homine
1591 3356 1684 3426 qui
1720 3357 1919 3414 habeat
1958 3374 2145 3429 poam,

568 3441 809 3511 uitrique
853 3456 1200 3511 sermonem;
1254 3444 1361 3500 alia
1409 3461 1540 3502 vero
1588 3449 1716 3504 talia
1754 3457 1903 3517 sunt,
1936 3460 1994 3507 ut
2036 3467 2146 3508 non

564 3534 779 3605 possint
830 3536 1125 3606 supradicti
1174 3538 1452 3595 sermonis
1492 3539 1694 3597 virtute
1728 3542 1933 3609 curari,
1970 3560 2148 3616 neque

564 3629 710 3683 cnim
728 3628 981 3685 sordlbus
996 3638 1401 3698 comparantur.
1421 3628 1792 3704 ldcirco139
1805 3636 1984 3692 sciens
1996 3636 2145 3692 diil‘e-

564 3721 775 3777 rentias
826 3729 1176 3791 peccatorum
1204 3762 1224 3789 ,
1267 3737 1365 3791 per
1419 3718 1615 3778 Isaiam
1663 3723 1929 3783 Dominus
1981 3727 2144 3783 dicit:

566 3811 791 3867 Lavabit
817 3811 1074 3867 Dominus
1101 3812 1282 3867 sordes
1304 3812 1541 3883 ﬁliorum
1567 3814 1697 3872 Sion
1731 3816 1806 3888 (in
1844 3820 2147 3890 sanguine).

572 3904 894 3959 iimundabit
919 3905 983 3960 de
1006 3905 1177 3960 medio
1206 3921 1387 3959 eorum
1411 3907 1605 3977 spiritu
1624 3907 1844 3978 judicii,
1874 3921 1923 3964 et
1955 3912 2150 3980 spiritu

567 3999 943 4055 combustionis
966 4000 1145 4067 sordes
1175 4008 1227 4054 et
1258 4000 1569 4071 sanguinem
1597 3999 1662 4053 ⁵⁸.
1696 3997 1924 4068 (Sordes
1954 4002 2150 4072 spiritu

564 4092 778 4165 iudicii,
808 4090 1133 4164 sanguinem
1161 4092 1354 4162 spiritu
1387 4091 1835 4164 combustionis.)
1867 4090 1925 4146 Si
1957 4108 2152 4163 pecca-

567 4186 638 4242 sti
672 4193 727 4241 et
748 4193 1093 4256 peccatorum
1141 4184 1302 4240 sorde
1347 4185 1586 4255 pollutus
1614 4200 1697 4250 es,
1732 4184 1939 4241 lavabit
1969 4184 2152 4241 Dnmi-

2249 3367 2442 3433 θεῖναι,
2489 3366 2612 3421 οὔτε
2654 3363 2852 3428 ἔλαιον,
2884 3360 3009 3416 οὔτε
3054 3361 3448 3432 καταδέσμους’
3497 3358 3636 3414 ἀλλά
3685 3360 3719 3431 ἡ
3757 3359 3833 3430 γῆ

2249 3458 2402 3532 ὑμῶν
2434 3457 2661 3531 ἕρημος,
2697 3459 2750 3510 αί
2782 3455 2965 3519 πόλεις
2993 3453 3144 3525 ὑμῶν
3175 3453 3569 3525 πυρίκαυστοι·
3610 3471 3628 3504 ι
3657 3451 3833 3515 οὕτως

2248 3548 2364 3603 ἔστι
2400 3549 2520 3603 τινὰ
2552 3547 2945 3620 ἁμαρτήματα,
2985 3544 3020 3598 ἃ
3060 3547 3223 3617 ῥυποῖ
3243 3545 3341 3616 τὴν
3365 3543 3563 3619 ψυχὴν,
3604 3544 3698 3598 καὶ
3722 3542 3831 3597 δεῖ-

2247 3658 2338 3696 ται
2365 3643 2393 3695 ὁ
2436 3639 2720 3712 ἄνθρωπος
2749 3638 2842 3692 ἐπὶ
2876 3637 3087 3700 τούτοις
3125 3638 3237 3699 τοῖς
3271 3637 3632 3707 ἁμαρτήμασι
3669 3635 3829 3705 λόγου

2249 3734 2456 3806 νίτρου,
2507 3732 2669 3800 λόγου
2718 3730 2885 3792 πόας·
2929 3727 3043 3781 ἔστι
3085 3726 3143 3779 δέ
3187 3743 3309 3780 τινα
3357 3727 3749 3798 ἁμαρτήματα,
3795 3722 3833 3778 ἃ

2250 3826 2350 3897 οὑχ
2393 3824 2536 3879 οὑτω
2584 3823 2963 3896 θεραπεύεται·
3011 3819 3131 3873 οὐδὲ
3161 3818 3269 3891 γὰρ
3299 3817 3456 3890 ῥύπῳ
3488 3815 3831 3889 παραϐάλλε-

2248 3931 2361 3970 ται.
2393 3912 2494 3968 Διὰ
2516 3912 2676 3967 τοῦτο
2707 3911 2806 3974 τὰς
2832 3910 3097 3983 διαφορὰς
3122 3908 3233 3963 τῶν
3264 3906 3679 3980 ἁμαρτημάτων
3706 3907 3831 3961 ὲπι-

2253 4006 2520 4077 στάμενος
2547 4006 2575 4059 6
2608 4006 2665 4059 ὲν
2697 4002 2778 4075 τῷ
2822 4000 3021 4075 Ἡσαΐᾳ
3051 4000 3394 4072 Κύρ“ιος,ὅρά
3423 3999 3540 4063 πῶς
3569 3997 3717 4066 λέγει
3748 3998 3834 4068 τὸ,

2258 4118 2278 4152 ι
2321 4098 2610 4154 Ἐκπλυνεϊ
2635 4096 2841 4168 Κύριος
2870 4095 2960 4149 τὸν
2994 4094 3165 4166 ῥύπον
3189 4091 3299 4146 τῶν
3320 4089 3452 4144 υἱῶν
3480 4089 3576 4144 καὶ
3600 4088 3708 4142 τῶν
3740 4085 3833 4142 θυ-

2252 4193 2501 4265 γατέρων
2537 4188 2674 4244 Σιών
2701 4206 2714 4220 ·
2755 4188 2849 4242 καὶ
2892 4186 2953 4239 τὸ
3000 4181 3140 4256 αἷμα
3183 4182 3505 4253 ὲκκαθαριεῖ
3554 4181 3621 4235 ὲκ
3666 4179 3831 4251 μέσου

570 4294 675 4335 nus
703 4277 893 4334 sordes
922 4278 1156 4333 ﬁliorum
1188 4285 1244 4333 et
1280 4277 1516 4333 ﬁliarum
1544 4277 1791 4345 Sion,.et
1829 4278 2148 4350 sanguinem
2253 4303 2266 4338 ι

2130 4296 2148 4334 ι
2253 4285 2432 4339 αὑτῶν
2469 4282 2741 4353 πνεύματι
2780 4279 3035 4350 κρίσεως,
3065 4275 3159 4329 καὶ
3189 4273 3462 4345 πνεύματι
3498 4271 3766 4334 καύσεως.
3806 4286 3826 4322 ι

569 4369 889 4426 emundabit
949 4369 1017 4423 de
1071 4368 1255 4423 medio
1311 4382 1525 4423 eorum.
1589 4366 1646 4422 Si
1694 4379 1875 4425 autem
1921 4372 2153 4427 mortale
2254 4378 2265 4431 l

2134 4387 2153 4427 ι
2254 4378 2319 4431 Et
2353 4377 2488 4449 πρὸς
2531 4374 2760 4429 θάνατον
2796 4372 3067 4441 ἥμαρτες,
3104 4367 3243 4440 πλὴν
3282 4368 3531 4439 ἥμαρτες
3564 4368 3621 4419 ὲν
3653 4365 3830 4437 ῥύπῳ,

571 4470 855 4532 peccatum
901 4468 1005 4525 est,
1052 4472 1162 4514 non
1208 4472 1507 4527 possumus
1554 4459 1698 4514 nitro
1738 4474 1951 4531 poaque
1993 4477 2153 4517 mun-
2258 4471 2267 4522 ί

2138 4493 2153 4503 -
2258 4468 2515 4522 ὲκπλυνεϊ
2540 4462 2633 4519 οὖν
2667 4466 2696 4518 6
2726 4462 2930 4534 Κύριος
2970 4461 3062 4515 τὸν
3092 4460 3264 4532 ῥύπον
3294 4458 3403 4513 τῶν
3447 4459 3577 4513 υἱῶν
3609 4460 3706 4512 καὶ
3726 4457 3834 4511 τῶν

571 4554 727 4620 dari,
776 4550 869 4609 sed
902 4549 1096 4622 spiritu
1143 4547 1376 4630 iudicii,
1426 4549 1619 4619 Spiritu
1655 4549 2052 4609 combustionis
2100 4561 2155 4609 et
2183 4536 2267 4602 υ(

2137 4561 2155 4608 ι
2183 4536 2230 4594 D
2261 4555 2575 4626 θυγατέρων
2620 4551 2778 4617 Σιὼν,
2818 4550 2914 4605 καὶ
2939 4550 3000 4604 τὸ
3028 4544 3170 4623 αἷμα
3212 4549 3538 4622 ὲκκαθαριεῖ
3575 4551 3640 4602 ἐκ
3671 4548 3833 4619 μέσου

572 4664 767 4720 pusum.
2261 4645 2463 4702 αὑτῶν.
2497 4639 2634 4698 Εἶτα
2667 4641 3022 4706 ἀνταπόδοσις
3056 4641 3194 4713 πρὸς
3227 4641 3324 4710 μὲν
3350 4641 3443 4695 τὸν
3474 4640 3644 4711 ῥύπον
3673 4638 3837 4693 πνεύ-

576 4760 706 4801 ματι
736 4743 999 4812 κρίσεως⁶
1037 4741 1129 4795 καὶ
1157 4739 1387 4812 δεόμεθα
1419 4739 1469 4793 οἱ
1514 4736 1720 4804 πολλοὶ,
1750 4737 1880 4794 ὅταν
1929 4738 2150 4814 χείρονα
2202 4738 2575 4813 ἀμάρτωμεν,
2625 4735 2687 4788 οὑ
2734 4734 2917 4805 νίτρου
2945 4774 2959 4801 ,
2997 4734 3120 4789 οὑδὲ
3165 4734 3259 4788 τοῦ
3302 4733 3603 4806 πλυνθῆναι
3655 4731 3794 4787 πόαν
3817 4769 3834 4798 ,

571 4833 711 4891 ἁλλά
739 4831 833 4886 τοῦ
858 4830 1164 4903 πνεύματος
1188 4832 1289 4902 τῆς
1318 4830 1589 4894 καύσεως.

642 4931 698 4986 3.
747 4927 998 4984 Forsitan
1040 4934 1097 4982 et
1138 4925 1298 4982 Iesus
1338 4926 1579 4996 baptizat
1628 4924 1838 4997 Spiritu
1878 4938 2068 4985 sancto
2099 4936 2154 4989 et
2321 4932 2338 4980 Δ

2138 4936 2154 4989 ι
2321 4928 2421 4980 Διά
2447 4923 2604 4978 τοῦτο
2623 4918 2876 4993 όἸησοῦς
2911 4918 3182 4991 βαπτίζει,
3200 4916 3343 4991 τάχα
3365 4916 3459 4973 νῦν
3481 4916 3720 4990 εὑρίσκω
3744 4915 3834 4970 τὸν

572 5023 747 5094 igne:
785 5034 894 5074 non
929 5018 1057 5088 quia
1085 5014 1336 5071 eumdem
1382 5015 1435 5070 in
1489 5015 1692 5086 Spiritu
1749 5026 1942 5073 sancto
1989 5028 2154 5089 atque
2251 5020 2268 5072 3

2142 5034 2154 5074 ι
2251 5018 2429 5089 λόγον,
2466 5016 2525 5071 ὲν
2562 5013 2843 5085 Πνεύματι
2885 5011 3026 5085 ἁγίῳ
3059 5013 3154 5067 καὶ
3180 5012 3345 5084 πυρί·
3377 5010 3475 5082 οὑχ
3508 5012 3590 5065 ὅτι
3621 5009 3714 5062 τὸν
3743 5008 3838 5064 αὑο

570 5116 697 5187 igne
720 5111 957 5183 baptizet
985 5110 1068 5177 ";
1095 5109 1189 5166 sed
1217 5125 1326 5181 quo
1356 5117 1580 5166 sanctus
1606 5107 1912 5178 baptizetur
1941 5107 2145 5181 Spiritu
2248 5125 2266 5161 σι

2142 5128 2145 5164 l
2248 5107 2339 5161 τὸν
2357 5106 2431 5178 (2)
2451 5107 2510 5160 ἐν
2527 5102 2805 5175 Πνεύματι
2832 5101 2972 5174 ἁγίῳ
2993 5101 3089 5156 καὶ
3111 5102 3263 5175 πυρὶ,
3287 5100 3423 5157 ἀλλά
3443 5100 3534 5155 τὸν
3561 5100 3659 5173 μὲν
3683 5100 3838 5169 ἅγιον

640 5252 907 5309 “Jcrem.
934 5265 998 5319 ιι,
1028 5250 1119 5305 22.
1197 5249 1244 5282 "
1266 5247 1430 5304 Hebr.
1466 5249 1643 5314 ΝΛΞ.
1721 5248 1765 5282 ⁸⁷
1786 5248 1892 5303 Isa.
1922 5266 1958 5314 ι,
1987 5248 2040 5316 6,
2072 5248 2125 5303 7.
2202 5247 2336 5303 "is:

1372 5266 1430 5304 il‘.
1466 5249 1643 5314 ΝΛΞ.
1721 5248 1765 5282 ⁸⁷
1786 5248 1892 5303 Isa.
1922 5266 1958 5314 ι,
1987 5248 2040 5316 6,
2072 5248 2125 5303 7.
2202 5247 2375 5303 l"lsa.
2403 5262 2477 5315 Iv,
2504 5247 2559 5302 4.
2634 5246 2682 5281 ⁸³
2704 5243 2835 5300 Luc.
2872 5260 2955 5308 ιιι,
2984 5244 3068 5299 i6.

2333 5368 2410 5451 (2)
2454 5369 2579 5451 οὐχ
2620 5366 2716 5451 δῖε
2743 5366 2851 5451 τρι
2875 5359 3624 5451 90:4r13‘°-__9°3‘:%Ei919
3644 5358 3841 5451 ,ξῖίὶςῖι

2261 5427 2524 5511 Origenes
2540 5427 2842 5511 'bo_mil._2i
2874 5435 2928 5489 in
2949 5433 3185 5511 bucam,
3212 5430 3612 5511 _eos_nimirum_
3641 5427 3834 5510 gluma:

2261 5498 2557 5578 xatvigneo
2604 5506 2829 5578 ﬂumine
2874 5501 3544 5578 a_Chr_isto_baptizatum
3598 5498 3833 5578 iri,.qui

2260 5569 2507 5649 aqua"et
2553 5578 2746 5646 spiritu
2804 5572 3021 5653 fuerint.
3055 5570 3353 5653 baptizati,
3411 5578 3468 5623 et
3511 5569 3835 5651 purgatione

2260 5649 2505 5687 οσιηηιῐηι
2593 5646 2654 5687 Ai
2718 5645 2908 5687 lmmil-
2939 5642 2972 5687 6
3008 5658 3061 5687 ιιι
3100 5640 3292 5687 ΙηιιοίΙ..
3339 5646 3394 5687 et
3435 5639 3629 5687 homll-
3655 5639 3723 5687 9.5
3772 5635 3827 5687 in

2259 5639 2527 5717 eguerint.
2582 5639 2656 5700 'At
2718 5645 2909 5699 homil.
2939 5642 2972 5694 6
3008 5641 3061 5695 in
3098 5639 3292 5703 Exod.,
3339 5646 3394 5695 et
3435 5639 3629 5695 bomil.
3655 5639 3725 5692 25'
3772 5639 3827 5687 in

2259 5717 2448 5789 Νυιιι..
2481 5725 2536 5772 et
2557 5713 2845 5789 humilia?)
2872 5714 2925 5766 in
2947 5711 3224 5789 Psalmum
3248 5724 3443 5789 κτενί,
3476 5720 3837 5789 utrumquein.

2260 5777 2899 5916 ﬁuelig'nf'bpurgandum
2940 5779 3280 5854 pronuntiat.
3326 5778 3459 5836 Vide
3509 5777 3829 5867 Origeniana

2311 5874 2376 5916 uc
2405 5873 2462 5916 ιι,
2515 5873 2529 5911 ι
2576 5892 2590 5908 .
2625 5870 2687 5910 ιι.

2311 5857 2462 5925 uctii,
2495 5857 2590 5911 lib.
2625 5870 2687 5910 ιι.
3592 5862 3595 5867 ‘

645 5376 722 5430 (ll
761 5373 994 5429 Herbam
1028 5369 1440 5442 poam.__llerba
1479 5371 1661 5426 borith
1694 5385 1864 5442 quam
1911 5370 2000 5442 hic
2029 5386 2153 5442 cum

570 5444 717 5498 LXX
777 5438 1165 5513 interpretibus
1194 5438 1567 5515 Hieronymus
1606 5438 1771 5499 vertit
1799 5440 1956 5505 πόαν,
1988 5440 2156 5495 herba

570 5532 634 5569 ea
667 5523 899 5584 cstqua:
926 5512 1245 5584 lsapouaria
1301 5512 1627 5584 appellatur,
1682 5525 2156 5584 quaqueAexpun-

608 5585 764 5654 endis
797 5579 870 5639 'et
920 5579 1536 5654 detergendisup'annis
1602 5579 1830 5654 utuntur
1895 5579 2151 5654 iuuenes.

608 5602 764 5640 cunis
816 5602 870 5639 et
920 5602 1264 5654 uetergemus
1337 5602 1536 5653 pannis
1602 5602 1830 5637 ιιιιιιιιιιι·
1895 5602 2149 5635 Iunones.

523 5683 528 5687 -
571 5602 751 5724 flerba
784 5662 869 5724 est
899 5670 1040 5722 quae,
1060 5653 1238 5722 inquit
1263 5650 1626 5724 Hieronymus
1651 5653 1704 5724 in
1732 5650 1932 5724 Jercm.
1962 5666 2028 5724 ιι,
2058 5649 2149 5714 22,

566 5722 733 5794 juxta
780 5721 945 5794 ritum
990 5721 1275 5794 provincia:
1324 5721 1633 5794 Palaestina:
1681 5722 1738 5794 in
1786 5721 2071 5794 virentibus
2101 5728 2153 5774 et

574 5791 830 5846 Inuncctis
874 5792 1116 5844 nascitur
1147 5793 1298 5856 locis,
1326 5801 1376 5844 et
1411 5792 1479 5845 ad
1506 5791 1762 5848 levandas
1798 5792 1981 5847 sordes
2001 5805 2152 5854 cam-

576 5865 694 5919 dent
718 5861 820 5918 vim
849 5859 1000 5915 habet
1024 5877 1179 5932 quam
1206 5871 1253 5915 ct
1278 5861 1499 5916 nitrum.
