4296 6288
443 330 548 387 281

1619 328 1688 384 IN
1723 327 2069 385 JEREMIAM‘
2107 326 2393 384 HOMILIA
2432 324 2524 384 lll.

3589 328 3695 385 28?.

449 445 511 497 ἑν
554 441 635 513 τῷ
680 439 953 511 Πνεύματι
992 438 1135 512 ἁγίῳ
1157 456 1172 473 ο
1217 441 1312 495 τὸν
1351 442 1410 497 δὲ
1455 443 1591 515 μετά
1618 443 1681 498 τὸ
1714 443 2017 508 πιστεῦσαι,

2077 449 2100 504 ι
2130 451 2322 499 sancto
2346 483 2362 508 ,
2396 451 2451 499 et
2476 443 2524 499 is
2552 441 2645 514 qui
2671 451 2797 514 post
2822 442 2979 498 ﬁdem
3002 449 3055 499 et
3083 442 3451 513 magisterium
3481 442 3573 498 Dei
3615 442 3693 515 (5)

459 533 597 604 μετὰ
622 532 679 585 τὺ
706 530 999 602 ἀξιωθῆναι
1029 518 1187 600 ἁγίοῦ
1210 532 1543 604 Πνεύματος,
1581 534 1740 588 πάλιν
1767 536 2021 605 ἡμαρτη-

459 624 608 687 κότα,
635 622 780 677 λούει
824 625 883 676 ὲν
909 624 1065 696 πυρί’
1100 624 1177 687 ὡς
1203 624 1276 696 μὴ
1300 626 1392 679 τὸν
1413 627 1578 680 αὐτὸν
1603 622 1743 681 εἶναι
1764 626 2020 696 βαπτιζό-

461 732 611 785 μενον
642 713 752 768 ὖπὸ
790 714 966 786 ’ῐησοῦ
1000 716 1059 769 ὲν
1089 717 1365 789 Πνεῦματι
1403 719 1543 787 ἁγίῳ
1584 718 1678 772 καὶ
1712 718 1867 789 πυρί.
1899 720 2023 772 Μα-

457 808 634 878 κάριος
676 801 773 863 οὖν
817 811 847 861 6
892 807 1282 880 βαπτιζόμενος
1327 813 1384 864 ὲν
1420 811 1559 882 ἁγίῳ
1590 811 1892 881 Πνεῦματι,
1924 812 2019 864 καὶ

452 897 522 968 μὴ
546 896 805 969 δεόμενος
829 897 1199 970 βαπτίσματος
1218 899 1311 953 τοῦ
1334 901 1441 954 ἀπὸ
1470 901 1661 973 πυρός.
1696 900 2020 972 Τρισάθλιος

444 986 498 1040 δὲ
529 986 740 1050 ἐκεῖνος
775 987 922 1059 ὅστις
960 988 1148 1059 χρείαν
1178 989 1290 1060 ἔχει
1338 989 1701 1058 βαπτίσασθαι
1744 990 1823 1062 τῷ
1865 992 2015 1062 πυρί.

443 1075 591 1149 Πλὴν
624 1076 913 1149 ἀμφότερα
942 1078 1056 1148 ἔχει
1101 1081 1129 1132 6
1172 1080 1409 1151 Ἰησοῦς
1455 1081 1871 1144 Ἐξελεύσεται
1910 1081 2019 1152 γὰρ

435 1169 658 1238 ῥάϐδος
697 1173 766 1225 ἐκ
802 1171 913 1239 τῆς
936 1170 1104 1241 ρίζὴς
1154 1172 1398 1233 Ἰεσσαὶ,
1440 1174 1536 1225 καί
1566 1172 1751 1239 ἄνθος
1795 1173 1864 1226 ὲκ
1912 1172 2020 1241 τῆς

434 1258 608 1329 ,ίίζης
643 1261 1032 1329 ἀναϐήσεται·
1067 1262 1258 1333 ῥάϐδος
1299 1263 1391 1315 ἐπὶ
1433 1263 1558 1325 τοὺς
1599 1262 2013 1333 κολαζομένους.

404 1394 420 1424 ,
442 1350 632 1415 Οῦτως
678 1353 706 1405 6
748 1352 882 1415 Θεὸς
926 1351 1038 1422 πῦρ
1077 1351 1470 1406 καταναλίσκον
1507 1353 1642 1417 ἐστὶ,
1688 1353 1782 1405 καὶ
1822 1354 1850 1405 6
1886 1353 2017 1417 Θεὸς

443 1447 561 1515 φῶς
602 1448 737 1513 ἐστι,
784 1448 893 1519 ταῦρ
925 1447 1317 1502 καταναλίσκον
1349 1450 1460 1511 τοῖς
1499 1447 1856 1519 ἁμαρτωλοῖς,
1900 1446 2017 1517 φῶς

439 1540 553 1601 τοῖς
578 1538 807 1603 δικαίοις
834 1540 925 1593 καὶ
955 1538 1132 1608 ἁγίοις
1150 1556 1165 1571 σ
1195 1537 1623 1608 καὶ,Μακάριος
1659 1542 1692 1593 ὀ
1733 1540 1890 1609 ἔχων
1906 1538 2014 1608 μέ-

432 1645 543 1696 ρος
587 1630 657 1683 ἐν
701 1630 777 1699 τῇ
817 1632 1147 1686 ἀναστάσει
1199 1630 1276 1700 τῇ
1322 1632 1519 1701 πρώτῃ
1540 1650 1554 1663 ·
1596 1635 1624 1686 6
1667 1650 1733 1705 τη
1744 1634 1911 1704 ρήσας
1953 1632 2015 1685 τὸ

2123 548 2343 587 rursum
2390 532 2456 587 ad
2494 533 2694 588 scelera
2737 548 3033 587 conversus
3068 541 3179 596 est,
3225 534 3464 589 cruciatu
3497 548 3693 604 purge-

2124 631 2213 677 tur
2244 623 2499 677 incendii.
2538 623 2737 678 Beatus
2764 624 2857 692 qui
2893 623 3168 677 lavacrum
3210 624 3416 692 accepit
3457 622 3695 693 Spiritus

2121 714 2318 780 sancti,
2349 722 2404 769 et
2432 714 2572 784 ignis
2608 714 2826 768 lavacro
2854 729 2963 767 non
2992 713 3213 784 indiget.
3251 714 3573 773 Miserabilis
3593 733 3691 772 au-

2122 813 2227 859 tem
2254 814 2310 859 et
2332 806 2479 859 omni
2507 805 2632 858 ﬂetu
2667 805 2865 875 dignus
2885 844 2900 869 ,
2935 807 3027 872 qui
3056 805 3196 873 (post
3215 805 3490 860 lavacrum
3522 807 3690 877 Spiri-

2120 895 2233 967 tus)
2262 894 2624 964 baptizandus
2649 903 2735 951 est
2763 895 2893 966 igni.
2913 893 3217 965 Utrumque
3241 896 3509 965 siquidem
3529 896 3689 952 habet

2120 986 2391 1055 baptisma
2443 985 2602 1042 Jcsus
2649 1005 2662 1041 :
2716 986 2864 1041 Exiit
2929 1002 3155 1056 namque
3203 987 3348 1057 virga
3399 986 3462 1040 de
3513 988 3687 1041 radice

2119 1076 2289 1143 Iesse,
2313 1086 2363 1132 et
2387 1078 2486 1147 ﬂos
2511 1078 2576 1131 de
2602 1079 2780 1132 radice
2808 1095 2921 1146 ejus
2945 1079 3180 1133 ascendit
3208 1080 3287 1145 '°;
3319 1078 3467 1149 virga
3493 1094 3688 1147 pecca-

2120 1169 2354 1236 toribus,
2383 1170 2482 1226 llos
2511 1170 2698 1239 justis.
2729 1170 2819 1226 Sic
2846 1171 2989 1226 Deus
3011 1180 3064 1226 et
3090 1171 3230 1242 ignis
3260 1185 3588 1226 consumens
3621 1171 3686 1236 “,

2118 1271 2173 1318 et
2206 1262 2399 1329 lumen
2427 1262 2481 1315 in
2521 1262 2817 1330 Scripturis
2844 1262 3081 1329 dicitur,
3122 1263 3263 1332 ignis
3290 1262 3685 1332 peccatoribus,

2117 1356 2299 1410 lumen
2326 1355 2556 1420 sanctis,
2592 1366 2646 1410 et
2670 1374 2683 1409 :
2712 1355 2908 1410 Beatus
2931 1356 3021 1425 qui
3039 1354 3188 1408 liabet
3208 1366 3412 1425 partem
3436 1356 3490 1409 in
3511 1372 3689 1409 resur-

2115 1445 2342 1499 rectione
2382 1446 2558 1515 prima
2584 1445 2649 1497 θ’.
2686 1442 2743 1498 Si
2770 1444 2893 1513 quis
2914 1445 3210 1499 servaverit
3244 1445 3521 1500 lavacrum
3558 1443 3684 1514 Spi-

2115 1537 2253 1592 ritus
2301 1537 2498 1602 sancti,
2547 1536 2649 1591 iste
2708 1536 2761 1590 in
2816 1536 3230 1591 resurrectionis
3292 1537 3481 1606 primae
3532 1546 3685 1604 parte

2113 1629 2501 1684 communicat.
2547 1627 2603 1681 Si
2634 1628 2758 1698 quis
2786 1642 2914 1683 vero
2938 1628 2989 1681 in
3013 1629 3258 1682 secunda
3287 1627 3684 1682 resurrectione

440 1717 718 1790 βάπτισμα
738 1719 832 1773 τοῦ
865 1720 1021 1790 ἁγίου
1049 1721 1384 1791 Πνεύματος.
1419 1722 1513 1786 Τίς
1542 1725 1688 1776 ἐστιν
1716 1725 1744 1775 6
1773 1725 1830 1775 ὲν
1852 1723 2014 1795 ἑτέρᾳ

2077 1792 2079 1795 λ
2112 1729 2381 1783 servatur,
2427 1720 2528 1775 iste
2555 1730 2807 1790 peccator
2842 1727 2943 1783 est,
2974 1722 3069 1788 qui
3105 1719 3245 1790 ignis
3280 1720 3476 1790 indiget
3506 1719 3682 1789 bapti-

438 1810 740 1882 σωζόμενος
763 1812 1087 1878 άναστάσει;
1111 1815 1139 1867 6
1165 1814 1416 1884 δεόμενος
1453 1813 1848 1884 βαπτίσματος,
1877 1814 2006 1867 ὅταν

2077 1817 2081 1835 ’
2112 1826 2252 1876 smo,
2278 1810 2372 1880 qui
2400 1810 2778 1865 combustinne
2799 1819 3080 1882 purgatur,
3111 1819 3165 1864 ut
3190 1811 3452 1881 quidquid
3474 1810 3680 1864 habue-

435 1899 565 1975 ἔλθῃ
588 1904 682 1957 ἐπὶ
714 1903 775 1956 τὸ
796 1903 906 1975 πῦρ
932 1906 1125 1971 ἐκεῖνο,
1162 1906 1255 1957 καὶ
1280 1905 1341 1957 τὸ
1388 1903 1495 1976 πῦρ
1525 1905 1685 1959 αὑτὸν
1713 1904 2005 1978 δοκιμάζῃ,

436 1991 527 2044 καὶ
556 1991 693 2066 εὕρῃ
712 1993 772 2046 τὸ
798 1993 910 2064 πῦρ
937 1996 1110 2047 ἐκεῖνο
1134 1995 1284 2060 ξύλα,
1323 1996 1537 2067 χόρτον,
1582 1997 1677 2049 καὶ
1729 1997 2004 2066 καλάμην,

430 2080 571 2133 ὥστε
600 2082 740 2134 αὐτὰ
764 2082 1123 2137 κατακαῦσαι.
1148 2083 1245 2137 Διὰ
1268 2084 1423 2136 τοῦτο
1448 2085 1653 2139 τούτων
1676 2085 2001 2155 λεγομένων,

430 2170 532 2241 δση
562 2170 789 2241 δύναμις
817 2172 1209 2240 συναγαγόντες
1230 2173 1354 2236 τοὺς
1373 2172 1563 2241 λόγους
1589 2174 1713 2236 τοὺς
1734 2172 1842 2226 τῶν
1863 2174 2006 2245 Γρα-

429 2260 571 2328 φῶν,
598 2263 677 2324 είς
704 2260 803 2332 τὴν
830 2261 1053 2333 καρδίαν
1086 2262 1468 2334 ἀποτιθώμεθα
1500 2263 1718 2326 αὐτοὺς,
1751 2264 1844 2317 καὶ
1881 2264 2001 2316 κατ’

410 2338 625 2414 ἀὐτοὺς
648 2352 995 2423 πειραθῶμεν
1020 2353 1139 2425 ζῇν,
1163 2354 1249 2407 ἴνα
1272 2353 1587 2424 δυνηθῶμεν
1608 2353 1712 2424 πρὸ
1744 2354 1843 2423 τῆς
1875 2353 2001 2421 ἑξό-

425 2441 520 2501 δου.
556 2441 788 2513 καθαρ;ὶ
813 2444 1085 2511 γενέσθαι.
1120 2444 1215 2497 καὶ
1244 2446 1629 2515 ἑτοιμάσαντες
1656 2448 1735 2510 είς
1758 2445 1856 2517 τὴν
1884 2445 1999 2513 ἔξο-

425 2529 513 2582 δον
544 2530 614 2584 τὰ
639 2530 774 2603 ἔργα
805 2533 1297 2604 ήμῶν,ὲξελθόντες
1327 2537 1383 2587 ὲν
1419 2536 1602 2599 αὐτοῖς
1630 2538 1741 2599 τοῖς
1778 2536 2001 2603 ἀγαθοῖς

2109 1903 2180 1957 rit
2223 1903 2530 1971 lignorum,
2587 1900 2695 1955 feni
2747 1910 2802 1955 et
2847 1901 3059 1970 stipulae
3091 1942 3106 1967 ,
3169 1900 3311 1971 ignis
3370 1909 3675 1955 consumat.

2107 1992 2472 2057 Quamobrem
2499 2007 2623 2045 cum
2660 1992 2788 2044 talia
2820 2002 2942 2060 post
2986 2000 3213 2046 mortem
3252 1992 3409 2046 nobis
3441 1992 3680 2046 residere

2105 2083 2407 2147 videamus,
2457 2080 2770 2151 Scripturas
2826 2083 3111 2152 diligenter
3156 2083 3320 2138 simul
3366 2084 3676 2149 recitantes,

2107 2188 2439 2242 reponamus
2465 2188 2558 2228 eas
2594 2175 2647 2228 in
2678 2174 2935 2229 cordibus
2969 2174 3192 2238 nostris,
3224 2185 3277 2229 et
3309 2174 3467 2243 juxta
3490 2188 3678 2227 earum

2106 2265 2289 2317 vivere
2318 2272 2582 2334 praecepta
2620 2265 2878 2331 nitamur,
2906 2275 2965 2321 ut
2994 2275 3121 2320 ante
3146 2266 3482 2321 excessionis
3508 2267 3675 2332 diem,

2107 2354 2152 2409 si
2184 2353 2296 2408 tleri
2331 2362 2541 2423 potest,
2576 2364 2922 2424 peccatorum
2956 2358 3209 2413 sordibus
3238 2356 3516 2412 emundati
3551 2370 3674 2410 cum

2107 2445 2313 2500 sanctis
2359 2446 2639 2500 valeamus
2687 2448 2915 2511 assumi,
2963 2447 3017 2501 in
3045 2447 3265 2503 Christo
3300 2447 3452 2513 Jcsn,
3476 2446 3563 2502 cui
3592 2453 3676 2501 est

2106 2537 2277 2606 gloria
2307 2546 2360 2591 et
2384 2538 2673 2605 imperium
2699 2539 2752 2591 in
2783 2539 2978 2593 saecula
3000 2539 3345 2594 saeculorum.
3375 2540 3566 2592 Amen.

427 2620 867 2692 παραληφθῆναι,
919 2623 1013 2677 καὶ
1046 2624 1104 2676 ὲν
1147 2623 1365 2696 Χριστῷ
1420 2625 1594 2697 Ἰησοῦ
1648 2623 1903 2697 σωθῆναι,
1947 2617 1992 2693 ᾧ
2030 2625 2176 2680 ἐστιν
2206 2627 2239 2696 ή
2269 2625 2394 2693 δόξα
2444 2628 2537 2682 καὶ
2572 2627 2635 2680 τὸ
2685 2627 2886 2697 κράτος
2923 2630 3004 2691 είς
3039 2629 3129 2682 τὸν
3170 2629 3343 2683 αἰῶνα
3380 2628 3490 2683 τῶν
3545 2627 3675 2684 αἰώ-

426 2728 549 2766 νων.
584 2710 780 2783 ’Δμήν.

996 2811 1299 2866 ΟΜῙΛΙΛ
1334 2813 1409 2867 Γ’.

1098 2905 1190 2968 Εἰς
1218 2905 1277 2959 τό
1295 2922 1308 2937 ⁸

427 2991 517 3062 Μὴ
545 2991 764 3063 ἕρημος
790 2994 1083 3067 ἐγενόμην
1110 2995 1188 3061 τῷ
1221 2997 1363 3061 οἴκῳ
1402 2996 1670 3066 Ἰσραὴλ,
1707 2997 1745 3067 ἣ
1788 2997 1864 3067 γῆ
1895 3014 1990 3051 κε-

439 3070 465 3094 δ
822 3065 1162 3137 χερσωμένη
1179 3083 1196 3129 ;
1225 3069 1317 3120 καὶ
1346 3067 1414 3121 τὰ
1444 3067 1588 3139 ἑξῆς.

484 3177 656 3247 Φησὶν
695 3179 725 3231 6
765 3176 969 3249 Κύριος
1004 3178 1062 3230 ὲν
1101 3180 1167 3249 τῇ
1214 3180 1354 3251 ἀρχῇ
1390 3179 1498 3233 τῶν
1537 3180 1994 3249 ἀναγνωσθέντων

419 3269 545 3338 περ).
570 3268 664 3323 τοῦ
692 3270 932 3342 Ἰσραὴλ,
965 3272 1046 3325 ὃτι
1072 3271 1275 3344 ἕρημος
1299 3273 1362 3325 αὖ
1378 3271 1445 3343 τῷ
1468 3273 1569 3326 οὐκ
1602 3273 1838 3342 ἐγένετο,
1872 3274 1992 3327 οὐδὲ

418 3360 483 3431 γῆ
512 3361 920 3432 κεχερσωμένη.
953 3362 1050 3426 Τίς
1077 3359 1170 3415 οὖν
1201 3364 1490 3434 γενόμενος
1522 3365 1581 3417 ὲν
1605 3363 1684 3435 τῷ
1717 3362 1865 3436 τόπῳ
1891 3366 1990 3419 οὐκ

416 3450 448 3505 ἃ
462 3470 481 3505 δ
497 3452 728 3524 ζητήσαι
745 3453 817 3522 (1)
836 3452 1102 3518 ἐξετάζων
1117 3454 1179 3508 τὸ
1198 3454 1441 3528 βούλημα
1458 3456 1551 3510 τοῦ
1570 3458 1953 3529 γεγραμμένου
1971 3476 1986 3526 ;

417 3544 616 3609 Ἔστω,
648 3547 677 3598 6
707 3545 839 3609 Θεὸς
868 3548 924 3598 ὲν
966 3546 1044 3617 τῷ
1089 3548 1303 3621 Ἰσραὴλ
1323 3550 1392 3617 ζοὺ
1422 3549 1642 3619 γέγονεν
1671 3550 1894 3622 ἔρημος,
1924 3551 1984 3604 οὑ

411 3634 633 3704 γέγονεν
674 3638 734 3689 ὲν
775 3638 855 3708 τῷ
906 3638 1121 3711 Ἰσραὴλ
1160 3639 1233 3710 γῆ
1272 3640 1692 3712 κεχερσωμένη’
1740 3638 1849 3713 ἆρα
1893 3637 1985 3697 οῦν

410 3725 505 3798 ξρη
516 3744 615 3797 μος
648 3727 867 3796 γέγονεν
892 3731 920 3782 6
939 3731 1140 3801 Κύριος
1166 3730 1245 3802 τῷ
1258 3730 1474 3803 Ἰσραὴλ
1491 3732 1566 3803 (2)
1586 3733 1841 3803 σήμερον,
1860 3733 1893 3804 ἢ
1910 3732 1982 3803 γῆ

409 3820 797 3891 κεχερσωμένη
821 3821 916 3873 νῦν
940 3820 1088 3892 αὐτῷ
1109 3822 1288 3888 ὲστιν;
1315 3823 1435 3875 Ὅτι
1456 3822 1514 3875 δὲ
1540 3823 1628 3876 ὅτε
1652 3821 1729 3892 τῷ
1758 3822 1982 3895 Ἰσραὴλ

407 3906 474 3982 ἦν
511 3912 612 3965 οὐκ
643 3911 865 3984 ἔρημος,
897 3913 1018 3967 οὐδὲ
1052 3913 1124 3982 γῆ
1166 3915 1573 3986 κεχερσωμένη,
1619 3918 1733 3979 τοῖς
1773 3914 1982 3969 ἔθνεσιν

2018 2817 2065 2878 C

2589 2813 2748 2887 mo
2768 2812 3046 2869 nonth
3075 2813 3165 2871 tn.

2756 2905 2811 2961 In
2834 2907 2973 2961 istud
2997 2922 3012 2961 :

2099 2992 2355 3066 Nunquid
2385 2997 2616 3052 solitudo
2639 2999 2812 3069 [actus
2844 3018 2959 3053 sum
2984 3001 3162 3072 domui
3199 3000 3386 3072 Israel,
3418 3003 3498 3057 vel
3525 3012 3669 3061 terra

2712 3073 2931 3139 agrestis
2964 3071 3049 3124 ‘3?

2165 3176 2218 3233 1.
2260 3177 2349 3232 Ait
2371 3176 2636 3233 Dominus
2670 3178 2828 3233 initio
2851 3194 3042 3235 eorum
3074 3195 3196 3250 quae
3232 3181 3299 3236 de
3326 3179 3494 3237 lsrael
3523 3182 3665 3239 lecta

2093 3279 2243 3335 sunt,
2295 3284 2355 3324 se
2402 3284 2503 3324 nec
2550 3269 2630 3324 illi
2681 3269 2854 3325 fuisse
2906 3270 3277 3339 solitudinem,
3318 3287 3416 3327 nec
3464 3281 3663 3328 terram

2091 3370 2379 3431 agrestem.
2428 3360 2564 3429 Quis
2607 3362 2771 3432 igitur
2810 3376 2933 3417 cum
2976 3362 3030 3415 in
3068 3362 3216 3417 hunc
3244 3363 3423 3418 locum
3453 3364 3666 3419 incide-

2091 3455 2182 3518 rit,
2224 3453 2411 3508 sedula
2451 3453 2801 3525 indagatione
2832 3468 2941 3508 non
2969 3438 3220 3524 exquirat
3250 3471 3472 3511 sensum
3497 3456 3663 3526 hujus

2089 3545 2323 3615 scripti?
2366 3543 2569 3599 Demus
2614 3544 2786 3600 Deum
2828 3544 3011 3600 lsraeli
3064 3561 3241 3616 neque
3291 3546 3660 3613 solitudinem,

2086 3652 2263 3707 neque
2293 3644 2491 3690 terram
2520 3645 2785 3707 agrestem
2821 3636 3024 3693 factum
3075 3637 3278 3703 fuisse;
3332 3652 3462 3692 num
3500 3637 3661 3691 hodie

2084 3723 2270 3781 lsracli
2323 3724 2500 3781 factus
2554 3735 2643 3782 est
2699 3726 2965 3783 Dominus
3019 3728 3256 3783 solitudo
3289 3768 3305 3794 ,
3363 3735 3456 3781 aut
3516 3735 3660 3782 terra

2083 3816 2318 3887 agrestis
2367 3832 2513 3871 nunc
2556 3816 2633 3871 illi
2680 3817 2802 3872 est?
2834 3816 3106 3883 Quoniam
3135 3831 3284 3883 vero,
3312 3831 3436 3870 cum
3472 3815 3656 3871 lsraeli

2082 3921 2191 3960 non
2240 3914 2358 3962 erat
2394 3907 2653 3972 solitudo,
2706 3921 2885 3976 neque
2926 3914 3066 3959 terra
3112 3907 3365 3974 agrestis,
3402 3907 3657 3978 gentibus

405 3998 475 4077 ἣν
518 4003 741 4076 ἕρημος,
784 4007 877 4058 καὶ
903 4005 973 4077 γῆ
1011 4006 1429 4077 κεχερσωμένη·
1470 4008 1517 4058 εί
1563 4007 1671 4077 γὰρ
1703 4008 1866 4060 πᾶσιν
1896 4007 1981 4059 άεὶ

2079 4008 2200 4053 erat
2228 4000 2466 4054 solitudo
2497 4009 2551 4052 et
2587 4007 2732 4053 terra
2782 3996 3033 4066 agrestis,
3086 3997 3283 4051 ideirco
3334 3998 3445 4055 hac
3496 4000 3652 4055 dicit.

405 4095 505 4149 οὐκ
536 4094 740 4167 ἔρημός
781 4097 918 4161 ἐστι,
950 4098 1043 4151 καὶ
1081 4099 1246 4151 πᾶσιν
1274 4097 1359 4149 ἀεί
1389 4099 1534 4150 ἐστιν
1570 4097 1631 4150 οὐ
1671 4098 1743 4167 γῆ
1785 4115 1978 4170 κεχερ-

2084 4089 2141 4143 Si
2182 4091 2327 4144 enim
2373 4089 2629 4143 oinnibus
2661 4103 2876 4157 semper
2898 4103 3008 4143 non
3036 4087 3274 4144 solitudo
3297 4099 3399 4158 est,
3429 4100 3482 4146 et
3506 4106 3654 4146 sem-

408 4188 647 4259 οωμένη·
680 4189 760 4252 τίς
790 4190 946 4260 χρεία
970 4189 1128 4243 τοῦτο
1156 4189 1300 4252 ίδίως
1331 4188 1467 4259 πρὸς
1489 4189 1580 4242 τὸν
1609 4187 1827 4261 Ἰσραὴλ
1858 4188 1977 4242 κατ’
2011 4173 2017 4227 Ῑ

2081 4172 2178 4251 per
2213 4180 2470 4235 omnibus
2510 4186 2594 4235 est
2623 4188 2765 4234 terra
2798 4193 2906 4234 non
2932 4179 3184 4251 agrestis,
3211 4181 3341 4250 quid
3376 4196 3514 4252 opus
3537 4192 3655 4240 erat

406 4279 682 4351 ἐξαίρετον
706 4280 980 4352 λεχθῆναι·
1022 4280 1121 4351 Μὴ
1148 4282 1368 4351 ἕρημος
1396 4281 1691 4352 ἐγενόμην
1729 4279 1810 4347 τῷ
1835 4280 1977 4347 οἴκῳ

418 4370 675 4441 Ἰσραὴλ,
720 4372 759 4441 ἢ
798 4372 874 4443 τῆ
918 4372 1332 4445 κεχερσωμένη
1352 4389 1372 4438 ;
1435 4371 1575 4425 Ἀλλ’
1612 4371 1759 4425 ἔστιν
1803 4371 1978 4426 ἐλθεῖν

405 4463 497 4516 ἐπὶ
521 4462 622 4527 τὰς
666 4463 954 4528 καθολικὰς
989 4465 1303 4537 εὐεργεσίας
1343 4463 1438 4519 τοῦ
1474 4462 1639 4517 Θεοῦο
1674 4459 1795 4518 εἶτα
1841 4464 1979 4535 μετὰ

403 4553 500 4617 τὰς
538 4554 832 4619 καθολικὰς
867 4555 1185 4628 εὐεργεσίας
1218 4555 1381 4610 αὐτοῦ
1426 4555 1520 4609 ἐπὶ
1546 4554 1645 4619 τὰς
1680 4554 1848 4619 ίδικὲις
1880 4572 1978 4609 κα-

402 4645 620 4699 ταδαίνε
629 4663 677 4699 ιν
712 4645 810 4717 (5).

470 4738 659 4792 Οὑδενὶ
686 4737 890 4811 ἔρημός
906 4741 1050 4793 ἐστιν
1068 4740 1096 4793 6
1119 4738 1271 4804 Θεὸς,
1299 4738 1645 4794 ἀνατέλλων
1671 4740 1777 4793 τὸν
1798 4739 1973 4807 ἥλιον

401 4827 495 4881 ἐπὶ
547 4829 850 4896 πονηροὺς
897 4830 994 4884 καί
1032 4832 1318 4901 ἀγαθούς·
1368 4831 1542 4885 οὐδενὶ
1585 4834 1971 4905 κεχερσωμένη

403 4917 471 4987 γῆ
501 4919 640 4983 ἐστι,
660 4919 901 4988 ,βρέχων
924 4919 1115 4991 (4)631
1141 4921 1407 4987 δικαίους
1432 4922 1529 4976 καί
1561 4920 1825 4988 ἀδίκους.
1850 4922 1975 4986 Πῶς

401 5005 625 5078 ἔρημος,
651 5008 956 5063 ἀνατέλλων
979 5010 1211 5082 ἡμέραν,
1237 5013 1330 5066 καὶ
1355 5011 1526 5066 νύκτα
1557 5014 1638 5075 είς
1667 5012 1973 5066 ἀνάπαυσιν

399 5099 596 5157 ποιῶνξ
628 5099 753 5165 Πῶς
771 5099 975 5174 ἔρημος
1000 5100 1098 5174 τὴν
1114 5102 1215 5173 γῆν
1235 5104 1402 5157 ποιῶν
1423 5106 1788 5176 καρποφορεῖν
1811 5121 1825 5169 ;
1850 5105 1974 5170 Πῶς

397 5187 601 5261 ἕρημος
625 5190 852 5246 ἕκαστον
874 5192 1173 5264 οἰκονομῶν
1192 5194 1337 5248 κατὰ
1361 5195 1461 5265 τὴν
1487 5195 1683 5266 ψυχὴν,
1716 5196 1802 5249 ἵνα
1821 5195 1969 5265 λογι-

2079 4271 2147 4327 ad
2193 4270 2360 4327 Israel
2407 4271 2760 4342 peculiariter
2802 4270 2911 4328 dici
2960 4290 2974 4326 :
3014 4271 3271 4343 Nunquid
3308 4274 3535 4328 solitudo
3571 4276 3655 4345 fa-

2080 4373 2195 4419 ctus
2225 4381 2342 4419 sum
2381 4364 2561 4418 domui
2600 4363 2791 4432 Israel,
2827 4366 2907 4430 uel
2939 4376 3080 4420 terra
3111 4366 3375 4436 agrestis?
3425 4366 3529 4421 Sed
3560 4382 3654 4437 ge-

2081 4456 2280 4511 neralia
2330 4458 2569 4528 primum
2618 4455 2712 4513 Dei
2770 4458 3053 4526 beneﬁcia,
3114 4458 3305 4514 deinde
3354 4457 3652 4530 singularia

2081 4546 2433 4603 considerare
2465 4547 2607 4603 licet.

2140 4737 2199 4791 2.
2223 4734 2436 4790 Nemini
2466 4733 2608 4791 Deus
2638 4743 2722 4790 est
2739 4734 2996 4800 solitudo,
3024 4732 3117 4804 qui
3144 4733 3306 4789 solent
3333 4749 3487 4788 suum
3517 4734 3662 4790 oriri

2075 4828 2207 4897 facit
2258 4843 2415 4897 super
2460 4828 2618 4882 bonos
2657 4838 2706 4881 et
2751 4826 2954 4892 malos;
2984 4826 3187 4882 nemini
3222 4835 3365 4881 terra
3393 4826 3646 4898 agrestis,

2074 4918 2165 4989 qui
2214 4919 2351 4988 pluit
2401 4936 2556 4989 super
2587 4920 2763 4989 justas
2791 4930 2839 4973 et
2875 4919 3101 4988 injustas
3136 4919 3199 4971 “.
3242 4918 3531 4985 Quomodo
3579 4916 3652 4972 sit

2077 5009 2341 5075 solitudo,
2366 5010 2460 5080 qui
2506 5011 2649 5065 dicm
2694 5010 2926 5080 profert,
2971 5021 3024 5066 et
3058 5023 3272 5065 noctem
3312 5010 3380 5064 ad
3408 5009 3646 5079 quietem

2077 5104 2204 5159 dat?
2250 5103 2539 5170 Quomodo
2586 5105 2823 5160 solitudo
2865 5105 2956 5176 qui
3010 5105 3324 5175 frugiferam
3367 5102 3498 5158 facit
3540 5110 3650 5157 ter-
3690 5136 3696 5142 -

2077 5195 2239 5251 ram?
2273 5195 2559 5262 Quomodo
2588 5195 2824 5251 solitudo
2854 5196 2950 5267 qui
2982 5195 3248 5267 cujusque
3286 5193 3528 5250 animum
3560 5207 3647 5249 re-

472 5353 515 5384 “
536 5354 641 5408 lsa.
670 5368 746 5421 ιι,
773 5356 824 5410 l.
898 5356 941 5389 ⁸³
967 5354 1101 5412 Heb.
1132 5372 1232 5424 stt,
1255 5356 1347 5413 29.
1421 5357 1466 5391 ⁶¹
1488 5360 1509 5413 l
1528 5358 1685 5415 Joan.
1711 5375 1748 5425 ι,
1774 5360 1828 5423 5.
1904 5359 1949 5391 ⁸³
1963 5356 2017 5415 Jc

2077 5374 2163 5414 tm.
2193 5374 2254 5426 ll,
2280 5360 2366 5416 51.
2444 5360 2491 5393 ⁸⁸
2509 5359 2703 5415 Matth.
2727 5376 2780 5427 v,
2807 5362 2897 5417 45.

471 5510 547 5562 (ιι
571 5514 709 5583 ,οὐκ
736 5513 821 5583 ἂν,
841 5512 1106 5582 ζὴτήσαι.
1143 5512 1236 5571 Sic
1267 5515 1430 5572 habet
1453 5520 1621 5579 codex
1646 5519 1962 5578 Vaticanus:

395 5588 451 5638 at
469 5578 653 5674 gods:
674 5578 1034 5674 Scorialensis
1059 5601 1072 5637 :
1099 5585 1199 5674 οξικ
1227 5587 1427 5674 alti)?“
1453 5578 1738 5664 ἐξετάζων.

399 5651 542 5736 μβ)
581 5650 760 5736 60918.?
788 5652 1101 5736 v?‘i°.“""8:
1132 5656 1191 5709 έν
1220 5654 1298 5736 ἷτῷ
1340 5650 1567 5736 Vedii.
1616 5650 1760 5727 idem
1792 5662 1959 5736 paulo

399 5718 537 5776 intra
563 5722 784 5778 omisit:
810 5725 860 5778 εἰ
888 5723 993 5797 γάρ
1023 5726 1185 5781 πᾶσιν
1207 5718 1294 5782 ἀεὶ
1316 5718 1425 5789 οὐχ’
1442 5718 1834 5824 ἕρζξῇόξῖᾇξιῦ,
1864 5735 1958 5792 καὶ

2074 5520 2239 5596 πᾶειν
2258 5522 2354 5596 ﬁet
2380 5522 2526 5596 ἐςτιν
2553 5521 2619 5596 9.0
2644 5522 2713 5596 γῆ
2746 5511 3152 5596 κεχεράωμένη-

2141 5590 2217 5659 (5)
2258 5590 2314 5645 1η
2349 5592 2535 5648 codice
2553 5590 2824 5648 Vaticano
2835 5590 3180 5650 'deest'at’rc'oii
3202 5603 3253 5649 et
3272 5591 3639 5660 καταϐαίνειν.

2142 5661 2220 5741 ψ
2257 5660 2837 5741 ροάοξδοριίοιοιιεὶε-
2859 5662 3143 5741 Ιιειὶκξιηῆ
3173 5662 3502 5741 ὲπιϐρέχων.

2140 5731 2219 5804 (5)
2255 5730 2383 5789 Mss.
2422 5730 2591 5806 Regii,
2622 5735 2931 5807 mysterium
2961 5732 3075 5794 Dei.
