4296 6288
561 397 668 451 285

2013 387 2174 446 ORIG
2187 389 2345 446 ENIS:

3704 383 3808 442 281

565 517 660 585 git,
704 521 765 567 ut
818 509 1046 566 rationis
1074 507 1341 579 particeps
1381 506 1473 572 sit,
1509 516 1570 562 ut
1599 506 1882 564 scientiam
1913 523 2134 578 compa-
2162 514 2210 570 Α
2239 525 2261 560 1

2113 537 2134 548 -
2162 514 2210 570 Α
2239 507 2333 570 κὸς
2353 503 2410 581 ᾖ,
2436 505 2522 560 ἵνα
2547 504 2854 576 ἐπιστήμην
2876 503 3249 576 ἀναλαμϐάνῃ,
3276 501 3362 555 ἵνα
3381 496 3720 571 γυμνάζηται
3748 498 3809 554 :6

564 615 666 668 ret,
705 614 764 660 ut
799 605 1034 658 nudetur
1057 600 1200 670 quod
1226 601 1293 654 de
1325 615 1392 654 eo
1424 600 1648 670 intelligi
1680 610 1854 670 potest
1889 615 1983 670 per
2010 615 2137 654 sen—

561 697 693 753 sus?
736 692 948 748 Nemini
996 692 1161 762 igitur
1197 700 1282 746 est
1326 691 1587 756 solitudo,
1621 691 1800 760 quoad
1831 691 2134 760 generalem

563 787 848 850 rationem,
880 783 1056 848 Deus;
1091 792 1358 852 quantum
1390 797 1522 837 vero
1548 785 1614 838 ad
1650 784 1979 854 singularem
2012 782 2137 836 atti-

563 887 676 941 net,
717 876 784 930 ad
835 891 922 930 res
972 875 1137 930 Israel
1188 875 1347 929 venio
1395 884 1448 930 et
1481 877 1570 930 aio
1618 874 1844 944 :Neque
1875 873 2134 936 solitudo,

566 979 738 1033 neque
767 975 914 1018 terra
949 965 1182 1032 agrestis
1214 973 1370 1030 erat,
1424 965 1643 1034 quando
1677 966 1730 1018 in
1777 964 2011 1036 Egypto
2055 963 2139 1018 fa-

564 1056 740 1110 ciebat
788 1055 941 1125 signa
991 1064 1045 1110 et
1091 1055 1334 1126 prodigia
1383 1057 1604 1126 populo.
1669 1055 1727 1110 Si
1777 1057 1922 1126 quod
1955 1065 2133 1110 autem

566 1147 670 1200 fuit
698 1156 912 1216 tempus
942 1163 1066 1202 cum
1093 1156 1250 1202 erant
1271 1148 1539 1214 derelicti,
1570 1148 1978 1218 quodammodo
2003 1147 2138 1216 ipsis

564 1240 823 1302 solitudo,
875 1239 1035 1308 idque
1087 1255 1194 1293 non
1250 1238 1472 1306 frustra,
1527 1239 1702 1295 factus
1753 1247 1854 1294 est.
1907 1238 2136 1304 Quando

560 1347 696 1400 ergo
744 1347 850 1386 non
887 1341 1003 1386 erat
1049 1331 1232 1386 Israeli
1283 1330 1424 1385 Deus
1479 1331 1735 1395 solitudo,
1782 1345 1960 1400 neque
1993 1339 2135 1384 terra

567 1423 816 1491 agrestis,
862 1431 992 1476 tunc
1019 1422 1274 1490 gentibus
1303 1422 1602 1477 secundum
1630 1423 1834 1492 justam
1870 1421 2132 1474 rationem

565 1514 805 1568 solitudo
856 1529 920 1568 ac
973 1522 1117 1566 terra
1174 1514 1402 1581 agrestis
1467 1522 1622 1579 erat;
1673 1515 1893 1584 quando
1953 1523 2135 1568 autem

567 1616 851 1660 aversatus
897 1615 979 1659 est
1018 1603 1298 1671 lsraelem,
1344 1616 1398 1660 et
1449 1605 1550 1674 ipsi
1599 1605 1834 1660 solitudo
1891 1614 1945 1660 et
1997 1616 2138 1661 terra

567 1695 796 1761 agrestis
821 1692 998 1748 factus
1032 1702 1113 1747 est
1135 1735 1150 1758 ,
1177 1703 1305 1748 tunc
1333 1694 1504 1749 eﬂ‘usa
1528 1703 1610 1749 est
1633 1697 1804 1765 gratia
1837 1695 1891 1749 in
1918 1705 2125 1767 gentes,

565 1793 621 1836 et
647 1783 824 1838 factus
849 1785 1008 1838 estin
1038 1785 1196 1838 nobis
1224 1783 1384 1841 Jesns
1415 1801 1523 1838 non
1547 1785 1804 1851 solitudo,
1844 1787 1936 1840 sed
1969 1787 2136 1854 pleni-

569 1876 720 1940 tudo,
745 1890 852 1929 non
886 1884 1026 1930 terra
1059 1875 1289 1945 agrestis
1311 1918 1326 1942 ,
1358 1877 1448 1931 sed
1476 1877 1738 1947 frugifera
1767 1897 1780 1930 :
1819 1877 1971 1950 14],
2002 1879 2141 1942 Quia

569 1965 722 2018 mulli
751 1967 850 2032 ﬁlii
872 1969 1110 2032 desertis,
1155 1969 1322 2038 magis
1339 1985 1496 2037 quam
1517 1969 1629 2038 ejus
1653 1985 1769 2038 qua:
1787 1969 1940 2022 habet
1973 1971 2142 2022 virum

567 2056 634 2119 ",
655 2067 709 2111 et
735 2060 974 2112 minatur
997 2059 1103 2113 illis
1119 2061 1320 2128 quibus
1335 2075 1440 2113 non
1456 2070 1540 2113 est
1562 2059 1737 2116 factus
1758 2062 2018 2126 solitudo,
2049 2077 2143 2117 ne-

565 2165 674 2218 que
697 2158 840 2205 terra
870 2151 1101 2221 agrestis
1127 2191 1142 2215 ,
1174 2151 1362 2206 dicens
1390 2171 1403 2206 :
1443 2151 1554 2223 Ego
1582 2153 1799 2223 quidem
1829 2171 1937 2209 non
1967 2154 2142 2211 factus

565 2255 687 2294 sum
715 2241 870 2296 vobis
901 2241 1154 2306 solitudo,
1177 2257 1352 2312 neque
1384 2253 1526 2297 terra
1549 2243 1812 2313 agrestis;
1836 2261 1932 2299 vos
1961 2254 2140 2299 autem

564 2331 826 2386 dixistis:
863 2331 986 2386 Non
1035 2333 1323 2386 subdentur
1369 2333 1624 2398 dominio,
1667 2351 1828 2405 neque
1877 2337 2137 2390 veniemus

565 2419 636 2473 ad
673 2432 722 2474 te
757 2420 900 2474 ultra
931 2422 996 2476 ⁸⁸.
1031 2420 1216 2491 Itaque
1252 2421 1347 2477 filii
1380 2423 1550 2478 Israel
1587 2424 1844 2478 dixerunt
1874 2423 2139 2494 insipien-

567 2520 649 2564 ter
670 2518 729 2566 ut
755 2512 930 2566 littera
965 2522 1120 2568 sonat
1158 2532 1171 2567 :
1217 2511 1336 2566 Non
1365 2514 1648 2568 subdentur
1679 2515 1935 2570 dominio.

1151 2603 1294 2660 ΗοΜ
1303 2603 1437 2658 ILIA
1469 2603 1556 2658 IV.

921 2694 1115 2766 (Juxta
1171 2695 1553 2765 Hieronymum
1602 2696 1790 2768 XIV.)

921 2785 999 2841 De
1042 2802 1107 2841 eo
1151 2787 1298 2856 quod
1352 2790 1614 2857 scriptum
1652 2800 1734 2842 est
1777 2809 1788 2842 :

569 2872 643 2926 ΕΙ
672 2874 808 2946 dixit
835 2873 1086 2946 Dominus
1114 2879 1184 2928 ad
1211 2891 1290 2929 me
1315 2877 1368 2929 in
1393 2877 1577 2946 diebus
1597 2878 1730 2946 regis
1753 2875 1952 2940 losm';
1974 2891 2146 2944 usque

639 2943 706 2996 ad
747 2959 871 3015 eum
921 2945 1100 3015 locum
1145 2945 1196 2997 in
1243 2961 1354 3014 quo
1399 2947 1474 3000 ait
1508 2966 1521 3000 :
1555 2943 1877 3015 Jus'tiﬁcavit
1911 2943 2148 2998 animum

642 3027 798 3068 suam
826 3010 998 3066 Israel
1033 3032 1064 3066 ιι
1096 3010 1384 3082 peccatrice
1417 3015 1561 3069 Juda
1583 3017 1647 3072 ⁸⁷.

2241 599 2460 652 συνετὸν
2476 597 2639 650 αὐτοῦ
2664 596 2804 650 κατά
2826 595 2895 649 τὰ
2915 595 3241 667 αἰσθητήρια
3268 593 3344 663 (2)
3365 593 3576 657 ;Ἔστιν
3600 586 3694 643 οὖν
3717 590 3808 644 ού-

2239 689 2349 742 δενὶ
2382 687 2478 758 ερη
2489 705 2585 757 μος
2607 687 2682 749 ὼς
2709 688 2844 758 πρὸς
2871 687 2962 741 τὸν
2987 686 3214 740 καθόλου
3235 685 3390 752 λόγον
3408 685 3437 735 6
3455 682 3616 746 Θεός·
3643 681 3719 745 ὡς
3752 681 3811 736 δὲ

2239 779 2374 850 πρὸς
2393 777 2483 831 τὸν
2502 777 2684 840 ἰδικδν,
2700 777 2927 848 ἔρχομαι
2945 778 3036 830 ἐπὶ
3056 776 3149 830 :06
3166 775 3376 847 Ἰσραὴλ
3401 775 3698 845 πράγματα
3711 772 3808 844 (-5),

2239 867 2334 922 καὶ
2370 865 2533 936 λέγω·
2569 866 2704 919 Ούτε
2747 866 2972 939 ἔρημος,
3004 864 3128 919 οὔτε
3173 864 3246 934 γῆ
3292 863 3675 932 κεχερσωμένη
3717 857 3807 932 ἦν,

2238 958 2326 1010 ὅτε
2356 959 2414 1009 ὲν
2458 957 2718 1027 Αἰγύπτῳ
2758 956 2927 1009 ἐποίει
2959 956 3028 1008 τὰ
3054 957 3254 1027 σημεῖα
3293 953 3384 1005 xui
3411 951 3480 1004 τὰ
3506 955 3708 1023 τέρατα
3732 950 3811 1020 τῷ

2239 1045 2369 1116 λαῷ.
2391 1049 2452 1099 Εἰ
2469 1045 2525 1098 δέ
2547 1045 2721 1114 (ἣτις
2741 1045 2929 1116 καιρὸς
2956 1045 3172 1112 γέγονεν
3193 1043 3277 1095 ὅτε
3297 1039 3809 1110 ἐγκατελείφθησαν,

2237 1137 2398 1188 οἱονεὶ
2439 1136 2641 1208 ἔρημος
2685 1136 2886 1198 αὐτοῖς,
2913 1134 3034 1187 οὐδὲ
3058 1133 3153 1186 xui
3185 1131 3343 1185 τοῦτο
3387 1131 3585 1199 μάτην,
3629 1129 3810 1190 αὐτοῖς

2237 1225 2470 1294 ἐγένετο.
2506 1227 2634 1278 Ὅτε
2667 1225 2850 1294 μέντοι
2891 1225 2991 1277 06x
3017 1220 3084 1294 ἦν
3108 1222 3186 1293 τῷ
3228 1221 3443 1293 Ἰσραὴλ
3470 1222 3498 1272 ὁ
3523 1220 3656 1282 Θεὸς
3686 1217 3811 1288 ἕρη-

2241 1335 2360 1388 μος,
2383 1316 2503 1369 οὐδὲ
2541 1316 2613 1386 γῆ
2641 1317 3046 1387 κεχερσωμένη,
3084 1315 3203 1366 τότε
3239 1312 3414 1367 ἔθνεσι.
3451 1311 3591 1364 κατά
3619 1311 3708 1364 τὸν
3736 1309 3812 1361 δί-

2239 1427 2390 1464 καιον
2421 1409 2576 1477 λόγον
2603 1408 2806 1480 ἕρημος
2833 1410 2928 1462 xui
2952 1408 3025 1478 γῆ
3074 1404 3458 1478 κεχερσωμένη
3487 1399 3580 1474 ἦν·
3624 1404 3713 1455 ὅτε
3754 1401 3812 1454 δὲ

2239 1499 2562 1571 ἀπεστράφη
2627 1499 2718 1552 τὸν
2779 1497 3017 1570 Ἰσραὴλ,
3073 1497 3165 1549 xui
3208 1494 3400 1563 γέγονε
3456 1491 3534 1562 τῷ
3597 1490 3813 1562 Ἰσραὴλ

2239 1591 2430 1660 ἐκείνῳ
2455 1591 2657 1661 ἕρημος
2684 1590 2759 1659 (5)
2788 1589 2882 1642 xui
2912 1589 2982 1658 γῆ
3011 1585 3414 1659 κεχερσωμένη,
3439 1584 3558 1637 τότε
3585 1582 3812 1653 ἐξεχύθη

2239 1684 2273 1754 ὴ
2307 1683 2466 1753 χάρις
2497 1681 2588 1733 ἐπὶ
2621 1680 2688 1733 τὰ
2716 1680 2863 1752 ἔθνη,
2888 1680 2980 1733 xui
3007 1678 3226 1747 γέγονεν
3257 1679 3313 1730 ὲν
3342 1678 3470 1747 ἡμῖν
3489 1675 3563 1742 (6)
3584 1675 3816 1746 Χριστὸς

2254 1771 2458 1843 Ἰησοῦς
2486 1771 2585 1824 ούκ
2619 1770 2841 1841 ἔρημος,
2871 1769 3006 1824 ἀλλά
3041 1769 3271 1839 πλήρης,
3303 1767 3397 1820 xui
3421 1765 3480 1818 06
3510 1765 3583 1834 γῆ
3627 1780 3818 1834 κεχερ-

2173 1837 2216 1895 B
2249 1837 2489 1932 σιύμένη,
2519 1837 2659 1914 ἀλλά.
2681 1837 3363 1932 καρποφοροῦσα-ὴηολλὶι
3390 1857 3498 1927 γὰρ
3525 1856 3599 1909 τὰ
3633 1855 3821 1911 τέκνα

2250 1949 2357 2019 τῆς
2393 1949 2636 2019 ἐρήμου,
2671 1948 2910 2019 μᾶλλον
2948 1949 2984 2017 ἢ
3037 1948 3145 2017 τῆς
3181 1949 3444 2018 ἐχούσης
3471 1946 3578 2000 τὸν
3606 1944 3826 2013 ἀνδραι

2249 2041 2360 2096 Καὶ
2403 2041 2615 2096 ἀπειλεῖ
2653 2043 2835 2105 αὐτοῖς
2866 2035 2946 2105 οἷς
2977 2041 3036 2094 ού
3063 2041 3284 2110 γέγονεν
3328 2039 3549 2110 ἕρημος,
3591 2037 3709 2090 οὐδὲ
3745 2038 3817 2108 γῆ

2247 2135 2656 2206 κεχερσωμένη,
2682 2134 2873 2202 λέγων·
2923 2131 3062 2202 Ἐγὼ
3090 2133 3187 2202 μὲν
3221 2132 3280 2184 ού
3309 2131 3508 2200 γέγονα
3532 2130 3659 2200 ύμῖν
3685 2128 3817 2199 ἔρη-

2249 2246 2368 2299 μος,
2413 2228 2535 2280 οὐδὲ
2573 2228 2644 2297 γῆ
2675 2226 3080 2298 κεχερσωμένη,
3123 2226 3279 2295 ὑμεῖς
3321 2224 3378 2276 δὲ
3408 2224 3687 2294 εἰρήκατε·
3735 2223 3828 2274 Οὑ-

2243 2319 2776 2387 κυριευθησόμεθα,
2820 2319 2932 2386 οὐχ
2977 2315 3203 2385 ἥξομεν
3245 2315 3394 2382 πρός
3426 2329 3499 2367 σε
3529 2315 3635 2368 ἔτι.
3677 2313 3821 2383 Ἀρα

2245 2410 2529 2480 εἰρήκασιν
2573 2409 2622 2459 οἰ
2663 2407 2768 2460 υἱοί
2819 2405 3035 2479 Ἰσραὴλ
3073 2402 3518 2474 ἀπονενοημένως
3554 2402 3694 2459 κατά
3721 2403 3822 2473 τὴν

2245 2498 2389 2568 λέξιν
2427 2499 2534 2568 (7)°
2573 2499 2655 2552 Οὐ
2677 2499 3206 2567 κυριευθησόμεθα.

2810 2586 3118 2642 OMIAIA
3173 2587 3251 2641 Δ’.

2927 2699 3020 2763 Εἰς
3052 2699 3152 2751 τό*

2249 2830 2357 2885 Καὶ
2384 2830 2552 2884 εἶπεν·
2577 2833 2609 2886 ό
2636 2831 2851 2899 Κύριος
2884 2831 3035 2899 πρός
3057 2846 3134 2898 με
3164 2828 3234 2883 ἐν
3255 2827 3385 2895 ταῖς
3413 2827 3656 2898 ἡμέραις
3701 2827 3818 2881 Ἴω-

2744 2924 2904 2989 σίου,
2945 2921 3040 2976 xui
3069 2920 3137 2975 τὰ
3166 2919 3316 2990 ἑξῆς.

1738 3131 2092 3207 Interprete
2127 3125 2530 3206 Hieronymo

643 3229 694 3285 I.
739 3228 920 3300 Ipsum
963 3230 1199 3300 primum
1242 3225 1494 3286 lectionis
1541 3245 1870 3298 sermonem,
1901 3232 1993 3302 qui
2021 3245 2145 3300 per-
2174 3235 2216 3291 C
2321 3230 2339 3281 Λ

2122 3259 2145 3270 -
2174 3235 2216 3291 C
2321 3228 2462 3281 Αὐτὸ
2492 3228 2553 3282 :6
2588 3227 2749 3300 ῥητὸν
2793 3228 2892 3297 τῆς
2929 3227 3367 3296 ἀναγνωσθείσης
3393 3225 3594 3290 λέξεως
3625 3223 3734 3297 ἔχει
3766 3243 3818 3279 τι

569 3322 838 3376 obscurus
869 3331 972 3386 est,
1013 3321 1274 3376 debemus
1308 3331 1561 3377 excutere
1585 3365 1600 3390 ,
1636 3333 1690 3378 et
1716 3331 1924 3393 postea,
1959 3323 2005 3378 si
2039 3323 2143 3375 Do-

575 3413 755 3468 minus
783 3411 990 3468 dederit
1022 3413 1163 3467 viam
1199 3412 1550 3484 intelligendi,
1603 3414 1670 3468 ad
1728 3414 1976 3468 altiorem
2029 3427 2144 3467 sen-

568 3519 692 3558 sum
745 3503 948 3557 venire.
1002 3504 1062 3558 In
1107 3503 1415 3573 Regnorum
1463 3503 1618 3558 libris
1666 3503 1838 3559 fertur
1893 3504 2141 3570 historia,

573 3609 695 3661 qua“:
725 3595 882 3648 docet
922 3603 1046 3663 post
1088 3593 1396 3649 Salomonis
1447 3593 1745 3660 interitum,
1777 3593 2144 3662 “temporibus

575 3681 816 3737 Iioboam
865 3684 1151 3738 duodecim
1187 3684 1357 3738 tribus
1396 3684 1564 3738 fuisse
1593 3684 1797 3739 divisas
1833 3702 1845 3737 :
1885 3683 1937 3738 id
1972 3693 2053 3738 est
2087 3685 2144 3738 in

570 3774 756 3828 decem
803 3775 976 3830 tribus
1033 3791 1290 3844 regnasse
1338 3774 1661 3840 Jeroboam,
1711 3783 1766 3828 et
1803 3784 2020 3830 vocatas
2049 3790 2144 3831 eas

569 3877 691 3917 esse
713 3862 912 3930 Israel;
949 3864 1164 3920 duabus
1189 3880 1316 3918 vero
1351 3863 1635 3933 praefuisse
1669 3861 1934 3929 Roboam,
1969 3872 2023 3918 et
2051 3878 2145 3918 vo-

569 3962 721 4008 catas
768 3968 862 4029 eas
903 3970 1024 4010 esse
1060 3953 1278 4010 Iudam.
1331 3953 1464 4021 Quae
1514 3953 1772 4008 discretlo
1821 3949 1898 4024 (1)
1936 3954 2142 4024 populi,

566 4043 722 4113 juxta
762 4043 921 4097 [idem
956 4044 1114 4110 libri,
1166 4060 1339 4114 usque
1383 4045 1449 4098 ad
1487 4050 1804 4113 prazsentem
1848 4043 1988 4097 diem
2031 4059 2148 4113 per-

575 4139 784 4186 manet.
818 4128 1003 4200 Neque
1035 4131 1179 4186 enim
1217 4133 1268 4186 in
1298 4133 1573 4203 aliquibus
1601 4132 1968 4188 voluminibus
1996 4135 2145 4189 inve-

571 4222 720 4276 nitur
755 4222 845 4278 ubi
878 4222 1041 4278 Israel
1064 4231 1117 4279 et
1141 4221 1278 4278 Juda
1302 4224 1402 4280 sub
1427 4239 1535 4279 uno
1563 4239 1756 4279 rursus
1800 4224 2027 4295 imperio
2061 4239 2146 4279 re—

569 4313 841 4384 digantur.
890 4313 1105 4370 Primus
1151 4315 1330 4385 itaque
1383 4317 1624 4383 peccavit
1652 4317 1820 4372 Israel
1857 4315 1961 4371 sub
1991 4313 2145 4370 Jero-

571 4405 733 4459 boam
776 4413 830 4459 et
877 4405 1088 4458 cancris
1123 4407 1532 4463 successoribus
1563 4409 1712 4475 ejus;
1746 4417 1800 4462 et
1830 4415 1979 4462 tanta
2018 4421 2145 4475 pec-

572 4497 736 4561 cavit,
773 4503 834 4550 ut
873 4510 902 4548 a
950 4493 1062 4549 Deo
1102 4495 1410 4550 traderetur
1451 4498 1771 4567 captivitati,
1815 4506 1869 4550 et
1917 4496 2142 4552 serviret

2243 3318 2469 3388 ἀσαφὲς,
2517 3319 2656 3388 ὅπερ
2705 3317 2968 3388 πρότερον
3001 3317 3279 3388 νοηθήτω·
3316 3318 3409 3369 xui
3463 3317 3600 3387 μετά
3637 3316 3817 3382 τοῦτο,

2243 3411 2337 3464 ὲάν
2386 3413 2415 3464 6
2464 3410 2596 3474 Θεὸς
2643 3408 2792 3478 διδῷ,
2844 3409 3103 3480 εἰσόμεθα
3147 3410 3208 3462 τὸ
3261 3409 3505 3480 βούλημα
3551 3398 3714 3462 αὐτοῦ
3757 3410 3818 3464 τὸ

2244 3502 2523 3574 μυστικόν.
2557 3501 2761 3555 Οὐκοῦν
2792 3501 2932 3554 θέλει
2965 3505 3107 3573 ἡμᾶς
3141 3503 3334 3557 εἰδέναι
3368 3505 3424 3557 ὲν
3450 3505 3679 3568 τούτοις,
3713 3505 3814 3571 ὅτι,

2241 3593 2316 3656 ὡς
2348 3595 2404 3645 ὲν
2434 3596 2556 3655 ταῖς
2600 3595 2943 3659 Βασιλείαις
2995 3593 3328 3666 γέγραπται,
3373 3594 3594 3667 διῃρέθη
3631 3597 3659 3648 6
3693 3595 3818 3658 λαὸς

2243 3685 2300 3736 ὲν
2333 3685 2442 3747 τοῖς
2485 3684 2696 3754 χρόνοις
2735 3684 2968 3754 Ῥοϐοάμ
2998 3685 3075 3748 εἰς
3109 3685 3205 3755 τὴν
3251 3686 3354 3738 61:6
3397 3686 3678 3757 Ἱεροϐοάμ
3722 3686 3819 3757 βα-

2245 3774 2447 3827 σιλείαν
2479 3774 2589 3827 τῶν
2633 3773 2764 3826 δέκα
2799 3774 3000 3842 φυλῶν,
3036 3775 3128 3827 καὶ
3160 3776 3239 3838 εἰς
3281 3775 3380 3846 τὴν
3423 3775 3527 3827 61:6
3583 3774 3818 3844 Ῥοόοὰμ

2243 3863 2334 3917 δύο
2368 3864 2576 3933 φυλῶν·
2612 3866 2704 3918 xui
2739 3863 3042 3934 ἐκλήθησαν
3075 3866 3122 3916 οἰ
3156 3865 3254 3934 μὲν
3289 3865 3391 3917 61:6
3417 3865 3494 3936 τῷ
3538 3865 3818 3937 Ἱεροόοάμ

2256 3955 2491 4026 Ἰσραὴλ,
2533 3955 2701 4008 Ἰούδα
2729 3955 2784 4007 δὲ
2823 3956 2870 4006 οἰ
2903 3954 3006 4006 61:6
3039 3954 3115 4025 τῷ
3159 3954 3414 4025 Ῥοϐοάμ.
3451 3955 3562 4008 Καὶ
3600 3955 3816 4026 ἔμεινεν

2245 4047 2381 4116 αὓτη
2418 4048 2450 4116 ή
2484 4045 2742 4118 διαίρεσις
2782 4044 2876 4098 :06
2925 4045 3076 4109 λαοῦ,
3119 4046 3243 4099 ὅσον
3288 4045 3379 4099 ἐπὶ
3411 4045 3510 4117 τὴν
3555 4047 3814 4118 ἱστορίαν,

2249 4137 2407 4208 μέχρι
2429 4135 2522 4190 :06
2555 4136 2733 4209 δεῦρο·
2768 4137 2870 4190 06x
2891 4136 3112 4207 οἴδαμεν
3141 4137 3248 4209 γὰρ
3281 4137 3521 4209 ἱστορίαν
3556 4141 3817 4206 συνάγου-

2245 4240 2347 4307 σαν
2368 4225 2458 4280 τὸν
2479 4225 2694 4300 Ἰσραὴλ
2717 4230 2808 4282 xui
2829 4229 3026 4282 Ἰούδαν
3050 4228 3141 4281 ἐπὶ
3163 4227 3223 4280 τὸ
3245 4227 3393 4281 αὐτό.
3423 4227 3702 4298 Ἥμαρτεν
3722 4221 3815 4280 οὖν

2251 4318 2388 4388 πρὸς
2418 4318 2508 4371 τὸν
2534 4318 2605 4387 (8)
2637 4318 2851 4389 Ἰσραὴλ
2883 4319 3102 4371 πλείονα
3129 4320 3156 4368 6
3186 4317 3289 4370 61:6
3317 4315 3394 4386 τῷ
3423 4315 3703 4387 Ἱεροὸαὶμ
3733 4315 3823 4368 xui

2245 4411 2355 4469 τοῖς
2380 4405 2640 4473 διαδόχοις
2674 4402 2862 4457 ιιιύτοῦ⁸
2890 4403 2984 4455 xui
3016 4401 3250 4455 τοσαῦτα
3291 4403 3506 4472 ἥμαρτε
3540 4402 3690 4474 παρά
3722 4401 3812 4453 τὸν

2260 4496 2479 4557 Ἰούδαν,
2508 4494 2647 4546 ὥστε
2683 4493 2880 4556 αὐτοὺς
2919 4491 3374 4561 καταδικασθῆναι
3405 4489 3512 4544 61:6
3542 4491 3639 4561 τῆς
3677 4489 3818 4560 Προ-

573 4588 713 4655 apud
749 4587 1006 4658 Assyrios
1043 4601 1216 4656 usque
1244 4585 1310 4639 ad
1359 4599 1678 4655 praesentem
1709 4589 1873 4644 diem.
1908 4589 1975 4642 Et
2004 4587 2141 4642 Juda
2175 4584 2219 4638 Ι)
2246 4606 2269 4640 ν

2120 4603 2141 4642 a
2175 4584 2219 4638 Ι)
2246 4587 2392 4651 νοίας
2423 4585 2672 4655 γενέσθαι
2698 4583 3074 4655 αἰχμαλώτους
3096 4584 3176 4647 είς
3215 4581 3557 4653 Ἀσσυρίους,
3577 4581 3651 4643 ὡς
3672 4579 3816 4648 λέγει

575 4679 837 4745 peccavit,
866 4678 1208 4748 traditusque
1236 4685 1319 4731 est
1347 4675 1662 4748 Babyloniis
1681 4720 1695 4742 .
1730 4695 1839 4734 non
1875 4695 2048 4750 usque
2075 4679 2140 4733 ad

579 4766 897 4822 hodiernam
923 4770 1089 4833 diem,
1120 4769 1211 4824 sed
1239 4770 1319 4840 (ut
1347 4765 1627 4838 Scriptura
1655 4771 1902 4842 testatur)
1927 4780 2146 4840 septua-

578 4857 726 4928 ginta
756 4858 914 4913 annis
939 4859 1005 4914 de
1027 4860 1226 4929 quibus
1263 4859 1531 4916 Jeremias
1559 4861 1923 4932 pr0phetavit,
1957 4870 2010 4916 et
2039 4859 2142 4914 Da-

574 4949 705 5005 niel.
761 4948 816 5004 Si
857 4950 1168 5005 intellexisti
1227 4952 1510 5007 historiam
1558 4969 1680 5026 qua:
1726 4953 1782 5008 in
1833 4952 2142 5025 Regnorum

2248 4682 2282 4752 ή
2311 4679 2523 4751 Γραφὴ,
2565 4679 2724 4751 μέχρι
2756 4679 2854 4750 τῆς
2887 4679 3144 4750 σήμερον.
3195 4677 3350 4733 Μετὰ
3382 4675 3535 4730 τοῦτο
3573 4677 3817 4746 ἥμαρτον

2249 4770 2342 4822 xui
2371 4769 2420 4822 οἰ
2448 4770 2554 4821 uloi
2584 4768 2675 4821 :06
2719 4768 2905 4832 Ἰούδα,
2928 4767 3022 4822 καὶ
3047 4765 3512 4835 κατεδικάσθησαν
3537 4763 3820 4835 αἰχμάλω-

2247 4877 2330 4915 τοι
2372 4860 2451 4922 εἰς
2499 4856 2814 4924 Βαϐυλῶνα,
2857 4857 2977 4928 ούχὶ
3021 4855 3184 4928 μέχρι
3234 4857 3332 4927 τῆς
3369 4857 3627 4926 σήμερον,
3673 4853 3748 4916 ὡς
3788 4854 3818 4906 6

2262 4949 2501 5022 Ἰσραὴλ,
2549 4948 2686 5004 ἀλλὰ
2717 4949 2811 5002 ἐπὶ
2842 4947 3209 5020 ἐϐδομήκοντα
3245 4946 3500 5018 ἔτη,περὶ
3543 4939 3618 5000 ὧν
3648 4943 3678 4996 6
3733 4945 3820 4997 Ιε-

649 5085 820 5142 ”Isa.
845 5105 953 5156 Liv,
979 5090 1028 5143 I.
1103 5089 1366 5147 “Jerem.
1393 5108 1453 5160 ιι,
1495 5094 1583 5149 51.
1658 5095 1703 5126 ⁸⁷
1733 5092 1931 5151 Jerem.
1966 5109 2048 5161 ιιι,
2087 5093 2241 5150 6-I-I.

658 5204 735 5276 (l)
775 5205 904 5277 Mss.
942 5206 1098 5277 Reg.,
1139 5211 1406 5264 discessio.

652 5277 732 5345 (2)
773 5276 954 5332 Codex
1002 5276 1359 5335 Scorialensis
1391 5297 1404 5332 :
1443 5282 1690 5345 συντελὲς
1722 5279 1885 5334 αὑτοῦ
1913 5281 2052 5335 κατά
2079 5280 2149 5334 τὰ

580 5345 809 5416 αἰσθητή
817 5364 928 5416 ρια.

966 5419 1134 5473 codex
1159 5417 1456 5476 Vaticanus
1487 5437 1499 5470 :
1531 5421 1606 5484 ὡς
1646 5421 1701 5473 δὲ
1741 5419 1816 5483 ὡς
1856 5419 1947 5472 τὸν
1982 5418 2147 5472 ἰδικδν

582 5483 812 5561 ἔρχομαι
842 5488 907 5561 ὲκ
937 5487 1226 5561 προσώπου
1261 5483 1609 5561 τοῠᾈἸσραὴλ
1644 5490 2002 5561 πραγμάτων.

654 5555 730 5630 (4)
769 5555 1310 5630 Codexgvaticanus:
1353 5559 1414 5630 Εἰ
1565 5555 1649 5624 τις
1687 5555 1874 5629 καιρὸς
1903 5557 2144 5630 γέγονεν,

584 5625 669 5676 ετε
697 5625 1210 5699 ἐγκατελείφθησαν,
1246 5629 1407 5680 οἱονεὶ
1436 5625 1638 5699 ἔρημος
1670 5625 1877 5699 αύτοῖς,
1903 5625 2001 5699 06x
2027 5627 2148 5699 {pq-

589 5710 686 5760 μσς
726 5691 800 5744 ὣν
836 5691 1016 5758 αὐτοῖς
1048 5691 1281 5763 ἐγένετο.
1329 5691 1480 5749 "0:5'
1503 5691 1683 5766 μεντοι
1715 5695 1782 5770 ἧν
1813 5697 1890 5768 τῷ
1933 5691 2146 5768 Ἰσραὴλ

591 5761 684 5816 οὐκ
721 5761 926 5832 ἕρημος
958 5765 1078 5822 οὐδὲ
1105 5766 1513 5836 κεχερσωμένη,
1547 5770 1658 5833 τοῖς
1689 5768 1862 5823 ἔθνεσι
1890 5769 2026 5822 κατὰ
2054 5767 2147 5820 τὸν

2257 5208 2425 5280 ἰδικὸν
2448 5207 2606 5277 λόγον
2639 5207 2734 5280 ἔρη
2744 5225 2861 5280 μος.

2328 5279 2406 5348 (5)
2449 5280 2594 5333 Idem
2630 5280 2760 5334 :xui
2784 5279 3010 5348 ἔρημος.

2321 5339 2399 5418 (6)
2449 5348 2593 5402 Idem
2640 5365 2652 5402 :
2696 5339 3029 5418 yéyo'vé'_v6v
3054 5340 3422 5418 ﬂuimd’aulo
3466 5341 3624 5418 infra_
3647 5339 3817 5418 codex

2252 5407 2614 5472 Scorialensis
2660 5407 3123 5482 ofniititzléywxi"
3172 5412 3246 5464 υύ
3286 5411 3484 5479 γέγονα
3525 5413 3652 5484 ὑμῖν
3681 5407 3815 5481 ἐρη-

2251 5487 2496 5558 μοςίοῦξὲ
2528 5489 2600 5558 γῆ
2631 5485 3034 5558 κεχερσωμένη-

2319 5547 2396 5626 (’7)
2437 5547 2615 5626 Codeit
2663 5547 3018 5626 SEo'rialensis
3055 5568 3068 5605 :
3118 5547 3257 5626 ἶΑλλ⁹
3304 5547 3587 5626 εἰρήκασιν
3629 5549 3677 5602 οἰ
3707 5549 3815 5604 olei

2265 5616 2500 5696 Ἰσραὴλ,
2533 5623 2978 5697 ἀπονενοημένοις
3008 5619 3150 5697 κατά
3180 5617 3278 5697 τῂν
3309 5616 3474 5684 λέξιν.

2324 5658 3156 5776 errasse:agragas
3190 5658 3561 5776 risisse...

2253 5762 2347 5823 aut
2379 5762 2610 5838 πρῶτος.
2637 5780 2758 5836 quae
2785 5778 2909 5819 vera
2941 5762 3099 5816 lectio
3125 5765 3228 5812 est.
