4296 6288
425 314 542 375 285

1572 315 1640 371 IN
1677 315 2024 371 JEREBIIAM
2065 315 2346 371 llOMlLlA
2386 315 2481 371 IV.

3586 320 3695 380 r286

435 436 640 510 ρεμιας
673 438 1094 509 προεφήτευσεν,
1126 437 1256 508 περὶ
1280 429 1356 492 ὧν
1380 437 1594 509 ἐμυήθη
1626 439 1720 492 καὶ
1748 441 1776 492 ὁ
1798 440 2016 509 Δανιήλ.

2003 480 2016 493 .
2047 443 2094 501 Α
2121 439 2276 494 libris
2305 439 2509 508 scripta
2535 447 2646 505 est,
2677 438 2962 494 considera
2993 440 3156 495 verba
3192 443 3488 512 prophetae,
3522 456 3576 500 et
3615 449 3697 500 vi-

441 529 506 581 Εἰ
528 527 751 598 νοοῦμεν
781 527 954 580 ταῦτα
979 527 1056 590 ὼς
1087 527 1225 599 πρὸς
1249 528 1342 581 τὸν
1365 527 1496 582 λαὸν
1525 530 1727 583 ἐκεῖνον
1759 529 1847 582 τὸν
1870 529 2014 593 τότε,

443 618 519 672 ῐδε
551 618 648 682 τὰς
687 617 858 683 λέξεις
901 617 998 672 τοῦ
1033 620 1335 691 προφήτου,
1370 619 1418 672 εί
1451 616 1526 690 μή
1567 620 1776 673 τοιοῦτό
1819 637 1870 673 τι
1913 620 2011 691 δη-

440 710 605 763 λοῦσι.
655 711 977 781 Κατηγορεῖ
1022 711 1131 782 γὰρ
1169 711 1276 764 τῶν
1311 711 1596 782 ἁμαρτιῶν
1641 711 1735 765 τοῦ
1797 713 2012 784 Ἰσραὴλ

438 802 569 873 πρὸς
596 801 776 870 λόγον,
805 804 900 856 καί
933 819 1098 873 φησιν
1163 804 1265 868 ὅτι,
1292 802 1574 856 Τοσούτων
1599 803 2011 875 ἁμαρτημάτων

433 894 814 965 γεγενημένων
845 894 924 966 τῷ
968 893 1202 966 Ἰσραὴλ,
1236 895 1516 949 ἀκούσασα
1562 896 1594 966 ἡ
1645 895 1814 948 Ἰούδα
1844 913 2008 949 συνα-

429 984 579 1057 γωγὴ
617 985 690 1038 τὰ
737 985 960 1038 ἐκείνων
1005 985 1342 1055 πταίσματα,
1384 987 1476 1040 καὶ
1506 987 1627 1039 τίνα
1663 984 1865 1056 τρόπον
1911 1003 2009 1038 πε-

2121 530 2276 585 dehis
2314 529 2565 584 eumdem
2611 529 2842 598 exprimi
2878 544 3122 584 sensum.
3170 531 3474 588 Accusatur
3527 535 3694 591 Israel

2119 629 2172 676 et
2205 619 2407 675 dicitur
2439 638 2451 674 :
2479 619 2722 674 Audiens
2750 620 3097 690 congregatio
3125 619 3262 675 Iuda
3289 625 3432 692 quod
3463 625 3534 680 ob
3563 641 3691 696 pec-

2117 721 2239 767 cata
2297 725 2400 766 sua
2450 709 2618 765 Israel
2674 708 2908 764 traditus
2959 709 3032 764 sit
3072 711 3396 779 captivitati,
3441 728 3552 767 non
3584 715 3695 784 egit

2119 801 2498 873 ptenitentism
2524 840 2542 868 ,
2581 816 2687 855 nec
2715 817 2982 857 conversa
3016 813 3100 856 est
3129 802 3195 856 ad
3224 817 3312 857 me
3339 819 3354 856 :
3381 805 3473 858 sed
3497 804 3551 858 in
3581 815 3694 860 tan-

2111 903 2228 949 tum
2257 901 2476 964 peccata
2495 893 2731 961 peccatis
2749 892 3064 957 cumulavit,
3079 903 3140 947 It
3153 894 3219 948 ad
3231 895 3691 964 comparationem

2112 983 2370 1036 vitiorum
2399 981 2518 1044 ejus
2535 979 2739 1050 justior
2761 979 2918 1053 142
2952 982 3258 1036 inveniatur
3291 982 3474 1038 Israel.
3497 983 3695 1039 Deinde

428 1073 636 1145 ποίηκα
672 1075 873 1140 αὐτοὺς
901 1076 1155 1145 γενέσθαι
1187 1078 1246 1130 ἐν
1290 1078 1658 1149 αἰχμαλωσίᾳ,
1706 1078 1806 1130 οὐκ
1847 1079 2008 1130 ἐπαι-

1998 1105 2008 1115 -
2113 1071 2380 1143 pr0phcta
2410 1072 2710 1141 praedicare
2731 1071 2957 1140 jubetur
2989 1073 3054 1126 ad
3090 1072 3277 1138 Israel,
3309 1083 3368 1128 ut
3395 1075 3525 1144 quia
3553 1072 3697 1130 Juda

423 1163 611 1234 δεύθη,
639 1164 777 1218 ἀλλὰ
803 1166 1110 1237 προσέθηκε
1138 1170 1254 1231 ταῖς
1285 1168 1600 1238 ἁμαρτίαις,
1631 1167 1770 1219 ὥστε
1798 1167 1886 1220 διὰ
1913 1166 2009 1237 τὴν

1998 1185 2009 1217 ρ
2111 1164 2266 1233 pejor
2298 1163 2392 1217 illo
2447 1162 2623 1217 factus
2663 1164 2756 1230 sit,
2795 1172 3144 1218 convertatur
3182 1165 3249 1219 ad
3285 1165 3600 1230 Dominum,
3633 1175 3687 1222 et

423 1255 748 1328 προσθήκην
797 1256 904 1310 τῶν
949 1259 1364 1330 ἁμαρτημάτων
1413 1259 1856 1332 συγκρινομένων
1894 1263 2008 1323 τοῖς

1998 1277 2008 1322 ς
2116 1254 2301 1320 Israel,
2348 1262 2404 1308 et
2432 1253 2571 1309 Juda
2601 1255 2704 1309 sub
2740 1271 2848 1308 uno
2879 1255 3108 1324 imperio
3133 1255 3346 1311 futuros
3369 1272 3511 1323 esse,
3538 1267 3590 1312 et
3619 1259 3687 1311 ad

425 1347 788 1418 ἁμαρτήμασι
811 1349 902 1402 τοῦ
945 1349 1161 1423 Ἰσραὴλ
1187 1351 1533 1422 δικαιοσύνην
1561 1351 1821 1423 εὑρῆσθαι
1845 1353 1901 1403 ὲν
1927 1350 2007 1421 τῷ

1998 1369 2007 1400 ι
2115 1347 2405 1416 pristinam
2443 1347 2718 1402 redituros
2765 1347 3136 1401 concordiam.
3183 1347 3340 1412 Quod
3379 1358 3439 1403 ut
3475 1349 3692 1419 planius

440 1437 682 1509 Ἰσραὴλ,
709 1441 861 1512 παρὰ
886 1442 979 1495 τὸν
1023 1442 1244 1496 Ἰούδαν.
1273 1439 1407 1496 Εἶτα
1436 1443 1530 1496 ἐπὶ
1553 1441 1764 1504 τούτοις
1791 1441 2006 1494 κελεύε-

1998 1471 2006 1480 -
2119 1437 2232 1502 ﬁat,
2267 1437 2438 1507 ipsius
2465 1437 2760 1510 Scriptura:
2792 1439 2954 1493 verba
2989 1439 3238 1508 ponenda
3267 1450 3415 1496 sunt.

425 1545 515 1583 ται
550 1534 832 1604 προφήτης
879 1535 1272 1606 προφητεῦσαι,
1305 1533 1380 1600 ὡς
1422 1535 1662 1607 χείρονος
1702 1535 1994 1604 γενομένου
2032 1530 2125 1584 τοῦ
2164 1529 2332 1584 Ἰούδα
2358 1531 2508 1602 παρά
2543 1531 2633 1586 τὸν
2658 1529 2906 1602 Ἰσραήλ·
2948 1525 3066 1582 εἶτα
3097 1530 3185 1584 ἵνα
3233 1533 3371 1602 μετά
3409 1533 3478 1588 τὰ
3521 1535 3704 1606 ἀμαρ-

426 1623 647 1693 τήματα
691 1625 1033 1697 ἐπιστρέψῃ·
1084 1626 1222 1696 μετά
1263 1627 1363 1696 τὴν
1413 1626 1748 1698 προφητείαν
1793 1621 1884 1678 οὖν
1927 1623 2027 1692 τὴν
2068 1621 2205 1692 πρὸς
2247 1621 2460 1693 Ἰσραὴλ
2502 1621 2828 1676 κελεύουσαν
2868 1620 3192 1692 ἐπιστρέψαι
3239 1622 3398 1676 αὑτὸν
3424 1664 3439 1689 ,
3489 1642 3700 1696 προφη-

426 1713 572 1768 τεύει
593 1717 621 1768 ὁ
647 1717 950 1788 προφήτης,
973 1715 1054 1768 ὃτι
1074 1716 1356 1786 μέλλουσιν
1379 1717 1494 1787 ἅμα
1529 1715 1776 1785 γίνεσθαι
1817 1712 2034 1785 Ἰσραὴλ
2077 1712 2172 1764 καὶ
2203 1710 2438 1774 Ἰούδας,
2475 1712 2569 1765 καὶ
2605 1710 2852 1781 γίνεσθαί
2880 1709 3022 1763 ¹ποτε
3069 1712 3197 1782 μίαν
3230 1713 3553 1786 ἀμφοτέρων
3597 1714 3696 1784 βα-

428 1805 650 1859 σιλείαν.
698 1800 823 1858 Ὧδε
873 1805 1020 1882 γοῦν,
1044 1807 1252 1860 λαϐέτω
1287 1807 1354 1861 τὰ
1397 1809 1613 1879 ῥήματα
1657 1807 1758 1877 τῆς
1819 1806 1948 1876 ὅλης
2003 1802 2240 1874 σήμερον
2297 1801 2675 1871 ἀναγνώσεως,
2710 1803 2804 1856 καὶ
2844 1804 2966 1858 τότε
2991 1804 3179 1875 δψεται
3210 1807 3280 1859 τὰ
3321 1807 3570 1878 νοήματα
3607 1807 3694 1861 δε-

428 1901 719 1974 δηλῶσθαι.

493 1993 603 2047 Kal
649 1987 780 2046 εἷπε
810 1992 1027 2059 Κύριος
1064 1993 1215 2060 πρὸς
1237 1995 1316 2061 μὲ
1339 1992 1410 2046 ἐν
1440 1990 1570 2058 ταῖς
1601 1991 1844 2060 ἡμέραις
1889 1990 2000 2044 Ἰω-

1998 2021 2000 2027 ,
2036 1995 2077 2050 Β
2179 1981 2248 2036 Et
2279 1984 2417 2036 dixit
2451 1983 2706 2037 Dominus
2732 1982 2802 2036 ad
2839 2000 2918 2036 me
2956 1985 3013 2037 in
3058 1985 3242 2038 diebus
3289 1988 3423 2055 regis
3469 1986 3683 2040 Josiaz:

421 2080 562 2133 σίου
589 2080 695 2134 τοῦ
720 2079 1030 2146 βασιλέως
1046 2097 1060 2110 ·
1085 2077 1259 2146 Εἶδες
1284 2080 1323 2134 ἃ
1346 2081 1595 2148 ἐποίησέ
1620 2098 1719 2150 μοι
1745 2081 1784 2147 ἡ
1810 2097 2003 2134 κατοι-

421 2173 526 2224 κία
574 2170 680 2224 τοῦ
736 2170 1018 2239 Ἰσραήλ;
1059 2172 1175 2224 Οὐκ
1215 2171 1424 2236 Ἰούδα,
1461 2171 1594 2224 ἀλλὰ
1620 2170 1716 2224 τοῦ
1762 2169 1976 2241 Ἰσραὴλ

426 2255 706 2327 πρῶτον(
731 2259 1029 2332 Ἐπορεύθη
1063 2263 1154 2315 ἐπί
1185 2263 1292 2314 πᾶν
1335 2263 1461 2334 ὅρος
1486 2261 1710 2332 ὑψηλὸν,
1744 2262 1838 2314 καὶ
1879 2261 2003 2314 ὑπο-

419 2345 571 2398 κάτω
620 2349 820 2414 παντὸς
863 2351 1018 2416 ξύλου
1062 2351 1356 2419 ἀλσὼδους,
1406 2353 1498 2408 καὶ
1524 2353 1842 2424 ἐπόρνευσε.
1891 2352 2000 2405 Καὶ

421 2432 550 2491 εἶπα
581 2440 718 2507 μετά
747 2441 807 2494 τὸ
839 2444 1130 2514 πορνεῦσαι
1171 2444 1343 2515 αὐτὴν
1377 2445 1553 2498 πάντα
1595 2444 1791 2498 ταῦτα·
1841 2443 1998 2496 ’Λνά-

422 2528 651 2600 στρεψον
696 2531 834 2603 πρὸς
861 2535 946 2601 με·
990 2535 1082 2587 καὶ
1109 2535 1210 2587 οὐκ
1237 2533 1557 2606 ἀνέστρεψε.
1593 2535 1703 2588 Καὶ
1735 2529 1872 2587 εἶδεν
1900 2533 1998 2604 τὴν

415 2618 740 2673 ἀσυνθεσίαν
775 2623 946 2692 αὐτῆς
993 2625 1092 2693 τῆς
1140 2626 1359 2698 Ἰσραὴλ
1404 2626 1793 2697 συναγωγῆςή
1842 2625 2000 2679 ἀσύν-

415 2707 569 2772 θετος
621 2710 811 2764 Ἰούδα.
865 2713 972 2766 Καὶ
1014 2708 1154 2769 εἶδον
1200 2716 1250 2767 οἱ
1299 2716 1408 2768 ἀπὸ
1469 2713 1658 2781 Ἰούδα,
1698 2715 1829 2768 διότι
1870 2715 1995 2787 περὶ

414 2799 626 2856 πάντων
674 2795 750 2856 ὧν
777 2805 1108 2877 κατελήφθη,
1151 2809 1208 2860 ἐν
1250 2803 1331 2871 οἷς
1366 2809 1626 2879 ἐμοιχᾶτο
1669 2809 1702 2878 ή
1737 2807 1996 2862 κατοικία

413 2892 505 2945 τοῦ
540 2895 776 2966 Ἰσραήλ.
803 2899 913 2951 Καὶ
940 2898 1295 2963 ἐξαπέστὲιλα
1312 2901 1504 2974 αὐτὴν,
1532 2903 1628 2954 καὶ
1654 2902 1828 2955 ἔδωκα
1853 2902 1990 2972 αὐτῇ

413 2985 611 3054 βιϐλίον
639 2986 989 3041 ἀποστασίου·
1015 3009 1032 3042 ι
1055 2990 1171 3046 δέον
1187 2993 1542 3064 παιδευθῆναι
1613 2987 1704 3044 τὸν
1771 2985 1986 3043 Ἰούδαν.

423 3076 806 3143 Ἑξαπέστειλα
828 3081 933 3155 γὰρ
955 3083 1052 3153 τὴν
1077 3083 1400 3155 συναγωγήν
1431 3083 1668 3154 Ἰσραὴλ,
1696 3081 1985 3155 ἐξήνεγκον

410 3168 605 3231 αὐτοὺς
635 3171 714 3233 είς
765 3172 1111 3242 Ἀσσυρίους.
1165 3193 1183 3226 ‹
1225 3173 1337 3227 Καὶ
1376 3173 1552 3225 ἔδωκα
1596 3174 1732 3242 αὐτῇ
1785 3169 1987 3240 βιϐλίον

2117 2073 2317 2127 Vidisti
2378 2075 2504 2144 quid
2552 2075 2676 2143 fecit
2737 2075 2863 2127 milii
2918 2075 3177 2128 habitatio
3234 2077 3420 2130 domus
3471 2077 3692 2133 Israel?

2102 2162 2226 2218 Non
2251 2164 2390 2218 dixit
2416 2163 2574 2229 Juda,
2599 2162 2692 2219 sed
2711 2163 2862 2232 prius
2890 2162 3074 2218 lsrael.
3103 2164 3247 2217 Abiit
3269 2166 3454 2220 subtus
3479 2182 3685 2220 onmem

2102 2264 2334 2310 montem
2358 2253 2643 2318 excelsum,
2663 2263 2710 2307 et
2731 2253 2916 2307 subtus
2941 2270 3091 2308 omne
3111 2255 3312 2325 lignum
3329 2272 3684 2324 nemorosum,

2099 2358 2154 2403 et
2179 2348 2444 2418 fornicata
2472 2355 2549 2399 est
2586 2345 2720 2412 illic,
2753 2355 2802 2400 et
2824 2345 2963 2410 dixi,
2993 2356 3269 2417 postquam
3298 2349 3565 2418 fornicata
3587 2361 3664 2405 est

2100 2437 2217 2491 hare
2229 2436 2438 2490 omnia:
2458 2435 2769 2490 Convertere
2797 2437 2866 2489 ad
2893 2450 2998 2490 me:
3018 2446 3067 2490 et
3095 2453 3197 2491 non
3228 2447 3304 2490 est
3329 2453 3596 2493 conversa.
3619 2439 3686 2494 Et

2099 2527 2305 2580 audivit
2334 2528 2825 2595 prtevaricationem
2857 2527 2995 2596 ejus,
3037 2528 3092 2580 td
3134 2537 3212 2582 est
3255 2529 3438 2598 μοραίὶ
3488 2527 3684 2596 Israel,

2099 2616 2504 2684 praevaricatrix
2531 2614 2700 2670 Iuda.
2727 2614 2798 2669 Et
2836 2617 3078 2669 viderunt
3107 2613 3184 2684 (id
3210 2619 3316 2678 est,
3336 2612 3374 2666 ii
3409 2613 3501 2683 qui
3525 2630 3678 2673 erant

2098 2707 2167 2762 de
2205 2703 2366 2777 Iuda)
2407 2708 2655 2775 quoniam
2697 2707 2762 2761 de
2801 2708 3046 2763 omnibus
3083 2711 3455 2780 comprehensa
3505 2722 3582 2765 est
3630 2715 3684 2766 in

2096 2797 2286 2868 quibus
2317 2799 2677 2852 mwclrabatur
2704 2798 2967 2854 habitatio
3015 2798 3210 2854 Israel.
3248 2801 3444 2856 Dimisi
3481 2820 3594 2856 eam
3631 2816 3681 2858 et

2091 2887 2218 2941 dedi
2269 2888 2318 2942 ei
2369 2889 2607 2942 libellum
2665 2890 2890 2959 repudii.
2960 2889 3152 2946 Dimisi
3216 2894 3359 2946 enim
3420 2896 3678 2964 populum

2094 2975 2282 3042 lsrael..
2321 2988 2375 3034 et
2403 2980 2538 3050 ejeei
2574 2996 2670 3036 eos
2695 2981 2748 3035 in
2781 2982 3036 3053 Assyrios
3071 3001 3086 3038 :
3127 2983 3192 3036 Et
3223 2985 3344 3038 dedi
3369 2988 3417 3038 ei
3442 2986 3680 3042 libellum

2098 3071 2305 3140 repudii
2333 3072 2387 3124 in
2418 3088 2603 3126 manus
2624 3073 2760 3142 ejus,
2813 3083 2862 3127 et
2905 3091 3008 3127 non
3049 3075 3227 3130 timuit
3275 3080 3680 3147 prwvaricatrix

2089 3160 2259 3216 Juda.
2321 3161 2452 3217 Post
2502 3173 2650 3218 tanta
2692 3181 2814 3234 qua:
2843 3181 3003 3235 passa
3052 3175 3134 3222 est
3172 3167 3352 3234 Israel,
3389 3171 3614 3225 dimissa
3646 3189 3678 3226 a

408 3257 759 3325 ἀποστάσεως
777 3261 852 3330 (1)
872 3264 950 3325 είς
971 3262 1067 3326 τὰς
1082 3267 1268 3336 χεῖρας
1292 3263 1480 3332 αὐτῆς·
1502 3262 1596 3316 καὶ
1623 3261 1722 3314 οὐκ
1743 3260 1984 3332 ἐφοϐήθη
2018 3326 2026 3336 Α

2018 3320 2058 3336 ﬂ
2092 3251 2224 3318 Deo,
2253 3253 2528 3323 accipiens
2557 3255 2800 3308 libellum
2843 3257 3051 3325 repudii
3084 3258 3135 3313 in
3171 3274 3366 3314 manus
3397 3276 3547 3326 suas,
3576 3261 3673 3314 de-

405 3349 438 3418 ή
468 3320 756 3413 ἀσύνθετος
784 3320 979 3406 ὶἸούδα.
1018 3320 1218 3407 tritinia
1247 3320 1482 3408 τοσαῦτα
1505 3353 1560 3406 δὲ
1591 3353 1626 3407 ἃ
1653 3320 1874 3425 ἐποίησε
1899 3320 1984 3423 'ch
2013 3326 2026 3379 ⁴

2013 3320 2058 3382 C
2085 3344 2280 3400 buerat
2314 3361 2345 3400 a
2375 3320 2522 3401 vitiis
2556 3345 2695 3400 Juda
2731 3349 2996 3415 converti,
3033 3360 3086 3403 et
3116 3365 3209 3418 per
3237 3351 3414 3414 aliena
3451 3362 3674 3422 peccata

417 3439 652 3511 Ἰσραὴλ,
689 3439 1078 3507 ἐξαποστείλας
1119 3444 1304 3508 αὐτὸν,
1346 3445 1470 3509 δοὺς
1504 3444 1705 3513 βιϐλίον
1739 3443 1980 3497 ἀποστά-

403 3544 540 3592 σεως
561 3529 662 3599 (2),
680 3529 798 3584 δέον
816 3531 1168 3603 παιδευθῆναι
1183 3533 1281 3604 τὴν
1297 3533 1464 3587 ’ἰούδα
1482 3533 1803 3602 συναγωγὴν
1826 3529 1886 3596 ἐξ
1905 3525 1980 3587 ὧν

399 3620 737 3675 πεπόνθασιν
763 3624 960 3676 ἐκεῖνοι
979 3639 992 3654 ·
1020 3625 1067 3676 οἱ
1093 3624 1148 3678 δὲ
1175 3624 1237 3676 οὐ
1263 3624 1421 3694 μόνον
1437 3625 1536 3678 οὐκ
1557 3623 1976 3695 ἐπαιδεύθησαν,

398 3709 535 3764 ἀλλά
568 3712 914 3784 προσέθηκαν
945 3715 1056 3776 τοῖς
1090 3715 1498 3786 ἁμαρτήμασιν·
1531 3713 1670 3769 ὥστε
1701 3714 1768 3768 τὰ
1797 3716 1980 3787 ἀμαρ-

397 3801 620 3872 τήματα
643 3803 741 3873 τῆς
775 3804 989 3874 Ἰσραὴλ
1014 3806 1349 3876 συναγωγῆς,
1367 3804 1772 3874 συγκρίσειτῶν
1794 3807 1978 3878 ἀμαρ-

395 3907 460 3962 τη
469 3893 655 3962 μάτων
674 3893 772 3962 τῆς
801 3896 1121 3966 συναγωγῆς
1134 3899 1228 3951 τοῦ
1256 3897 1444 3964 Ἰούδα,
1460 3896 1807 3969 δικαιοσύνην
1830 3896 1968 3954 εἶναι

393 3981 590 4036 δοκεῖν.
633 4003 651 4035 t
686 3985 794 4037 Καὶ
815 3985 989 4038 ἔδωκα
1015 3985 1152 4056 αὐτῇ
1185 3985 1385 4055 βιϐλίον
1406 3988 1739 4042 ἀποστασίου
1768 3992 1847 4053 είς
1873 3991 1972 4054 τὰς

394 4072 582 4142 χεῖρας
619 4072 823 4142 αὐτῆς·
860 4076 956 4127 καὶ
1001 4074 1100 4126 οὐκ
1133 4074 1374 4146 ἐφοϐήθη
1407 4076 1441 4146 ή
1473 4075 1765 4141 ἀσύνθετος
1805 4079 1973 4130 Ἰούδα

392 4162 427 4229 η
470 4159 674 4231 ἀδελφὴ
709 4161 900 4232 αὐτῆς,
942 4161 1038 4216 καὶ
1079 4163 1373 4234 ἐπορεύθη.
1426 4165 1520 4217 καὶ
1552 4167 1848 4236 ἐπόρνευσε
1879 4168 1973 4221 καὶ

390 4248 553 4320 αὐτὴ,
584 4252 678 4305 καὶ
715 4252 932 4320 ἐγένετο
971 4254 1142 4325 αὐτῆς
1191 4255 1272 4317 είς
1311 4255 1462 4308 οὐδὲν
1503 4257 1535 4326 ή
1582 4258 1831 4326 πορνεία,
1879 4258 1972 4313 καὶ
2023 4315 2026 4317 .

391 4339 684 4410 ἐμοίχευσε
709 4340 770 4394 τὸ
801 4339 954 4405 ξύλον
980 4343 1072 4396 καὶ
1093 4341 1182 4396 τὸν
1207 4343 1373 4397 λίθον·
1402 4344 1492 4397 καὶ
1513 4345 1571 4397 ἐν
1606 4347 1739 4400 πᾶσι
1761 4347 1968 4414 τούτοις

389 4431 489 4484 οὐκ
519 4431 826 4502 ἐπέστρεψε
870 4434 1008 4504 πρός
1043 4436 1168 4506 μεή
1201 4435 1493 4500 ἀσύνθετος
1540 4438 1708 4490 Ἰούδα
1743 4439 1806 4504 ἐξ
1841 4440 1968 4512 ὅλης

390 4523 485 4592 τῆς
511 4523 739 4594 καρδίας
780 4523 970 4596 αὐτῆς,
1017 4524 1131 4578 ἀλλ’
1161 4527 1252 4579 ἐπὶ
1272 4526 1458 4596 ψεύδει
1493 4528 1791 4600 ἐπέστρεψε
1827 4532 1966 4603 πρός

393 4627 476 4680 με.
499 4632 518 4664 ι
543 4613 657 4666 Οὐκ
687 4612 883 4684 ᾔδεσαν
907 4630 975 4684 με
1000 4613 1058 4679 ἐξ
1077 4613 1154 4684 (5)
1173 4607 1246 4668 ὧν
1273 4615 1506 4685 ἐποίησα
1525 4614 1603 4686 τῷ
1619 4616 1851 4688 Ἰσραὴλ,
1877 4618 1962 4671 ἶνα

2086 3447 2356 3506 correpta,
2409 3438 2513 3492 sibi
2561 3437 2763 3493 similia
2794 3454 3102 3508 prwcavcrc
3133 3459 3146 3495 :
3177 3458 3299 3512 qua:
3337 3459 3442 3497 non
3495 3445 3671 3499 solutn

2084 3544 2310 3599 peccare
2342 3545 2448 3584 non
2483 3530 2663 3598 desiit,
2702 3530 2796 3586 sed
2830 3532 3063 3603 pristina
3101 3533 3325 3603 scelera_
3349 3534 3666 3603 duplicavit,

2084 3621 2140 3676 in
2171 3628 2385 3675 tantum
2432 3630 2492 3676 ut
2528 3621 2596 3675 ad
2634 3624 3104 3692 comparationem
3150 3623 3270 3692 ejus
3319 3625 3670 3693 congregatio

2082 3711 2266 3776 Israel,
2309 3727 2430 3782 qua:
2474 3713 2626 3783 prius
2657 3712 2838 3769 fuerat
2872 3715 2989 3784 ipsa
3019 3715 3299 3778 damnata,
3343 3716 3414 3768 sit
3438 3714 3663 3784 justior.

2080 3800 2150 3854 Et
2183 3800 2305 3855 dedi
2339 3803 2389 3856 ei
2413 3801 2651 3857 libellum
2683 3805 2890 3872 repudii
2917 3803 2973 3856 in
2993 3820 3182 3857 manus
3211 3805 3346 3872 ejus,
3381 3814 3429 3858 et
3462 3821 3562 3857 non
3595 3806 3667 3858 ti-

2084 3895 2212 3946 muit
2239 3895 2645 3963 prwvaricatrix
2666 3895 2808 3949 Juda
2840 3912 2993 3948 soror
3024 3896 3160 3961 eius,
3193 3898 3284 3949 sed
3310 3898 3465 3960 abiit,
3489 3908 3538 3952 et
3561 3899 3670 3967 [0r-

2081 3987 2264 4037 nicata
2293 3993 2370 4037 est
2401 3996 2448 4038 et
2480 3986 2619 4054 ipsa,
2665 3995 2714 4038 et
2751 3987 2896 4055 facta
2925 3995 3003 4040 est
3039 3985 3326 4054 fornicalio
3349 3987 3462 4058 ejus
3495 3989 3550 4042 in
3583 3991 3666 4043 ni-

2076 4073 2264 4140 hilum,
2294 4084 2340 4127 et
2374 4074 2731 4128 utaecltabatur
2757 4079 2810 4130 in
2835 4078 3036 4148 lignum
3057 4088 3105 4130 et
3129 4079 3396 4148 lapidem;
3423 4091 3471 4133 et
3501 4082 3554 4133 in
3580 4082 3661 4134 Itis

2078 4165 2318 4219 omnibus
2345 4182 2448 4219 non
2477 4175 2553 4219 est
2587 4183 2833 4222 conversa
2857 4170 2926 4222 ad
2962 4187 3041 4224 me
3071 4172 3472 4240 prwvaricatrix
3492 4171 3660 4239 Juda,

2073 4272 2139 4311 ea:
2179 4266 2286 4310 toto
2309 4259 2464 4313 corde
2493 4276 2610 4323 suo,
2640 4261 2730 4314 sed
2771 4264 2825 4316 in
2860 4263 3229 4328 mendacium;
3259 4279 3358 4319 nec
3389 4265 3571 4319 timuit
3593 4281 3657 4320 ex

2073 4344 2162 4401 his
2189 4360 2310 4415 qua:
2340 4345 2546 4403 fecerat
2592 4349 2779 4414 Israel,
2827 4362 2886 4407 ut
2916 4363 3030 4408 toto
3061 4353 3224 4409 corde
3254 4364 3660 4409 converteretur

2071 4437 2138 4492 ad
2168 4453 2276 4502 me,
2314 4448 2369 4494 et
2406 4439 2658 4510 deposito
2689 4443 2998 4512 mendacio,
3033 4445 3087 4500 in
3115 4461 3224 4516 quo
3252 4446 3655 4516 perseverabat,

2069 4545 2197 4585 vere
2236 4541 2423 4602 ageret
2448 4537 2846 4602 pmnitentiatn.
2881 4536 2950 4590 Et
2982 4537 3119 4591 dixit
3153 4537 3404 4591 Dominus
3437 4539 3508 4592 ad
3535 4555 3655 4596 me:

1998 4618 2392 4707 DJusti/icavit
2447 4625 2684 4679 animant
2731 4644 2884 4681 suam
2936 4626 3109 4682 Israel
3137 4644 3170 4681 α
3223 4630 3654 4697 prwvaricatrice

389 4703 604 4766 τελείως
637 4704 962 4777 ἐπιστρέψῃ,
992 4705 1126 4758 ἀλλά
1158 4706 1276 4760 δέον
1307 4708 1479 4778 αὐτὴν
1517 4707 1868 4779 ἐπιστρέφειν
1901 4709 1962 4763 ἐν
1998 4703 2026 4707 “

1998 4703 2029 4707 ⁷
2066 4711 2233 4768 Juda.
2253 4714 2486 4771 Peccata
2511 4717 2677 4774 Israel
2701 4735 2825 4775 cum
2850 4717 3005 4773 Judm
3039 4721 3188 4776 vitiis
3215 4733 3531 4793 comparata
3557 4725 3653 4796 ju-

388 4791 633 4865 ἀληθείᾳ,
677 4795 712 4864 ἡ
754 4794 812 4848 δὲ
838 4795 931 4848 ἐπὶ
965 4795 1149 4865 ψεύδει
1201 4797 1520 4869 ἐπέστρεψε,
1568 4799 1662 4851 καὶ
1709 4800 1767 4851 ἐν
1824 4801 1959 4852 πᾶσι

2067 4804 2439 4863 stiﬁcaverunt
2461 4813 2869 4879 quodammodo
2900 4811 3138 4868 animam
3153 4814 3292 4884 ejus.

387 4883 593 4947 τούτοις
629 4885 729 4938 οὐκ
758 4886 1063 4956 ἐπέστρεψε
1105 4888 1239 4957 πρός
1273 4906 1339 4959 με
1363 4892 1398 4960 ή
1433 4889 1725 4954 ἀσύνθετος
1760 4891 1926 4948 Ἰούδα
1970 4893 2029 4959 ἐξ
2066 4895 2194 4967 ὅλης
2232 4900 2330 4971 τῆς
2369 4903 2595 4974 καρδίας
2626 4904 2818 4974 αὐτῆς,
2857 4905 2974 4958 ἀλλ’
3000 4908 3093 4960 ἐπὶ
3125 4883 3328 4976 ψεύδει.
3365 4909 3477 4963 Kal
3521 4911 3651 4965 εἶπε

386 4980 599 5047 Κύριος
645 4981 793 5076 προς
832 4983 934 5076 μέ·
955 4981 1298 5076 Ἐδικαίωσε
1354 4984 1471 5052 τὴν
1516 4985 1730 5054 ψυχὴν
1776 4987 1966 5056 αὐτῆς
2027 4990 2264 5063 Ἰσραὴλ
2310 4997 2430 5050 ἀπὸ
2472 4997 2580 5066 τῆς
2625 4999 2962 5055 ἀσυνθέτου
3013 5001 3230 5058 Ἰούδα.
3271 5003 3352 5058 Τὰ
3393 5006 3646 5076 ἁμαρτή-

386 5087 532 5172 ματα
580 5069 677 5124 τοῦ
735 5071 974 5144 Ἰσραὴλ,
1019 5075 1424 5146 συγκρινόμενα
1480 5077 1594 5142 τοῖς
1643 5079 1980 5149 πταίσμασιν
2055 5085 2242 5158 Ἰούδα,
2286 5090 2479 5160 γέγονε
2525 5091 2808 5157 δικαίωσις
2857 5094 2957 5164 τῆς
2997 5094 3175 5165 ψυχῆς
3230 5069 3446 5168 Ἰσραὴλ
3487 5069 3645 5150 συνα-

383 5177 572 5231 γωγης
579 5200 592 5214 -
1983 5183 1987 5187 ’

454 5275 720 5342 Πορεύου
750 5276 882 5342 οὖν,
929 5277 1028 5332 καὶ
1059 5277 1355 5348 ἀνάγνωθι
1396 5281 1535 5348 τοὺς
1559 5284 1782 5355 λόγους
1824 5287 1957 5340 τού-

2137 5291 2294 5364 143
2327 5293 2382 5348 2.
2438 5293 2576 5350 Vade
2598 5303 2648 5349 et
2671 5294 2781 5366 lege
2801 5312 3062 5351 sermones
3079 5298 3208 5352 istos
3235 5298 3304 5351 ad
3321 5297 3636 5374 aquilonem.

393 5375 540 5424 τους
572 5367 726 5432 πρὸς
753 5365 1005 5436 βορῤᾶν.
1064 5369 1127 5422 El
1159 5369 1404 5441 νενόηται
1430 5371 1491 5425 τὸ
1525 5375 1708 5447 ῥητὸν,
1758 5376 1954 5448 ἴδωμεν

2064 5378 2124 5436 Si
2138 5381 2451 5441 intellexisti
2481 5365 2791 5455 historiam,
2827 5388 3110 5446 videamus
3127 5390 3262 5461 quid
3284 5390 3337 5445 in
3357 5365 3442 5446 liis
3456 5365 3637 5452 scimo

451 5621 528 5760 El)
581 5623 1007 5692 Ἀποστάσεως.
1051 5625 1189 5698 Lege
1218 5627 1570 5702 ἀποστασίου⁸

471 5691 526 5760 ‘2)
577 5691 1000 5760 Ἀποστάσεως.
1047 5695 1186 5760 ιι·κο
1223 5698 1349 5757 item
1377 5703 1570 5760 unum

484 5649 528 5688 ιι
591 5649 1007 5692 nuntiauian
1051 5649 1189 5698 Lege
1218 5649 1570 5702 αποστασίου,

471 5691 526 5761 ‘2)
577 5691 1000 5763 Ἀποστάσεως.
1047 5695 1186 5769 Lege
1223 5698 1349 5757 item
1377 5703 1726 5781 ἀποστασίου,

2132 5649 2209 5721 (5)
2255 5651 2511 5725 ᾜδεσὰν
2533 5673 2627 5727 με.
2662 5656 2803 5733 Lege.
2835 5674 2848 5712 ;
2882 5655 3090 5712 ἔδεισάν
3117 5673 3207 5728 με.
