4296 6288
562 464 567 467 _
602 394 708 448 «εδ-ι

2042 390 2367 451 ORIGEN‘iS

3748 390 3853 447 288

604 510 872 584 mysticus
915 510 1197 583 signiﬁcet.
1248 506 1474 565 Vocatio
1530 509 1770 576 gentium
1834 524 1900 565 ex
1958 521 2179 580 peccato
2207 519 2300 575 A1

2160 529 2179 567 )
2207 519 2256 575 Α
2280 514 2334 567 τί
2362 510 2611 584 βούλεται
2644 509 2703 563 ἐν
2731 506 2941 570 τούτοις
2969 504 3280 574 δηλοῦσθαι.
3319 504 3527 577 Κλῆσις
3554 503 3665 560 τῶν
3688 504 3856 561 ἐθνῶν

606 603 774 659 Israel
800 606 987 660 habuit
1014 602 1318 669 exordium,
1354 611 1414 656 ut
1454 608 1724 656 testantur
1762 602 2017 671 apostoli,
2053 611 2178 672 post

606 697 1069 751 annuntiationem
1095 710 1260 765 quam
1280 693 1590 748 Judaaorum
1626 692 2056 762 praedicaverunt
2090 709 2179 765 sy-

605 789 829 857 nagogis
863 805 874 840 :
904 785 982 839 Ad
1008 801 1117 852 vos,
1163 785 1424 851 dicentes,
1467 792 1581 837 erat
1622 783 1814 836 missus
1864 799 2055 850 sermo,
2086 784 2177 837 sed

601 881 723 945 quia
754 876 996 946 indignos
1022 892 1110 930 vos
1126 876 1386 946 judicatis
1417 884 1628 932 (eterna:
1652 877 1795 943 vita,
1820 893 1935 931 ecce
1963 892 2176 931 conver-

599 968 760 1020 timur
785 966 855 1019 ad
893 977 1068 1037 gentes
1085 967 1149 1021 ⁸³.
1167 966 1371 1023 Paulus
1397 982 1617 1037 quoque
1651 982 1807 1023 sacra
1835 982 1965 1023 voce
1994 968 2175 1039 loqui-

597 1067 685 1113 tur
711 1077 723 1111 :
751 1057 977 1112 Illorum
1008 1066 1218 1127 peccato
1246 1058 1393 1112 salus
1423 1060 1660 1128 gentibus
1695 1059 1843 1129 facta
1874 1066 1951 1112 est
1977 1060 2047 1112 ad
2086 1077 2172 1114 ze-

596 1151 817 1203 landum
849 1166 935 1205 eos
961 1149 1028 1204 ‘9.
1083 1150 1255 1221 Igitur
1304 1150 1474 1205 multa
1520 1160 1743 1221 peccata
1789 1150 1936 1205 illius
1985 1152 2169 1221 pepuli

595 1240 840 1296 fecerunt
866 1257 988 1296 eum
1026 1256 1058 1297 a
1082 1240 1316 1296 Domino
1354 1241 1676 1312 derelinqui,
1710 1250 1765 1297 et
1791 1257 1891 1297 nos
1917 1241 1985 1297 ad
2018 1257 2170 1312 spem

593 1333 789 1388 salutis
815 1332 1020 1398 venire,
1053 1333 1147 1403 qui
1187 1332 1348 1388 alieni
1377 1346 1596 1387 eramus
1611 1331 2087 1388 Testamentorum
2115 1342 2170 1389 et

591 1424 1056 1493 repromissionis.
1098 1421 1251 1478 Unde
1279 1423 1480 1478 etenim
1515 1422 1650 1477 mihi
1674 1424 1861 1478 nescio
1895 1424 1986 1477 ubi
2019 1434 2169 1479 extra

592 1523 840 1568 sanctam
886 1523 1091 1569 terram
1147 1524 1295 1580 nato,
1347 1516 1494 1569 nunc
1530 1513 1599 1568 de
1650 1515 2169 1584 repromissionibus

589 1604 899 1675 disputare,
962 1614 1017 1660 et
1068 1605 1290 1661 credere
1348 1607 1403 1661 in
1469 1606 1637 1662 Deum
1697 1607 2170 1677 patriarcharum,

590 1697 886 1760 Abraham,
920 1694 1071 1751 Isaac
1096 1706 1148 1751 et
1172 1695 1359 1760 Iacob,
1384 1707 1439 1753 et
1469 1699 1522 1752 in
1554 1685 1741 1753 Je‘sum
1766 1697 2046 1753 Christum
2073 1700 2165 1767 qui

589 1788 835 1841 omnium
883 1789 1269 1858 prophetarum
1315 1790 1542 1845 vocibus
1589 1789 1914 1860 praedicatus
1954 1791 2071 1844 est?
2108 1789 2166 1845 Si

2278 603 2451 677 ἀρχὴν
2486 602 2641 671 ἔσχεν
2671 601 2737 653 ἐκ
2765 598 2858 652 τοῦ
2886 596 3332 670 παραπτώματος
3359 596 3453 651 τοῦ
3495 597 3733 668 Ἰσραὴλ,
3765 598 3856 651 λέ-

2277 710 2466 761 γουσιν
2490 694 2539 746 oi
2569 689 2855 746 ἀπόστολοι
2896 688 3231 761 κηρύξαντες
3268 690 3389 751 ταῖς
3429 686 3537 740 τῶν
3587 688 3857 743 Ἰουδαίων

2279 786 2641 854 συναγωγαῖς,
2674 784 2778 847 ὅτι,
2814 782 2985 852 Ὑμῖν
3019 776 3099 851 ἦν
3126 780 3655 849 ἐξαπεσταλμένος
3687 782 3722 833 ὁ
3753 782 3855 837 λό-

2275 893 2382 948 γος
2411 875 2522 945 τῆς
2568 874 2883 944 σωτηρίας·
2936 871 3143 941 ἐπειδὴ
3190 872 3260 926 δὲ
3297 871 3586 940 ἀναξίους
3621 875 3854 943 κρίνετε

2274 966 2547 1031 ἑαυτοὺς,
2606 964 2733 1019 ίδοὺ
2780 963 3153 1032 στρεφόμεθα
3198 964 3286 1029 είς
3335 964 3406 1017 τὰ
3449 961 3616 1031 ἔθνη.
3669 964 3780 1018 Καὶ
3823 965 3853 1017 ὀ

2287 1055 2607 1119 Ἀπόστολος
2635 1053 2990 1126 περὶτούτων
3024 1051 3201 1117 εἰδὼς,
3230 1051 3266 1106 ἃ
3289 1045 3398 1105 οἶδε
3427 1051 3596 1120 λέγει·
3633 1052 3716 1118 Τῷ
3740 1054 3850 1107 αὐ-

2272 1146 2391 1202 τῶν
2414 1146 2839 1216 παραπτώματι
2864 1147 2902 1215 ἡ
2934 1144 3200 1213 σωτηρία
3225 1144 3350 1210 τοῖς
3371 1143 3635 1208 ἔθνεσιν,
3671 1146 3758 1209 εἰς
3783 1142 3850 1219 τὸ

2273 1242 2695 1311 παραζηλῶσαι
2727 1241 2970 1307 αὐτούς.
3014 1238 3224 1294 Οὐκοῦν
3257 1240 3310 1294 at
3350 1238 3543 1292 πολλαὶ
3583 1239 3849 1310 ἁμαρτίαι

2270 1336 2478 1389 ἐκείνου
2496 1334 2591 1388 τοῦ
2612 1333 2741 1389 λαοῦ
2763 1334 3127 1405 πεποιήκασιν
3150 1331 3309 1386 αὑτὸν
3333 1330 3845 1401 ἐγκαταλειφθῆναι,

2272 1428 2365 1482 καὶ
2394 1428 2541 1499 ἡμᾶς
2579 1426 2859 1498 ἧκειν“ὲπὶ
2884 1425 2980 1497 τὴν
3025 1424 3215 1493 ἐλπίδα
3248 1422 3348 1494 τῆς
3390 1423 3683 1493 σωτηρίας,
3723 1424 3849 1488 τοὺς

2271 1520 2451 1587 ξένους
2491 1517 2598 1572 τῶν
2626 1516 2930 1588 Διαθηκῶν,
2965 1517 3090 1580 τοὺς
3118 1514 3428 1589 ἀλλοτρίους
3463 1514 3571 1567 τῶν
3621 1516 3850 1584 εὐαγγε-

2269 1591 2418 1664 λιῶν.
2452 1609 2622 1664 Πόθεν
2646 1608 2756 1680 γὰρ
2782 1609 2905 1680 ἐμοὶ
2928 1606 3263 1661 ὁπουποτοῦν
3291 1605 3567 1677 γενομένῳ
3595 1603 3729 1675 ξένῳ
3749 1606 3846 1677 τῆς

2268 1699 2566 1771 λεγομένης
2601 1698 2763 1767 ἁγίας
2786 1697 2915 1768 γῆς,
2937 1694 3035 1750 νῦν
3063 1694 3192 1764 περὶ
3217 1693 3324 1748 τῶν
3370 1691 3708 1762 εύαγγελιῶν
3733 1694 3847 1747 διατ-

2268 1787 2520 1858 λέγεσθαι
2561 1786 2660 1842 τοῦ
2695 1786 2853 1850 Θεοῦ,
2893 1787 2989 1840 καὶ
3020 1785 3292 1839 πιστεύειν
3340 1784 3418 1847 εἰς
3448 1782 3541 1837 τὸν
3575 1782 3708 1836 Θεὸν
3737 1783 3845 1839 τῶν

589 1879 896 1935 intellexisti
925 1881 1063 1935 duos
1090 1882 1338 1951 populos,
1369 1881 1535 1937 Israel
1555 1858 1608 1936 et
1634 1871 1899 1952 gentium,
1929 1882 2165 1954 intelligo
2197 1858 2238 1911 Β
2267 1899 2285 1934 1

2141 1899 2165 1938 ε
2197 1858 2238 1911 Β
2267 1879 2641 1951 πατριαρχῶν,
2695 1877 2968 1951 Ἀϐραὰμ,
2999 1878 3096 1932 καὶ
3138 1876 3344 1939 Ἰσαὰκ,
3377 1876 3471 1930 καὶ
3509 1875 3724 1940 Ἰακὼϐ,
3751 1877 3837 1930 καὶ

587 1972 1117 2043 transmigrationem
1147 1972 1314 2029 Israel
1340 1974 1406 2028 de
1430 1974 1632 2044 populo
1660 1972 1992 2040 Judaeorum,
2016 1983 2070 2029 et
2096 1976 2164 2030 de

581 2075 650 2115 co
678 2062 939 2132 scriptum
978 2078 1099 2118 esse
1133 2081 1146 2117 :
1179 2063 1375 2118 Dimisi
1420 2081 1558 2130 eam,
1592 2073 1641 2119 et
1671 2065 1795 2119 dedi
1837 2067 1885 2118 ei
1924 2065 2160 2118 libellum

581 2152 808 2220 repudii.
849 2151 1064 2207 Dimisit
1093 2153 1239 2207 enim
1269 2169 1394 2209 vere
1431 2154 1574 2210 Deus
1605 2149 1866 2226 populum
1896 2155 2082 2222 Israel,
2110 2166 2164 2211 et

578 2242 727 2299 dedit
745 2243 985 2299 libellum
1011 2245 1247 2314 repudii,
1276 2255 1341 2301 .ut
1361 2262 1597 2316 sequens
1619 2246 1802 2303 ﬁrmat
1825 2248 2158 2318 exemplum.

577 2332 739 2389 Jubet
785 2335 869 2390 lex
912 2335 1080 2407 Moysi
1129 2337 1343 2391 mulieri
1388 2338 1696 2409 displicenti
1737 2340 1859 2395 viro
1901 2355 2003 2396 suo
2040 2339 2160 2393 dari

579 2426 818 2482 libellum
847 2430 1080 2499 repudii,
1105 2439 1158 2484 et
1177 2430 1377 2486 dimitti
1405 2448 1547 2497 eam,
1567 2443 1622 2488 et
1639 2443 1768 2488 tunc
1784 2433 1900 2487 viro
1917 2433 2081 2487 licere
2104 2438 2163 2484 ut

575 2518 801 2573 alteram
816 2522 997 2593 duo“.
1011 2520 1172 2577 Juxta
1188 2524 1329 2579 hunc
1342 2539 1563 2579 sensum
1577 2524 1816 2593 intelligo
1832 2523 2162 2592 accipientes

572 2607 791 2667 Juda‘os
808 2607 1047 2667 libellum
1065 2614 1298 2683 repudii,
1313 2621 1367 2668 et
1380 2614 1608 2668 omnino
1625 2613 1917 2667 derelictos
1934 2629 1964 2666 a
1983 2612 2164 2665 Domi-

573 2719 667 2757 no.
688 2702 788 2759 Ubi
806 2705 950 2759 cnim
967 2705 1078 2773 jam
1100 2705 1242 2776 apud
1260 2720 1354 2759 eos
1371 2704 1681 2774 propheth
1700 2703 1803 2758 Ubi
1820 2704 1971 2774 signa
1988 2704 2163 2758 virtu-

573 2793 725 2846 tum?
744 2792 846 2847 Ubi
867 2792 1235 2848 manifestatio
1263 2791 1399 2847 Dei?
1422 2791 1542 2847 Non
1566 2793 1851 2862 templum,
1879 2808 1987 2847 non
2007 2794 2163 2849 vieti-

575 2898 697 2945 mze,
713 2897 819 2936 non
834 2883 975 2937 alius
989 2883 1408 2953 quilibetcultus
1421 2884 1792 2939 voluminibus
1804 2884 1938 2954 legis
1948 2899 2164 2955 expres-

574 2990 691 3029 sus.
724 2973 892 3044 Ejecti
935 2984 1063 3029 sunt
1096 2975 1164 3031 de
1205 2975 1517 3047 regionibus
1546 2975 1681 3041 suis,
1718 2983 1884 3045 atque
1913 2976 1987 3030 ita
2013 2975 2162 3030 dedit

574 3064 839 3120 Dominus
859 3065 1099 3120 libellum
1120 3068 1330 3137 repudii
1356 3066 1539 3124 Israel.
1558 3067 1692 3123 Post
1713 3081 1831 3134 eos,
1862 3082 1964 3122 nos
1984 3067 2076 3136 qui
2104 3066 2159 3122 in

574 3154 872 3225 Seripturis
903 3155 1073 3215 Judaei
1106 3172 1390 3226 vocamur,
1421 3158 1593 3214 Judaei
1625 3168 1803 3214 autem
1824 3168 2042 3230 propter
2057 3157 2157 3213 tri-

574 3241 702 3294 bum
717 3238 747 3295 Ι
754 3242 876 3306 uda,
890 3258 955 3297 ex
975 3243 1130 3313 cujus
1151 3243 1400 3301 Salvator
1415 3246 1581 3316 stirpe
1596 3242 1893 3313 descendit,
1906 3248 2155 3302 conversi

575 3345 767 3386 sumus
799 3332 864 3387 ad
895 3332 1220 3404 Dominum;
1253 3347 1308 3392 et
1337 3338 1636 3394 novissima
1666 3348 1876 3404 nostra,
1901 3355 2023 3409 qua:
2046 3340 2157 3394 uti-

575 3435 700 3474 nam
729 3422 920 3477 saltem
954 3423 1007 3478 in
1039 3425 1144 3480 hoc
1191 3435 1431 3498 tempore
1475 3444 1584 3484 non
1623 3430 2043 3501 complerentur,
2076 3430 2155 3486 si-

574 3511 720 3567 milia
746 3511 928 3569 lutura
959 3526 1086 3572 sunt
1110 3522 1345 3588 peccatis
1373 3519 1533 3588 Juda,
1562 3522 1672 3577 imo
1695 3527 1899 3594 pejora.

2278 1971 2483 2044 Ἰησοῦν
2506 1971 2741 2044 Χριστὸν
2766 1972 2857 2025 τὸν
2893 1969 3414 2042 προκεκηρυγμένον
3443 1968 3548 2022 ὑπὸ
3571 1968 3679 2022 τῶν
3711 1987 3845 2041 προ-

2264 2061 2449 2133 φητῶν
2475 2060 2660 2132 χάριτι
2689 2059 2826 2116 Θεοῦ
2862 2057 3299 2132 παραδέχεσθαι;
3334 2058 3398 2111 Εἰ
3428 2061 3569 2121 νοεῖς
3600 2059 3725 2121 τοὺς
3751 2057 3844 2111 δύο

2260 2151 2483 2215 τούτους
2500 2153 2683 2217 λαοὺς,
2716 2151 2808 2205 τὸν
2842 2151 2949 2205 ἀπὸ
2975 2150 3067 2204 τοῦ
3117 2151 3350 2223 Ἰσραὴλ,
3380 2153 3585 2208 καὶτὸν
3616 2152 3724 2207 ἀπὸ
3748 2154 3843 2208 τοῦ

2275 2243 2471 2309 Ἰούδα,
2510 2245 2603 2298 ἐπὶ
2631 2243 2722 2298 τοῦ
2764 2241 2895 2296 λαοῦ
2923 2243 3132 2297 ἐκείνου
3176 2243 3273 2298 τοῦ
3321 2243 3556 2316 Ἰσραὴλ,
3587 2245 3680 2298 καὶ
3714 2246 3844 2317 περὶ

2261 2334 2471 2387 ἐκείνου
2500 2334 2611 2387 νόει
2648 2351 2736 2405 μοι
2767 2332 3103 2404 γεγράφθαι·
3145 2332 3594 2399 Ἐξαπέσταλκα
3623 2336 3843 2404 αὐτὴν,

2261 2425 2361 2479 καί
2383 2425 2578 2479 ἔδωκα
2599 2423 2756 2493 αὐτῇ
2767 2425 3011 2489 βιϐλίον
3027 2426 3428 2480 ἀποστασίου.
3466 2425 3841 2494 Ἐξαπέστειλε

2261 2517 2370 2589 γάρ
2396 2517 2488 2569 τὸν
2533 2516 2661 2571 λαὸν
2696 2518 2905 2571 ἐκεῖνον
2937 2519 2964 2571 ὁ
3005 2517 3158 2582 Θεὸς,
3208 2519 3304 2572 καὶ
3329 2518 3534 2573 ἔδωκεν
3573 2519 3722 2590 αύτῷ
3761 2519 3843 2591 βι-

2262 2606 2407 2659 ϐλίον
2433 2607 2786 2660 ἀποστασίου.
2832 2609 3008 2681 Ὅπερ
3033 2608 3272 2662 τοιοῦτόν
3302 2611 3450 2663 ἐστιν
3482 2611 3575 2664 ἐπὶ
3606 2611 3713 2665 τῶν
3756 2629 3842 2681 γε·

2261 2696 2613 2767 γαμηκότων·
2672 2696 2797 2750 Ἐἀν
2841 2695 3236 2771 δυσάρεστοςῇ
3278 2700 3311 2771 ή
3361 2699 3500 2771 γυνὴ
3541 2700 3621 2772 τῷ
3662 2701 3838 2773 ἀνδρὶ,

2261 2787 2407 2856 λέγει
2439 2790 2467 2841 ὁ
2496 2788 2771 2852 Μωῦσέως
2795 2788 2978 2860 νόμος,
3012 2788 3216 2860 βιϐλίον
3242 2791 3575 2845 ἀποστασίου
3608 2791 3716 2846 ἀπὸ
3743 2791 3837 2846 τοῦ

2261 2878 2453 2947 ἀνδρὸς
2479 2879 2708 2947 ἐγίνετο,
2745 2879 2840 2933 καὶ
2868 2879 3339 2953 ἐξαπεστέλλετοή
3377 2884 3534 2954 γυνή.
3572 2884 3682 2936 Καὶ
3711 2883 3839 2954 ἐξῆν

2258 2971 2337 3042 τῷ
2364 2970 2741 3025 ἀποστείλαντι
2768 2970 2866 3042 τὴν
2888 2972 3156 3045 προτέραν
3178 2976 3433 3042 γυναῖκα,
3462 2974 3551 3029 διά
3580 2975 3639 3029 τὸ
3661 2976 3838 3029 δοκεῖν

2259 3063 2727 3135 ὴσχημονηκέναι,
2767 3067 2966 3136 γαμεῖν
3007 3065 3200 3137 ἑτέραν
3238 3069 3473 3134 γυναῖκα
3496 3084 3511 3098 ·
3552 3067 3723 3132 οὕτως
3760 3067 3842 3141 τῷ

2259 3154 2402 3226 λόγῳ
2432 3155 2508 3208 ῐδε
2542 3155 2783 3220 ἐκείνους
2840 3153 3218 3226 λαμϐάνοντας
3250 3154 3454 3227 βιϐλίον
3479 3160 3845 3216 ἀποστασίου..

2257 3247 2370 3300 Καὶ
2397 3248 2516 3301 ἐπεὶ
2538 3247 2725 3301 ἔλαϐον
2747 3248 2808 3301 τὸ
2833 3247 3035 3318 βιϐλίον
3061 3248 3154 3301 τοῦ
3178 3251 3530 3316 ἀποστασίου,
3558 3252 3647 3305 διὰ
3676 3252 3835 3306 τοῦτο

2258 3340 2757 3412 ἐγκατελείφθησαν
2786 3340 2985 3410 πάντη.
3014 3340 3126 3393 Ποῦ
3160 3339 3270 3413 γὰρ
3295 3342 3570 3413 προφῆται
3595 3343 3674 3396 ἔτι
3703 3344 3835 3414 παρ’

2255 3433 2467 3498 αύτοῖς;
2498 3432 2611 3486 Ποῦ
2638 3435 2839 3505 σημεῖα
2870 3432 2949 3486 ἔτι
2982 3435 3109 3502 παρ’
3147 3434 3371 3500 αύτοίς;
3401 3433 3511 3487 Ποῦ
3540 3435 3835 3504 ἐπιφάνεια

2255 3523 2428 3590 Θεοῦ;
2465 3525 2574 3578 Ποῦ
2606 3526 2639 3596 ή
2674 3525 2935 3598 λατρεία;
2981 3527 3041 3579 '0
3067 3525 3214 3592 ναὸς,
3244 3528 3300 3581 αἱ
3332 3526 3514 3581 θυσίαι
3541 3527 3833 3601 ἐξεϐλήθη-

573 3622 670 3658 σαν
698 3606 805 3660 ἀπὸ
831 3604 928 3661 τοῦ
974 3609 1138 3663 τόπου
1168 3612 1395 3668 ἑαυτῶν.
1436 3615 1674 3670 Ἔδωκεν
1695 3612 1787 3670 οὖν
1814 3614 1891 3687 τῷ
1926 3614 2144 3687 Ἰσραὴλ
2184 3614 2384 3686 βιϐλίον
2422 3618 2774 3674 ἀποστασίου.
2824 3615 2958 3672 Εἶτα
3005 3621 3169 3690 ἡμεῖς
3211 3619 3407 3674 Ἰούδα·
3449 3622 3618 3676 Ἰούδα
3654 3623 3710 3677 δὲ
3745 3624 3834 3680 διὰ

571 3698 661 3753 τὸν
690 3701 918 3773 Σωτῆρα
949 3702 1007 3768 ἐξ
1056 3703 1225 3759 Ἰούδα
1260 3708 1434 3779 φυλῆς
1468 3709 1846 3765 ἀνατείλαντα·
1880 3710 2145 3782 πρόδηλον
2181 3710 2309 3781 γὰρ,
2340 3712 2422 3765 ὅτι
2462 3711 2520 3776 ἐξ
2556 3712 2724 3765 Ἰούδα
2761 3711 3124 3766 ἀνατέταλκεν
3165 3714 3193 3765 ὁ
3227 3712 3430 3784 Κύριος
3461 3714 3616 3785 ἡμῶν
3640 3731 3654 3746 ·
3703 3718 3832 3770 ἐπε-

573 3795 881 3868 στρέψαμεν
922 3799 1059 3870 πρὸς
1100 3800 1323 3873 Κύριον,
1378 3804 1472 3857 καὶ
1515 3804 1585 3858 τά
1632 3805 1919 3859 τελευταῖα
1962 3804 2141 3877 ἡμῶν,
2182 3804 2325 3876 ᾇπερ
2349 3804 2460 3861 είθε
2505 3807 2580 3880 μὴ
2618 3807 2717 3878 ἤδη
2736 3805 3219 3878 εἴη,παραπλήσια
3256 3805 3397 3859 ἔοικε
3432 3806 3677 3876 γίνεσθαι
3718 3813 3832 3873 τοῖς

570 3891 791 3946 ἐκείνων
821 3893 1170 3961 τελευταίοις,
1200 3898 1248 3949 εί
1284 3897 1357 3969 μὴ
1380 3898 1488 3970 ἄρα
1519 3901 1612 3953 καὶ
1643 3900 1884 3972 χείρονα.

641 3983 694 4037 5.
736 3984 800 4040 Ει
822 3997 883 4040 ut
916 3990 1107 4046 eredas
1142 3991 1194 4046 in
1241 3996 1719 4051 consummatione
1764 3996 1947 4052 saeculi
1993 3995 2148 4052 dete-

2325 3993 2446 4045 Ὀτι
2471 3990 2578 4062 γὰρ
2600 3985 2826 4042 τοιαῦτα
2857 3985 2927 4040 τά
2969 3985 3090 4040 καθ’
3126 3986 3273 4057 ἡμᾶς
3296 3985 3390 4040 ἐπὶ
3425 3986 3702 4058 συντελείᾳ
3734 3985 3831 4041 τοῦ

576 4074 720 4129 riora
746 4078 905 4133 nobis
936 4091 1197 4137 eventura
1230 4100 1396 4155 quam
1431 4096 1729 4144 evenerunt
1763 4085 1985 4157 Iudaeis,
2020 4088 2149 4144 audi
2248 4101 2272 4138 α

2132 4088 2149 4142 i
2248 4082 2440 4146 αἰῶνος
2466 4079 2656 4134 τούτου
2691 4078 2863 4141 ἔσται,
2912 4075 3071 4148 δῆλον
3105 4076 3213 4129 ἀπὸ
3252 4076 3360 4130 τῶν
3409 4077 3467 4131 ἐν
3514 4077 3828 4149 Εύαγγελίῳ

572 4164 904 4224 Salvatorem
934 4171 985 4226 in
1017 4172 1308 4248 Evangelio
1341 4180 1723 4249 praedicantem
1758 4200 1771 4237 :
1798 4180 1932 4237 Cum
1963 4182 2147 4237 multi;

568 4258 779 4327 plicata;
805 4262 1002 4330 fuerint
1038 4266 1370 4337 iniquitates,
1405 4272 1706 4343 refrigescet
1741 4274 1973 4328 charitas
2007 4274 2147 4326 mul-

569 4359 765 4408 torum.
810 4352 915 4416 Qui
945 4367 1123 4408 autem
1152 4363 1558 4425 perseveraverit
1584 4379 1747 4433 usque
1775 4364 1831 4416 in
1853 4364 2032 4432 ﬁnem,
2061 4364 2144 4417 hic

2247 4174 2356 4228 ὑπὸ
2382 4172 2476 4226 τοῦ
2515 4170 2765 4242 Σωτῆρος
2809 4170 3136 4241 εἰρημένων,
3176 4169 3234 4221 ἐν
3276 4162 3358 4232 οἷς
3391 4185 3543 4241 φησι·
3588 4188 3606 4220 ι
3641 4168 3742 4222 Διά
3767 4168 3829 4222 τὺ

2246 4263 2613 4338 πληθυνθῆναι
2645 4261 2743 4332 τὴν
2774 4260 3021 4330 ἀνομίαν,
3062 4258 3369 4331 ψυγήσεται
3409 4263 3442 4331 ἡ
3479 4260 3671 4331 ἀγάπη
3718 4259 3828 4313 τῶν

2248 4357 2478 4414 πολλῶν.
2526 4356 2585 4409 '0
2617 4355 2674 4407 δὲ
2723 4353 3022 4424 ὑπομείνας
3053 4355 3134 4416 είς
3182 4353 3356 4419 τέλος,
3402 4348 3556 4417 οὗτος
3588 4353 3828 4425 σωθήσε-

567 4442 744 4496 salvus
775 4443 875 4495 erit
898 4444 964 4498 ⁸³⁸.
995 4443 1062 4497 Et
1086 4444 1139 4497 in
1165 4446 1272 4500 alio
1291 4447 1441 4503 loco:
1463 4449 1620 4504 Fient
1642 4454 1795 4523 signa
1823 4461 1871 4505 et
1902 4454 2146 4523 prodigia
2179 4442 2220 4459 ν
2249 4469 2263 4503 η

2129 4470 2146 4506 ι
2179 4442 2220 4459 ν
2249 4467 2359 4507 ται·
2400 4468 2418 4500 ι
2448 4447 2544 4501 καὶ
2576 4465 2596 4497 ι
2639 4445 2864 4515 Ποιήσει
2896 4446 3096 4515 σημεῖα
3126 4444 3222 4497 καὶ
3253 4444 3455 4517 τέρατα
3483 4444 3511 4496 ὁ
3537 4444 3825 4516 ἐλευσόμε-

568 4534 623 4586 in
652 4533 778 4586 cozlo
799 4541 849 4588 et
870 4533 925 4587 in
947 4541 1089 4588 terra
1110 4539 1178 4589 ad
1199 4535 1552 4607 decipiendos,
1571 4543 1616 4595 si
1638 4544 1755 4611 fieri
1772 4554 1961 4613 posset,
1981 4545 2144 4598 etiam

2251 4559 2360 4604 νος,
2404 4538 2545 4590 ὥστε
2574 4534 3013 4602 ἀποπλανᾶσθαι,
3047 4537 3096 4588 εἰ
3121 4535 3368 4602 δυνατὸν,
3400 4536 3642 4599 καὶτοὺς
3671 4535 3825 4589 ἐκλε-

567 4623 817 4679 electos“
852 4639 866 4680 :
910 4634 1168 4696 tantaque
1208 4628 1562 4687 incredulitas
1598 4633 1757 4705 1M
1800 4635 1855 4689 in
1891 4635 2144 4691 universo
2248 4650 2263 4686 π

2127 4651 2144 4691 )
2248 4630 2430 4695 κτούς·
2480 4648 2499 4681 ο
2544 4628 2640 4682 καὶ
2670 4626 2894 4681 τοιαῦτά
2923 4628 3040 4680 ἐστι
3074 4625 3143 4680 τά
3179 4626 3299 4680 καθ’
3347 4629 3515 4699 ἡμᾶς,
3558 4626 3699 4681 ὥστε
3732 4627 3823 4680 τὸν

569 4711 810 4770 humano
838 4732 1033 4787 genere
1066 4717 1249 4776 futura
1283 4729 1386 4788 est,
1421 4730 1482 4776 ut
1516 4722 1763 4779 Salvator
1795 4734 2000 4791 noster,
2045 4727 2139 4795 qui
2249 4724 2265 4776 1

2124 4727 2139 4782 i
2249 4721 2477 4792 Σωτῆρα
2510 4719 2690 4790 λέγειν
2722 4719 2850 4788 περὶ
2896 4716 2997 4788 τῆς
3038 4716 3230 4771 ἑαυτοῦ
3276 4718 3589 4790 ἐπιδημίας,
3637 4719 3714 4783 ὡς
3754 4718 3820 4772 ἐκ

568 4802 752 4857 omnia
794 4820 915 4873 quae
954 4818 1081 4864 sunt
1116 4820 1344 4866 ventura
1387 4823 1744 4884 COgnoverat,
1787 4816 2135 4886 loqueretur:

2244 4813 2353 4868 τῶν
2396 4810 2664 4866 τοσούτων
2678 4808 3016 4881 Ἐκκλησιῶν
3061 4808 3252 4864 πιστοῦ
3294 4810 3502 4881 ταχέως
3543 4809 3618 4883 μὴ
3665 4812 3817 4881 εὑρι-

569 4893 736 4948 Putas
778 4897 983 4951 ueniens
1028 4896 1204 4954 Filius
1245 4901 1472 4958 hominis
1518 4906 1742 4961 inveniet
1785 4907 1943 4976 ﬁdem
1982 4923 2138 4978 super
2246 4919 2265 4956 ο

2120 4923 2138 4960 r
2246 4902 2530 4974 σκομένου·
2551 4895 2939 4966 Πλὴνέλθὼν
2960 4901 2994 4954 ό
3012 4901 3144 4968 Υἱὸς
3187 4901 3294 4956 τοῦ
3327 4901 3663 4969 ἀνθρώπου,
3702 4903 3816 4971 ἄρα

566 4993 764 5039 terram
787 4987 872 5041 7’?
909 4987 1044 5045 Vere
1079 4991 1278 5062 quippe
1310 4994 1353 5050 si
1381 4995 1688 5065 iudicemus
1711 4999 1868 5055 [idem
1902 5010 1956 5055 et
1989 5001 2134 5055 veri-

566 5085 752 5147 tatem,
796 5096 905 5136 non
938 5084 1366 5156 multitudinem,
1393 5097 1447 5144 ct
1483 5090 1842 5161 respiciamus
1884 5091 2136 5146 volunta-

2240 4993 2485 5063 εὑρήσει
2509 4991 2624 5061 τὴν·
2648 4992 2858 5045 πίστιν
2885 4991 2983 5046 ἐπὶ
3015 4991 3124 5060 τῆς
3155 4991 3310 5064 γῆς
3337 4994 3447 5047 Καὶ
3474 4993 3689 5063 ἀληθῶς
3722 4995 3816 5049 ἐὰν

2240 5085 2513 5157 κρίνωμεν
2541 5083 2611 5137 τά
2641 5084 2941 5155 πράγματα
2982 5084 3230 5157 ἀληθείᾳ,
3262 5085 3356 5139 καὶ
3395 5084 3469 5156 μὴ
3491 5085 3691 5154 ὄχλοις,
3726 5084 3820 5140 καὶ

568 5177 675 5222 tem
723 5170 1031 5241 hominum,
1082 5190 1191 5230 non
1246 5181 1738 5251 congregationem,
1788 5181 2036 5238 videmus
2079 5183 2137 5238 in
2239 5194 2264 5230 δε

2122 5199 2137 5238 ι
2239 5176 2514 5249 κρίνωμεν
2547 5173 2618 5229 τά
2662 5175 2961 5247 πράγματα
2984 5177 3323 5249 προαιρέσει,
3353 5177 3450 5231 καὶ
3484 5176 3557 5248 μὴ
3586 5175 3664 5247 τῷ
3697 5176 3818 5247 βλέ-

565 5267 716 5315 tanto
757 5277 990 5319 numero
1033 5263 1398 5323 Ecclesiarum
1438 5269 1595 5325 ﬁdem
1638 5271 1850 5326 dillicile
1888 5272 2132 5341 reperiri.

2239 5282 2362 5319 πειν
2386 5265 2612 5331 πολλοὺς
2634 5267 3021 5339 συναρμένους,
3045 5267 3291 5338 ὀψόμεθα
3313 5266 3406 5321 νῦν
3425 5266 3500 5332 ὡς
3527 5267 3627 5321 οὐκ
3651 5269 3820 5339 ἐσμὲν

566 5349 719 5408 Tunc
747 5363 906 5412 erant
932 5372 1058 5414 vere
1080 5358 1285 5429 ﬁdeles,
1316 5363 1537 5432 quando
1576 5376 1874 5436 martyrum
1902 5365 2138 5419 victimae
2240 5377 2262 5413 τ

2116 5378 2138 5419 e
2240 5359 2461 5413 πιστοί·
2493 5359 2629 5415 ἀλλά
2655 5360 2775 5413 τότε
2808 5355 2948 5431 ἦσαν
2982 5362 3185 5427 πιστοὶ,
3214 5360 3303 5413 ὅτε
3335 5360 3403 5413 τά
3440 5359 3715 5431 μαρτύρια
3746 5362 3812 5432 τῇ

567 5440 936 5513 feriebantur;
968 5448 1188 5517 quando
1226 5459 1484 5507 cruentas
1516 5453 1806 5520 exsequias
1834 5452 2132 5523 prosecuti,

568 5535 749 5590 tristes
779 5536 844 5590 ad
868 5538 1157 5594 ecclesiam
1188 5542 1626 5611 revertebantur;
1651 5543 1831 5599 omnis
1848 5552 1966 5599 erat
1999 5544 2137 5598 mul-

2239 5452 2405 5523 γενεᾷ
2436 5451 2695 5521 ἐγίνοντο,
2722 5452 2810 5504 ὅτε
2849 5452 2958 5505 ἀπὸ
2985 5451 3094 5505 τῶν
3123 5452 3515 5523 κοιμητηρίων,
3560 5452 3814 5522 προπέμ-

2237 5543 2435 5614 ψαντες
2453 5545 2579 5607 τοὺς
2601 5543 2902 5615 μάρτυρας,
2928 5542 3210 5614 ἠρχόμεθα
3228 5544 3319 5596 ἐπὶ
3343 5540 3441 5608 τὰς
3468 5562 3629 5614 συναγ
3643 5545 3815 5615 σιγὰς.

571 5624 743 5685 titudo
796 5628 1135 5700 lugentium,
1182 5634 1403 5705 quando
1448 5636 1825 5692 catecliumeni
1875 5635 1930 5690 in
1959 5634 2134 5707 prima
2239 5653 2267 5689 κ

2114 5650 2134 5691 ι
2239 5636 2332 5689 καὶ
2362 5635 2458 5707 ὅλη
2491 5638 2524 5708 ἡ
2553 5635 2850 5708 Ἐκκλησία
2878 5635 2955 5707 μὴ
2983 5635 3324 5708 ἐκτηκομένη
3351 5637 3694 5708 παρεγίνετο,
3719 5637 3810 5692 καὶ

638 5794 682 5827 ⁴⁸
709 5796 834 5852 Act.
867 5813 987 5867 xm,
1014 5801 1101 5856 46.
1179 5802 1223 5835 ⁶⁹
1252 5803 1410 5860 Rom.
1448 5821 1526 5876 xi,
1560 5807 1644 5861 ll.
1714 5810 1758 5844 ⁷⁸
1788 5809 2156 5880 Μοιιιινιχιν,
2186 5811 2269 5868 ιε.

1560 5807 1644 5861 ll.
1714 5810 1758 5844 ⁷ο
1788 5809 2156 5880 Μοιιιινιχιν,
2186 5811 2269 5868 ιε.
2342 5811 2386 5845 τ’
2411 5809 2542 5867 ibid.
2578 5808 2668 5866 24.
2763 5811 2807 5843 ⁷³
2841 5807 2972 5866 Luc.
3001 5824 3155 5879 xvm,
3177 5809 3230 5867 8.
