4296 6288
434 235 542 290 εεο

1581 232 1648 287 ΙΝ
1683 231 2027 287 JEREMIAM
2066 230 2350 287 llOMllJA
2391 231 2479 288 IV.

3594 247 3698 303 290

438 353 491 405 ol
516 347 914 421 κατηχούμενοι
944 331 1037 403 ἐπὶ
1057 350 1170 413 τοῖς
1196 347 1516 422 μαρτυρίοις
1541 351 1897 422 κατηχοῦντο,
1926 349 2021 406 καὶ
2049 357 2094 410 Α

2089 398 2096 409 .
2123 351 2304 405 statim
2333 350 2436 404 ﬁde
2464 364 2562 420 pro
2589 350 2809 406 ferendo
2829 353 3086 422 martyrio
3108 356 3484 429 ducebantur;
3516 378 3696 432 quan-

442 440 540 495 ἐπὶ
571 443 687 503 τοῖς
737 440 983 505 θανάτοις
1030 441 1140 495 τῶν
1178 443 1580 513 ὁμολογούντων
1625 444 1724 515 τὴν
1764 443 2018 515 ἀλήθειαν

449 533 613 606 μέχρι
659 532 904 598 θανάτου,
951 533 1025 604 μὴ
1067 534 1396 606 πειρώμενοι
1445 537 1578 610 μηδὲ
1623 538 2019 608 ταρασσόμενοι

449 623 542 678 ἐπὶ
569 625 658 677 τὸν
694 623 873 688 ζῶντα
905 625 1056 679 Θεόν.
1096 626 1229 679 Τότε
1253 626 1474 698 οἴδαμεν
1498 629 1591 681 καὶ
1620 632 1819 700 σημεῖα
1845 631 2020 700 ἑωρα-

448 718 607 779 κότας
636 716 913 787 παράδοξα
938 718 1032 770 καὶ
1058 720 1347 789 τεράστιαο
1385 719 1507 772 τότε
1530 716 1670 790 ἦσαν
1701 721 1880 773 πιστοὶ
1910 720 2020 773 ὀλί-

448 823 529 875 γοι
563 808 680 877 μὲν,
717 809 902 862 πιστοὶ
931 808 989 862 δὲ
1029 809 1263 880 άληθῶς,
1299 811 1397 881 τὴν
1441 812 1629 883 στενὴν
1663 813 1756 865 καὶ
1791 813 2017 883 τεθλιμ-

449 897 606 966 μένην
634 897 916 962 ὁδεύοντες
959 899 1076 951 ὁδὸν
1105 899 1202 971 τὴν
1244 901 1559 970 ἀπάγουσαν
1599 903 1677 966 εἰς
1715 902 1815 973 τὴν
1847 903 2012 973 ζωήν.

442 986 549 1040 Νῦν
573 987 630 1040 δὲ
657 988 748 1040 ὅτε
781 987 1084 1059 γεγόναμεν
1112 991 1314 1054 πολλοὶ,
1347 992 1468 1044 ἐπεὶ
1514 992 1574 1044 ού
1609 991 1831 1044 δυνατὸν
1878 987 2016 1046 εἶναι

437 1079 666 1143 πολλοὺς
696 1080 1002 1145 ἐκλεκτούς·
1032 1082 1090 1135 ού
1118 1082 1226 1154 γὰρ
1251 1083 1502 1153 ψεύδεται
1529 1087 1558 1137 ὁ
1582 1082 1750 1136 εἰπὼν
1786 1085 2012 1154 Ἰησοῦς,

433 1173 661 1226 Πολλοὶ
709 1177 764 1227 oi
813 1175 1058 1241 κλητοὶ,
1111 1176 1300 1244 ὀλίγοι
1349 1175 1418 1229 δὲ
1459 1176 1764 1242 ἐκλεκτοὶ,
1813 1177 1876 1228 ἐκ
1920 1176 2013 1229 τοῦ

433 1263 678 1335 πλήθους
706 1265 812 1316 τῶν
848 1265 1329 1336 ἐπαγγελλομένων
1366 1266 1674 1320 θεοσέϐειαν
1706 1267 1910 1338 σφόδρα
1941 1269 2017 1320 εί-

436 1352 522 1403 σὶν
555 1352 744 1421 ὀλίγοι,
770 1354 818 1405 οἱ
851 1355 1227 1418 καταντῶντες
1257 1356 1346 1407 ἐπὶ
1369 1357 1468 1423 τὴν
1498 1355 1726 1426 ἐκλογὴν
1759 1354 1852 1408 τοῦ
1879 1355 2012 1409 Θεοῦ

436 1441 530 1493 καὶ
557 1441 654 1512 τὴν
685 1443 1078 1514 μακαριότητα.

517 1532 642 1585 Ἐὰν
668 1529 760 1586 οὖν
789 1534 920 1605 λέγῃ
945 1534 1020 1597 ὡς
1049 1533 1184 1605 πρὸς
1205 1534 1292 1587 τό*
1318 1529 1791 1607 (1)Ἑξαπέστειλα
1825 1535 1912 1589 διὰ
1943 1535 2011 1588 τὰ

434 1623 803 1696 ἁμαρτήματα
836 1628 926 1680 τὸν
976 1627 1208 1698 Ἰσραὴλ,
1251 1630 1343 1682 καὶ
1390 1629 1742 1695 ἐξαπέστειλα
1787 1632 1865 1695 εἰς
1915 1648 2010 1701 με-

431 1716 639 1769 τοικίαν
672 1717 865 1771 αὐτόν⁹
905 1719 932 1770 ὁ
964 1719 1020 1771 δὲ
1066 1718 1252 1785 Ἰούδα,
1289 1721 1501 1774 ἀκούων
1531 1721 1598 1774 τὰ
1635 1723 1899 1793 γενόμενα
1927 1722 2005 1794 τῷ

441 1804 678 1876 Ἰσραὴλ,
720 1807 822 1860 οὐκ
859 1808 1184 1878 ἐπέστρεψε·
1233 1809 1380 1878 λέγει
1425 1811 1692 1880 περὶτῶν
1721 1815 2005 1884 ἡμετέρων

431 1893 865 1965 ἁμαρτημάτων,
921 1897 1007 1949 ὅτε
1056 1897 1518 1967 ἀναγινώσκονται
1563 1901 1630 1954 τὰ
1671 1901 1749 1972 τῷ
1791 1903 2006 1974 Ἰσραὴλ

429 1984 831 2056 συμβεϐηκότα.
869 1983 1000 2039 Εἶτα
1039 1988 1352 2058 πταίσματα
1386 1992 1512 2061 περὶ
1530 1993 1736 2045 ἐκεῖνον
1759 1995 1849 2046 τὸν
1879 1995 2006 2047 λαὸν

424 2073 544 2127 δέον
571 2077 604 2145 ἡ
615 2076 724 2144 μοῖς
760 2075 1060 2143 φοϐεῖσθαι,
1090 2080 1182 2131 καὶ
1211 2080 1408 2148 λέγειν’
1448 2083 1512 2133 Ei
1538 2081 1647 2134 τῶν
1678 2083 1819 2135 κατὰ
1848 2083 2006 2151 φύσιν

423 2164 640 2217 κλάδων
669 2165 767 2217 οὑκ
797 2166 1068 2233 ἐφείσατο,
1102 2169 1252 2239 πόσῳ
1285 2170 1446 2225 πλέον
1477 2171 1599 2224 οὑδὲ
1633 2171 1791 2242 ἡμῶν
1826 2172 2008 2240 φείσε-

422 2270 551 2320 ται;
599 2255 662 2307 El
708 2255 946 2319 ἐκείνους
973 2257 1096 2319 τοὺς
1135 2259 1433 2330 αὐχοῦντας
1479 2255 1618 2314 εἶναι
1673 2261 2007 2316 καλλιέλαιον

423 2345 552 2407 τοὺς
601 2344 1002 2417 ἐρῤιζωμένους
1034 2351 1114 2413 είς
1151 2351 1249 2421 τὴν
1282 2351 1437 2422 ῥίζαν
1474 2350 1583 2405 τῶν
1632 2353 2002 2424 πατριαρχῶν,

435 2434 708 2507 Ἀϐραὰμ,
745 2437 837 2488 καὶ
876 2436 1078 2501 Ἰσαὰκ,
1116 2440 1210 2492 καὶ
1249 2439 1461 2504 Ἰακὼϐ,
1499 2441 1573 2512 μὴ
1626 2443 1953 2513 φεισάμενος
1978 2446 2006 2497 ὁ

424 2525 662 2596 χρηστὸς
701 2527 815 2596 ἅμα
847 2527 941 2580 καὶ
970 2527 1347 2600 φιλάνθρωπος
1379 2529 1511 2594 Θεὸς
1540 2531 1817 2600 ἐξέκοψεν·
1854 2534 2005 2604 πόσῳ

425 2616 586 2669 πλέον
617 2617 771 2687 ὴμῶν
798 2619 857 2670 ού
903 2619 1182 2688 φείσεταις
1219 2622 1323 2674 Ἴδε
1355 2620 1696 2694 χρηστότητα
1742 2622 1837 2676 καὶ
1870 2624 2005 2676 ἀπο-

421 2708 617 2779 τομίαν
646 2708 802 2763 Θεοῦ.
828 2711 900 2762 Οὐ
937 2710 1042 2781 γὰρ
1069 2712 1302 2783 χρηστὸς
1330 2713 1450 2784 μὲν,
1479 2714 1580 2766 οὐκ
1609 2713 1880 2784 ἀπότομος
1911 2713 1966 2766 δέ
1984 2731 1999 2746 ο

423 2799 543 2852 οὑδὲ
572 2800 846 2871 ἀπότομος
879 2801 996 2872 μὲν,
1048 2802 1282 2873 χρηστὸς
1314 2803 1371 2855 δὲ
1410 2802 1491 2857 ού.
1529 2806 1592 2858 Ei
1624 2805 1732 2876 γάρ
1769 2805 2002 2877 χρηστὸς

423 2891 584 2960 μόνον
624 2887 712 2962 ἦν,
744 2892 1017 2964 ἀπότομος
1044 2893 1100 2945 δὲ
1153 2892 1227 2965 μὴ
1258 2890 1346 2964 ἦν,
1394 2896 1487 2948 ἐπὶ
1529 2895 1710 2950 πλεῖον
1738 2896 1804 2950 ἂν
1843 2914 2004 2950 κατε-

425 2985 770 3053 φρονήσαμεν
795 2984 890 3054 τῆς
916 2985 1278 3056 χρηστότητος
1305 2985 1486 3039 αὑτοῦ·
1513 2989 1561 3040 εί
1593 2988 1867 3058 ἀπότομος
1900 2988 1996 3059 μὲν

421 3067 508 3143 ἦν,
541 3072 774 3144 χρηστὸς
804 3073 860 3126 δὲ
898 3075 970 3145 μὴ
1003 3070 1091 3144 ἦν,
1121 3075 1261 3146 τάχα
1288 3075 1353 3129 ἂν
1382 3077 1732 3148 κατέγνωμεν
1761 3080 1854 3132 ἐπὶ
1878 3081 1998 3142 ταῖς

423 3163 718 3234 ἁμαρτίαις
764 3164 938 3235 ἡμῶν.
981 3166 1095 3218 Νῦν
1143 3167 1198 3218 δὲ
1233 3165 1309 3230 ὡς
1357 3167 1489 3231 Θεὸς
1529 3170 1835 3240 ἀμφότερον
1864 3169 1996 3240 ἔχει.

423 3252 712 3324 Χρῄζομεν
736 3254 844 3326 γὰρ
865 3257 912 3308 οἱ
927 3251 1225 3326 ἄνθρωποι,
1239 3256 1752 3330 μετανοούντες,τῆς
1768 3259 1998 3331 χρηστό-

419 3362 578 3417 τητος
607 3345 791 3411 αὐτοῦ,
825 3347 1150 3418 ἐμμένοντες
1176 3349 1233 3402 δὲ
1263 3351 1385 3413 ταῖς
1415 3351 1844 3422 ἀμαρτίαις,τῆς
1864 3352 1998 3404 ἀπο-

423 3434 637 3506 τομίας·
667 3438 714 3488 εί
743 3438 976 3508 χρηστός
1004 3439 1118 3491 ἐστι
1147 3438 1220 3509 (2)
1241 3440 1333 3493 κα)⁵
1364 3441 1636 3510 ἀπότομος
1663 3443 1690 3494 ό
1722 3441 1872 3505 Θεὸς,
1901 3442 1996 3495 καὶ

417 3525 567 3580 λαλεῖ
610 3530 742 3599 ἡμῖν
791 3529 878 3582 διὰ
925 3529 1032 3583 τῶν
1075 3532 1386 3602 προφητῶν,
1420 3534 1512 3586 καὶ
1546 3533 1717 3601 λέγει⁹
1759 3530 1995 3599 Εἷδεςᾶ

415 3615 671 3683 ἐποίησέ
690 3635 791 3686 μοι
815 3619 852 3686 ἡ
881 3622 1150 3673 κατοικία
1175 3621 1281 3675 τοῦ
1319 3622 1584 3691 Ἰσραὴλ,
1609 3622 1734 3694 (τὸν
1777 3624 1994 3696 Ἰσραὴλ

413 3705 506 3758 τὸν
537 3705 668 3759 λαόν
716 3725 806 3777 μοι
854 3709 963 3761 νὸει
991 3712 1252 3782 ἐκεῖνον,)
1295 3712 1363 3779 ὃς
1410 3715 1702 3783 ἐπορεύθη
1734 3716 1832 3769 ἐπὶ
1870 3715 1994 3770 πᾶν

417 3797 555 3867 ὅρος
587 3799 852 3867 ὑψηλὸν,
893 3802 989 3854 καὶ
1016 3803 1294 3857 ὑποκάτω
1336 3806 1563 3872 παντὸς
1592 3807 1783 3872 ξύλου
1816 3825 1992 3864 κατα-

417 3890 617 3960 σκίού.
669 3891 793 3944 Ἐὰν
833 3891 949 3966 ἴδῃς
999 3894 1090 3947 τὸν
1128 3897 1417 3968 Φαρισαῖον
1450 3899 1530 3960 εἰς
1573 3898 1632 3951 τὸ
1683 3899 1825 3970 ἱερὸν
1862 3902 1992 3954 ἀνα-

416 3977 668 4033 ϐαίνοντα
713 3981 1045 4046 ἀλαζονικῶς
1096 3985 1191 4038 καὶ
1248 3987 1323 4056 μὴ
1370 3985 1640 4040 τύπτοντα
1684 3990 1875 4042 ἐαυτοῦ
1929 3993 1991 4044 τὸ

417 4070 631 4141 ττῆθος,
666 4072 799 4143 μηδὲ
828 4074 1124 4146 κηδόμενον
1165 4075 1272 4128 τῶν
1323 4077 1467 4130 ἰδίων
1501 4077 1706 4139 κακῶν,
1741 4079 1876 4131 ἀλλά
1905 4080 1991 4132 λέ-

412 4177 598 4228 γοντα·
639 4183 657 4214 ι
689 4163 1005 4236 Εὐχαριστῶ
1031 4181 1133 4228 σοι,
1161 4165 1354 4218 ὅτιούκ
1379 4166 1496 4236 είμὶ
1510 4166 1583 4231 ὡς
1608 4170 1656 4221 ot
1681 4169 1858 4223 λοιποὶ
1883 4170 1990 4224 τῶν

419 4251 739 4323 ἀνθρώπων,
776 4254 1042 4325 ἅρπαγες,
1074 4252 1270 4312 ἄδικοι,
1300 4255 1508 4324 μοιχοί·
1540 4256 1572 4328 ἢ
1604 4256 1697 4310 καὶ
1725 4258 1800 4321 ὠς
1833 4251 1989 4323 οὗτος

2121 440 2192 495 do
2218 441 2552 495 muliercula:
2593 451 2646 496 et
2679 441 2926 499 inﬁrmus
2960 460 3123 501 sexus
3157 464 3324 519 usque
3353 451 3420 506 ad
3459 462 3694 510 mortem

2120 533 2378 587 manebat
2408 532 2728 602 intrepidus.
2762 533 2915 590 Tune
2947 553 3073 592 vere
3100 540 3254 610 signa
3281 541 3347 595 de
3375 544 3532 611 coelo,
3565 555 3695 601 tunc

2120 622 2317 676 ﬁebant
2345 630 2590 691 portenta
2615 624 2680 677 de
2710 632 2872 678 terra.
2907 625 3060 682 Tunc
3082 638 3239 682 erant
3262 632 3417 699 pauci
3447 636 3690 702 quidem,

2120 711 2212 766 sed
2247 727 2372 766 vere
2403 711 2606 778 ﬁdeles,
2652 723 2939 782 augustam
2989 726 3043 771 et
3074 728 3277 772 arctam
3329 721 3692 792 ingredientes

2118 803 2282 870 viam,
2325 819 2446 872 quae
2474 805 2624 859 ducit
2656 808 2722 859 ad
2750 808 2935 860 vitam.
2975 806 3128 865 Nunc
3155 826 3282 866 vero
3313 817 3529 881 quando
3561 816 3690 871 facti

2119 907 2310 947 sumus
2353 895 2556 962 plures,
2606 897 2734 964 quia
2782 898 2997 968 diﬁicilc
3021 908 3105 954 est
3130 901 3315 970 plures
3347 918 3465 960 esse
3493 906 3688 971 bonos,
3723 919 3732 947 -'

2118 997 2295 1050 neque
2334 984 2478 1037 enim
2519 986 2777 1040 mentitur
2819 986 3000 1052 Jesus,
3041 991 3227 1047 dicens
3255 1011 3269 1046 :
3295 993 3454 1048 Multi
3497 999 3688 1064 vocati,

2115 1073 2273 1140 pauci
2320 1085 2491 1126 autem
2541 1075 2691 1130 electi
2715 1077 2778 1144 ⁷³,
2828 1093 2893 1133 ex
2942 1083 3104 1137 tantis
3129 1082 3498 1141 Christianam
3528 1075 3688 1143 ﬁdem

2116 1162 2517 1232 pollicentibus,
2570 1169 2727 1236 pauci
2776 1185 2907 1225 sane
2955 1174 3298 1241 reperiuntur
3331 1179 3423 1246 qui
3456 1179 3692 1236 habeant

2115 1251 2296 1320 ﬁdem,
2321 1265 2373 1308 ct
2400 1256 2702 1325 veritatem,
2727 1268 2779 1314 et
2810 1260 3141 1319 beatitudine
3171 1265 3316 1336 digni
3345 1269 3471 1323 sint.

2181 1515 2236 1568 4.
2281 1514 2336 1568 Si
2369 1516 2550 1586 itaque
2589 1518 2759 1574 dicit:
2798 1520 3041 1576 Primum
3087 1533 3303 1594 propter
3342 1538 3564 1596 peccata
3597 1532 3682 1586 di-

2111 1604 2235 1659 misi
2271 1603 2473 1671 Israel,
2525 1619 2574 1662 et
2620 1609 2815 1679 reliqui
2860 1626 2984 1667 eum
3037 1613 3092 1668 in
3142 1617 3678 1690 eommigrationem;

2039 1702 2081 1759 Β
2109 1695 2247 1750 Juda
2271 1707 2452 1752 autem
2475 1699 2704 1756 audiens
2730 1717 2792 1756 ea
2822 1720 2942 1772 qua-3
2963 1707 3274 1762 acciderant
3299 1707 3483 1778 lsrael,
3512 1713 3687 1767 noluit

2107 1787 2172 1840 ad
2217 1804 2304 1842 me
2348 1792 2587 1844 converti
2620 1810 2632 1845 :
2661 1794 2727 1847 de
2761 1797 2962 1850 nostris
3014 1798 3256 1867 loquitur
3291 1805 3548 1869 peccatis,
3587 1805 3683 1873 qui

2107 1878 2343 1947 legentes
2380 1895 2442 1933 ea
2480 1896 2601 1949 qum
2628 1898 2822 1951 passus
2845 1895 2926 1941 est
2959 1889 3188 1955 populus
3213 1888 3546 1960 Judaeorum,
3573 1909 3683 1948 non

2109 1969 2384 2035 timemus,
2424 1987 2598 2040 neque
2621 1975 2853 2029 dicimus
2879 1996 2891 2030 :
2927 1976 2984 2031 Si
3013 1981 3354 2038 naturalibus
3379 1987 3546 2039 ramis
3575 2000 3684 2040 non
3745 1967 3752 1972 ’

2105 2062 2367 2126 pepercit,
2411 2073 2616 2130 quanto
2652 2065 2826 2133 magis
2871 2082 2971 2121 nec
3017 2071 3175 2124 nobis
3208 2082 3393 2140 parcet
3432 2074 3575 2128 Deus
3594 2075 3686 2129 "1'

2110 2150 2166 2204 Si
2192 2151 2314 2205 illos
2343 2154 2638 2224 gloriantes
2665 2172 2785 2210 esse
2808 2174 2864 2212 se
2889 2160 3085 2214 olivam
3112 2163 3334 2230 bonam,
3365 2176 3418 2220 et
3446 2168 3682 2222 radicem

2106 2244 2572 2312 patriarcharum,
2613 2249 2908 2314 Abraham,
2942 2250 3093 2307 Isaac
3127 2262 3182 2308 et
3209 2253 3397 2324 Iacob,
3430 2259 3684 2318 Christus

2107 2334 2570 2392 clementissimus
2622 2338 2766 2394 Deus
2816 2357 2914 2410 pro
2967 2359 3068 2398 suo
3113 2346 3307 2401 merito
3343 2347 3683 2420 leradicavit;

2105 2437 2311 2494 quanto
2345 2428 2519 2497 magis
2549 2444 2726 2498 neque
2761 2431 2919 2486 nobis
2953 2443 3153 2502 parcet,
3190 2437 3235 2491 si
3265 2438 3461 2494 similia
3491 2439 3687 2495 feceri-

2105 2517 2264 2572 mus?
2297 2517 2429 2574 Vidc
2461 2520 2848 2590 benignitatem
2882 2533 2936 2576 ct
2977 2527 3320 2581 severitatem
3354 2528 3468 2583 Dei.
3499 2529 3683 2600 Neque

2102 2609 2245 2662 enim
2280 2609 2550 2680 benignus
2585 2621 2793 2674 tantum
2830 2624 2936 2681 est,
2979 2625 3033 2670 et
3068 2632 3174 2671 non
3211 2634 3466 2688 severus;
3509 2639 3684 2694 neque

2101 2713 2324 2754 severus
2351 2709 2582 2769 tantum,
2611 2713 2664 2758 et
2692 2720 2801 2758 non
2827 2706 2988 2768 etiam
3022 2708 3308 2778 benignus.
3339 2709 3393 2764 Si
3414 2713 3682 2786 benignus

2102 2797 2247 2842 esset
2275 2792 2678 2856 tantummodo,
2705 2793 2999 2850 bonitatem
3029 2799 3148 2867 ejus
3171 2810 3676 2872 contemneremus,

2102 2876 2146 2930 si
2182 2893 2406 2934 severus
2439 2889 2671 2949 tantum,
2717 2883 3025 2954 desperatio
3065 2903 3165 2944 nos
3207 2891 3424 2959 salutis,
3461 2906 3680 2964 propter

2101 2979 2320 3037 peccata
2367 2986 2489 3040 quae
2532 2971 2787 3041 fecimus,
2840 2978 3202 3048 praecipitaret
3250 2981 3488 3038 invitia.
3522 2985 3678 3042 Nunc

2102 3075 2232 3114 vero
2262 3064 2418 3131 quasi
2465 3064 2632 3130 Deus,
2664 3070 3039 3139 necessariam
3072 3072 3271 3142 quippe
3306 3075 3380 3144 ('5';
3413 3077 3676 3134 habemus

2100 3165 2293 3208 omnes
2326 3153 2622 3210 bonitatem
2656 3157 2776 3228 ejus
2805 3160 2874 3213 ob
2905 3163 3304 3230 rmnitentiam,
3337 3175 3390 3219 et
3417 3169 3678 3222 sever-ita.

2101 3250 2206 3297 tem
2256 3244 2327 3298 ob
2371 3245 2584 3315 delicta,
2620 3257 2675 3304 et
2721 3249 2988 3320 benignus
3027 3263 3130 3322 est,
3154 3264 3207 3309 et
3248 3271 3490 3322 severus,
3513 3268 3561 3314 et
3594 3262 3677 3314 lo-

2097 3337 2284 3404 quitur
2321 3337 2387 3391 ad
2419 3355 2518 3393 nos
2550 3355 2644 3409 per
2676 3343 3017 3413 prophetam,
3046 3346 3233 3402 (licens
3262 3365 3274 3401 :
3321 3346 3516 3403 Vidisti
3547 3351 3673 3420 quid

2100 3427 2221 3495 fecit
2250 3429 2376 3480 milii
2405 3429 2660 3486 habitatio
2690 3433 2877 3489 domus
2894 3434 3296 3508 Israel?(lsrael
3333 3440 3388 3494 in
3416 3444 3672 3511 praesenti

2098 3532 2196 3586 pro
2221 3515 2534 3572 Judaeorum
2583 3522 2782 3592 populo
2827 3525 3055 3596 accipe.)
3091 3527 3233 3581 Abiit
3286 3545 3437 3594 super
3467 3547 3699 3583 omnem.

2097 3617 2320 3661 montem
2367 3610 2650 3677 excelsum,
2705 3613 2861 3686 145
2899 3625 2947 3668 et
2995 3616 3156 3670 subiit
3200 3635 3363 3687 usque
3412 3621 3482 3671 ad
3522 3636 3672 3673 omne

2094 3698 2294 3769 lignum
2321 3717 2674 3757 nemorosum.
2700 3702 2756 3757 Si
2788 3706 3101 3761 consideres
3121 3707 3453 3762 Pharisaaum
3487 3724 3673 3765 asccn«

2093 3790 2308 3845 dentem
2337 3795 2594 3863 templum
2619 3811 2741 3850 cum
2772 3799 3048 3866 superbia,
3068 3807 3251 3852 etnon
3281 3801 3668 3866 percntieutem

2092 3890 2283 3949 pectus
2321 3897 2502 3951 suum,
2531 3901 2707 3953 neque
2730 3888 2871 3940 mala
2901 3887 3118 3955 propria
3150 3889 3491 3959 sentientem,
3527 3908 3668 3963 quo-

2092 3973 2254 4026 modo
2291 3974 2436 4028 dicat
2469 3993 2483 4028 :
2523 3974 2736 4028 Gratias
2769 3977 2864 4030 tibi
2890 3993 3008 4046 ago,
3046 3979 3172 4047 quia
3203 3996 3304 4034 non
3335 3999 3452 4036 sum
3482 3994 3536 4037 ut
3561 4001 3668 4038 ctr-

2093 4062 2191 4113 teri
2217 4061 2470 4128 homines,
2510 4075 2769 4132 raptores,
2804 4067 3015 4133 iujusti,
3046 4068 3297 4135 adulteri,
3340 4082 3388 4124 et
3412 4075 3549 4126 sicut
3572 4076 3669 4128 iste

2091 4150 2404 4220 publicanus
2439 4167 2457 4205 :
2496 4153 2671 4222 jejuno
2712 4156 2791 4208 bis
2832 4157 2886 4208 in
2923 4155 3180 4223 Sabbato,
3226 4160 3461 4216 decimas
3493 4163 3560 4216 do
3603 4170 3668 4218 (te

2091 4241 2391 4295 substantia
2441 4257 2555 4296 mea
2575 4243 2620 4274 "
2653 4261 2666 4298 :
2697 4244 2862 4300 Vides
2910 4249 3183 4316 quomodo
3234 4251 3477 4305 ascendit
3503 4267 3668 4322 super

412 4339 443 4393 ό
469 4341 725 4414 τελώνης.
753 4343 1016 4414 Νηστεύω
1041 4343 1120 4406 δὶς
1143 4342 1236 4396 τού
1259 4344 1550 4411 σαϐϐάτου,
1576 4346 1892 4400 ἀποδεκατῶ
1917 4346 1986 4401 τὰ
2018 4361 2063 4416 ι)

2094 4347 2310 4386 omnem
2334 4342 2572 4388 montem
2603 4336 2900 4404 excelsum,
2929 4351 2982 4392 et
3011 4339 3379 4397 inﬂammatus
3405 4358 3667 4415 arrogan-

415 4431 724 4505 ὑπάρχοντά
756 4450 876 4505 μου·
912 4453 930 4485 ι
963 4434 1102 4504 ὄψει,
1134 4435 1214 4488 ὃτι
1248 4434 1586 4505 ἀναϐέϐηκεν
1607 4438 1700 4490 ἐπὶ
1725 4438 1832 4491 πᾶν
1859 4437 1984 4510 ὅρος

416 4524 612 4595 ὑψηλὸν
637 4525 874 4595 ψεκτῶς,
911 4527 1002 4579 καὶ
1033 4527 1323 4598 ἀγαπήσας
1353 4527 1849 4600 μεγαλοφροσύνην,
1889 4532 1982 4585 καὶ

420 4616 554 4669 κατὰ
582 4617 681 4686 τὴν
721 4616 1116 4688 ὑπερηφανίαν.
1153 4620 1249 4680 Ὃς
1273 4618 1329 4670 δὲ
1356 4619 1663 4690 ἀναϐέϐηκε
1686 4620 1778 4672 ἐπὶ
1806 4621 1979 4674 πάντα

422 4706 606 4776 βουνὸν
643 4707 868 4778 ὑψηλὸν,
910 4708 1004 4761 καὶ
1026 4707 1246 4776 γέγονεν
1273 4707 1528 4761 ὑποκάτω
1560 4709 1757 4773 παντὸς
1795 4709 1975 4777 ξύλου,

416 4797 474 4847 οὐ
508 4796 808 4867 καρπίμου,
845 4795 958 4848 ἀλλ’
997 4795 1295 4859 ἀλσὼδους’
1339 4796 1467 4850 ἄλλο
1509 4797 1617 4869 γὰρ
1655 4798 1716 4851 τὸ
1741 4798 1980 4864 ἀλσῶδες

416 4883 587 4948 ξύλον,
609 4884 737 4939 ἄλλο
761 4885 820 4937 τὸ
847 4884 1211 4957 καρποφόρον.
1240 4885 1332 4947 Εἰς
1359 4885 1494 4956 άλση
1525 4887 1651 4939 ὅταν
1685 4891 1978 4956 φυτεύωσι,

415 4973 544 5040 ξύλα
590 4977 910 5045 φυτεύουσιν
947 4979 1007 5030 ού
1049 4977 1118 5029 τὰ
1162 4978 1508 5050 καρποφόρα,
1545 4979 1606 5032 ού
1640 4981 1831 5050 συκῆν,
1859 4982 1979 5036 οὐδέ

414 5067 673 5138 ἄμπελον,
722 5069 856 5122 ἀλλὰ
888 5069 1045 5140 μόνον
1072 5068 1314 5141 τέρψεως
1358 5070 1517 5142 χάριν
1559 5070 1785 5144 ἄκαρπα
1828 5071 1976 5137 ξύλα.

413 5156 695 5223 Τοιούτους
721 5158 972 5231 εὑρήσεις
1002 5160 1127 5222 τοὺς
1157 5158 1349 5226 λόγους
1389 5159 1498 5212 τῶν
1522 5161 1862 5234 ἑτεροδόξων,
1888 5163 1981 5217 καὶ

2091 4429 2166 4484 tia
2216 4428 2318 4483 ista
2367 4437 2675 4498 praesumat.
2728 4429 2868 4484 Sunt
2900 4441 3078 4486 autem
3113 4433 3204 4486 alii
3234 4434 3328 4507 qui
3362 4436 3666 4490 ascendunt

2089 4534 2253 4589 super
2279 4519 2465 4585 colles,
2499 4527 2552 4573 et
2578 4519 2713 4574 ﬁunt
2743 4521 2936 4576 subtus
2966 4537 3129 4576 omne
3165 4523 3372 4592 lignum
3402 4539 3511 4578 nou
3547 4523 3665 4579 fru-

2088 4611 2362 4678 ctiferum,
2403 4611 2497 4666 sed
2531 4626 2911 4679 nemorosum;
2963 4613 3230 4682 siquidem
3291 4613 3515 4671 alterius
3560 4633 3662 4670 na-

2086 4712 2223 4758 turae
2255 4710 2339 4757 est
2368 4703 2571 4772 lignum
2620 4705 2766 4772 quod
2811 4705 3058 4758 ubertate
3093 4703 3269 4760 fertile
3299 4712 3402 4772 est,
3437 4707 3661 4763 alterius

2085 4793 2233 4862 quod
2267 4801 2472 4846 tantum
2510 4793 2750 4847 abundat
2785 4791 2976 4848 fronde
3012 4792 3288 4849 foliorum.
3326 4794 3384 4850 In
3421 4801 3660 4852 nemori-

2087 4883 2189 4938 bus
2228 4892 2282 4937 et
2327 4884 2464 4939 lucis
2509 4899 2670 4938 nemo
2717 4885 2923 4954 plantat
2970 4885 3158 4951 ﬁcum,
3211 4901 3372 4941 nemo
3420 4889 3658 4955 vineam,

2086 4991 2247 5030 nemo
2276 4977 2500 5032 arbores
2529 4975 2754 5042 fertiles,
2784 4976 2875 5030 sed
2904 4977 3249 5033 oblectationi
3275 4978 3426 5034 visus
3449 4988 3657 5034 tantum

2087 5067 2229 5138 ligna
2257 5067 2582 5124 frondentia.
2611 5067 2773 5123 Tales
2802 5075 2928 5123 sunt
2951 5068 3212 5137 hatretici,
3237 5069 3330 5139 qui
3356 5070 3656 5125 orationem

2087 5174 2240 5215 suam
2272 5158 2559 5215 verborum
2592 5157 2787 5214 decore
2817 5165 3174 5229 componunt,
3207 5173 3317 5214 non
3345 5167 3405 5214 ut
3429 5171 3659 5214 convero

469 5338 516 5373 ⁸³³
538 5336 728 5395 Matth.
760 5355 852 5406 xx,
895 5339 980 5395 16.
1056 5339 1102 5372 ⁷⁸
1136 5339 1296 5396 Rom.
1337 5356 1388 5394 χι
1411 5381 1425 5404 ,
1457 5340 1545 5396 21.
1589 5342 1634 5374 ⁷⁸
1661 5341 1790 5400 Luc.
1820 5301 1974 5414 xvm,
2006 5347 2094 5405 ll.

414 5501 576 5590 αθ),
614 5501 720 5590 Ὠς
739 5501 887 5570 πρὸς
917 5503 1002 5557 τό.
1047 5499 1282 5572 Legebat
1322 5497 1684 5574 Hieronymus
1721 5527 1734 5566 ε
1763 5505 1981 5580 πρῶτον

412 5571 788 5638 ἐξαπέστειλα.
1134 5571 1145 5572 ί
1529 5571 1541 5574 ἡ
1808 5571 1822 5580 ’

479 5639 559 5710 (2)
598 5643 670 5696 El
707 5642 970 5710 χρηστός
1005 5641 1152 5696 ἐστι.
1182 5639 1344 5713 Lege,
1373 5642 1461 5696 καὶ
1486 5660 1716 5731 χρηστός
1741 5659 1877 5715 ἐστι,

2158 5501 2236 5573 (3)
2280 5499 2441 5578 gens,
2491 5500 2842 5553 necessariam
2899 5498 3106 5578 quippe,
3160 5505 3266 5578 etc.
3317 5495 3411 5554 Sic
3465 5509 3654 5577 omnes

2085 5570 2244 5632 mss,
2295 5571 2415 5623 libri
2477 5577 2658 5625 autem
2717 5580 2875 5626 antea
2933 5570 3102 5636 editi,
3159 5570 3294 5624 dans
3341 5570 3655 5638 necessaria,

2085 5642 2291 5713 quippe,
2329 5649 2434 5695 etc.
