  <div class='ocr_page' id='page_1' title='image "/cluster/home/n/w/nwhite01/storage/ocr_20150623/13/mdp.39015007036059/149.png"; bbox 0 0 4296 6288; ppageno 0'>
   <div class='ocr_carea' id='block_1_1' title="bbox 655 304 755 362">
    <p class='ocr_par' dir='ltr' id='par_1_1' title="bbox 655 304 755 362">
     <span class='ocr_line' id='line_1_1' title="bbox 655 304 755 362; baseline 0 -2"><span class='ocrx_word' id='word_1_1' title='bbox 655 304 755 362; x_wconf 63' lang='grc' dir='ltr'><strong>εει</strong></span> 
     </span>
    </p>
   </div>
   <div class='ocr_carea' id='block_1_2' title="bbox 2095 292 2420 351">
    <p class='ocr_par' dir='ltr' id='par_1_2' title="bbox 2095 292 2420 351">
     <span class='ocr_line' id='line_1_2' title="bbox 2095 292 2420 351; baseline 0.012 -4"><span class='ocrx_word' id='word_1_2' title='bbox 2095 292 2420 351; x_wconf 66' lang='lat' dir='ltr'><strong>ORIGENlS</strong></span> 
     </span>
    </p>
   </div>
   <div class='ocr_carea' id='block_1_3' title="bbox 3800 300 3908 356">
    <p class='ocr_par' dir='ltr' id='par_1_3' title="bbox 3800 300 3908 356">
     <span class='ocr_line' id='line_1_3' title="bbox 3800 300 3908 356; baseline 0 0"><span class='ocrx_word' id='word_1_3' title='bbox 3800 300 3908 356; x_wconf 72' lang='lat'><strong>9.92</strong></span> 
     </span>
    </p>
   </div>
   <div class='ocr_carea' id='block_1_4' title="bbox 659 409 2355 486">
    <p class='ocr_par' dir='ltr' id='par_1_4' title="bbox 659 411 2355 485">
     <span class='ocr_line' id='line_1_4' title="bbox 659 411 2355 485; baseline -0.006 -8"><span class='ocrx_word' id='word_1_4' title='bbox 659 430 778 477; x_wconf 88' lang='lat' dir='ltr'><strong>tant</strong></span> <span class='ocrx_word' id='word_1_5' title='bbox 814 418 1096 476; x_wconf 73' lang='lat' dir='ltr'><strong>audientes</strong></span> <span class='ocrx_word' id='word_1_6' title='bbox 1128 432 1161 471; x_wconf 85' lang='lat' dir='ltr'><strong>a</strong></span> <span class='ocrx_word' id='word_1_7' title='bbox 1190 416 1355 483; x_wconf 89' lang='lat' dir='ltr'><strong>vitiis,</strong></span> <span class='ocrx_word' id='word_1_8' title='bbox 1386 415 1479 472; x_wconf 86' lang='lat' dir='ltr'><strong>sed</strong></span> <span class='ocrx_word' id='word_1_9' title='bbox 1514 423 1575 470; x_wconf 88' lang='lat' dir='ltr'><strong>ut</strong></span> <span class='ocrx_word' id='word_1_10' title='bbox 1603 413 1890 471; x_wconf 88' lang='lat' dir='ltr'><strong>delectent.</strong></span> <span class='ocrx_word' id='word_1_11' title='bbox 1931 411 2102 485; x_wconf 81' lang='lat' dir='ltr'><strong>igitur</strong></span> <span class='ocrx_word' id='word_1_12' title='bbox 2131 413 2226 483; x_wconf 87' lang='lat' dir='ltr'><strong>qui</strong></span> <span class='ocrx_word' id='word_1_13' title='bbox 2255 419 2302 476; x_wconf 80' lang='grc' dir='ltr'><strong>Α</strong></span> <span class='ocrx_word' id='word_1_14' title='bbox 2330 429 2355 467; x_wconf 84' lang='grc' dir='ltr'><strong>τ</strong></span> 
     </span>
    </p>
   </div>
   <div class='ocr_carea' id='block_1_5' title="bbox 2212 409 3908 486">
    <p class='ocr_par' dir='ltr' id='par_1_5' title="bbox 2212 409 3908 486">
     <span class='ocr_line' id='line_1_5' title="bbox 2212 409 3908 486; baseline 0.001 -19"><span class='ocrx_word' id='word_1_15' title='bbox 2212 413 2226 467; x_wconf 90' lang='lat' dir='ltr'><strong>i</strong></span> <span class='ocrx_word' id='word_1_16' title='bbox 2255 419 2302 476; x_wconf 80' lang='grc' dir='ltr'><strong>Α</strong></span> <span class='ocrx_word' id='word_1_17' title='bbox 2330 412 2400 467; x_wconf 81' lang='grc' dir='ltr'>τὰ</span> <span class='ocrx_word' id='word_1_18' title='bbox 2429 410 2601 484; x_wconf 82' lang='grc' dir='ltr'>κάλλη</span> <span class='ocrx_word' id='word_1_19' title='bbox 2628 409 2737 465; x_wconf 82' lang='grc' dir='ltr'><strong>τῶν</strong></span> <span class='ocrx_word' id='word_1_20' title='bbox 2777 410 3153 483; x_wconf 85' lang='grc' dir='ltr'>πιθανοτὴτων</span> <span class='ocrx_word' id='word_1_21' title='bbox 3196 410 3395 475; x_wconf 76' lang='grc' dir='ltr'>αὐτῶν,</span> <span class='ocrx_word' id='word_1_22' title='bbox 3425 409 3525 465; x_wconf 80' lang='grc' dir='ltr'>οὐκ</span> <span class='ocrx_word' id='word_1_23' title='bbox 3552 411 3908 486; x_wconf 75' lang='grc' dir='ltr'>ἐπιστρεφόν-</span> 
     </span>
    </p>
   </div>
   <div class='ocr_carea' id='block_1_6' title="bbox 660 506 2227 578">
    <p class='ocr_par' dir='ltr' id='par_1_6' title="bbox 660 506 2227 578">
     <span class='ocr_line' id='line_1_6' title="bbox 660 506 2227 578; baseline -0.005 -8"><span class='ocrx_word' id='word_1_24' title='bbox 660 513 970 571; x_wconf 85' lang='lat' dir='ltr'><strong>istiusmodi</strong></span> <span class='ocrx_word' id='word_1_25' title='bbox 1026 511 1340 567; x_wconf 74' lang='lat' dir='ltr'><strong>scdtmtione</strong></span> <span class='ocrx_word' id='word_1_26' title='bbox 1393 522 1686 578; x_wconf 81' lang='lat' dir='ltr'><strong>persuasus</strong></span> <span class='ocrx_word' id='word_1_27' title='bbox 1715 516 1820 573; x_wconf 88' lang='lat' dir='ltr'><strong>est,</strong></span> <span class='ocrx_word' id='word_1_28' title='bbox 1871 506 2005 561; x_wconf 88' lang='lat' dir='ltr'><strong>abiit</strong></span> <span class='ocrx_word' id='word_1_29' title='bbox 2030 508 2227 562; x_wconf 87' lang='lat' dir='ltr'><strong>subtus</strong></span> 
     </span>
    </p>
   </div>
   <div class='ocr_carea' id='block_1_7' title="bbox 658 599 2219 675">
    <p class='ocr_par' dir='ltr' id='par_1_7' title="bbox 658 599 2219 675">
     <span class='ocr_line' id='line_1_7' title="bbox 658 599 2219 675; baseline -0.006 -13"><span class='ocrx_word' id='word_1_30' title='bbox 658 621 822 663; x_wconf 90' lang='lat' dir='ltr'><strong>omne</strong></span> <span class='ocrx_word' id='word_1_31' title='bbox 842 607 1069 675; x_wconf 77' lang='lat' dir='ltr'><strong>lignum.</strong></span> <span class='ocrx_word' id='word_1_32' title='bbox 1099 602 1382 672; x_wconf 81' lang='lat' dir='ltr'><strong>Simulque</strong></span> <span class='ocrx_word' id='word_1_33' title='bbox 1405 600 1625 656; x_wconf 85' lang='lat' dir='ltr'><strong>attende</strong></span> <span class='ocrx_word' id='word_1_34' title='bbox 1646 614 1813 671; x_wconf 89' lang='lat' dir='ltr'><strong>quare</strong></span> <span class='ocrx_word' id='word_1_35' title='bbox 1841 614 1952 654; x_wconf 91' lang='lat' dir='ltr'><strong>non</strong></span> <span class='ocrx_word' id='word_1_36' title='bbox 1985 599 2219 665; x_wconf 79' lang='lat' dir='ltr'><strong>dixerit,</strong></span> 
     </span>
    </p>
   </div>
   <div class='ocr_carea' id='block_1_8' title="bbox 659 690 2224 767">
    <p class='ocr_par' dir='ltr' id='par_1_8' title="bbox 659 690 2224 767">
     <span class='ocr_line' id='line_1_8' title="bbox 659 690 2224 767; baseline -0.005 -13"><span class='ocrx_word' id='word_1_37' title='bbox 659 712 822 754; x_wconf 90' lang='lat' dir='ltr'><strong>omne</strong></span> <span class='ocrx_word' id='word_1_38' title='bbox 846 697 1071 767; x_wconf 79' lang='lat' dir='ltr'><strong>lignum,</strong></span> <span class='ocrx_word' id='word_1_39' title='bbox 1100 701 1157 748; x_wconf 90' lang='lat' dir='ltr'><strong>et</strong></span> <span class='ocrx_word' id='word_1_40' title='bbox 1179 693 1439 760; x_wconf 89' lang='lat' dir='ltr'><strong>tacuerit;</strong></span> <span class='ocrx_word' id='word_1_41' title='bbox 1465 706 1642 763; x_wconf 87' lang='lat' dir='ltr'><strong>neque</strong></span> <span class='ocrx_word' id='word_1_42' title='bbox 1670 706 1892 746; x_wconf 84' lang='lat' dir='ltr'><strong>rursum</strong></span> <span class='ocrx_word' id='word_1_43' title='bbox 1927 690 2224 752; x_wconf 81' lang='lat' dir='ltr'><strong>addiderit.</strong></span> 
     </span>
    </p>
   </div>
   <div class='ocr_carea' id='block_1_9' title="bbox 657 779 2225 853">
    <p class='ocr_par' dir='ltr' id='par_1_9' title="bbox 657 779 2225 853">
     <span class='ocr_line' id='line_1_9' title="bbox 657 779 2225 853; baseline -0.006 -11"><span class='ocrx_word' id='word_1_44' title='bbox 657 800 822 841; x_wconf 85' lang='lat' dir='ltr'><strong>omne</strong></span> <span class='ocrx_word' id='word_1_45' title='bbox 853 783 1060 853; x_wconf 86' lang='lat' dir='ltr'><strong>lignum</strong></span> <span class='ocrx_word' id='word_1_46' title='bbox 1104 779 1471 848; x_wconf 78' lang='lat' dir='ltr'><strong>fructiferum,</strong></span> <span class='ocrx_word' id='word_1_47' title='bbox 1502 779 1595 836; x_wconf 87' lang='lat' dir='ltr'><strong>sed</strong></span> <span class='ocrx_word' id='word_1_48' title='bbox 1620 779 1989 851; x_wconf 76' lang='lat' dir='ltr'><strong>signiﬁcanter</strong></span> <span class='ocrx_word' id='word_1_49' title='bbox 2010 780 2225 849; x_wconf 82' lang='lat' dir='ltr'><strong>adjece-</strong></span> 
     </span>
    </p>
   </div>
   <div class='ocr_carea' id='block_1_10' title="bbox 654 869 2226 943">
    <p class='ocr_par' dir='ltr' id='par_1_10' title="bbox 654 869 2226 943">
     <span class='ocr_line' id='line_1_10' title="bbox 654 869 2226 943; baseline -0.005 -11"><span class='ocrx_word' id='word_1_50' title='bbox 654 877 746 941; x_wconf 92' lang='lat' dir='ltr'><strong>rit,</strong></span> <span class='ocrx_word' id='word_1_51' title='bbox 787 874 968 929; x_wconf 79' lang='lat' dir='ltr'><strong>subtus</strong></span> <span class='ocrx_word' id='word_1_52' title='bbox 1001 889 1158 931; x_wconf 80' lang='lat' dir='ltr'><strong>omne</strong></span> <span class='ocrx_word' id='word_1_53' title='bbox 1182 872 1387 943; x_wconf 73' lang='lat' dir='ltr'><strong>tignum</strong></span> <span class='ocrx_word' id='word_1_54' title='bbox 1423 872 1749 934; x_wconf 74' lang='lat' dir='ltr'><strong>frondosum.</strong></span> <span class='ocrx_word' id='word_1_55' title='bbox 1790 870 2155 936; x_wconf 84' lang='lat' dir='ltr'><strong>Quamobrem</strong></span> <span class='ocrx_word' id='word_1_56' title='bbox 2179 869 2226 925; x_wconf 89' lang='lat' dir='ltr'><strong>si</strong></span> 
     </span>
    </p>
   </div>
   <div class='ocr_carea' id='block_1_11' title="bbox 655 960 2225 1036">
    <p class='ocr_par' dir='ltr' id='par_1_11' title="bbox 655 960 2225 1036">
     <span class='ocr_line' id='line_1_11' title="bbox 655 960 2225 1036; baseline -0.004 -14"><span class='ocrx_word' id='word_1_57' title='bbox 655 964 930 1036; x_wconf 76' lang='lat' dir='ltr'><strong>intelligas</strong></span> <span class='ocrx_word' id='word_1_58' title='bbox 975 979 1076 1020; x_wconf 91' lang='lat' dir='ltr'><strong>cur</strong></span> <span class='ocrx_word' id='word_1_59' title='bbox 1108 963 1458 1034; x_wconf 64' lang='lat' dir='ltr'><strong>praecipiatur</strong></span> <span class='ocrx_word' id='word_1_60' title='bbox 1493 960 1548 1020; x_wconf 84' lang='lat' dir='ltr'><strong>in</strong></span> <span class='ocrx_word' id='word_1_61' title='bbox 1588 960 1768 1032; x_wconf 81' lang='lat' dir='ltr'><strong>Lege:</strong></span> <span class='ocrx_word' id='word_1_62' title='bbox 1803 960 1927 1015; x_wconf 85' lang='lat' dir='ltr'><strong>Non</strong></span> <span class='ocrx_word' id='word_1_63' title='bbox 1962 961 2225 1032; x_wconf 80' lang='lat' dir='ltr'><strong>plantabis</strong></span> 
     </span>
    </p>
   </div>
   <div class='ocr_carea' id='block_1_12' title="bbox 651 1052 2224 1126">
    <p class='ocr_par' dir='ltr' id='par_1_12' title="bbox 651 1052 2224 1126">
     <span class='ocr_line' id='line_1_12' title="bbox 651 1052 2224 1126; baseline -0.003 -15"><span class='ocrx_word' id='word_1_64' title='bbox 651 1072 803 1111; x_wconf 88' lang='lat' dir='ltr'><strong>omne</strong></span> <span class='ocrx_word' id='word_1_65' title='bbox 833 1056 1035 1126; x_wconf 83' lang='lat' dir='ltr'><strong>lignum</strong></span> <span class='ocrx_word' id='word_1_66' title='bbox 1048 1054 1210 1124; x_wconf 74' lang='lat' dir='ltr'><strong>juxta</strong></span> <span class='ocrx_word' id='word_1_67' title='bbox 1241 1054 1411 1109; x_wconf 80' lang='lat' dir='ltr'><strong>altare</strong></span> <span class='ocrx_word' id='word_1_68' title='bbox 1445 1053 1658 1108; x_wconf 84' lang='lat' dir='ltr'><strong>Domini</strong></span> <span class='ocrx_word' id='word_1_69' title='bbox 1687 1052 1779 1107; x_wconf 85' lang='lat' dir='ltr'><strong>Dei</strong></span> <span class='ocrx_word' id='word_1_70' title='bbox 1809 1053 1909 1119; x_wconf 89' lang='lat' dir='ltr'><strong>tui,</strong></span> <span class='ocrx_word' id='word_1_71' title='bbox 1942 1070 2033 1108; x_wconf 84' lang='lat' dir='ltr'><strong>nec</strong></span> <span class='ocrx_word' id='word_1_72' title='bbox 2061 1054 2224 1123; x_wconf 81' lang='lat' dir='ltr'><strong>facies</strong></span> 
     </span>
    </p>
   </div>
   <div class='ocr_carea' id='block_1_13' title="bbox 653 1146 2226 1220">
    <p class='ocr_par' dir='ltr' id='par_1_13' title="bbox 653 1146 2226 1220">
     <span class='ocr_line' id='line_1_13' title="bbox 653 1146 2226 1220; baseline -0.001 -17"><span class='ocrx_word' id='word_1_73' title='bbox 653 1166 834 1203; x_wconf 69' lang='lat' dir='ltr'><strong>nenias</strong></span> <span class='ocrx_word' id='word_1_74' title='bbox 860 1149 936 1215; x_wconf 68' lang='grc' dir='ltr'><strong>τις</strong></span> <span class='ocrx_word' id='word_1_75' title='bbox 982 1150 1304 1205; x_wconf 84' lang='lat' dir='ltr'><strong>nominatim</strong></span> <span class='ocrx_word' id='word_1_76' title='bbox 1352 1149 1554 1220; x_wconf 86' lang='lat' dir='ltr'><strong>quippe</strong></span> <span class='ocrx_word' id='word_1_77' title='bbox 1594 1146 1937 1203; x_wconf 81' lang='lat' dir='ltr'><strong>interdicitur</strong></span> <span class='ocrx_word' id='word_1_78' title='bbox 1977 1161 2044 1202; x_wconf 89' lang='lat' dir='ltr'><strong>ne</strong></span> <span class='ocrx_word' id='word_1_79' title='bbox 2068 1146 2226 1202; x_wconf 85' lang='lat' dir='ltr'><strong>lucus</strong></span> 
     </span>
    </p>
   </div>
   <div class='ocr_carea' id='block_1_14' title="bbox 651 1239 1281 1306">
    <p class='ocr_par' dir='ltr' id='par_1_14' title="bbox 651 1239 1281 1306">
     <span class='ocr_line' id='line_1_14' title="bbox 651 1239 1281 1306; baseline 0 -14"><span class='ocrx_word' id='word_1_80' title='bbox 651 1240 933 1306; x_wconf 85' lang='lat' dir='ltr'><strong>plantetur</strong></span> <span class='ocrx_word' id='word_1_81' title='bbox 969 1239 1021 1293; x_wconf 89' lang='lat' dir='ltr'><strong>in</strong></span> <span class='ocrx_word' id='word_1_82' title='bbox 1055 1239 1281 1306; x_wconf 85' lang='lat' dir='ltr'><strong>templo.</strong></span> 
     </span>
    </p>
   </div>
   <div class='ocr_carea' id='block_1_15' title="bbox 723 1316 2221 1390">
    <p class='ocr_par' dir='ltr' id='par_1_15' title="bbox 723 1316 2221 1390">
     <span class='ocr_line' id='line_1_15' title="bbox 723 1316 2221 1390; baseline 0.005 -17"><span class='ocrx_word' id='word_1_83' title='bbox 723 1318 777 1373; x_wconf 85' lang='lat'><strong>5.</strong></span> <span class='ocrx_word' id='word_1_84' title='bbox 820 1316 877 1372; x_wconf 84' lang='lat' dir='ltr'><strong>Si</strong></span> <span class='ocrx_word' id='word_1_85' title='bbox 917 1318 1292 1374; x_wconf 84' lang='lat' dir='ltr'><strong>observaveris</strong></span> <span class='ocrx_word' id='word_1_86' title='bbox 1339 1334 1509 1390; x_wconf 88' lang='lat' dir='ltr'><strong>quare</strong></span> <span class='ocrx_word' id='word_1_87' title='bbox 1547 1321 1751 1377; x_wconf 87' lang='lat' dir='ltr'><strong>dictum</strong></span> <span class='ocrx_word' id='word_1_88' title='bbox 1789 1320 1899 1378; x_wconf 90' lang='lat' dir='ltr'><strong>sit:</strong></span> <span class='ocrx_word' id='word_1_89' title='bbox 1935 1322 2221 1380; x_wconf 84' lang='lat' dir='ltr'><strong>Fornicata</strong></span> 
     </span>
    </p>
   </div>
   <div class='ocr_carea' id='block_1_16' title="bbox 645 1408 2219 1482">
    <p class='ocr_par' dir='ltr' id='par_1_16' title="bbox 645 1408 2219 1482">
     <span class='ocr_line' id='line_1_16' title="bbox 645 1408 2219 1482; baseline 0.003 -16"><span class='ocrx_word' id='word_1_90' title='bbox 645 1417 728 1466; x_wconf 80' lang='lat' dir='ltr'><strong>est</strong></span> <span class='ocrx_word' id='word_1_91' title='bbox 757 1408 888 1477; x_wconf 79' lang='lat' dir='ltr'><strong>illic,</strong></span> <span class='ocrx_word' id='word_1_92' title='bbox 932 1418 981 1464; x_wconf 90' lang='lat' dir='ltr'><strong>et</strong></span> <span class='ocrx_word' id='word_1_93' title='bbox 1005 1410 1145 1474; x_wconf 73' lang='lat' dir='ltr'><strong>dixi,</strong></span> <span class='ocrx_word' id='word_1_94' title='bbox 1179 1419 1458 1482; x_wconf 80' lang='lat' dir='ltr'><strong>postquam</strong></span> <span class='ocrx_word' id='word_1_95' title='bbox 1490 1412 1753 1481; x_wconf 80' lang='lat' dir='ltr'><strong>fornicata</strong></span> <span class='ocrx_word' id='word_1_96' title='bbox 1780 1423 1857 1468; x_wconf 88' lang='lat' dir='ltr'><strong>est</strong></span> <span class='ocrx_word' id='word_1_97' title='bbox 1885 1415 1995 1469; x_wconf 76' lang='lat' dir='ltr'><strong>[nec</strong></span> <span class='ocrx_word' id='word_1_98' title='bbox 2021 1418 2219 1482; x_wconf 89' lang='lat' dir='ltr'><strong>omnia,</strong></span> 
     </span>
    </p>
   </div>
   <div class='ocr_carea' id='block_1_17' title="bbox 651 1502 2222 1577">
    <p class='ocr_par' dir='ltr' id='par_1_17' title="bbox 651 1502 2222 1577">
     <span class='ocr_line' id='line_1_17' title="bbox 651 1502 2222 1577; baseline 0.005 -22"><span class='ocrx_word' id='word_1_99' title='bbox 651 1502 732 1557; x_wconf 79' lang='lat' dir='ltr'><strong>Ad</strong></span> <span class='ocrx_word' id='word_1_100' title='bbox 753 1516 832 1553; x_wconf 88' lang='lat' dir='ltr'><strong>me</strong></span> <span class='ocrx_word' id='word_1_101' title='bbox 858 1509 1174 1567; x_wconf 86' lang='lat' dir='ltr'><strong>convertere,</strong></span> <span class='ocrx_word' id='word_1_102' title='bbox 1225 1512 1274 1555; x_wconf 85' lang='lat' dir='ltr'><strong>et</strong></span> <span class='ocrx_word' id='word_1_103' title='bbox 1317 1518 1420 1557; x_wconf 87' lang='lat' dir='ltr'><strong>non</strong></span> <span class='ocrx_word' id='word_1_104' title='bbox 1448 1510 1525 1556; x_wconf 89' lang='lat' dir='ltr'><strong>est</strong></span> <span class='ocrx_word' id='word_1_105' title='bbox 1557 1520 1822 1571; x_wconf 86' lang='lat' dir='ltr'><strong>conversa,</strong></span> <span class='ocrx_word' id='word_1_106' title='bbox 1850 1515 1900 1558; x_wconf 88' lang='lat' dir='ltr'><strong>et</strong></span> <span class='ocrx_word' id='word_1_107' title='bbox 1926 1507 2055 1560; x_wconf 83' lang='lat' dir='ltr'><strong>vidit</strong></span> <span class='ocrx_word' id='word_1_108' title='bbox 2081 1524 2222 1577; x_wconf 78' lang='lat' dir='ltr'><strong>prce-</strong></span> 
     </span>
    </p>
   </div>
   <div class='ocr_carea' id='block_1_18' title="bbox 647 1591 2218 1662">
    <p class='ocr_par' dir='ltr' id='par_1_18' title="bbox 647 1591 2218 1662">
     <span class='ocr_line' id='line_1_18' title="bbox 647 1591 2218 1662; baseline 0.006 -19"><span class='ocrx_word' id='word_1_109' title='bbox 647 1591 1025 1645; x_wconf 74' lang='lat' dir='ltr'><strong>taricationem</strong></span> <span class='ocrx_word' id='word_1_110' title='bbox 1053 1592 1166 1661; x_wconf 86' lang='lat' dir='ltr'><strong>ejus</strong></span> <span class='ocrx_word' id='word_1_111' title='bbox 1188 1593 1589 1662; x_wconf 71' lang='lat' dir='ltr'><strong>prmaricatrix</strong></span> <span class='ocrx_word' id='word_1_112' title='bbox 1618 1593 1653 1647; x_wconf 88' lang='lat' dir='ltr'><strong><em>J</em></strong></span> <span class='ocrx_word' id='word_1_113' title='bbox 1660 1595 1796 1661; x_wconf 89' lang='lat' dir='ltr'><strong>uda;</strong></span> <span class='ocrx_word' id='word_1_114' title='bbox 1827 1596 1893 1651; x_wconf 91' lang='lat' dir='ltr'><strong>de</strong></span> <span class='ocrx_word' id='word_1_115' title='bbox 1925 1598 2084 1653; x_wconf 85' lang='lat' dir='ltr'><strong>nobis</strong></span> <span class='ocrx_word' id='word_1_116' title='bbox 2111 1599 2218 1654; x_wconf 90' lang='lat' dir='ltr'><strong>dici</strong></span> 
     </span>
    </p>
   </div>
   <div class='ocr_carea' id='block_1_19' title="bbox 646 1680 2216 1758">
    <p class='ocr_par' dir='ltr' id='par_1_19' title="bbox 646 1680 2216 1758">
     <span class='ocr_line' id='line_1_19' title="bbox 646 1680 2216 1758; baseline 0.005 -21"><span class='ocrx_word' id='word_1_117' title='bbox 646 1680 907 1753; x_wconf 88' lang='lat' dir='ltr'><strong>intellige,</strong></span> <span class='ocrx_word' id='word_1_118' title='bbox 939 1683 1031 1753; x_wconf 87' lang='lat' dir='ltr'><strong>qui</strong></span> <span class='ocrx_word' id='word_1_119' title='bbox 1066 1684 1504 1754; x_wconf 89' lang='lat' dir='ltr'><strong>derelinquentes</strong></span> <span class='ocrx_word' id='word_1_120' title='bbox 1537 1694 1755 1756; x_wconf 89' lang='lat' dir='ltr'><strong>pactum</strong></span> <span class='ocrx_word' id='word_1_121' title='bbox 1788 1689 1933 1758; x_wconf 81' lang='lat' dir='ltr'><strong>quod</strong></span> <span class='ocrx_word' id='word_1_122' title='bbox 1956 1704 2079 1744; x_wconf 91' lang='lat' dir='ltr'><strong>cum</strong></span> <span class='ocrx_word' id='word_1_123' title='bbox 2107 1688 2216 1745; x_wconf 88' lang='lat' dir='ltr'><strong>Deo</strong></span> 
     </span>
    </p>
   </div>
   <div class='ocr_carea' id='block_1_20' title="bbox 2325 497 3907 573">
    <p class='ocr_par' dir='ltr' id='par_1_20' title="bbox 2325 497 3907 573">
     <span class='ocr_line' id='line_1_20' title="bbox 2325 497 3907 573; baseline 0.001 -16"><span class='ocrx_word' id='word_1_124' title='bbox 2325 521 2434 559; x_wconf 88' lang='grc' dir='ltr'><strong>των</strong></span> <span class='ocrx_word' id='word_1_125' title='bbox 2465 503 2594 567; x_wconf 76' lang='grc' dir='ltr'>τοὺς</span> <span class='ocrx_word' id='word_1_126' title='bbox 2620 503 2936 567; x_wconf 82' lang='grc' dir='ltr'>ἀκούοντας.</span> <span class='ocrx_word' id='word_1_127' title='bbox 2973 503 3139 556; x_wconf 89' lang='grc' dir='ltr'>Ὅταν</span> <span class='ocrx_word' id='word_1_128' title='bbox 3174 497 3266 556; x_wconf 80' lang='grc' dir='ltr'>οὖν</span> <span class='ocrx_word' id='word_1_129' title='bbox 3302 504 3413 567; x_wconf 90' lang='grc' dir='ltr'>τοῖς</span> <span class='ocrx_word' id='word_1_130' title='bbox 3440 502 3703 567; x_wconf 79' lang='grc' dir='ltr'><strong>τοιούτοις</strong></span> <span class='ocrx_word' id='word_1_131' title='bbox 3728 504 3907 573; x_wconf 81' lang='grc' dir='ltr'><strong>λόγοις</strong></span> 
     </span>
    </p>
   </div>
   <div class='ocr_carea' id='block_1_21' title="bbox 2324 592 3902 666">
    <p class='ocr_par' dir='ltr' id='par_1_21' title="bbox 2324 592 3902 666">
     <span class='ocr_line' id='line_1_21' title="bbox 2324 592 3902 666; baseline 0.002 -20"><span class='ocrx_word' id='word_1_132' title='bbox 2324 610 2410 656; x_wconf 90' lang='grc' dir='ltr'><strong>τις</strong></span> <span class='ocrx_word' id='word_1_133' title='bbox 2439 593 2629 648; x_wconf 78' lang='grc' dir='ltr'>ἑαυτὸν</span> <span class='ocrx_word' id='word_1_134' title='bbox 2661 592 2849 664; x_wconf 79' lang='grc' dir='ltr'>ἐπιδῷ,</span> <span class='ocrx_word' id='word_1_135' title='bbox 2874 592 3206 666; x_wconf 80' lang='grc' dir='ltr'><strong>πεπόρευται</strong></span> <span class='ocrx_word' id='word_1_136' title='bbox 3240 592 3495 647; x_wconf 84' lang='grc' dir='ltr'><strong>ὑποκάτω</strong></span> <span class='ocrx_word' id='word_1_137' title='bbox 3521 593 3723 658; x_wconf 78' lang='grc' dir='ltr'>παντὸς</span> <span class='ocrx_word' id='word_1_138' title='bbox 3749 592 3902 661; x_wconf 82' lang='grc' dir='ltr'>ξύλου</span> 
     </span>
    </p>
   </div>
   <div class='ocr_carea' id='block_1_22' title="bbox 2324 682 3898 757">
    <p class='ocr_par' dir='ltr' id='par_1_22' title="bbox 2324 682 3898 757">
     <span class='ocr_line' id='line_1_22' title="bbox 2324 682 3898 757; baseline 0.002 -18"><span class='ocrx_word' id='word_1_139' title='bbox 2324 684 2618 750; x_wconf 79' lang='grc' dir='ltr'>ἁλσώδους.</span> <span class='ocrx_word' id='word_1_140' title='bbox 2644 686 2757 739; x_wconf 83' lang='grc' dir='ltr'><strong>Οὐκ</strong></span> <span class='ocrx_word' id='word_1_141' title='bbox 2778 682 2966 756; x_wconf 78' lang='grc' dir='ltr'>εἴρηκε</span> <span class='ocrx_word' id='word_1_142' title='bbox 2991 684 3188 748; x_wconf 78' lang='grc' dir='ltr'>παντὸς</span> <span class='ocrx_word' id='word_1_143' title='bbox 3213 683 3390 750; x_wconf 80' lang='grc' dir='ltr'>ξύλου,</span> <span class='ocrx_word' id='word_1_144' title='bbox 3416 684 3510 738; x_wconf 79' lang='grc' dir='ltr'>καὶ</span> <span class='ocrx_word' id='word_1_145' title='bbox 3534 684 3898 757; x_wconf 74' lang='grc' dir='ltr'>σεσιώπηκεν*</span> 
     </span>
    </p>
   </div>
   <div class='ocr_carea' id='block_1_23' title="bbox 2324 768 3900 849">
    <p class='ocr_par' dir='ltr' id='par_1_23' title="bbox 2324 768 3900 849">
     <span class='ocr_line' id='line_1_23' title="bbox 2324 768 3900 849; baseline 0.001 -19"><span class='ocrx_word' id='word_1_146' title='bbox 2324 777 2448 830; x_wconf 76' lang='grc' dir='ltr'><strong>οὐδὲ</strong></span> <span class='ocrx_word' id='word_1_147' title='bbox 2472 768 2637 831; x_wconf 80' lang='grc' dir='ltr'>πάλιν</span> <span class='ocrx_word' id='word_1_148' title='bbox 2658 775 2969 849; x_wconf 83' lang='grc' dir='ltr'>προσέθηκε</span> <span class='ocrx_word' id='word_1_149' title='bbox 3012 774 3213 839; x_wconf 78' lang='grc' dir='ltr'>παντὸς</span> <span class='ocrx_word' id='word_1_150' title='bbox 3258 774 3416 840; x_wconf 79' lang='grc' dir='ltr'>ξύλου</span> <span class='ocrx_word' id='word_1_151' title='bbox 3459 773 3553 828; x_wconf 76' lang='grc' dir='ltr'>τοῦ</span> <span class='ocrx_word' id='word_1_152' title='bbox 3596 778 3900 849; x_wconf 84' lang='grc' dir='ltr'><strong>καρπίμου,</strong></span> 
     </span>
    </p>
   </div>
   <div class='ocr_carea' id='block_1_24' title="bbox 2325 864 3897 939">
    <p class='ocr_par' dir='ltr' id='par_1_24' title="bbox 2325 864 3897 939">
     <span class='ocr_line' id='line_1_24' title="bbox 2325 864 3897 939; baseline 0.001 -19"><span class='ocrx_word' id='word_1_153' title='bbox 2325 865 2441 920; x_wconf 83' lang='grc' dir='ltr'>ἁλλ’</span> <span class='ocrx_word' id='word_1_154' title='bbox 2474 867 2714 939; x_wconf 75' lang='grc' dir='ltr'>εἴρηκεν·</span> <span class='ocrx_word' id='word_1_155' title='bbox 2752 866 3030 922; x_wconf 78' lang='grc' dir='ltr'><strong>ὑποκάτω</strong></span> <span class='ocrx_word' id='word_1_156' title='bbox 3067 864 3292 931; x_wconf 80' lang='grc' dir='ltr'>παντὸς</span> <span class='ocrx_word' id='word_1_157' title='bbox 3329 865 3522 930; x_wconf 81' lang='grc' dir='ltr'>ξύλου</span> <span class='ocrx_word' id='word_1_158' title='bbox 3557 865 3897 934; x_wconf 76' lang='grc' dir='ltr'>ἁλσώδους.</span> 
     </span>
    </p>
   </div>
   <div class='ocr_carea' id='block_1_25' title="bbox 2324 954 3899 1028">
    <p class='ocr_par' dir='ltr' id='par_1_25' title="bbox 2324 954 3899 1028">
     <span class='ocr_line' id='line_1_25' title="bbox 2324 954 3899 1028; baseline 0.003 -20"><span class='ocrx_word' id='word_1_159' title='bbox 2324 955 2424 1009; x_wconf 83' lang='grc' dir='ltr'>Διὰ</span> <span class='ocrx_word' id='word_1_160' title='bbox 2450 955 2607 1009; x_wconf 77' lang='grc' dir='ltr'>τοῦτο</span> <span class='ocrx_word' id='word_1_161' title='bbox 2629 957 2864 1028; x_wconf 75' lang='grc' dir='ltr'><strong>νοήσεις,</strong></span> <span class='ocrx_word' id='word_1_162' title='bbox 2898 955 2951 1009; x_wconf 90' lang='grc' dir='ltr'><strong>τί</strong></span> <span class='ocrx_word' id='word_1_163' title='bbox 2995 955 3192 1026; x_wconf 84' lang='grc' dir='ltr'>δήποτε</span> <span class='ocrx_word' id='word_1_164' title='bbox 3221 956 3250 1008; x_wconf 81' lang='grc' dir='ltr'>ὁ</span> <span class='ocrx_word' id='word_1_165' title='bbox 3277 954 3573 1025; x_wconf 82' lang='grc' dir='ltr'><strong>νομοθέτης</strong></span> <span class='ocrx_word' id='word_1_166' title='bbox 3608 955 3776 1024; x_wconf 80' lang='grc' dir='ltr'>λέγει’</span> <span class='ocrx_word' id='word_1_167' title='bbox 3816 959 3899 1013; x_wconf 84' lang='grc' dir='ltr'><strong>Οὐ</strong></span> 
     </span>
    </p>
   </div>
   <div class='ocr_carea' id='block_1_26' title="bbox 2321 1043 3901 1115">
    <p class='ocr_par' dir='ltr' id='par_1_26' title="bbox 2321 1043 3901 1115">
     <span class='ocr_line' id='line_1_26' title="bbox 2321 1043 3901 1115; baseline 0.001 -15"><span class='ocrx_word' id='word_1_168' title='bbox 2321 1046 2642 1115; x_wconf 71' lang='grc' dir='ltr'><strong>φυτεύσεις</strong></span> <span class='ocrx_word' id='word_1_169' title='bbox 2671 1045 2792 1100; x_wconf 77' lang='grc' dir='ltr'>πᾶν</span> <span class='ocrx_word' id='word_1_170' title='bbox 2821 1045 3012 1111; x_wconf 77' lang='grc' dir='ltr'>ξύλον</span> <span class='ocrx_word' id='word_1_171' title='bbox 3037 1044 3196 1113; x_wconf 81' lang='grc' dir='ltr'>παρὰ</span> <span class='ocrx_word' id='word_1_172' title='bbox 3221 1043 3287 1097; x_wconf 86' lang='grc' dir='ltr'>τὸ</span> <span class='ocrx_word' id='word_1_173' title='bbox 3325 1044 3757 1113; x_wconf 78' lang='grc' dir='ltr'><strong>θυσιαστήριον</strong></span> <span class='ocrx_word' id='word_1_174' title='bbox 3779 1051 3901 1101; x_wconf 85' lang='grc' dir='ltr'><strong>Κυ-</strong></span> 
     </span>
    </p>
   </div>
   <div class='ocr_carea' id='block_1_27' title="bbox 2314 1135 3900 1209">
    <p class='ocr_par' dir='ltr' id='par_1_27' title="bbox 2314 1135 3900 1209">
     <span class='ocr_line' id='line_1_27' title="bbox 2314 1135 3900 1209; baseline 0.001 -18"><span class='ocrx_word' id='word_1_175' title='bbox 2314 1138 2457 1207; x_wconf 82' lang='grc' dir='ltr'>ρίου</span> <span class='ocrx_word' id='word_1_176' title='bbox 2478 1137 2586 1191; x_wconf 88' lang='grc' dir='ltr'>τοῦ</span> <span class='ocrx_word' id='word_1_177' title='bbox 2614 1137 2763 1191; x_wconf 83' lang='grc' dir='ltr'><strong>Θεοῦ</strong></span> <span class='ocrx_word' id='word_1_178' title='bbox 2793 1154 2935 1201; x_wconf 85' lang='grc' dir='ltr'>σου,</span> <span class='ocrx_word' id='word_1_179' title='bbox 2960 1136 3058 1190; x_wconf 80' lang='grc' dir='ltr'>καὶ</span> <span class='ocrx_word' id='word_1_180' title='bbox 3094 1138 3165 1192; x_wconf 85' lang='grc' dir='ltr'>οὐ</span> <span class='ocrx_word' id='word_1_181' title='bbox 3197 1136 3470 1203; x_wconf 82' lang='grc' dir='ltr'><strong>ποιήσεις</strong></span> <span class='ocrx_word' id='word_1_182' title='bbox 3502 1135 3723 1203; x_wconf 68' lang='grc' dir='ltr'>ἆλσοςυ</span> <span class='ocrx_word' id='word_1_183' title='bbox 3756 1137 3900 1209; x_wconf 74' lang='grc' dir='ltr'>ἔχεις</span> 
     </span>
    </p>
   </div>
   <div class='ocr_carea' id='block_1_28' title="bbox 2322 1225 3677 1301">
    <p class='ocr_par' dir='ltr' id='par_1_28' title="bbox 2322 1225 3677 1301">
     <span class='ocr_line' id='line_1_28' title="bbox 2322 1225 3677 1301; baseline 0.001 -18"><span class='ocrx_word' id='word_1_184' title='bbox 2322 1229 2431 1301; x_wconf 84' lang='grc' dir='ltr'>γὰρ</span> <span class='ocrx_word' id='word_1_185' title='bbox 2461 1229 2556 1283; x_wconf 76' lang='grc' dir='ltr'>καὶ</span> <span class='ocrx_word' id='word_1_186' title='bbox 2579 1227 2639 1281; x_wconf 76' lang='grc' dir='ltr'>τὸ</span> <span class='ocrx_word' id='word_1_187' title='bbox 2673 1228 2842 1298; x_wconf 78' lang='grc' dir='ltr'>ὄνομα</span> <span class='ocrx_word' id='word_1_188' title='bbox 2869 1225 2963 1281; x_wconf 77' lang='grc' dir='ltr'>τοῦ</span> <span class='ocrx_word' id='word_1_189' title='bbox 2987 1227 3179 1290; x_wconf 75' lang='grc' dir='ltr'>ἄλσους</span> <span class='ocrx_word' id='word_1_190' title='bbox 3208 1228 3677 1300; x_wconf 76' lang='grc' dir='ltr'><strong>ἀπηγορευμένον.</strong></span> 
     </span>
    </p>
   </div>
   <div class='ocr_carea' id='block_1_29' title="bbox 2399 1313 3901 1392">
    <p class='ocr_par' dir='ltr' id='par_1_29' title="bbox 2399 1313 3901 1392">
     <span class='ocr_line' id='line_1_29' title="bbox 2399 1313 3901 1392; baseline 0.003 -22"><span class='ocrx_word' id='word_1_191' title='bbox 2399 1338 2416 1370; x_wconf 84' lang='grc' dir='ltr'><strong>ι</strong></span> <span class='ocrx_word' id='word_1_192' title='bbox 2458 1318 2572 1373; x_wconf 71' lang='grc' dir='ltr'><strong>Καὶ</strong></span> <span class='ocrx_word' id='word_1_193' title='bbox 2613 1318 2939 1388; x_wconf 84' lang='grc' dir='ltr'>ὲπόρνευσεν</span> <span class='ocrx_word' id='word_1_194' title='bbox 2979 1318 3120 1371; x_wconf 77' lang='grc' dir='ltr'>ἐκεῖο</span> <span class='ocrx_word' id='word_1_195' title='bbox 3165 1319 3260 1371; x_wconf 67' lang='grc' dir='ltr'>καὶ</span> <span class='ocrx_word' id='word_1_196' title='bbox 3299 1313 3451 1384; x_wconf 82' lang='grc' dir='ltr'>εῑπα,</span> <span class='ocrx_word' id='word_1_197' title='bbox 3500 1318 3636 1388; x_wconf 79' lang='grc' dir='ltr'>μετὰ</span> <span class='ocrx_word' id='word_1_198' title='bbox 3668 1319 3731 1373; x_wconf 76' lang='grc' dir='ltr'>τὸ</span> <span class='ocrx_word' id='word_1_199' title='bbox 3770 1338 3901 1392; x_wconf 82' lang='grc' dir='ltr'>πορ-</span> 
     </span>
    </p>
   </div>
   <div class='ocr_carea' id='block_1_30' title="bbox 2319 1407 3900 1483">
    <p class='ocr_par' dir='ltr' id='par_1_30' title="bbox 2319 1407 3900 1483">
     <span class='ocr_line' id='line_1_30' title="bbox 2319 1407 3900 1483; baseline 0.001 -19"><span class='ocrx_word' id='word_1_200' title='bbox 2319 1410 2506 1464; x_wconf 74' lang='grc' dir='ltr'>νεῦσαι</span> <span class='ocrx_word' id='word_1_201' title='bbox 2527 1409 2693 1480; x_wconf 81' lang='grc' dir='ltr'>αὐτὴν</span> <span class='ocrx_word' id='word_1_202' title='bbox 2722 1407 2893 1463; x_wconf 82' lang='grc' dir='ltr'>ταῦτα</span> <span class='ocrx_word' id='word_1_203' title='bbox 2926 1408 3124 1462; x_wconf 83' lang='grc' dir='ltr'>πάντα’</span> <span class='ocrx_word' id='word_1_204' title='bbox 3159 1409 3304 1482; x_wconf 84' lang='grc' dir='ltr'>Πρὸς</span> <span class='ocrx_word' id='word_1_205' title='bbox 3332 1407 3399 1480; x_wconf 77' lang='grc' dir='ltr'>μὲ</span> <span class='ocrx_word' id='word_1_206' title='bbox 3422 1410 3781 1483; x_wconf 68' lang='grc' dir='ltr'>ἀνάστρεψονσ</span> <span class='ocrx_word' id='word_1_207' title='bbox 3806 1415 3900 1466; x_wconf 74' lang='grc' dir='ltr'>καὶ</span> 
     </span>
    </p>
   </div>
   <div class='ocr_carea' id='block_1_31' title="bbox 2321 1496 3898 1576">
    <p class='ocr_par' dir='ltr' id='par_1_31' title="bbox 2321 1496 3898 1576">
     <span class='ocr_line' id='line_1_31' title="bbox 2321 1496 3898 1576; baseline 0.002 -21"><span class='ocrx_word' id='word_1_208' title='bbox 2321 1503 2423 1555; x_wconf 79' lang='grc' dir='ltr'><strong>οὐκ</strong></span> <span class='ocrx_word' id='word_1_209' title='bbox 2473 1500 2789 1573; x_wconf 66' lang='grc' dir='ltr'>ἀνέστρεψε.</span> <span class='ocrx_word' id='word_1_210' title='bbox 2840 1500 2950 1555; x_wconf 77' lang='grc' dir='ltr'>Καὶ</span> <span class='ocrx_word' id='word_1_211' title='bbox 3003 1496 3110 1554; x_wconf 77' lang='grc' dir='ltr'>εἶδε</span> <span class='ocrx_word' id='word_1_212' title='bbox 3160 1499 3256 1571; x_wconf 76' lang='grc' dir='ltr'>τὴν</span> <span class='ocrx_word' id='word_1_213' title='bbox 3303 1500 3624 1556; x_wconf 82' lang='grc' dir='ltr'>ἀσυνθεσίαν</span> <span class='ocrx_word' id='word_1_214' title='bbox 3652 1504 3821 1574; x_wconf 77' lang='grc' dir='ltr'>αὐτῆς</span> <span class='ocrx_word' id='word_1_215' title='bbox 3863 1508 3898 1576; x_wconf 88' lang='grc' dir='ltr'><strong>ἡ</strong></span> 
     </span>
    </p>
   </div>
   <div class='ocr_carea' id='block_1_32' title="bbox 2320 1591 3898 1666">
    <p class='ocr_par' dir='ltr' id='par_1_32' title="bbox 2320 1591 3898 1666">
     <span class='ocr_line' id='line_1_32' title="bbox 2320 1591 3898 1666; baseline 0.001 -19"><span class='ocrx_word' id='word_1_216' title='bbox 2320 1592 2611 1658; x_wconf 84' lang='grc' dir='ltr'>ὰσύνθετος</span> <span class='ocrx_word' id='word_1_217' title='bbox 2661 1593 2853 1648; x_wconf 83' lang='grc' dir='ltr'><strong>Ἰούδα.</strong></span> <span class='ocrx_word' id='word_1_218' title='bbox 2893 1611 2911 1644; x_wconf 76' lang='grc' dir='ltr'><strong>ι</strong></span> <span class='ocrx_word' id='word_1_219' title='bbox 2957 1591 3390 1663; x_wconf 83' lang='grc' dir='ltr'>Λελοιδορὴμεθα</span> <span class='ocrx_word' id='word_1_220' title='bbox 3427 1594 3521 1647; x_wconf 69' lang='grc' dir='ltr'>καὶ</span> <span class='ocrx_word' id='word_1_221' title='bbox 3549 1595 3728 1666; x_wconf 88' lang='grc' dir='ltr'>ἡμεῖς,</span> <span class='ocrx_word' id='word_1_222' title='bbox 3756 1595 3898 1664; x_wconf 85' lang='grc' dir='ltr'>λέγω</span> 
     </span>
    </p>
   </div>
   <div class='ocr_carea' id='block_1_33' title="bbox 2322 1682 3894 1757">
    <p class='ocr_par' dir='ltr' id='par_1_33' title="bbox 2322 1682 3894 1757">
     <span class='ocr_line' id='line_1_33' title="bbox 2322 1682 3894 1757; baseline 0 -19"><span class='ocrx_word' id='word_1_223' title='bbox 2322 1686 2372 1738; x_wconf 91' lang='grc' dir='ltr'>οἱ</span> <span class='ocrx_word' id='word_1_224' title='bbox 2393 1685 2817 1757; x_wconf 80' lang='grc' dir='ltr'>ἁμαρτάνοντες,</span> <span class='ocrx_word' id='word_1_225' title='bbox 2841 1684 2934 1738; x_wconf 71' lang='grc' dir='ltr'>καὶ</span> <span class='ocrx_word' id='word_1_226' title='bbox 2958 1684 3032 1756; x_wconf 85' lang='grc' dir='ltr'>μὴ</span> <span class='ocrx_word' id='word_1_227' title='bbox 3059 1682 3352 1756; x_wconf 80' lang='grc' dir='ltr'>τηροῦντες</span> <span class='ocrx_word' id='word_1_228' title='bbox 3379 1683 3475 1748; x_wconf 83' lang='grc' dir='ltr'>τὰς</span> <span class='ocrx_word' id='word_1_229' title='bbox 3502 1684 3772 1757; x_wconf 80' lang='grc' dir='ltr'><strong>συνθήκας</strong></span> <span class='ocrx_word' id='word_1_230' title='bbox 3801 1685 3894 1739; x_wconf 75' lang='grc' dir='ltr'>τοῦ</span> 
     </span>
    </p>
   </div>
   <div class='ocr_carea' id='block_1_34' title="bbox 644 1765 2340 1851">
    <p class='ocr_par' dir='ltr' id='par_1_34' title="bbox 644 1765 2340 1851">
     <span class='ocr_line' id='line_1_34' title="bbox 644 1765 2340 1851; baseline 0.006 -23"><span class='ocrx_word' id='word_1_231' title='bbox 644 1773 897 1841; x_wconf 80' lang='lat' dir='ltr'><strong>fecimus,</strong></span> <span class='ocrx_word' id='word_1_232' title='bbox 927 1790 1034 1830; x_wconf 91' lang='lat' dir='ltr'><strong>non</strong></span> <span class='ocrx_word' id='word_1_233' title='bbox 1064 1791 1384 1845; x_wconf 75' lang='lat' dir='ltr'><strong>servamus;</strong></span> <span class='ocrx_word' id='word_1_234' title='bbox 1419 1793 1595 1849; x_wconf 81' lang='lat' dir='ltr'><strong>neque</strong></span> <span class='ocrx_word' id='word_1_235' title='bbox 1623 1780 1944 1851; x_wconf 86' lang='lat' dir='ltr'><strong>respicimus</strong></span> <span class='ocrx_word' id='word_1_236' title='bbox 1976 1781 2212 1851; x_wconf 87' lang='lat' dir='ltr'><strong>priorem</strong></span> <span class='ocrx_word' id='word_1_237' title='bbox 2251 1765 2297 1822; x_wconf 68' lang='grc' dir='ltr'><strong><em>Β</em></strong></span> <span class='ocrx_word' id='word_1_238' title='bbox 2322 1776 2340 1829; x_wconf 69' lang='grc' dir='ltr'>ε</span> 
     </span>
    </p>
   </div>
   <div class='ocr_carea' id='block_1_35' title="bbox 2199 1765 3895 1851">
    <p class='ocr_par' dir='ltr' id='par_1_35' title="bbox 2199 1765 3895 1848">
     <span class='ocr_line' id='line_1_35' title="bbox 2199 1765 3895 1848; baseline 0 -19"><span class='ocrx_word' id='word_1_239' title='bbox 2199 1799 2212 1838; x_wconf 81' lang='grc' dir='ltr'>ι</span> <span class='ocrx_word' id='word_1_240' title='bbox 2251 1765 2297 1822; x_wconf 72' lang='grc' dir='ltr'><strong><em>Β</em></strong></span> <span class='ocrx_word' id='word_1_241' title='bbox 2322 1775 2479 1840; x_wconf 76' lang='grc' dir='ltr'>Θεοῦ,</span> <span class='ocrx_word' id='word_1_242' title='bbox 2514 1774 2649 1848; x_wconf 82' lang='grc' dir='ltr'>μηδὲ</span> <span class='ocrx_word' id='word_1_243' title='bbox 2678 1774 2983 1846; x_wconf 86' lang='grc' dir='ltr'>βλέποντες,</span> <span class='ocrx_word' id='word_1_244' title='bbox 3021 1775 3101 1829; x_wconf 88' lang='grc' dir='ltr'>ὃτι</span> <span class='ocrx_word' id='word_1_245' title='bbox 3133 1772 3540 1828; x_wconf 80' lang='grc' dir='ltr'><strong>ἀπολωλέκασιν</strong></span> <span class='ocrx_word' id='word_1_246' title='bbox 3575 1777 3770 1828; x_wconf 75' lang='grc' dir='ltr'>ἐκεῖνοι</span> <span class='ocrx_word' id='word_1_247' title='bbox 3798 1775 3895 1847; x_wconf 82' lang='grc' dir='ltr'>τὴν</span> 
     </span>
    </p>
   </div>
   <div class='ocr_carea' id='block_1_36' title="bbox 642 1867 2213 1942">
    <p class='ocr_par' dir='ltr' id='par_1_36' title="bbox 642 1867 2213 1942">
     <span class='ocr_line' id='line_1_36' title="bbox 642 1867 2213 1942; baseline 0.007 -23"><span class='ocrx_word' id='word_1_248' title='bbox 642 1867 929 1936; x_wconf 87' lang='lat' dir='ltr'><strong>populum,</strong></span> <span class='ocrx_word' id='word_1_249' title='bbox 951 1869 1392 1938; x_wconf 84' lang='lat' dir='ltr'><strong>Testamentum,</strong></span> <span class='ocrx_word' id='word_1_250' title='bbox 1429 1879 1482 1926; x_wconf 92' lang='lat' dir='ltr'><strong>et</strong></span> <span class='ocrx_word' id='word_1_251' title='bbox 1521 1871 1991 1942; x_wconf 79' lang='lat' dir='ltr'><strong>repromissiones,</strong></span> <span class='ocrx_word' id='word_1_252' title='bbox 2025 1882 2080 1929; x_wconf 90' lang='lat' dir='ltr'><strong>et</strong></span> <span class='ocrx_word' id='word_1_253' title='bbox 2109 1888 2213 1930; x_wconf 88' lang='lat' dir='ltr'><strong>no-</strong></span> 
     </span>
    </p>
   </div>
   <div class='ocr_carea' id='block_1_37' title="bbox 641 1954 2209 2031">
    <p class='ocr_par' dir='ltr' id='par_1_37' title="bbox 641 1954 2209 2031">
     <span class='ocr_line' id='line_1_37' title="bbox 641 1954 2209 2031; baseline 0.008 -22"><span class='ocrx_word' id='word_1_254' title='bbox 641 1954 906 2012; x_wconf 87' lang='lat' dir='ltr'><strong>bilitatem</strong></span> <span class='ocrx_word' id='word_1_255' title='bbox 957 1959 1172 2027; x_wconf 79' lang='lat' dir='ltr'><strong>generis</strong></span> <span class='ocrx_word' id='word_1_256' title='bbox 1210 1975 1309 2029; x_wconf 88' lang='lat' dir='ltr'><strong>per</strong></span> <span class='ocrx_word' id='word_1_257' title='bbox 1352 1968 1634 2030; x_wconf 89' lang='lat' dir='ltr'><strong>peccatum</strong></span> <span class='ocrx_word' id='word_1_258' title='bbox 1675 1960 1854 2015; x_wconf 89' lang='lat' dir='ltr'><strong>simile</strong></span> <span class='ocrx_word' id='word_1_259' title='bbox 1886 1962 2209 2031; x_wconf 83' lang='lat' dir='ltr'><strong>perdidisse.</strong></span> 
     </span>
    </p>
   </div>
   <div class='ocr_carea' id='block_1_38' title="bbox 639 2043 2207 2123">
    <p class='ocr_par' dir='ltr' id='par_1_38' title="bbox 639 2043 2207 2123">
     <span class='ocr_line' id='line_1_38' title="bbox 639 2043 2207 2123; baseline 0.004 -23"><span class='ocrx_word' id='word_1_260' title='bbox 639 2043 704 2101; x_wconf 90' lang='lat' dir='ltr'><strong>Si</strong></span> <span class='ocrx_word' id='word_1_261' title='bbox 714 2050 892 2100; x_wconf 86' lang='lat' dir='ltr'><strong>essetis</strong></span> <span class='ocrx_word' id='word_1_262' title='bbox 904 2047 1008 2115; x_wconf 78' lang='lat' dir='ltr'><strong>ﬁlii</strong></span> <span class='ocrx_word' id='word_1_263' title='bbox 1031 2048 1316 2117; x_wconf 75' lang='lat' dir='ltr'><strong>Abraham,</strong></span> <span class='ocrx_word' id='word_1_264' title='bbox 1338 2065 1498 2120; x_wconf 80' lang='lat' dir='ltr'><strong>opera</strong></span> <span class='ocrx_word' id='word_1_265' title='bbox 1518 2051 1686 2120; x_wconf 81' lang='lat' dir='ltr'><strong>patris</strong></span> <span class='ocrx_word' id='word_1_266' title='bbox 1709 2052 1867 2105; x_wconf 78' lang='lat' dir='ltr'><strong>vestri</strong></span> <span class='ocrx_word' id='word_1_267' title='bbox 1888 2053 2207 2123; x_wconf 74' lang='lat' dir='ltr'><strong>faceretis&quot;,</strong></span> 
     </span>
    </p>
   </div>
   <div class='ocr_carea' id='block_1_39' title="bbox 637 2137 2207 2215">
    <p class='ocr_par' dir='ltr' id='par_1_39' title="bbox 637 2137 2207 2215">
     <span class='ocr_line' id='line_1_39' title="bbox 637 2137 2207 2215; baseline 0.006 -24"><span class='ocrx_word' id='word_1_268' title='bbox 637 2137 771 2193; x_wconf 86' lang='lat' dir='ltr'><strong>dicit</strong></span> <span class='ocrx_word' id='word_1_269' title='bbox 797 2138 876 2194; x_wconf 89' lang='lat' dir='ltr'><strong>eis</strong></span> <span class='ocrx_word' id='word_1_270' title='bbox 908 2138 1188 2196; x_wconf 87' lang='lat' dir='ltr'><strong>Dominus.</strong></span> <span class='ocrx_word' id='word_1_271' title='bbox 1214 2140 1283 2196; x_wconf 88' lang='lat' dir='ltr'><strong>Et</strong></span> <span class='ocrx_word' id='word_1_272' title='bbox 1310 2141 1364 2195; x_wconf 91' lang='lat' dir='ltr'><strong>in</strong></span> <span class='ocrx_word' id='word_1_273' title='bbox 1391 2141 1501 2197; x_wconf 87' lang='lat' dir='ltr'><strong>alio</strong></span> <span class='ocrx_word' id='word_1_274' title='bbox 1526 2141 1647 2196; x_wconf 92' lang='lat' dir='ltr'><strong>loco</strong></span> <span class='ocrx_word' id='word_1_275' title='bbox 1666 2141 1908 2198; x_wconf 80' lang='lat' dir='ltr'><strong>Joannes</strong></span> <span class='ocrx_word' id='word_1_276' title='bbox 1932 2143 2207 2215; x_wconf 84' lang='lat' dir='ltr'><strong>Baptista:</strong></span> 
     </span>
    </p>
   </div>
   <div class='ocr_carea' id='block_1_40' title="bbox 637 2226 2206 2307">
    <p class='ocr_par' dir='ltr' id='par_1_40' title="bbox 637 2226 2206 2307">
     <span class='ocr_line' id='line_1_40' title="bbox 637 2226 2206 2307; baseline 0.005 -25"><span class='ocrx_word' id='word_1_277' title='bbox 637 2226 723 2283; x_wconf 82' lang='lat' dir='ltr'><strong>Ne</strong></span> <span class='ocrx_word' id='word_1_278' title='bbox 754 2230 1046 2300; x_wconf 73' lang='lat' dir='ltr'><strong>incipiatis,</strong></span> <span class='ocrx_word' id='word_1_279' title='bbox 1084 2233 1282 2304; x_wconf 87' lang='lat' dir='ltr'><strong>inquit,</strong></span> <span class='ocrx_word' id='word_1_280' title='bbox 1318 2235 1491 2290; x_wconf 83' lang='lat' dir='ltr'><strong>dicere</strong></span> <span class='ocrx_word' id='word_1_281' title='bbox 1538 2237 1594 2290; x_wconf 90' lang='lat' dir='ltr'><strong>in</strong></span> <span class='ocrx_word' id='word_1_282' title='bbox 1623 2234 1789 2300; x_wconf 83' lang='lat' dir='ltr'><strong>vobis,</strong></span> <span class='ocrx_word' id='word_1_283' title='bbox 1835 2235 1960 2305; x_wconf 84' lang='lat' dir='ltr'><strong>quia</strong></span> <span class='ocrx_word' id='word_1_284' title='bbox 2004 2245 2206 2307; x_wconf 83' lang='lat' dir='ltr'><strong>patrem</strong></span> 
     </span>
    </p>
   </div>
   <div class='ocr_carea' id='block_1_41' title="bbox 634 2318 2210 2396">
    <p class='ocr_par' dir='ltr' id='par_1_41' title="bbox 634 2318 2210 2396">
     <span class='ocr_line' id='line_1_41' title="bbox 634 2318 2210 2396; baseline 0.005 -23"><span class='ocrx_word' id='word_1_285' title='bbox 634 2319 885 2375; x_wconf 76' lang='lat' dir='ltr'><strong>habemus</strong></span> <span class='ocrx_word' id='word_1_286' title='bbox 916 2322 1185 2377; x_wconf 81' lang='lat' dir='ltr'><strong>Abraham</strong></span> <span class='ocrx_word' id='word_1_287' title='bbox 1217 2339 1236 2378; x_wconf 91' lang='lat'><strong>:</strong></span> <span class='ocrx_word' id='word_1_288' title='bbox 1262 2325 1378 2379; x_wconf 85' lang='lat' dir='ltr'><strong>dico</strong></span> <span class='ocrx_word' id='word_1_289' title='bbox 1403 2318 1542 2381; x_wconf 71' lang='lat' dir='ltr'><strong>eriim</strong></span> <span class='ocrx_word' id='word_1_290' title='bbox 1571 2326 1736 2392; x_wconf 83' lang='lat' dir='ltr'><strong>vobis,</strong></span> <span class='ocrx_word' id='word_1_291' title='bbox 1770 2327 1895 2396; x_wconf 86' lang='lat' dir='ltr'><strong>quia</strong></span> <span class='ocrx_word' id='word_1_292' title='bbox 1923 2335 2103 2396; x_wconf 86' lang='lat' dir='ltr'><strong>potens</strong></span> <span class='ocrx_word' id='word_1_293' title='bbox 2132 2336 2210 2381; x_wconf 78' lang='lat' dir='ltr'><strong>est</strong></span> 
     </span>
    </p>
   </div>
   <div class='ocr_carea' id='block_1_42' title="bbox 633 2409 2203 2487">
    <p class='ocr_par' dir='ltr' id='par_1_42' title="bbox 633 2409 2203 2487">
     <span class='ocr_line' id='line_1_42' title="bbox 633 2409 2203 2487; baseline 0.006 -23"><span class='ocrx_word' id='word_1_294' title='bbox 633 2409 894 2466; x_wconf 85' lang='lat' dir='ltr'><strong>Dominus</strong></span> <span class='ocrx_word' id='word_1_295' title='bbox 913 2428 978 2467; x_wconf 78' lang='lat' dir='ltr'><strong>ea:</strong></span> <span class='ocrx_word' id='word_1_296' title='bbox 993 2412 1257 2482; x_wconf 80' lang='lat' dir='ltr'><strong>lapidibus</strong></span> <span class='ocrx_word' id='word_1_297' title='bbox 1300 2417 1420 2472; x_wconf 80' lang='lat' dir='ltr'><strong>istis</strong></span> <span class='ocrx_word' id='word_1_298' title='bbox 1447 2418 1703 2473; x_wconf 79' lang='lat' dir='ltr'><strong>suscitare</strong></span> <span class='ocrx_word' id='word_1_299' title='bbox 1723 2419 1863 2487; x_wconf 85' lang='lat' dir='ltr'><strong>ﬁlios</strong></span> <span class='ocrx_word' id='word_1_300' title='bbox 1891 2417 2203 2474; x_wconf 68' lang='lat' dir='ltr'><strong>Abrahae&quot;:</strong></span> 
     </span>
    </p>
   </div>
   <div class='ocr_carea' id='block_1_43' title="bbox 631 2499 2205 2578">
    <p class='ocr_par' dir='ltr' id='par_1_43' title="bbox 631 2499 2205 2578">
     <span class='ocr_line' id='line_1_43' title="bbox 631 2499 2205 2578; baseline 0.006 -25"><span class='ocrx_word' id='word_1_301' title='bbox 631 2499 840 2571; x_wconf 86' lang='lat' dir='ltr'><strong>lapides</strong></span> <span class='ocrx_word' id='word_1_302' title='bbox 870 2515 992 2558; x_wconf 90' lang='lat' dir='ltr'><strong>esse</strong></span> <span class='ocrx_word' id='word_1_303' title='bbox 1029 2517 1131 2558; x_wconf 91' lang='lat' dir='ltr'><strong>nos</strong></span> <span class='ocrx_word' id='word_1_304' title='bbox 1150 2502 1487 2576; x_wconf 74' lang='lat' dir='ltr'><strong>signiﬁcans,</strong></span> <span class='ocrx_word' id='word_1_305' title='bbox 1522 2507 1651 2578; x_wconf 89' lang='lat' dir='ltr'><strong>quia</strong></span> <span class='ocrx_word' id='word_1_306' title='bbox 1689 2507 1756 2562; x_wconf 89' lang='lat' dir='ltr'><strong>ad</strong></span> <span class='ocrx_word' id='word_1_307' title='bbox 1791 2507 2205 2563; x_wconf 73' lang='lat' dir='ltr'><strong>similitudinem</strong></span> 
     </span>
    </p>
   </div>
   <div class='ocr_carea' id='block_1_44' title="bbox 630 2589 2207 2661">
    <p class='ocr_par' dir='ltr' id='par_1_44' title="bbox 630 2589 2207 2661">
     <span class='ocr_line' id='line_1_44' title="bbox 630 2589 2207 2661; baseline 0.006 -16"><span class='ocrx_word' id='word_1_308' title='bbox 630 2589 871 2661; x_wconf 87' lang='lat' dir='ltr'><strong>lapidum</strong></span> <span class='ocrx_word' id='word_1_309' title='bbox 900 2594 1234 2653; x_wconf 87' lang='lat' dir='ltr'><strong>obdurantes</strong></span> <span class='ocrx_word' id='word_1_310' title='bbox 1261 2598 1426 2653; x_wconf 87' lang='lat' dir='ltr'><strong>corda</strong></span> <span class='ocrx_word' id='word_1_311' title='bbox 1471 2606 1658 2653; x_wconf 89' lang='lat' dir='ltr'><strong>nostra</strong></span> <span class='ocrx_word' id='word_1_312' title='bbox 1699 2598 1977 2654; x_wconf 89' lang='lat' dir='ltr'><strong>tenuimus</strong></span> <span class='ocrx_word' id='word_1_313' title='bbox 2006 2600 2207 2655; x_wconf 85' lang='lat' dir='ltr'><strong>verita-</strong></span> 
     </span>
    </p>
   </div>
   <div class='ocr_carea' id='block_1_45' title="bbox 629 2680 2204 2756">
    <p class='ocr_par' dir='ltr' id='par_1_45' title="bbox 629 2680 2204 2756">
     <span class='ocr_line' id='line_1_45' title="bbox 629 2680 2204 2756; baseline 0.006 -21"><span class='ocrx_word' id='word_1_314' title='bbox 629 2690 761 2736; x_wconf 86' lang='lat' dir='ltr'><strong>tem.</strong></span> <span class='ocrx_word' id='word_1_315' title='bbox 817 2680 886 2738; x_wconf 78' lang='lat' dir='ltr'><strong>Et</strong></span> <span class='ocrx_word' id='word_1_316' title='bbox 934 2700 1062 2739; x_wconf 85' lang='lat' dir='ltr'><strong>vere</strong></span> <span class='ocrx_word' id='word_1_317' title='bbox 1115 2687 1461 2756; x_wconf 86' lang='lat' dir='ltr'><strong>omnipotens</strong></span> <span class='ocrx_word' id='word_1_318' title='bbox 1520 2687 1662 2743; x_wconf 85' lang='lat' dir='ltr'><strong>Deus</strong></span> <span class='ocrx_word' id='word_1_319' title='bbox 1720 2688 2010 2743; x_wconf 88' lang='lat' dir='ltr'><strong>suscitabit</strong></span> <span class='ocrx_word' id='word_1_320' title='bbox 2063 2689 2204 2745; x_wconf 79' lang='lat' dir='ltr'><strong>tilios</strong></span> 
     </span>
    </p>
   </div>
   <div class='ocr_carea' id='block_1_46' title="bbox 627 2770 2203 2850">
    <p class='ocr_par' dir='ltr' id='par_1_46' title="bbox 627 2770 2203 2850">
     <span class='ocr_line' id='line_1_46' title="bbox 627 2770 2203 2850; baseline 0.006 -24"><span class='ocrx_word' id='word_1_321' title='bbox 627 2770 863 2828; x_wconf 78' lang='lat' dir='ltr'><strong>Abrahae</strong></span> <span class='ocrx_word' id='word_1_322' title='bbox 892 2773 959 2829; x_wconf 88' lang='lat' dir='ltr'><strong>de</strong></span> <span class='ocrx_word' id='word_1_323' title='bbox 988 2775 1280 2845; x_wconf 84' lang='lat' dir='ltr'><strong>lapidibus,</strong></span> <span class='ocrx_word' id='word_1_324' title='bbox 1310 2777 1356 2832; x_wconf 91' lang='lat' dir='ltr'><strong>si</strong></span> <span class='ocrx_word' id='word_1_325' title='bbox 1383 2791 1803 2847; x_wconf 85' lang='lat' dir='ltr'><strong>permaneamus</strong></span> <span class='ocrx_word' id='word_1_326' title='bbox 1825 2779 1879 2832; x_wconf 92' lang='lat' dir='ltr'><strong>in</strong></span> <span class='ocrx_word' id='word_1_327' title='bbox 1910 2778 2203 2850; x_wconf 80' lang='lat' dir='ltr'><strong>adoptione</strong></span> 
     </span>
    </p>
   </div>
   <div class='ocr_carea' id='block_1_47' title="bbox 625 2862 2199 2939">
    <p class='ocr_par' dir='ltr' id='par_1_47' title="bbox 625 2862 2199 2939">
     <span class='ocr_line' id='line_1_47' title="bbox 625 2862 2199 2939; baseline 0.007 -23"><span class='ocrx_word' id='word_1_328' title='bbox 625 2862 773 2932; x_wconf 88' lang='lat' dir='ltr'><strong>ejus,</strong></span> <span class='ocrx_word' id='word_1_329' title='bbox 800 2872 855 2918; x_wconf 89' lang='lat' dir='ltr'><strong>et</strong></span> <span class='ocrx_word' id='word_1_330' title='bbox 882 2864 1132 2936; x_wconf 81' lang='lat' dir='ltr'><strong>spiritum</strong></span> <span class='ocrx_word' id='word_1_331' title='bbox 1169 2881 1267 2938; x_wconf 89' lang='lat' dir='ltr'><strong>per</strong></span> <span class='ocrx_word' id='word_1_332' title='bbox 1310 2884 1472 2938; x_wconf 89' lang='lat' dir='ltr'><strong>quem</strong></span> <span class='ocrx_word' id='word_1_333' title='bbox 1500 2869 1741 2939; x_wconf 82' lang='lat' dir='ltr'><strong>adoptati</strong></span> <span class='ocrx_word' id='word_1_334' title='bbox 1771 2885 1984 2938; x_wconf 87' lang='lat' dir='ltr'><strong>sumus,</strong></span> <span class='ocrx_word' id='word_1_335' title='bbox 2015 2879 2199 2927; x_wconf 82' lang='lat' dir='ltr'><strong>custo-</strong></span> 
     </span>
    </p>
   </div>
   <div class='ocr_carea' id='block_1_48' title="bbox 627 2952 2201 3032">
    <p class='ocr_par' dir='ltr' id='par_1_48' title="bbox 627 2952 2201 3032">
     <span class='ocr_line' id='line_1_48' title="bbox 627 2952 2201 3032; baseline 0.008 -26"><span class='ocrx_word' id='word_1_336' title='bbox 627 2952 845 3010; x_wconf 86' lang='lat' dir='ltr'><strong>diamus</strong></span> <span class='ocrx_word' id='word_1_337' title='bbox 879 2956 932 3010; x_wconf 91' lang='lat' dir='ltr'><strong>in</strong></span> <span class='ocrx_word' id='word_1_338' title='bbox 965 2956 1140 3013; x_wconf 87' lang='lat' dir='ltr'><strong>nobis.</strong></span> <span class='ocrx_word' id='word_1_339' title='bbox 1172 2955 1322 3014; x_wconf 78' lang='lat' dir='ltr'><strong>Vidit</strong></span> <span class='ocrx_word' id='word_1_340' title='bbox 1349 2975 1479 3032; x_wconf 87' lang='lat' dir='ltr'><strong>ergo</strong></span> <span class='ocrx_word' id='word_1_341' title='bbox 1508 2961 2007 3031; x_wconf 71' lang='lat' dir='ltr'><strong>praevaricationem</strong></span> <span class='ocrx_word' id='word_1_342' title='bbox 2032 2961 2201 3018; x_wconf 83' lang='lat' dir='ltr'><strong>Israel</strong></span> 
     </span>
    </p>
   </div>
   <div class='ocr_carea' id='block_1_49' title="bbox 626 3045 2196 3123">
    <p class='ocr_par' dir='ltr' id='par_1_49' title="bbox 626 3045 2196 3123">
     <span class='ocr_line' id='line_1_49' title="bbox 626 3045 2196 3123; baseline 0.006 -24"><span class='ocrx_word' id='word_1_343' title='bbox 626 3045 1026 3123; x_wconf 69' lang='lat' dir='ltr'><strong>prtevaricatrix</strong></span> <span class='ocrx_word' id='word_1_344' title='bbox 1051 3046 1212 3115; x_wconf 86' lang='lat' dir='ltr'><strong>Juda,</strong></span> <span class='ocrx_word' id='word_1_345' title='bbox 1247 3065 1369 3119; x_wconf 66' lang='lat' dir='ltr'><strong>quae</strong></span> <span class='ocrx_word' id='word_1_346' title='bbox 1400 3066 1508 3105; x_wconf 89' lang='lat' dir='ltr'><strong>non</strong></span> <span class='ocrx_word' id='word_1_347' title='bbox 1539 3052 1774 3107; x_wconf 80' lang='lat' dir='ltr'><strong>servavit</strong></span> <span class='ocrx_word' id='word_1_348' title='bbox 1802 3059 2018 3122; x_wconf 87' lang='lat' dir='ltr'><strong>pactum</strong></span> <span class='ocrx_word' id='word_1_349' title='bbox 2050 3052 2196 3123; x_wconf 77' lang='lat' dir='ltr'><strong>quod</strong></span> 
     </span>
    </p>
   </div>
   <div class='ocr_carea' id='block_1_50' title="bbox 621 3120 2203 3201">
    <p class='ocr_par' dir='ltr' id='par_1_50' title="bbox 621 3120 2203 3201">
     <span class='ocr_line' id='line_1_50' title="bbox 621 3120 2203 3201; baseline 0.014 -28"><span class='ocrx_word' id='word_1_350' title='bbox 621 3134 745 3175; x_wconf 90' lang='lat' dir='ltr'><strong>cum</strong></span> <span class='ocrx_word' id='word_1_351' title='bbox 771 3120 882 3178; x_wconf 88' lang='lat' dir='ltr'><strong>Deo</strong></span> <span class='ocrx_word' id='word_1_352' title='bbox 912 3123 1073 3196; x_wconf 61' lang='lat'><strong>1&amp;6</strong></span> <span class='ocrx_word' id='word_1_353' title='bbox 1098 3125 1338 3182; x_wconf 82' lang='lat' dir='ltr'><strong>fecerat:</strong></span> <span class='ocrx_word' id='word_1_354' title='bbox 1361 3128 1432 3183; x_wconf 85' lang='lat' dir='ltr'><strong>Et</strong></span> <span class='ocrx_word' id='word_1_355' title='bbox 1453 3131 1582 3185; x_wconf 77' lang='lat' dir='ltr'><strong>uidit</strong></span> <span class='ocrx_word' id='word_1_356' title='bbox 1601 3120 1852 3201; x_wconf 71' lang='lat' dir='ltr'><strong>quoniam</strong></span> <span class='ocrx_word' id='word_1_357' title='bbox 1880 3137 1944 3190; x_wconf 89' lang='lat' dir='ltr'><strong>de</strong></span> <span class='ocrx_word' id='word_1_358' title='bbox 1962 3120 2203 3197; x_wconf 74' lang='lat' dir='ltr'><strong>omnibus</strong></span> 
     </span>
    </p>
   </div>
   <div class='ocr_carea' id='block_1_51' title="bbox 620 3210 2200 3298">
    <p class='ocr_par' dir='ltr' id='par_1_51' title="bbox 620 3210 2200 3298">
     <span class='ocr_line' id='line_1_51' title="bbox 620 3210 2200 3298; baseline 0.014 -35"><span class='ocrx_word' id='word_1_359' title='bbox 620 3210 807 3279; x_wconf 82' lang='lat' dir='ltr'><strong>quibus</strong></span> <span class='ocrx_word' id='word_1_360' title='bbox 833 3214 1208 3284; x_wconf 77' lang='lat' dir='ltr'><strong>maechabatur,</strong></span> <span class='ocrx_word' id='word_1_361' title='bbox 1243 3220 1614 3288; x_wconf 82' lang='lat' dir='ltr'><strong>comprehensa</strong></span> <span class='ocrx_word' id='word_1_362' title='bbox 1657 3232 1733 3277; x_wconf 76' lang='lat' dir='ltr'><strong>est</strong></span> <span class='ocrx_word' id='word_1_363' title='bbox 1772 3224 1868 3279; x_wconf 80' lang='lat' dir='ltr'><strong>illa</strong></span> <span class='ocrx_word' id='word_1_364' title='bbox 1909 3232 2200 3298; x_wconf 80' lang='lat' dir='ltr'><strong>generatio.</strong></span> 
     </span>
    </p>
   </div>
   <div class='ocr_carea' id='block_1_52' title="bbox 618 3296 2204 3390">
    <p class='ocr_par' dir='ltr' id='par_1_52' title="bbox 618 3296 2204 3390">
     <span class='ocr_line' id='line_1_52' title="bbox 618 3296 2204 3390; baseline 0.014 -32"><span class='ocrx_word' id='word_1_365' title='bbox 618 3296 817 3361; x_wconf 87' lang='lat' dir='ltr'><strong>Omnia</strong></span> <span class='ocrx_word' id='word_1_366' title='bbox 840 3306 1040 3378; x_wconf 89' lang='lat' dir='ltr'><strong>quippe</strong></span> <span class='ocrx_word' id='word_1_367' title='bbox 1065 3324 1187 3380; x_wconf 70' lang='lat' dir='ltr'><strong>quas</strong></span> <span class='ocrx_word' id='word_1_368' title='bbox 1210 3326 1405 3382; x_wconf 88' lang='lat' dir='ltr'><strong>passus</strong></span> <span class='ocrx_word' id='word_1_369' title='bbox 1427 3323 1513 3368; x_wconf 90' lang='lat' dir='ltr'><strong>est</strong></span> <span class='ocrx_word' id='word_1_370' title='bbox 1544 3313 1707 3371; x_wconf 86' lang='lat' dir='ltr'><strong>Israel</strong></span> <span class='ocrx_word' id='word_1_371' title='bbox 1724 3356 1738 3381; x_wconf 93' lang='lat'><strong>,</strong></span> <span class='ocrx_word' id='word_1_372' title='bbox 1765 3333 1867 3374; x_wconf 90' lang='lat' dir='ltr'><strong>nos</strong></span> <span class='ocrx_word' id='word_1_373' title='bbox 1895 3296 1988 3390; x_wconf 81' lang='lat' dir='ltr'><strong>qui</strong></span> <span class='ocrx_word' id='word_1_374' title='bbox 2014 3336 2204 3380; x_wconf 84' lang='lat' dir='ltr'><strong>sumus</strong></span> 
     </span>
    </p>
   </div>
   <div class='ocr_carea' id='block_1_53' title="bbox 619 3395 2204 3479">
    <p class='ocr_par' dir='ltr' id='par_1_53' title="bbox 619 3395 2204 3479">
     <span class='ocr_line' id='line_1_53' title="bbox 619 3395 2204 3479; baseline 0.015 -27"><span class='ocrx_word' id='word_1_375' title='bbox 619 3395 796 3462; x_wconf 67' lang='lat' dir='ltr'><strong>Iuda,</strong></span> <span class='ocrx_word' id='word_1_376' title='bbox 841 3400 1085 3472; x_wconf 78' lang='lat' dir='ltr'><strong>legentes</strong></span> <span class='ocrx_word' id='word_1_377' title='bbox 1134 3402 1189 3459; x_wconf 92' lang='lat' dir='ltr'><strong>in</strong></span> <span class='ocrx_word' id='word_1_378' title='bbox 1237 3407 1406 3462; x_wconf 81' lang='lat' dir='ltr'><strong>sacris</strong></span> <span class='ocrx_word' id='word_1_379' title='bbox 1447 3407 1842 3479; x_wconf 84' lang='lat' dir='ltr'><strong>voluminibus,</strong></span> <span class='ocrx_word' id='word_1_380' title='bbox 1894 3413 2204 3477; x_wconf 78' lang='lat' dir='ltr'><strong>invenimus</strong></span> 
     </span>
    </p>
   </div>
   <div class='ocr_carea' id='block_1_54' title="bbox 620 3488 2203 3577">
    <p class='ocr_par' dir='ltr' id='par_1_54' title="bbox 620 3488 2203 3577">
     <span class='ocr_line' id='line_1_54' title="bbox 620 3488 2203 3577; baseline 0.016 -37"><span class='ocrx_word' id='word_1_381' title='bbox 620 3488 879 3556; x_wconf 85' lang='lat' dir='ltr'><strong>quoniam</strong></span> <span class='ocrx_word' id='word_1_382' title='bbox 926 3491 994 3547; x_wconf 89' lang='lat' dir='ltr'><strong>de</strong></span> <span class='ocrx_word' id='word_1_383' title='bbox 1037 3493 1292 3551; x_wconf 88' lang='lat' dir='ltr'><strong>omnibus</strong></span> <span class='ocrx_word' id='word_1_384' title='bbox 1330 3497 1531 3567; x_wconf 87' lang='lat' dir='ltr'><strong>quibus</strong></span> <span class='ocrx_word' id='word_1_385' title='bbox 1560 3502 1958 3572; x_wconf 74' lang='lat' dir='ltr'><strong>comprehensa</strong></span> <span class='ocrx_word' id='word_1_386' title='bbox 1986 3516 2105 3577; x_wconf 86' lang='lat' dir='ltr'><strong>est,</strong></span> <span class='ocrx_word' id='word_1_387' title='bbox 2147 3510 2203 3565; x_wconf 84' lang='lat' dir='ltr'><strong>in</strong></span> 
     </span>
    </p>
   </div>
   <div class='ocr_carea' id='block_1_55' title="bbox 619 3580 2203 3659">
    <p class='ocr_par' dir='ltr' id='par_1_55' title="bbox 619 3580 2203 3659">
     <span class='ocr_line' id='line_1_55' title="bbox 619 3580 2203 3659; baseline 0.016 -25"><span class='ocrx_word' id='word_1_388' title='bbox 619 3580 819 3650; x_wconf 90' lang='lat' dir='ltr'><strong>quibus</strong></span> <span class='ocrx_word' id='word_1_389' title='bbox 868 3584 1245 3642; x_wconf 75' lang='lat' dir='ltr'><strong>mtecbabatur</strong></span> <span class='ocrx_word' id='word_1_390' title='bbox 1286 3589 1549 3647; x_wconf 86' lang='lat' dir='ltr'><strong>habitatio</strong></span> <span class='ocrx_word' id='word_1_391' title='bbox 1592 3591 1786 3659; x_wconf 83' lang='lat' dir='ltr'><strong>Israel,</strong></span> <span class='ocrx_word' id='word_1_392' title='bbox 1837 3596 2041 3656; x_wconf 82' lang='lat' dir='ltr'><strong>dimisit</strong></span> <span class='ocrx_word' id='word_1_393' title='bbox 2083 3617 2203 3659; x_wconf 80' lang='lat' dir='ltr'><strong>eam</strong></span> 
     </span>
    </p>
   </div>
   <div class='ocr_carea' id='block_1_56' title="bbox 621 3671 2204 3755">
    <p class='ocr_par' dir='ltr' id='par_1_56' title="bbox 621 3671 2204 3755">
     <span class='ocr_line' id='line_1_56' title="bbox 621 3671 2204 3755; baseline 0.015 -29"><span class='ocrx_word' id='word_1_394' title='bbox 621 3671 899 3740; x_wconf 89' lang='lat' dir='ltr'><strong>Dominus,</strong></span> <span class='ocrx_word' id='word_1_395' title='bbox 928 3684 985 3730; x_wconf 89' lang='lat' dir='ltr'><strong>et</strong></span> <span class='ocrx_word' id='word_1_396' title='bbox 1012 3676 1162 3732; x_wconf 83' lang='lat' dir='ltr'><strong>dedit</strong></span> <span class='ocrx_word' id='word_1_397' title='bbox 1186 3679 1236 3733; x_wconf 90' lang='lat' dir='ltr'><strong>ei</strong></span> <span class='ocrx_word' id='word_1_398' title='bbox 1265 3679 1504 3738; x_wconf 85' lang='lat' dir='ltr'><strong>libellum</strong></span> <span class='ocrx_word' id='word_1_399' title='bbox 1529 3685 1763 3755; x_wconf 87' lang='lat' dir='ltr'><strong>repudii.</strong></span> <span class='ocrx_word' id='word_1_400' title='bbox 1797 3687 2007 3745; x_wconf 82' lang='lat' dir='ltr'><strong>Etcum</strong></span> <span class='ocrx_word' id='word_1_401' title='bbox 2034 3692 2204 3749; x_wconf 82' lang='lat' dir='ltr'><strong>debe-</strong></span> 
     </span>
    </p>
   </div>
   <div class='ocr_carea' id='block_1_57' title="bbox 618 3766 2202 3842">
    <p class='ocr_par' dir='ltr' id='par_1_57' title="bbox 618 3766 2202 3842">
     <span class='ocr_line' id='line_1_57' title="bbox 618 3766 2202 3842; baseline 0.017 -29"><span class='ocrx_word' id='word_1_402' title='bbox 618 3776 804 3819; x_wconf 80' lang='lat' dir='ltr'><strong>remus</strong></span> <span class='ocrx_word' id='word_1_403' title='bbox 841 3780 910 3820; x_wconf 73' lang='grc' dir='ltr'>ει</span> <span class='ocrx_word' id='word_1_404' title='bbox 957 3766 1042 3822; x_wconf 88' lang='lat' dir='ltr'><strong>bis</strong></span> <span class='ocrx_word' id='word_1_405' title='bbox 1082 3783 1204 3838; x_wconf 69' lang='lat' dir='ltr'><strong>qua:</strong></span> <span class='ocrx_word' id='word_1_406' title='bbox 1237 3769 1312 3825; x_wconf 90' lang='lat' dir='ltr'><strong>illi</strong></span> <span class='ocrx_word' id='word_1_407' title='bbox 1343 3773 1487 3842; x_wconf 83' lang='lat' dir='ltr'><strong>passi</strong></span> <span class='ocrx_word' id='word_1_408' title='bbox 1532 3785 1681 3840; x_wconf 81' lang='lat' dir='ltr'><strong>sunt,</strong></span> <span class='ocrx_word' id='word_1_409' title='bbox 1721 3791 1825 3833; x_wconf 84' lang='lat' dir='ltr'><strong>nos</strong></span> <span class='ocrx_word' id='word_1_410' title='bbox 1867 3780 1937 3835; x_wconf 86' lang='lat' dir='ltr'><strong>ad</strong></span> <span class='ocrx_word' id='word_1_411' title='bbox 1980 3783 2202 3841; x_wconf 82' lang='lat' dir='ltr'><strong>meliora</strong></span> 
     </span>
    </p>
   </div>
   <div class='ocr_carea' id='block_1_58' title="bbox 619 3857 2204 3940">
    <p class='ocr_par' dir='ltr' id='par_1_58' title="bbox 619 3857 2204 3940">
     <span class='ocr_line' id='line_1_58' title="bbox 619 3857 2204 3940; baseline 0.015 -32"><span class='ocrx_word' id='word_1_412' title='bbox 619 3857 883 3922; x_wconf 83' lang='lat' dir='ltr'><strong>converti,</strong></span> <span class='ocrx_word' id='word_1_413' title='bbox 916 3867 975 3914; x_wconf 90' lang='lat' dir='ltr'><strong>et</strong></span> <span class='ocrx_word' id='word_1_414' title='bbox 1007 3859 1280 3931; x_wconf 88' lang='lat' dir='ltr'><strong>inspicere</strong></span> <span class='ocrx_word' id='word_1_415' title='bbox 1306 3866 1450 3934; x_wconf 87' lang='lat' dir='ltr'><strong>quod</strong></span> <span class='ocrx_word' id='word_1_416' title='bbox 1491 3866 1566 3920; x_wconf 90' lang='lat' dir='ltr'><strong>illi</strong></span> <span class='ocrx_word' id='word_1_417' title='bbox 1595 3877 1820 3938; x_wconf 86' lang='lat' dir='ltr'><strong>propter</strong></span> <span class='ocrx_word' id='word_1_418' title='bbox 1843 3882 2062 3940; x_wconf 88' lang='lat' dir='ltr'><strong>peccata</strong></span> <span class='ocrx_word' id='word_1_419' title='bbox 2090 3884 2204 3930; x_wconf 78' lang='lat' dir='ltr'><strong>tra—</strong></span> 
     </span>
    </p>
   </div>
   <div class='ocr_carea' id='block_1_59' title="bbox 620 3944 2207 4034">
    <p class='ocr_par' dir='ltr' id='par_1_59' title="bbox 620 3944 2207 4034">
     <span class='ocr_line' id='line_1_59' title="bbox 620 3944 2207 4034; baseline 0.014 -35"><span class='ocrx_word' id='word_1_420' title='bbox 620 3944 716 4000; x_wconf 88' lang='lat' dir='ltr'><strong>diti</strong></span> <span class='ocrx_word' id='word_1_421' title='bbox 742 3957 872 4003; x_wconf 89' lang='lat' dir='ltr'><strong>sunt</strong></span> <span class='ocrx_word' id='word_1_422' title='bbox 898 3951 1218 4021; x_wconf 83' lang='lat' dir='ltr'><strong>captivitati,</strong></span> <span class='ocrx_word' id='word_1_423' title='bbox 1246 3963 1302 4011; x_wconf 88' lang='lat' dir='ltr'><strong>et</strong></span> <span class='ocrx_word' id='word_1_424' title='bbox 1328 3956 1599 4012; x_wconf 80' lang='lat' dir='ltr'><strong>interfecti</strong></span> <span class='ocrx_word' id='word_1_425' title='bbox 1624 3959 1696 4015; x_wconf 84' lang='lat' dir='ltr'><strong>ab</strong></span> <span class='ocrx_word' id='word_1_426' title='bbox 1721 3958 1955 4019; x_wconf 91' lang='lat' dir='ltr'><strong>inimicis</strong></span> <span class='ocrx_word' id='word_1_427' title='bbox 1981 3963 2059 4034; x_wconf 89' lang='lat' dir='ltr'><strong>(et</strong></span> <span class='ocrx_word' id='word_1_428' title='bbox 2079 3966 2207 4021; x_wconf 85' lang='lat' dir='ltr'><strong>civi-</strong></span> 
     </span>
    </p>
   </div>
   <div class='ocr_carea' id='block_1_60' title="bbox 618 4043 2203 4123">
    <p class='ocr_par' dir='ltr' id='par_1_60' title="bbox 618 4043 2203 4123">
     <span class='ocr_line' id='line_1_60' title="bbox 618 4043 2203 4123; baseline 0.014 -32"><span class='ocrx_word' id='word_1_429' title='bbox 618 4044 758 4094; x_wconf 89' lang='lat' dir='ltr'><strong>tates</strong></span> <span class='ocrx_word' id='word_1_430' title='bbox 776 4054 967 4096; x_wconf 82' lang='lat' dir='ltr'><strong>corum</strong></span> <span class='ocrx_word' id='word_1_431' title='bbox 997 4043 1105 4115; x_wconf 86' lang='lat' dir='ltr'><strong>igni</strong></span> <span class='ocrx_word' id='word_1_432' title='bbox 1136 4054 1342 4102; x_wconf 73' lang='lat' dir='ltr'><strong>exusta:</strong></span> <span class='ocrx_word' id='word_1_433' title='bbox 1367 4048 1553 4119; x_wconf 89' lang='lat' dir='ltr'><strong>sunt);</strong></span> <span class='ocrx_word' id='word_1_434' title='bbox 1586 4066 1710 4106; x_wconf 89' lang='lat' dir='ltr'><strong>cum</strong></span> <span class='ocrx_word' id='word_1_435' title='bbox 1740 4051 1942 4123; x_wconf 86' lang='lat' dir='ltr'><strong>itaque,</strong></span> <span class='ocrx_word' id='word_1_436' title='bbox 1967 4064 2029 4110; x_wconf 89' lang='lat' dir='ltr'><strong>ut</strong></span> <span class='ocrx_word' id='word_1_437' title='bbox 2062 4057 2203 4113; x_wconf 82' lang='lat' dir='ltr'><strong>dixi-</strong></span> 
     </span>
    </p>
   </div>
   <div class='ocr_carea' id='block_1_61' title="bbox 616 4129 2203 4217">
    <p class='ocr_par' dir='ltr' id='par_1_61' title="bbox 616 4129 2203 4217">
     <span class='ocr_line' id='line_1_61' title="bbox 616 4129 2203 4217; baseline 0.014 -36"><span class='ocrx_word' id='word_1_438' title='bbox 616 4142 762 4194; x_wconf 88' lang='lat' dir='ltr'><strong>mus,</strong></span> <span class='ocrx_word' id='word_1_439' title='bbox 807 4129 923 4186; x_wconf 78' lang='lat' dir='ltr'><strong>lnec</strong></span> <span class='ocrx_word' id='word_1_440' title='bbox 965 4134 1251 4191; x_wconf 87' lang='lat' dir='ltr'><strong>nobiscum</strong></span> <span class='ocrx_word' id='word_1_441' title='bbox 1294 4138 1623 4196; x_wconf 85' lang='lat' dir='ltr'><strong>deberemus</strong></span> <span class='ocrx_word' id='word_1_442' title='bbox 1660 4151 1952 4213; x_wconf 87' lang='lat' dir='ltr'><strong>reputare,</strong></span> <span class='ocrx_word' id='word_1_443' title='bbox 1993 4147 2119 4217; x_wconf 86' lang='lat' dir='ltr'><strong>quia</strong></span> <span class='ocrx_word' id='word_1_444' title='bbox 2155 4148 2203 4205; x_wconf 91' lang='lat' dir='ltr'><strong>si</strong></span> 
     </span>
    </p>
   </div>
   <div class='ocr_carea' id='block_1_62' title="bbox 2321 1864 3896 1939">
    <p class='ocr_par' dir='ltr' id='par_1_62' title="bbox 2321 1864 3896 1939">
     <span class='ocr_line' id='line_1_62' title="bbox 2321 1864 3896 1939; baseline 0.001 -19"><span class='ocrx_word' id='word_1_445' title='bbox 2321 1865 2616 1939; x_wconf 80' lang='grc' dir='ltr'>Διαθὴκην,</span> <span class='ocrx_word' id='word_1_446' title='bbox 2646 1867 2881 1936; x_wconf 76' lang='grc' dir='ltr'><strong>εὐγενεῖς</strong></span> <span class='ocrx_word' id='word_1_447' title='bbox 2901 1866 3072 1930; x_wconf 74' lang='grc' dir='ltr'>ὄντες,</span> <span class='ocrx_word' id='word_1_448' title='bbox 3104 1864 3161 1933; x_wconf 78' lang='grc' dir='ltr'>ἐξ</span> <span class='ocrx_word' id='word_1_449' title='bbox 3190 1864 3437 1937; x_wconf 85' lang='grc' dir='ltr'>Ἀϐραὰμ</span> <span class='ocrx_word' id='word_1_450' title='bbox 3461 1865 3630 1930; x_wconf 78' lang='grc' dir='ltr'>ὄντες,</span> <span class='ocrx_word' id='word_1_451' title='bbox 3659 1868 3896 1936; x_wconf 76' lang='grc' dir='ltr'>ἐπαγγε-</span> 
     </span>
    </p>
   </div>
   <div class='ocr_carea' id='block_1_63' title="bbox 2320 1943 3898 2029">
    <p class='ocr_par' dir='ltr' id='par_1_63' title="bbox 2320 1943 3898 2029">
     <span class='ocr_line' id='line_1_63' title="bbox 2320 1943 3898 2029; baseline -0.002 -17"><span class='ocrx_word' id='word_1_452' title='bbox 2320 1957 2441 2012; x_wconf 85' lang='grc' dir='ltr'>λίαν</span> <span class='ocrx_word' id='word_1_453' title='bbox 2480 1956 2755 2024; x_wconf 84' lang='grc' dir='ltr'>λαϐόντες.</span> <span class='ocrx_word' id='word_1_454' title='bbox 2789 1956 2916 2010; x_wconf 89' lang='grc' dir='ltr'>Δέον</span> <span class='ocrx_word' id='word_1_455' title='bbox 2950 1950 3042 2010; x_wconf 81' lang='grc' dir='ltr'>οὖν</span> <span class='ocrx_word' id='word_1_456' title='bbox 3073 1956 3223 2029; x_wconf 83' lang='grc' dir='ltr'>ἡμᾶς</span> <span class='ocrx_word' id='word_1_457' title='bbox 3254 1955 3584 2025; x_wconf 82' lang='grc' dir='ltr'>λογίζεσθαι,</span> <span class='ocrx_word' id='word_1_458' title='bbox 3616 1957 3698 2010; x_wconf 85' lang='grc' dir='ltr'>ὅτι</span> <span class='ocrx_word' id='word_1_459' title='bbox 3731 1943 3898 2010; x_wconf 76' lang='grc' dir='ltr'>ἐκπε-</span> 
     </span>
    </p>
   </div>
   <div class='ocr_carea' id='block_1_64' title="bbox 2321 2044 3894 2115">
    <p class='ocr_par' dir='ltr' id='par_1_64' title="bbox 2321 2044 3894 2115">
     <span class='ocr_line' id='line_1_64' title="bbox 2321 2044 3894 2115; baseline 0 -15"><span class='ocrx_word' id='word_1_460' title='bbox 2321 2045 2599 2100; x_wconf 83' lang='grc' dir='ltr'>πτώκασιν</span> <span class='ocrx_word' id='word_1_461' title='bbox 2632 2047 2827 2099; x_wconf 74' lang='grc' dir='ltr'>ἐκεῖνοι</span> <span class='ocrx_word' id='word_1_462' title='bbox 2850 2045 2958 2099; x_wconf 81' lang='grc' dir='ltr'><strong>τῶν</strong></span> <span class='ocrx_word' id='word_1_463' title='bbox 2983 2044 3241 2114; x_wconf 85' lang='grc' dir='ltr'>εὐλογιῶν</span> <span class='ocrx_word' id='word_1_464' title='bbox 3278 2044 3372 2098; x_wconf 70' lang='grc' dir='ltr'><strong>καὶ</strong></span> <span class='ocrx_word' id='word_1_465' title='bbox 3400 2046 3506 2099; x_wconf 82' lang='grc' dir='ltr'>τῶν</span> <span class='ocrx_word' id='word_1_466' title='bbox 3534 2045 3894 2115; x_wconf 77' lang='grc' dir='ltr'>ἐπαγγελιῶν,</span> 
     </span>
    </p>
   </div>
   <div class='ocr_carea' id='block_1_65' title="bbox 2319 2132 3893 2211">
    <p class='ocr_par' dir='ltr' id='par_1_65' title="bbox 2319 2132 3893 2211">
     <span class='ocr_line' id='line_1_65' title="bbox 2319 2132 3893 2211; baseline 0 -19"><span class='ocrx_word' id='word_1_467' title='bbox 2319 2138 2417 2192; x_wconf 72' lang='grc' dir='ltr'>καὶ</span> <span class='ocrx_word' id='word_1_468' title='bbox 2441 2138 2592 2193; x_wconf 81' lang='grc' dir='ltr'>οὐδὲν</span> <span class='ocrx_word' id='word_1_469' title='bbox 2622 2137 2831 2209; x_wconf 76' lang='grc' dir='ltr'>ὤνησεν</span> <span class='ocrx_word' id='word_1_470' title='bbox 2859 2137 3055 2201; x_wconf 84' lang='grc' dir='ltr'>αὐτοὺς</span> <span class='ocrx_word' id='word_1_471' title='bbox 3086 2136 3147 2190; x_wconf 83' lang='grc' dir='ltr'>τὸ</span> <span class='ocrx_word' id='word_1_472' title='bbox 3176 2132 3314 2191; x_wconf 81' lang='grc' dir='ltr'>εἶναι</span> <span class='ocrx_word' id='word_1_473' title='bbox 3346 2137 3455 2190; x_wconf 85' lang='grc' dir='ltr'><strong>ἀπὸ</strong></span> <span class='ocrx_word' id='word_1_474' title='bbox 3482 2137 3589 2191; x_wconf 84' lang='grc' dir='ltr'>τῶν</span> <span class='ocrx_word' id='word_1_475' title='bbox 3622 2140 3893 2211; x_wconf 65' lang='grc' dir='ltr'>πατέρων*</span> 
     </span>
    </p>
   </div>
   <div class='ocr_carea' id='block_1_66' title="bbox 2320 2229 3899 2301">
    <p class='ocr_par' dir='ltr' id='par_1_66' title="bbox 2320 2229 3899 2301">
     <span class='ocr_line' id='line_1_66' title="bbox 2320 2229 3899 2301; baseline 0.001 -18"><span class='ocrx_word' id='word_1_476' title='bbox 2320 2229 2473 2300; x_wconf 82' lang='grc' dir='ltr'>πόσῳ</span> <span class='ocrx_word' id='word_1_477' title='bbox 2532 2229 2693 2282; x_wconf 85' lang='grc' dir='ltr'>πλέον</span> <span class='ocrx_word' id='word_1_478' title='bbox 2752 2231 2913 2300; x_wconf 88' lang='grc' dir='ltr'>ἡμεῖς</span> <span class='ocrx_word' id='word_1_479' title='bbox 2967 2229 3371 2301; x_wconf 81' lang='grc' dir='ltr'>ἁμαρτάνοντες</span> <span class='ocrx_word' id='word_1_480' title='bbox 3410 2229 3899 2301; x_wconf 76' lang='grc' dir='ltr'>έγκαταλειφθησό-</span> 
     </span>
    </p>
   </div>
   <div class='ocr_carea' id='block_1_67' title="bbox 2323 2316 3896 2392">
    <p class='ocr_par' dir='ltr' id='par_1_67' title="bbox 2323 2316 3896 2392">
     <span class='ocr_line' id='line_1_67' title="bbox 2323 2316 3896 2392; baseline 0.001 -19"><span class='ocrx_word' id='word_1_481' title='bbox 2323 2320 2496 2391; x_wconf 89' lang='grc' dir='ltr'>μεθα;</span> <span class='ocrx_word' id='word_1_482' title='bbox 2540 2321 2609 2374; x_wconf 84' lang='lat' dir='ltr'><em>El</em></span> <span class='ocrx_word' id='word_1_483' title='bbox 2646 2316 2752 2390; x_wconf 79' lang='grc' dir='ltr'>ἦτε</span> <span class='ocrx_word' id='word_1_484' title='bbox 2797 2319 2977 2373; x_wconf 76' lang='grc' dir='ltr'>τέκνα</span> <span class='ocrx_word' id='word_1_485' title='bbox 3017 2319 3125 2374; x_wconf 79' lang='grc' dir='ltr'>τοῦ</span> <span class='ocrx_word' id='word_1_486' title='bbox 3171 2319 3445 2389; x_wconf 76' lang='grc' dir='ltr'>Ἀϐραὰμ,</span> <span class='ocrx_word' id='word_1_487' title='bbox 3494 2319 3567 2373; x_wconf 85' lang='grc' dir='ltr'>τὰ</span> <span class='ocrx_word' id='word_1_488' title='bbox 3614 2321 3755 2392; x_wconf 69' lang='grc' dir='ltr'>ἔργα</span> <span class='ocrx_word' id='word_1_489' title='bbox 3789 2320 3896 2374; x_wconf 82' lang='grc' dir='ltr'>τοῦ</span> 
     </span>
    </p>
   </div>
   <div class='ocr_carea' id='block_1_68' title="bbox 2330 2410 3898 2484">
    <p class='ocr_par' dir='ltr' id='par_1_68' title="bbox 2330 2410 3898 2484">
     <span class='ocr_line' id='line_1_68' title="bbox 2330 2410 3898 2484; baseline 0 -18"><span class='ocrx_word' id='word_1_490' title='bbox 2330 2411 2584 2482; x_wconf 81' lang='grc' dir='ltr'>Ἀϐραὰμ</span> <span class='ocrx_word' id='word_1_491' title='bbox 2618 2413 2700 2466; x_wconf 81' lang='grc' dir='ltr'>ἂν</span> <span class='ocrx_word' id='word_1_492' title='bbox 2744 2410 3016 2476; x_wconf 82' lang='grc' dir='ltr'>ἐποιεῖτε,</span> <span class='ocrx_word' id='word_1_493' title='bbox 3060 2410 3207 2480; x_wconf 84' lang='grc' dir='ltr'>λέγει</span> <span class='ocrx_word' id='word_1_494' title='bbox 3247 2411 3431 2476; x_wconf 84' lang='grc' dir='ltr'>αὐτοῖς</span> <span class='ocrx_word' id='word_1_495' title='bbox 3463 2412 3492 2464; x_wconf 84' lang='grc' dir='ltr'>ὁ</span> <span class='ocrx_word' id='word_1_496' title='bbox 3530 2414 3750 2484; x_wconf 56' lang='grc' dir='ltr'>Σωτὴρ</span> <span class='ocrx_word' id='word_1_497' title='bbox 3800 2414 3898 2467; x_wconf 74' lang='grc' dir='ltr'>καὶ</span> 
     </span>
    </p>
   </div>
   <div class='ocr_carea' id='block_1_69' title="bbox 2318 2502 3893 2575">
    <p class='ocr_par' dir='ltr' id='par_1_69' title="bbox 2318 2502 3893 2575">
     <span class='ocr_line' id='line_1_69' title="bbox 2318 2502 3893 2575; baseline 0.001 -19"><span class='ocrx_word' id='word_1_498' title='bbox 2318 2504 2478 2559; x_wconf 74' lang='grc' dir='ltr'>πάλιν</span> <span class='ocrx_word' id='word_1_499' title='bbox 2513 2505 2542 2558; x_wconf 78' lang='grc' dir='ltr'><strong>ό</strong></span> <span class='ocrx_word' id='word_1_500' title='bbox 2586 2504 2834 2575; x_wconf 77' lang='grc' dir='ltr'>Ἰωάννης</span> <span class='ocrx_word' id='word_1_501' title='bbox 2856 2521 2870 2535; x_wconf 89' lang='grc'><strong>·</strong></span> <span class='ocrx_word' id='word_1_502' title='bbox 2913 2523 2932 2555; x_wconf 79' lang='grc' dir='ltr'><strong>ι</strong></span> <span class='ocrx_word' id='word_1_503' title='bbox 2971 2502 3063 2575; x_wconf 81' lang='grc' dir='ltr'><strong>Μὴ</strong></span> <span class='ocrx_word' id='word_1_504' title='bbox 3104 2502 3340 2574; x_wconf 81' lang='grc' dir='ltr'>ἄρξησθε</span> <span class='ocrx_word' id='word_1_505' title='bbox 3366 2503 3543 2573; x_wconf 83' lang='grc' dir='ltr'>λέγειν</span> <span class='ocrx_word' id='word_1_506' title='bbox 3574 2504 3629 2557; x_wconf 84' lang='grc' dir='ltr'><strong>έν</strong></span> <span class='ocrx_word' id='word_1_507' title='bbox 3659 2505 3893 2570; x_wconf 72' lang='grc' dir='ltr'>ἑαυτοῖς,</span> 
     </span>
    </p>
   </div>
   <div class='ocr_carea' id='block_1_70' title="bbox 2316 2592 3892 2666">
    <p class='ocr_par' dir='ltr' id='par_1_70' title="bbox 2316 2592 3892 2666">
     <span class='ocr_line' id='line_1_70' title="bbox 2316 2592 3892 2666; baseline -0.002 -17"><span class='ocrx_word' id='word_1_508' title='bbox 2316 2595 2422 2657; x_wconf 78' lang='grc' dir='ltr'>ὅτι.</span> <span class='ocrx_word' id='word_1_509' title='bbox 2456 2594 2679 2666; x_wconf 85' lang='grc' dir='ltr'>Πατέρα</span> <span class='ocrx_word' id='word_1_510' title='bbox 2709 2594 2905 2665; x_wconf 74' lang='grc' dir='ltr'>ἔχομεν</span> <span class='ocrx_word' id='word_1_511' title='bbox 2947 2594 3034 2647; x_wconf 78' lang='grc' dir='ltr'>τὸν</span> <span class='ocrx_word' id='word_1_512' title='bbox 3095 2592 3374 2665; x_wconf 81' lang='grc' dir='ltr'><strong>Ἀϐραάμ⁹</strong></span> <span class='ocrx_word' id='word_1_513' title='bbox 3419 2593 3562 2662; x_wconf 87' lang='grc' dir='ltr'>λέγω</span> <span class='ocrx_word' id='word_1_514' title='bbox 3602 2594 3709 2664; x_wconf 82' lang='grc' dir='ltr'>γὰρ</span> <span class='ocrx_word' id='word_1_515' title='bbox 3741 2594 3892 2665; x_wconf 81' lang='grc' dir='ltr'>ὑμῖν,</span> 
     </span>
    </p>
   </div>
   <div class='ocr_carea' id='block_1_71' title="bbox 2315 2683 3894 2755">
    <p class='ocr_par' dir='ltr' id='par_1_71' title="bbox 2315 2683 3894 2755">
     <span class='ocr_line' id='line_1_71' title="bbox 2315 2683 3894 2755; baseline -0.002 -16"><span class='ocrx_word' id='word_1_516' title='bbox 2315 2685 2400 2740; x_wconf 79' lang='grc' dir='ltr'>ὅτι</span> <span class='ocrx_word' id='word_1_517' title='bbox 2451 2684 2671 2738; x_wconf 87' lang='grc' dir='ltr'>δύναται</span> <span class='ocrx_word' id='word_1_518' title='bbox 2721 2687 2750 2738; x_wconf 89' lang='grc' dir='ltr'>ὁ</span> <span class='ocrx_word' id='word_1_519' title='bbox 2794 2684 2927 2747; x_wconf 80' lang='grc' dir='ltr'><strong>Θεὸς</strong></span> <span class='ocrx_word' id='word_1_520' title='bbox 2971 2685 3036 2738; x_wconf 76' lang='grc' dir='ltr'>ἐκ</span> <span class='ocrx_word' id='word_1_521' title='bbox 3082 2683 3190 2737; x_wconf 84' lang='grc' dir='ltr'><strong>τῶν</strong></span> <span class='ocrx_word' id='word_1_522' title='bbox 3235 2683 3397 2740; x_wconf 90' lang='grc' dir='ltr'>λίθων</span> <span class='ocrx_word' id='word_1_523' title='bbox 3440 2684 3642 2738; x_wconf 87' lang='grc' dir='ltr'>τούτων</span> <span class='ocrx_word' id='word_1_524' title='bbox 3684 2686 3894 2755; x_wconf 79' lang='grc' dir='ltr'>ἐγεῖραι</span> 
     </span>
    </p>
   </div>
   <div class='ocr_carea' id='block_1_72' title="bbox 2317 2774 3892 2848">
    <p class='ocr_par' dir='ltr' id='par_1_72' title="bbox 2317 2774 3892 2848">
     <span class='ocr_line' id='line_1_72' title="bbox 2317 2774 3892 2848; baseline -0.003 -16"><span class='ocrx_word' id='word_1_525' title='bbox 2317 2777 2484 2833; x_wconf 85' lang='grc' dir='ltr'>τέκνα</span> <span class='ocrx_word' id='word_1_526' title='bbox 2528 2775 2608 2848; x_wconf 82' lang='grc' dir='ltr'><strong>τῷ</strong></span> <span class='ocrx_word' id='word_1_527' title='bbox 2668 2775 2946 2848; x_wconf 74' lang='grc' dir='ltr'>Ἀϐραάμο</span> <span class='ocrx_word' id='word_1_528' title='bbox 3004 2795 3023 2828; x_wconf 75' lang='grc' dir='ltr'><strong>ι</strong></span> <span class='ocrx_word' id='word_1_529' title='bbox 3081 2774 3260 2841; x_wconf 77' lang='grc' dir='ltr'>λίθους</span> <span class='ocrx_word' id='word_1_530' title='bbox 3302 2775 3678 2846; x_wconf 75' lang='grc' dir='ltr'>αἰνισσόμενος</span> <span class='ocrx_word' id='word_1_531' title='bbox 3723 2775 3892 2845; x_wconf 76' lang='grc' dir='ltr'>ἡμᾶς,</span> 
     </span>
    </p>
   </div>
   <div class='ocr_carea' id='block_1_73' title="bbox 2314 2865 3895 2941">
    <p class='ocr_par' dir='ltr' id='par_1_73' title="bbox 2314 2865 3895 2941">
     <span class='ocr_line' id='line_1_73' title="bbox 2314 2865 3895 2941; baseline -0.003 -18"><span class='ocrx_word' id='word_1_532' title='bbox 2314 2869 2444 2934; x_wconf 80' lang='grc' dir='ltr'>τοὺς</span> <span class='ocrx_word' id='word_1_533' title='bbox 2476 2868 2716 2941; x_wconf 76' lang='grc' dir='ltr'>σκληρὰν</span> <span class='ocrx_word' id='word_1_534' title='bbox 2747 2867 2841 2921; x_wconf 77' lang='grc' dir='ltr'>καὶ</span> <span class='ocrx_word' id='word_1_535' title='bbox 2872 2866 3077 2939; x_wconf 83' lang='grc' dir='ltr'>λιθίνην</span> <span class='ocrx_word' id='word_1_536' title='bbox 3106 2865 3326 2938; x_wconf 78' lang='grc' dir='ltr'>ἔχοντας</span> <span class='ocrx_word' id='word_1_537' title='bbox 3370 2866 3466 2938; x_wconf 75' lang='grc' dir='ltr'>τὴν</span> <span class='ocrx_word' id='word_1_538' title='bbox 3507 2867 3754 2939; x_wconf 84' lang='grc' dir='ltr'>καρδίαν,</span> <span class='ocrx_word' id='word_1_539' title='bbox 3796 2868 3895 2920; x_wconf 71' lang='grc' dir='ltr'>καὶ</span> 
     </span>
    </p>
   </div>
   <div class='ocr_carea' id='block_1_74' title="bbox 2319 2956 3898 3033">
    <p class='ocr_par' dir='ltr' id='par_1_74' title="bbox 2319 2956 3898 3033">
     <span class='ocr_line' id='line_1_74' title="bbox 2319 2956 3898 3033; baseline -0.004 -16"><span class='ocrx_word' id='word_1_540' title='bbox 2319 2961 2767 3033; x_wconf 73' lang='grc' dir='ltr'>ἔσκληρωμένους</span> <span class='ocrx_word' id='word_1_541' title='bbox 2789 2960 2924 3032; x_wconf 78' lang='grc' dir='ltr'>πρὸς</span> <span class='ocrx_word' id='word_1_542' title='bbox 2951 2960 3048 3032; x_wconf 79' lang='grc' dir='ltr'>τὴν</span> <span class='ocrx_word' id='word_1_543' title='bbox 3073 2959 3347 3030; x_wconf 81' lang='grc' dir='ltr'>ἀλήθειαν.</span> <span class='ocrx_word' id='word_1_544' title='bbox 3378 2960 3489 3012; x_wconf 76' lang='grc' dir='ltr'><strong>Καὶ</strong></span> <span class='ocrx_word' id='word_1_545' title='bbox 3510 2957 3723 3030; x_wconf 78' lang='grc' dir='ltr'>ἀληθῶς</span> <span class='ocrx_word' id='word_1_546' title='bbox 3751 2956 3780 3008; x_wconf 87' lang='grc' dir='ltr'>ὁ</span> <span class='ocrx_word' id='word_1_547' title='bbox 3802 2956 3898 3010; x_wconf 88' lang='grc' dir='ltr'><strong>δυ-</strong></span> 
     </span>
    </p>
   </div>
   <div class='ocr_carea' id='block_1_75' title="bbox 2237 3049 3896 3150">
    <p class='ocr_par' dir='ltr' id='par_1_75' title="bbox 2237 3049 3896 3150">
     <span class='ocr_line' id='line_1_75' title="bbox 2237 3049 3896 3150; baseline -0.002 -40"><span class='ocrx_word' id='word_1_548' title='bbox 2237 3090 2282 3150; x_wconf 75' lang='lat' dir='ltr'><strong><em>C</em></strong></span> <span class='ocrx_word' id='word_1_549' title='bbox 2317 3054 2475 3117; x_wconf 83' lang='grc' dir='ltr'>νατὸς</span> <span class='ocrx_word' id='word_1_550' title='bbox 2503 3052 2635 3117; x_wconf 69' lang='grc' dir='ltr'>Θεὸς</span> <span class='ocrx_word' id='word_1_551' title='bbox 2672 3053 2860 3124; x_wconf 74' lang='grc' dir='ltr'>ἡγειρε</span> <span class='ocrx_word' id='word_1_552' title='bbox 2896 3051 3062 3105; x_wconf 81' lang='grc' dir='ltr'>τέκνα</span> <span class='ocrx_word' id='word_1_553' title='bbox 3098 3051 3176 3123; x_wconf 80' lang='grc' dir='ltr'>τῷ</span> <span class='ocrx_word' id='word_1_554' title='bbox 3229 3050 3482 3122; x_wconf 82' lang='grc' dir='ltr'>Ἀϐραὰμ</span> <span class='ocrx_word' id='word_1_555' title='bbox 3515 3050 3623 3104; x_wconf 79' lang='grc' dir='ltr'>ἀπὸ</span> <span class='ocrx_word' id='word_1_556' title='bbox 3662 3050 3771 3106; x_wconf 85' lang='grc' dir='ltr'><strong>τῶν</strong></span> <span class='ocrx_word' id='word_1_557' title='bbox 3806 3049 3896 3106; x_wconf 80' lang='grc' dir='ltr'><strong>λί-</strong></span> 
     </span>
    </p>
   </div>
   <div class='ocr_carea' id='block_1_76' title="bbox 2316 3142 3896 3217">
    <p class='ocr_par' dir='ltr' id='par_1_76' title="bbox 2316 3142 3896 3217">
     <span class='ocr_line' id='line_1_76' title="bbox 2316 3142 3896 3217; baseline -0.002 -16"><span class='ocrx_word' id='word_1_558' title='bbox 2316 3147 2443 3212; x_wconf 82' lang='grc' dir='ltr'>θων,</span> <span class='ocrx_word' id='word_1_559' title='bbox 2477 3145 2571 3200; x_wconf 77' lang='grc' dir='ltr'><strong>ἐὰν</strong></span> <span class='ocrx_word' id='word_1_560' title='bbox 2600 3145 2870 3217; x_wconf 83' lang='grc' dir='ltr'>μείνωμεν</span> <span class='ocrx_word' id='word_1_561' title='bbox 2902 3145 2960 3197; x_wconf 83' lang='grc' dir='ltr'>ὲν</span> <span class='ocrx_word' id='word_1_562' title='bbox 2986 3145 3053 3214; x_wconf 78' lang='grc' dir='ltr'><strong>τῇ</strong></span> <span class='ocrx_word' id='word_1_563' title='bbox 3085 3142 3399 3214; x_wconf 77' lang='grc' dir='ltr'>τεκνογονίᾳ</span> <span class='ocrx_word' id='word_1_564' title='bbox 3432 3143 3526 3196; x_wconf 73' lang='grc' dir='ltr'>καὶ</span> <span class='ocrx_word' id='word_1_565' title='bbox 3566 3144 3896 3215; x_wconf 74' lang='grc' dir='ltr'>τηρήσωμεν</span> 
     </span>
    </p>
   </div>
   <div class='ocr_carea' id='block_1_77' title="bbox 2312 3226 3896 3302">
    <p class='ocr_par' dir='ltr' id='par_1_77' title="bbox 2312 3226 3896 3302">
     <span class='ocr_line' id='line_1_77' title="bbox 2312 3226 3896 3302; baseline 0 -17"><span class='ocrx_word' id='word_1_566' title='bbox 2312 3232 2375 3286; x_wconf 77' lang='grc' dir='ltr'>τὸ</span> <span class='ocrx_word' id='word_1_567' title='bbox 2406 3232 2622 3302; x_wconf 73' lang='grc' dir='ltr'>πνεῦμα</span> <span class='ocrx_word' id='word_1_568' title='bbox 2654 3232 2752 3302; x_wconf 83' lang='grc' dir='ltr'>τῆς</span> <span class='ocrx_word' id='word_1_569' title='bbox 2794 3230 3081 3294; x_wconf 80' lang='grc' dir='ltr'>υἱοθεσίας.</span> <span class='ocrx_word' id='word_1_570' title='bbox 3128 3226 3280 3283; x_wconf 84' lang='grc' dir='ltr'>Εἷδεν</span> <span class='ocrx_word' id='word_1_571' title='bbox 3309 3226 3401 3283; x_wconf 80' lang='grc' dir='ltr'><strong>οὖν</strong></span> <span class='ocrx_word' id='word_1_572' title='bbox 3439 3231 3538 3300; x_wconf 73' lang='grc' dir='ltr'>τὴν</span> <span class='ocrx_word' id='word_1_573' title='bbox 3568 3231 3896 3285; x_wconf 86' lang='grc' dir='ltr'>ἀσυνθεσίαν</span> 
     </span>
    </p>
   </div>
   <div class='ocr_carea' id='block_1_78' title="bbox 2309 3320 3895 3396">
    <p class='ocr_par' dir='ltr' id='par_1_78' title="bbox 2309 3320 3895 3396">
     <span class='ocr_line' id='line_1_78' title="bbox 2309 3320 3895 3396; baseline -0.003 -15"><span class='ocrx_word' id='word_1_574' title='bbox 2309 3324 2484 3396; x_wconf 76' lang='grc' dir='ltr'>αὐτῆς</span> <span class='ocrx_word' id='word_1_575' title='bbox 2508 3325 2612 3395; x_wconf 80' lang='grc' dir='ltr'>τῆς</span> <span class='ocrx_word' id='word_1_576' title='bbox 2634 3322 2915 3385; x_wconf 84' lang='grc' dir='ltr'>κατοικίας</span> <span class='ocrx_word' id='word_1_577' title='bbox 2938 3320 3033 3374; x_wconf 79' lang='grc' dir='ltr'><strong>τοῦ</strong></span> <span class='ocrx_word' id='word_1_578' title='bbox 3074 3320 3290 3393; x_wconf 85' lang='grc' dir='ltr'>Ἰσραὴλ</span> <span class='ocrx_word' id='word_1_579' title='bbox 3313 3323 3347 3392; x_wconf 85' lang='grc' dir='ltr'><strong>ἡ</strong></span> <span class='ocrx_word' id='word_1_580' title='bbox 3373 3320 3663 3386; x_wconf 84' lang='grc' dir='ltr'>ἀσύνθετος</span> <span class='ocrx_word' id='word_1_581' title='bbox 3702 3321 3895 3386; x_wconf 82' lang='grc' dir='ltr'>Ἰούδα,</span> 
     </span>
    </p>
   </div>
   <div class='ocr_carea' id='block_1_79' title="bbox 2312 3411 3897 3487">
    <p class='ocr_par' dir='ltr' id='par_1_79' title="bbox 2312 3411 3897 3487">
     <span class='ocr_line' id='line_1_79' title="bbox 2312 3411 3897 3487; baseline -0.013 1"><span class='ocrx_word' id='word_1_582' title='bbox 2312 3418 2348 3487; x_wconf 67' lang='grc' dir='ltr'><strong>ἡ</strong></span> <span class='ocrx_word' id='word_1_583' title='bbox 2383 3416 2458 3487; x_wconf 79' lang='grc' dir='ltr'>μὴ</span> <span class='ocrx_word' id='word_1_584' title='bbox 2482 3415 2772 3487; x_wconf 77' lang='grc' dir='ltr'>τηρήσασα</span> <span class='ocrx_word' id='word_1_585' title='bbox 2791 3412 2892 3475; x_wconf 74' lang='grc' dir='ltr'>τὰς</span> <span class='ocrx_word' id='word_1_586' title='bbox 2925 3411 3196 3484; x_wconf 82' lang='grc' dir='ltr'>συνθήκας</span> <span class='ocrx_word' id='word_1_587' title='bbox 3228 3412 3326 3476; x_wconf 83' lang='grc' dir='ltr'>τὰς</span> <span class='ocrx_word' id='word_1_588' title='bbox 3355 3412 3491 3483; x_wconf 80' lang='grc' dir='ltr'>πρὸς</span> <span class='ocrx_word' id='word_1_589' title='bbox 3519 3412 3684 3467; x_wconf 74' lang='grc' dir='ltr'>Θεόνο</span> <span class='ocrx_word' id='word_1_590' title='bbox 3723 3432 3741 3464; x_wconf 82' lang='grc' dir='ltr'><strong>ι</strong></span> <span class='ocrx_word' id='word_1_591' title='bbox 3780 3416 3897 3468; x_wconf 77' lang='grc' dir='ltr'><strong>Καὶ</strong></span> 
     </span>
    </p>
   </div>
   <div class='ocr_carea' id='block_1_80' title="bbox 2309 3499 3896 3582">
    <p class='ocr_par' dir='ltr' id='par_1_80' title="bbox 2309 3499 3896 3582">
     <span class='ocr_line' id='line_1_80' title="bbox 2309 3499 3896 3582; baseline -0.003 -19"><span class='ocrx_word' id='word_1_592' title='bbox 2309 3505 2469 3575; x_wconf 80' lang='grc' dir='ltr'>εἶδεν,</span> <span class='ocrx_word' id='word_1_593' title='bbox 2533 3511 2617 3564; x_wconf 86' lang='grc' dir='ltr'>ὅτι</span> <span class='ocrx_word' id='word_1_594' title='bbox 2662 3507 2788 3582; x_wconf 76' lang='grc' dir='ltr'>περὶ</span> <span class='ocrx_word' id='word_1_595' title='bbox 2842 3505 3058 3560; x_wconf 80' lang='grc' dir='ltr'>πάντων</span> <span class='ocrx_word' id='word_1_596' title='bbox 3107 3499 3183 3560; x_wconf 81' lang='grc' dir='ltr'>ὧν</span> <span class='ocrx_word' id='word_1_597' title='bbox 3241 3506 3518 3578; x_wconf 83' lang='grc' dir='ltr'>ὲμοιχᾶτο,</span> <span class='ocrx_word' id='word_1_598' title='bbox 3577 3506 3896 3580; x_wconf 78' lang='grc' dir='ltr'>κατελήφθη</span> 
     </span>
    </p>
   </div>
   <div class='ocr_carea' id='block_1_81' title="bbox 2308 3596 3897 3672">
    <p class='ocr_par' dir='ltr' id='par_1_81' title="bbox 2308 3596 3897 3672">
     <span class='ocr_line' id='line_1_81' title="bbox 2308 3596 3897 3672; baseline -0.003 -18"><span class='ocrx_word' id='word_1_599' title='bbox 2308 3601 2518 3672; x_wconf 73' lang='grc' dir='ltr'>ἐκείνη.</span> <span class='ocrx_word' id='word_1_600' title='bbox 2594 3620 2613 3653; x_wconf 74' lang='grc' dir='ltr'><strong>ι</strong></span> <span class='ocrx_word' id='word_1_601' title='bbox 2659 3597 2849 3655; x_wconf 82' lang='grc' dir='ltr'>Ταῦτα</span> <span class='ocrx_word' id='word_1_602' title='bbox 2909 3596 3019 3669; x_wconf 78' lang='grc' dir='ltr'><strong>γὰρ</strong></span> <span class='ocrx_word' id='word_1_603' title='bbox 3071 3597 3249 3652; x_wconf 84' lang='grc' dir='ltr'>πάντα</span> <span class='ocrx_word' id='word_1_604' title='bbox 3303 3599 3467 3670; x_wconf 83' lang='grc' dir='ltr'>ἡμεῖς</span> <span class='ocrx_word' id='word_1_605' title='bbox 3526 3596 3790 3668; x_wconf 84' lang='grc' dir='ltr'>βλέπομεν</span> <span class='ocrx_word' id='word_1_606' title='bbox 3840 3600 3897 3652; x_wconf 80' lang='grc' dir='ltr'>οἱ</span> 
     </span>
    </p>
   </div>
   <div class='ocr_carea' id='block_1_82' title="bbox 2324 3688 3896 3762">
    <p class='ocr_par' dir='ltr' id='par_1_82' title="bbox 2324 3688 3896 3762">
     <span class='ocr_line' id='line_1_82' title="bbox 2324 3688 3896 3762; baseline -0.003 -14"><span class='ocrx_word' id='word_1_607' title='bbox 2324 3693 2526 3748; x_wconf 84' lang='grc' dir='ltr'>Ἰούδα·</span> <span class='ocrx_word' id='word_1_608' title='bbox 2573 3689 3021 3761; x_wconf 80' lang='grc' dir='ltr'>ἀναγινώσκομεν</span> <span class='ocrx_word' id='word_1_609' title='bbox 3052 3690 3151 3760; x_wconf 84' lang='grc' dir='ltr'>τὴν</span> <span class='ocrx_word' id='word_1_610' title='bbox 3190 3689 3434 3762; x_wconf 81' lang='grc' dir='ltr'>Γραφὴν,</span> <span class='ocrx_word' id='word_1_611' title='bbox 3475 3688 3557 3742; x_wconf 81' lang='grc' dir='ltr'><strong>ὅτι</strong></span> <span class='ocrx_word' id='word_1_612' title='bbox 3589 3689 3715 3760; x_wconf 75' lang='grc' dir='ltr'>περὶ</span> <span class='ocrx_word' id='word_1_613' title='bbox 3755 3689 3896 3743; x_wconf 79' lang='grc' dir='ltr'>πάν-</span> 
     </span>
    </p>
   </div>
   <div class='ocr_carea' id='block_1_83' title="bbox 2306 3773 3897 3854">
    <p class='ocr_par' dir='ltr' id='par_1_83' title="bbox 2306 3773 3897 3854">
     <span class='ocr_line' id='line_1_83' title="bbox 2306 3773 3897 3854; baseline -0.006 -14"><span class='ocrx_word' id='word_1_614' title='bbox 2306 3801 2418 3839; x_wconf 77' lang='grc' dir='ltr'><strong>των</strong></span> <span class='ocrx_word' id='word_1_615' title='bbox 2462 3775 2536 3838; x_wconf 78' lang='grc' dir='ltr'><strong>ὧν</strong></span> <span class='ocrx_word' id='word_1_616' title='bbox 2569 3781 2878 3854; x_wconf 83' lang='grc' dir='ltr'>κατελήφθη</span> <span class='ocrx_word' id='word_1_617' title='bbox 2906 3783 2940 3851; x_wconf 91' lang='grc' dir='ltr'><strong>ἡ</strong></span> <span class='ocrx_word' id='word_1_618' title='bbox 2991 3779 3242 3834; x_wconf 80' lang='grc' dir='ltr'>κατοικία</span> <span class='ocrx_word' id='word_1_619' title='bbox 3286 3778 3379 3833; x_wconf 82' lang='grc' dir='ltr'>τοῦ</span> <span class='ocrx_word' id='word_1_620' title='bbox 3434 3779 3666 3851; x_wconf 80' lang='grc' dir='ltr'>Ἰσραὴλ,</span> <span class='ocrx_word' id='word_1_621' title='bbox 3710 3780 3768 3832; x_wconf 83' lang='grc' dir='ltr'>ἐν</span> <span class='ocrx_word' id='word_1_622' title='bbox 3809 3773 3897 3844; x_wconf 72' lang='grc' dir='ltr'>οἷς</span> 
     </span>
    </p>
   </div>
   <div class='ocr_carea' id='block_1_84' title="bbox 2310 3868 3894 3945">
    <p class='ocr_par' dir='ltr' id='par_1_84' title="bbox 2310 3868 3894 3945">
     <span class='ocr_line' id='line_1_84' title="bbox 2310 3868 3894 3945; baseline -0.003 -17"><span class='ocrx_word' id='word_1_623' title='bbox 2310 3874 2588 3945; x_wconf 81' lang='grc' dir='ltr'>ὲμοιχᾶτο,</span> <span class='ocrx_word' id='word_1_624' title='bbox 2642 3870 3022 3936; x_wconf 79' lang='grc' dir='ltr'>ἐξαπέστειλεν</span> <span class='ocrx_word' id='word_1_625' title='bbox 3055 3870 3224 3942; x_wconf 83' lang='grc' dir='ltr'>αὐτὴν</span> <span class='ocrx_word' id='word_1_626' title='bbox 3267 3869 3297 3923; x_wconf 81' lang='grc' dir='ltr'>ὁ</span> <span class='ocrx_word' id='word_1_627' title='bbox 3350 3869 3502 3933; x_wconf 81' lang='grc' dir='ltr'>Θεὸς,</span> <span class='ocrx_word' id='word_1_628' title='bbox 3552 3869 3647 3923; x_wconf 74' lang='grc' dir='ltr'>καὶ</span> <span class='ocrx_word' id='word_1_629' title='bbox 3690 3868 3894 3925; x_wconf 76' lang='grc' dir='ltr'>ἔδωκεν</span> 
     </span>
    </p>
   </div>
   <div class='ocr_carea' id='block_1_85' title="bbox 2309 3960 3894 4035">
    <p class='ocr_par' dir='ltr' id='par_1_85' title="bbox 2309 3960 3894 4035">
     <span class='ocr_line' id='line_1_85' title="bbox 2309 3960 3894 4035; baseline -0.002 -17"><span class='ocrx_word' id='word_1_630' title='bbox 2309 3965 2447 4035; x_wconf 79' lang='grc' dir='ltr'>αὐτῇ</span> <span class='ocrx_word' id='word_1_631' title='bbox 2486 3962 2685 4034; x_wconf 83' lang='grc' dir='ltr'>βιϐλίον</span> <span class='ocrx_word' id='word_1_632' title='bbox 2734 3961 3086 4016; x_wconf 81' lang='grc' dir='ltr'>ἀποστασίου.</span> <span class='ocrx_word' id='word_1_633' title='bbox 3144 3961 3257 4014; x_wconf 77' lang='grc' dir='ltr'><strong>Καὶ</strong></span> <span class='ocrx_word' id='word_1_634' title='bbox 3300 3960 3418 4014; x_wconf 86' lang='grc' dir='ltr'>δέον</span> <span class='ocrx_word' id='word_1_635' title='bbox 3468 3962 3612 4032; x_wconf 78' lang='grc' dir='ltr'>ἡμᾶς</span> <span class='ocrx_word' id='word_1_636' title='bbox 3667 3960 3894 4015; x_wconf 81' lang='grc' dir='ltr'>παιδευ-</span> 
     </span>
    </p>
   </div>
   <div class='ocr_carea' id='block_1_86' title="bbox 2311 4047 3893 4127">
    <p class='ocr_par' dir='ltr' id='par_1_86' title="bbox 2311 4047 3893 4127">
     <span class='ocr_line' id='line_1_86' title="bbox 2311 4047 3893 4127; baseline -0.002 -18"><span class='ocrx_word' id='word_1_637' title='bbox 2311 4055 2468 4127; x_wconf 83' lang='grc' dir='ltr'>θῆναι</span> <span class='ocrx_word' id='word_1_638' title='bbox 2501 4054 2561 4121; x_wconf 73' lang='grc' dir='ltr'>ὲξ</span> <span class='ocrx_word' id='word_1_639' title='bbox 2603 4047 2677 4108; x_wconf 84' lang='grc' dir='ltr'>ὧν</span> <span class='ocrx_word' id='word_1_640' title='bbox 2720 4052 2951 4117; x_wconf 74' lang='grc' dir='ltr'>ἐκείνοις</span> <span class='ocrx_word' id='word_1_641' title='bbox 2985 4054 3230 4123; x_wconf 75' lang='grc' dir='ltr'>εποίησε,</span> <span class='ocrx_word' id='word_1_642' title='bbox 3269 4051 3460 4121; x_wconf 89' lang='grc' dir='ltr'>κρίνας</span> <span class='ocrx_word' id='word_1_643' title='bbox 3499 4052 3694 4116; x_wconf 74' lang='grc' dir='ltr'>αὐτοὺς</span> <span class='ocrx_word' id='word_1_644' title='bbox 3746 4051 3893 4106; x_wconf 77' lang='grc' dir='ltr'>κατὰ</span> 
     </span>
    </p>
   </div>
   <div class='ocr_carea' id='block_1_87' title="bbox 2307 4141 3891 4219">
    <p class='ocr_par' dir='ltr' id='par_1_87' title="bbox 2307 4141 3891 4219">
     <span class='ocr_line' id='line_1_87' title="bbox 2307 4141 3891 4219; baseline -0.005 -19"><span class='ocrx_word' id='word_1_645' title='bbox 2307 4145 2379 4203; x_wconf 80' lang='grc' dir='ltr'>τὰ</span> <span class='ocrx_word' id='word_1_646' title='bbox 2431 4146 2833 4219; x_wconf 74' lang='grc' dir='ltr'>ἁμαρτήματα,</span> <span class='ocrx_word' id='word_1_647' title='bbox 2883 4141 3288 4213; x_wconf 77' lang='grc' dir='ltr'>ἐγκαταλιπὼν,</span> <span class='ocrx_word' id='word_1_648' title='bbox 3348 4141 3442 4194; x_wconf 77' lang='grc' dir='ltr'>καὶ</span> <span class='ocrx_word' id='word_1_649' title='bbox 3487 4141 3760 4213; x_wconf 81' lang='grc' dir='ltr'>παραδοὺς</span> <span class='ocrx_word' id='word_1_650' title='bbox 3804 4142 3891 4205; x_wconf 82' lang='grc' dir='ltr'>εἰς</span> 
     </span>
    </p>
   </div>
   <div class='ocr_carea' id='block_1_88' title="bbox 618 4219 2314 4311">
    <p class='ocr_par' dir='ltr' id='par_1_88' title="bbox 618 4219 2314 4311">
     <span class='ocr_line' id='line_1_88' title="bbox 618 4219 2314 4311; baseline 0.011 -39"><span class='ocrx_word' id='word_1_651' title='bbox 618 4219 762 4276; x_wconf 88' lang='lat' dir='ltr'><strong>Deus</strong></span> <span class='ocrx_word' id='word_1_652' title='bbox 801 4223 1140 4281; x_wconf 81' lang='lat' dir='ltr'><strong>naturalibus</strong></span> <span class='ocrx_word' id='word_1_653' title='bbox 1166 4228 1332 4283; x_wconf 87' lang='lat' dir='ltr'><strong>ramis</strong></span> <span class='ocrx_word' id='word_1_654' title='bbox 1371 4244 1481 4285; x_wconf 88' lang='lat' dir='ltr'><strong>non</strong></span> <span class='ocrx_word' id='word_1_655' title='bbox 1509 4233 1774 4302; x_wconf 85' lang='lat' dir='ltr'><strong>pepercit,</strong></span> <span class='ocrx_word' id='word_1_656' title='bbox 1802 4244 2008 4305; x_wconf 85' lang='lat' dir='ltr'><strong>quanto</strong></span> <span class='ocrx_word' id='word_1_657' title='bbox 2029 4238 2201 4311; x_wconf 87' lang='lat' dir='ltr'><strong>magis</strong></span> <span class='ocrx_word' id='word_1_658' title='bbox 2307 4264 2314 4291; x_wconf 87' lang='lat' dir='ltr'><strong>I</strong></span> 
     </span>
    </p>
   </div>
   <div class='ocr_carea' id='block_1_89' title="bbox 2192 4219 3888 4311">
    <p class='ocr_par' dir='ltr' id='par_1_89' title="bbox 2192 4232 3888 4311">
     <span class='ocr_line' id='line_1_89' title="bbox 2192 4232 3888 4311; baseline -0.004 -18"><span class='ocrx_word' id='word_1_659' title='bbox 2192 4255 2201 4294; x_wconf 78' lang='grc' dir='ltr'><strong>ι</strong></span> <span class='ocrx_word' id='word_1_660' title='bbox 2307 4238 2713 4311; x_wconf 74' lang='grc' dir='ltr'>αἰχμαλωσίαν,</span> <span class='ocrx_word' id='word_1_661' title='bbox 2764 4237 2858 4292; x_wconf 57' lang='grc' dir='ltr'><strong>καὶ⁵</strong></span> <span class='ocrx_word' id='word_1_662' title='bbox 2909 4235 3179 4308; x_wconf 80' lang='grc' dir='ltr'>παραδοὺς</span> <span class='ocrx_word' id='word_1_663' title='bbox 3218 4235 3299 4298; x_wconf 88' lang='grc' dir='ltr'><strong>είς</strong></span> <span class='ocrx_word' id='word_1_664' title='bbox 3349 4234 3536 4302; x_wconf 79' lang='grc' dir='ltr'>φόνον,</span> <span class='ocrx_word' id='word_1_665' title='bbox 3572 4232 3667 4287; x_wconf 64' lang='grc' dir='ltr'><strong>καλ⁴</strong></span> <span class='ocrx_word' id='word_1_666' title='bbox 3710 4249 3888 4302; x_wconf 87' lang='grc' dir='ltr'>παρα-</span> 
     </span>
    </p>
   </div>
   <div class='ocr_carea' id='block_1_90' title="bbox 615 4314 2311 4401">
    <p class='ocr_par' dir='ltr' id='par_1_90' title="bbox 615 4314 2311 4401">
     <span class='ocr_line' id='line_1_90' title="bbox 615 4314 2311 4401; baseline 0.013 -36"><span class='ocrx_word' id='word_1_667' title='bbox 615 4326 718 4365; x_wconf 84' lang='lat' dir='ltr'><strong>nec</strong></span> <span class='ocrx_word' id='word_1_668' title='bbox 744 4314 904 4369; x_wconf 85' lang='lat' dir='ltr'><strong>nobis</strong></span> <span class='ocrx_word' id='word_1_669' title='bbox 929 4318 1152 4383; x_wconf 83' lang='lat' dir='ltr'><strong>parcet?</strong></span> <span class='ocrx_word' id='word_1_670' title='bbox 1169 4319 1214 4374; x_wconf 91' lang='lat' dir='ltr'><strong>si</strong></span> <span class='ocrx_word' id='word_1_671' title='bbox 1242 4319 1362 4376; x_wconf 90' lang='lat' dir='ltr'><strong>illos</strong></span> <span class='ocrx_word' id='word_1_672' title='bbox 1381 4322 1472 4392; x_wconf 91' lang='lat' dir='ltr'><strong>qui</strong></span> <span class='ocrx_word' id='word_1_673' title='bbox 1493 4338 1526 4378; x_wconf 87' lang='lat' dir='ltr'><strong>e</strong></span> <span class='ocrx_word' id='word_1_674' title='bbox 1550 4325 1979 4394; x_wconf 84' lang='lat' dir='ltr'><strong>patriarcharum</strong></span> <span class='ocrx_word' id='word_1_675' title='bbox 2002 4345 2201 4401; x_wconf 81' lang='lat' dir='ltr'><strong>genere</strong></span> <span class='ocrx_word' id='word_1_676' title='bbox 2306 4354 2311 4379; x_wconf 82' lang='grc'><strong><em>‹</em></strong></span> 
     </span>
    </p>
   </div>
   <div class='ocr_carea' id='block_1_91' title="bbox 2192 4314 3888 4401">
    <p class='ocr_par' dir='ltr' id='par_1_91' title="bbox 2192 4325 3888 4399">
     <span class='ocr_line' id='line_1_91' title="bbox 2192 4325 3888 4399; baseline -0.005 -14"><span class='ocrx_word' id='word_1_677' title='bbox 2192 4349 2201 4385; x_wconf 69' lang='lat'><strong><em>2</em></strong></span> <span class='ocrx_word' id='word_1_678' title='bbox 2306 4330 2432 4394; x_wconf 84' lang='grc' dir='ltr'>δοὺς</span> <span class='ocrx_word' id='word_1_679' title='bbox 2482 4332 2595 4393; x_wconf 82' lang='grc' dir='ltr'>τοῖς</span> <span class='ocrx_word' id='word_1_680' title='bbox 2646 4329 2960 4399; x_wconf 75' lang='grc' dir='ltr'>πολεμίοις’</span> <span class='ocrx_word' id='word_1_681' title='bbox 3015 4326 3131 4381; x_wconf 82' lang='grc' dir='ltr'>δέον</span> <span class='ocrx_word' id='word_1_682' title='bbox 3196 4327 3261 4378; x_wconf 80' lang='grc' dir='ltr'>ἐκ</span> <span class='ocrx_word' id='word_1_683' title='bbox 3313 4325 3517 4379; x_wconf 86' lang='grc' dir='ltr'>τούτων</span> <span class='ocrx_word' id='word_1_684' title='bbox 3571 4326 3717 4396; x_wconf 84' lang='grc' dir='ltr'>ἡμᾶς</span> <span class='ocrx_word' id='word_1_685' title='bbox 3762 4326 3888 4378; x_wconf 75' lang='grc' dir='ltr'>ἐπι-</span> 
     </span>
    </p>
   </div>
   <div class='ocr_carea' id='block_1_92' title="bbox 616 4402 2312 4492">
    <p class='ocr_par' dir='ltr' id='par_1_92' title="bbox 616 4402 2312 4490">
     <span class='ocr_line' id='line_1_92' title="bbox 616 4402 2312 4490; baseline 0.012 -33"><span class='ocrx_word' id='word_1_686' title='bbox 616 4402 1044 4474; x_wconf 84' lang='lat' dir='ltr'><strong>descendebant,</strong></span> <span class='ocrx_word' id='word_1_687' title='bbox 1075 4408 1154 4463; x_wconf 88' lang='lat' dir='ltr'><strong>sic</strong></span> <span class='ocrx_word' id='word_1_688' title='bbox 1173 4420 1398 4480; x_wconf 89' lang='lat' dir='ltr'><strong>propter</strong></span> <span class='ocrx_word' id='word_1_689' title='bbox 1426 4424 1651 4483; x_wconf 83' lang='lat' dir='ltr'><strong>peccata</strong></span> <span class='ocrx_word' id='word_1_690' title='bbox 1679 4418 1905 4484; x_wconf 88' lang='lat' dir='ltr'><strong>dimisit,</strong></span> <span class='ocrx_word' id='word_1_691' title='bbox 1942 4420 2072 4490; x_wconf 89' lang='lat' dir='ltr'><strong>quid</strong></span> <span class='ocrx_word' id='word_1_692' title='bbox 2100 4436 2204 4476; x_wconf 84' lang='lat' dir='ltr'><strong>nos</strong></span> <span class='ocrx_word' id='word_1_693' title='bbox 2236 4416 2280 4478; x_wconf 85' lang='lat' dir='ltr'><strong>D.</strong></span> <span class='ocrx_word' id='word_1_694' title='bbox 2310 4447 2312 4463; x_wconf 83' lang='grc' dir='ltr'><strong>ι</strong></span> 
     </span>
    </p>
   </div>
   <div class='ocr_carea' id='block_1_93' title="bbox 2188 4402 3884 4492">
    <p class='ocr_par' dir='ltr' id='par_1_93' title="bbox 2188 4415 3884 4492">
     <span class='ocr_line' id='line_1_93' title="bbox 2188 4415 3884 4492; baseline -0.004 -16"><span class='ocrx_word' id='word_1_695' title='bbox 2188 4416 2567 4492; x_wconf 61' lang='grc' dir='ltr'>δυστρέψαι,</span> <span class='ocrx_word' id='word_1_696' title='bbox 2614 4421 2713 4474; x_wconf 69' lang='grc' dir='ltr'>καὶ</span> <span class='ocrx_word' id='word_1_697' title='bbox 2770 4418 2999 4472; x_wconf 68' lang='grc' dir='ltr'>ἕκαστον</span> <span class='ocrx_word' id='word_1_698' title='bbox 3057 4416 3216 4487; x_wconf 85' lang='grc' dir='ltr'>ἡμῶν</span> <span class='ocrx_word' id='word_1_699' title='bbox 3269 4415 3604 4485; x_wconf 87' lang='grc' dir='ltr'>λογίσασθαι,</span> <span class='ocrx_word' id='word_1_700' title='bbox 3661 4416 3773 4478; x_wconf 81' lang='grc' dir='ltr'>ὅτι,</span> <span class='ocrx_word' id='word_1_701' title='bbox 3832 4418 3884 4469; x_wconf 78' lang='grc' dir='ltr'>εἰ</span> 
     </span>
    </p>
   </div>
   <div class='ocr_carea' id='block_1_94' title="bbox 615 4497 2311 4578">
    <p class='ocr_par' dir='ltr' id='par_1_94' title="bbox 615 4497 2311 4578">
     <span class='ocr_line' id='line_1_94' title="bbox 615 4497 2311 4578; baseline 0.011 -28"><span class='ocrx_word' id='word_1_702' title='bbox 615 4510 842 4552; x_wconf 89' lang='lat' dir='ltr'><strong>necesse</strong></span> <span class='ocrx_word' id='word_1_703' title='bbox 878 4497 949 4553; x_wconf 87' lang='lat' dir='ltr'><strong>sit</strong></span> <span class='ocrx_word' id='word_1_704' title='bbox 991 4509 1213 4555; x_wconf 87' lang='lat' dir='ltr'><strong>vocatos</strong></span> <span class='ocrx_word' id='word_1_705' title='bbox 1236 4510 1307 4556; x_wconf 79' lang='lat' dir='ltr'><strong>cx</strong></span> <span class='ocrx_word' id='word_1_706' title='bbox 1352 4504 1606 4574; x_wconf 86' lang='lat' dir='ltr'><strong>gentibus</strong></span> <span class='ocrx_word' id='word_1_707' title='bbox 1632 4509 1785 4578; x_wconf 82' lang='lat' dir='ltr'><strong>pati?</strong></span> <span class='ocrx_word' id='word_1_708' title='bbox 1821 4510 1961 4566; x_wconf 88' lang='lat' dir='ltr'><strong>nihil</strong></span> <span class='ocrx_word' id='word_1_709' title='bbox 2004 4512 2199 4568; x_wconf 87' lang='lat' dir='ltr'><strong>horum</strong></span> <span class='ocrx_word' id='word_1_710' title='bbox 2304 4531 2311 4553; x_wconf 57' lang='grc' dir='ltr'><strong>ι</strong></span> 
     </span>
    </p>
   </div>
   <div class='ocr_carea' id='block_1_95' title="bbox 2189 4497 3885 4578">
    <p class='ocr_par' dir='ltr' id='par_1_95' title="bbox 2189 4504 3885 4576">
     <span class='ocr_line' id='line_1_95' title="bbox 2189 4504 3885 4576; baseline -0.002 -15"><span class='ocrx_word' id='word_1_711' title='bbox 2189 4530 2199 4568; x_wconf 83' lang='grc' dir='ltr'>ι</span> <span class='ocrx_word' id='word_1_712' title='bbox 2304 4509 2338 4561; x_wconf 84' lang='grc' dir='ltr'>ὁ</span> <span class='ocrx_word' id='word_1_713' title='bbox 2372 4507 2505 4571; x_wconf 72' lang='grc' dir='ltr'>Θεὸς</span> <span class='ocrx_word' id='word_1_714' title='bbox 2530 4507 2638 4560; x_wconf 83' lang='grc' dir='ltr'><strong>τῶν</strong></span> <span class='ocrx_word' id='word_1_715' title='bbox 2667 4505 2808 4560; x_wconf 82' lang='grc' dir='ltr'>κατὰ</span> <span class='ocrx_word' id='word_1_716' title='bbox 2842 4504 3003 4574; x_wconf 85' lang='grc' dir='ltr'>φύσιν</span> <span class='ocrx_word' id='word_1_717' title='bbox 3040 4504 3250 4559; x_wconf 87' lang='grc' dir='ltr'>κλάδων</span> <span class='ocrx_word' id='word_1_718' title='bbox 3283 4506 3385 4560; x_wconf 76' lang='grc' dir='ltr'>οὐκ</span> <span class='ocrx_word' id='word_1_719' title='bbox 3415 4506 3687 4575; x_wconf 73' lang='grc' dir='ltr'>ἐφείσατο,</span> <span class='ocrx_word' id='word_1_720' title='bbox 3732 4505 3885 4576; x_wconf 76' lang='grc' dir='ltr'>πόσῳ</span> 
     </span>
    </p>
   </div>
   <div class='ocr_carea' id='block_1_96' title="bbox 616 4590 2312 4669">
    <p class='ocr_par' dir='ltr' id='par_1_96' title="bbox 616 4590 2312 4661">
     <span class='ocr_line' id='line_1_96' title="bbox 616 4590 2312 4661; baseline 0.013 -22"><span class='ocrx_word' id='word_1_721' title='bbox 616 4597 954 4659; x_wconf 83' lang='lat' dir='ltr'><strong>reputamns,</strong></span> <span class='ocrx_word' id='word_1_722' title='bbox 982 4598 1038 4647; x_wconf 89' lang='lat' dir='ltr'><strong>et</strong></span> <span class='ocrx_word' id='word_1_723' title='bbox 1074 4590 1200 4647; x_wconf 82' lang='lat' dir='ltr'><strong>ideo</strong></span> <span class='ocrx_word' id='word_1_724' title='bbox 1227 4608 1328 4649; x_wconf 89' lang='lat' dir='ltr'><strong>nos</strong></span> <span class='ocrx_word' id='word_1_725' title='bbox 1361 4603 1583 4651; x_wconf 85' lang='lat' dir='ltr'><strong>vocatos</strong></span> <span class='ocrx_word' id='word_1_726' title='bbox 1609 4608 1669 4653; x_wconf 93' lang='lat' dir='ltr'><strong>ut</strong></span> <span class='ocrx_word' id='word_1_727' title='bbox 1699 4600 1775 4654; x_wconf 89' lang='lat' dir='ltr'><strong>illi</strong></span> <span class='ocrx_word' id='word_1_728' title='bbox 1807 4600 2106 4658; x_wconf 86' lang='lat' dir='ltr'><strong>incitentur</strong></span> <span class='ocrx_word' id='word_1_729' title='bbox 2131 4605 2201 4661; x_wconf 87' lang='lat' dir='ltr'><strong>ad</strong></span> <span class='ocrx_word' id='word_1_730' title='bbox 2231 4624 2243 4639; x_wconf 84' lang='grc'><strong>·</strong></span> <span class='ocrx_word' id='word_1_731' title='bbox 2304 4619 2312 4636; x_wconf 83' lang='lat'>&#39;</span> 
     </span>
    </p>
   </div>
   <div class='ocr_carea' id='block_1_97' title="bbox 2190 4590 3886 4669">
    <p class='ocr_par' dir='ltr' id='par_1_97' title="bbox 2190 4594 3886 4669">
     <span class='ocr_line' id='line_1_97' title="bbox 2190 4594 3886 4669; baseline -0.004 -16"><span class='ocrx_word' id='word_1_732' title='bbox 2190 4606 2243 4660; x_wconf 83' lang='grc' dir='ltr'>ι-</span> <span class='ocrx_word' id='word_1_733' title='bbox 2304 4599 2468 4653; x_wconf 87' lang='grc' dir='ltr'>πλέον</span> <span class='ocrx_word' id='word_1_734' title='bbox 2519 4597 2673 4669; x_wconf 78' lang='grc' dir='ltr'>ἡμῶν</span> <span class='ocrx_word' id='word_1_735' title='bbox 2716 4598 2779 4651; x_wconf 84' lang='grc' dir='ltr'><strong>ού</strong></span> <span class='ocrx_word' id='word_1_736' title='bbox 2830 4595 3105 4666; x_wconf 77' lang='grc' dir='ltr'>φείσεταις</span> <span class='ocrx_word' id='word_1_737' title='bbox 3189 4597 3238 4649; x_wconf 83' lang='grc' dir='ltr'><strong>εί</strong></span> <span class='ocrx_word' id='word_1_738' title='bbox 3282 4598 3409 4659; x_wconf 81' lang='grc' dir='ltr'>τοὺς</span> <span class='ocrx_word' id='word_1_739' title='bbox 3457 4596 3567 4649; x_wconf 80' lang='grc' dir='ltr'><strong>ἀπὸ</strong></span> <span class='ocrx_word' id='word_1_740' title='bbox 3618 4594 3726 4649; x_wconf 83' lang='grc' dir='ltr'>τῶν</span> <span class='ocrx_word' id='word_1_741' title='bbox 3780 4613 3886 4647; x_wconf 82' lang='grc' dir='ltr'><strong>πα-</strong></span> 
     </span>
    </p>
   </div>
   <div class='ocr_carea' id='block_1_98' title="bbox 618 4677 2314 4766">
    <p class='ocr_par' dir='ltr' id='par_1_98' title="bbox 618 4677 2314 4766">
     <span class='ocr_line' id='line_1_98' title="bbox 618 4677 2314 4766; baseline 0.015 -37"><span class='ocrx_word' id='word_1_742' title='bbox 618 4677 814 4745; x_wconf 78' lang='lat' dir='ltr'><strong>zelum,</strong></span> <span class='ocrx_word' id='word_1_743' title='bbox 839 4682 1091 4739; x_wconf 86' lang='lat' dir='ltr'><strong>videntes</strong></span> <span class='ocrx_word' id='word_1_744' title='bbox 1121 4700 1309 4741; x_wconf 85' lang='lat' dir='ltr'><strong>servos</strong></span> <span class='ocrx_word' id='word_1_745' title='bbox 1336 4686 1646 4757; x_wconf 86' lang='lat' dir='ltr'><strong>aliquando,</strong></span> <span class='ocrx_word' id='word_1_746' title='bbox 1672 4690 1900 4762; x_wconf 87' lang='lat' dir='ltr'><strong>liberos;</strong></span> <span class='ocrx_word' id='word_1_747' title='bbox 1936 4693 2202 4766; x_wconf 85' lang='lat' dir='ltr'><strong>ignobiles</strong></span> <span class='ocrx_word' id='word_1_748' title='bbox 2309 4707 2314 4719; x_wconf 91' lang='lat'>‘</span> 
     </span>
    </p>
   </div>
   <div class='ocr_carea' id='block_1_99' title="bbox 2189 4677 3885 4766">
    <p class='ocr_par' dir='ltr' id='par_1_99' title="bbox 2189 4687 3885 4762">
     <span class='ocr_line' id='line_1_99' title="bbox 2189 4687 3885 4762; baseline -0.002 -18"><span class='ocrx_word' id='word_1_749' title='bbox 2189 4714 2202 4753; x_wconf 80' lang='grc' dir='ltr'><strong>ι</strong></span> <span class='ocrx_word' id='word_1_750' title='bbox 2309 4689 2481 4762; x_wconf 83' lang='grc' dir='ltr'>τέρων</span> <span class='ocrx_word' id='word_1_751' title='bbox 2545 4688 2715 4752; x_wconf 72' lang='grc' dir='ltr'>οὕτως</span> <span class='ocrx_word' id='word_1_752' title='bbox 2766 4687 2966 4754; x_wconf 68' lang='grc' dir='ltr'>ἐξέωσε</span> <span class='ocrx_word' id='word_1_753' title='bbox 3020 4687 3345 4758; x_wconf 86' lang='grc' dir='ltr'>γενομένους</span> <span class='ocrx_word' id='word_1_754' title='bbox 3394 4687 3772 4759; x_wconf 81' lang='grc' dir='ltr'>ἁμαρτωλοὺς,</span> <span class='ocrx_word' id='word_1_755' title='bbox 3828 4689 3885 4740; x_wconf 87' lang='grc' dir='ltr'><strong>τί</strong></span> 
     </span>
    </p>
   </div>
   <div class='ocr_carea' id='block_1_100' title="bbox 616 4766 2312 4857">
    <p class='ocr_par' dir='ltr' id='par_1_100' title="bbox 616 4766 2312 4857">
     <span class='ocr_line' id='line_1_100' title="bbox 616 4766 2312 4857; baseline 0.014 -38"><span class='ocrx_word' id='word_1_756' title='bbox 616 4766 928 4837; x_wconf 84' lang='lat' dir='ltr'><strong>aliquando,</strong></span> <span class='ocrx_word' id='word_1_757' title='bbox 961 4789 1111 4830; x_wconf 87' lang='lat' dir='ltr'><strong>nunc</strong></span> <span class='ocrx_word' id='word_1_758' title='bbox 1150 4777 1247 4832; x_wconf 90' lang='lat' dir='ltr'><strong>Dei</strong></span> <span class='ocrx_word' id='word_1_759' title='bbox 1280 4778 1436 4834; x_wconf 83' lang='lat' dir='ltr'><strong>ﬁlios.</strong></span> <span class='ocrx_word' id='word_1_760' title='bbox 1467 4777 1521 4834; x_wconf 89' lang='lat' dir='ltr'><strong>Si</strong></span> <span class='ocrx_word' id='word_1_761' title='bbox 1555 4788 1737 4837; x_wconf 90' lang='lat' dir='ltr'><strong>autem</strong></span> <span class='ocrx_word' id='word_1_762' title='bbox 1774 4783 1848 4839; x_wconf 87' lang='lat' dir='ltr'><strong>illi</strong></span> <span class='ocrx_word' id='word_1_763' title='bbox 1878 4794 2027 4841; x_wconf 88' lang='lat' dir='ltr'><strong>tanta</strong></span> <span class='ocrx_word' id='word_1_764' title='bbox 2055 4788 2200 4857; x_wconf 86' lang='lat' dir='ltr'><strong>passi</strong></span> <span class='ocrx_word' id='word_1_765' title='bbox 2302 4787 2312 4833; x_wconf 67' lang='lat'><strong>‘9</strong></span> 
     </span>
    </p>
   </div>
   <div class='ocr_carea' id='block_1_101' title="bbox 2187 4766 3883 4857">
    <p class='ocr_par' dir='ltr' id='par_1_101' title="bbox 2187 4777 3883 4852">
     <span class='ocr_line' id='line_1_101' title="bbox 2187 4777 3883 4852; baseline -0.004 -17"><span class='ocrx_word' id='word_1_766' title='bbox 2187 4788 2200 4842; x_wconf 92' lang='lat' dir='ltr'><strong>i</strong></span> <span class='ocrx_word' id='word_1_767' title='bbox 2302 4783 2468 4852; x_wconf 76' lang='grc' dir='ltr'>ἡμεῖς</span> <span class='ocrx_word' id='word_1_768' title='bbox 2493 4782 2541 4835; x_wconf 78' lang='grc' dir='ltr'>οἱ</span> <span class='ocrx_word' id='word_1_769' title='bbox 2566 4779 2674 4834; x_wconf 79' lang='grc' dir='ltr'><strong>ἀπὸ</strong></span> <span class='ocrx_word' id='word_1_770' title='bbox 2703 4779 2810 4832; x_wconf 84' lang='grc' dir='ltr'>τῶν</span> <span class='ocrx_word' id='word_1_771' title='bbox 2836 4777 3003 4832; x_wconf 75' lang='grc' dir='ltr'>ἐθνῶν</span> <span class='ocrx_word' id='word_1_772' title='bbox 3033 4777 3321 4848; x_wconf 83' lang='grc' dir='ltr'>κληθέντες</span> <span class='ocrx_word' id='word_1_773' title='bbox 3353 4778 3688 4848; x_wconf 78' lang='grc' dir='ltr'>πεισόμεθα;</span> <span class='ocrx_word' id='word_1_774' title='bbox 3723 4779 3883 4847; x_wconf 82' lang='grc' dir='ltr'>ἡμεῖς</span> 
     </span>
    </p>
   </div>
   <div class='ocr_carea' id='block_1_102' title="bbox 617 4864 2313 4949">
    <p class='ocr_par' dir='ltr' id='par_1_102' title="bbox 617 4866 2313 4949">
     <span class='ocr_line' id='line_1_102' title="bbox 617 4866 2313 4949; baseline 0.014 -37"><span class='ocrx_word' id='word_1_775' title='bbox 617 4867 768 4924; x_wconf 90' lang='lat' dir='ltr'><strong>sunt,</strong></span> <span class='ocrx_word' id='word_1_776' title='bbox 793 4871 998 4931; x_wconf 88' lang='lat' dir='ltr'><strong>quanto</strong></span> <span class='ocrx_word' id='word_1_777' title='bbox 1019 4866 1188 4938; x_wconf 86' lang='lat' dir='ltr'><strong>magis</strong></span> <span class='ocrx_word' id='word_1_778' title='bbox 1208 4884 1330 4935; x_wconf 87' lang='lat' dir='ltr'><strong>nos,</strong></span> <span class='ocrx_word' id='word_1_779' title='bbox 1355 4869 1400 4926; x_wconf 89' lang='lat' dir='ltr'><strong>si</strong></span> <span class='ocrx_word' id='word_1_780' title='bbox 1424 4873 1847 4941; x_wconf 86' lang='lat' dir='ltr'><strong>peccaverimus,</strong></span> <span class='ocrx_word' id='word_1_781' title='bbox 1875 4876 2060 4947; x_wconf 85' lang='lat' dir='ltr'><strong>pejora</strong></span> <span class='ocrx_word' id='word_1_782' title='bbox 2098 4893 2203 4949; x_wconf 86' lang='lat' dir='ltr'><strong>pa-</strong></span> <span class='ocrx_word' id='word_1_783' title='bbox 2305 4886 2313 4915; x_wconf 77' lang='lat'><strong><em>‘</em></strong></span> 
     </span>
    </p>
   </div>
   <div class='ocr_carea' id='block_1_103' title="bbox 2189 4864 3885 4949">
    <p class='ocr_par' dir='ltr' id='par_1_103' title="bbox 2189 4864 3885 4938">
     <span class='ocr_line' id='line_1_103' title="bbox 2189 4864 3885 4938; baseline -0.003 -16"><span class='ocrx_word' id='word_1_784' title='bbox 2189 4906 2203 4922; x_wconf 94' lang='lat'><strong>.</strong></span> <span class='ocrx_word' id='word_1_785' title='bbox 2305 4866 2461 4920; x_wconf 75' lang='grc' dir='ltr'>οὐδὲν</span> <span class='ocrx_word' id='word_1_786' title='bbox 2493 4865 2700 4928; x_wconf 79' lang='grc' dir='ltr'>τούτων</span> <span class='ocrx_word' id='word_1_787' title='bbox 2741 4864 3100 4937; x_wconf 77' lang='grc' dir='ltr'>ἐλογισάμεθα</span> <span class='ocrx_word' id='word_1_788' title='bbox 3146 4866 3455 4938; x_wconf 72' lang='grc' dir='ltr'>κληθέντες,</span> <span class='ocrx_word' id='word_1_789' title='bbox 3500 4867 3586 4919; x_wconf 79' lang='grc' dir='ltr'>ἵνα</span> <span class='ocrx_word' id='word_1_790' title='bbox 3634 4866 3885 4937; x_wconf 75' lang='grc' dir='ltr'>παραζη-</span> 
     </span>
    </p>
   </div>
   <div class='ocr_carea' id='block_1_104' title="bbox 619 4949 2315 5030">
    <p class='ocr_par' dir='ltr' id='par_1_104' title="bbox 619 4949 2315 5027">
     <span class='ocr_line' id='line_1_104' title="bbox 619 4949 2315 5027; baseline 0.014 -22"><span class='ocrx_word' id='word_1_791' title='bbox 619 4949 858 5007; x_wconf 84' lang='lat' dir='ltr'><strong>tiemur?</strong></span> <span class='ocrx_word' id='word_1_792' title='bbox 902 4953 965 5008; x_wconf 82' lang='lat' dir='ltr'><strong>In</strong></span> <span class='ocrx_word' id='word_1_793' title='bbox 1014 4957 1213 5026; x_wconf 87' lang='lat' dir='ltr'><strong>quibus</strong></span> <span class='ocrx_word' id='word_1_794' title='bbox 1266 4963 1645 5019; x_wconf 70' lang='lat' dir='ltr'><strong>mmehabatur</strong></span> <span class='ocrx_word' id='word_1_795' title='bbox 1696 4966 1959 5025; x_wconf 82' lang='lat' dir='ltr'><strong>habitatio</strong></span> <span class='ocrx_word' id='word_1_796' title='bbox 2004 4971 2200 5027; x_wconf 88' lang='lat' dir='ltr'><strong>domus</strong></span> <span class='ocrx_word' id='word_1_797' title='bbox 2305 4955 2315 5008; x_wconf 67' lang='grc' dir='ltr'>Ῑ</span> 
     </span>
    </p>
   </div>
   <div class='ocr_carea' id='block_1_105' title="bbox 2184 4949 3880 5030">
    <p class='ocr_par' dir='ltr' id='par_1_105' title="bbox 2184 4955 3880 5030">
     <span class='ocr_line' id='line_1_105' title="bbox 2184 4955 3880 5030; baseline 0.001 -21"><span class='ocrx_word' id='word_1_798' title='bbox 2184 4987 2200 5027; x_wconf 67' lang='grc' dir='ltr'>ς</span> <span class='ocrx_word' id='word_1_799' title='bbox 2305 4955 2452 5029; x_wconf 81' lang='grc' dir='ltr'><strong>λώσῃ</strong></span> <span class='ocrx_word' id='word_1_800' title='bbox 2480 4958 2685 5021; x_wconf 78' lang='grc' dir='ltr'>ἐκεῖνος</span> <span class='ocrx_word' id='word_1_801' title='bbox 2722 4960 2751 5011; x_wconf 83' lang='grc' dir='ltr'>ὁ</span> <span class='ocrx_word' id='word_1_802' title='bbox 2782 4957 2908 5021; x_wconf 79' lang='grc' dir='ltr'>λαὸς</span> <span class='ocrx_word' id='word_1_803' title='bbox 2953 4957 3096 5029; x_wconf 83' lang='grc' dir='ltr'>ὀρῶν</span> <span class='ocrx_word' id='word_1_804' title='bbox 3142 4958 3232 5012; x_wconf 83' lang='grc' dir='ltr'><strong>τὸν</strong></span> <span class='ocrx_word' id='word_1_805' title='bbox 3265 4958 3449 5013; x_wconf 76' lang='grc' dir='ltr'>δοῦλον</span> <span class='ocrx_word' id='word_1_806' title='bbox 3495 4959 3880 5030; x_wconf 85' lang='grc' dir='ltr'>τετιμημένον,</span> 
     </span>
    </p>
   </div>
   <div class='ocr_carea' id='block_1_106' title="bbox 619 5042 2315 5132">
    <p class='ocr_par' dir='ltr' id='par_1_106' title="bbox 619 5042 2315 5132">
     <span class='ocr_line' id='line_1_106' title="bbox 619 5042 2315 5132; baseline 0.01 -33"><span class='ocrx_word' id='word_1_807' title='bbox 619 5042 806 5111; x_wconf 88' lang='lat' dir='ltr'><strong>Israel,</strong></span> <span class='ocrx_word' id='word_1_808' title='bbox 848 5045 1027 5132; x_wconf 79' lang='lat' dir='ltr'><strong>dimisi</strong></span> <span class='ocrx_word' id='word_1_809' title='bbox 1066 5064 1219 5114; x_wconf 89' lang='lat' dir='ltr'><strong>eam.</strong></span> <span class='ocrx_word' id='word_1_810' title='bbox 1263 5062 1317 5132; x_wconf 81' lang='lat' dir='ltr'><strong>et</strong></span> <span class='ocrx_word' id='word_1_811' title='bbox 1366 5054 1490 5109; x_wconf 86' lang='lat' dir='ltr'><strong>dedi</strong></span> <span class='ocrx_word' id='word_1_812' title='bbox 1529 5057 1578 5111; x_wconf 92' lang='lat' dir='ltr'><strong>ei</strong></span> <span class='ocrx_word' id='word_1_813' title='bbox 1618 5057 1859 5114; x_wconf 90' lang='lat' dir='ltr'><strong>libellum</strong></span> <span class='ocrx_word' id='word_1_814' title='bbox 1896 5063 2107 5132; x_wconf 76' lang='lat' dir='ltr'><strong>repudii</strong></span> <span class='ocrx_word' id='word_1_815' title='bbox 2145 5064 2198 5118; x_wconf 88' lang='lat' dir='ltr'><strong>in</strong></span> <span class='ocrx_word' id='word_1_816' title='bbox 2301 5045 2315 5116; x_wconf 79' lang='lat' dir='ltr'><strong>t</strong></span> 
     </span>
    </p>
   </div>
   <div class='ocr_carea' id='block_1_107' title="bbox 2187 5042 3883 5132">
    <p class='ocr_par' dir='ltr' id='par_1_107' title="bbox 2187 5045 3883 5121">
     <span class='ocr_line' id='line_1_107' title="bbox 2187 5045 3883 5121; baseline 0.002 -21"><span class='ocrx_word' id='word_1_817' title='bbox 2187 5080 2198 5118; x_wconf 68' lang='grc' dir='ltr'>ι</span> <span class='ocrx_word' id='word_1_818' title='bbox 2301 5045 2514 5116; x_wconf 81' lang='grc' dir='ltr'>βλέπων</span> <span class='ocrx_word' id='word_1_819' title='bbox 2556 5046 2649 5101; x_wconf 86' lang='grc' dir='ltr'>τὸν</span> <span class='ocrx_word' id='word_1_820' title='bbox 2688 5048 2856 5120; x_wconf 83' lang='grc' dir='ltr'>ἀγενῆ</span> <span class='ocrx_word' id='word_1_821' title='bbox 2898 5048 3355 5120; x_wconf 87' lang='grc' dir='ltr'>προσεληλυθότα.</span> <span class='ocrx_word' id='word_1_822' title='bbox 3400 5050 3463 5103; x_wconf 83' lang='grc' dir='ltr'><strong>Εἰ</strong></span> <span class='ocrx_word' id='word_1_823' title='bbox 3506 5050 3609 5121; x_wconf 77' lang='grc' dir='ltr'><strong>ἢδη</strong></span> <span class='ocrx_word' id='word_1_824' title='bbox 3645 5050 3883 5110; x_wconf 79' lang='grc' dir='ltr'>τοσαῦτα</span> 
     </span>
    </p>
   </div>
   <div class='ocr_carea' id='block_1_108' title="bbox 626 5124 2322 5211">
    <p class='ocr_par' dir='ltr' id='par_1_108' title="bbox 626 5124 2322 5206">
     <span class='ocr_line' id='line_1_108' title="bbox 626 5124 2322 5206; baseline 0.017 -31"><span class='ocrx_word' id='word_1_825' title='bbox 626 5135 827 5180; x_wconf 75' lang='lat' dir='ltr'><strong>manus</strong></span> <span class='ocrx_word' id='word_1_826' title='bbox 857 5124 998 5195; x_wconf 88' lang='lat' dir='ltr'><strong>ejus,</strong></span> <span class='ocrx_word' id='word_1_827' title='bbox 1032 5135 1090 5182; x_wconf 88' lang='lat' dir='ltr'><strong>et</strong></span> <span class='ocrx_word' id='word_1_828' title='bbox 1114 5143 1222 5184; x_wconf 84' lang='lat' dir='ltr'><strong>non</strong></span> <span class='ocrx_word' id='word_1_829' title='bbox 1252 5129 1434 5188; x_wconf 88' lang='lat' dir='ltr'><strong>timuit</strong></span> <span class='ocrx_word' id='word_1_830' title='bbox 1471 5138 1877 5206; x_wconf 72' lang='lat' dir='ltr'><strong>prtevarieatrix</strong></span> <span class='ocrx_word' id='word_1_831' title='bbox 1912 5124 2050 5199; x_wconf 69' lang='lat' dir='ltr'><strong>Iuda</strong></span> <span class='ocrx_word' id='word_1_832' title='bbox 2080 5144 2195 5202; x_wconf 71' lang='lat' dir='ltr'><strong>haec</strong></span> <span class='ocrx_word' id='word_1_833' title='bbox 2298 5138 2322 5191; x_wconf 74' lang='grc' dir='ltr'>ὲ</span> 
     </span>
    </p>
   </div>
   <div class='ocr_carea' id='block_1_109' title="bbox 2183 5124 3879 5211">
    <p class='ocr_par' dir='ltr' id='par_1_109' title="bbox 2183 5138 3879 5211">
     <span class='ocr_line' id='line_1_109' title="bbox 2183 5138 3879 5211; baseline 0.001 -21"><span class='ocrx_word' id='word_1_834' title='bbox 2183 5165 2195 5201; x_wconf 62' lang='grc' dir='ltr'>ι</span> <span class='ocrx_word' id='word_1_835' title='bbox 2298 5138 2496 5192; x_wconf 76' lang='grc' dir='ltr'>ἐκεῖνοι</span> <span class='ocrx_word' id='word_1_836' title='bbox 2542 5138 2862 5204; x_wconf 82' lang='grc' dir='ltr'>πεπόνθασι,</span> <span class='ocrx_word' id='word_1_837' title='bbox 2904 5140 3054 5211; x_wconf 76' lang='grc' dir='ltr'>πόσῳ</span> <span class='ocrx_word' id='word_1_838' title='bbox 3096 5139 3275 5205; x_wconf 90' lang='grc' dir='ltr'>πλέον,</span> <span class='ocrx_word' id='word_1_839' title='bbox 3312 5139 3407 5194; x_wconf 76' lang='grc' dir='ltr'><strong>ἐὰν</strong></span> <span class='ocrx_word' id='word_1_840' title='bbox 3454 5140 3879 5211; x_wconf 81' lang='grc' dir='ltr'>ἁμαρτάνωμεν,</span> 
     </span>
    </p>
   </div>
   <div class='ocr_carea' id='block_1_110' title="bbox 622 5212 2318 5303">
    <p class='ocr_par' dir='ltr' id='par_1_110' title="bbox 622 5212 2318 5301">
     <span class='ocr_line' id='line_1_110' title="bbox 622 5212 2318 5301; baseline 0.018 -35"><span class='ocrx_word' id='word_1_841' title='bbox 622 5227 746 5282; x_wconf 71' lang='lat' dir='ltr'><strong>quae</strong></span> <span class='ocrx_word' id='word_1_842' title='bbox 770 5212 897 5272; x_wconf 65' lang='lat' dir='ltr'><strong>fecit</strong></span> <span class='ocrx_word' id='word_1_843' title='bbox 924 5217 1190 5276; x_wconf 77' lang='lat' dir='ltr'><strong>habitatio</strong></span> <span class='ocrx_word' id='word_1_844' title='bbox 1216 5221 1405 5290; x_wconf 82' lang='lat' dir='ltr'><strong>lsrael,</strong></span> <span class='ocrx_word' id='word_1_845' title='bbox 1437 5229 1565 5297; x_wconf 85' lang='lat' dir='ltr'><strong>quia</strong></span> <span class='ocrx_word' id='word_1_846' title='bbox 1595 5229 1779 5288; x_wconf 84' lang='lat' dir='ltr'><strong>dimisi</strong></span> <span class='ocrx_word' id='word_1_847' title='bbox 1812 5248 1958 5301; x_wconf 89' lang='lat' dir='ltr'><strong>eam,</strong></span> <span class='ocrx_word' id='word_1_848' title='bbox 1985 5245 2041 5292; x_wconf 89' lang='lat' dir='ltr'><strong>et</strong></span> <span class='ocrx_word' id='word_1_849' title='bbox 2067 5237 2191 5294; x_wconf 88' lang='lat' dir='ltr'><strong>dedi</strong></span> <span class='ocrx_word' id='word_1_850' title='bbox 2301 5231 2318 5282; x_wconf 68' lang='grc' dir='ltr'>’ί</span> 
     </span>
    </p>
   </div>
   <div class='ocr_carea' id='block_1_111' title="bbox 2184 5212 3880 5303">
    <p class='ocr_par' dir='ltr' id='par_1_111' title="bbox 2184 5225 3880 5303">
     <span class='ocr_line' id='line_1_111' title="bbox 2184 5225 3880 5303; baseline 0.001 -20"><span class='ocrx_word' id='word_1_851' title='bbox 2184 5238 2191 5293; x_wconf 79' lang='grc' dir='ltr'><strong>ί</strong></span> <span class='ocrx_word' id='word_1_852' title='bbox 2301 5231 2462 5299; x_wconf 80' lang='grc' dir='ltr'>ἡμεῖς</span> <span class='ocrx_word' id='word_1_853' title='bbox 2492 5226 3237 5302; x_wconf 74' lang='grc' dir='ltr'>έγκαταλειφθησόμεθαςἘν</span> <span class='ocrx_word' id='word_1_854' title='bbox 3269 5225 3349 5294; x_wconf 74' lang='grc' dir='ltr'>οἷς</span> <span class='ocrx_word' id='word_1_855' title='bbox 3381 5231 3640 5302; x_wconf 80' lang='grc' dir='ltr'>έμοιχᾶτο</span> <span class='ocrx_word' id='word_1_856' title='bbox 3695 5232 3729 5303; x_wconf 91' lang='grc' dir='ltr'><strong>ἡ</strong></span> <span class='ocrx_word' id='word_1_857' title='bbox 3778 5247 3880 5284; x_wconf 86' lang='grc' dir='ltr'>κα-</span> 
     </span>
    </p>
   </div>
   <div class='ocr_carea' id='block_1_112' title="bbox 620 5305 2316 5394">
    <p class='ocr_par' dir='ltr' id='par_1_112' title="bbox 620 5305 2316 5393">
     <span class='ocr_line' id='line_1_112' title="bbox 620 5305 2316 5393; baseline 0.017 -35"><span class='ocrx_word' id='word_1_858' title='bbox 620 5305 672 5358; x_wconf 91' lang='lat' dir='ltr'><strong>ei</strong></span> <span class='ocrx_word' id='word_1_859' title='bbox 700 5306 939 5363; x_wconf 89' lang='lat' dir='ltr'><strong>libellum</strong></span> <span class='ocrx_word' id='word_1_860' title='bbox 969 5312 1212 5380; x_wconf 86' lang='lat' dir='ltr'><strong>repudii;</strong></span> <span class='ocrx_word' id='word_1_861' title='bbox 1251 5332 1349 5372; x_wconf 87' lang='lat' dir='ltr'><strong>nec</strong></span> <span class='ocrx_word' id='word_1_862' title='bbox 1382 5318 1561 5374; x_wconf 80' lang='lat' dir='ltr'><strong>tinmit</strong></span> <span class='ocrx_word' id='word_1_863' title='bbox 1596 5327 1997 5390; x_wconf 66' lang='lat' dir='ltr'><strong>prsevaricatrix</strong></span> <span class='ocrx_word' id='word_1_864' title='bbox 2022 5327 2184 5393; x_wconf 84' lang='lat' dir='ltr'><strong>Juda,</strong></span> <span class='ocrx_word' id='word_1_865' title='bbox 2304 5338 2316 5354; x_wconf 87' lang='lat'><strong><em>‘</em></strong></span> 
     </span>
    </p>
   </div>
   <div class='ocr_carea' id='block_1_113' title="bbox 2185 5305 3881 5394">
    <p class='ocr_par' dir='ltr' id='par_1_113' title="bbox 2304 5318 3881 5394">
     <span class='ocr_line' id='line_1_113' title="bbox 2304 5318 3881 5394; baseline 0.001 -20"><span class='ocrx_word' id='word_1_866' title='bbox 2304 5322 2483 5374; x_wconf 86' lang='grc' dir='ltr'>τοικία</span> <span class='ocrx_word' id='word_1_867' title='bbox 2520 5321 2613 5375; x_wconf 80' lang='grc' dir='ltr'>τοῦ</span> <span class='ocrx_word' id='word_1_868' title='bbox 2659 5323 2894 5394; x_wconf 81' lang='grc' dir='ltr'>Ἰσραὴλ,</span> <span class='ocrx_word' id='word_1_869' title='bbox 2931 5323 3288 5390; x_wconf 75' lang='grc' dir='ltr'>ὲξαπέστειλα</span> <span class='ocrx_word' id='word_1_870' title='bbox 3331 5318 3521 5393; x_wconf 70' lang='grc' dir='ltr'>αὐτὴν,</span> <span class='ocrx_word' id='word_1_871' title='bbox 3562 5321 3657 5375; x_wconf 79' lang='grc' dir='ltr'>καὶ</span> <span class='ocrx_word' id='word_1_872' title='bbox 3703 5321 3881 5377; x_wconf 74' lang='grc' dir='ltr'>ἔδωκα</span> 
     </span>
    </p>
   </div>
   <div class='ocr_carea' id='block_1_114' title="bbox 619 5397 2315 5486">
    <p class='ocr_par' dir='ltr' id='par_1_114' title="bbox 619 5397 2315 5478">
     <span class='ocr_line' id='line_1_114' title="bbox 619 5397 2315 5478; baseline 0.018 -30"><span class='ocrx_word' id='word_1_873' title='bbox 619 5402 681 5449; x_wconf 92' lang='lat' dir='ltr'><strong>ut</strong></span> <span class='ocrx_word' id='word_1_874' title='bbox 706 5411 773 5452; x_wconf 88' lang='lat' dir='ltr'><strong>ne</strong></span> <span class='ocrx_word' id='word_1_875' title='bbox 802 5397 919 5468; x_wconf 86' lang='lat' dir='ltr'><strong>ipsa</strong></span> <span class='ocrx_word' id='word_1_876' title='bbox 962 5412 1184 5471; x_wconf 87' lang='lat' dir='ltr'><strong>propter</strong></span> <span class='ocrx_word' id='word_1_877' title='bbox 1230 5415 1449 5473; x_wconf 65' lang='lat' dir='ltr'><strong>peccata</strong></span> <span class='ocrx_word' id='word_1_878' title='bbox 1477 5425 1598 5478; x_wconf 85' lang='lat' dir='ltr'><strong>sua,</strong></span> <span class='ocrx_word' id='word_1_879' title='bbox 1636 5413 1833 5470; x_wconf 91' lang='lat' dir='ltr'><strong>similia</strong></span> <span class='ocrx_word' id='word_1_880' title='bbox 1865 5419 2179 5476; x_wconf 89' lang='lat' dir='ltr'><strong>sustineret.</strong></span> <span class='ocrx_word' id='word_1_881' title='bbox 2306 5431 2315 5466; x_wconf 70' lang='grc' dir='ltr'><strong>ε</strong></span> 
     </span>
    </p>
   </div>
   <div class='ocr_carea' id='block_1_115' title="bbox 2214 5397 3910 5486">
    <p class='ocr_par' dir='ltr' id='par_1_115' title="bbox 2306 5412 3910 5486">
     <span class='ocr_line' id='line_1_115' title="bbox 2306 5412 3910 5486; baseline -0.001 -21"><span class='ocrx_word' id='word_1_882' title='bbox 2306 5413 2444 5484; x_wconf 78' lang='grc' dir='ltr'>αὐτῇ</span> <span class='ocrx_word' id='word_1_883' title='bbox 2488 5412 2690 5483; x_wconf 88' lang='grc' dir='ltr'>βιϐλίον</span> <span class='ocrx_word' id='word_1_884' title='bbox 2720 5414 3048 5469; x_wconf 83' lang='grc' dir='ltr'>ἀποστασίου</span> <span class='ocrx_word' id='word_1_885' title='bbox 3078 5416 3157 5475; x_wconf 84' lang='grc' dir='ltr'><strong>εἰς</strong></span> <span class='ocrx_word' id='word_1_886' title='bbox 3184 5413 3283 5478; x_wconf 76' lang='grc' dir='ltr'><strong>τὰς</strong></span> <span class='ocrx_word' id='word_1_887' title='bbox 3321 5416 3510 5485; x_wconf 85' lang='grc' dir='ltr'>χεῖρας</span> <span class='ocrx_word' id='word_1_888' title='bbox 3541 5412 3738 5486; x_wconf 59' lang='lat' dir='ltr'><strong>diariis“</strong></span> <span class='ocrx_word' id='word_1_889' title='bbox 3784 5412 3910 5469; x_wconf 68' lang='lat' dir='ltr'><strong>mi‘</strong></span> 
     </span>
    </p>
   </div>
   <div class='ocr_carea' id='block_1_116' title="bbox 614 5486 2310 5577">
    <p class='ocr_par' dir='ltr' id='par_1_116' title="bbox 614 5486 2310 5571">
     <span class='ocr_line' id='line_1_116' title="bbox 614 5486 2310 5571; baseline 0.015 -29"><span class='ocrx_word' id='word_1_890' title='bbox 614 5486 674 5543; x_wconf 87' lang='lat' dir='ltr'><strong>Si</strong></span> <span class='ocrx_word' id='word_1_891' title='bbox 712 5486 840 5560; x_wconf 80' lang='lat' dir='ltr'><strong>quis</strong></span> <span class='ocrx_word' id='word_1_892' title='bbox 865 5504 1034 5559; x_wconf 89' lang='lat' dir='ltr'><strong>nuper</strong></span> <span class='ocrx_word' id='word_1_893' title='bbox 1073 5502 1289 5563; x_wconf 89' lang='lat' dir='ltr'><strong>emptus</strong></span> <span class='ocrx_word' id='word_1_894' title='bbox 1327 5495 1547 5553; x_wconf 84' lang='lat' dir='ltr'><strong>domum</strong></span> <span class='ocrx_word' id='word_1_895' title='bbox 1588 5505 1848 5571; x_wconf 84' lang='lat' dir='ltr'><strong>emptoris</strong></span> <span class='ocrx_word' id='word_1_896' title='bbox 1887 5516 1938 5561; x_wconf 87' lang='lat' dir='ltr'><strong>et</strong></span> <span class='ocrx_word' id='word_1_897' title='bbox 1973 5508 2181 5566; x_wconf 74' lang='lat' dir='ltr'><strong>doniim</strong></span> <span class='ocrx_word' id='word_1_898' title='bbox 2306 5526 2310 5547; x_wconf 65' lang='grc' dir='ltr'><strong>ε</strong></span> 
     </span>
    </p>
   </div>
   <div class='ocr_carea' id='block_1_117' title="bbox 2180 5486 3876 5577">
    <p class='ocr_par' dir='ltr' id='par_1_117' title="bbox 2180 5503 3876 5577">
     <span class='ocr_line' id='line_1_117' title="bbox 2180 5503 3876 5577; baseline -0.008 -13"><span class='ocrx_word' id='word_1_899' title='bbox 2180 5560 2181 5564; x_wconf 45' lang='grc' dir='ltr'><strong>η</strong></span> <span class='ocrx_word' id='word_1_900' title='bbox 2306 5504 2405 5557; x_wconf 77' lang='grc' dir='ltr'>οὐκ</span> <span class='ocrx_word' id='word_1_901' title='bbox 2437 5504 2676 5576; x_wconf 76' lang='grc' dir='ltr'>ἐφοϐήθη</span> <span class='ocrx_word' id='word_1_902' title='bbox 2711 5505 2744 5574; x_wconf 80' lang='grc' dir='ltr'><strong>ἡ</strong></span> <span class='ocrx_word' id='word_1_903' title='bbox 2776 5504 3064 5568; x_wconf 77' lang='grc' dir='ltr'>ἁσύνθετος</span> <span class='ocrx_word' id='word_1_904' title='bbox 3087 5503 3256 5558; x_wconf 87' lang='grc' dir='ltr'>Ἰούδα</span> <span class='ocrx_word' id='word_1_905' title='bbox 3280 5504 3316 5559; x_wconf 82' lang='grc' dir='ltr'>ἂ</span> <span class='ocrx_word' id='word_1_906' title='bbox 3346 5505 3619 5577; x_wconf 73' lang='grc' dir='ltr'>πεποίηκα</span> <span class='ocrx_word' id='word_1_907' title='bbox 3664 5505 3738 5573; x_wconf 73' lang='grc' dir='ltr'><strong>τῇ</strong></span> <span class='ocrx_word' id='word_1_908' title='bbox 3773 5514 3876 5553; x_wconf 85' lang='grc' dir='ltr'>κα-</span> 
     </span>
    </p>
   </div>
   <div class='ocr_carea' id='block_1_118' title="bbox 604 5653 2188 5753">
    <p class='ocr_par' dir='ltr' id='par_1_118' title="bbox 604 5653 2188 5753">
     <span class='ocr_line' id='line_1_118' title="bbox 604 5653 2188 5753; baseline 0.028 -48"><span class='ocrx_word' id='word_1_909' title='bbox 604 5744 605 5747; x_wconf 9' lang='grc' dir='ltr'><strong>Ὶ</strong></span> <span class='ocrx_word' id='word_1_910' title='bbox 667 5653 711 5690; x_wconf 75' lang='grc' dir='ltr'><strong><em>η</em></strong></span> <span class='ocrx_word' id='word_1_911' title='bbox 734 5656 891 5715; x_wconf 88' lang='lat' dir='ltr'><strong>Deut.</strong></span> <span class='ocrx_word' id='word_1_912' title='bbox 911 5672 1127 5731; x_wconf 44' lang='grc' dir='ltr'>ωλι.</span> <span class='ocrx_word' id='word_1_913' title='bbox 1206 5676 1249 5707; x_wconf 83' lang='grc'><strong>⁷⁷</strong></span> <span class='ocrx_word' id='word_1_914' title='bbox 1276 5672 1433 5731; x_wconf 83' lang='lat' dir='ltr'><strong>Joan.</strong></span> <span class='ocrx_word' id='word_1_915' title='bbox 1461 5694 1578 5747; x_wconf 72' lang='lat' dir='ltr'><strong>vni,</strong></span> <span class='ocrx_word' id='word_1_916' title='bbox 1611 5682 1701 5739; x_wconf 84' lang='lat'><strong>&#39;59.</strong></span> <span class='ocrx_word' id='word_1_917' title='bbox 1777 5686 1823 5718; x_wconf 78' lang='grc'><strong>’⁷⁸</strong></span> <span class='ocrx_word' id='word_1_918' title='bbox 1846 5686 1978 5743; x_wconf 86' lang='lat' dir='ltr'><strong>Luc.</strong></span> <span class='ocrx_word' id='word_1_919' title='bbox 2019 5704 2100 5753; x_wconf 79' lang='lat' dir='ltr'><strong>In,</strong></span> <span class='ocrx_word' id='word_1_920' title='bbox 2136 5692 2188 5749; x_wconf 88' lang='lat'><strong>8.</strong></span> 
     </span>
    </p>
   </div>
  </div>
