4296 6288
405 239 513 298 293

1599 245 1666 300 IN
1702 245 2045 302 JEREMIAM
2090 247 2370 306 HOMILIA
2410 252 2499 310 IV.

3568 276 3674 334 ⁸296

401 351 587 425 τοικίᾳ
629 352 708 423 (ι)
756 353 852 409 τοῦ
895 356 1130 430 Ἰσραὴλ,
1163 360 1247 414 ὅτι
1286 357 1643 427 ἐξαπέστειλα
1673 361 1864 434 αὐτὴν,
1899 362 1992 417 καὶ
2019 366 2066 424 Α
2094 410 2097 417 λ

1968 362 1992 415 .l.
2019 366 2066 424 Α
2094 364 2263 419 fuerit
2301 366 2602 436 ingressus,
2650 371 2960 429 sciscitatur
2997 377 3066 432 ab
3086 379 3269 452 aliquo
3301 399 3591 456 conservo,
3619 391 3664 444 si

409 445 596 501 ἔδωκα
615 445 747 520 αὐτῇ
776 445 976 516 βιϐλίον
1003 450 1334 505 ἀποστασίου
1351 468 1365 482 ·
1397 451 1498 505 οὐκ
1528 453 1765 526 ἐφοϐήθη
1791 457 1854 508 ἐκ
1881 455 1990 549 τῷν
2091 472 2105 510 (

1800 457 1854 508 ὲκ
1881 455 1990 509 τῶν
2091 457 2216 525 quis
2245 458 2312 512 de
2347 460 2625 528 prioribus
2659 466 2830 520 servis
2872 467 3155 528 offenderit
3190 477 3496 549 dominum,

3535 488 3669 555 quid

413 535 646 601 ἐκείνοις
679 539 1075 611 γεγενημένων.
1117 541 1348 612 Εἰσῆλθέ
1370 560 1454 606 τις
1481 545 1560 607 εἰς
1584 543 1759 599 οἰκίαν
1787 547 1992 599 οἰκοδε-
2089 560 2109 614 ι

1971 576 1992 587 -
2089 550 2450 614 promeruerit
2494 567 2507 604 :
2547 562 2600 605 et
2638 553 2681 608 si
2710 554 2943 612 voluerit
2971 559 3023 612 in
3053 561 3216 618 domo
3246 567 3452 625 domini
3477 535 3667 643 poiso-

419 628 633 683 σπότουυ
661 628 924 700 νεώνητός
952 633 1082 686 ἐστι’
1122 634 1448 688 πυνθάνεταί
1473 653 1594 689 τινα
1621 637 1898 714 προτέρων
1921 641 1990 692 οἰ-

417 719 600 784 κετῶν,
645 719 714 772 ἂν
745 721 773 773 6
817 723 1204 792 οἰκοδεσπότης
1234 724 1387 788 τινὰς
1416 727 1650 797 ἠτίμασε
1696 728 1804 781 τῶν
1844 731 1988 781 οἰκε-

412 807 537 869 τῶν,
565 808 658 860 καὶ
682 808 770 861 διὰ
802 810 855 862 τί
874 827 889 873 ;
925 814 1282 884 κατανοήσας,
1321 815 1368 866 εἰ
1404 813 1804 884 βούλεταιεῖναι
1838 818 1894 869 ἐν
1919 819 1983 888 τῇ

408 898 545 969 οἰκίᾳ
570 899 664 952 τοῦ
702 901 1100 967 οἰκοδεσπότου,
1133 904 1497 972 φυλάσσεσθαι
1535 905 1610 978 (2)
1645 907 1855 972 τούτοις
1891 925 1986 960 πε-

402 993 643 1061 ριπεσεῖν
675 990 712 1044 ἃ
742 994 1099 1064 πεποιήκασιν
1123 998 1170 1047 οἰ
1194 997 1448 1068 πρότεροι
1471 997 1666 1062 δοῦλοι,
1693 1000 1786 1052 καὶ
1813 1001 1988 1070 ἡμαρ-

397 1080 646 1152 τηκότες,
695 1084 790 1136 καὶ
832 1084 1239 1156 ἐκϐεϐλημένοι,
1289 1088 1382 1142 καὶ
1430 1089 1652 1142 κολάσει
1694 1091 1985 1161 παραδεδο-

399 1171 570 1241 μένοι.
600 1169 736 1226 Εἶτα
767 1173 953 1243 μαθὼν
981 1175 1101 1229 τίνα
1138 1179 1494 1249 πεποιηκέναι
1531 1178 1606 1250 (5)
1636 1179 1682 1233 οἱ
1729 1181 1981 1253 πρότεροι

393 1262 570 1317 δοῦλοι
590 1264 686 1317 καὶ
706 1263 1146 1336 εύδοκιμηκότες,
1165 1271 1258 1323 καί
1278 1271 1370 1323 ἐπ).
1389 1274 1652 1333 ποταποῖς
1672 1271 1981 1344 ἐλευθερίας

392 1360 747 1427 τετυχήκασι,
783 1358 935 1430 ζηλοί
962 1360 1221 1423 ἐκείνους.
1258 1363 1366 1414 Καὶ
1405 1363 1561 1432 ἡμεῖς
1604 1362 1660 1415 δέ
1697 1365 1796 1416 οὐκ
1837 1360 1979 1435 ἦμεν

388 1446 570 1500 δοῦλοι
603 1449 695 1501 τοῦ
725 1449 880 1513 Θεοῦ,
929 1449 1063 1503 ἀλλὰ
1108 1451 1342 1505 εἰδώλων
1376 1454 1468 1505 καὶ
1504 1454 1792 1522 δαιμόνων,
1831 1455 1977 1508 ἐθνι-

392 1537 500 1600 κοὶ,
537 1536 664 1605 χθὲς
695 1537 787 1589 καὶ
820 1535 1009 1607 πρώην
1043 1538 1522 1609 προσεληλύθαμεν
1551 1538 1626 1610 τῷ
1645 1539 1786 1613 Θεῷ.
1816 1542 1972 1596 Ἀνα-

393 1627 729 1696 γινὼσκομεν
766 1627 841 1696 (4)
870 1627 968 1698 τὴν
1000 1627 1247 1699 Γραφήν.
1279 1625 1507 1700 Ἵδωμεν
1546 1631 1630 1694 τίς
1660 1631 1968 1703 ἐδικαιώθη,

2000 1699 2044 1754 Β

2089 652 2295 705 verare,
2329 649 2482 694 cavet
2515 658 2576 697 ea
2605 644 2803 713 facere,
2830 663 2950 717 qua:
2975 665 3070 707 eos
3099 651 3293 712 fecisse
3323 663 3547 732 audivit,
3570 661 3664 739 qui

2085 729 2404 786 verberibus
2445 743 2499 787 et
2542 740 2844 804 tormentis,
2879 751 2932 795 et
2960 745 3291 814 relegatione
3323 751 3470 822 digni
3495 729 3666 815 eisii-

2086 828 2290 875 terunt.
2342 821 2546 880 Deinde
2594 828 3011 899 diligentissime
3045 835 3331 907 inquirens
3367 821 3495 913 quid
3525 851 3665 906 lece-

2088 921 2214 965 runt
2248 913 2324 966 illi
2353 915 2445 983 qui
2480 915 2783 974 libertatem
2817 939 2846 976 a
2875 923 3098 980 domino
3139 944 3480 1000 meruerunt,
3517 942 3666 998 onmi

2083 1001 2271 1057 labore
2303 1005 2495 1060 nititur
2519 1017 2659 1063 utea
2692 1010 2856 1068 faciat
2885 1031 3005 1085 qua:
3034 1035 3130 1074 eos
3165 1019 3359 1079 fecisse
3387 1032 3660 1099 cognovit.

2084 1091 2149 1145 Et
2197 1109 2298 1148 nos
2344 1095 2527 1166 itaque
2567 1101 2660 1168 qui
2697 1118 2803 1156 non
2838 1119 3057 1164 eramus
3089 1113 3228 1166 servi
3271 1114 3522 1186 Domini,
3568 1122 3662 1176 sed

2082 1185 2377 1255 idolorum,
2410 1199 2464 1244 et
2494 1190 2824 1263 daemonum,
2855 1209 2908 1254 et
2939 1210 3125 1270 postea
3157 1220 3222 1258 ex
3248 1209 3498 1275 gentibus
3529 1227 3658 1266 cou-

2079 1281 2286 1348 gregati
2319 1284 2650 1341 credidimus
2695 1287 2748 1341 in
2790 1290 3090 1360 Christum,
3140 1295 3383 1366 legamus
3416 1300 3656 1372 Scriptu-

2077 1385 2196 1440 ras;
2233 1372 2516 1430 videamus
2562 1379 2684 1447 quis
2735 1381 3067 1450 justiticatus
3096 1387 3184 1452 sit,
3221 1391 3345 1458 quis
3374 1391 3655 1448 offenderit

2081 1456 2276 1524 Deum,
2309 1469 2510 1518 etcum
2541 1469 2688 1522 omni
2721 1471 3102 1530 observatione
3124 1479 3364 1533 nitamur
3391 1497 3451 1534 ea
3477 1483 3658 1540 facere

2073 1561 2196 1614 qua:
2222 1549 2403 1618 justos
2435 1553 2666 1626 legimus
2702 1558 2918 1634 fecisse,
2945 1573 2997 1618 et
3030 1580 3322 1625 caveamus
3353 1573 3407 1625 in
3434 1573 3548 1628 lucc
3579 1576 3658 1628 in-

2073 1639 2252 1695 cidere
2288 1643 2341 1695 in
2390 1663 2512 1715 qua}
2547 1647 2853 1708 inciderunt
2892 1655 2947 1708 hi
2979 1659 3071 1727 qui
3119 1662 3296 1717 traditi
3322 1674 3451 1720 sunt
3483 1669 3656 1738 capti-

389 1719 472 1781 τίς
491 1718 872 1790 κατεδικάσθη·
895 1717 1260 1790 μιμησώμεθα
1281 1719 1406 1784 τοὺς
1425 1720 1828 1788 δικαιωθέντας,
1869 1741 1970 1792 φυ-
2000 1717 2044 1754 ³⁵
2073 1747 2085 1776 π

1386 1720 1828 1788 ςδικαιωθέντας,
1869 1741 1970 1792 φυ-
2000 1717 2044 1754 υ
2073 1731 2226 1787 vitali
2252 1744 2306 1789 et
2329 1735 2486 1806 ejecti
2520 1740 2587 1795 de
2623 1741 2938 1803 hmrcditate
2967 1717 3082 1805 net.

389 1809 714 1881 λασσώμεθα
742 1815 1057 1884 περιπεσεῖν
1082 1812 1307 1878 τούτοις,
1349 1809 1430 1877 οἷς
1464 1814 1886 1886 περιπέπτωκαν
1920 1819 1970 1871 οἰ

387 1901 941 1973 αἰχμαλωτευθέντες,
983 1905 1032 1957 oi.
1061 1902 1417 1973 ἐκϐληθέντες
1449 1904 1559 1958 ἀπὸ
1586 1904 1677 1958 τοῦ
1705 1905 1862 1959 Θεοῦ.

450 2017 562 2072 Καὶ
596 2019 710 2070 οὐκ
740 2016 1002 2085 ἐφοϐήθη
1033 2018 1069 2084 ἠ
1094 2017 1424 2082 ἀσύνθετος
1463 2017 1679 2083 Ἰούδα,
1706 2020 1804 2072 καὶ
1832 2021 1967 2074 ἐποο

2139 2011 2193 2065 6.
2236 2009 2307 2065 Et
2334 2030 2436 2069 non
2469 2018 2642 2072 timuit
2668 2025 3072 2090 prwvaricatrix
3099 2027 3265 2094 Iuda,
3300 2032 3390 2086 sed
3423 2036 3572 2102 abiit,
3601 2049 3649 2090 et

373 2107 562 2174 ρεύθη
597 2104 698 2159 καὶ
742 2105 1110 2171 ἐπόρνευσεν
1159 2103 1256 2157 καὶ
1295 2105 1468 2169 αὐτή.
1518 2103 1790 2196 Πρότερον
1838 2124 1970 2178 πορ-

1953 2137 1970 2148 .
2069 2101 2333 2168 fornicata
2357 2116 2432 2160 est
2463 2117 2511 2162 et
2541 2111 2674 2176 ipsa.
2707 2110 2839 2166 Post
2865 2113 3278 2174 fornicationem
3313 2122 3364 2176 in
3397 2140 3503 2193 qua
3538 2101 3649 2196 pri-

380 2197 672 2259 νεύσαντος
728 2195 822 2248 τοῦ
885 2194 1120 2266 Ἰσραὴλ,
1179 2195 1548 2266 πεπόρνευκεν
1602 2195 1828 2267 ὕστερον
1875 2198 1968 2252 καὶ
2068 2206 2076 2243 1

1951 2198 1968 2250 ἱ
2068 2206 2192 2246 mus
2231 2196 2439 2250 corruit
2470 2195 2659 2264 lsrael,
2707 2199 2977 2258 fornicata
3030 2217 3112 2263 cst
3157 2211 3318 2266 ctiam
3372 2194 3647 2272 JudadEt

393 2288 581 2342 Ἰούδα.
628 2288 740 2341 Καὶ
771 2286 1010 2356 ἐγένετο
1050 2289 1134 2352 εἰς
1172 2285 1354 2340 οὐδὲν
1399 2288 1437 2355 ἡ
1467 2287 1715 2356 πορνεία
1753 2289 1962 2359 αὐτῆς,

2066 2276 2215 2348 facta
2254 2290 2334 2336 est
2377 2284 2664 2351 fornicatia
2695 2291 2808 2361 ejus
2840 2294 2894 2347 in
2928 2296 3173 2366 nihilum,
3206 2311 3255 2355 et
3288 2307 3648 2363 moechabatur

379 2379 475 2432 καὶ
524 2377 843 2446 ἐμοίχευσε
886 2375 950 2430 τὸ
995 2375 1187 2440 ξύλον
1239 2375 1340 2430 καὶ
1390 2376 1497 2431 τὸν
1542 2379 1735 2432 λίθον.
1798 2380 1964 2437 Ὅταν
2064 2370 2075 2422 ί

1947 2399 1964 2437 ν
2064 2369 2119 2422 in
2147 2370 2290 2439 ligno
2329 2381 2379 2428 et
2412 2374 2607 2446 lapide.
2665 2378 2894 2446 Quando
2943 2401 3230 2455 peccamus
3284 2393 3422 2450 duro
3454 2410 3643 2454 contra

375 2469 804 2541 ἀμαρτάνωμεν,
837 2467 989 2520 οὐδὲν
1021 2467 1148 2520 ἄλλο
1181 2466 1472 2538 ποιοῦμεν·
1510 2470 1603 2524 καὶ
1635 2469 1961 2544 λιθοκάρδιοι

1948 2492 1961 2526 ι
2061 2459 2232 2517 Deum
2265 2468 2451 2534 corde,
2487 2469 2620 2525 nihil
2667 2473 2813 2529 aliud
2856 2475 3113 2549 facimus,
3155 2484 3262 2539 nisi
3303 2502 3426 2541 cum
3467 2489 3644 2560 lapide

379 2559 651 2630 γινόμενοι
681 2557 1002 2630 μοιχεύομεν
1027 2557 1116 2611 τὸν
1142 2557 1308 2611 λίθον.
1337 2561 1500 2613 Ὅταν
1531 2561 1956 2634 άμαρτάνωμεν,

378 2651 468 2704 καὶ
493 2649 844 2721 πορνεύωμεν
875 2649 952 2720 (5)
978 2648 1234 2702 ὑποκάτω
1257 2649 1456 2713 παντὸς
1482 2650 1640 2717 ξύλου
1661 2651 1953 2721 ἀλσώδους,

2059 2553 2416 2612 fornicamur.
2435 2557 2663 2627 Quando
2677 2567 2729 2618 in
2748 2567 3028 2626 voluntate
3047 2572 3120 2644 (7)
3136 2579 3499 2649 peccavimus,
3515 2600 3646 2640 ma:-

2060 2646 2291 2706 cbamur
2309 2651 2503 2708 subtus
2521 2670 2682 2711 omne
2703 2657 2860 2731 147
2879 2663 3082 2731 lignum
3107 2646 3567 2730 nemorosum.vEt
3586 2679 3642 2732 in

371 2742 468 2795 καὶ
502 2744 660 2812 ἡμεῖς
691 2739 1014 2812 μοιχεύομεν
1046 2739 1106 2792 τὸ
1139 2738 1310 2804 ξύλον.
1340 2740 1449 2793 Kal
1475 2743 1584 2794 οὐκ
1603 2741 1953 2816 ἐπεστράφη

1943 2764 1953 2816 ι
2056 2737 2138 2790 his
2177 2740 2419 2795 omnibus
2454 2759 2554 2797 non
2599 2755 2678 2799 est
2720 2765 2968 2806 conversa
3011 2756 3082 2808 ad
3109 2773 3189 2812 me
3234 2765 3639 2831 pra'varicatria:

367 2835 521 2902 πρὸς
543 2837 624 2902 μὲ
644 2835 682 2901 ἢ
713 2834 1043 2899 ἀσύνθετος
1085 2832 1280 2887 Ἰούδα
1303 2832 1372 2898 ἐξ
1395 2833 1544 2901 ὅλης
1572 2833 1678 2902 τῆς
1705 2835 1954 2904 καρδίας
2052 2860 2063 2878 ι

1940 2858 1954 2901 π
2052 2823 2200 2881 Iuda
2241 2845 2305 2883 ea:
2343 2840 2451 2885 toto
2481 2835 2638 2889 corde
2681 2855 2812 2903 suo,
2861 2843 2953 2896 sed
2988 2845 3043 2898 in
3088 2823 3381 2908 mendacio.
3430 2857 3498 2910 Et
3535 2875 3636 2916 nos

363 2923 578 2992 αὐτῆς,
633 2925 769 2978 ἀλλ’
821 2923 920 2977 ἐπὶ
968 2923 1198 2992 ψεύδει.
1243 2925 1306 2977 Εἰ
1357 2925 1770 2997 ἐπεστρέψαμεν
1816 2928 1952 2999 πρὸς

2053 2923 2301 2976 conversi
2338 2939 2530 2980 sumus
2565 2928 2632 2982 ad
2664 2927 2981 3001 Dominum,
3013 2937 3106 2990 sed
3139 2941 3268 3010 quia
3292 2958 3399 2998 non
3429 2961 3494 3001 ex
3521 2957 3636 3005 toto

369 3016 458 3068 τὸν
491 3014 645 3076 Θεὸν,
691 3013 924 3078 ἐλλιπῶς
963 3014 1045 3079 δὲ,
1072 3013 1452 3085 ἐγκαλούμεθα
1491 3016 1568 3079 ὡς
1598 3016 1697 3069 οὐκ
1728 3016 1788 3082 ἐξ
1817 3019 1947 3089 ὅλης
1973 3041 2020 3104 c
2051 3025 2065 3063 t

1940 3037 2020 3104 πο
2051 3011 2215 3066 corde
2253 3017 2530 3082 conversi,
2571 3018 2810 3075 dicitur:
2862 3022 2986 3079 Non
3029 3037 3107 3081 est
3149 3047 3399 3088 conversa
3440 3039 3510 3091 ad
3554 3056 3636 3095 me

367 3108 466 3177 ἰῆς
510 3107 735 3178 καρδίας
770 3106 1221 3177 ἐπιστρέψαντες
1259 3106 1337 3159 διὸ
1376 3107 1476 3160 οὐκ
1518 3105 1672 3160 εἴπεο
1713 3108 1809 3164 καὶ
1849 3110 1948 3164 οὐκ

2053 3108 2460 3174 praevaricari-ix
2503 3109 2649 3166 Iuda
2695 3129 2760 3167 ea:
2808 3124 2914 3169 toto
2947 3119 3101 3172 corde
3127 3134 3240 3176 suo.
3281 3121 3467 3194 Neque
3501 3144 3632 3185 vero

365 3195 746 3268 ἐπέστρεψενή
767 3194 1054 3259 ἁσύνθετος
1069 3195 1258 3258 Ἰούδα,
1278 3196 1372 3249 καὶ
1396 3195 1524 3268 ἔστη
1550 3195 1648 3268 (6),
1668 3196 1825 3263 ἀλλὰ,
1848 3200 1947 3254 καὶ
2052 3213 2061 3251 t

1935 3200 1947 3254 ι
2052 3198 2151 3261 ait,
2192 3214 2300 3254 non
2337 3210 2420 3258 est
2457 3217 2719 3260 conversa
2761 3207 2828 3261 ad
2859 3223 2946 3264 me
2974 3214 3372 3279 praevaricatrix
3404 3217 3544 3276 Juda
3576 3232 3631 3278 et

357 3288 475 3340 οὐκ
517 3283 864 3354 ἐπεστράφη
899 3285 1051 3352 πρὸς
1083 3287 1163 3353 μὲ
1187 3285 1225 3352 ἠ
1262 3284 1595 3380 ἀσύνθετος
1652 3287 1847 3380 ’ἰούδα
1877 3289 1948 3353 ἐξ
2049 3300 2053 3339 ι

1935 3291 1948 3351 ;'
2049 3288 2248 3356 tacuit;
2287 3291 2379 3345 sed
2411 3310 2424 3346 :
2455 3292 2577 3348 Non
2609 3305 2708 3364 est,
2752 3297 2952 3367 inquit,
3001 3317 3248 3358 conversa
3278 3308 3349 3360 ad
3383 3327 3462 3363 me
3491 3327 3631 3380 prm-

357 3376 512 3444 ὕλης
549 3375 660 3444 τῆς
701 3374 948 3443 καρδίας
985 3373 1195 3444 αὐτῆς,
1239 3375 1376 3429 ἀλλ’
1414 3375 1515 3429 ἐπὶ
1559 3377 1769 3444 ψεύδει
1810 3378 1947 3434 ἐπέ-
2046 3397 2053 3432 1

1932 3411 1947 3421 -
2046 3381 2341 3436 varicatrix
2365 3383 2512 3439 Juda
2541 3403 2606 3441 ea:
2635 3398 2743 3443 toto
2773 3392 2928 3445 corde
2956 3409 3072 3460 suo,
3112 3413 3288 3451 verum
3319 3401 3375 3454 in
3405 3405 3628 3458 menda-

354 3472 605 3536 στρεψε.
655 3468 718 3520 Ἡ
748 3465 841 3520 οὖν
874 3466 1090 3538 ἀληθῶς
1119 3468 1421 3538 ἐπιστροφή
1453 3470 1602 3522 ἐστιν
1632 3468 1941 3538 ἀναγνῶναι

356 3559 427 3613 τὰ
469 3558 697 3622 παλαιά,
748 3557 946 3612 εἰδέναι
984 3559 1109 3620 τοὺς
1152 3554 1562 3622 δικαιωθέντας,
1601 3559 1941 3630 μιμήσασθαι

357 3651 574 3714 αὐτοὺς,
630 3648 937 3717 ἀναγνῶναι
983 3649 1185 3712 ἐκεῖνα,
1236 3646 1361 3699 ἰδεῖν
1406 3646 1532 3710 τοὺς
1569 3647 1936 3718 μεμφθέντας,

355 3740 693 3814 φυλάξασθαι
723 3741 1039 3810 περιπεσεῖν
1069 3741 1189 3802 ταῖς
1223 3736 1494 3809 μέμψεσιν
1517 3736 1770 3801 ἐκείναις,
1807 3739 1938 3792 ἀνα-

352 3833 557 3902 γνῶναι
577 3833 644 3887 τὰ
677 3831 856 3902 βιϐλία
883 3831 982 3902 τῆς
1020 3830 1211 3901 καινῆς
1231 3830 1526 3902 Διαθήκης,
1561 3829 1670 3884 τῶν
1703 3833 1938 3885 ἁποστό⁴

350 3923 457 3980 λων
488 3927 618 3990 τοὺς
661 3924 872 3992 λόγους,
912 3922 1048 3993 μετὰ
1079 3921 1139 3974 τὸ
1183 3921 1488 3990 ἀναγνῶναι
1521 3922 1729 3992 γράψαι
1743 3922 1936 3984 ,ταῦτα

351 4021 528 4074 πάντα
563 4019 644 4081 εἰς
687 4015 784 4088 τὴν
834 4014 1079 4086 καρδίαν,
1138 4012 1330 4082 βιῶσαι
1367 4014 1485 4066 κατ’
1519 4013 1680 4077 αὐτὰ,
1717 4014 1804 4066 ἵνα
1858 4015 1932 4085 μὴ

348 4113 441 4168 καὶ
474 4113 606 4182 ἡμῖν
637 4108 762 4180 δοθῇ
799 4105 1002 4178 βιϐλίον
1035 4102 1389 4170 ἀποστασίου,
1437 4103 1573 4156 ἀλλὰ
1610 4101 1932 4175 δυνηθῶμεν

347 4205 507 4275 ἡμεῖς
540 4201 636 4254 ἐπὶ
665 4199 762 4271 τὴν
794 4194 1155 4268 κληρονομίαν
1183 4191 1280 4263 τὴν
1315 4192 1476 4260 ἁγίαν
1506 4190 1640 4260 μετὰ
1669 4189 1761 4243 τοῦ
1795 4192 1932 4263 πλη-

2046 3470 2164 3534 cio;
2199 3480 2260 3526 ut
2289 3475 2602 3530 ostenderet
2635 3494 2731 3533 eos
2763 3482 2854 3550 qui
2896 3494 3309 3557 convertuntur,
3342 3493 3387 3546 si
3420 3510 3528 3548 non
3558 3511 3627 3551 ex

2046 3568 2159 3615 toto
2190 3563 2354 3619 corde
2383 3578 2796 3636 convertuntur,
2834 3571 2885 3625 in
2922 3576 3226 3643 mendacio,
3261 3596 3370 3634 non
3405 3582 3455 3636 in
3485 3584 3627 3638 veri-

2042 3658 2154 3707 tate
2197 3657 2464 3710 converti.
2511 3657 2858 3732 Quaproptcr
2898 3666 3143 3737 legamus
3173 3667 3381 3726 Veteris
3425 3671 3624 3729 Testa-

2040 3749 2210 3803 menti
2243 3749 2505 3808 historias
2534 3763 2588 3808 et
2621 3757 2938 3827 preplietas,
2969 3769 3022 3814 ct
3049 3761 3092 3815 si
3127 3776 3267 3830 quos
3293 3762 3622 3829 justifieatos

2037 3838 2430 3910 invenerimus,
2481 3843 2760 3900 imitemur
2806 3864 2868 3902 ea
2909 3864 3005 3918 per
3050 3866 3173 3919 qua:
3217 3851 3294 3904 illi
3336 3853 3619 3920 iustificati

2036 3937 2199 3996 sunt;
2233 3930 2479 4001 legamus
2511 3932 2804 4004 Evangelia
2850 3947 2906 3990 et
2956 3952 3120 3992 omne
3173 3938 3384 3996 Novum
3426 3942 3619 3999 Testa-

2034 4029 2315 4084 mentum;
2364 4022 2607 4090 lcgamus
2647 4026 2880 4092 apostoli
2913 4025 3064 4081 Pauli
3097 4027 3366 4100 Epistolas
3399 4036 3618 4090 univer-

2033 4121 2144 4170 sas,
2172 4115 2226 4161 et
2248 4109 2556 4164 scribamus
2578 4111 2632 4164 in
2655 4113 2915 4170 cordibus
2940 4119 3164 4186 nostris,
3189 4123 3432 4178 viventes
3457 4125 3614 4192 juxta

2032 4205 2295 4265 prazcepta
2325 4197 2597 4266 ccelestia,
2628 4208 2685 4254 ut
2719 4216 2826 4256 non
2861 4204 3104 4260 tradatur
3132 4217 3186 4262 et
3217 4209 3374 4264 nobis
3397 4212 3613 4270 libellus

350 4291 600 4364 ρώματος
640 4289 747 4342 τῶν
788 4286 958 4340 ἐθνῶν
1004 4282 1288 4347 σωθέντος,
1342 4281 1541 4354 δυνηθῇ
1595 4281 1690 4335 καὶ
1738 4281 1858 4334 τότε
1900 4283 1930 4336 6
2030 4305 2046 4342 ι

1911 4283 1930 4336 5
2030 4289 2276 4359 repudii;
2335 4290 2429 4346 sed
2489 4292 2804 4352 cohan'edes
2854 4296 3157 4354 efﬁciamur
3208 4317 3335 4358 cum
3389 4303 3607 4361 Christo

358 4383 573 4454 Ἰσραὴλ
599 4379 857 4436 εἰσελθεῖν
875 4395 886 4406 ·
927 4396 944 4428 ι
985 4376 1077 4429 ἐὰν
1103 4373 1211 4446 γὰρ
1235 4373 1296 4426 τὸ
1325 4372 1601 4444 πλήρωμα
1623 4372 1732 4424 τῶν
1760 4371 1927 4426 ἐθνῶν
1959 4383 2002 4438 ι)
2029 4379 2054 4434 ,Ι

1911 4391 1927 4426 ι
1959 4383 2002 4438 D
2029 4379 2180 4446 Jesu,
2213 4390 2267 4436 et
2296 4382 2630 4452 plenitudine
2658 4389 2898 4456 gentium
2939 4387 3018 4460 (8)
3048 4389 3345 4448 Ecclesiam
3383 4395 3477 4450 Dei
3522 4397 3607 4451 in-

345 4477 576 4547 εἰσέλθῃ,
606 4473 726 4527 τότε
750 4472 856 4534 πᾶς
892 4467 1104 4540 Ἰσραὴλ
1132 4465 1456 4538 σωθήσεται,
1488 4465 1580 4518 καὶ
1606 4465 1922 4536 γενήσονται

349 4569 442 4641 μία
479 4535 704 4638 πόίμνη,
729 4565 822 4619 κα).
850 4557 929 4626 εἷς
961 4535 1184 4631 ποιμὴν,
1216 4577 1234 4610 ι
1260 4535 1525 4612 διδάσκων
1556 4535 1796 4621 δοξάζειν
1829 4558 1920 4611 τὸν

345 4658 756 4730 παντοκράτορα
791 4657 847 4708 ἐν
879 4652 1026 4724 αὐτῷ
1071 4651 1147 4722 τῷ
1175 4648 1396 4721 Χριστῷ
1431 4647 1628 4720 Ἰησοῦ,
1661 4641 1704 4716 ᾧ
1733 4650 1765 4719 ἡ
1794 4649 1919 4716 δόξα

343 4749 434 4801 καὶ
463 4747 524 4800 τὸ
562 4747 762 4818 κράτος
797 4745 874 4808 εἰς
905 4743 1030 4807 τοὺς
1063 4741 1262 4805 αἰῶνας
1293 4740 1401 4794 τῶν
1444 4739 1673 4795 αἰώνων.
1725 4739 1916 4811 Ἀμήν.

2031 4480 2301 4537 troeunte,
2340 4473 2674 4531 novissimus
2704 4478 2950 4535 salvetur
2977 4478 3163 4548 Israel,
3206 4484 3505 4538 secundum
3540 4487 3608 4540 ii—

2027 4562 2120 4617 lud
2145 4563 2422 4634 eloquium
2455 4582 2470 4618 :
2509 4565 2642 4620 Cum
2693 4577 2870 4624 autem
2917 4572 3189 4638 plenitudo
3240 4576 3472 4643 gentium
3521 4579 3606 4633 in-

2030 4653 2253 4718 troierit,
2287 4665 2409 4709 tunc
2461 4659 2628 4712 omnis
2667 4657 2842 4715 Israel
2888 4661 3066 4715 salvus
3111 4665 3234 4729 erit,
3264 4674 3314 4719 et
3343 4668 3432 4736 ﬁet
3464 4687 3600 4724 umis

2023 4760 2152 4813 grex
2188 4755 2238 4800 et
2273 4765 2407 4803 unus
2445 4761 2647 4820 pastor,
2685 4752 2888 4808 docens
2927 4755 2980 4806 in
3017 4769 3306 4813 commune
3336 4765 3597 4830 pepuiuut

345 4857 498 4897 suum
552 4840 899 4912 magniﬁcare
952 4838 1375 4906 omnipotentem
1428 4833 1721 4889 Dominum
1786 4849 1909 4889 cum
1951 4831 2169 4893 Christo
2206 4839 2357 4908 Jesu,
2399 4845 2490 4900 cui
2529 4854 2612 4900 est
2662 4845 2834 4915 gloria
2877 4856 2930 4901 et
2969 4847 3257 4919 imperium
3294 4851 3350 4906 in
3397 4857 3596 4910 sam-uia

339 4937 686 4996 saeculorum.
728 4939 914 4989 Amen.

405 5141 485 5211 (l)
526 5140 760 5211 Legebat
803 5135 1167 5206 Hieronymus
1199 5153 1214 5189 :
1243 5133 1543 5203 πεποίηκεν
1570 5134 1605 5204 ἠ
1634 5131 1904 5188 κατοικία.

402 5229 484 5298 (‘2)
522 5231 662 5303 Lege
691 5251 705 5286 :
737 5231 1090 5301 φυλάσσεται.

2089 5131 2166 5204 (6)
2204 5132 2442 5204 Legebat
2475 5129 2832 5204 Hieronymus
2856 5149 2868 5183 :
2891 5131 3132 5204 ἐσίγησε.

2079 5201 2160 5272 (7)
2202 5203 2333 5273 Mss.
2370 5203 2544 5273 Regii,
2575 5201 2879 5265 voluntate;
2904 5204 2997 5258 lib.
3031 5201 3184 5269 editi,
3207 5203 3490 5273 uoluptate.

2079 5271 2158 5343 (8)
2201 5271 2269 5354 [ξι
2290 5271 2618 5354 plenitudine
2652 5273 3059 5354 'QEIlffu.11‘l,_.elc.
3100 5274 3190 5330 Sic
3219 5271 3424 5354 habent
3453 5287 3587 5354 ιιξές.

403 5325 478 5393 (ὃ)
518 5323 825 5394 legendum
853 5341 866 5376 :
898 5321 978 5375 vel
1005 5319 1386 5390 πεποιήκασιν,
1416 5317 1498 5374 vel
1523 5316 1899 5388 πεποιηκότες.

404 5415 482 5486 (4)
523 5414 663 5485 Lege
695 5434 708 5471 :
743 5409 1225 5480 ἁναγινώσκωμεν.

404 5505 481 5574 (5)
521 5503 661 5577 Lege
698 5533 702 5537 -
742 5507 835 5562 καὶ
864 5505 1217 5578 πορνεύομεν.

2008 5342 2158 5412 Regii
2181 5361 2195 5408 ;
2231 5343 2354 5424 lilLri
2385 5357 2512 5424 vero
2537 5342 2765 5424 edi'l‘inet
2792 5343 3080 5424 uidebimus
3107 5344 3244 5414 quod
3261 5343 3591 5424 plenitudine

2008 5411 2242 5484 gentium
2276 5411 2566 5468 Ecclesium
2605 5411 2703 5466 Dei
2742 5415 3034 5467 introeunte
3065 5411 3127 5467 in
3155 5414 3452 5468 novissimis
3477 5413 3588 5467 sal-

2008 5491 2172 5550 retur,
2195 5490 2302 5537 etc.
