4296 6288
637 237 742 295 295

1218 377 1503 436 "031”sz
1541 379 1607 436 V.

1279 470 1338 527 In
1366 472 1513 528 istud
1545 491 1561 530 :

621 561 974 632 Reuertimini,
999 563 1123 634 ﬁlii,
1161 574 1494 628 revertentes.
1532 575 1583 621 et
1619 568 1821 623 sanabo
1856 570 2196 626 contritiones

651 649 853 688 vestras
878 636 957 702 ὀς
984 649 1156 705 usque
1178 636 1247 690 ad
1275 635 1443 690 illud:
1469 638 1740 708 Accingite
1765 655 1854 694 vos
1883 640 2074 695 ciliciis
2088 643 2158 697 ⁸ο.

688 815 738 869 1.
779 814 837 869 In
881 815 1110 872 Actibus
1166 818 1540 887 apostolorum
1601 800 1889 890 perspicue
1936 820 2189 892 legimus,

611 908 892 985 apostolos
922 909 1159 978 primum
1190 906 1601 983 in‘synagogam
1629 910 1948 968 Iudaeorum
1982 912 2192 983 ingres-

610 1015 722 1067 sos,
755 1001 839 1056 eis
881 1010 1143 1071 tanquam
1173 1005 1420 1074 cognatis
1460 1014 1682 1074 propter
1712 1004 2013 1069 Abraham,
2036 1003 2191 1060 Isaac

606 1103 661 1147 et
687 1090 885 1160 Jacob,
928 1095 1287 1151 annuntiasse
1328 1112 1452 1165 quae
1501 1096 1568 1151 ad
1612 1093 1741 1150 Jesu
1779 1094 1983 1151 Christi
2023 1097 2191 1166 perti-

606 1193 739 1239 nent
777 1185 1068 1241 adventum
1109 1202 1273 1242 :cum
1323 1194 1528 1251 autem,
1561 1186 1668 1241 illis
1713 1186 1856 1242 dicta
1897 1202 2006 1241 non
2047 1187 2187 1243 reci-

604 1275 1056 1345 pientibus,alios
1111 1285 1389 1346 oporteret
1431 1292 1551 1332 esse
1577 1278 1846 1342 dictorum
1879 1278 2183 1345 auditores,

604 1375 736 1422 tunc
760 1370 909 1421 omni
943 1385 972 1422 a
1004 1384 1064 1423 se
1094 1369 1252 1437 culpa
1287 1377 1493 1422 remota
1527 1368 1868 1438 reliquerunt
1889 1384 2017 1434 eos;
2043 1370 2182 1424 scri-

602 1466 754 1526 ptum
786 1466 869 1511 cst
905 1458 1051 1512 enim
1068 1457 1222 1526 quia:
1248 1454 1404 1512 Vobis
1433 1460 1701 1526 oportebat
1735 1460 2046 1512 anmtntiari
2074 1476 2185 1513 ver-

601 1548 725 1603 bum
769 1551 892 1614 Dei;
938 1550 1029 1604 sed
1077 1551 1328 1620 quoniam
1374 1551 1616 1622 indignos
1647 1567 1735 1606 vos
1756 1551 2038 1621 judicatis,
2068 1568 2183 1606 ecce

602 1642 955 1694 convertimur
992 1642 1061 1695 ad
1095 1651 1269 1712 gentes
1296 1641 1363 1693 ⁸¹.
1403 1640 1516 1697 Iloc
1548 1649 1727 1697 autem
1776 1644 2060 1712 perspicue
2091 1642 2178 1696 di-

2087 269 2416 326 ORIGENlS

2226 394 2274 450 Α

3790 290 3894 348 296

2879 391 3183 448 ΟΜῙΛΙΑ
3227 393 3297 450 E'.

2986 487 3082 552 Εἰς
3114 488 3196 541 τό’

2313 572 2764 658 ‘Emo’tpdgmre,
2778 577 2894 658 vici
2905 617 2920 641 ,
2927 577 3420 658 ἐπιστρέφοντες,
3435 581 3532 658 καὶ
3556 583 3798 658 ίάοςομαλ
3817 588 3885 642 τὰ

2367 646 2787 782 ἕέἔξρξὲἐιατα
2830 646 3030 717 ὑμῶν·
3085 646 3247 721 μέχρι
3304 646 3431 704 τοῦ·
3474 646 3889 723 Περιζώὸνασυθ

2367 815 2559 884 Σαφῶς
2591 816 2693 888 μὲν
2724 817 2783 871 ἐν
2806 822 2924 883 ταῖς
2945 820 3053 875 τῶν
3073 821 3385 878 ἀποστόλων
3407 822 3721 896 γέγραπται
3747 827 3887 899 Πρά-

2297 905 2442 970 ξεσιν
2474 908 2559 961 ὅτι
2591 910 2639 962 οἱ
2673 910 2960 965 ἀπόστολοι
2993 915 3245 984 εἰσῄεσαν
3293 915 3507 985 πρῶτον
3538 919 3620 980 εἰς
3648 917 3746 989 τὴν
3775 919 3883 973 τῶν

2306 995 2574 1049 Ἰουδαίων
2632 999 2975 1072 συναγωγὴν,
3039 1002 3501 1071 καταγγέλλοντες
3557 1007 3762 1072 αὐτοῖς,
3805 1007 3883 1075 ὡς

2292 1086 2581 1153 συγγενέσι
2612 1086 2702 1140 διὰ
2728 1088 2818 1142 τὸν
2854 1088 3123 1162 Ἀϐραὰμ,
3152 1095 3245 1146 καὶ
3292 1094 3496 1161 Ἰσαὰκ,
3529 1098 3624 1152 καὶ
3660 1100 3877 1166 Ἰακὼϐ,

2289 1174 2359 1228 τὰ
2400 1177 2653 1249 περὶτῆς
2694 1177 2773 1250 (1)
2818 1182 3142 1254 παρουσίας
3168 1184 3344 1254 Ἰησοῦ
3384 1187 3620 1259 Χριστοῦ
3644 1206 3659 1220 ⁸
3691 1191 3779 1245 ὅτε
3818 1191 3876 1246 δὲ

2289 1265 2513 1321 ἐκείνων
2542 1267 2612 1321 τά
2642 1268 2910 1341 λεγόμενα
2939 1271 3013 1343 μὴ
3030 1274 3331 1345 δεχομένων
3358 1276 3464 1331 ἔδει
3490 1279 3710 1352 ἐτέρους
3738 1278 3874 1338 εἶναι

2286 1358 2414 1420 τοὺς
2444 1358 2717 1429 ἀκροατὰς
2748 1360 2858 1415 τῶν
2896 1361 3221 1434 λεγομένων,
3256 1367 3375 1420 τότε
3407 1369 3874 1443 ἀπολογησάμενος

2286 1449 2513 1514 ἐκείνοις
2535 1452 2937 1524 κατελίμπανον
2957 1454 3032 1524 (2)
3051 1456 3269 1520 αύτούς·
3295 1458 3603 1533 γέγραπται
3623 1462 3751 1534 γὰρ,
3768 1466 3869 1531 ὅτι,

2299 1540 2470 1611 Ὑμῖν
2506 1542 2625 1597 ἔδει
2666 1546 3142 1616 καταγγελθῆνιιι
3177 1542 3283 1603 τόν
3320 1554 3508 1622 λόγον
3541 1555 3648 1608 τοῦ
3684 1556 3870 1612 Θεοῦ’

2283 1635 2413 1689 ἐπεὶ
2453 1634 2522 1689 δὲ
2549 1638 2662 1691 οὐκ
2689 1636 2901 1705 ἀξίους
2934 1641 3168 1708 κρίνετε
3209 1642 3483 1711 ἑαυτοὺς,
3530 1645 3657 1700 ἰδοὺ
3699 1665 3869 1717 στρε-

600 1741 752 1787 ctum
786 1734 839 1787 in
865 1735 1012 1789 Actis
1038 1736 1433 1804 apostolorum,
1468 1735 1666 1789 virtute
1693 1735 1855 1789 etiam
1890 1750 1921 1788 a
1954 1735 2175 1804 propheo
2207 1731 2251 1786 B
2279 1747 2296 1798 ε

2170 1760 2175 1776 .
2207 1731 2251 1786 Β
2279 1731 2509 1798 φόμεθα
2538 1732 2626 1795 εὶς
2653 1729 2726 1783 τὰ
2757 1730 2923 1798 ἔθνη.
2955 1732 3125 1787 Τοῦτο
3155 1733 3233 1799 δέ,
3270 1734 3456 1803 σαφῶς
3488 1739 3778 1810 εἰρημένον
3809 1743 3866 1796 ἐν

599 1825 673 1881 tis
707 1840 854 1894 saepe
886 1825 1093 1881 dictum
1130 1836 1232 1882 est.
1273 1825 1487 1881 Etenim
1530 1825 1766 1896 Spiritus
1812 1834 2037 1882 sanctus
2080 1840 2179 1897 per

595 1915 891 1984 prophetas
936 1914 1288 1984 potissimum
1338 1914 1582 1984 loquitur
1622 1914 1690 1969 iis
1718 1914 1812 1984 qui
1843 1914 1910 1969 de
1942 1914 2048 1969 isto
2082 1930 2180 1985 po-

593 2005 725 2076 pqu
759 2014 919 2073 sunt;
951 2006 998 2061 si
1023 2007 1244 2076 quando
1267 2015 1472 2071 autem,
1504 2015 1792 2076 postquam
1821 2004 1983 2076 148
2005 2006 2177 2061 multa

590 2096 815 2166 dixerit,
846 2113 956 2153 non
987 2107 1073 2155 est
1105 2100 1345 2164 auditus,
1382 2100 1711 2154 vaticinatur
1738 2099 1965 2153 verbum
1996 2096 2176 2169 genti-

590 2193 1086 2265 bus-praedicatum
1121 2194 1208 2249 iri.
1257 2194 1375 2250 Hoc
1421 2203 1475 2248 et
1514 2194 1567 2248 in
1597 2191 1866 2264 principio
1896 2191 2176 2247 hodiernae

588 2285 838 2342 lectionis
862 2287 1047 2343 videre
1084 2295 1187 2354 est,
1219 2271 1666 2357 quandoquidem
1698 2293 1825 2339 ante
1858 2284 1990 2339 illud
2022 2285 2172 2339 Isra-

587 2379 733 2435 elitis
758 2380 956 2436 dicitur
981 2396 995 2434 :
1018 2377 1236 2433 Patrem
1262 2393 1342 2431 me
1362 2375 1637 2443 uocabitis,
1667 2385 1715 2430 et
1744 2393 1777 2429 a
1800 2392 1879 2431 me
1904 2391 2006 2429 non
2030 2391 2175 2430 auer-

587 2472 793 2529 temini.
850 2469 1224 2527 Verumtamen
1269 2471 1407 2543 sicut
1442 2469 1830 2540 prtevaricatur
1876 2467 2069 2522 mulier
2114 2466 2171 2521 in

586 2564 972 2619 cohabitantem
1005 2565 1075 2631 ei,
1114 2564 1190 2617 sic
1234 2563 1587 2633 prtevaricata
1629 2569 1706 2614 est
1751 2561 1807 2613 in
1848 2575 1930 2614 me
1978 2558 2168 2614 domus

586 2653 782 2723 Israel,
810 2656 940 2710 dicit
967 2655 1228 2710 Dominus
1246 2654 1311 2707 ⁸³.
1342 2652 1468 2707 Ilaec
1491 2668 1614 2708 cum
1645 2651 1884 2721 primum
1913 2651 2055 2705 dicta
2083 2666 2170 2706 es-

585 2756 708 2803 sent
755 2748 823 2801 de
873 2747 1059 2812 Israel,
1098 2754 1151 2801 et
1190 2745 1472 2800 audissent
1516 2744 1609 2798 ﬁlii
1660 2742 1871 2798 Israel:
1903 2740 2167 2807 Quoniam

583 2840 780 2909 injuste
808 2848 1022 2910 egerunt
1053 2839 1107 2892 in
1163 2834 1260 2888 uiis
1306 2837 1440 2902 suis,
1466 2846 1515 2890 et
1546 2836 1698 2891 obliti
1724 2845 1846 2889 sunt
1875 2834 1972 2889 Dei
1993 2837 2167 2890 sancti

583 2935 667 2986 sui
691 2949 709 2987 :
731 2932 988 3001 deinceps
1022 2930 1259 3002 Spiritus
1297 2936 1523 2987 sanctus
1556 2929 1820 2986 transfert
1851 2944 2162 2986 sermonem

582 3024 653 3080 ad
676 3038 779 3080 nos
804 3025 899 3096 qui
939 3038 1130 3079 sumus
1165 3038 1233 3078 ex
1259 3025 1531 3093 gentibus,
1558 3033 1612 3078 et
1644 3024 1721 3077 ait
1746 3041 1761 3077 :
1798 3021 2158 3086 Revertimini,

2280 1823 2402 1885 ταῖς
2429 1821 2670 1893 Πράξεσι
2701 1822 2811 1876 τῶν
2841 1824 3175 1889 ἀποστόλων,
3206 1826 3432 1900 δυνάμει
3471 1829 3738 1902 πολλαχοῦ
3774 1836 3866 1889 καὶ

2279 1911 2388 1965 τῶν
2419 1913 2716 1985 προφητῶν
2741 1914 3015 1969 λέλεκται*
3047 1918 3142 1970 καὶ
3167 1916 3274 1991 γὰρ
3306 1904 3737 1994 προηγουμένως
3768 1924 3864 1996 μὲν

2278 2005 2430 2061 λαλεῖ
2458 2008 2517 2061 τὸ
2539 2008 2763 2082 Πνεῦμα
2791 2009 2850 2064 τὸ
2878 2009 3034 2080 ἀγιον
3055 2011 3141 2066 διὰ
3161 2013 3269 2068 τῶν
3301 2015 3598 2086 προφητῶν
3624 2022 3736 2083 τοῖς
3758 2020 3863 2073 ἀπ)

2276 2097 2370 2152 τοῦ
2402 2098 2531 2153 λαοῦ
2570 2100 2775 2156 ἐκείνου
2798 2118 2812 2132 ο
2849 2103 2896 2154 εἰ
2932 2102 2987 2156 δέ
3022 2120 3152 2157 ποτε
3189 2104 3328 2174 μετά
3352 2105 3413 2159 τὸ
3445 2107 3614 2162 πολλά
3640 2109 3859 2182 εἰρηκέ-

2275 2206 2385 2255 ναι,
2407 2192 2506 2245 οὐκ
2536 2192 2801 2264 ἠκούσθη,
2820 2194 3156 2267 προφητεύει
3171 2196 3261 2252 τὸν
3279 2196 3435 2267 λόγον
3455 2198 3534 2271 (5)
3546 2200 3637 2254 τὸν
3659 2218 3860 2271 κηρυσ-

2277 2281 2502 2352 σόμενον
2542 2286 2653 2347 τοῖς
2685 2283 2879 2337 ἔθνεσι.
2906 2284 3076 2338 Τοῦτο
3106 2286 3163 2339 δὲ
3193 2287 3289 2341 καὶ
3316 2288 3409 2340 ἐπὶ
3434 2289 3535 2360 τῆς
3560 2292 3735 2363 ἀρχῆς
3765 2290 3861 2345 τοῦ

2275 2376 2514 2447 σήμερον
2555 2373 2981 2445 ἀναγνὼσματος
3031 2376 3345 2448 γεγένηται,
3403 2380 3701 2452 ἐπειδήπερ
3751 2381 3860 2452 πρδ

2278 2467 2378 2539 μὲν
2429 2467 2523 2521 τοῦ
2557 2466 2720 2521 αὐτοῦ
2766 2469 2877 2531 τοῖς
2924 2467 3032 2521 ἀπὸ
3081 2467 3174 2521 τοῦ
3227 2469 3445 2542 Ἰσραὴλ
3496 2470 3712 2539 λέγεται
3755 2473 3854 2527 τόο

2277 2576 2298 2612 ι
2336 2560 2560 2631 Πατέρα
2604 2577 2673 2630 με
2721 2558 3005 2624 καλέσετε,
3053 2559 3143 2613 καὶ
3184 2559 3318 2631 ἐμοῦ
3360 2561 3457 2615 οὐκ
3501 2563 3856 2635 ἀποστραφή-

2273 2652 2435 2705 σεσΘε
2453 2651 2553 2723 (4)·
2577 2651 2715 2723 πλὴν
2736 2652 2812 2716 ὡς
2842 2651 3026 2706 ἀθετεῖ
3046 2651 3182 2723 γυνὴ
3211 2653 3291 2716 εἰς
3315 2653 3405 2706 τὸν
3440 2654 3665 2709 συνόντα
3693 2655 3852 2728 αὐτῇ·

2271 2743 2445 2808 οὓτως
2490 2743 2754 2813 ἡθέτησεν
2794 2745 2875 2808 είς
2902 2743 3001 2815 ἐμὲ
3032 2744 3060 2797 ὁ
3089 2739 3236 2808 οἶκος
3279 2745 3518 2817 Ἰσραὴλ,
3553 2746 3701 2816 λέγει
3743 2748 3856 2802 Κύ-

2273 2853 2408 2907 ριος.
2444 2856 2462 2888 ι
2485 2837 2595 2889 Καὶ
2623 2836 2711 2889 ὅτε
2742 2834 3166 2910 προηγουμένως
3195 2836 3366 2891 ταῦτα
3392 2840 3605 2909 εἴρηται
3631 2840 3698 2894 τά
3726 2841 3855 2909 περὶ

2269 2925 2364 2981 τοῦ
2412 2927 2645 3000 Ἰσραὴλ,
2677 2929 2771 2983 καὶ
2803 2930 3043 3001 ἥκουσαν
3077 2930 3125 2982 οἱ
3159 2930 3264 2982 υἱοὶ
3286 2931 3542 3004 ιἸσραὴλ,
3578 2933 3705 2986 Ὅτι
3733 2931 3857 3001 ἠδί-

2270 3034 2471 3088 κησαν
2495 3021 2566 3074 ἐν
2582 3020 2711 3086 ταῖς
2737 3021 2898 3087 ὁδοῖς
2919 3021 3137 3087 αὐτῶν,
3183 3023 3281 3075 καὶ
3303 3023 3671 3079 ἐπελάθοντο
3702 3023 3853 3080 Θεοῦ

585 3115 690 3186 ﬁlii
715 3124 1043 3181 revertentes,
1072 3125 1122 3170 et
1144 3115 1346 3170 sonabo
1378 3116 1717 3170 contritiones
1746 3122 1945 3169 vestras
1962 3113 2029 3165 ⁸³.
2051 3110 2165 3167 Nos
2193 3084 2238 3147 ο
2270 3131 2281 3164 t

2154 3129 2165 3166 ι
2193 3084 2238 3147 c
2270 3084 2444 3181 ἁγίου
2472 3084 2699 3166 abstine;
2736 3084 2986 3183 ἑξῆς-καὶ
3017 3113 3078 3166 τὸ
3109 3084 3335 3185 Πνεῦμα
3358 3114 3416 3168 τὸ
3443 3115 3598 3185 ἀγιον
3634 3118 3850 3188 μετατί-

584 3206 732 3262 enim
767 3222 959 3262 sumus
989 3208 1175 3277 repleti
1210 3207 1633 3272 contritionibus
1664 3224 1678 3260 :
1708 3208 1942 3277 quisque
1986 3204 2167 3258 dicere

577 3309 751 3371 potest
773 3340 786 3363 ,
838 3300 1053 3354 etiamsi
1100 3316 1247 3355 nunc
1289 3312 1551 3374 purgatus
1578 3309 1632 3356 et
1658 3306 1886 3356 sanatus
1913 3313 1943 3352 a
1966 3296 2165 3353 contri-

579 3391 823 3447 tionibus
867 3392 938 3448 sit
972 3411 985 3446 :
1037 3391 1266 3447 Eramus
1306 3396 1446 3449 enim
1483 3403 1532 3448 et
1573 3409 1667 3446 nos
1707 3390 1993 3457 increduli,
2027 3391 2163 3443 insi-

575 3465 801 3553 pientes,
827 3493 1085 3548 errantes,
1115 3487 1393 3539 servientes
1415 3485 1693 3540 desideriis
1721 3492 1771 3537 et
1801 3481 2158 3552 voluptatibus

573 3574 816 3645 pluribus
846 3584 895 3628 et
927 3576 1114 3637 variis.
1146 3577 1201 3630 in
1232 3577 1441 3630 malitia
1465 3586 1516 3630 et
1548 3576 1753 3630 invidia
1778 3586 2013 3646 agentes,
2047 3572 2158 3630 odi-

573 3666 723 3732 biles,
755 3665 988 3719 odientes
1020 3666 1274 3730 invicem;
1300 3683 1417 3720 cum
1447 3676 1622 3720 autem
1656 3666 1948 3737 benignitas
1979 3676 2028 3720 et
2052 3667 2155 3720 ltu-

572 3760 804 3811 manitas
826 3758 1079 3827 apparuit
1099 3756 1393 3813 Saluatoris
1423 3760 1591 3812 nostri
1617 3758 1734 3825 Dei,
1768 3775 1861 3827 per
1881 3759 2155 3814 lavacrum

571 3850 982 3919 regenerationis
1010 3848 1058 3881 ⁸⁸
1102 3847 1298 3904 eﬂ'udit
1344 3849 1778 3905 misericordiam
1811 3864 1968 3905 suam
1993 3863 2155 3919 super

570 3951 694 3992 nos.
743 3936 1013 3994 Caeterum
1046 3939 1177 3995 illud
1207 3941 1567 4010 apostolicum
1595 3940 1824 4008 dictum,
1857 3939 2015 4010 cujus
2063 3955 2153 3996 se-

567 4030 677 4085 mel
727 4031 974 4099 memiui,
1026 4032 1270 4102 apertius
1318 4032 1594 4088 elucidare
1643 4031 1906 4087 conabor.
1964 4029 2153 4102 Neque

564 4121 711 4177 enim
759 4122 895 4178 dixit
930 4141 944 4177 :
976 4122 1208 4179 Eramus
1259 4124 1549 4197 aliquando
1596 4125 1933 4195 insipientes,
1975 4125 2147 4179 incre-

564 4213 681 4269 duli
704 4231 726 4282 ;
782 4216 878 4270 sed
907 4214 1111 4272 Paulus
1152 4218 1439 4287 apostolus
1469 4219 1562 4288 qui
1593 4233 1659 4272 ex
1693 4216 1878 4281 Israel,
1909 4216 2002 4287 qui
2029 4227 2148 4271 erat

562 4302 864 4357 secundum
894 4318 1017 4359 eam
1043 4320 1166 4374 qua:
1190 4305 1244 4359 in
1267 4306 1383 4375 lege
1407 4315 1492 4362 est
1514 4307 1783 4376 justitiam
1810 4307 2142 4376 inculpatus,

2272 3199 2397 3272 θησι
2438 3202 2528 3257 τὸν
2573 3202 2729 3271 λόγον
2774 3203 2858 3271 ἐφ’
2888 3203 3036 3273 ἡμᾶς
3077 3203 3205 3267 τοὺς
3238 3203 3347 3285 ἀπὸ
3379 3203 3487 3257 τῶν
3520 3206 3711 3272 ἐθνῶν,
3756 3206 3851 3261 καί

2268 3310 2461 3366 φησιν·
2511 3292 2946 3363 Ἐπιστράφητε
2975 3293 3092 3348 υἱοί
3128 3294 3609 3366 ἐπιστρέφοντες,
3639 3298 3735 3351 καὶ
3767 3296 3850 3352 ld-

2267 3400 2447 3454 σομαι
2487 3383 2559 3439 τὰ
2608 3384 3024 3454 συντρίμματα
3069 3384 3255 3455 ὑμῶν.
3310 3387 3504 3458 Ἡμεῖς
3534 3388 3645 3459 γὰρ
3684 3388 3847 3460 ἐσμὲν

2265 3478 2314 3531 oi
2337 3477 2754 3549 πεπληρωμένοι
2778 3476 3200 3548 συντριμμάτων
3225 3475 3324 3549 (5),
3341 3478 3569 3543 ἕκαστος
3589 3481 3731 3534 εἴποι
3758 3479 3844 3544 ἂν,

2264 3571 2313 3623 εί
2344 3568 2439 3623 καὶ
2467 3568 2562 3623 νῦν
2591 3568 3005 3640 κεκαθὰρισται,
3035 3569 3130 3622 καὶ
3154 3569 3297 3622 ἰᾶται
3315 3569 3429 3623 ἀπὺ
3455 3571 3564 3624 τῶν
3589 3588 3848 3643 συντριμ-

2265 3662 2477 3732 μάτωνο
2534 3679 2553 3712 ι
2605 3655 2789 3731 Ἦμεν
2823 3659 2933 3731 γὰρ
2978 3661 3073 3714 καὶ
3110 3661 3270 3732 ἡμεῖς
3298 3660 3561 3727 ἀπειθεῖς,
3602 3663 3842 3736 ἀνόητοι,

2260 3751 2624 3824 πλανώμενοι,
2658 3751 2998 3817 δουλεύοντες
3020 3751 3332 3824 ἐπιθυμίαις
3358 3754 3453 3807 καὶ
3473 3753 3688 3824 ἡδοναῖς
3710 3752 3844 3809 πολ-

2258 3844 2378 3908 λαῖς
2423 3844 2517 3899 καὶ
2556 3843 2858 3913 ποικίλαις,
2901 3844 2959 3898 ἐν
2992 3844 3161 3915 κακίᾳ
3194 3844 3288 3898 καὶ
3333 3845 3513 3917 φθόνῳ
3544 3846 3840 3915 διάγοντες,

2259 3937 2538 4010 στυγητοὶ,
2576 3936 2861 4008 μισοῦντες
2903 3935 3200 4008 ἀλλήλους·
3234 3936 3324 3990 ὅτε
3369 3937 3426 3991 δὲ
3472 3938 3842 4011 ήχρηστότης

2256 4031 2348 4084 καὶ
2376 4031 2410 4101 ἡ
2438 4028 2818 4102 φιλανθρωπία
2839 4028 3084 4100 ἐπεφάνη
3106 4028 3199 4084 τοῦ
3226 4029 3478 4101 Σωτῆρος
3497 4030 3655 4100 ἡμῶν
3678 4030 3836 4093 Θεοῦ,

2252 4122 2343 4179 διὰ
2372 4120 2597 4195 λουτροῦ
2634 4122 3051 4193 παλιγγενεσίας
3089 4140 3108 4174 ι
3143 4121 3336 4192 ἐπέχεε
3366 4122 3458 4175 τὸν
3491 4121 3637 4178 ἔλεον
3671 4123 3837 4177 αὐτοῦ

2251 4216 2336 4284 ἐφ’
2357 4216 2525 4287 ἡμᾶς.
2557 4214 2820 4283 Καίτοιγε
2849 4214 3072 4268 κάκεῖνο
3106 4212 3184 4283 (6)
3212 4213 3273 4266 τὸ
3294 4214 3673 4280 ἀποστολικδν,
3687 4213 3836 4281 ἅπαξ

2254 4305 2534 4378 μνησθεὶς,
2598 4307 2932 4379 σαφέστερον
2968 4307 3300 4376 πειράσομαι
3342 4306 3707 4377 παραστῆσαι.
3757 4307 3834 4360 ο)

559 4392 637 4448 ait
676 4411 691 4448 :
740 4392 971 4447 Eramus
1022 4396 1164 4448 enim
1205 4397 1491 4464 aliquando
1522 4407 1573 4450 et
1608 4414 1702 4451 nos
1732 4398 1825 4467 qui
1854 4414 1921 4452 ex
1953 4398 2142 4466 Israel,
2177 4412 2255 4474 υ¹

2137 4442 2142 4462 ι
2177 4421 2221 4474 υ
2249 4394 2359 4467 γὰρ
2397 4394 2650 4467 εἴρηκεν
2689 4390 2874 4464 Ἦμεν
2918 4393 3030 4463 γάρ
3070 4410 3213 4449 ποτε
3249 4396 3512 4465 ἀνόητοι,
3541 4395 3833 4463 ἀπειθεῖς·

560 4483 839 4553 increduli,
871 4485 1198 4556 insipientes.
1234 4485 1418 4555 Itaque
1442 4502 1550 4540 non
1582 4489 1759 4542 solum
1795 4489 1889 4558 qui
1917 4504 1985 4542 ex
2013 4504 2144 4558 gen-

564 4575 730 4643 tibus,
765 4575 1086 4647 insipientes
1125 4585 1303 4643 erant,
1331 4591 1510 4646 neque
1566 4579 1669 4633 soli
1702 4579 1777 4634 illi
1802 4589 2138 4649 peccatores,

560 4665 655 4720 sed
685 4677 739 4722 et
765 4685 864 4723 nos
898 4669 1068 4740 legem
1105 4669 1305 4738 edocti,
1357 4670 1496 4724 tales
1529 4684 1750 4727 eramus
1782 4681 1908 4727 ante
1938 4673 2140 4727 adven-

559 4764 676 4810 tum
715 4757 942 4813 Cbristi.
1002 4760 1132 4817 Post
1172 4762 1263 4817 illa
1311 4761 1478 4833 igitur
1526 4777 1649 4832 quce
1681 4764 1749 4817 ad
1798 4762 1963 4819 Israel
1992 4765 2136 4819 dicta

558 4858 708 4917 sunt,
750 4851 818 4905 ad
854 4866 955 4907 nos
988 4852 1082 4922 qui
1117 4868 1184 4907 ex
1217 4855 1469 4924 gentibus
1499 4869 1711 4921 sumus,
1749 4854 1949 4910 dicitur
1987 4876 2000 4912 :
2036 4856 2136 4911 Re-

555 4945 848 5010 vertirnini,
875 4944 999 5014 ﬁlii,
1030 4956 1356 5013 revertentes,
1379 4957 1428 5000 et
1460 4948 1658 5002 sannbo
1689 4950 2027 5004 contritiones
2057 4967 2139 5004 ve-

557 5048 719 5091 stras.

2250 4485 2385 4539 ἀλλὰ
2402 4486 2611 4550 Παῦλος
2628 4487 2659 4538 ὁ
2676 4486 2991 4553 ἀπόστολος,
3005 4488 3033 4539 ὁ
3050 4488 3156 4541 ἀπὸ
3177 4487 3268 4541 τοῦ
3287 4488 3501 4559 Ἰσραὴλ
3519 4490 3620 4560 (Ἰ),
3642 4492 3670 4544 ὁ
3691 4490 3833 4544 κατά

2247 4576 2348 4648 τὴν
2372 4579 2430 4632 ἐν
2462 4578 2613 4649 νόμῳ
2637 4577 2982 4649 δικαιοσύνην
3003 4579 3293 4649 γενόμενος
3316 4579 3623 4651 ἄμεμπτος,
3650 4582 3827 4651 λέγει·

2246 4663 2432 4738 ’Ἦμεν
2471 4669 2580 4739 γὰρ
2620 4667 2721 4722 καὶ
2763 4668 2939 4738 ἡμεῖς
2990 4684 3156 4735 ποτε,
3207 4671 3256 4722 οἱ
3288 4670 3396 4723 ἀπὸ
3427 4670 3521 4723 τοῦ
3591 4672 3829 4744 Ἰσραὴλ,

2247 4754 3055 4831 ἀπειθεῖς,ἀνόητοι.Ἀλλόὐ
3089 4761 3249 4833 μόνον
3285 4764 3335 4815 oi
3368 4762 3476 4815 ἀπὸ
3513 4762 3623 4819 τῶν
3658 4764 3829 4819 ἐθνῶν

2244 4851 2468 4923 ἀνόητοι
2500 4846 2660 4924 ἦσαν,
2701 4851 2821 4906 ούδέ
2848 4852 2994 4924 μόνοι
3019 4855 3068 4906 οἱ
3091 4854 3197 4909 ἀπὸ
3224 4856 3335 4909 τῶν
3364 4854 3533 4910 ἐθνῶν
3559 4856 3824 4921 ἀπειθεῖς,

2244 4943 2364 4997 οὐδὲ
2410 4942 2560 5014 μόνοι
2600 4944 2797 4997 ἐκεῖνοι
2840 4944 3174 5017 ἁμαρτωλοὶ,
3221 4945 3314 5000 καὶ
3356 4947 3516 5017 ἡμεῖς
3550 4947 3607 5001 δὲ
3645 4948 3695 5001 οἱ
3732 4947 3826 5001 τὸν

2246 5036 2408 5106 νόμον
2459 5034 2829 5107 δεδιδαγμένοι
2887 5036 3116 5091 τοιοῦτοι
3165 5038 3536 5109 ἐτυγχάνομεν
3579 5039 3684 5111 πρὸ
3726 5037 3827 5110 τῆς

560 5120 866 5193 παρουσίας
895 5117 991 5174 τοῦ
1020 5119 1281 5190 Χριστοῦ.
1311 5118 1549 5188 Λέγεται
1580 5118 1672 5172 οὖν
1704 5119 1842 5190 μετά
1877 5121 1945 5175 τὰ
1976 5124 2246 5195 εἰρημένα
2273 5126 2350 5197 τῷ
2381 5127 2600 5199 Ἰσραὴλ
2629 5128 2767 5199 πρὸς
2811 5132 2960 5203 ἡμᾶς
2989 5133 3117 5197 τοὺς
3136 5131 3244 5186 ἀπὸ
3268 5131 3378 5186 τῶν
3401 5130 3573 5186 ἐθνῶν
3592 5145 3607 5161 ·
3654 5132 3825 5185 Ἐπι-

559 5215 890 5286 armisona,
925 5213 1044 5270 υιοὶ
1064 5214 1555 5284 ἐπιστρέφοντες,
1588 5215 1688 5271 καὶ
1723 5214 1970 5284 ἰάσομαι
2001 5220 2072 5274 τὰ
2094 5223 2516 5293 συντρίμματα
2540 5225 2730 5294 ὑμῶν.

594 5335 644 5368 ⁷⁸
667 5333 870 5389 Jerem.
908 5347 990 5395 ιιι,
1021 5332 1115 5386 21.
1153 5331 1199 5363 ⁸ο
1229 5329 1435 5386 Jerem.
1461 5347 1532 5396 iv,
1558 5331 1611 5386 8.
1663 5331 1704 5364 "
1743 5333 1865 5388 Act.
1898 5350 2015 5397 xui,
2051 5337 2137 5393 ιδ.
2181 5337 2290 5394 "14

2181 5337 2227 5369 ⁸⁸
2250 5338 2456 5396 Jerem.
2489 5356 2569 5408 ιιι,
2607 5343 2693 5397 19.
2734 5344 2784 5377 ⁸³
2808 5344 3014 5401 Jerem.
3050 5359 3130 5411 ιιι,
3162 5345 3249 5399 22.
3295 5345 3343 5377 "
3366 5343 3474 5399 Tit.
3512 5359 3596 5412 ιιι,
3621 5345 3753 5412 5,4,
3780 5341 3836 5400 5.

636 5444 712 5518 (1)
749 5446 887 5518 Cod.
917 5446 1125 5518 fatim,
1150 5445 1699 5518 si'u‘tfzeypaupévwv
1726 5446 1792 5499 τὰ
1823 5450 1952 5517 περὶ
1983 5448 2105 5518 τῆς.

641 5515 716 5580 (‘2)
747 5516 881 5569 Cod.
916 5517 1115 5578 Vatic.,
1141 5516 1449 5569 κατέλιπεν.

638 5584 716 5654 (ὅ)
752 5584 808 5654 l_n
840 5586 964 5640 eod.
1000 5586 1172 5641 Vatic.
1210 5586 1366 5641 deest
1392 5587 1482 5638 τὸν
1507 5586 1688 5654 λόγον.

644 5652 719 5722 (ι)
749 5652 884 5708 Cod.
920 5655 1120 5723 Vatic.,
1159 5658 1239 5721 είς
1270 5654 1488 5725 Πατέρα
1519 5652 1593 5727 με
1621 5659 1896 5725 καλέσεις,
1935 5660 2026 5714 καὶ
2049 5658 2146 5714 ἀπ’

2255 5454 2979 5539 έμειέρέκβποξτραεφῇσῐιο.

2326 5525 2404 5596 (5)
2434 5524 2617 5596 Codex
2644 5524 3032 5596 Scorialen‘sis,
3083 5525 3490 5596 συντρίμματα.

2326 5593 2404 5678 t9)
2435 5593 2570 5678 Em!-
2598 5597 2857 5678 ἓοοτὶειῑη
2888 5594 3067 5678 rat“:
3093 5593 3334 5678 κέιιεέῖγοὲ

2325 5664 2401 5737 (7)
2432 5662 2567 5720 Cod.
2598 5664 2858 5731 Scorial.,
2880 5665 2908 5717 ό
2938 5663 3101 5729 αὐτὸς
3124 5667 3151 5719 ὁ
3182 5664 3291 5720 ἀπὸ
3324 5667 3422 5723 τοῦ
3466 5667 3707 5742 Ἰσραήλ.
