4296 6288
302 261 413 322 297

1489 261 1554 316 1N
1594 259 1943 317 JEREMIAM
1981 257 2264 313 IIOMILIA
2308 257 2371 314 V.

3482 262 3588 317 298

395 380 688 454 Ἀλλ’,ὲρεῖ
715 397 831 444 τις’
878 379 1061 433 Ταῦτα
1101 380 1314 453 εἴρηται
1347 378 1483 451 πρὸς
1520 379 1612 434 τὸν
1668 378 1904 451 Ἰσραὴλ,
1935 384 1983 438 Α
2066 380 2091 431 ⁴Ξ

1935 384 1983 438 Α
2066 380 2119 432 2.
2165 378 2270 433 Sed
2321 377 2519 433 dixerit
2546 376 2778 447 aliquis:
2820 374 2943 430 Haec
2970 377 3111 433 dicta
3144 386 3273 432 sunt
3299 379 3364 432 ad
3391 376 3585 443 Israel,
3616 418 3625 430 .

321 475 393 529 σὺ
421 474 480 529 δι
511 474 647 526 αὐτὰ
676 472 861 536 ἕλκεις
882 472 973 525 ἐπὶ
1003 474 1127 536 τοὺς
1162 473 1269 526 ἀπὸ
1300 472 1409 526 τῶν
1450 472 1638 526 ἐθνῶν.
1665 472 1903 542 Θέλομεν

322 562 694 637 παραστῆσαι,
733 564 817 616 ὅτι
838 563 899 615 οὐ
921 563 1036 633 μετ’
1055 564 1114 615 ού
1130 562 1317 626 πολλὰ,
1337 562 1412 634 (1)
1440 562 1553 616 ἀλλ’
1570 563 1751 626 εὐθὺς,
1768 563 1901 615 ὅπου

328 656 568 729 βούλεται
598 653 737 726 πρὸς
774 653 866 707 τὸν
917 653 1134 725 Ἰσραὴλ
1173 653 1351 722 λέγειν
1382 654 1452 707 τὰ
1486 655 1613 726 περὶ
1653 657 1904 726 ἐπιστρο-

326 751 447 821 φῆς,
491 748 822 820 προστίθησι
850 747 911 800 τὸ
951 747 1046 800 τοῦ
1092 746 1308 819 Ἰσραὴλ
1335 747 1525 818 ὄνομα.
1583 747 1745 817 Ἑξῆς
1772 746 1902 816 γοῦν

322 841 567 908 λέγεταιο
607 837 753 892 Ἐὰν
784 837 1125 908 ἐπιστραφῇ
1159 837 1427 911 Ἰσραὴλ,
1458 837 1622 906 λέγει
1662 837 1899 904 Κύριος,

319 932 468 1000 πρός
475 948 554 1000 με
569 929 1100 998 ὲπιστραςοήσεται·
1128 929 1224 983 καὶ
1253 928 1365 983 ἐὰν
1398 930 1643 997 περιέλῃ
1669 930 1742 983 τὰ
1760 929 1904 993 ,ϐδε-

315 1019 597 1088 λύγματα
619 1018 808 1073 αὐτοῦ
836 1019 904 1072 ἐκ
929 1017 1036 1072 τοῦ
1077 1019 1376 1087 στόματος
1419 1018 1632 1087 αὑτοῦ,
1658 1018 1762 1072 καὶ
1782 1018 1903 1073 ἀπὸ

314 1108 422 1163 τοῦ
434 1109 764 1178 προσώπου
771 1128 889 1181 μου
900 1109 1223 1180 εὑλαϐηθῇ,
1239 1110 1337 1165 καὶ
1350 1111 1546 1179 ὀμόσῃ
1556 1151 1571 1174 ,
1586 1108 1674 1179 Ζῇ
1688 1112 1903 1179 Κύριος

310 1205 464 1272 μετὰ
495 1203 802 1271 ἀληθείας,
830 1204 927 1257 καὶ
950 1204 1021 1256 ἐν
1045 1204 1262 1271 κρίσει,
1301 1203 1404 1256 καὶ
1421 1204 1491 1256 ἐν
1518 1203 1900 1274 δικαιοσύνῃ’

312 1294 770 1364 εὐλογήσουσιν
782 1296 854 1349 ἐν
879 1296 1039 1361 αὐτῷ
1060 1297 1225 1364 ἔθνη.
1254 1296 1337 1350 Τὰ
1350 1296 1543 1368 πρῶτα
1557 1297 1731 1351 τοίνυν
1753 1299 1902 1369 εἴρη-

312 1387 554 1458 ταιπρὸς
568 1388 694 1450 τοὺς
715 1387 822 1441 ἀπὸ
842 1386 952 1440 τῶν
973 1388 1142 1441 ἐθνῶν
1168 1406 1180 1419 ·
1200 1386 1298 1443 εἶτ’
1312 1391 1451 1453 ἐπεὶ,
1477 1390 1572 1443 ἐὰν
1586 1389 1644 1443 τὸ
1667 1389 1741 1460 (2)
1767 1390 1901 1462 πλή-

317 1492 480 1546 ρωμα
507 1476 615 1530 τῶν
661 1476 832 1531 ἐθνῶν
863 1478 1101 1552 εἰσέλθῃ,
1137 1481 1258 1533 τότε
1303 1481 1414 1544 πᾶς
1458 1481 1673 1552 Ἰσραὴλ
1720 1480 1897 1553 σωθή-

316 1587 489 1632 σεται,
517 1568 659 1623 κατὰ
683 1570 753 1623 τὰ
770 1571 1035 1642 εἰρημένα
1051 1571 1199 1643 παρὰ
1214 1570 1292 1646 (5)
1304 1570 1385 1644 τῷ
1401 1572 1707 1643 Ἀποστόλῳ
1742 1574 1801 1625 ὲν
1830 1574 1895 1644 τῇ

314 1660 451 1733 πρὸς
483 1663 787 1733 Ῥωμαίους
806 1665 1083 1734 ἐπιστολῇ.
1114 1665 1356 1735 Πρόσχες
1384 1666 1507 1719 τίνα
1528 1665 1729 1740 τρόπον
1750 1667 1779 1719 6
1801 1665 1897 1736 μὲν

314 1752 447 1817 θεὸς
500 1755 798 1827 προτρέπει
853 1758 1004 1828 ἡμᾶς
1045 1756 1472 1828 ἐπιστρέφοντας
1504 1756 1726 1822 τελείως
1773 1759 1897 1810 επι-

313 1845 600 1915 στρέφειν,
629 1846 1120 1919 ὲπαγγελλόμενος,
1167 1848 1282 1912 ὅτι,
1335 1848 1432 1902 ἐὰν
1478 1838 1898 1920 ἐπιστρέφοντες

310 1934 727 2009 ἐπιστρέψωμεν
754 1938 896 2010 ,πρὸς
928 1938 1110 2003 αὑτὸν,
1150 1938 1359 1992 ἰάσεται
1392 1938 1551 2010 ἡμῶν
1593 1939 1683 1993 διὰ
1723 1939 1896 2010 Ἰησοῦ

307 2025 547 2097 Χριστοῦ
571 2027 640 2080 τὰ
664 2027 1050 2098 συντρίμματα
1068 2045 1081 2058 ·
1111 2030 1273 2098 ⁴ἡμεῖς
1299 2028 1355 2080 δὲ
1379 2028 1819 2098 ἀποκρινόμενοι,
1851 2032 1898 2081 οἱ

310 2117 387 2189 μὴ
425 2117 731 2186 μέλλοντες,
771 2119 903 2189 μηδὲ
934 2119 1284 2191 βραδύνοντες
1317 2122 1446 2191 περὶ
1478 2122 1577 2191 τῆς
1606 2123 1898 2193 σωτηρίας,

304 2208 386 2271 ὡς
421 2211 629 2273 ἐκεῖνος
664 2211 693 2262 6
747 2209 982 2281 Ἰσραὴλ,
1027 2211 1237 2281 φαμέν·
1288 2213 1443 2267 Ἰδοὺ
1481 2212 1695 2268 δοῦλοι
1730 2215 1902 2284 ἡμεῖς

304 2298 568 2366 ἐσόμεθα
596 2316 713 2355 σοι.
736 2299 811 2372 (4)
849 2301 905 2355 Ὀ
927 2300 1026 2373 μὲν
1059 2302 1193 2367 Θεὸς
1215 2299 1396 2358 εἶπεν·
1435 2303 1896 2375 Ἐπιστράεοητε,

306 2388 448 2454 vlol,
469 2389 958 2460 ἐπιστρέφοντες,
997 2392 1093 2445 καὶ
1121 2392 1361 2462 ἰάσομαι
1382 2395 1456 2449 τὰ
1478 2390 1897 2466 συνέτριμματα

306 2480 505 2550 ὑμῶν·
540 2482 593 2535 οἱ
618 2481 674 2535 δὲ
708 2483 818 2536 ἀπὸ
849 2484 960 2536 τῶν
993 2484 1162 2538 ἐθνῶν
1181 2502 1195 2515 ·
1225 2484 1413 2539 Δοῦλοι
1442 2487 1680 2559 ἐσόμεθα
1711 2488 1896 2559 ἡμεῖς,

304 2570 366 2625 οὐ
392 2571 658 2644 πρότερον
681 2572 834 2638 ὄντες
858 2574 962 2638 σοὶ,
991 2574 1127 2629 ἀλλὰ
1150 2575 1418 2647 δαιμόνων
1441 2577 1615 2644 ὄντες,
1650 2578 1786 2642 ἀλλὰ
1808 2580 1896 2632 δυ-

305 2663 521 2732 νάμεων
553 2665 945 2737 ἀντικειμένων
986 2667 1364 2738 τυγχάνοντες.
1408 2670 1537 2723 Ὅτε
1564 2668 1675 2743 γὰρ
1711 2672 1897 2744 διεμέ-

310 2753 457 2824 ριζεν
482 2753 560 2827 (5)
585 2757 613 2807 6
646 2756 908 2826 ’Ύψιστος
940 2758 1090 2828 ἔθνη,
1112 2760 1623 2833 ἐγενήθημνὴμεῖς
1637 2764 1696 2818 οὗ
1736 2765 1894 2837 μερίς

310 2861 399 2898 σου
419 2843 521 2915 (6),
544 2846 663 2900 οὐδὲ
691 2847 829 2916 μετὰ
853 2848 948 2900 τοῦ
970 2847 1101 2903 λαοῦ
1120 2849 1310 2904 Ἰακὼὸ
1330 2851 1615 2922 σχοίνισμα
1631 2852 1892 2926 κληρονο-

307 2935 435 3007 μίας
471 2953 584 3001 σου,
606 2936 682 3009 (7)
696 2937 831 2991 ἀλλὰ
850 2940 1155 3012 γεγόναμεν
1185 2941 1361 2997 ἄλλων
1397 2943 1640 3015 μερίδεςτ
1663 2944 1810 3015 ὅμως
1830 2945 1887 2999 δὲ

288 3018 485 3098 ἦμεῖς,
523 3029 1060 3099 οἱγενόμενοι.ᾶλλων
1086 3032 1216 3086 ποτὲ
1244 3034 1479 3106 μερίδες,
1504 3034 1599 3089 σοῦ
1637 3037 1884 3104 εἰπόντος
1914 3068 1958 3127 C

304 3118 381 3192 (8)
394 3121 527 3191 ἡμῖν
540 3137 553 3151 ·
575 3120 1023 3193 Ἐπιστράφητε,
1037 3124 1175 3189 υἱοὶ,
1193 3125 1674 3196 ἐπιστρέφοντες,
1689 3130 1785 3184 καὶ
1802 3130 1889 3184 ιά-

302 3222 482 3278 σομαι
513 3209 586 3263 τὰ
609 3213 1022 3281 συντρίμματα
1066 3211 1255 3283 ὑμῶν,
1297 3214 1734 3288 ἀποκρινόμεθαο
1773 3219 1889 3272 Με-

305 3300 448 3372 ρίόες
482 3317 576 3354 σου
606 3303 804 3373 ἡμεῖς’
840 3304 934 3356 καὶ
971 3304 1080 3376 γὰρ
1121 3305 1519 3378 περιεμένομεν
1549 3308 1648 3381 τὴν
1694 3308 1886 3381 κλῆσιν

304 3389 565 3465 μόνον(9).
586 3395 698 3467 Οὐχ
732 3395 807 3459 ὡς
820 3398 1014 3450 ἐκεῖνοι
1034 3396 1340 3470 ἐκλήθησαν
1369 3401 1462 3453 καὶ
1479 3402 1883 3473 παρῃτήσαντο,

302 3485 442 3539 οὕτω
479 3487 577 3541 καὶ
608 3488 772 3558 ἡμεῖς
804 3487 1125 3558 καλούμενοι
1171 3490 1605 3563 παραιτούμεθα.
1652 3494 1885 3566 ’Ἑχομεν

298 3580 408 3653 γὰρ
443 3583 502 3634 ὲν
541 3584 661 3644 ταῖς
687 3580 783 3634 τοῦ
818 3580 1148 3650 Εὐαγγελίου
1180 3583 1538 3656 παραϐολαῖς,
1579 3584 1691 3650 ὅτι,
1722 3585 1884 3639 τινῶν

299 3670 652 3742 κεκλημένων
710 3673 1154 3743 προηγουμένως,
1193 3675 1222 3726 6
1275 3674 1374 3746 μέν
1418 3692 1504 3740 τις
1527 3674 1714 3744 ἑλεγεο
1764 3678 1884 3730 Γυ-

296 3754 474 3816 ruina
490 3763 701 3833 ἔγημα,
731 3764 833 3834 ἔχε
849 3781 928 3833 με
952 3764 1392 3836 παρῃτημένον
1415 3768 1444 3820 6
1466 3767 1524 3819 δέ
1546 3784 1629 3831 τις
1647 3783 1663 3798 ο
1686 3768 1880 3837 Ζεύγη

290 3856 461 3920 ,βοῶν
498 3857 789 3927 ἠγόρασα.
802 3857 1003 3923 πέντε,
1044 3860 1145 3913 καὶ
1193 3862 1517 3930 πορεύομαι
1560 3859 1879 3928 δοκιμάσαι

294 3946 478 4001 αὑτά·
520 3948 625 4016 ἔχε
662 3964 739 4018 με
776 3948 1228 4017 παρῃτημένον
1266 3950 1365 4019 οὐχ
1396 3948 1567 4012 οὕτως
1601 3945 1695 4003 οὖν
1718 3950 1880 4018 ἡμεῖς

294 4040 347 4091 οἱ
387 4039 507 4092 ἀπὺ
538 4039 646 4094 τῶν
692 4040 860 4095 ἐθνῶν
902 4039 1248 4111 ὲκλήθημεν,
1294 4040 1390 4093 καὶ
1445 4036 1875 4110 παραιτούμεθα.

294 4130 394 4184 Διὰ
418 4131 500 4195 τί;
523 4131 653 4202 περὶ
671 4134 819 4186 ποῖον
835 4132 946 4203 (10)
973 4132 1083 4204 γὰρ
1102 4132 1293 4203 ἀγρὸν,
1312 4131 1402 4183 ἵνα
1416 4128 1842 4199 καταγενώμεθο.
1862 4143 1877 4192 ;

294 4224 424 4296 περ).
448 4225 611 4278 ποίαν
632 4228 865 4295 γυναῖκα
884 4226 1053 4296 σοφήν
1072 4243 1086 4290 ;
1106 4225 1241 4278 ἀλλὰ
1262 4224 1355 4278 καὶ
1380 4225 1428 4294 (1
1444 4223 1492 4295 1)
1527 4222 1657 4296 περὶ
1675 4222 1727 4275 τί
1754 4220 1881 4276 ἄλλο

294 4311 713 4385 ἀσχοληθῶμενς
747 4315 984 4386 Εἰρηκεν
1016 4311 1108 4369 οὖν
1141 4315 1169 4366 6
1201 4314 1336 4378 Θεὸς
1366 4314 1529 4385 ἡμῖν’
1572 4310 1880 4379 Ἐπιστρά-

2005 475 2063 519 ιιι
2116 481 2246 522 vero
2288 466 2461 520 trahis
2505 481 2568 520 ea
2620 466 2687 519 ad
2742 465 2865 520 illos
2906 465 3001 535 qui
3033 481 3099 521 ex
3141 467 3393 538 gentibus
3432 480 3584 525 sunt.

2006 556 2271 613 Volumus
2310 559 2559 628 probare,
2589 571 2697 611 non
2736 557 2924 613 multis
2956 558 3273 629 interjectis,
3309 560 3403 618 sed
3436 579 3587 629 mox,

2004 649 2097 702 ubi
2134 649 2337 719 alloqui
2380 650 2499 704 vult
2539 647 2794 703 lsraelem
2838 651 2906 704 de
2940 652 3333 716 conversione,
3372 652 3587 711 lsraelis

2005 754 2203 793 nomen
2254 741 2477 809 apponi.
2531 739 2947 811 Consequenter
3007 757 3201 812 nempe
3251 742 3490 800 dicitur:
3526 744 3584 802 Si

2004 846 2280 886 conversus
2307 831 2467 901 fuerit
2509 830 2707 893 Israel,
2741 833 2818 886 ait
2839 831 3120 899 Dominus,
3162 835 3232 887 ad
3271 851 3353 888 me
3377 854 3585 892 conver-

2007 931 2178 983 tetur;
2208 930 2256 973 et
2287 922 2332 975 si
2359 921 2640 976 abstulerit
2665 922 3085 977 abominationes
3114 941 3239 978 suas
3268 925 3332 979 de
3361 943 3449 980 ore
3465 946 3581 996 suo,

2004 1021 2053 1066 et
2082 1029 2112 1065 a
2137 1014 2274 1082 facie
2306 1030 2420 1068 mea
2440 1015 2691 1068 reveritus
2711 1016 2959 1083 fuerit,et
2989 1016 3274 1085 juraverit,
3313 1017 3454 1074 Vivit
3480 1020 3585 1075 Do-

2005 1105 2202 1170 minus,
2238 1121 2357 1159 cum
2391 1107 2630 1170 veritate,
2677 1109 2733 1160 in
2768 1106 2975 1176 judicio
3005 1117 3054 1162 et
3079 1110 3326 1177 justilia;
3356 1121 3405 1166 et
3435 1112 3586 1169 bene-

2004 1197 2178 1251 dicent
2205 1198 2260 1250 in
2290 1214 2348 1252 eo
2380 1208 2556 1267 gentes
2573 1199 2637 1252 ⁸⁵.
2663 1197 2854 1254 Priora
2889 1199 3054 1271 igitur
3075 1201 3218 1257 dicta
3244 1215 3372 1259 sunt
3398 1206 3464 1261 ad
3489 1222 3587 1263 eos

2003 1290 2096 1360 qui
2132 1305 2196 1345 ex
2223 1290 2475 1359 gentibus
2508 1301 2636 1346 sunt
2658 1311 2671 1346 ε
2690 1291 2883 1347 deinde
2897 1309 3020 1348 cum
3040 1294 3319 1364 plenitudo
3342 1299 3585 1367 gentium

2002 1385 2303 1448 intraverit,
2326 1394 2455 1438 tunc
2476 1386 2656 1440 omnis
2686 1386 2852 1442 Israel
2882 1387 3066 1444 salvus
3094 1390 3216 1452 erit.
3257 1401 3317 1445 ut
3342 1393 3396 1447 in
3428 1395 3588 1467 149

2001 1474 2239 1544 Epistula
2271 1477 2336 1531 ad
2364 1475 2641 1532 Romanos
2673 1478 2895 1547 scripsit
2920 1478 3216 1547 Apostolus
3256 1482 3322 1539 ".
3353 1483 3585 1542 Adverte

2000 1584 2110 1638 quo
2141 1578 2300 1639 pacto
2326 1584 2426 1626 nos
2453 1569 2593 1625 Deus
2625 1579 2959 1626 revertentes
2986 1572 3223 1641 perfecte
3252 1578 3451 1631 reverti
3483 1580 3550 1633 ad
3570 1609 3584 1620 -

2002 1661 2269 1725 hortetur,
2305 1663 2600 1731 spondens,
2632 1663 2677 1717 si
2707 1680 2808 1719 nos
2843 1673 3175 1723 revertentes
3210 1669 3418 1725 reversi
3458 1669 3581 1727 fue-

2003 1753 2175 1810 rimus
2235 1752 2301 1809 ad
2371 1770 2522 1820 eunt,
2575 1763 2794 1811 nostras
2836 1772 2895 1812 se
2945 1773 3041 1827 per
3078 1758 3264 1815 Jesum
3300 1761 3582 1819 Christum

2001 1853 2321 1900 sanaturum
2350 1846 2724 1902 contritiones.
2750 1846 2862 1903 Nos
2893 1865 3022 1904 vero
3038 1855 3129 1920 qui
3153 1869 3328 1924 neque
3358 1867 3585 1913 cuncta-

2002 1953 2146 2001 mur,
2180 1952 2358 2007 neque
2404 1939 2458 1991 in
2500 1939 2675 1994 salute
2700 1955 2934 2005 moram,
2965 1954 3025 1996 ut
3051 1943 3218 2000 lsrael
3260 1947 3369 2013 ille,
3411 1950 3584 2004 inter-

2002 2028 2279 2096 ponimus,
2319 2029 2711 2099 respondentes
2733 2030 2967 2085 dicimus
2993 2051 3004 2085 :
3039 2032 3174 2088 Ecce
3197 2041 3333 2090 servi
3364 2055 3456 2092 nos
3480 2041 3586 2094 eri-

2002 2136 2118 2173 mus
2168 2119 2299 2183 tibi;
2333 2119 2477 2175 Deus
2523 2123 2741 2190 quidem
2777 2122 2991 2179 dixerat
3029 2143 3040 2179 :
3089 2125 3450 2198 Revertimini,
3481 2133 3585 2203 ﬁlii

2004 2218 2338 2274 revertentes,
2394 2217 2444 2262 et
2469 2209 2669 2263 sanabo
2705 2212 3045 2267 contritiones
3074 2226 3271 2271 vestras
3301 2220 3377 2287 ll';
3409 2232 3464 2276 at
3489 2224 3584 2293 qui

2001 2315 2069 2356 cx
2103 2301 2355 2372 gentibus
2387 2320 2400 2356 :
2437 2299 2591 2356 Servi
2641 2301 2846 2358 erimus
2889 2321 3012 2371 nos,
3041 2308 3132 2377 qui
3164 2310 3317 2380 prius
3362 2311 3440 2368 tui
3472 2330 3581 2371 non

2001 2405 2242 2454 eramus.
2289 2390 2383 2446 sed
2413 2391 2852 2448 adversariarum
2888 2407 3239 2466 potestatum.
3264 2402 3401 2457 Cum
3436 2406 3580 2461 enim

2000 2480 2307 2547 divideres,
2343 2481 2651 2549 Altissime,
2684 2493 2905 2556 gentes,
2937 2502 3043 2540 non
3086 2486 3290 2546 fuimus
3327 2507 3427 2547 nos
3456 2508 3582 2562 por-

2001 2571 2079 2625 tio
2108 2580 2223 2637 tua,
2251 2587 2427 2641 neque
2461 2588 2586 2627 cum
2621 2576 2821 2645 populo
2841 2575 3011 2631 Jacoh
3043 2577 3319 2636 funiculus
3353 2582 3582 2639 Incredi-

1997 2660 2127 2716 tatis
2176 2670 2301 2729 tuae,
2345 2663 2438 2717 sed
2474 2663 2705 2718 aliorum
2743 2667 2923 2734 portio
2954 2671 3249 2726 evasimus.
3286 2671 3579 2730 Nihilomi-

2000 2768 2105 2809 nus
2134 2768 2236 2809 nos
2258 2754 2353 2824 qui
2379 2755 2609 2809 aliorum
2640 2757 2816 2824 portio
2843 2758 2972 2813 olim
3006 2758 3244 2830 fuimus,
3278 2764 3491 2821 dicente
3527 2775 3581 2822 te

1998 2845 2197 2901 nobis:
2235 2846 2598 2910 Revertimini,
2640 2848 2744 2917 ﬁlii
2779 2861 3112 2918 revertentes,
3144 2864 3195 2908 et
3220 2857 3422 2911 sonabo
3450 2875 3578 2914 con-

2000 2935 2240 2990 tritiones
2270 2946 2491 3001 vestras,
2523 2938 2958 3006 respondemus:
2989 2940 3179 2999 Partes
3207 2954 3313 3001 tuae
3357 2964 3490 3017 nos;
3522 2950 3575 3005 id

1997 3024 2198 3096 quippe
2230 3032 2439 3079 tantum
2475 3028 2928 3094 exspectabamus
2959 3039 3019 3084 ut
3051 3047 3152 3088 nos
3179 3049 3425 3093 vocares.
3453 3036 3572 3094 Non

1989 3117 2135 3171 sicut
2159 3113 2237 3169 illi
2270 3115 2448 3169 vocati
2491 3123 2640 3182 sunt,
2671 3123 2725 3170 et
2748 3130 3096 3189 respuet-unt,
3140 3123 3220 3179 sic
3254 3134 3310 3181 et
3350 3142 3455 3184 nos
3476 3145 3566 3186 vo-

1989 3206 2094 3260 cali
2121 3206 2427 3262 renuimus.
2468 3205 2742 3263 Habemus
2768 3210 2914 3265 enim
2939 3211 2994 3266 in
3026 3213 3305 3286 Evangelii
3333 3221 3558 3289 parabo~

1987 3297 2077 3364 lis,
2112 3314 2180 3352 ex
2225 3298 2312 3354 his
2345 3299 2441 3370 qui
2490 3299 2653 3369 primi
2687 3309 2847 3356 erant
2890 3305 3102 3372 vocati,
3153 3307 3303 3366 hunc
3348 3313 3556 3383 quidem

1986 3388 2337 3460 respondisse
2376 3408 2390 3446 :
2438 3386 2673 3445 Uxorem
2717 3391 2884 3459 duxi,
2929 3394 3061 3451 habe
3100 3414 3181 3452 me
3218 3414 3566 3471 excusatum;

1987 3479 2136 3536 hunc
2165 3495 2298 3536 vero
2337 3498 2351 3535 :
2382 3478 2526 3550 Juga
2553 3481 2708 3535 boum
2736 3485 2838 3537 emi
2883 3488 3130 3559 quinque,
3176 3492 3308 3546 vado
3340 3497 3565 3562 probare

1984 3571 2103 3639 illa,
2133 3571 2264 3626 habe
2300 3587 2382 3626 me
2419 3581 2730 3627 excusatum
2762 3572 2829 3632 ⁸⁸.
2869 3575 2988 3632 Non
3024 3580 3105 3635 sic
3139 3581 3306 3652 igitur
3334 3600 3437 3641 nos
3467 3589 3562 3657 qui

1983 3678 2050 3718 ex
2075 3663 2327 3734 gentibus
2354 3680 2546 3719 sumus
2591 3665 2769 3719 vocati
2805 3670 3159 3726 excusatione
3194 3673 3419 3747 utimur.
3454 3674 3557 3731 Cul

1983 3755 2170 3810 enim?
2199 3756 2265 3810 ad
2297 3771 2592 3826 quemnam
2628 3771 2817 3827 agrum
2866 3762 3224 3831 concessuri,
3260 3766 3326 3821 ad
3366 3783 3562 3838 quam-

1983 3860 2109 3899 nam
2139 3846 2421 3901 mulierem
2449 3846 2788 3914 sapientem?
2815 3847 2975 3903 Circa
3009 3850 3140 3918 quid
3172 3853 3389 3910 tandem
3418 3858 3566 3916 aliud

1982 3938 2236 4006 occupari
2267 3937 2598 4007 possemus?
2640 3936 2787 3992 Dixit
2818 3938 3000 4008 itaque
3038 3939 3184 3999 Deus
3216 3945 3376 4004 nobis
3410 3966 3426 4005 :
3458 3949 3565 4007 Re.

1979 4029 2270 4096 vei-limini,
2305 4029 2409 4098 ﬁlii
2436 4036 2771 4092 revertentes,
2803 4039 2849 4083 et
2882 4031 3084 4086 sanabo
3111 4038 3453 4097 contritiones
3479 4059 3560 4107 ve-

1980 4133 2144 4186 stras,
2180 4132 2235 4174 et
2262 4120 2512 4175 videntes
2539 4128 2758 4175 nostras
2798 4119 3041 4189 ipsorum
3076 4127 3471 4196 contritiones,
3508 4145 3564 4188 et

1980 4211 2233 4268 sanitatis
2265 4209 2722 4281 promissionem,
2766 4212 2947 4266 statim
2984 4228 3087 4270 uos
3130 4220 3559 4290 respondemus,

1981 4319 2045 4358 ac
2075 4301 2307 4358 dicimus
2355 4318 2369 4355 :
2404 4298 2540 4353 Ecce
2569 4315 2663 4352 nos
2704 4301 2905 4355 erimus
2932 4301 3030 4369 tui,
3060 4306 3188 4371 quia
3218 4320 3276 4362 tu
3304 4307 3559 4366 Dominus

293 4422 462 4473 φητε,
497 4407 638 4470 υἱοὶ,
683 4405 1164 4475 ἐπιστρέφοντες,
1210 4405 1309 4460 καὶ
1351 4403 1591 4475 ἰάσομαι
1631 4403 1704 4458 τὰ
1731 4419 1880 4458 συν-
1905 4398 1989 4458 Β.

1863 4433 1880 4444 .
1905 4398 1957 4458 D
1984 4394 2125 4450 Deus
2148 4404 2344 4448 noster.
2370 4390 2700 4467 Obedientrs
2738 4393 2901 4462 igitur
2926 4405 2980 4451 et
3008 4396 3251 4455 dicentes
3282 4418 3296 4456 :
3331 4400 3431 4455 Tui
3451 4405 3559 4457 eri-

292 4500 584 4568 τρίμματα
614 4498 810 4569 ὑμῶν·
846 4500 941 4554 καὶ
971 4497 1255 4569 βλέποντες
1284 4499 1491 4553 ἑαυτῶν
1520 4498 1590 4551 τὰ
1618 4496 1878 4567 συντρίμ-

299 4606 462 4658 ματα,
492 4590 591 4644 καὶ
619 4591 748 4662 περὶ
780 4590 878 4661 τῆς
923 4592 1119 4656 ἰάσεως
1148 4591 1500 4661 ἐπαγγελίας,
1530 4590 1643 4660 (12)
1675 4586 1878 4651 έύθέως

293 4680 448 4750 ἡμεῖς
471 4680 904 4753 ἀποκρινόμεθα,
930 4683 1024 4735 καὶ
1051 4681 1280 4753 λέγομεν
1303 4698 1317 4712 ⁸
1362 4680 1517 4736 Ἰδοὺ
1547 4679 1719 4750 ἡμεῖς
1738 4679 1876 4733 ἐσό-

287 4772 436 4841 μεθά
454 4789 576 4841 σοι,
606 4774 696 4828 ὅτι
734 4774 817 4828 σὺ
848 4776 1065 4842 Κύριος
1100 4778 1133 4830 ό
1172 4775 1316 4842 Θεὸς
1355 4773 1540 4844 ἡμῶν.
1599 4771 1873 4826 Ὑπακού-

292 4882 481 4930 σαντες
512 4864 606 4919 οὖν
639 4867 735 4921 καὶ
758 4867 1022 4931 εἰπόντες,
1058 4867 1345 4937 Ἐσόμεθά
1367 4882 1487 4931 σοι,
1524 4862 1872 4936 μνημονεύω-

295 4971 388 5024 μεν
421 4956 498 5008 act
518 4956 867 5027 ὑπεσχόμεθα
878 4941 1016 5027 Θεῷ,
1035 4956 1281 5026 λέγοντες
1296 4954 1444 5025 αὐτῷ
1456 4955 1473 5025 (
1485 4954 1569 5025 15)
1583 4954 1663 5007 τό’
1686 4952 1872 5006 Δοῦλοι

1983 4502 2121 4552 mus,
2152 4485 2566 4540 meminerimus
2588 4485 2716 4553 quid
2752 4485 2860 4543 Deo
2889 4492 3288 4560 spopondimus
3317 4493 3559 4549 dicentes

1982 4577 2033 4632 ei
2082 4596 2094 4631 :
2135 4575 2289 4631 Servi
2323 4575 2529 4651 erimus
2576 4576 2707 4643 tibi;
2741 4587 2793 4632 et
2822 4595 2946 4635 cum
2982 4582 3284 4640 dixerimus
3313 4584 3361 4638 ei
3393 4603 3407 4641 :
3457 4585 3558 4643 Tui

1981 4670 2197 4735 erimus,
2226 4684 2296 4723 ne
2315 4669 2548 4723 alterius
2587 4667 2850 4727 ditionem
2896 4673 3213 4743 subeamus,
3249 4693 3360 4732 non
3391 4680 3556 4750 spiri-

1982 4771 2070 4816 tus
2096 4761 2209 4822 irte,
2246 4774 2355 4815 non
2399 4760 2623 4830 spiritus
2655 4760 2908 4827 tristitiae,
2940 4779 3050 4820 non
3098 4769 3323 4838 spiritus
3354 4786 3561 4828 concu—

1979 4852 2281 4923 piscentite.
2299 4867 2407 4906 non
2432 4852 2607 4922 ipsius
2626 4852 2848 4915 diaboli.
2869 4870 3044 4927 neque
3074 4860 3388 4929 angelorum
3411 4863 3553 4934 ejus;

1980 4947 2073 5002 sed
2122 4960 2245 4999 eum
2284 4936 2462 4998 vocati
2506 4944 2849 5002 dixerimus:
2890 4947 3025 5004 Ecce
3061 4967 3155 5006 nos
3199 4954 3395 5010 erimus
3439 4957 3555 5025 tui,

358 5115 403 5146 "
428 5113 628 5169 Jerem.
656 5131 729 5181 iv,
760 5115 812 5183 1,
837 5114 892 5168 2.
969 5114 1016 5146 ⁸⁸
1041 5113 1199 5167 Rom.
1240 5127 1297 5175 ιι,
1328 5112 1420 5167 23.
1498 5112 1541 5144 ⁸⁷
1581 5109 1779 5165 Jerem.
1819 5123 1900 5175 ιιι,
1928 5108 2019 5164 22.

1041 5113 1199 5167 Rom.
1240 5127 1297 5175 ιι,
1328 5112 1420 5167 23.
1498 5112 1541 5144 ⁸⁷
1581 5109 1779 5165 Jerem.
1819 5123 1900 5175 ιιι,
1928 5108 2019 5164 22.
2094 5108 2139 5141 ⁸⁸
2164 5105 2297 5163 Luc.
2335 5121 2459 5170 MV,
2498 5106 2587 5173 18,
2629 5105 2713 5162 19.

358 5276 434 5349 (l)
475 5277 616 5349 Lege
645 5297 657 5349 ς
687 5279 747 5349 ού
780 5278 915 5349 μετὰ
944 5277 1132 5333 πολλά.

358 5348 435 5413 (2)
476 5347 529 5401 In
557 5348 676 5402 cod.
703 5347 879 5403 Vatic.
912 5351 1082 5411 deest,
1112 5347 1227 5401 ἐάν.

358 5417 436 5492 (ἓξ)
477 5417 531 5492 l_n
562 5419 683 5492 eod.
720 5416 1097 5492 Yatic._deest.
1130 5418 1300 5492 παρά.

356 5486 435 5561 (ξ)
467 5488 602 5561 god.
631 5486 809 5561 _V_atic.
836 5489 956 5561 Οἵδε
988 5491 1148 5561 ἡμεῖς
1171 5486 1406 5561 ἐσόμεϐά
1438 5509 1532 5549 σοι.

381 5556 437 5630 ξ)
631 5555 805 5630 Ealic.
835 5555 1155 5630 διεμέριζες.

380 5625 434 5688 ϐ)
467 5627 602 5683 Cod.
639 5625 814 5682 Vatic.
854 5632 967 5686 σοῦ.

359 5695 435 5768 (7)
469 5696 603 5753 Cod.
636 5695 813 5751 Vatic.
843 5701 960 5755 σοῦ.

512 5813 797 5874 ῬΑτιιοι.
838 5812 955 5873 Gn.
992 5813 1135 5874 Xlll

2049 5277 2125 5341 (8)
2161 5276 2293 5348 (ξοιι.
2327 5274 2525 5348 κζᾳιῑφη
2562 5275 2692 5348 ποτὲ
2721 5275 2933 5348 μερίδες
2967 5294 3061 5331 σου
3095 5280 3358 5344 εἰπόντος.

2049 5347 2122 5417 (θ)
2162 5345 2306 5425 βοιι-
2352 5345 2975 5425 νεείε-νιποκρωέμεθα
3009 5351 3203 5420 ἡμεῖς·
3240 5351 3408 5403 τοῦτο
3437 5358 3545 5425 eo

1971 5410 2374 5487 περιμένομεν,
2379 5416 2493 5487 -τὴν
2522 5410 2728 5487 κλῆσινέ
2743 5410 2920 5487 μόνον.

2076 5485 2156 5548 10)
2187 5485 2325 5556 cod.
2354 5485 2524 5556 Vatic.
2554 5485 2641 5539 διὰ
2670 5485 2757 5552 τίζ
2791 5487 2919 5556 περ).
2947 5489 3127 5553 ποῖον;

2041 5554 2156 5623 (il)
2184 5554 2241 5608 lu
2268 5556 2403 5610 Cod.
2441 5555 2613 5611 Vatie.
2643 5558 2793 5613 deest
2821 5554 2934 5610 καί.

2078 5627 2160 5697 12)
2190 5625 2326 5697 βοά.
2362 5624 2567 5697 Valle,
2589 5625 2942 5697 ἐπαγγελίαν.

2078 5628 2160 5696 12)
2190 5628 2326 5680 Cod.
2362 5628 2556 5692 Valic.,
2589 5628 2942 5697 ἐπαγγελίαν.

2046 5628 2265 5770 (l5)_lta
2300 5696 2421 5752 cod.
2456 5695 2628 5754 Vatic.
2665 5701 2732 5755 At
2761 5696 2879 5753 cod.
2912 5697 3141 5756 Scurial.
3198 5702 3351 5758 αὑτό.

3006 5815 3079 5876 10

4057 647 4062 680 i

4059 721 4062 736 Ι

4057 751 4064 804 ἓ

4057 835 4060 846 .

4057 875 4062 892 ἰ

4054 1110 4059 1121 ε

4059 1433 4064 1444 ι

4065 1995 4068 2016 ι

4065 2019 4068 2034 Ι

4063 2445 4068 2466 Ι

4065 2541 4068 2552 .

4081 4067 4094 4152 ξ

4085 4287 4094 4304 ι

4083 4331 4094 4378 ἐ

4079 4399 4096 4416 τι

4089 4471 4096 4528 Ξ

4091 4693 4098 4704 ς

4081 4779 4098 4794 ,ι

4091 4881 4100 4924 ἓ

4093 4941 4102 4970 .’

4093 5047 4104 5082 ἲ
