2148 3144
299 182 351 210 299

1033 185 1204 227 ouicrNts

1873 185 1924 212 :co

297 243 474 270 ostendamus
500 243 636 277 operibus,
650 242 695 276 qui
711 249 807 269 sumus
827 242 939 277 polliciti
955 250 1005 270 nos
1022 245 1081 278 ejus
1097 247 1118 275 Α
1134 243 1145 269 ὲ

1073 251 1081 271 s
1097 247 1118 275 Α
1134 242 1252 278 ὲσόμεθά
1269 251 1325 269 σοι·
1344 243 1389 269 καὶ
1404 243 1525 274 εἰπόντες
1543 241 1617 277 αὑτῷ
1633 241 1679 268 τό·
1703 243 1846 277 Ἐσὲμεθά
1862 251 1921 274 σοι,

296 295 367 317 esse.
386 287 452 314 nulli
468 287 542 313 alteri
559 293 640 321 quam
662 286 713 320 ipsi
736 287 916 321 nosmetipsos
933 287 1082 321 addixisse,

297 338 325 361 et
337 333 427 360 dicere
442 342 448 359 :
461 333 528 364 Quia
541 337 579 365 tu,
593 332 717 364 Domine,
730 331 800 359 Deus
818 337 905 359 noster
919 341 956 361 es.
971 333 1080 360 Nullum

297 379 370 405 enim
381 377 547 412 15ol)enm
562 384 613 405 nos
621 377 792 410 confitemur,
803 386 856 405 non
865 383 996 411 ventrem,
1013 380 1083 407 sicut

297 424 383 459 gulosi
398 431 508 457 quorum
524 423 593 450 Deus
608 427 696 450 venter
709 428 746 450 est
756 423 796 455 ³⁹;
812 431 865 450 non
881 428 1021 458 argenturm
1033 444 1040 455 ,
1053 429 1083 451 ut

297 473 432 496 amatores
447 469 579 503 pecuniae,
596 476 650 495 non
668 469 810 496 avaritiam
826 477 886 504 qua;
900 474 939 496 est
949 469 1081 496 idolorum

296 515 407 541 servitu:
416 514 461 546 ὀς
486 522 572 548 neque
587 514 659 541 aliud
679 515 828 549 quidquam
851 522 902 549 pro
921 514 976 542 Deo
998 515 1082 543 habe«

297 566 368 589 mus.
381 559 407 586 in
422 559 589 594 deorumqtte
602 567 717 587 numero
729 560 914 591 collocamus;
930 561 1001 588 sicut
1017 561 1078 595 plu-

297 605 359 631 rimi
374 604 462 631 facere
483 609 693 635 consueverunt.
706 606 753 632 sed
769 606 849 632 nobis
864 605 910 640 qui
924 612 1006 640 super
1023 614 1082 633 om-

298 658 356 683 nes,
372 650 418 684 qui
437 658 484 684 per
497 650 599 681 omnia.
614 650 659 684 qui
678 651 704 677 in
720 651 848 678 omnibus
864 656 916 681 est,
937 650 1009 678 Deus
1025 657 1082 684 est,

297 701 324 723 et
341 696 472 722 charitate
486 703 547 730 quae
565 700 607 723 est
619 695 653 722 ad
674 696 757 723 Deum
777 696 944 730 pendemus;
962 696 1082 724 Charitas

300 741 371 768 enim
386 748 436 768 nos
449 749 509 768 cmn
522 740 577 768 Deo
592 741 770 775 conglutinat.
795 741 917 768 Dicimus
931 750 937 767 :
954 741 1020 768 Ecce
1035 750 1082 769 nos

299 787 338 814 tui
350 788 459 816 erimus.
470 787 594 821 quoniam
612 791 640 813 tu
659 786 785 814 Dominus
802 786 871 813 Deus
887 792 984 813 uoster.

1137 288 1251 324 μηδενὸς
1272 288 1351 315 ἄλλου
1376 288 1527 323 γενώμεθα,
1547 288 1583 323 μὴ
1604 288 1758 323 πνεύματος
1772 288 1868 324 ὀργῆς,
1886 290 1923 324 μὴ

1135 334 1291 369 πνεύματος
1305 334 1406 369 λύπης,
1426 333 1462 369 μὴ
1480 333 1634 369 πνεύματος
1650 333 1806 368 ἐπιθυμίας,
1826 333 1862 369 μὴ
1877 335 1923 362 τοῦ

1134 379 1257 406 διαϐόλου
1272 379 1310 414 (1)
1322 379 1472 414 γενώμεθα,
1487 379 1524 414 μὴ
1540 378 1594 405 τῶν
1607 378 1730 413 ἀγγέλων
1746 379 1845 405 αὐτοῦ’
1857 380 1924 407 ἀλλὰ

1134 423 1287 459 κληθέντες,
1303 424 1348 450 καὶ
1362 423 1498 455 εἰπόντες·
1521 422 1599 450 Ἰδοὺ
1615 423 1698 457 ἡμεῖς
1718 423 1847 457 sed}de
1863 431 1923 456 σοι,

1133 469 1265 504 δείξωμεν
1281 470 1337 500 τοῖς
1352 468 1443 504 ἔργοις
1453 488 1460 500 ,
1478 468 1531 502 ῇτι,
1552 468 1782 503 ἐπαγγειλάμενοι
1799 469 1924 503 γενέσθαι

1134 515 1227 547 αὑτοῦ,
1242 515 1330 542 οὐδενὶ
1343 515 1415 550 ἄλλῳ
1429 514 1445 550 ἧ
1461 514 1535 549 αὑτῷ
1551 514 1664 546 ἑαυτοὺς
1680 514 1862 550 ἀνεθήκαμεν,
1877 516 1924 542 καὶ

1132 560 1263 596 λέγομεν·
1276 561 1339 587 ’Ότι
1355 561 1406 592 σὺ.
1416 561 1515 594 Κύριε,
1524 561 1540 586 ό
1553 560 1625 592 Θεὸς
1634 560 1672 594 (2)
1684 559 1767 594 ἡμῶν
1776 557 1812 587 εἴ.
1824 561 1924 588 Οὐδένα

1132 607 1188 642 γὰρ
1201 607 1266 633 Θεὸν
1287 608 1366 642 ἡμεῖς
1380 605 1565 642 ὁμολογοῦμεν
1575 614 1582 620 ’
1599 606 1629 632 οὐ
1649 605 1697 641 τὴν
1713 605 1827 639 κοιλίαν,
1843 606 1881 638 ὡς
1898 607 1923 633 οι

1133 652 1343 688 γαστρίμαργοι,
1356 649 1400 678 ὧν
1411 653 1427 679 ὁ
1441 652 1513 685 Θεὸς
1528 652 1547 685 ἡ
1563 651 1677 679 κοιλία·
1692 651 1722 677 οὐ
1736 651 1768 678 τὺ
1781 651 1921 687 ἀργύριον,

1135 696 1173 729 ὡς
1189 698 1214 723 οἱ
1239 697 1410 733 φιλάργυροι,
1433 697 1481 723 καὶ
1496 696 1546 732 τὴν
1573 696 1739 729 πλεονεξίαν,
1764 697 1826 731 ἣτις
1851 697 1924 723 ἐστὶν

1135 742 1377 776 εὶδωλολατρεία·
1398 742 1459 768 οὐδὲ
1483 742 1547 768 ἄλλο
1566 751 1592 768 τι
1618 742 1774 777 ὲκθεοῦμεν,
1799 743 1846 769 καὶ
1867 744 1924 769 θεο-

1138 787 1280 823 Μιοῦμεν,
1294 788 1332 820 ὡς
1344 789 1368 814 οἱ
1385 788 1476 814 πολλοὶ
1488 787 1667 819 θεοποιοῦσιν,
1685 787 1751 814 ἀλλὰ
1766 789 1832 823 ἡμῖν
1848 790 1863 814 ὀ
1879 788 1924 815 ἐπὶ

299 835 391 865 πᾶσιν,
406 834 420 859 ὁ
436 833 479 859 διὰ
493 833 610 866 πάντων,
625 835 639 860 ὁ
653 834 682 860 ὲν
696 834 764 859 πᾶσι
778 833 844 865 Θεός
862 834 929 865 ἐστι,
950 833 989 868 (3)
1005 833 1051 860 καὶ
1063 834 1205 869 ήρτήμεθα
1221 835 1271 869 τῆς
1290 834 1400 869 ἀγάπης
1414 834 1465 869 τῆς
1481 834 1548 869 πρὸς
1565 833 1608 859 τὸν
1626 833 1690 860 Θεόν
1702 842 1708 848 ·
1727 834 1742 868 ὴ
1760 834 1814 868 γὰρ
1831 834 1923 869 ἀγάπη

300 882 381 917 κολλᾷ
396 883 469 918 ἡμᾶς
483 881 521 917 τῷ
533 881 602 916 Θεῷ.
615 881 735 916 Λέγομεν
746 889 752 895 ·
774 880 850 908 Ἰδοὺ
863 881 947 915 ἡμεῖς
958 881 996 916 (Α)
1008 881 1135 915 ἐσόμεθά
1152 890 1212 913 σοι,
1227 882 1271 908 ὅτι
1282 881 1322 908 σὺ
1339 882 1445 916 Κύριος
1457 883 1473 908 ό
1485 881 1556 913 Θεὸς
1570 880 1663 915 ἡμῶν.

336 930 361 956 5.
381 929 512 964 Deinceps
526 937 588 956 eum
603 936 652 955 nos
666 929 788 963 priorum
805 928 937 955 malorum
952 929 1088 963 pwnitne-
1103 933 1123 960 Β
1175 930 1184 956 1

1075 942 1088 949 -
1103 933 1123 960 Β
1175 927 1251 961 Εἶτα,
1275 929 1454 963 καταγνόντες
1479 929 1532 955 τῶν
1555 927 1694 962 προτέρων
1716 927 1795 961 ἡμῶν
1820 926 1921 957 κακῶν,

303 975 347 1007 rit,
367 974 476 1009 quando
496 978 523 1001 et
549 973 735 1007 magnitudine
758 977 784 999 et
805 972 962 999 excelsitate
987 973 1087 1007 pollere

302 1021 308 1045 i
322 1020 371 1046 lola
390 1019 579 1053 opinabantur,
593 1026 622 1044 ea
639 1018 844 1048 venerabamur,
860 1022 887 1043 et
903 1026 965 1052 qua
981 1018 1088 1045 coleba-

301 1072 371 1096 mus,
394 1063 553 1090 admiranda
574 1062 753 1097 putabamus;
770 1070 843 1089 nunc
866 1071 931 1090 vero
948 1068 975 1090 ct
999 1063 1086 1091 futilia

301 1109 383 1135 fuisse
399 1116 478 1143 atque
494 1108 583 1135 inania
599 1108 787 1142 cognovimus,
810 1113 1029 1143 revertentesque
1046 1109 1087 1135 di-

300 1156 407 1182 cimus:
431 1154 494 1181 Vcrc
513 1155 541 1180 in
558 1154 723 1180 mendacium
734 1158 807 1179 erant
825 1153 903 1179 colles
918 1154 952 1186 ⁹¹,
977 1158 1005 1181 et
1021 1162 1084 1184 nos,

301 1201 452 1235 reprobatis
466 1200 601 1234 prioribus
616 1199 668 1226 illis
683 1200 798 1226 excelsis
816 1205 842 1225 ct
858 1199 1065 1227 admirabilibus
1076 1220 1083 1231 ,

300 1246 322 1272 si
335 1245 416 1272 etiam
432 1245 573 1280 diligenter
586 1245 765 1279 inquiramus,
783 1245 896 1271 fortasse
912 1251 1007 1272 eorum
1026 1253 1086 1279 quae

301 1292 327 1318 in
343 1292 467 1327 gentibus
484 1296 557 1324 sunt,
573 1291 682 1318 collium
702 1291 890 1324 montiumque
906 1290 1085 1318 differentiam

300 1339 476 1372 reperiemus.
491 1336 557 1369 Quae
573 1337 728 1364 deserentes
744 1337 761 1362 ii
780 1337 825 1370 qui
843 1336 969 1362 dixerunt
995 1346 1002 1363 :
1019 1336 1087 1363 Ecce

302 1392 346 1410 nos
362 1383 426 1410 servi
442 1383 538 1409 crinitis
557 1383 605 1413 tui,
620 1382 744 1416 quoniam
768 1386 794 1406 lu
812 1381 940 1408 Dominus
956 1381 1025 1408 Deus
1037 1390 1086 1409 no-

302 1435 355 1455 sler
376 1437 413 1461 cs,
439 1433 469 1455 ut
489 1428 629 1454 mendacia
654 1428 808 1461 reprobanl,
832 1431 888 1453 tum
908 1427 1006 1459 'colles,
1028 1432 1085 1455 turn

303 1480 417 1502 montes.
441 1474 570 1506 Qumnam
592 1474 676 1507 igitur
691 1472 843 1499 dilTereutia
867 1480 960 1499 eorum
976 1481 1036 1508 quae
1059 1473 1086 1501 in

304 1521 427 1554 gentibus
442 1524 504 1546 sunt
519 1520 650 1545 montium
664 1524 690 1545 et
705 1518 814 1545 collium
830 1518 930 1552 quibus
951 1518 1086 1546 damnatis

303 1566 439 1592 dicimus:
466 1564 528 1591 γεγε
547 1566 573 1590 in
590 1565 752 1591 mendacium
773 1572 847 1590 erant
868 1563 946 1590 colles
962 1569 987 1591 et
1008 1564 1087 1599 forti—

304 1611 367 1637 tudo
383 1611 529 1636 montium?
547 1609 603 1637 Hoc
618 1610 717 1644 quippe
731 1609 847 1636 dicimus
862 1610 998 1643 prioribus
1012 1610 1086 1645 abje-
1100 1599 1121 1627 (ἶ

302 1657 364 1683 clis.
380 1656 445 1688 Qua:
458 1665 471 1683 a
485 1656 609 1690 gentibus
623 1656 780 1687 adorantur,
795 1656 892 1690 partim
908 1659 1036 1690 tanquam
1048 1656 1085 1683 dii

303 1703 460 1733 adorantur,
484 1702 583 1736 partim
598 1707 627 1729 ut
644 1702 757 1734 heroes;
778 1710 839 1728 nam
863 1706 889 1727 et
906 1701 955 1735 ipsi
973 1701 1006 1728 de
1025 1702 1087 1736 qui-

304 1748 416 1775 husdam
434 1747 552 1774 fatentur
566 1755 624 1779 eos,
643 1755 703 1774 cum
718 1748 793 1781 prius
811 1746 940 1773 mortales
955 1745 1085 1779 fuissent,

303 1794 330 1820 in
347 1793 459 1819 deorutn
476 1799 619 1819 numerum
636 1792 720 1819 fuisse
736 1792 848 1819 relatos.
865 1790 1006 1818 llerculem
1021 1792 1087 1819 ado-

302 1843 363 1865 mnt
381 1846 434 1865 non
448 1842 477 1864 ut
495 1842 590 1864 natura
606 1837 707 1869 Deum,
726 1837 771 1864 sed
794 1842 824 1864 ut
839 1841 972 1863 mutatum
986 1845 1019 1863 ex
1038 1837 1087 1863 ho-

303 1884 376 1911 mine
397 1884 423 1910 in
447 1883 546 1915 Deum;
574 1882 762 1918 Eseulapium
784 1885 877 1912 colunt
901 1889 1028 1919 tanquam
1053 1882 1087 1909 ab

303 1930 420 1956 humana
445 1929 477 1955 ad
500 1929 619 1955 divinam
644 1929 801 1964 dignitatem
827 1935 936 1964 propter
960 1929 1085 1955 virtutem

302 1980 436 2002 evectum.
467 1974 580 2007 Quando
606 1980 696 2002 autent
725 1975 820 2002 horum
846 1981 937 2010 patres
962 1975 996 2001 ab
1021 1973 1087 2007 ipsis

303 2025 472 2053 nuncupatos
487 2020 552 2047 deos
568 2020 693 2053 adorant,
711 2027 765 2047 non
784 2021 821 2047 uti
842 2028 875 2047 ex
892 2019 1047 2046 hominibus
1061 2018 1086 2044 in

302 2066 415 2092 deorum
430 2073 570 2093 numerum
585 2066 732 2094 translatos
746 2073 920 2097 venerantur,
933 2067 991 2097 sed.
1009 2071 1038 2092 ut
1048 2066 1085 2092 illi

302 2111 411 2146 quidem
428 2111 593 2143 existimant,
613 2120 627 2139 a
646 2113 779 2148 principio
795 2113 871 2140 deos.
891 2112 976 2139 Erunt
996 2112 1087 2146 itaque

302 2157 348 2191 qui
363 2157 487 2191 gentibus
502 2158 536 2184 ab
557 2158 633 2184 initio
647 2158 682 2184 dii
699 2158 843 2190 habentur,
859 2162 957 2184 nioutes
969 2161 994 2183 et
1010 2156 1086 2190 forti-

303 2202 364 2228 tudo
381 2204 523 2234 montium;
538 2203 584 2236 qui
602 2210 666 2229 vero
686 2212 757 2230 nunc
773 2204 807 2230 ab
824 2204 890 2237 ipsis
903 2211 963 2230 esse
976 2202 1085 2237 quidem

302 2248 349 2278 dii,
366 2247 411 2274 ενα
424 2247 498 2281 prius
510 2247 633 2273 homines
649 2247 733 2275 fuisse
744 2254 901 2279 censentur,
915 2248 941 2274 hi
953 2252 1016 2274 sunt
1028 2248 1085 2274 col-
1102 2267 1123 2294 Β

302 2292 351 2319 les.
370 2292 491 2319 Scientes
516 2291 598 2326 igitur
623 2292 718 2319 ambos
744 2294 803 2320 illos
827 2294 937 2320 ordines
965 2292 1082 2324 adorari,

303 2338 378 2364 aiunt
398 2347 404 2364 :
427 2338 488 2364 Vere
509 2339 534 2364 in
548 2338 712 2364 mendacium
726 2344 801 2364 erant
821 2339 898 2365 colles
919 2338 1084 2372 etfortitudo

304 2383 441 2409 montium.
457 2383 532 2410 Nune
545 2384 616 2410 enim
632 2385 677 2419 qui
693 2384 743 2411 ista
760 2385 863 2416 colunt.
880 2392 934 2412 non
958 2384 1009 2411 sibi
1024 2391 1086 2418 per-

303 2427 417 2455 suadent
432 2429 489 2456 hzec
499 2437 559 2457 esse
572 2431 722 2458 mendacia.
738 2430 919 2463 Quamobrem
933 2430 1042 2458 oracula
1054 2436 1081 2458 et

339 2513 362 2529 ’θ
373 2513 471 2549 Philip.
484 2522 525 2547 ιιι,
538 2514 581 2542 19.
620 2516 642 2531 '°
655 2515 722 2550 Eph.
744 2525 769 2548 ν,
785 2517 812 2544 5.
851 2518 871 2532 "
884 2516 1034 2549 Jerem.iu,
1052 2517 1097 2544 ΞΠ.

338 2596 377 2632 (1)
393 2595 461 2632 βοᾷ.
476 2596 603 2632 §corial_.,
617 2598 654 2632 μὴ
668 2597 721 2624 τῶν
735 2597 781 2624 τοῦ
796 2598 928 2624 διαϐόλου.

337 2629 379 2664 (Ξ)
393 2630 460 2659 Cod.
479 2631 550 2664 ναι,
566 2629 603 2658 ὧν
617 2629 693 2664 θεός.

337 2666 377 2701 (5)
392 2666 458 2693 Cod.
475 2665 546 2699 Vat.,
562 2668 576 2693 ὁ
592 2668 638 2694 ὲπὶ
657 2668 724 2694 πᾶσι
744 2667 821 2701 Θεὸς,
837 2669 851 2694 ὁ
869 2669 914 2694 ἐπὶ
935 2668 1052 2699 πάντων,
1072 2669 1085 2693 ὁ

300 2701 344 2728 διὰ
357 2701 476 2733 πάντων,
490 2702 505 2727 ὁ
515 2702 544 2728 ἐν
558 2703 623 2728 πᾶσι
639 2702 704 2734 Θεός
718 2703 787 2729 ἐστι.

337 2736 376 2773 (ρ)
389 2736 457 2773 σοι.
478 2735 549 2773 Ῡαιη
570 2737 635 2773 ἰδοὺ
647 2737 700 2773 otes
715 2738 804 2773 ἡμεῖς.

337 2770 377 2805 (5)
391 2771 459 2799 (ὶοᾱ.
479 2770 605 2805 Scorial.,
623 2770 758 2803 εἰπόντες·
777 2772 846 2799 Ἰδοὺ
868 2773 949 2808 ¹ἡμεῖς
968 2771 1086 2807 ὲσόμείά

302 2809 354 2832 σοι.

339 2839 378 2874 (ϐ)
399 2839 467 2867 Cod.
486 2840 546 2868 Vat.
571 2841 672 2868 omittit
689 2841 736 2873 ὡς.
763 2841 824 2869 Mox
849 2841 964 2869 Scorial.
984 2841 1083 2872 codex.

302 2874 367 2909 περί
389 2882 469 2901 τινων
493 2875 621 2912 πρότερον
645 2874 724 2909 ἦσαν.
742 2876 810 2904 Cod.
827 2876 898 2911 Vat.,
922 2876 985 2911 περί
1006 2885 1085 2902 τινων

1137 976 1181 1001 ὅτε
1204 975 1309 1010 μεγάλα
1332 975 1381 1009 μὲν
1402 973 1562 1009 ἐνομίζομεν
1586 973 1633 999 γαὶ
1654 972 1744 1008 ὑψηλά
1761 972 1796 998 τὰ
1816 971 1920 1002 εἴδωλα,

1138 1021 1366 1056 προσεκυνοῦμεν,
1386 1021 1432 1046 καὶ
1452 1018 1596 1055 Θαυμαστὰ
1620 1018 1779 1053 ἐνομίζομεν
1798 1014 1837 1048 οἷς
1858 1016 1921 1042 ὲλα-

1136 1066 1267 1102 τρεύομεν
1276 1074 1282 1081 ·
1295 1065 1342 1093 νῦν
1354 1065 1381 1092 δὲ
1393 1065 1576 1099 κατέγνωμεν,
1587 1064 1628 1090 ὅτι
1638 1064 1729 1090 ἐκεῖνα
1742 1063 1828 1090 πάντα
1837 1061 1921 1096 ψευδῆ

1135 1110 1180 1148 ἦν,
1210 1112 1256 1138 καὶ
1276 1111 1353 1138 οὐδὲν
1382 1111 1527 1146 ἐτύγχανε·
1557 1109 1672 1145 λέγομεν
1699 1108 1920 1144 ὲπιπρὲφοντες”

1139 1157 1250 1188 Ὄντως
1263 1157 1306 1188 εις
1321 1155 1434 1189 ψεῦδος
1449 1155 1531 1189 ἦσαν
1543 1155 1570 1181 οι
1580 1154 1691 1186 βουνοί
1700 1163 1706 1168 ·
1722 1154 1769 1180 καὶ
1783 1154 1863 1188 ἡμεῖς
1876 1161 1924 1178 κα-

1136 1200 1280 1235 ταγνόντες
1294 1200 1348 1226 τῶν
1362 1200 1501 1235 προτέρων
1515 1198 1635 1234 ὑψηλῶν,
1653 1198 1699 1224 καὶ
1715 1197 1769 1223 τῶν
1785 1197 1924 1233 προτέρων

1136 1245 1309 1281 θαυμασίων·
1326 1246 1373 1271 καὶ
1387 1245 1468 1279 τάχα,
1484 1244 1531 1271 ἐὰν
1546 1243 1754 1278 φιλοτεχνῶμεν,
1772 1242 1923 1277 εὑρήσομεν

1136 1292 1185 1325 τὴν
1199 1289 1330 1324 διαφορὰν
1347 1288 1401 1315 τῶν
1418 1290 1447 1314 ὲν
1465 1290 1520 1319 τοῖς
1533 1287 1622 1314 ἔθνεσι
1642 1286 1741 1321 βουνῶν
1758 1286 1805 1312 καὶ
1818 1286 1903 1321 ὁρέων
1914 1293 1920 1299 ·

1137 1336 1216 1363 ἅτινα
1227 1335 1419 1366 καταλιπόντες
1432 1336 1455 1360 οἱ
1471 1335 1592 1366 εἰπόντες
1602 1342 1608 1349 ·
1633 1332 1708 1360 Ἰδοὺ
1725 1331 1829 1358 δοῦλοι
1839 1331 1923 1365 ἡμεῖς

1136 1381 1264 1415 ἐσόμεθά
1278 1389 1338 1409 σοι,
1348 1381 1387 1415 (5)
1397 1380 1439 1406 ὅτι
1447 1379 1488 1406 σὺ
1500 1381 1606 1414 Κύριος
1615 1381 1630 1406 ὁ
1648 1378 1719 1411 Θεὸς
1727 1377 1809 1412 ἡμῶν
1825 1375 1862 1408 εἴ,
1873 1385 1919 1403 κα·

1137 1426 1298 1463 τηγοροῦσιν
1321 1425 1410 1452 αὐτῶν
1426 1426 1463 1458 ὼς
1485 1425 1601 1460 ψευδῶν,
1621 1425 1666 1451 καὶ
1688 1424 1741 1451 τῶν
1757 1424 1858 1459 βουνῶν
1876 1424 1922 1450 καὶ

1136 1473 1190 1499 τῶν
1210 1472 1305 1508 ὀρέων.
1326 1472 1373 1503 Τίς
1392 1469 1437 1498 οὖν
1453 1473 1469 1507 ἡ
1489 1471 1604 1507 διαφορὰ.
1619 1470 1672 1497 τῶν
1693 1471 1721 1497 ὲν
1744 1471 1799 1502 τοῖς
1821 1469 1924 1496 ἔθνεσιν

1136 1519 1220 1555 ὀρέων
1234 1519 1280 1545 καὶ
1291 1517 1402 1553 βουνῶν,
1413 1514 1450 1544 ὦν
1462 1516 1662 1551 κατεγνωκότες
1672 1516 1786 1551 λέγομεν
1794 1524 1800 1530 ·
1816 1516 1924 1548 Ὄντως

1136 1565 1181 1598 εὶς
1200 1563 1313 1598 ψεῦδος
1329 1561 1411 1598 ἦσαν
1426 1564 1453 1589 οὶ
1471 1562 1590 1595 βουνοί,
1615 1561 1664 1588 καὶ
1684 1562 1703 1595 ἠ
1723 1561 1847 1596 δύναμις
1865 1559 1922 1587 τῶν

1138 1611 1247 1646 ὀρέων;
1260 1611 1346 1637 Τοῦτο
1361 1610 1475 1645 λέγομεν
1490 1610 1570 1644 ἡμεῖς
1589 1609 1767 1642 καταγνόντες
1788 1607 1842 1634 τῶν
1858 1615 1923 1641 προ-

1136 1659 1222 1694 τέρων
1232 1667 1238 1673 ·
1254 1657 1289 1684 τὰ
1305 1655 1527 1694 προσκυνούμενα
1543 1655 1618 1690 παρὰ
1635 1655 1691 1686 τοῖς
1707 1654 1805 1686 ἔθνεσι,
1826 1652 1860 1679 τὰ
1875 1653 1923 1688 μὲν

1137 1705 1329 1740 προσκυνεῖται
1347 1703 1385 1734 ὡς
1401 1702 1467 1734 θεοὶ,
1489 1701 1524 1728 τὰ
1542 1701 1568 1728 δὲ
1585 1702 1622 1733 ὼς
1635 1701 1742 1736 ἥρωες·
1764 1699 1922 1735 ὁμολογοῦσι

1137 1750 1189 1786 γὰρ
1207 1751 1302 1777 καύτοὶ
1313 1749 1376 1785 περί
1387 1757 1479 1781 τινων,
1494 1748 1535 1774 ὅτι
1543 1748 1674 1783 πρότερον
1693 1747 1783 1782 θνητοὶ
1795 1744 1877 1781 ἦσαν,
1885 1745 1921 1780 (6)

1136 1796 1183 1823 καὶ
1203 1795 1406 1830 ἀπεθεώθησαν.
1429 1794 1564 1830 Ἠρακλέα
1587 1792 1782 1829 προσκυνοῦσιν
1807 1792 1856 1827 οὐχ
1885 1791 1922 1822 ὡς

1136 1841 1332 1876 γεγεννημένον
1351 1840 1422 1872 θεὸν,
1449 1840 1515 1867 ἀλλὰ
1535 1840 1572 1871 ὡς
1589 1839 1617 1873 ἐξ
1641 1838 1784 1874 ἀνθρώπου
1808 1839 1847 1869 εἰς
1863 1837 1924 1873 θεον

1138 1886 1350 1922 μεταϐληϐέντα·
1373 1886 1536 1922 Ἀσκληπιὸν
1556 1884 1751 1921 προσκυνοῦσιν
1773 1884 1811 1915 ὠς
1832 1884 1861 1915 ἐξ
1875 1884 1922 1910 ἀν-

1137 1932 1252 1967 θρώπων
1261 1933 1294 1958 δι’
1304 1931 1402 1967 ἀρετὴν
1411 1933 1450 1964 εἰς
1461 1932 1521 1958 θεὸν
1535 1930 1748 1966 μεταϐεϐηκότα.
1756 1930 1794 1965 (7)
1805 1930 1888 1956 Ὅταν
1895 1927 1923 1954 δὲ

1138 1978 1309 2012 προσκυνῶσι
1343 1978 1406 2009 τοὺς
1437 1977 1559 2013 πατέρας
1585 1976 1686 2003 τούτων
1711 1974 1923 2011 ὀνομαζομένους

1137 2023 1201 2058 παρ’
1223 2023 1314 2055 αὐτοῖς
1332 2023 1420 2055 Θεοὺς,
1438 2022 1645 2058 προσκυνοῦσιν,
1667 2022 1717 2056 οὐχ
1739 2021 1776 2052 ὡς
1791 2019 1923 2056 μεταϐλη-

1137 2067 1231 2100 Θέντας
1245 2069 1274 2102 ἐξ
1282 2068 1431 2104 ἀνθρώπων
1439 2069 1477 2099 εὶς
1486 2068 1573 2099 θεοὺς,
1588 2067 1644 2094 ἀλλ’
1659 2066 1697 2101 (8)
1708 2066 1744 2096 ὠς
1751 2066 1847 2092 ἐκεῖνοι
1855 2064 1922 2091 οἷον·

1136 2123 1191 2146 ται,
1207 2114 1283 2146 θεοὺς
1295 2114 1414 2150 ἀρχῆθεν
1426 2114 1515 2145 ὄντας.
1533 2114 1658 2140 Ἔσονται
1675 2113 1722 2147 μὲν
1738 2109 1784 2138 οὖν
1798 2111 1823 2137 ot
1840 2110 1923 2145 άρχῆ-

1137 2159 1182 2187 θεν
1200 2160 1248 2195 μὲν
1262 2159 1318 2186 θεοὶ
1333 2160 1506 2194 νομιζόμενοι
1520 2160 1575 2190 τοῖς
1597 2157 1686 2184 ἔθνεσι
1705 2158 1741 2184 τὰ
1761 2157 1815 2190 ὅρη
1833 2156 1882 2182 καὶ
1901 2156 1921 2188 ἠ

1136 2205 1261 2240 δύναμις
1277 2205 1335 2232 τῶν
1355 2205 1446 2239 ὀρέων
1458 2214 1464 2220 ·
1480 2205 1504 2231 οἱ
1518 2205 1545 2231 δὲ
1562 2203 1732 2239 νομιζόμενοι
1751 2201 1815 2237 παρ’
1831 2202 1922 2232 αὐτοῖς

1137 2250 1185 2278 νῦν
1199 2251 1247 2285 μὲν
1263 2249 1332 2277 εἶναι
1346 2250 1411 2280 θεοὶ,
1427 2251 1557 2286 πρότερον
1576 2248 1604 2275 δὲ
1622 2248 1758 2284 ἅνθρωποι
1771 2246 1921 2281 γεγονέναι,

1136 2294 1207 2324 οὗτοί
1221 2296 1288 2322 εἰσιν
1302 2296 1327 2322 οἰ
1340 2295 1438 2330 βουνοιι
1460 2295 1621 2329 Ἐγνωκότες
1631 2292 1676 2321 οὖν
1691 2293 1829 2329 ἀμφότερα
1839 2300 1922 2327 προσ-

1138 2340 1291 2375 κυνούμενα
1313 2340 1449 2375 τάγματα,
1477 2340 1576 2374 φασιν·
1603 2340 1714 2372 Ὄντως
1738 2340 1781 2372 εὶς
1809 2337 1922 2372 ψεῦδος

1137 2383 1219 2420 ἦσαν
1230 2386 1256 2411 οἱ
1265 2384 1371 2417 ,βουνοὶ
1385 2384 1435 2411 καὶ
1449 2385 1468 2418 ὴ
1479 2384 1603 2418 δύναμις
1613 2383 1672 2410 τῶν
1687 2383 1787 2418 ὀρέων.
1801 2383 1858 2409 Νῦν
1868 2383 1923 2417 γὰρ

1141 2429 1372 2465 ὑπολαμϐάνουσιν
1380 2430 1404 2457 οἱ
1411 2430 1447 2465 (9)
1458 2429 1527 2457 αὐτὰ
1532 2429 1716 2465 λατρεύοντες,
1723 2430 1762 2456 ὅτι
1771 2428 1856 2463 ψευδῆ
1863 2428 1922 2454 ἐστι

1135 2596 1213 2633 ἦσαν.
1230 2596 1507 2633 Legendum_conjicit
1523 2596 1685 2629 Gliislerius,
1701 2596 1764 2632 περί
1779 2605 1868 2627 τινων,
1880 2597 1919 2623 ὅτι

1136 2629 1371 2668 ϐνητοὶᾲπρότερον
1385 2629 1464 2668 ἦσαν.

1172 2665 1210 2701 (7)
1314 2665 1387 2702 val”,
1398 2665 1459 2702 ’άλλ’
1474 2667 1511 2698 ὠς
1531 2666 1562 2698 ἐξ
1574 2665 1719 2702 ἀνθρῲπου
1733 2667 1773 2702 εἰς
1787 2665 1903 2702 estw}:

1135 2701 1325 2736 suﬁlqeéwa,
1338 2701 1499 2732 ’Δσκληπιὺν
1515 2700 1709 2736 προσκυνοῦσιν
1725 2701 1762 2732 ὡς
1774 2701 1804 2732 ἐξ
1819 2700 1920 2735 ἀνθρώ-

1137 2746 1195 2763 πων
1206 2735 1239 2763 δι’
1252 2735 1352 2797 (ipa-civ
1366 2737 1483 2767 εῑςΘεὺν
1500 2735 1713 2776 μεταϐεϐηκότα,

1172 2771 1210 2797 (81
1233 2771 1301 2797 Cod.
1350 2775 1400 2797 aL.
1419 2770 1629 2797 μεταϐάλλοντας
1654 2770 1684 2797 ἐξ
1706 2777 1713 2796 ‹

1172 2771 1210 2804 (8)
1233 2769 1301 2798 Cod.
1327 2769 1400 2803 νει..
1418 2769 1634 2805 μεταϐάλλοντας
1654 2770 1684 2802 ἐξ
1706 2769 1862 2805 ἀνθρώπων-
1879 2770 1919 2801 εἰς

1139 2802 1226 2837 θεούς.
1249 2805 1334 2833 Paulo
1351 2802 1498 2840 postfidem
1516 2806 1611 2838 codex,
1631 2805 1738 2832 ἔσονται
1759 2802 1811 2840 ’μὲν
1835 2802 1879 2832 οὖν
1894 2806 1918 2830 οι

1138 2841 1258 2876 ἀρχῆθεν
1274 2841 1323 2875 μὲν
1336 2840 1401 2876 θεοί.
1415 2839 1593 2876 scorialeusis
1609 2848 1673 2867 vero
1687 2839 1796 2874 omittit,
1813 2841 1848 2866 οι.

1174 2874 1212 2910 (9)
1226 2874 1305 2909 Lege,
1318 2875 1347 2901 οὐ
1360 2874 1414 2909 γὰρ
1428 2874 1661 2909 ὑπολαμωνουσιν
