4296 6288
372 231 468 288 ενοι

1547 221 1619 277 IN
1647 221 1995 279 JEREMIAII
2034 219 2314 277 HOMILIA
2348 220 2415 276 ν.

3499 226 3609 298 τοο

373 345 560 402 ταῦτα.
584 344 787 413 Διόπερ
819 340 1021 396 οἷονται
1065 338 1194 404 τοὺς
1225 340 1508 412 χρησμοὺς
1530 342 1625 405 καὶ
1653 341 1751 405 τὰς
1780 341 1942 414 θερα-
1967 345 2017 403 Α
2042 356 2069 396 c

1924 341 2357 403 -Acurationes
2401 353 2559 394 veras
2613 352 2736 394 esse
2783 337 3121 405 existimant,
3175 355 3285 397 non
3335 354 3620 401 cernentes

379 439 534 501 τείας
553 433 804 504 ἀληθινὰς
835 428 976 486 εἶναι
1003 431 1324 505 θεραπείας,
1357 432 1455 504 οὐχ
1485 431 1719 505 ὁρῶντες
1757 432 1941 504 διαφο-

388 530 483 602 ρὰν
530 526 704 597 πάσης
745 524 1050 595 δυνάμεως,
1100 524 1197 578 καὶ
1251 522 1514 594 σημείων,
1562 524 1656 579 καὶ
1699 525 1944 597 τεράτων

382 618 607 684 ψεύδους,
643 617 702 668 ἐν
732 615 883 687 πάσῃ
914 615 1099 687 ἀπάτῃ
1139 614 1352 678 ἀδικίας
1397 617 1511 678 τοῖς
1547 614 1942 685 ἀπολλυμένοις
1986 618 1991 623 “

381 709 681 781 γινομένων,
728 709 867 778 πρὸς
910 708 1090 761 πᾶσαν
1122 706 1347 777 δύναμιν
1378 706 1617 778 σημείων
1655 709 1750 761 καὶ
1781 708 1945 778 τερά-

372 818 471 854 των
502 799 790 872 ἀληθείας·
815 796 889 869 (1)
912 796 948 851 ἃ.
979 798 1078 868 μὲν
1116 797 1224 869 γὰρ
1249 797 1420 851 ἐποίει
1444 798 1678 869 Χριστὸς
1713 798 1940 871 Ἰησοῦς,

368 893 533 947 ταῦτα
582 889 652 964 ἦν
702 893 901 962 σημεῖα
944 889 1222 960 ἀληθείας.
1259 890 1369 943 Καὶ
1410 888 1516 960 πρὸ
1546 889 1724 942 αὐτοῦ
1773 889 1869 960 μὲν
1907 890 1943 943 ἃ

361 985 535 1039 ἐποίει
566 984 795 1054 Μωσῆς,
826 982 1050 1053 δύναμις
1077 978 1144 1054 ἦν
1177 980 1465 1052 ἀληθείας·
1500 979 1536 1033 ἃ
1560 980 1617 1033 δέ
1645 980 1863 1034 ἐποίουν
1892 982 1943 1033 οἰ

358 1074 670 1143 Αἰγύπτιοι,
700 1073 901 1144 σημεῖα
913 1067 980 1143 ἦν
1003 1069 1079 1143 (2)
1103 1071 1197 1125 καὶ
1222 1071 1428 1141 τέρατα
1439 1070 1684 1139 ψεύδους.
1715 1069 1867 1125 Οὕτω
1888 1070 1946 1123 δέ

358 1164 454 1220 καὶ
485 1163 524 1218 ἃ
547 1164 723 1219 ἐποίει
753 1163 934 1233 Σίμων
974 1161 1112 1233 μετὰ
1144 1161 1236 1216 τὸν
1274 1151 1479 1230 Ἰησοῦν
1506 1161 1535 1213 6
1576 1158 1769 1230 μάγος,
1804 1159 1943 1212 ὥστε

353 1258 680 1329 ἀποπλανᾷν
708 1256 767 1310 τὸ
800 1255 950 1320 ἔθνος
975 1255 1073 1327 τῆς
1117 1254 1453 1326 Σαμαρείας,
1496 1252 1590 1306 καὶ
1630 1252 1944 1324 νομίζεσθαι

354 1352 528 1406 αὑτὸν
558 1344 700 1404 εἶναι
730 1347 959 1418 δύναμιν
993 1346 1161 1401 θεοῦ·
1209 1347 1302 1399 καί¹
1341 1344 1480 1399 αὐτὰ
1511 1341 1578 1416 ἦν
1614 1347 1815 1415 σημεῖα
1849 1346 1944 1399 καὶ

352 1442 565 1514 τέρατα
593 1431 840 1510 ψεῦδους.
879 1439 1045 1493 Ὅταν
1071 1432 1164 1491 οὖν
1190 1434 1548 1507 καταγνῶμεν
1579 1436 1822 1498 ἐκείνων,
1856 1433 1946 1488 λέ-

354 1549 531 1603 νομεν
554 1533 605 1585 οἱ
630 1528 1066 1600 κατεγνωκότες·
1100 1530 1316 1594 Ὄντως
1339 1530 1426 1594 είς
1450 1526 1677 1596 ψεῦδος
1695 1522 1862 1597 ἦσαν
1885 1529 1942 1581 οἱ

346 1622 573 1688 ,βουνοί
606 1622 705 1676 καὶ
737 1622 777 1691 ἡ
810 1620 1063 1692 δύναμις
1094 1618 1212 1675 τῶν
1242 1618 1445 1690 ὀρέων.

2045 438 2308 500 quantum
2344 429 2525 484 omnis
2561 429 2735 484 virtus
2784 444 2908 486 cum
2936 430 3241 501 signorum,
3280 438 3397 488 tum
3434 436 3623 505 prodi-

2043 523 2254 593 giorum
2273 520 2425 591 151
2446 520 2740 587 mendacii,
2770 536 2891 590 qua:
2920 521 2975 576 in
3003 522 3149 576 omni
3178 523 3494 594 deceptione
3518 527 3624 581 ini-

2042 613 2270 684 quitatis
2286 613 2423 667 fiunt
2445 612 2511 667 iis
2529 612 2622 683 qui
2658 621 2905 681 pereunt,
2928 613 3139 669 diﬂ‘erat
3166 616 3235 671 ab
3254 616 3407 672 omni
3424 617 3623 673 virtute

2043 704 2321 770 signorum
2349 711 2403 758 et
2426 703 2798 773 prodigiorum
2824 704 3094 762 veritatis.
3127 705 3261 772 Quae
3285 708 3429 762 enim
3458 708 3623 764 Chri-

2043 801 2160 851 stus
2197 791 2356 849 Jesus
2395 793 2647 861 faciebat,
2696 793 2813 850 haec
2837 805 2994 850 erant
3027 796 3185 868 signa
3236 799 3520 867 veritatis;
3566 810 3623 857 et

2044 890 2169 937 ante
2219 886 2398 955 ipsum
2447 886 2665 956 quidem
2711 901 2834 955 qua:
2877 885 3111 942 faciebat
3160 887 3398 960 Moyses,
3447 891 3622 947 virtus

2043 979 2200 1027 erant
2229 974 2516 1029 veritatis:
2550 979 2678 1044 quae
2715 989 2843 1028 vero
2875 973 3113 1047 [Egyptii
3136 974 3433 1043 faciebant,
3468 981 3622 1048 signa

2043 1072 2200 1117 erant
2221 1073 2276 1120 et
2300 1065 2843 1137 prodigi’a‘mendacii
2873 1085 2885 1120 :
2920 1066 3001 1121 sic
3037 1068 3200 1123 etiam
3234 1084 3358 1139 quae
3387 1069 3623 1138 postJe-

2044 1169 2166 1208 sum
2206 1154 2439 1213 faciebat
2494 1158 2682 1215 Simon
2707 1157 2919 1230 Magus,
2969 1170 3029 1214 ut
3075 1169 3290 1232 gentem
3357 1161 3621 1219 Samariae

2043 1244 2324 1318 deciperet
2353 1250 2577 1320 ipseque
2608 1253 2780 1308 virtus
2827 1251 2923 1306 Dei
2955 1267 3078 1307 esse
3126 1262 3432 1322 putaretur,
3469 1255 3621 1326 signa
3730 1304 3744 1317 ,

2042 1345 2199 1391 erant
2234 1347 2291 1393 et
2325 1341 2574 1411 prodigia
2624 1342 2912 1397 mendacii.
2956 1340 3256 1413 Postquam
3305 1344 3474 1416 igitur
3517 1344 3621 1400 ista

2042 1426 2351 1495 rejecimus,
2383 1428 2645 1486 dicimus:
2677 1430 2803 1487 Vere
2830 1432 2885 1486 in
2904 1431 3237 1488 mendacium
3258 1441 3411 1489 crant
3462 1435 3621 1489 colles

2042 1524 2091 1570 et
2121 1516 2381 1586 fortitudo
2412 1524 2693 1579 montium.

427 1710 568 1769 Εἶτα
596 1678 778 1786 ἡμεῖς,
818 1714 867 1767 οί
904 1678 1013 1767 ἀπὸ
1038 1678 1151 1767 τῶν
1183 1678 1373 1780 ἐθνῶν,
1410 1712 1590 1782 ῐσμεν,
1614 1712 1695 1765 ὅτι
1721 1709 1798 1782 τῷ
1830 1728 1939 1765 πα·
1967 1689 2013 1745 Β
2058 1784 2069 1786 _
2097 1678 2123 1786 ’ᾖ

1924 1742 1939 1752 .
1967 1689 2013 1745 Β
2212 1695 2417 1754 Deinde
2460 1716 2582 1767 nos,
2625 1702 2718 1772 qui
2751 1716 2944 1759 sumus
2975 1718 3042 1759 ex
3080 1704 3361 1776 gentibus,
3410 1705 3620 1764 scimus

356 1806 691 1877 ραπτώματι
731 1803 826 1858 τοῦ
889 1804 1106 1876 Ἰσραὴλ
1160 1805 1280 1859 ὁδὸν
1330 1802 1594 1875 ἐλάϐομεν
1645 1803 1936 1876 σωτηρίας,

352 1898 453 1951 καὶ
496 1897 692 1950 ἐκεῖνοι
733 1895 837 1962 ἔξω
876 1895 1011 1950 εἰσὶν
1053 1892 1463 1965 ἐκϐεϐλημένοι,
1504 1891 1662 1965 μέχρι
1704 1893 1766 1947 τὸ
1803 1894 1940 1964 πλή-

352 2000 524 2056 ρωμα
553 1982 716 2055 ⁸ἡμῶν
743 1984 989 2054 εἰσέλθῃ·
1033 1981 1192 2053 ίσμεν
1233 1983 1310 2047 δὲ,
1342 1983 1423 2035 ὅτι
1456 1981 1552 2035 ἐὰν
1576 1983 1638 2036 τὸ
1666 1981 1941 2054 πλήρωμα

349 2075 469 2128 τῶν
491 2074 662 2131 ἐθνῶν
693 2072 927 2143 εἰσέλθῃ,
961 2071 1100 2143 μετὰ
1122 2071 1279 2125 τοῦτο
1311 2073 1420 2135 πᾶς
1458 2071 1672 2143 Ἰσραὴλ
1703 2073 1949 2144 σωθήσε-

350 2183 483 2220 ται·
521 2164 609 2218 διὰ
650 2163 808 2218 τοῦτό
850 2179 1027 2233 φαμεν
1058 2160 1274 2233 πρῶτον
1321 2162 1421 2233 μέν
1459 2162 1551 2215 τό·
1594 2164 1808 2230 Ὄντως
1853 2166 1940 2230 είς

352 2256 592 2326 ψεῦδος
618 2253 782 2325 ἦσαν
805 2256 861 2308 οἱ
881 2254 1097 2318 ,βουνοί
1126 2252 1225 2307 καὶ
1248 2255 1286 2322 ἡ
1315 2253 1567 2323 δύναμις
1591 2251 1712 2331 τῶν·
1735 2252 1936 2323 ὀρέων·

330 2349 612 2420 ιδεύτερον
628 2347 685 2400 δὲ
706 2346 832 2419 περὶ
862 2346 954 2400 τοῦ
983 2345 1199 2417 Ἰσραὴλ
1215 2345 1594 2417 σωθησομένου
1624 2348 1762 2419 μετὰ
1782 2348 1844 2403 τὸ
1861 2348 1937 2420 (3)

351 2440 632 2510 πλήρωμα
659 2438 768 2492 τῶν
794 2436 961 2490 ἐθνῶν
979 2452 992 2465 ·
1016 2435 1195 2503 Πλὴν
1218 2435 1317 2489 διὰ
1337 2437 1560 2504 Κυρίου
1595 2437 1742 2491 Θεοῦ
1770 2437 1941 2507 ἡμῶν

349 2533 391 2600 ἠ
432 2529 700 2599 σωτηρία
741 2528 850 2584 τοῦ
895 2527 1161 2597 Ἰσραήλ.
1205 2528 1358 2581 Ἐπεὶ
1383 2527 1440 2580 δὲ
1481 2521 1630 2593 ἅπαξ
1660 2530 1937 2602 ἐμνήσθη-

354 2638 460 2694 μεν
495 2618 588 2673 τοῦ
622 2620 975 2674 ἁποστολικοῢ
1021 2619 1185 2691 ῥητοῦ
1215 2618 1483 2689 λέγοντος,
1518 2619 1601 2672 ὅτι
1640 2619 1719 2690 τῷ
1757 2636 1939 2692 παρα-

347 2710 633 2782 πτώματι,
666 2705 710 2780 ᾧ
747 2712 1055 2783 παρέπεσεν
1083 2715 1112 2765 ὁ
1149 2709 1383 2783 Ἰσραὴλ,
1410 2712 1444 2783 ἡ
1472 2710 1714 2783 σωτηρία
1743 2711 1934 2780 γέγονε

344 2806 466 2866 τοῖς
495 2801 693 2867 ἔθνεσι,
716 2801 811 2856 ita).
835 2802 960 2856 ὅταν
987 2802 1051 2856 τὸ
1073 2801 1343 2873 πλήρωμα
1375 2801 1482 2854 τῶν
1507 2800 1674 2855 ἐθνῶν
1695 2802 1931 2875 εἰσέλθῃ,

346 2893 459 2961 ἔξω
485 2892 734 2964 μένοντος
762 2892 856 2946 τοῦ
892 2893 1105 2965 Ἰσραὴλ
1136 2892 1272 2965 μετὰ
1300 2893 1361 2946 τὸ
1392 2893 1767 2964 εἰσερχόμενον
1797 2895 1935 2967 πλή-

2038 1783 2234 1840 delicto
2257 1785 2472 1845 Israelis
2498 1791 2638 1844 viam
2672 1806 2771 1846 nos
2796 1791 2988 1846 salutis
3011 1793 3244 1863 cepisse,
3274 1808 3477 1864 eosque
3496 1809 3621 1851 esse

2037 1873 2242 1943 ejectos
2292 1877 2461 1946 foras,
2516 1881 2693 1937 donec
2745 1881 3029 1951 plenitudo
3082 1895 3272 1939 nostra
3316 1885 3616 1941 advenerit.

2041 1964 2259 2023 Scimus
2288 1974 2438 2034 item,
2469 1981 2759 2043 postquam
2786 1973 3072 2043 plenitudo
3099 1976 3341 2043 gentium
3375 1977 3618 2032 intrave-

2040 2071 2132 2133 rit,
2178 2077 2311 2123 tunc
2340 2079 2557 2119 omnem
2608 2061 2779 2118 Israel
2813 2063 3024 2118 salvum
3060 2063 3303 2120 futurum
3354 2085 3369 2122 :
3416 2068 3622 2124 idcirco

2041 2162 2279 2232 primum
2335 2156 2554 2229 quidem
2611 2153 2846 2211 dicimus
2891 2174 2906 2211 :
2980 2155 3111 2211 Vere
3155 2159 3211 2212 in
3289 2159 3620 2217 mendacium

2039 2267 2191 2312 erant
2223 2255 2382 2308 colles
2411 2262 2460 2307 et
2503 2249 2769 2321 fortitudo
2803 2251 3097 2316 montium;
3136 2252 3332 2309 deinde
3364 2255 3619 2314 addimus

2039 2347 2106 2402 de
2126 2343 2386 2401 salvando
2409 2351 2531 2412 post
2554 2338 2946 2410 plenitudinem
2971 2339 3215 2410 gentium
3243 2341 3408 2396 Israel
3467 2361 3482 2398 :
3521 2343 3618 2400 Ve-

2039 2446 2335 2492 rumtamen
2366 2450 2459 2504 per
2488 2432 2769 2485 Dominum
2791 2431 2959 2485 Deum
2981 2443 3221 2487 nostrum
3244 2437 3392 2491 salus
3423 2436 3617 2498 Israel.

2038 2530 2307 2598 Quoniam
2329 2535 2513 2581 autem
2544 2523 2712 2579 semel
2744 2524 3026 2593 apostolici
3052 2534 3236 2582 textus
3267 2530 3620 2587 meminimus

2036 2622 2286 2684 dicentis,
2317 2618 2514 2675 delicto
2543 2632 2655 2687 quo
2688 2617 2895 2671 corruit
2919 2616 3105 2684 Israel,
3147 2619 3383 2674 salutem
3429 2631 3606 2681 ortam

2035 2715 2322 2787 gentibus;
2371 2718 2426 2766 et
2477 2710 2699 2780 quando
2746 2708 3028 2778 plenitudo
3072 2711 3317 2779 gentium
3359 2713 3619 2784 intrarit,

2035 2806 2201 2863 Israel
2228 2804 2363 2861 foris
2408 2810 2681 2866 manente,
2733 2808 2858 2870 post
2900 2800 3209 2873 ingressum
3265 2802 3616 2873 plenitudinis

2036 2898 2303 2971 gentium,
2338 2908 2554 2950 omnem
2584 2889 2755 2947 Israel
2809 2891 3021 2947 salvum
3072 2891 3209 2956 fore,
3243 2896 3503 2965 agedum,
3552 2916 3616 2956 ea

348 3000 522 3056 ρωμα
570 2984 677 3037 τῶν
733 2982 922 3050 ἐθνῶν,
979 2983 1100 3037 τότε
1151 2985 1259 3049 πᾶς
1327 2983 1543 3056 Ἰσραὴλ
1598 2985 1928 3056 σωθήσεται·
1960 3014 2044 3077 σε

1920 3002 1928 3016 ’
1960 3016 2003 3077 c
2038 3007 2161 3062 quae
2188 2991 2255 3044 ad
2282 2989 2398 3043 haec
2427 2987 2548 3040 loca
2586 2984 2880 3055 pertinent,
2904 2985 3259 3052 explicemus.
3292 2986 3423 3043 Erat
3450 2988 3616 3045 Israel

346 3076 513 3148 φέρε,
558 3073 630 3128 τὰ
671 3072 813 3127 κατὰ
853 3073 980 3138 τοὺς
1028 3073 1224 3138 τόπους
1265 3073 1486 3138 τούτους
1519 3074 1931 3147 ἀναπτύξωμεν.

342 3161 461 3220 Ἦν
508 3164 723 3236 Ἰσραὴλ
747 3165 1070 3235 σωζόμενος.
1119 3163 1404 3230 Ἐξέπεσεν
1428 3166 1456 3219 ὁ
1484 3165 1652 3231 πολὺς
1685 3167 1931 3239 Ἰσραήλ·

343 3258 492 3313 ἀλλὰ
539 3256 758 3329 λεζμμα
803 3258 930 3311 κατ’
969 3256 1236 3326 ἐκλογὴν
1260 3255 1498 3326 χάριτος
1535 3257 1772 3329 γέγονε·
1809 3260 1936 3331 περί

343 3345 404 3406 οὗ
440 3348 748 3419 λείμματος
786 3346 1064 3419 μυστικῶς
1098 3350 1156 3401 ἐν
1203 3348 1359 3420 Ἠλίᾳ
1382 3347 1627 3403 λέλεκται
1647 3366 1660 3380 ·
1689 3348 1937 3405 Κατέλι-

344 3458 474 3498 πον
498 3440 730 3512 ἐμαυτῷ
757 3441 1247 3509 ἑπτακισχιλίους
1275 3440 1498 3509 ἄνδρας
1515 3482 1531 3507 ,
1576 3443 1795 3509 οἵτινες
1821 3444 1933 3498 οὐκ

342 3534 638 3602 ἔκαμψαν
660 3532 809 3602 γόνυ
846 3530 922 3601 τῇ
957 3530 1141 3586 Βαάλ.
1184 3534 1293 3586 Καὶ
1321 3533 1641 3604 ἑρμηνεύων
1672 3533 1801 3605 περὶ
1836 3533 1931 3587 τοῦ

341 3623 652 3694 λείμματος
681 3620 867 3675 τούτου
887 3621 915 3673 6
950 3621 1268 3685 Ἀπόστολός
1297 3639 1461 3694 φησιν
1483 3638 1498 3652 ·
1534 3622 1651 3692 'Ap'
1683 3618 1798 3678 οὖν
1831 3622 1929 3677 καὶ

340 3713 411 3769 ἂν
456 3710 540 3777 τῷ
574 3711 692 3766 νῦν
730 3710 913 3779 καιρῷ
959 3712 1178 3781 λεῖμμα
1206 3712 1333 3766 κατ’
1382 3713 1646 3782 ἐκλογὴν
1690 3712 1931 3784 χάριτος

341 3805 616 3875 γέγονεν.
650 3802 857 3858 Οὐκοῦν
878 3803 971 3858 τοῦ
1010 3803 1227 3878 Ἰσραὴλ
1261 3806 1339 3875 (4)
1360 3805 1569 3877 λεῖμμα
1601 3808 1926 3879 σωζόμενον,

342 3896 799 3967 καταλειφθέντος
828 3896 924 3950 τοῦ
961 3896 1199 3970 Ἰσραήλ.
1229 3898 1415 3952 Ταῦτα
1446 3899 1505 3953 δὲ
1529 3899 1621 3954 δύο
1649 3901 1926 3972 τάγματα,

343 3993 391 4045 εἰ
426 3988 652 4052 δυνατὸς
687 3985 757 4053 εἰ,
799 3987 1076 4060 μεταγαγέ
1121 4005 1211 4059 μοι
1252 3990 1346 4044 καὶ
1377 3990 1470 4043 ἐπὶ
1509 3993 1636 4056 τοὺς
1667 3993 1777 4046 ἀπὸ
1820 3991 1930 4046 τῶν

342 4077 551 4132 ἐθνῶν·
586 4079 645 4134 οὐ
679 4078 787 4150 γὰρ
821 4075 1003 4132 εἶπεν·
1055 4077 1223 4131 ’Ὀταν
1252 4079 1429 4133 πάντα
1474 4080 1542 4134 τὰ
1581 4080 1708 4152 ἔθνη
1756 4081 1927 4151 σωθῇ,

340 4173 470 4226 τότε
508 4170 617 4233 πᾶς
670 4168 887 4240 Ἰσραὴλ
920 4167 1256 4239 σωθήσεται·
1299 4169 1438 4234 ἀλλ’,
1468 4170 1638 4225 Ὅταν
1687 4170 1748 4224 τὸ
1794 4169 1929 4242 πλή-

344 4279 511 4335 ρωμα
534 4261 643 4315 τῶν
677 4260 847 4314 ἐθνῶν
873 4259 1108 4332 εἰσέλθῃ,
1137 4260 1260 4314 τότε
1293 4262 1403 4324 πᾶς
1445 4261 1664 4334 Ἰσραὴλ
1693 4261 1928 4335 σωθήσε-

2037 3085 2131 3153 qui
2161 3082 2494 3143 salvabatur,
2526 3076 2725 3133 excidit
2761 3092 2954 3147 magna
2988 3092 3114 3145 pars
3154 3075 3340 3144 Israel,
3373 3081 3466 3135 sed
3491 3081 3620 3139 reli-

2036 3180 2176 3247 quiw
2200 3173 2486 3228 secundum
2509 3170 2697 3241 gratia:
2741 3167 3041 3222 electionem
3086 3167 3245 3236 facta:
3274 3182 3396 3224 sunt
3422 3172 3500 3239 ης
3548 3173 3617 3230 de

2036 3267 2235 3336 quibus
2265 3263 2492 3336 mystice
2514 3263 2570 3316 in
2605 3259 2720 3315 Elia
2752 3259 2957 3313 dictutn
2989 3268 3072 3313 est
3099 3278 3112 3313 :
3144 3259 3357 3332 Reliqui
3379 3265 3509 3319 ini/ii
3533 3281 3616 3319 se-

2033 3366 2175 3429 ptem
2199 3355 2370 3410 miltia
2394 3357 2647 3420 virorum,
2673 3351 2764 3423 qui
2788 3367 2889 3404 non
2913 3362 3263 3406 curvaverant
3297 3370 3467 3423 genua
3490 3365 3616 3409 ante

2034 3447 2173 3501 Baal
2203 3447 2287 3515 9';
2317 3445 2463 3515 quod
2494 3444 2854 3513 interpretans
2892 3441 2959 3495 de
2991 3441 3142 3498 hisce
3190 3443 3438 3513 reliquiis
3468 3445 3616 3514 Apo-

2034 3539 2209 3594 stolus
2239 3539 2316 3591 ait
2347 3557 2360 3591 :
2394 3537 2484 3590 Sic
2522 3551 2645 3606 ergo
2688 3536 2744 3588 in
2776 3535 2873 3589 hoc
2899 3543 3128 3604 tempore
3161 3535 3398 3606 reliquid:
3428 3551 3602 3588 secun-

2032 3629 2160 3683 dum
2187 3628 2493 3683 electionem
2531 3629 2722 3698 gratia:
2747 3626 2907 3682 salvae
2933 3626 3094 3696 factm
3138 3635 3280 3680 sunt.
3307 3626 3498 3695 Itaque
3536 3625 3614 3681 Is-

2032 3720 2145 3776 rael
2197 3720 2443 3777 derelicti
2492 3719 2735 3790 reliquia:
2787 3718 3085 3773 salvandae.
3140 3714 3298 3770 Hunc
3340 3717 3611 3787 duplicem

2031 3810 2302 3877 ordinem,
2334 3810 2379 3866 si
2412 3819 2588 3879 potes,
2630 3807 2886 3875 transfer,
2937 3820 3147 3877 quaeso,
3181 3807 3344 3863 etiam
3399 3807 3467 3862 ad
3516 3823 3611 3866 eos

2029 3905 2124 3976 qui
2150 3918 2217 3958 ex
2247 3903 2499 3973 gentibus
2529 3910 2679 3956 sunt.
2704 3897 2824 3954 Non
2856 3900 3000 3956 enim
3038 3899 3177 3955 dixit
3203 3918 3218 3958 :
3254 3900 3390 3956 Cum
3419 3918 3609 3959 omnes

2029 4004 2218 4068 gentes
2244 3995 2408 4050 salvae
2435 3992 2592 4048 factae
2619 3992 2840 4060 fuerint,
2865 3999 2997 4047 tunc
3024 3993 3207 4050 omnis
3234 3994 3398 4050 Israel
3423 3996 3610 4052 salvus

2029 4087 2168 4150 erit;
2195 4085 2289 4140 sed
2316 4100 2330 4136 :
2357 4082 2497 4136 Cum
2526 4080 2814 4151 plenitudo
2842 4083 3085 4152 gentium
3129 4085 3440 4152 intraverit,
3478 4094 3610 4142 tunc

2028 4173 2209 4229 omnis
2235 4171 2401 4228 Israel
2429 4170 2613 4225 salvus
2643 4169 2830 4225 erit“.
2863 4167 2982 4226 Non
3011 4171 3192 4241 portio
3225 4171 3391 4228 Israel
3427 4176 3610 4231 salva—

2027 4267 2176 4322 hitur
2215 4272 2343 4334 post
2380 4277 2570 4316 omnes
2602 4270 2818 4331 gentes,
2863 4263 2961 4319 sed
2993 4273 3118 4335 post
3150 4264 3392 4337 gentium
3428 4269 3605 4337 pleni-

339 4370 456 4409 ται.
490 4349 565 4407 Οὒ
594 4368 677 4415 τις
715 4349 931 4423 Ἰσραὴλ
959 4349 1261 4421 σωθήσεται
1296 4351 1435 4421 μετὰ
1464 4351 1643 4406 πάντα
1671 4351 1742 4406 τὰ
1769 4352 1921 4424 ἔθνη,
1951 4352 1999 4408 D
2030 4369 2035 4414 ι

1910 4352 1999 4420 ,D
2030 4359 2292 4415 tudinem.
2344 4354 2401 4410 Si
2435 4354 2560 4426 quis
2603 4363 2804 4424 potest,
2840 4357 3121 4415 residuum
3170 4359 3357 4430 (prout
3403 4362 3606 4431 reperit

340 4444 483 4502 ἀλλὰ
508 4442 647 4516 μετὰ
665 4442 729 4496 τὸ
754 4441 1027 4515 πλήρωμα
1053 4440 1162 4495 τῶν
1191 4442 1378 4497 ἐθνῶν.
1407 4442 1573 4507 Eii-ct;
1597 4444 1839 4512 δύναται,
1863 4448 1923 4501 τὸ

340 4536 552 4603 λοιπὸν,
588 4534 799 4605 (ὥσπερ
826 4529 950 4605 εὗρε
978 4534 1069 4588 τὸν
1116 4534 1330 4611 Ἰσραὴλ
1360 4535 1665 4608 σωζόμενον
1692 4539 1830 4609 μετὰ
1861 4539 1923 4593 τὸ

342 4630 620 4704 πλήρωμα
660 4627 770 4682 τῶν
817 4626 1043 4698 ἐθνῶν,)
1090 4626 1282 4691 διαϐὰς
1330 4627 1413 4700 τῷ,
1452 4629 1613 4701 λόγῳ,
1656 4648 1925 4705 κατανοη-

344 4721 514 4785 σάτω,
542 4722 624 4775 ὅτι
645 4720 721 4791 (5)
740 4720 869 4773 ποτέ
886 4720 1082 4782 πάντες
1114 4718 1633 4786 δουλεύσουσι,κατὰ
1658 4722 1724 4775 τὰ
1753 4723 1810 4777 ἐν
1842 4721 1920 4794 τῷ

341 4813 575 4885 Σοφονίςι
611 4813 893 4885 εἰρημένα,
935 4810 1011 4883 τῷ
1054 4811 1175 4882 Θεῷ
1208 4812 1314 4865 ὑπὸ
1350 4812 1514 4880 ζυγὸν
1555 4813 1673 4879 ἕνα,
1710 4815 1804 4868 καὶ
1852 4816 1919 4872 ἐκ

343 4906 594 4977 περάτων
627 4904 912 4967 Αἰθιοπίας
944 4905 1147 4959 οἴσουσι
1186 4903 1376 4968 θυσίας
1405 4903 1584 4976 αὐτῷ·
1618 4905 1721 4969 ὅτι,
1756 4906 1833 4971 ὡς
1859 4909 1918 4961 ἐν

346 4997 422 5063 εξ*
451 4998 663 5067 λέγεται
690 4997 761 5068 (6)
780 4995 997 5069 ψαλμῷ,
1016 4996 1285 5052 Αἰθιοπία
1295 4996 1626 5066 προφθάσει
1640 4997 1922 5066 χεῖρααὺ-

346 5088 455 5157 τῆς
484 5088 564 5155 τῷ
591 5088 743 5153 θεῷ·
785 5088 880 5145 καὶ
909 5089 1028 5150 ταῖς
1059 5087 1353 5155 βασιλείαις
1391 5088 1492 5159 τῆς
1515 5088 1617 5160 γῆς
1647 5091 1918 5162 προστάσ-

2024 4453 2277 4511 Israelem
2305 4448 2665 4527 salvum'fore
2695 4458 2818 4519 post
2862 4451 3107 4521 gentium
3139 4450 3594 4524 plenitudinem),

2022 4545 2233 4601 ratione
2266 4557 2590 4614 percurrens
2623 4541 2844 4613 cOgitet,
2872 4556 3067 4597 omnes
3114 4542 3410 4612 aliquando
3444 4546 3604 4615 juxta

2022 4638 2116 4694 illa
2146 4651 2268 4708 quae
2296 4635 2351 4690 in
2383 4632 2659 4705 Sophonia
2693 4632 2838 4688 dicta
2860 4640 3010 4699 sunt,
3041 4634 3343 4693 servituros
3370 4633 3482 4695 Deo
3498 4639 3602 4695 sub

2020 4727 2153 4797 jugo
2184 4739 2317 4791 uno,
2344 4732 2399 4780 et
2430 4725 2497 4778 de
2525 4722 2725 4778 finibus
2751 4720 3043 4792 Ethiopia:
3060 4722 3323 4779 allaturos
3351 4726 3600 4783 victimas

2020 4817 2104 4883 ei;
2130 4815 2259 4886 quia
2292 4814 2496 4871 sicutin
2511 4812 2720 4885 psalmo
2741 4813 3079 4883 sexagesimo
3101 4816 3333 4886 septimo
3347 4818 3549 4875 dicitur
3579 4838 3594 4877 :

2021 4908 2300 4978 Ethiopia
2335 4905 2495 4977 152
2511 4905 2787 4973 prwveniet
2821 4922 3008 4959 manus
3043 4907 3157 4976 ejus
3188 4908 3331 4977 Deo,
3363 4921 3418 4966 et
3451 4912 3597 4985 regi-

2023 5001 2125 5056 bus
2159 5009 2316 5054 terrae
2343 4998 2589 5068 praecipit
2615 5010 2795 5050 sermo
2822 4997 3011 5052 dicens
3036 5016 3049 5051 :
3081 4998 3309 5054 Cantate
3345 4998 3595 5070 Domino,

2021 5090 2232 5162 psallite
2262 5088 2367 5142 Deo
2394 5086 2561 5141 Iacob
2582 5086 2650 5142 ".

349 5201 428 5237 σει
464 5182 498 5236 6
530 5181 686 5254 λόγος
714 5182 887 5251 λέγων
904 5197 918 5212 ·
947 5183 1168 5251 ’ᾼσατε
1196 5178 1276 5247 τῷ
1316 5184 1528 5253 Κυρίῳ,
1565 5184 1803 5256 Wars
1834 5184 1915 5253 τῷ
1953 5186 2074 5253 Θεῷ
2119 5183 2341 5242 Ἰακώϐ.

414 5320 458 5355 ’⁸
491 5320 651 5376 Rom.
675 5337 750 5388 τι,
784 5319 839 5378 5.
911 5318 960 5352 "
983 5317 1052 5374 III
1083 5316 1214 5390 Reg.
1240 5319 1487 5405 x1518;
1538 5322 1695 5380 Rom.
1735 5338 1811 5388 xl,
1843 5324 1897 5378 ι.
1972 5323 2021 5357 οι
2059 5321 2110 5379 [ι.

1482 5341 1487 5387 ;
1538 5322 1695 5380 Rom.
1735 5338 1811 5388 xi,
1843 5324 1897 5378 ι.
1972 5323 2021 5357 ’⁸
2059 5321 2216 5379 Rom.
2257 5336 2337 5388 ιι,
2368 5319 2460 5376 26.
2534 5317 2749 5374 “Psal-
2780 5332 2949 5382 LXVII.
2972 5317 3062 5384 52,
3089 5320 3178 5377 33-

412 5436 491 5507 (ί)
519 5435 654 5493 Cod.
679 5434 824 5507 δῖοι,
852 5435 1100 5507 ἀληθοῦς.

414 5506 494 5636 gi
514 5508 652 5632 ἓξὲξ
681 5505 1213 5636 ἒῖξιτιαῗξμτῗξῖιμτξξ
1226 5502 1313 5636 ait

417 5574 1213 5673 -εὺοοεζιιμζπερίτοῦ
1249 5574 1480 5673 Ἰσραὴλ,
1516 5597 1682 5664 αὑτὸν
1718 5582 1916 5657 σωθηο

350 5646 565 5717 uiuum
599 5646 737 5716 μετὰ
760 5648 843 5702 τό.

2092 5438 2172 5510 (4)
2198 5436 2336 5497 Cod.
2356 5433 3033 5521 ‘Vat2'06106v_’lgpai1},‘
3047 5437 3150 5494 κᾶν
3178 5437 3386 5513 λεῖμμα
3420 5453 3591 5521 σωςά

2028 5503 2187 5632 “liii
2209 5506 2665 5632 ἐξιατὲἐὲᾟέῗὲ
2674 5503 3063 5631 εἷὲἓςιἾᾶῗῗήλ

2123 5578 2156 5634 5
2209 5578 2266 5631 In
2313 5578 2436 5632 cod.
2473 5578 2856 5634 Vatic..dcestl

2096 5581 2177 5723 (6;
2228 5646 2365 5707 Cod.
2388 5645 2562 5705 Yatic.
2586 5645 2856 5713 λέλεκται.

4061 3307 4070 3324 τ

4061 3351 4072 3364 α

4063 3383 4072 3412 1

4067 3677 4076 3710 ξ

4069 3751 4076 3768 Ι

4067 3777 4074 3796 ι

4069 4069 4076 4098 Ξ

4067 4101 4076 4132 ’ί

4067 4243 4076 4264 ἐ

4069 4469 4076 4512 ἱ

4073 4645 4078 4664 ι

4071 4779 4078 4790 ε

4073 4793 4080 4820 ι

4071 4839 4078 4858 ι

4077 4939 4080 4950 ι

4077 4971 4082 4982 1
