  <div class='ocr_page' id='page_1' title='image "/cluster/home/n/w/nwhite01/storage/ocr_20150623/13/mdp.39015007036059/156.png"; bbox 0 0 4296 6288; ppageno 0'>
   <div class='ocr_carea' id='block_1_1' title="bbox 334 399 434 460">
    <p class='ocr_par' dir='ltr' id='par_1_1' title="bbox 334 399 434 460">
     <span class='ocr_line' id='line_1_1' title="bbox 334 399 434 460; baseline 0 0"><span class='ocrx_word' id='word_1_1' title='bbox 334 399 434 460; x_wconf 71' lang='lat'><strong>305</strong></span> 
     </span>
    </p>
   </div>
   <div class='ocr_carea' id='block_1_2' title="bbox 1538 399 2400 459">
    <p class='ocr_par' dir='ltr' id='par_1_2' title="bbox 1538 399 2400 459">
     <span class='ocr_line' id='line_1_2' title="bbox 1538 399 2400 459; baseline -0.005 -1"><span class='ocrx_word' id='word_1_2' title='bbox 1538 403 1603 459; x_wconf 76' lang='lat' dir='ltr'><strong>IN</strong></span> <span class='ocrx_word' id='word_1_3' title='bbox 1639 399 1983 458; x_wconf 76' lang='lat' dir='ltr'><strong>JEREMIAM</strong></span> <span class='ocrx_word' id='word_1_4' title='bbox 2021 401 2296 457; x_wconf 71' lang='lat' dir='ltr'><strong>HOMIL&#39;A</strong></span> <span class='ocrx_word' id='word_1_5' title='bbox 2338 402 2400 455; x_wconf 87' lang='lat' dir='ltr'><strong>V.</strong></span> 
     </span>
    </p>
   </div>
   <div class='ocr_carea' id='block_1_3' title="bbox 3459 384 3560 453">
    <p class='ocr_par' dir='ltr' id='par_1_3' title="bbox 3459 384 3560 453">
     <span class='ocr_line' id='line_1_3' title="bbox 3459 384 3560 453; baseline 0.02 -2"><span class='ocrx_word' id='word_1_6' title='bbox 3459 384 3560 453; x_wconf 71' lang='lat' dir='ltr'><strong>seti</strong></span> 
     </span>
    </p>
   </div>
   <div class='ocr_carea' id='block_1_4' title="bbox 338 507 2034 590">
    <p class='ocr_par' dir='ltr' id='par_1_4' title="bbox 338 512 2029 590">
     <span class='ocr_line' id='line_1_4' title="bbox 338 512 2029 590; baseline -0.005 -18"><span class='ocrx_word' id='word_1_7' title='bbox 338 517 372 590; x_wconf 82' lang='grc' dir='ltr'>ἢ</span> <span class='ocrx_word' id='word_1_8' title='bbox 406 515 494 572; x_wconf 68' lang='grc' dir='ltr'>δπὸ</span> <span class='ocrx_word' id='word_1_9' title='bbox 520 515 991 587; x_wconf 77' lang='grc' dir='ltr'>Ναϐουχοδονόσορ,</span> <span class='ocrx_word' id='word_1_10' title='bbox 1042 515 1179 570; x_wconf 87' lang='grc' dir='ltr'><strong>ἀλλά</strong></span> <span class='ocrx_word' id='word_1_11' title='bbox 1200 514 1304 569; x_wconf 74' lang='grc' dir='ltr'>ὑπὸ</span> <span class='ocrx_word' id='word_1_12' title='bbox 1334 515 1423 568; x_wconf 82' lang='grc' dir='ltr'><strong>τὸν</strong></span> <span class='ocrx_word' id='word_1_13' title='bbox 1450 514 1609 567; x_wconf 71' lang='grc' dir='ltr'>καλὸν</span> <span class='ocrx_word' id='word_1_14' title='bbox 1640 512 1891 582; x_wconf 84' lang='grc' dir='ltr'>ποιμένα.</span> <span class='ocrx_word' id='word_1_15' title='bbox 1926 516 1970 572; x_wconf 77' lang='grc' dir='ltr'>Α</span> <span class='ocrx_word' id='word_1_16' title='bbox 2004 532 2029 568; x_wconf 87' lang='lat' dir='ltr'><strong>r</strong></span> 
     </span>
    </p>
   </div>
   <div class='ocr_carea' id='block_1_5' title="bbox 1861 507 3557 590">
    <p class='ocr_par' dir='ltr' id='par_1_5' title="bbox 1861 507 3557 579">
     <span class='ocr_line' id='line_1_5' title="bbox 1861 507 3557 579; baseline -0.001 -15"><span class='ocrx_word' id='word_1_17' title='bbox 1861 529 1891 564; x_wconf 88' lang='grc' dir='ltr'><strong>ι.</strong></span> <span class='ocrx_word' id='word_1_18' title='bbox 1926 516 1970 572; x_wconf 78' lang='grc' dir='ltr'>Α</span> <span class='ocrx_word' id='word_1_19' title='bbox 2004 515 2194 577; x_wconf 88' lang='lat' dir='ltr'><strong>raoni,</strong></span> <span class='ocrx_word' id='word_1_20' title='bbox 2252 512 2333 566; x_wconf 87' lang='lat' dir='ltr'><strong>vel</strong></span> <span class='ocrx_word' id='word_1_21' title='bbox 2387 507 2935 573; x_wconf 82' lang='lat' dir='ltr'><strong>Nabuchodonosori,</strong></span> <span class='ocrx_word' id='word_1_22' title='bbox 3002 508 3095 561; x_wconf 89' lang='lat' dir='ltr'><strong>sed</strong></span> <span class='ocrx_word' id='word_1_23' title='bbox 3141 508 3285 562; x_wconf 89' lang='lat' dir='ltr'><strong>bono</strong></span> <span class='ocrx_word' id='word_1_24' title='bbox 3335 520 3557 579; x_wconf 71' lang='grc' dir='ltr'>ρειειοιι.</span> 
     </span>
    </p>
   </div>
   <div class='ocr_carea' id='block_1_6' title="bbox 399 604 1888 678">
    <p class='ocr_par' dir='ltr' id='par_1_6' title="bbox 399 604 1888 678">
     <span class='ocr_line' id='line_1_6' title="bbox 399 604 1888 678; baseline -0.004 -15"><span class='ocrx_word' id='word_1_25' title='bbox 399 608 492 663; x_wconf 77' lang='grc' dir='ltr'><strong>Καὶ</strong></span> <span class='ocrx_word' id='word_1_26' title='bbox 514 608 769 676; x_wconf 78' lang='grc' dir='ltr'>αἰσχύνη</span> <span class='ocrx_word' id='word_1_27' title='bbox 801 604 916 662; x_wconf 73' lang='grc' dir='ltr'>οὖν</span> <span class='ocrx_word' id='word_1_28' title='bbox 941 607 1328 676; x_wconf 78' lang='grc' dir='ltr'><strong>κατηνάλωσε</strong></span> <span class='ocrx_word' id='word_1_29' title='bbox 1356 606 1430 678; x_wconf 82' lang='grc'><strong>(1)</strong></span> <span class='ocrx_word' id='word_1_30' title='bbox 1461 605 1600 671; x_wconf 80' lang='grc' dir='ltr'>τοὺς</span> <span class='ocrx_word' id='word_1_31' title='bbox 1619 607 1888 674; x_wconf 81' lang='grc' dir='ltr'><strong>μόχθους</strong></span> 
     </span>
    </p>
   </div>
   <div class='ocr_carea' id='block_1_7' title="bbox 335 695 1888 770">
    <p class='ocr_par' dir='ltr' id='par_1_7' title="bbox 335 695 1888 770">
     <span class='ocr_line' id='line_1_7' title="bbox 335 695 1888 770; baseline -0.005 -16"><span class='ocrx_word' id='word_1_32' title='bbox 335 701 438 754; x_wconf 80' lang='grc' dir='ltr'>τῶν</span> <span class='ocrx_word' id='word_1_33' title='bbox 460 701 724 770; x_wconf 71' lang='grc' dir='ltr'>πατέρων</span> <span class='ocrx_word' id='word_1_34' title='bbox 752 699 923 769; x_wconf 69' lang='grc' dir='ltr'>’ἡμῶν</span> <span class='ocrx_word' id='word_1_35' title='bbox 946 698 1065 754; x_wconf 85' lang='grc' dir='ltr'><strong>ἀπὸ</strong></span> <span class='ocrx_word' id='word_1_36' title='bbox 1088 701 1370 767; x_wconf 83' lang='grc' dir='ltr'>νεότητος</span> <span class='ocrx_word' id='word_1_37' title='bbox 1396 696 1614 762; x_wconf 83' lang='grc' dir='ltr'>αὐτῶν,</span> <span class='ocrx_word' id='word_1_38' title='bbox 1640 695 1714 749; x_wconf 85' lang='grc' dir='ltr'>τὰ</span> <span class='ocrx_word' id='word_1_39' title='bbox 1745 695 1888 763; x_wconf 80' lang='grc' dir='ltr'>πρό-</span> 
     </span>
    </p>
   </div>
   <div class='ocr_carea' id='block_1_8' title="bbox 328 776 1888 859">
    <p class='ocr_par' dir='ltr' id='par_1_8' title="bbox 328 776 1888 859">
     <span class='ocr_line' id='line_1_8' title="bbox 328 776 1888 859; baseline -0.004 -12"><span class='ocrx_word' id='word_1_40' title='bbox 328 794 453 847; x_wconf 79' lang='lat' dir='ltr'><strong>6am</strong></span> <span class='ocrx_word' id='word_1_41' title='bbox 480 786 701 851; x_wconf 81' lang='grc' dir='ltr'>αὐτῶν.</span> <span class='ocrx_word' id='word_1_42' title='bbox 728 792 827 847; x_wconf 79' lang='grc' dir='ltr'><strong>καί</strong></span> <span class='ocrx_word' id='word_1_43' title='bbox 860 792 1002 859; x_wconf 86' lang='grc' dir='ltr'>τοὺς</span> <span class='ocrx_word' id='word_1_44' title='bbox 1021 776 1179 858; x_wconf 58' lang='grc' dir='ltr'>,ϐ’όας</span> <span class='ocrx_word' id='word_1_45' title='bbox 1212 789 1429 847; x_wconf 86' lang='grc' dir='ltr'>αὐτῶν.</span> <span class='ocrx_word' id='word_1_46' title='bbox 1460 791 1644 843; x_wconf 84' lang='grc' dir='ltr'><strong>Ἔστιν</strong></span> <span class='ocrx_word' id='word_1_47' title='bbox 1672 790 1729 842; x_wconf 81' lang='grc' dir='ltr'><strong>ἐν</strong></span> <span class='ocrx_word' id='word_1_48' title='bbox 1758 790 1888 858; x_wconf 81' lang='grc' dir='ltr'>ἡμῖν</span> 
     </span>
    </p>
   </div>
   <div class='ocr_carea' id='block_1_9' title="bbox 324 877 1884 954">
    <p class='ocr_par' dir='ltr' id='par_1_9' title="bbox 324 877 1884 954">
     <span class='ocr_line' id='line_1_9' title="bbox 324 877 1884 954; baseline -0.003 -20"><span class='ocrx_word' id='word_1_49' title='bbox 324 883 583 951; x_wconf 79' lang='grc' dir='ltr'><strong>γεωργοῦν</strong></span> <span class='ocrx_word' id='word_1_50' title='bbox 617 884 785 954; x_wconf 82' lang='grc' dir='ltr'>ἡμᾶς,</span> <span class='ocrx_word' id='word_1_51' title='bbox 820 882 938 954; x_wconf 77' lang='grc' dir='ltr'>ἤτοι</span> <span class='ocrx_word' id='word_1_52' title='bbox 951 883 1007 935; x_wconf 82' lang='grc' dir='ltr'>δὲ</span> <span class='ocrx_word' id='word_1_53' title='bbox 1023 881 1207 943; x_wconf 83' lang='grc' dir='ltr'>κακῶς</span> <span class='ocrx_word' id='word_1_54' title='bbox 1223 881 1521 953; x_wconf 75' lang='grc' dir='ltr'><strong>γεωργοῦν,</strong></span> <span class='ocrx_word' id='word_1_55' title='bbox 1540 877 1669 946; x_wconf 75' lang='grc' dir='ltr'>εἶ’γε</span> <span class='ocrx_word' id='word_1_56' title='bbox 1700 878 1884 952; x_wconf 75' lang='grc' dir='ltr'>δεῖλέ-</span> 
     </span>
    </p>
   </div>
   <div class='ocr_carea' id='block_1_10' title="bbox 317 970 1887 1043">
    <p class='ocr_par' dir='ltr' id='par_1_10' title="bbox 317 970 1887 1043">
     <span class='ocr_line' id='line_1_10' title="bbox 317 970 1887 1043; baseline -0.003 -16"><span class='ocrx_word' id='word_1_57' title='bbox 317 988 419 1041; x_wconf 72' lang='grc' dir='ltr'>γειν</span> <span class='ocrx_word' id='word_1_58' title='bbox 440 974 499 1027; x_wconf 85' lang='grc' dir='ltr'><strong>τὸ</strong></span> <span class='ocrx_word' id='word_1_59' title='bbox 519 974 707 1038; x_wconf 81' lang='grc' dir='ltr'>κακῶς</span> <span class='ocrx_word' id='word_1_60' title='bbox 731 975 845 1027; x_wconf 77' lang='grc' dir='ltr'>ἐστι</span> <span class='ocrx_word' id='word_1_61' title='bbox 865 973 959 1026; x_wconf 88' lang='grc' dir='ltr'><strong>τοῦ</strong></span> <span class='ocrx_word' id='word_1_62' title='bbox 988 971 1406 1043; x_wconf 81' lang='grc' dir='ltr'>γεωργοῦντοςῆ</span> <span class='ocrx_word' id='word_1_63' title='bbox 1428 970 1608 1034; x_wconf 78' lang='grc' dir='ltr'>καλῶς</span> <span class='ocrx_word' id='word_1_64' title='bbox 1627 970 1887 1040; x_wconf 72' lang='grc' dir='ltr'>(2)γεωρ-</span> 
     </span>
    </p>
   </div>
   <div class='ocr_carea' id='block_1_11' title="bbox 307 1058 1886 1135">
    <p class='ocr_par' dir='ltr' id='par_1_11' title="bbox 307 1058 1886 1135">
     <span class='ocr_line' id='line_1_11' title="bbox 307 1058 1886 1135; baseline -0.003 -21"><span class='ocrx_word' id='word_1_65' title='bbox 307 1062 446 1129; x_wconf 88' lang='grc' dir='ltr'>γοῦν.</span> <span class='ocrx_word' id='word_1_66' title='bbox 483 1065 553 1118; x_wconf 84' lang='grc' dir='ltr'>Εἰ</span> <span class='ocrx_word' id='word_1_67' title='bbox 588 1064 685 1135; x_wconf 78' lang='grc' dir='ltr'><strong>μὲν</strong></span> <span class='ocrx_word' id='word_1_68' title='bbox 727 1058 818 1117; x_wconf 83' lang='grc' dir='ltr'><strong>οῦν</strong></span> <span class='ocrx_word' id='word_1_69' title='bbox 860 1062 1045 1126; x_wconf 81' lang='grc' dir='ltr'>κακῶς</span> <span class='ocrx_word' id='word_1_70' title='bbox 1087 1065 1347 1133; x_wconf 82' lang='grc' dir='ltr'><strong>γεωργεῖ,</strong></span> <span class='ocrx_word' id='word_1_71' title='bbox 1401 1060 1600 1132; x_wconf 84' lang='grc' dir='ltr'>μόχθος</span> <span class='ocrx_word' id='word_1_72' title='bbox 1635 1061 1752 1111; x_wconf 75' lang='grc' dir='ltr'>ἐστὶ</span> <span class='ocrx_word' id='word_1_73' title='bbox 1779 1059 1886 1111; x_wconf 84' lang='grc' dir='ltr'><strong>τῶν</strong></span> 
     </span>
    </p>
   </div>
   <div class='ocr_carea' id='block_1_12' title="bbox 302 1149 1881 1226">
    <p class='ocr_par' dir='ltr' id='par_1_12' title="bbox 302 1149 1881 1226">
     <span class='ocr_line' id='line_1_12' title="bbox 302 1149 1881 1226; baseline -0.004 -19"><span class='ocrx_word' id='word_1_74' title='bbox 302 1152 553 1226; x_wconf 83' lang='grc' dir='ltr'>πατέρων</span> <span class='ocrx_word' id='word_1_75' title='bbox 582 1153 1111 1224; x_wconf 80' lang='grc' dir='ltr'><strong>καταναλισκόμενος</strong></span> <span class='ocrx_word' id='word_1_76' title='bbox 1136 1153 1241 1205; x_wconf 81' lang='grc' dir='ltr'><strong>ὑπὸ</strong></span> <span class='ocrx_word' id='word_1_77' title='bbox 1262 1154 1361 1223; x_wconf 76' lang='grc' dir='ltr'>τῆς</span> <span class='ocrx_word' id='word_1_78' title='bbox 1390 1150 1651 1222; x_wconf 72' lang='grc' dir='ltr'><strong>αἰσχύνης</strong></span> <span class='ocrx_word' id='word_1_79' title='bbox 1671 1149 1849 1202; x_wconf 83' lang='grc' dir='ltr'>αὐτῶν</span> <span class='ocrx_word' id='word_1_80' title='bbox 1868 1164 1881 1177; x_wconf 79' lang='lat'><strong>&#39;</strong></span> 
     </span>
    </p>
   </div>
   <div class='ocr_carea' id='block_1_13' title="bbox 298 1240 1882 1317">
    <p class='ocr_par' dir='ltr' id='par_1_13' title="bbox 298 1240 1882 1317">
     <span class='ocr_line' id='line_1_13' title="bbox 298 1240 1882 1317; baseline -0.001 -21"><span class='ocrx_word' id='word_1_81' title='bbox 298 1242 426 1297; x_wconf 80' lang='grc' dir='ltr'>εἰδὲ</span> <span class='ocrx_word' id='word_1_82' title='bbox 454 1245 641 1309; x_wconf 83' lang='grc' dir='ltr'>καλῶς</span> <span class='ocrx_word' id='word_1_83' title='bbox 670 1247 924 1317; x_wconf 84' lang='grc' dir='ltr'><strong>γεωργεῖ,</strong></span> <span class='ocrx_word' id='word_1_84' title='bbox 950 1246 1051 1297; x_wconf 75' lang='grc' dir='ltr'><strong>οὐκ</strong></span> <span class='ocrx_word' id='word_1_85' title='bbox 1080 1244 1193 1297; x_wconf 76' lang='grc' dir='ltr'>ἔστι</span> <span class='ocrx_word' id='word_1_86' title='bbox 1224 1244 1335 1298; x_wconf 84' lang='grc' dir='ltr'><strong>τῶν</strong></span> <span class='ocrx_word' id='word_1_87' title='bbox 1364 1243 1620 1315; x_wconf 79' lang='grc' dir='ltr'>πατέρων</span> <span class='ocrx_word' id='word_1_88' title='bbox 1655 1240 1882 1313; x_wconf 52' lang='grc' dir='ltr'>μόχθος</span> 
     </span>
    </p>
   </div>
   <div class='ocr_carea' id='block_1_14' title="bbox 296 1328 1884 1408">
    <p class='ocr_par' dir='ltr' id='par_1_14' title="bbox 296 1328 1884 1408">
     <span class='ocr_line' id='line_1_14' title="bbox 296 1328 1884 1408; baseline 0 -21"><span class='ocrx_word' id='word_1_89' title='bbox 296 1332 431 1388; x_wconf 78' lang='grc' dir='ltr'>ἀλλὰ</span> <span class='ocrx_word' id='word_1_90' title='bbox 464 1336 662 1406; x_wconf 82' lang='grc' dir='ltr'><strong>μόχθος</strong></span> <span class='ocrx_word' id='word_1_91' title='bbox 694 1338 841 1390; x_wconf 75' lang='grc' dir='ltr'>ἐστὶν</span> <span class='ocrx_word' id='word_1_92' title='bbox 881 1336 974 1406; x_wconf 83' lang='grc' dir='ltr'><strong>ἀφ’</strong></span> <span class='ocrx_word' id='word_1_93' title='bbox 1008 1328 1082 1389; x_wconf 82' lang='grc' dir='ltr'>ὧν</span> <span class='ocrx_word' id='word_1_94' title='bbox 1111 1335 1180 1389; x_wconf 89' lang='grc' dir='ltr'><strong>τά</strong></span> <span class='ocrx_word' id='word_1_95' title='bbox 1204 1336 1527 1408; x_wconf 83' lang='grc' dir='ltr'><strong>πρωτότοκα</strong></span> <span class='ocrx_word' id='word_1_96' title='bbox 1554 1333 1884 1404; x_wconf 71' lang='grc' dir='ltr'>ἀναφέρεται</span> 
     </span>
    </p>
   </div>
   <div class='ocr_carea' id='block_1_15' title="bbox 295 1421 1880 1496">
    <p class='ocr_par' dir='ltr' id='par_1_15' title="bbox 295 1421 1880 1496">
     <span class='ocr_line' id='line_1_15' title="bbox 295 1421 1880 1496; baseline 0.003 -23"><span class='ocrx_word' id='word_1_97' title='bbox 295 1422 387 1474; x_wconf 71' lang='grc' dir='ltr'><strong>ἐπὶ</strong></span> <span class='ocrx_word' id='word_1_98' title='bbox 413 1423 510 1476; x_wconf 87' lang='grc' dir='ltr'><strong>τοῦ</strong></span> <span class='ocrx_word' id='word_1_99' title='bbox 544 1424 928 1496; x_wconf 79' lang='grc' dir='ltr'><strong>θυσιαστηρίου</strong></span> <span class='ocrx_word' id='word_1_100' title='bbox 962 1423 1057 1477; x_wconf 88' lang='grc' dir='ltr'><strong>τοῦ</strong></span> <span class='ocrx_word' id='word_1_101' title='bbox 1090 1424 1246 1478; x_wconf 86' lang='grc' dir='ltr'>Θεοῦ.</span> <span class='ocrx_word' id='word_1_102' title='bbox 1282 1425 1428 1491; x_wconf 87' lang='grc' dir='ltr'><strong>Τοὺς</strong></span> <span class='ocrx_word' id='word_1_103' title='bbox 1459 1424 1630 1490; x_wconf 80' lang='grc' dir='ltr'>υἱοὺς</span> <span class='ocrx_word' id='word_1_104' title='bbox 1662 1421 1880 1489; x_wconf 83' lang='grc' dir='ltr'>αὐτῶν,</span> 
     </span>
    </p>
   </div>
   <div class='ocr_carea' id='block_1_16' title="bbox 290 1510 1881 1589">
    <p class='ocr_par' dir='ltr' id='par_1_16' title="bbox 290 1510 1881 1589">
     <span class='ocr_line' id='line_1_16' title="bbox 290 1510 1881 1589; baseline 0.001 -19"><span class='ocrx_word' id='word_1_105' title='bbox 290 1517 390 1570; x_wconf 79' lang='grc' dir='ltr'>καὶ</span> <span class='ocrx_word' id='word_1_106' title='bbox 427 1521 537 1585; x_wconf 85' lang='grc' dir='ltr'>τὰς</span> <span class='ocrx_word' id='word_1_107' title='bbox 578 1518 903 1588; x_wconf 82' lang='grc' dir='ltr'>θυγατέρας</span> <span class='ocrx_word' id='word_1_108' title='bbox 939 1517 1154 1573; x_wconf 84' lang='grc' dir='ltr'>αὐτῶν.</span> <span class='ocrx_word' id='word_1_109' title='bbox 1195 1519 1457 1589; x_wconf 76' lang='grc' dir='ltr'><strong>Λέγουσιν</strong></span> <span class='ocrx_word' id='word_1_110' title='bbox 1500 1510 1669 1573; x_wconf 66' lang='grc' dir='ltr'>οῦτον</span> <span class='ocrx_word' id='word_1_111' title='bbox 1708 1519 1881 1574; x_wconf 89' lang='grc' dir='ltr'>Τίνων</span> 
     </span>
    </p>
   </div>
   <div class='ocr_carea' id='block_1_17' title="bbox 287 1607 1881 1682">
    <p class='ocr_par' dir='ltr' id='par_1_17' title="bbox 287 1607 1881 1682">
     <span class='ocr_line' id='line_1_17' title="bbox 287 1607 1881 1682; baseline 0.005 -24"><span class='ocrx_word' id='word_1_112' title='bbox 287 1607 469 1661; x_wconf 83' lang='grc' dir='ltr'>αὐτῶν</span> <span class='ocrx_word' id='word_1_113' title='bbox 491 1625 506 1675; x_wconf 86' lang='grc'>;</span> <span class='ocrx_word' id='word_1_114' title='bbox 526 1610 597 1662; x_wconf 86' lang='grc' dir='ltr'><strong>Ἢ</strong></span> <span class='ocrx_word' id='word_1_115' title='bbox 624 1609 731 1663; x_wconf 86' lang='grc' dir='ltr'><strong>τῶν</strong></span> <span class='ocrx_word' id='word_1_116' title='bbox 754 1610 1002 1681; x_wconf 84' lang='grc' dir='ltr'>πατέρων</span> <span class='ocrx_word' id='word_1_117' title='bbox 1019 1610 1124 1663; x_wconf 74' lang='grc' dir='ltr'>υἱοὶ</span> <span class='ocrx_word' id='word_1_118' title='bbox 1153 1611 1227 1681; x_wconf 80' lang='grc'><strong>(5)</strong></span> <span class='ocrx_word' id='word_1_119' title='bbox 1255 1610 1634 1665; x_wconf 75' lang='grc' dir='ltr'>ἀναλίσκονται</span> <span class='ocrx_word' id='word_1_120' title='bbox 1657 1611 1763 1665; x_wconf 83' lang='grc' dir='ltr'><strong>ἀπὸ</strong></span> <span class='ocrx_word' id='word_1_121' title='bbox 1782 1612 1881 1682; x_wconf 77' lang='grc' dir='ltr'><strong>τῆς</strong></span> 
     </span>
    </p>
   </div>
   <div class='ocr_carea' id='block_1_18' title="bbox 290 1699 1881 1774">
    <p class='ocr_par' dir='ltr' id='par_1_18' title="bbox 290 1699 1881 1774">
     <span class='ocr_line' id='line_1_18' title="bbox 290 1699 1881 1774; baseline 0.003 -23"><span class='ocrx_word' id='word_1_122' title='bbox 290 1699 556 1770; x_wconf 79' lang='grc' dir='ltr'>αἰσχύνης</span> <span class='ocrx_word' id='word_1_123' title='bbox 582 1701 780 1767; x_wconf 81' lang='grc' dir='ltr'>αὐτῶν,</span> <span class='ocrx_word' id='word_1_124' title='bbox 811 1703 905 1755; x_wconf 73' lang='grc' dir='ltr'><strong>καὶ</strong></span> <span class='ocrx_word' id='word_1_125' title='bbox 929 1702 986 1755; x_wconf 86' lang='grc' dir='ltr'>αἱ</span> <span class='ocrx_word' id='word_1_126' title='bbox 1007 1699 1338 1774; x_wconf 86' lang='grc' dir='ltr'>θυγατέρες;</span> <span class='ocrx_word' id='word_1_127' title='bbox 1365 1701 1633 1766; x_wconf 82' lang='grc' dir='ltr'><strong>Πολλάκις</strong></span> <span class='ocrx_word' id='word_1_128' title='bbox 1656 1701 1881 1773; x_wconf 78' lang='grc' dir='ltr'>εἴπομεν</span> 
     </span>
    </p>
   </div>
   <div class='ocr_carea' id='block_1_19' title="bbox 285 1791 1880 1867">
    <p class='ocr_par' dir='ltr' id='par_1_19' title="bbox 285 1791 1880 1867">
     <span class='ocr_line' id='line_1_19' title="bbox 285 1791 1880 1867; baseline 0.002 -24"><span class='ocrx_word' id='word_1_129' title='bbox 285 1791 356 1844; x_wconf 81' lang='grc' dir='ltr'><strong>τά</strong></span> <span class='ocrx_word' id='word_1_130' title='bbox 384 1793 487 1863; x_wconf 77' lang='grc' dir='ltr'>τῆς</span> <span class='ocrx_word' id='word_1_131' title='bbox 525 1794 706 1866; x_wconf 72' lang='grc' dir='ltr'>ψυχῆς</span> <span class='ocrx_word' id='word_1_132' title='bbox 736 1796 1050 1867; x_wconf 84' lang='grc' dir='ltr'>γεννήματα</span> <span class='ocrx_word' id='word_1_133' title='bbox 1081 1797 1163 1849; x_wconf 82' lang='grc' dir='ltr'>ὅτι</span> <span class='ocrx_word' id='word_1_134' title='bbox 1214 1795 1283 1849; x_wconf 76' lang='grc' dir='ltr'>τὰ</span> <span class='ocrx_word' id='word_1_135' title='bbox 1326 1796 1571 1867; x_wconf 84' lang='grc' dir='ltr'>νοήματα</span> <span class='ocrx_word' id='word_1_136' title='bbox 1596 1795 1703 1866; x_wconf 84' lang='grc' dir='ltr'><strong>μέν</strong></span> <span class='ocrx_word' id='word_1_137' title='bbox 1743 1796 1880 1847; x_wconf 89' lang='grc' dir='ltr'>εἰσιν</span> 
     </span>
    </p>
   </div>
   <div class='ocr_carea' id='block_1_20' title="bbox 2064 596 3561 672">
    <p class='ocr_par' dir='ltr' id='par_1_20' title="bbox 2064 596 3561 672">
     <span class='ocr_line' id='line_1_20' title="bbox 2064 596 3561 672; baseline -0.003 -12"><span class='ocrx_word' id='word_1_138' title='bbox 2064 607 2116 660; x_wconf 84' lang='grc'>7.</span> <span class='ocrx_word' id='word_1_139' title='bbox 2159 604 2229 658; x_wconf 83' lang='lat' dir='ltr'><strong>Et</strong></span> <span class='ocrx_word' id='word_1_140' title='bbox 2264 602 2504 672; x_wconf 80' lang='lat' dir='ltr'><strong>confusio</strong></span> <span class='ocrx_word' id='word_1_141' title='bbox 2527 600 2850 666; x_wconf 75' lang='lat' dir='ltr'><strong>consumpsit</strong></span> <span class='ocrx_word' id='word_1_142' title='bbox 2879 596 3087 651; x_wconf 84' lang='lat' dir='ltr'><strong>labores</strong></span> <span class='ocrx_word' id='word_1_143' title='bbox 3117 609 3325 668; x_wconf 78' lang='lat' dir='ltr'><strong>patrum</strong></span> <span class='ocrx_word' id='word_1_144' title='bbox 3349 607 3561 657; x_wconf 80' lang='lat' dir='ltr'><strong>nostro-</strong></span> 
     </span>
    </p>
   </div>
   <div class='ocr_carea' id='block_1_21' title="bbox 1990 690 3563 755">
    <p class='ocr_par' dir='ltr' id='par_1_21' title="bbox 1990 690 3563 755">
     <span class='ocr_line' id='line_1_21' title="bbox 1990 690 3563 755; baseline -0.003 -3"><span class='ocrx_word' id='word_1_145' title='bbox 1990 716 2105 753; x_wconf 85' lang='lat' dir='ltr'><strong>rum</strong></span> <span class='ocrx_word' id='word_1_146' title='bbox 2142 697 2208 751; x_wconf 85' lang='lat' dir='ltr'><strong>ab</strong></span> <span class='ocrx_word' id='word_1_147' title='bbox 2242 694 2601 749; x_wconf 72' lang='lat' dir='ltr'><strong>adolescentia</strong></span> <span class='ocrx_word' id='word_1_148' title='bbox 2632 707 2837 755; x_wconf 83' lang='lat' dir='ltr'><strong>eorum,</strong></span> <span class='ocrx_word' id='word_1_149' title='bbox 2876 707 2993 743; x_wconf 83' lang='lat' dir='ltr'><strong>oves</strong></span> <span class='ocrx_word' id='word_1_150' title='bbox 3020 705 3198 743; x_wconf 86' lang='lat' dir='ltr'><strong>eorum</strong></span> <span class='ocrx_word' id='word_1_151' title='bbox 3225 700 3273 744; x_wconf 83' lang='lat' dir='ltr'><strong>ct</strong></span> <span class='ocrx_word' id='word_1_152' title='bbox 3303 690 3451 747; x_wconf 83' lang='lat' dir='ltr'><strong>boves</strong></span> <span class='ocrx_word' id='word_1_153' title='bbox 3473 708 3563 747; x_wconf 83' lang='lat' dir='ltr'><strong>eo-</strong></span> 
     </span>
    </p>
   </div>
   <div class='ocr_carea' id='block_1_22' title="bbox 1990 783 3562 856">
    <p class='ocr_par' dir='ltr' id='par_1_22' title="bbox 1990 783 3562 856">
     <span class='ocr_line' id='line_1_22' title="bbox 1990 783 3562 856; baseline -0.004 -12"><span class='ocrx_word' id='word_1_154' title='bbox 1990 808 2130 845; x_wconf 87' lang='lat' dir='ltr'><strong>rum.</strong></span> <span class='ocrx_word' id='word_1_155' title='bbox 2159 788 2257 844; x_wconf 87' lang='lat' dir='ltr'><strong>Est</strong></span> <span class='ocrx_word' id='word_1_156' title='bbox 2295 785 2427 856; x_wconf 90' lang='lat' dir='ltr'><strong>quid</strong></span> <span class='ocrx_word' id='word_1_157' title='bbox 2457 788 2510 839; x_wconf 91' lang='lat' dir='ltr'><strong>in</strong></span> <span class='ocrx_word' id='word_1_158' title='bbox 2542 784 2699 840; x_wconf 89' lang='lat' dir='ltr'><strong>nobis</strong></span> <span class='ocrx_word' id='word_1_159' title='bbox 2724 783 2870 853; x_wconf 88' lang='lat' dir='ltr'><strong>quod</strong></span> <span class='ocrx_word' id='word_1_160' title='bbox 2904 792 3105 837; x_wconf 89' lang='lat' dir='ltr'><strong>terram</strong></span> <span class='ocrx_word' id='word_1_161' title='bbox 3132 794 3374 837; x_wconf 86' lang='lat' dir='ltr'><strong>nostram</strong></span> <span class='ocrx_word' id='word_1_162' title='bbox 3412 784 3562 852; x_wconf 76' lang='lat' dir='ltr'><strong>colit,</strong></span> 
     </span>
    </p>
   </div>
   <div class='ocr_carea' id='block_1_23' title="bbox 1989 874 3558 945">
    <p class='ocr_par' dir='ltr' id='par_1_23' title="bbox 1989 874 3558 945">
     <span class='ocr_line' id='line_1_23' title="bbox 1989 874 3558 945; baseline -0.006 -8"><span class='ocrx_word' id='word_1_163' title='bbox 1989 884 2082 937; x_wconf 85' lang='lat' dir='ltr'><strong>sed</strong></span> <span class='ocrx_word' id='word_1_164' title='bbox 2107 882 2189 936; x_wconf 86' lang='lat' dir='ltr'><strong>vel</strong></span> <span class='ocrx_word' id='word_1_165' title='bbox 2224 879 2364 933; x_wconf 87' lang='lat' dir='ltr'><strong>male</strong></span> <span class='ocrx_word' id='word_1_166' title='bbox 2394 877 2546 943; x_wconf 90' lang='lat' dir='ltr'><strong>colit,</strong></span> <span class='ocrx_word' id='word_1_167' title='bbox 2576 875 2624 930; x_wconf 88' lang='lat' dir='ltr'><strong>si</strong></span> <span class='ocrx_word' id='word_1_168' title='bbox 2653 875 2794 928; x_wconf 88' lang='lat' dir='ltr'><strong>male</strong></span> <span class='ocrx_word' id='word_1_169' title='bbox 2827 875 3007 929; x_wconf 86' lang='lat' dir='ltr'><strong>colere</strong></span> <span class='ocrx_word' id='word_1_170' title='bbox 3028 874 3291 928; x_wconf 88' lang='lat' dir='ltr'><strong>dicendus</strong></span> <span class='ocrx_word' id='word_1_171' title='bbox 3313 884 3394 928; x_wconf 88' lang='lat' dir='ltr'><strong>est</strong></span> <span class='ocrx_word' id='word_1_172' title='bbox 3415 875 3558 945; x_wconf 62' lang='lat' dir='ltr'><strong>agri.</strong></span> 
     </span>
    </p>
   </div>
   <div class='ocr_carea' id='block_1_24' title="bbox 1988 964 3560 1036">
    <p class='ocr_par' dir='ltr' id='par_1_24' title="bbox 1988 964 3560 1036">
     <span class='ocr_line' id='line_1_24' title="bbox 1988 964 3560 1036; baseline -0.007 -7"><span class='ocrx_word' id='word_1_173' title='bbox 1988 975 2138 1036; x_wconf 88' lang='lat' dir='ltr'><strong>cola,</strong></span> <span class='ocrx_word' id='word_1_174' title='bbox 2189 970 2273 1025; x_wconf 87' lang='lat' dir='ltr'><strong>vel</strong></span> <span class='ocrx_word' id='word_1_175' title='bbox 2312 970 2450 1023; x_wconf 85' lang='lat' dir='ltr'><strong>bene</strong></span> <span class='ocrx_word' id='word_1_176' title='bbox 2495 967 2644 1022; x_wconf 80' lang='lat' dir='ltr'><strong>colit.</strong></span> <span class='ocrx_word' id='word_1_177' title='bbox 2681 965 2737 1019; x_wconf 90' lang='lat' dir='ltr'><strong>Si</strong></span> <span class='ocrx_word' id='word_1_178' title='bbox 2768 980 2897 1034; x_wconf 80' lang='lat' dir='ltr'><strong>ergo</strong></span> <span class='ocrx_word' id='word_1_179' title='bbox 2931 966 3073 1020; x_wconf 89' lang='lat' dir='ltr'><strong>male</strong></span> <span class='ocrx_word' id='word_1_180' title='bbox 3100 965 3250 1029; x_wconf 87' lang='lat' dir='ltr'><strong>colit,</strong></span> <span class='ocrx_word' id='word_1_181' title='bbox 3283 964 3435 1018; x_wconf 89' lang='lat' dir='ltr'><strong>labor</strong></span> <span class='ocrx_word' id='word_1_182' title='bbox 3476 974 3560 1021; x_wconf 87' lang='lat' dir='ltr'><strong>est</strong></span> 
     </span>
    </p>
   </div>
   <div class='ocr_carea' id='block_1_25' title="bbox 1992 1055 3561 1133">
    <p class='ocr_par' dir='ltr' id='par_1_25' title="bbox 1992 1055 3561 1133">
     <span class='ocr_line' id='line_1_25' title="bbox 1992 1055 3561 1133; baseline -0.004 -16"><span class='ocrx_word' id='word_1_183' title='bbox 1992 1072 2208 1133; x_wconf 83' lang='lat' dir='ltr'><strong>patrum</strong></span> <span class='ocrx_word' id='word_1_184' title='bbox 2245 1067 2617 1127; x_wconf 78' lang='lat' dir='ltr'><strong>consumptus</strong></span> <span class='ocrx_word' id='word_1_185' title='bbox 2650 1071 2680 1110; x_wconf 88' lang='lat' dir='ltr'><strong>a</strong></span> <span class='ocrx_word' id='word_1_186' title='bbox 2722 1055 3042 1111; x_wconf 77' lang='lat' dir='ltr'><strong>confusione</strong></span> <span class='ocrx_word' id='word_1_187' title='bbox 3080 1071 3311 1123; x_wconf 86' lang='lat' dir='ltr'><strong>eorum;</strong></span> <span class='ocrx_word' id='word_1_188' title='bbox 3353 1055 3397 1111; x_wconf 93' lang='lat' dir='ltr'><strong>si</strong></span> <span class='ocrx_word' id='word_1_189' title='bbox 3432 1071 3561 1111; x_wconf 84' lang='lat' dir='ltr'><strong>vero</strong></span> 
     </span>
    </p>
   </div>
   <div class='ocr_carea' id='block_1_26' title="bbox 1990 1148 3560 1219">
    <p class='ocr_par' dir='ltr' id='par_1_26' title="bbox 1990 1148 3560 1219">
     <span class='ocr_line' id='line_1_26' title="bbox 1990 1148 3560 1219; baseline -0.004 -10"><span class='ocrx_word' id='word_1_190' title='bbox 1990 1156 2124 1209; x_wconf 89' lang='lat' dir='ltr'><strong>bene</strong></span> <span class='ocrx_word' id='word_1_191' title='bbox 2154 1151 2304 1218; x_wconf 92' lang='lat' dir='ltr'><strong>colit,</strong></span> <span class='ocrx_word' id='word_1_192' title='bbox 2337 1166 2445 1205; x_wconf 89' lang='lat' dir='ltr'><strong>non</strong></span> <span class='ocrx_word' id='word_1_193' title='bbox 2482 1159 2567 1205; x_wconf 88' lang='lat' dir='ltr'><strong>est</strong></span> <span class='ocrx_word' id='word_1_194' title='bbox 2598 1158 2819 1219; x_wconf 30' lang='lat' dir='ltr'><strong>patrum,</strong></span> <span class='ocrx_word' id='word_1_195' title='bbox 2842 1148 3018 1213; x_wconf 89' lang='lat' dir='ltr'><strong>labor,</strong></span> <span class='ocrx_word' id='word_1_196' title='bbox 3053 1148 3147 1203; x_wconf 85' lang='lat' dir='ltr'><strong>sed</strong></span> <span class='ocrx_word' id='word_1_197' title='bbox 3179 1148 3334 1202; x_wconf 89' lang='lat' dir='ltr'><strong>labor</strong></span> <span class='ocrx_word' id='word_1_198' title='bbox 3371 1164 3560 1204; x_wconf 89' lang='lat' dir='ltr'><strong>eorum</strong></span> 
     </span>
    </p>
   </div>
   <div class='ocr_carea' id='block_1_27' title="bbox 1985 1241 3561 1314">
    <p class='ocr_par' dir='ltr' id='par_1_27' title="bbox 1985 1241 3561 1314">
     <span class='ocr_line' id='line_1_27' title="bbox 1985 1241 3561 1314; baseline -0.003 -13"><span class='ocrx_word' id='word_1_199' title='bbox 1985 1258 2069 1301; x_wconf 87' lang='lat' dir='ltr'><strong>est</strong></span> <span class='ocrx_word' id='word_1_200' title='bbox 2096 1262 2125 1301; x_wconf 84' lang='lat' dir='ltr'><strong>a</strong></span> <span class='ocrx_word' id='word_1_201' title='bbox 2155 1245 2352 1314; x_wconf 87' lang='lat' dir='ltr'><strong>quibus</strong></span> <span class='ocrx_word' id='word_1_202' title='bbox 2387 1241 2747 1314; x_wconf 86' lang='lat' dir='ltr'><strong>primogenita</strong></span> <span class='ocrx_word' id='word_1_203' title='bbox 2782 1256 2946 1312; x_wconf 85' lang='lat' dir='ltr'><strong>super</strong></span> <span class='ocrx_word' id='word_1_204' title='bbox 2975 1242 3147 1296; x_wconf 86' lang='lat' dir='ltr'><strong>altare</strong></span> <span class='ocrx_word' id='word_1_205' title='bbox 3194 1241 3284 1297; x_wconf 85' lang='lat' dir='ltr'><strong>Dei</strong></span> <span class='ocrx_word' id='word_1_206' title='bbox 3317 1242 3561 1297; x_wconf 84' lang='lat' dir='ltr'><strong>offerun-</strong></span> 
     </span>
    </p>
   </div>
   <div class='ocr_carea' id='block_1_28' title="bbox 1987 1328 3560 1398">
    <p class='ocr_par' dir='ltr' id='par_1_28' title="bbox 1987 1328 3560 1398">
     <span class='ocr_line' id='line_1_28' title="bbox 1987 1328 3560 1398; baseline -0.001 -12"><span class='ocrx_word' id='word_1_207' title='bbox 1987 1341 2096 1386; x_wconf 89' lang='lat' dir='ltr'><strong>tur.</strong></span> <span class='ocrx_word' id='word_1_208' title='bbox 2136 1329 2308 1385; x_wconf 78' lang='lat' dir='ltr'><strong>Filios</strong></span> <span class='ocrx_word' id='word_1_209' title='bbox 2347 1345 2527 1383; x_wconf 88' lang='lat' dir='ltr'><strong>eorum</strong></span> <span class='ocrx_word' id='word_1_210' title='bbox 2562 1340 2608 1383; x_wconf 86' lang='lat' dir='ltr'><strong>et</strong></span> <span class='ocrx_word' id='word_1_211' title='bbox 2656 1328 2798 1398; x_wconf 80' lang='lat' dir='ltr'><strong>ﬁlius</strong></span> <span class='ocrx_word' id='word_1_212' title='bbox 2828 1345 3028 1382; x_wconf 88' lang='lat' dir='ltr'><strong>eorum.</strong></span> <span class='ocrx_word' id='word_1_213' title='bbox 3059 1328 3256 1384; x_wconf 90' lang='lat' dir='ltr'><strong>Dicunt</strong></span> <span class='ocrx_word' id='word_1_214' title='bbox 3284 1331 3338 1384; x_wconf 91' lang='lat' dir='ltr'><strong>hi</strong></span> <span class='ocrx_word' id='word_1_215' title='bbox 3371 1328 3560 1398; x_wconf 89' lang='lat' dir='ltr'><strong>:Quo-</strong></span> 
     </span>
    </p>
   </div>
   <div class='ocr_carea' id='block_1_29' title="bbox 1983 1421 3562 1491">
    <p class='ocr_par' dir='ltr' id='par_1_29' title="bbox 1983 1421 3562 1491">
     <span class='ocr_line' id='line_1_29' title="bbox 1983 1421 3562 1491; baseline -0.001 -13"><span class='ocrx_word' id='word_1_216' title='bbox 1983 1439 2103 1478; x_wconf 87' lang='lat' dir='ltr'><strong>rum</strong></span> <span class='ocrx_word' id='word_1_217' title='bbox 2136 1421 2476 1477; x_wconf 84' lang='lat' dir='ltr'><strong>eorum?An</strong></span> <span class='ocrx_word' id='word_1_218' title='bbox 2516 1429 2729 1491; x_wconf 85' lang='lat' dir='ltr'><strong>patrum</strong></span> <span class='ocrx_word' id='word_1_219' title='bbox 2766 1421 2860 1475; x_wconf 83' lang='lat' dir='ltr'><strong>filii</strong></span> <span class='ocrx_word' id='word_1_220' title='bbox 2901 1430 2955 1476; x_wconf 90' lang='lat' dir='ltr'><strong>et</strong></span> <span class='ocrx_word' id='word_1_221' title='bbox 3001 1421 3125 1476; x_wconf 71' lang='lat' dir='ltr'><strong>filiae</strong></span> <span class='ocrx_word' id='word_1_222' title='bbox 3147 1428 3562 1478; x_wconf 82' lang='lat' dir='ltr'><strong>‘consumuntur</strong></span> 
     </span>
    </p>
   </div>
   <div class='ocr_carea' id='block_1_30' title="bbox 1983 1513 3560 1585">
    <p class='ocr_par' dir='ltr' id='par_1_30' title="bbox 1983 1513 3560 1585">
     <span class='ocr_line' id='line_1_30' title="bbox 1983 1513 3560 1585; baseline 0 -14"><span class='ocrx_word' id='word_1_223' title='bbox 1983 1533 2014 1571; x_wconf 89' lang='lat' dir='ltr'><strong>a</strong></span> <span class='ocrx_word' id='word_1_224' title='bbox 2048 1515 2371 1573; x_wconf 83' lang='lat' dir='ltr'><strong>confusione</strong></span> <span class='ocrx_word' id='word_1_225' title='bbox 2410 1515 2697 1585; x_wconf 87' lang='lat' dir='ltr'><strong>ipsorum?</strong></span> <span class='ocrx_word' id='word_1_226' title='bbox 2735 1513 2889 1585; x_wconf 72' lang='lat' dir='ltr'><strong>Saepe</strong></span> <span class='ocrx_word' id='word_1_227' title='bbox 2930 1515 3171 1571; x_wconf 85' lang='lat' dir='ltr'><strong>diximus</strong></span> <span class='ocrx_word' id='word_1_228' title='bbox 3198 1516 3338 1570; x_wconf 87' lang='lat' dir='ltr'><strong>inter</strong></span> <span class='ocrx_word' id='word_1_229' title='bbox 3363 1517 3560 1571; x_wconf 84' lang='lat' dir='ltr'><strong>animae</strong></span> 
     </span>
    </p>
   </div>
   <div class='ocr_carea' id='block_1_31' title="bbox 1983 1609 3559 1681">
    <p class='ocr_par' dir='ltr' id='par_1_31' title="bbox 1983 1609 3559 1681">
     <span class='ocr_line' id='line_1_31' title="bbox 1983 1609 3559 1681; baseline -0.001 -16"><span class='ocrx_word' id='word_1_230' title='bbox 1983 1610 2125 1666; x_wconf 86' lang='lat' dir='ltr'><strong>fetus</strong></span> <span class='ocrx_word' id='word_1_231' title='bbox 2146 1610 2504 1681; x_wconf 81' lang='lat' dir='ltr'><strong>cogitationes</strong></span> <span class='ocrx_word' id='word_1_232' title='bbox 2531 1610 2749 1679; x_wconf 88' lang='lat' dir='ltr'><strong>quidem</strong></span> <span class='ocrx_word' id='word_1_233' title='bbox 2778 1624 2903 1665; x_wconf 87' lang='lat' dir='ltr'><strong>esse</strong></span> <span class='ocrx_word' id='word_1_234' title='bbox 2940 1609 3082 1665; x_wconf 84' lang='lat' dir='ltr'><strong>filios</strong></span> <span class='ocrx_word' id='word_1_235' title='bbox 3102 1649 3116 1675; x_wconf 90' lang='lat'><strong>,</strong></span> <span class='ocrx_word' id='word_1_236' title='bbox 3147 1625 3311 1681; x_wconf 82' lang='lat' dir='ltr'><strong>opera</strong></span> <span class='ocrx_word' id='word_1_237' title='bbox 3346 1626 3475 1665; x_wconf 86' lang='lat' dir='ltr'><strong>vero</strong></span> <span class='ocrx_word' id='word_1_238' title='bbox 3506 1617 3559 1663; x_wconf 88' lang='lat' dir='ltr'><strong>et</strong></span> 
     </span>
    </p>
   </div>
   <div class='ocr_carea' id='block_1_32' title="bbox 1983 1701 3545 1773">
    <p class='ocr_par' dir='ltr' id='par_1_32' title="bbox 1983 1701 3545 1773">
     <span class='ocr_line' id='line_1_32' title="bbox 1983 1701 3545 1773; baseline -0.001 -16"><span class='ocrx_word' id='word_1_239' title='bbox 1983 1709 2136 1757; x_wconf 87' lang='lat' dir='ltr'><strong>actus</strong></span> <span class='ocrx_word' id='word_1_240' title='bbox 2184 1702 2279 1772; x_wconf 82' lang='lat' dir='ltr'><strong>qui</strong></span> <span class='ocrx_word' id='word_1_241' title='bbox 2334 1716 2565 1771; x_wconf 88' lang='lat' dir='ltr'><strong>corpore</strong></span> <span class='ocrx_word' id='word_1_242' title='bbox 2617 1702 2774 1766; x_wconf 84' lang='lat' dir='ltr'><strong>fiunt,</strong></span> <span class='ocrx_word' id='word_1_243' title='bbox 2810 1702 3112 1757; x_wconf 84' lang='lat' dir='ltr'><strong>essetilias.</strong></span> <span class='ocrx_word' id='word_1_244' title='bbox 3140 1701 3409 1769; x_wconf 82' lang='lat' dir='ltr'><strong>Quoniam</strong></span> <span class='ocrx_word' id='word_1_245' title='bbox 3452 1703 3545 1773; x_wconf 86' lang='lat' dir='ltr'><strong>igi-</strong></span> 
     </span>
    </p>
   </div>
   <div class='ocr_carea' id='block_1_33' title="bbox 1982 1793 3552 1866">
    <p class='ocr_par' dir='ltr' id='par_1_33' title="bbox 1982 1793 3552 1866">
     <span class='ocr_line' id='line_1_33' title="bbox 1982 1793 3552 1866; baseline -0.001 -18"><span class='ocrx_word' id='word_1_246' title='bbox 1982 1803 2071 1848; x_wconf 87' lang='lat' dir='ltr'><strong>tur</strong></span> <span class='ocrx_word' id='word_1_247' title='bbox 2093 1802 2221 1848; x_wconf 88' lang='lat' dir='ltr'><strong>sunt</strong></span> <span class='ocrx_word' id='word_1_248' title='bbox 2256 1793 2615 1866; x_wconf 78' lang='lat' dir='ltr'><strong>cogitationes</strong></span> <span class='ocrx_word' id='word_1_249' title='bbox 2642 1809 2823 1864; x_wconf 73' lang='lat' dir='ltr'><strong>pravae</strong></span> <span class='ocrx_word' id='word_1_250' title='bbox 2848 1793 3036 1863; x_wconf 88' lang='lat' dir='ltr'><strong>quales</strong></span> <span class='ocrx_word' id='word_1_251' title='bbox 3064 1793 3216 1848; x_wconf 87' lang='lat' dir='ltr'><strong>fuere</strong></span> <span class='ocrx_word' id='word_1_252' title='bbox 3247 1794 3552 1865; x_wconf 83' lang='lat' dir='ltr'><strong>gentilium,</strong></span> 
     </span>
    </p>
   </div>
   <div class='ocr_carea' id='block_1_34' title="bbox 286 1878 1982 1959">
    <p class='ocr_par' dir='ltr' id='par_1_34' title="bbox 286 1878 1982 1959">
     <span class='ocr_line' id='line_1_34' title="bbox 286 1878 1982 1959; baseline 0.005 -27"><span class='ocrx_word' id='word_1_253' title='bbox 286 1882 419 1946; x_wconf 78' lang='grc' dir='ltr'>υἱοὶ,</span> <span class='ocrx_word' id='word_1_254' title='bbox 454 1884 525 1938; x_wconf 79' lang='grc' dir='ltr'>τὰ</span> <span class='ocrx_word' id='word_1_255' title='bbox 552 1885 609 1938; x_wconf 85' lang='grc' dir='ltr'>δὲ</span> <span class='ocrx_word' id='word_1_256' title='bbox 639 1884 776 1958; x_wconf 76' lang='grc' dir='ltr'>ἔργα</span> <span class='ocrx_word' id='word_1_257' title='bbox 806 1886 902 1940; x_wconf 72' lang='grc' dir='ltr'><strong>καὶ</strong></span> <span class='ocrx_word' id='word_1_258' title='bbox 939 1888 996 1939; x_wconf 82' lang='grc' dir='ltr'><strong>αἰ</strong></span> <span class='ocrx_word' id='word_1_259' title='bbox 1029 1886 1257 1959; x_wconf 86' lang='grc' dir='ltr'>πράξεις</span> <span class='ocrx_word' id='word_1_260' title='bbox 1290 1889 1347 1939; x_wconf 90' lang='grc' dir='ltr'><strong>αἰ</strong></span> <span class='ocrx_word' id='word_1_261' title='bbox 1375 1887 1463 1941; x_wconf 80' lang='grc' dir='ltr'>διὰ</span> <span class='ocrx_word' id='word_1_262' title='bbox 1491 1886 1582 1940; x_wconf 86' lang='grc' dir='ltr'><strong>τοῦ</strong></span> <span class='ocrx_word' id='word_1_263' title='bbox 1625 1886 1875 1957; x_wconf 89' lang='grc' dir='ltr'>σώματος</span> <span class='ocrx_word' id='word_1_264' title='bbox 1912 1878 1951 1931; x_wconf 78' lang='grc' dir='ltr'><strong>Β</strong></span> <span class='ocrx_word' id='word_1_265' title='bbox 1981 1911 1982 1914; x_wconf 51' lang='grc' dir='ltr'><strong>η</strong></span> 
     </span>
    </p>
   </div>
   <div class='ocr_carea' id='block_1_35' title="bbox 1856 1878 3552 1959">
    <p class='ocr_par' dir='ltr' id='par_1_35' title="bbox 1856 1878 3552 1953">
     <span class='ocr_line' id='line_1_35' title="bbox 1856 1878 3552 1953; baseline -0.001 -13"><span class='ocrx_word' id='word_1_266' title='bbox 1856 1903 1875 1949; x_wconf 84' lang='grc' dir='ltr'><strong>ς</strong></span> <span class='ocrx_word' id='word_1_267' title='bbox 1912 1878 1951 1931; x_wconf 80' lang='grc' dir='ltr'><strong>Β</strong></span> <span class='ocrx_word' id='word_1_268' title='bbox 1981 1894 2109 1940; x_wconf 90' lang='lat' dir='ltr'><strong>sunt</strong></span> <span class='ocrx_word' id='word_1_269' title='bbox 2136 1884 2262 1939; x_wconf 83' lang='lat' dir='ltr'><strong>item</strong></span> <span class='ocrx_word' id='word_1_270' title='bbox 2301 1900 2466 1953; x_wconf 83' lang='lat' dir='ltr'><strong>opera</strong></span> <span class='ocrx_word' id='word_1_271' title='bbox 2500 1901 2692 1953; x_wconf 89' lang='lat' dir='ltr'><strong>prava:</strong></span> <span class='ocrx_word' id='word_1_272' title='bbox 2714 1883 2836 1939; x_wconf 88' lang='lat' dir='ltr'><strong>ideo</strong></span> <span class='ocrx_word' id='word_1_273' title='bbox 2860 1883 2956 1938; x_wconf 83' lang='lat' dir='ltr'><strong>ﬁlii</strong></span> <span class='ocrx_word' id='word_1_274' title='bbox 2982 1894 3036 1939; x_wconf 89' lang='lat' dir='ltr'><strong>et</strong></span> <span class='ocrx_word' id='word_1_275' title='bbox 3062 1884 3183 1939; x_wconf 74' lang='lat' dir='ltr'><strong>tiliae</strong></span> <span class='ocrx_word' id='word_1_276' title='bbox 3214 1901 3552 1940; x_wconf 89' lang='lat' dir='ltr'><strong>consumun-</strong></span> 
     </span>
    </p>
   </div>
   <div class='ocr_carea' id='block_1_36' title="bbox 281 1971 1871 2048">
    <p class='ocr_par' dir='ltr' id='par_1_36' title="bbox 281 1971 1871 2048">
     <span class='ocr_line' id='line_1_36' title="bbox 281 1971 1871 2048; baseline 0.003 -24"><span class='ocrx_word' id='word_1_277' title='bbox 281 1971 607 2046; x_wconf 79' lang='grc' dir='ltr'>θυγατέρες.</span> <span class='ocrx_word' id='word_1_278' title='bbox 675 1978 828 2030; x_wconf 66' lang='grc' dir='ltr'>Ἐπεὶ</span> <span class='ocrx_word' id='word_1_279' title='bbox 874 1974 968 2031; x_wconf 80' lang='grc' dir='ltr'><strong>οὖν</strong></span> <span class='ocrx_word' id='word_1_280' title='bbox 1013 1979 1129 2032; x_wconf 84' lang='grc' dir='ltr'>ὲστί</span> <span class='ocrx_word' id='word_1_281' title='bbox 1156 1995 1276 2031; x_wconf 88' lang='grc' dir='ltr'>τινα</span> <span class='ocrx_word' id='word_1_282' title='bbox 1313 1979 1557 2048; x_wconf 84' lang='grc' dir='ltr'>νοήματα</span> <span class='ocrx_word' id='word_1_283' title='bbox 1594 1976 1871 2048; x_wconf 83' lang='grc' dir='ltr'>μοχθηρὰ,</span> 
     </span>
    </p>
   </div>
   <div class='ocr_carea' id='block_1_37' title="bbox 279 2062 1875 2137">
    <p class='ocr_par' dir='ltr' id='par_1_37' title="bbox 279 2062 1875 2137">
     <span class='ocr_line' id='line_1_37' title="bbox 279 2062 1875 2137; baseline 0.003 -23"><span class='ocrx_word' id='word_1_284' title='bbox 279 2062 450 2118; x_wconf 81' lang='grc' dir='ltr'>ὁποῖα</span> <span class='ocrx_word' id='word_1_285' title='bbox 484 2066 718 2136; x_wconf 68' lang='grc' dir='ltr'>ἐνόησαν</span> <span class='ocrx_word' id='word_1_286' title='bbox 751 2068 801 2119; x_wconf 80' lang='grc' dir='ltr'>οἱ</span> <span class='ocrx_word' id='word_1_287' title='bbox 846 2068 954 2121; x_wconf 85' lang='grc' dir='ltr'><strong>ἀπὸ</strong></span> <span class='ocrx_word' id='word_1_288' title='bbox 996 2068 1104 2121; x_wconf 85' lang='grc' dir='ltr'>τῶν</span> <span class='ocrx_word' id='word_1_289' title='bbox 1135 2068 1334 2120; x_wconf 77' lang='grc' dir='ltr'>ἐθνῶν·</span> <span class='ocrx_word' id='word_1_290' title='bbox 1370 2068 1485 2121; x_wconf 79' lang='grc' dir='ltr'>ἐστι</span> <span class='ocrx_word' id='word_1_291' title='bbox 1516 2068 1575 2120; x_wconf 76' lang='grc' dir='ltr'><strong>δὲ</strong></span> <span class='ocrx_word' id='word_1_292' title='bbox 1617 2067 1710 2120; x_wconf 70' lang='grc' dir='ltr'><strong>καὶ</strong></span> <span class='ocrx_word' id='word_1_293' title='bbox 1738 2068 1875 2137; x_wconf 75' lang='grc' dir='ltr'>ἔργα</span> 
     </span>
    </p>
   </div>
   <div class='ocr_carea' id='block_1_38' title="bbox 281 2153 1874 2227">
    <p class='ocr_par' dir='ltr' id='par_1_38' title="bbox 281 2153 1874 2227">
     <span class='ocr_line' id='line_1_38' title="bbox 281 2153 1874 2227; baseline 0 -22"><span class='ocrx_word' id='word_1_294' title='bbox 281 2153 574 2224; x_wconf 72' lang='grc' dir='ltr'>μοχθηράο</span> <span class='ocrx_word' id='word_1_295' title='bbox 610 2153 699 2207; x_wconf 79' lang='grc' dir='ltr'>διὰ</span> <span class='ocrx_word' id='word_1_296' title='bbox 720 2154 878 2208; x_wconf 88' lang='grc' dir='ltr'>τοῦτο</span> <span class='ocrx_word' id='word_1_297' title='bbox 902 2155 1008 2207; x_wconf 71' lang='grc' dir='ltr'>υἱοὶ</span> <span class='ocrx_word' id='word_1_298' title='bbox 1033 2157 1128 2209; x_wconf 75' lang='grc' dir='ltr'><strong>καὶ</strong></span> <span class='ocrx_word' id='word_1_299' title='bbox 1166 2155 1466 2227; x_wconf 83' lang='grc' dir='ltr'>θυγατέρες</span> <span class='ocrx_word' id='word_1_300' title='bbox 1495 2154 1874 2208; x_wconf 79' lang='grc' dir='ltr'>ἀναλίσκονται</span> 
     </span>
    </p>
   </div>
   <div class='ocr_carea' id='block_1_39' title="bbox 1982 1970 3552 2042">
    <p class='ocr_par' dir='ltr' id='par_1_39' title="bbox 1982 1970 3552 2042">
     <span class='ocr_line' id='line_1_39' title="bbox 1982 1970 3552 2042; baseline 0.002 -17"><span class='ocrx_word' id='word_1_301' title='bbox 1982 1980 2070 2025; x_wconf 91' lang='lat' dir='ltr'><strong>tur</strong></span> <span class='ocrx_word' id='word_1_302' title='bbox 2101 1970 2169 2024; x_wconf 86' lang='lat' dir='ltr'><strong>ab</strong></span> <span class='ocrx_word' id='word_1_303' title='bbox 2195 1970 2512 2025; x_wconf 87' lang='lat' dir='ltr'><strong>auctoribus</strong></span> <span class='ocrx_word' id='word_1_304' title='bbox 2542 1971 2681 2037; x_wconf 92' lang='lat' dir='ltr'><strong>suis,</strong></span> <span class='ocrx_word' id='word_1_305' title='bbox 2703 1971 2749 2025; x_wconf 89' lang='lat' dir='ltr'><strong>si</strong></span> <span class='ocrx_word' id='word_1_306' title='bbox 2778 1985 2873 2025; x_wconf 87' lang='lat' dir='ltr'><strong>eos</strong></span> <span class='ocrx_word' id='word_1_307' title='bbox 2904 1980 3248 2040; x_wconf 79' lang='lat' dir='ltr'><strong>peccatorum</strong></span> <span class='ocrx_word' id='word_1_308' title='bbox 3280 1974 3552 2042; x_wconf 90' lang='lat' dir='ltr'><strong>puduerit.</strong></span> 
     </span>
    </p>
   </div>
   <div class='ocr_carea' id='block_1_40' title="bbox 1981 2061 3556 2130">
    <p class='ocr_par' dir='ltr' id='par_1_40' title="bbox 1981 2061 3556 2130">
     <span class='ocr_line' id='line_1_40' title="bbox 1981 2061 3556 2130; baseline 0.004 -17"><span class='ocrx_word' id='word_1_309' title='bbox 1981 2061 2139 2117; x_wconf 86' lang='lat' dir='ltr'><strong>Absit</strong></span> <span class='ocrx_word' id='word_1_310' title='bbox 2177 2069 2355 2114; x_wconf 88' lang='lat' dir='ltr'><strong>autem</strong></span> <span class='ocrx_word' id='word_1_311' title='bbox 2388 2075 2419 2114; x_wconf 90' lang='lat' dir='ltr'><strong>a</strong></span> <span class='ocrx_word' id='word_1_312' title='bbox 2451 2061 2607 2116; x_wconf 88' lang='lat' dir='ltr'><strong>nobis</strong></span> <span class='ocrx_word' id='word_1_313' title='bbox 2647 2070 2713 2115; x_wconf 88' lang='lat' dir='ltr'><strong>ut</strong></span> <span class='ocrx_word' id='word_1_314' title='bbox 2751 2076 3101 2130; x_wconf 87' lang='lat' dir='ltr'><strong>procreemus</strong></span> <span class='ocrx_word' id='word_1_315' title='bbox 3145 2064 3283 2119; x_wconf 79' lang='lat' dir='ltr'><strong>filios</strong></span> <span class='ocrx_word' id='word_1_316' title='bbox 3327 2073 3379 2119; x_wconf 88' lang='lat' dir='ltr'><strong>et</strong></span> <span class='ocrx_word' id='word_1_317' title='bbox 3415 2064 3556 2120; x_wconf 83' lang='lat' dir='ltr'><strong>filias</strong></span> 
     </span>
    </p>
   </div>
   <div class='ocr_carea' id='block_1_41' title="bbox 1982 2148 3079 2218">
    <p class='ocr_par' dir='ltr' id='par_1_41' title="bbox 1982 2148 3079 2218">
     <span class='ocr_line' id='line_1_41' title="bbox 1982 2148 3079 2218; baseline 0.003 -17"><span class='ocrx_word' id='word_1_318' title='bbox 1982 2164 2118 2218; x_wconf 89' lang='lat' dir='ltr'><strong>quas</strong></span> <span class='ocrx_word' id='word_1_319' title='bbox 2145 2149 2393 2203; x_wconf 88' lang='lat' dir='ltr'><strong>consumi</strong></span> <span class='ocrx_word' id='word_1_320' title='bbox 2425 2164 2562 2218; x_wconf 90' lang='lat' dir='ltr'><strong>opus</strong></span> <span class='ocrx_word' id='word_1_321' title='bbox 2589 2149 2659 2205; x_wconf 89' lang='lat' dir='ltr'><strong>sit</strong></span> <span class='ocrx_word' id='word_1_322' title='bbox 2686 2167 2716 2204; x_wconf 89' lang='lat' dir='ltr'><strong>a</strong></span> <span class='ocrx_word' id='word_1_323' title='bbox 2739 2148 3079 2204; x_wconf 79' lang='lat' dir='ltr'><strong>confusione.</strong></span> 
     </span>
    </p>
   </div>
   <div class='ocr_carea' id='block_1_42' title="bbox 273 2215 3555 2316">
    <p class='ocr_par' dir='ltr' id='par_1_42' title="bbox 273 2215 3555 2316">
     <span class='ocr_line' id='line_1_42' title="bbox 273 2215 3555 2316; baseline 0.002 -21"><span class='ocrx_word' id='word_1_324' title='bbox 570 2243 967 2314; x_wconf 84' lang='grc' dir='ltr'>πεποιηκότων,</span> <span class='ocrx_word' id='word_1_325' title='bbox 998 2244 1092 2298; x_wconf 76' lang='grc' dir='ltr'><strong>ἐὰν</strong></span> <span class='ocrx_word' id='word_1_326' title='bbox 1124 2215 1352 2316; x_wconf 44' lang='lat' dir='ltr'><strong>aiax-tim</strong></span> <span class='ocrx_word' id='word_1_327' title='bbox 1375 2215 1566 2308; x_wconf 47' lang='grc' dir='ltr'>ἀὐτοῖς</span> <span class='ocrx_word' id='word_1_328' title='bbox 1590 2244 1878 2314; x_wconf 81' lang='grc' dir='ltr'>ἐγγένηται</span> <span class='ocrx_word' id='word_1_329' title='bbox 1916 2215 2044 2313; x_wconf 78' lang='grc' dir='ltr'>περὶ</span> <span class='ocrx_word' id='word_1_330' title='bbox 2066 2237 2174 2292; x_wconf 80' lang='grc' dir='ltr'>τῶν</span> <span class='ocrx_word' id='word_1_331' title='bbox 2200 2215 2620 2311; x_wconf 77' lang='grc' dir='ltr'>ἡμαρτημένων.</span> <span class='ocrx_word' id='word_1_332' title='bbox 2661 2240 2839 2311; x_wconf 82' lang='grc' dir='ltr'>Ἥμᾶς</span> <span class='ocrx_word' id='word_1_333' title='bbox 2888 2239 2945 2294; x_wconf 71' lang='grc' dir='ltr'>δὲ</span> <span class='ocrx_word' id='word_1_334' title='bbox 2990 2215 3154 2311; x_wconf 77' lang='grc' dir='ltr'>ἀπείη</span> <span class='ocrx_word' id='word_1_335' title='bbox 3187 2244 3358 2296; x_wconf 80' lang='grc' dir='ltr'>ποιεῖν</span> <span class='ocrx_word' id='word_1_336' title='bbox 3407 2244 3555 2309; x_wconf 79' lang='grc' dir='ltr'>υἱοὺς</span> 
     </span>
    </p>
   </div>
   <div class='ocr_carea' id='block_1_43' title="bbox 271 2330 2189 2408">
    <p class='ocr_par' dir='ltr' id='par_1_43' title="bbox 271 2330 2189 2408">
     <span class='ocr_line' id='line_1_43' title="bbox 271 2330 2189 2408; baseline 0.001 -26"><span class='ocrx_word' id='word_1_337' title='bbox 271 2331 378 2383; x_wconf 80' lang='grc' dir='ltr'><strong>καὶ</strong></span> <span class='ocrx_word' id='word_1_338' title='bbox 433 2330 739 2404; x_wconf 85' lang='grc' dir='ltr'>θυγατέρας</span> <span class='ocrx_word' id='word_1_339' title='bbox 779 2333 1063 2405; x_wconf 80' lang='grc' dir='ltr'>δεομένους</span> <span class='ocrx_word' id='word_1_340' title='bbox 1113 2335 1435 2400; x_wconf 84' lang='grc' dir='ltr'>ἀναλώσεως</span> <span class='ocrx_word' id='word_1_341' title='bbox 1475 2337 1577 2408; x_wconf 80' lang='grc' dir='ltr'><strong>τῆς</strong></span> <span class='ocrx_word' id='word_1_342' title='bbox 1622 2336 1730 2390; x_wconf 75' lang='grc' dir='ltr'>ἀπὸ</span> <span class='ocrx_word' id='word_1_343' title='bbox 1772 2336 1870 2406; x_wconf 76' lang='grc' dir='ltr'>τῆς</span> <span class='ocrx_word' id='word_1_344' title='bbox 1906 2332 2189 2402; x_wconf 85' lang='grc' dir='ltr'>αἰσχύνης.</span> 
     </span>
    </p>
   </div>
   <div class='ocr_carea' id='block_1_44' title="bbox 348 2422 1870 2502">
    <p class='ocr_par' dir='ltr' id='par_1_44' title="bbox 348 2422 1870 2502">
     <span class='ocr_line' id='line_1_44' title="bbox 348 2422 1870 2502; baseline 0.003 -23"><span class='ocrx_word' id='word_1_345' title='bbox 348 2424 514 2479; x_wconf 82' lang='grc' dir='ltr'>Μετὰ</span> <span class='ocrx_word' id='word_1_346' title='bbox 543 2426 718 2480; x_wconf 90' lang='grc' dir='ltr'>ταῦτα</span> <span class='ocrx_word' id='word_1_347' title='bbox 748 2427 997 2496; x_wconf 87' lang='grc' dir='ltr'>λέγουσιν</span> <span class='ocrx_word' id='word_1_348' title='bbox 1025 2422 1172 2485; x_wconf 79' lang='grc' dir='ltr'>οὗτοι</span> <span class='ocrx_word' id='word_1_349' title='bbox 1200 2433 1248 2484; x_wconf 89' lang='grc' dir='ltr'><strong>οί</strong></span> <span class='ocrx_word' id='word_1_350' title='bbox 1276 2430 1755 2502; x_wconf 78' lang='grc' dir='ltr'>ἐξομολογούμενοι</span> <span class='ocrx_word' id='word_1_351' title='bbox 1777 2429 1870 2483; x_wconf 73' lang='grc' dir='ltr'>τὸο</span> 
     </span>
    </p>
   </div>
   <div class='ocr_carea' id='block_1_45' title="bbox 289 2514 1874 2594">
    <p class='ocr_par' dir='ltr' id='par_1_45' title="bbox 289 2514 1874 2594">
     <span class='ocr_line' id='line_1_45' title="bbox 289 2514 1874 2594; baseline 0.005 -25"><span class='ocrx_word' id='word_1_352' title='bbox 289 2514 736 2586; x_wconf 80' lang='grc' dir='ltr'>Ἐκοιμήθημεν</span> <span class='ocrx_word' id='word_1_353' title='bbox 793 2519 863 2573; x_wconf 84' lang='grc' dir='ltr'>ἐν</span> <span class='ocrx_word' id='word_1_354' title='bbox 915 2519 992 2589; x_wconf 78' lang='grc' dir='ltr'>τῇ</span> <span class='ocrx_word' id='word_1_355' title='bbox 1034 2523 1300 2591; x_wconf 81' lang='grc' dir='ltr'>αἰσχύνῃ</span> <span class='ocrx_word' id='word_1_356' title='bbox 1335 2522 1536 2591; x_wconf 69' lang='grc' dir='ltr'>ήμῶν-ο</span> <span class='ocrx_word' id='word_1_357' title='bbox 1593 2522 1687 2576; x_wconf 72' lang='grc' dir='ltr'><strong>καὶ</strong></span> <span class='ocrx_word' id='word_1_358' title='bbox 1737 2522 1874 2594; x_wconf 85' lang='grc' dir='ltr'>μετὰ</span> 
     </span>
    </p>
   </div>
   <div class='ocr_carea' id='block_1_46' title="bbox 276 2605 1875 2683">
    <p class='ocr_par' dir='ltr' id='par_1_46' title="bbox 276 2605 1875 2683">
     <span class='ocr_line' id='line_1_46' title="bbox 276 2605 1875 2683; baseline 0.004 -24"><span class='ocrx_word' id='word_1_359' title='bbox 276 2605 440 2660; x_wconf 88' lang='grc' dir='ltr'>τοῦτό</span> <span class='ocrx_word' id='word_1_360' title='bbox 505 2625 670 2676; x_wconf 82' lang='grc' dir='ltr'>φασι⁶</span> <span class='ocrx_word' id='word_1_361' title='bbox 732 2610 844 2663; x_wconf 79' lang='grc' dir='ltr'><strong>Καὶ</strong></span> <span class='ocrx_word' id='word_1_362' title='bbox 903 2611 1297 2681; x_wconf 70' lang='grc' dir='ltr'><strong>ἐπεκάλυψεν</strong></span> <span class='ocrx_word' id='word_1_363' title='bbox 1360 2610 1518 2681; x_wconf 72' lang='grc' dir='ltr'>ἡμᾶς</span> <span class='ocrx_word' id='word_1_364' title='bbox 1579 2615 1619 2683; x_wconf 76' lang='grc' dir='ltr'>ἡ</span> <span class='ocrx_word' id='word_1_365' title='bbox 1672 2614 1875 2682; x_wconf 81' lang='grc' dir='ltr'>ἀτιμία</span> 
     </span>
    </p>
   </div>
   <div class='ocr_carea' id='block_1_47' title="bbox 276 2697 1871 2775">
    <p class='ocr_par' dir='ltr' id='par_1_47' title="bbox 276 2697 1871 2775">
     <span class='ocr_line' id='line_1_47' title="bbox 276 2697 1871 2775; baseline 0.004 -24"><span class='ocrx_word' id='word_1_366' title='bbox 276 2697 559 2769; x_wconf 48' lang='grc' dir='ltr'>ἡμῶνψῦ</span> <span class='ocrx_word' id='word_1_367' title='bbox 576 2700 710 2771; x_wconf 75' lang='grc' dir='ltr'>Περὶ</span> <span class='ocrx_word' id='word_1_368' title='bbox 722 2700 817 2755; x_wconf 75' lang='grc' dir='ltr'><strong>τοῦ</strong></span> <span class='ocrx_word' id='word_1_369' title='bbox 829 2701 1185 2774; x_wconf 81' lang='grc' dir='ltr'>καλύμματος</span> <span class='ocrx_word' id='word_1_370' title='bbox 1211 2702 1470 2768; x_wconf 81' lang='grc' dir='ltr'>πολλάκις</span> <span class='ocrx_word' id='word_1_371' title='bbox 1487 2706 1616 2775; x_wconf 82' lang='grc' dir='ltr'>ἡμῖν</span> <span class='ocrx_word' id='word_1_372' title='bbox 1634 2704 1871 2774; x_wconf 71' lang='grc' dir='ltr'>εἴρηται,</span> 
     </span>
    </p>
   </div>
   <div class='ocr_carea' id='block_1_48' title="bbox 274 2788 1872 2865">
    <p class='ocr_par' dir='ltr' id='par_1_48' title="bbox 274 2788 1872 2865">
     <span class='ocr_line' id='line_1_48' title="bbox 274 2788 1872 2865; baseline 0.004 -24"><span class='ocrx_word' id='word_1_373' title='bbox 274 2788 368 2841; x_wconf 91' lang='grc' dir='ltr'><strong>τοῦ</strong></span> <span class='ocrx_word' id='word_1_374' title='bbox 416 2789 772 2861; x_wconf 74' lang='grc' dir='ltr'>ἐπικειμένου</span> <span class='ocrx_word' id='word_1_375' title='bbox 813 2791 893 2862; x_wconf 81' lang='grc' dir='ltr'>τῷ</span> <span class='ocrx_word' id='word_1_376' title='bbox 933 2792 1210 2864; x_wconf 83' lang='grc' dir='ltr'>προσώπῳ</span> <span class='ocrx_word' id='word_1_377' title='bbox 1254 2792 1362 2846; x_wconf 85' lang='grc' dir='ltr'><strong>τῶν</strong></span> <span class='ocrx_word' id='word_1_378' title='bbox 1400 2795 1474 2865; x_wconf 85' lang='grc' dir='ltr'>μὴ</span> <span class='ocrx_word' id='word_1_379' title='bbox 1514 2794 1872 2864; x_wconf 82' lang='grc' dir='ltr'>ἐπιστρεφόν-</span> 
     </span>
    </p>
   </div>
   <div class='ocr_carea' id='block_1_49' title="bbox 271 2880 1868 2956">
    <p class='ocr_par' dir='ltr' id='par_1_49' title="bbox 271 2880 1868 2956">
     <span class='ocr_line' id='line_1_49' title="bbox 271 2880 1868 2956; baseline 0.004 -24"><span class='ocrx_word' id='word_1_380' title='bbox 271 2896 382 2933; x_wconf 89' lang='grc' dir='ltr'><strong>των</strong></span> <span class='ocrx_word' id='word_1_381' title='bbox 413 2880 560 2952; x_wconf 85' lang='grc' dir='ltr'>πρὸς</span> <span class='ocrx_word' id='word_1_382' title='bbox 582 2881 807 2953; x_wconf 82' lang='grc' dir='ltr'>Κύριον.</span> <span class='ocrx_word' id='word_1_383' title='bbox 840 2886 918 2937; x_wconf 87' lang='grc' dir='ltr'><strong>Δι’</strong></span> <span class='ocrx_word' id='word_1_384' title='bbox 943 2885 971 2938; x_wconf 85' lang='grc' dir='ltr'>ὃ</span> <span class='ocrx_word' id='word_1_385' title='bbox 995 2885 1280 2956; x_wconf 81' lang='grc' dir='ltr'>κάλυμμα,</span> <span class='ocrx_word' id='word_1_386' title='bbox 1309 2885 1403 2939; x_wconf 82' lang='grc' dir='ltr'><strong>ὲάν</strong></span> <span class='ocrx_word' id='word_1_387' title='bbox 1429 2884 1868 2954; x_wconf 83' lang='grc' dir='ltr'>ἀναγινώσκηται</span> 
     </span>
    </p>
   </div>
   <div class='ocr_carea' id='block_1_50' title="bbox 272 2971 1861 3048">
    <p class='ocr_par' dir='ltr' id='par_1_50' title="bbox 272 2971 1861 3048">
     <span class='ocr_line' id='line_1_50' title="bbox 272 2971 1861 3048; baseline 0.003 -24"><span class='ocrx_word' id='word_1_388' title='bbox 272 2971 545 3043; x_wconf 71' lang='grc' dir='ltr'>Μωῦσῆς,</span> <span class='ocrx_word' id='word_1_389' title='bbox 585 2975 612 3026; x_wconf 87' lang='grc' dir='ltr'>ὁ</span> <span class='ocrx_word' id='word_1_390' title='bbox 643 2974 964 3045; x_wconf 77' lang='grc' dir='ltr'>ἁμαρτωλὸς</span> <span class='ocrx_word' id='word_1_391' title='bbox 995 2975 1055 3029; x_wconf 77' lang='grc' dir='ltr'><strong>οὐ</strong></span> <span class='ocrx_word' id='word_1_392' title='bbox 1094 2979 1205 3029; x_wconf 85' lang='grc' dir='ltr'>νοεῖ</span> <span class='ocrx_word' id='word_1_393' title='bbox 1229 2976 1410 3030; x_wconf 82' lang='grc' dir='ltr'>αὐτόν.</span> <span class='ocrx_word' id='word_1_394' title='bbox 1453 2976 1733 3048; x_wconf 82' lang='grc' dir='ltr'>Κάλυμμα</span> <span class='ocrx_word' id='word_1_395' title='bbox 1750 2974 1861 3047; x_wconf 77' lang='grc' dir='ltr'>γὰρ</span> 
     </span>
    </p>
   </div>
   <div class='ocr_carea' id='block_1_51' title="bbox 273 3063 1869 3139">
    <p class='ocr_par' dir='ltr' id='par_1_51' title="bbox 273 3063 1869 3139">
     <span class='ocr_line' id='line_1_51' title="bbox 273 3063 1869 3139; baseline 0.004 -24"><span class='ocrx_word' id='word_1_396' title='bbox 273 3064 349 3128; x_wconf 86' lang='grc' dir='ltr'><strong>εἰς</strong></span> <span class='ocrx_word' id='word_1_397' title='bbox 364 3063 473 3136; x_wconf 79' lang='grc' dir='ltr'>τὴν</span> <span class='ocrx_word' id='word_1_398' title='bbox 490 3065 714 3137; x_wconf 79' lang='grc' dir='ltr'>καρδίαν</span> <span class='ocrx_word' id='word_1_399' title='bbox 730 3067 894 3120; x_wconf 80' lang='grc' dir='ltr'>αὐτοῦ</span> <span class='ocrx_word' id='word_1_400' title='bbox 916 3070 1111 3121; x_wconf 84' lang='grc' dir='ltr'>κεῖται.</span> <span class='ocrx_word' id='word_1_401' title='bbox 1130 3069 1208 3121; x_wconf 87' lang='grc' dir='ltr'><strong>Δι’</strong></span> <span class='ocrx_word' id='word_1_402' title='bbox 1221 3067 1249 3120; x_wconf 82' lang='grc' dir='ltr'>ὃ</span> <span class='ocrx_word' id='word_1_403' title='bbox 1272 3068 1553 3139; x_wconf 80' lang='grc' dir='ltr'>κάλυμμα,</span> <span class='ocrx_word' id='word_1_404' title='bbox 1573 3068 1667 3121; x_wconf 77' lang='grc' dir='ltr'>ἐὰν</span> <span class='ocrx_word' id='word_1_405' title='bbox 1678 3069 1869 3136; x_wconf 86' lang='grc' dir='ltr'>ἀναγι-</span> 
     </span>
    </p>
   </div>
   <div class='ocr_carea' id='block_1_52' title="bbox 2052 2425 3552 2497">
    <p class='ocr_par' dir='ltr' id='par_1_52' title="bbox 2052 2425 3552 2497">
     <span class='ocr_line' id='line_1_52' title="bbox 2052 2425 3552 2497; baseline 0.001 -17"><span class='ocrx_word' id='word_1_406' title='bbox 2052 2426 2109 2481; x_wconf 90' lang='grc'>8.</span> <span class='ocrx_word' id='word_1_407' title='bbox 2150 2425 2281 2481; x_wconf 85' lang='lat' dir='ltr'><strong>Post</strong></span> <span class='ocrx_word' id='word_1_408' title='bbox 2323 2426 2439 2481; x_wconf 64' lang='lat' dir='ltr'><strong>haec</strong></span> <span class='ocrx_word' id='word_1_409' title='bbox 2470 2426 2622 2482; x_wconf 91' lang='lat' dir='ltr'><strong>aiunt</strong></span> <span class='ocrx_word' id='word_1_410' title='bbox 2659 2427 2753 2497; x_wconf 91' lang='lat' dir='ltr'><strong>qui</strong></span> <span class='ocrx_word' id='word_1_411' title='bbox 2791 2427 3151 2484; x_wconf 87' lang='lat' dir='ltr'><strong>confitentur:</strong></span> <span class='ocrx_word' id='word_1_412' title='bbox 3194 2427 3552 2483; x_wconf 81' lang='lat' dir='ltr'><strong>Dormivimus</strong></span> 
     </span>
    </p>
   </div>
   <div class='ocr_carea' id='block_1_53' title="bbox 1980 2517 3552 2588">
    <p class='ocr_par' dir='ltr' id='par_1_53' title="bbox 1980 2517 3552 2588">
     <span class='ocr_line' id='line_1_53' title="bbox 1980 2517 3552 2588; baseline 0.003 -17"><span class='ocrx_word' id='word_1_413' title='bbox 1980 2518 2032 2571; x_wconf 91' lang='lat' dir='ltr'><strong>in</strong></span> <span class='ocrx_word' id='word_1_414' title='bbox 2057 2517 2363 2581; x_wconf 75' lang='lat' dir='ltr'><strong>confusione</strong></span> <span class='ocrx_word' id='word_1_415' title='bbox 2410 2529 2626 2583; x_wconf 87' lang='lat' dir='ltr'><strong>nostra;</strong></span> <span class='ocrx_word' id='word_1_416' title='bbox 2659 2520 2857 2588; x_wconf 88' lang='lat' dir='ltr'><strong>quibus</strong></span> <span class='ocrx_word' id='word_1_417' title='bbox 2883 2520 3125 2574; x_wconf 88' lang='lat' dir='ltr'><strong>addunt:</strong></span> <span class='ocrx_word' id='word_1_418' title='bbox 3178 2518 3248 2573; x_wconf 87' lang='lat' dir='ltr'><strong>Et</strong></span> <span class='ocrx_word' id='word_1_419' title='bbox 3287 2522 3552 2588; x_wconf 87' lang='lat' dir='ltr'><strong>c00peruit</strong></span> 
     </span>
    </p>
   </div>
   <div class='ocr_carea' id='block_1_54' title="bbox 1980 2608 3552 2679">
    <p class='ocr_par' dir='ltr' id='par_1_54' title="bbox 1980 2608 3552 2679">
     <span class='ocr_line' id='line_1_54' title="bbox 1980 2608 3552 2679; baseline 0.001 -18"><span class='ocrx_word' id='word_1_420' title='bbox 1980 2624 2073 2661; x_wconf 80' lang='lat' dir='ltr'><strong>nos</strong></span> <span class='ocrx_word' id='word_1_421' title='bbox 2103 2609 2395 2678; x_wconf 83' lang='lat' dir='ltr'><strong>ignominia</strong></span> <span class='ocrx_word' id='word_1_422' title='bbox 2433 2618 2615 2663; x_wconf 84' lang='lat' dir='ltr'><strong>nostra</strong></span> <span class='ocrx_word' id='word_1_423' title='bbox 2649 2610 2687 2664; x_wconf 73' lang='grc' dir='ltr'>ί.</span> <span class='ocrx_word' id='word_1_424' title='bbox 2726 2608 2878 2679; x_wconf 70' lang='lat' dir='ltr'><strong>Smpe</strong></span> <span class='ocrx_word' id='word_1_425' title='bbox 2931 2610 3089 2665; x_wconf 89' lang='lat' dir='ltr'><strong>nobis</strong></span> <span class='ocrx_word' id='word_1_426' title='bbox 3131 2626 3313 2667; x_wconf 87' lang='lat' dir='ltr'><strong>sermo</strong></span> <span class='ocrx_word' id='word_1_427' title='bbox 3344 2611 3453 2679; x_wconf 86' lang='lat' dir='ltr'><strong>fuit</strong></span> <span class='ocrx_word' id='word_1_428' title='bbox 3485 2613 3552 2666; x_wconf 76' lang='lat' dir='ltr'><strong>de</strong></span> 
     </span>
    </p>
   </div>
   <div class='ocr_carea' id='block_1_55' title="bbox 1979 2699 3555 2770">
    <p class='ocr_par' dir='ltr' id='par_1_55' title="bbox 1979 2699 3555 2770">
     <span class='ocr_line' id='line_1_55' title="bbox 1979 2699 3555 2770; baseline 0.002 -16"><span class='ocrx_word' id='word_1_429' title='bbox 1979 2699 2247 2754; x_wconf 76' lang='lat' dir='ltr'><strong>velamine</strong></span> <span class='ocrx_word' id='word_1_430' title='bbox 2279 2699 2425 2769; x_wconf 90' lang='lat' dir='ltr'><strong>quod</strong></span> <span class='ocrx_word' id='word_1_431' title='bbox 2455 2699 2661 2769; x_wconf 84' lang='lat' dir='ltr'><strong>obtegit</strong></span> <span class='ocrx_word' id='word_1_432' title='bbox 2689 2699 2879 2755; x_wconf 81' lang='lat' dir='ltr'><strong>faciem</strong></span> <span class='ocrx_word' id='word_1_433' title='bbox 2903 2717 3093 2755; x_wconf 88' lang='lat' dir='ltr'><strong>eorum</strong></span> <span class='ocrx_word' id='word_1_434' title='bbox 3115 2703 3208 2770; x_wconf 88' lang='lat' dir='ltr'><strong>qui</strong></span> <span class='ocrx_word' id='word_1_435' title='bbox 3233 2718 3338 2758; x_wconf 90' lang='lat' dir='ltr'><strong>non</strong></span> <span class='ocrx_word' id='word_1_436' title='bbox 3372 2719 3555 2757; x_wconf 89' lang='lat' dir='ltr'><strong>rever-</strong></span> 
     </span>
    </p>
   </div>
   <div class='ocr_carea' id='block_1_56' title="bbox 1980 2790 3548 2863">
    <p class='ocr_par' dir='ltr' id='par_1_56' title="bbox 1980 2790 3548 2863">
     <span class='ocr_line' id='line_1_56' title="bbox 1980 2790 3548 2863; baseline 0.003 -18"><span class='ocrx_word' id='word_1_437' title='bbox 1980 2799 2171 2845; x_wconf 87' lang='lat' dir='ltr'><strong>tuntur</strong></span> <span class='ocrx_word' id='word_1_438' title='bbox 2218 2790 2285 2844; x_wconf 89' lang='lat' dir='ltr'><strong>ad</strong></span> <span class='ocrx_word' id='word_1_439' title='bbox 2316 2790 2630 2846; x_wconf 89' lang='lat' dir='ltr'><strong>Dominum.</strong></span> <span class='ocrx_word' id='word_1_440' title='bbox 2664 2790 2892 2861; x_wconf 84' lang='lat' dir='ltr'><strong>Propter</strong></span> <span class='ocrx_word' id='word_1_441' title='bbox 2927 2793 3073 2863; x_wconf 89' lang='lat' dir='ltr'><strong>quod</strong></span> <span class='ocrx_word' id='word_1_442' title='bbox 3100 2793 3366 2860; x_wconf 84' lang='lat' dir='ltr'><strong>velamen,</strong></span> <span class='ocrx_word' id='word_1_443' title='bbox 3391 2796 3435 2848; x_wconf 91' lang='lat' dir='ltr'><strong>si</strong></span> <span class='ocrx_word' id='word_1_444' title='bbox 3471 2794 3548 2849; x_wconf 88' lang='lat' dir='ltr'><strong>le-</strong></span> 
     </span>
    </p>
   </div>
   <div class='ocr_carea' id='block_1_57' title="bbox 1979 2879 3550 2954">
    <p class='ocr_par' dir='ltr' id='par_1_57' title="bbox 1979 2879 3550 2954">
     <span class='ocr_line' id='line_1_57' title="bbox 1979 2879 3550 2954; baseline 0.003 -21"><span class='ocrx_word' id='word_1_445' title='bbox 1979 2890 2138 2952; x_wconf 78' lang='lat' dir='ltr'><strong>gatur</strong></span> <span class='ocrx_word' id='word_1_446' title='bbox 2171 2879 2405 2952; x_wconf 78' lang='lat' dir='ltr'><strong>Moyses,</strong></span> <span class='ocrx_word' id='word_1_447' title='bbox 2437 2890 2694 2951; x_wconf 87' lang='lat' dir='ltr'><strong>peccator</strong></span> <span class='ocrx_word' id='word_1_448' title='bbox 2721 2897 2829 2936; x_wconf 90' lang='lat' dir='ltr'><strong>non</strong></span> <span class='ocrx_word' id='word_1_449' title='bbox 2864 2881 3114 2954; x_wconf 77' lang='lat' dir='ltr'><strong>intelligit</strong></span> <span class='ocrx_word' id='word_1_450' title='bbox 3154 2882 3353 2952; x_wconf 87' lang='lat' dir='ltr'><strong>ipsum.</strong></span> <span class='ocrx_word' id='word_1_451' title='bbox 3391 2881 3550 2938; x_wconf 78' lang='lat' dir='ltr'><strong>Vela-</strong></span> 
     </span>
    </p>
   </div>
   <div class='ocr_carea' id='block_1_58' title="bbox 1975 2974 3545 3046">
    <p class='ocr_par' dir='ltr' id='par_1_58' title="bbox 1975 2974 3545 3046">
     <span class='ocr_line' id='line_1_58' title="bbox 1975 2974 3545 3046; baseline 0.001 -17"><span class='ocrx_word' id='word_1_452' title='bbox 1975 2987 2099 3030; x_wconf 89' lang='lat' dir='ltr'><strong>men</strong></span> <span class='ocrx_word' id='word_1_453' title='bbox 2124 2976 2268 3030; x_wconf 89' lang='lat' dir='ltr'><strong>enim</strong></span> <span class='ocrx_word' id='word_1_454' title='bbox 2293 2975 2443 3030; x_wconf 85' lang='lat' dir='ltr'><strong>cordi</strong></span> <span class='ocrx_word' id='word_1_455' title='bbox 2467 2974 2780 3044; x_wconf 89' lang='lat' dir='ltr'><strong>impositum</strong></span> <span class='ocrx_word' id='word_1_456' title='bbox 2821 2976 3001 3039; x_wconf 88' lang='lat' dir='ltr'><strong>habet,</strong></span> <span class='ocrx_word' id='word_1_457' title='bbox 3024 2991 3057 3045; x_wconf 93' lang='lat' dir='ltr'><strong>p</strong></span> <span class='ocrx_word' id='word_1_458' title='bbox 3079 2988 3240 3044; x_wconf 77' lang='lat' dir='ltr'><strong>&#39;opler</strong></span> <span class='ocrx_word' id='word_1_459' title='bbox 3272 2977 3417 3046; x_wconf 87' lang='lat' dir='ltr'><strong>quod</strong></span> <span class='ocrx_word' id='word_1_460' title='bbox 3452 2992 3545 3031; x_wconf 85' lang='lat' dir='ltr'><strong>ve-</strong></span> 
     </span>
    </p>
   </div>
   <div class='ocr_carea' id='block_1_59' title="bbox 1978 3065 3549 3139">
    <p class='ocr_par' dir='ltr' id='par_1_59' title="bbox 1978 3065 3549 3139">
     <span class='ocr_line' id='line_1_59' title="bbox 1978 3065 3549 3139; baseline 0.002 -19"><span class='ocrx_word' id='word_1_461' title='bbox 1978 3067 2178 3128; x_wconf 85' lang='lat' dir='ltr'><strong>lamen.</strong></span> <span class='ocrx_word' id='word_1_462' title='bbox 2210 3066 2256 3121; x_wconf 90' lang='lat' dir='ltr'><strong>si</strong></span> <span class='ocrx_word' id='word_1_463' title='bbox 2291 3066 2499 3137; x_wconf 76' lang='lat' dir='ltr'><strong>legatur</strong></span> <span class='ocrx_word' id='word_1_464' title='bbox 2536 3065 2700 3121; x_wconf 87' lang='lat' dir='ltr'><strong>Vetus</strong></span> <span class='ocrx_word' id='word_1_465' title='bbox 2745 3066 3155 3121; x_wconf 87' lang='lat' dir='ltr'><strong>Testamentum</strong></span> <span class='ocrx_word' id='word_1_466' title='bbox 3182 3108 3199 3134; x_wconf 91' lang='lat'><strong>,</strong></span> <span class='ocrx_word' id='word_1_467' title='bbox 3253 3069 3349 3139; x_wconf 92' lang='lat' dir='ltr'><strong>qui</strong></span> <span class='ocrx_word' id='word_1_468' title='bbox 3397 3069 3549 3124; x_wconf 88' lang='lat' dir='ltr'><strong>audit</strong></span> 
     </span>
    </p>
   </div>
   <div class='ocr_carea' id='block_1_60' title="bbox 274 3150 1970 3231">
    <p class='ocr_par' dir='ltr' id='par_1_60' title="bbox 274 3150 1948 3231">
     <span class='ocr_line' id='line_1_60' title="bbox 274 3150 1948 3231; baseline 0.004 -26"><span class='ocrx_word' id='word_1_469' title='bbox 274 3152 559 3226; x_wconf 86' lang='grc' dir='ltr'>νώσκηται</span> <span class='ocrx_word' id='word_1_470' title='bbox 605 3157 638 3227; x_wconf 90' lang='grc' dir='ltr'><strong>ή</strong></span> <span class='ocrx_word' id='word_1_471' title='bbox 680 3156 891 3211; x_wconf 76' lang='grc' dir='ltr'>Παλαιὰ</span> <span class='ocrx_word' id='word_1_472' title='bbox 907 3158 1252 3231; x_wconf 74' lang='grc' dir='ltr'>Διαθήκη,οὐ</span> <span class='ocrx_word' id='word_1_473' title='bbox 1278 3159 1496 3231; x_wconf 83' lang='grc' dir='ltr'>συνήσει</span> <span class='ocrx_word' id='word_1_474' title='bbox 1531 3160 1607 3229; x_wconf 79' lang='grc'><strong>(5)</strong></span> <span class='ocrx_word' id='word_1_475' title='bbox 1631 3157 1860 3212; x_wconf 87' lang='grc' dir='ltr'>ἀκούων.</span> <span class='ocrx_word' id='word_1_476' title='bbox 1898 3150 1948 3231; x_wconf 60' lang='grc' dir='ltr'><strong>η’</strong></span> 
     </span>
    </p>
   </div>
   <div class='ocr_carea' id='block_1_61' title="bbox 1848 3150 3544 3231">
    <p class='ocr_par' dir='ltr' id='par_1_61' title="bbox 1850 3150 3544 3231">
     <span class='ocr_line' id='line_1_61' title="bbox 1850 3150 3544 3231; baseline 0.002 -19"><span class='ocrx_word' id='word_1_477' title='bbox 1850 3201 1860 3212; x_wconf 92' lang='grc'><strong>.</strong></span> <span class='ocrx_word' id='word_1_478' title='bbox 1898 3150 1948 3231; x_wconf 60' lang='grc' dir='ltr'><strong>η’</strong></span> <span class='ocrx_word' id='word_1_479' title='bbox 1977 3175 2083 3214; x_wconf 88' lang='lat' dir='ltr'><strong>non</strong></span> <span class='ocrx_word' id='word_1_480' title='bbox 2121 3158 2400 3228; x_wconf 83' lang='lat' dir='ltr'><strong>intelliget.</strong></span> <span class='ocrx_word' id='word_1_481' title='bbox 2425 3159 2657 3229; x_wconf 88' lang='lat' dir='ltr'><strong>Propter</strong></span> <span class='ocrx_word' id='word_1_482' title='bbox 2687 3159 2830 3228; x_wconf 85' lang='lat' dir='ltr'><strong>quod</strong></span> <span class='ocrx_word' id='word_1_483' title='bbox 2862 3158 3128 3226; x_wconf 84' lang='lat' dir='ltr'><strong>velamen,</strong></span> <span class='ocrx_word' id='word_1_484' title='bbox 3179 3160 3358 3229; x_wconf 89' lang='lat' dir='ltr'><strong>ipsum</strong></span> <span class='ocrx_word' id='word_1_485' title='bbox 3405 3176 3544 3231; x_wconf 87' lang='lat' dir='ltr'><strong>quo-</strong></span> 
     </span>
    </p>
   </div>
   <div class='ocr_carea' id='block_1_62' title="bbox 274 3246 1970 3325">
    <p class='ocr_par' dir='ltr' id='par_1_62' title="bbox 274 3246 1941 3325">
     <span class='ocr_line' id='line_1_62' title="bbox 274 3246 1941 3325; baseline 0.004 -28"><span class='ocrx_word' id='word_1_486' title='bbox 274 3247 349 3299; x_wconf 88' lang='grc' dir='ltr'><strong>Δι’</strong></span> <span class='ocrx_word' id='word_1_487' title='bbox 368 3246 399 3299; x_wconf 83' lang='grc' dir='ltr'><strong>ὃ</strong></span> <span class='ocrx_word' id='word_1_488' title='bbox 430 3247 702 3319; x_wconf 84' lang='grc' dir='ltr'>κάλυμμα</span> <span class='ocrx_word' id='word_1_489' title='bbox 735 3250 828 3303; x_wconf 71' lang='grc' dir='ltr'><strong>καὶ</strong></span> <span class='ocrx_word' id='word_1_490' title='bbox 858 3249 919 3303; x_wconf 83' lang='grc' dir='ltr'><strong>τὸ</strong></span> <span class='ocrx_word' id='word_1_491' title='bbox 964 3251 1294 3321; x_wconf 78' lang='grc' dir='ltr'>Εὐαγγέλιον</span> <span class='ocrx_word' id='word_1_492' title='bbox 1324 3254 1437 3316; x_wconf 85' lang='grc' dir='ltr'>τοῖς</span> <span class='ocrx_word' id='word_1_493' title='bbox 1474 3251 1866 3325; x_wconf 81' lang='grc' dir='ltr'>ἀπολλυμένοις</span> <span class='ocrx_word' id='word_1_494' title='bbox 1896 3246 1941 3272; x_wconf 65' lang='grc' dir='ltr'>υ</span> 
     </span>
    </p>
   </div>
   <div class='ocr_carea' id='block_1_63' title="bbox 1843 3246 3539 3325">
    <p class='ocr_par' dir='ltr' id='par_1_63' title="bbox 1843 3246 3539 3320">
     <span class='ocr_line' id='line_1_63' title="bbox 1843 3246 3539 3320; baseline 0.001 -15"><span class='ocrx_word' id='word_1_495' title='bbox 1843 3269 1866 3314; x_wconf 87' lang='grc' dir='ltr'><strong>ς</strong></span> <span class='ocrx_word' id='word_1_496' title='bbox 1896 3246 1941 3272; x_wconf 67' lang='grc' dir='ltr'>υ</span> <span class='ocrx_word' id='word_1_497' title='bbox 1971 3266 2078 3320; x_wconf 88' lang='lat' dir='ltr'><strong>que</strong></span> <span class='ocrx_word' id='word_1_498' title='bbox 2110 3250 2462 3320; x_wconf 84' lang='lat' dir='ltr'><strong>Evangelium</strong></span> <span class='ocrx_word' id='word_1_499' title='bbox 2498 3251 2565 3305; x_wconf 92' lang='lat' dir='ltr'><strong>iis</strong></span> <span class='ocrx_word' id='word_1_500' title='bbox 2610 3250 2704 3319; x_wconf 89' lang='lat' dir='ltr'><strong>qui</strong></span> <span class='ocrx_word' id='word_1_501' title='bbox 2738 3259 2965 3319; x_wconf 86' lang='lat' dir='ltr'><strong>pereunt</strong></span> <span class='ocrx_word' id='word_1_502' title='bbox 3006 3261 3088 3306; x_wconf 88' lang='lat' dir='ltr'><strong>est</strong></span> <span class='ocrx_word' id='word_1_503' title='bbox 3141 3251 3539 3308; x_wconf 74' lang='lat' dir='ltr'><strong>absconditum.</strong></span> 
     </span>
    </p>
   </div>
   <div class='ocr_carea' id='block_1_64' title="bbox 273 3337 1864 3413">
    <p class='ocr_par' dir='ltr' id='par_1_64' title="bbox 273 3337 1864 3413">
     <span class='ocr_line' id='line_1_64' title="bbox 273 3337 1864 3413; baseline 0.003 -23"><span class='ocrx_word' id='word_1_504' title='bbox 273 3337 387 3391; x_wconf 76' lang='grc' dir='ltr'>ἐστὶ</span> <span class='ocrx_word' id='word_1_505' title='bbox 435 3337 874 3409; x_wconf 81' lang='grc' dir='ltr'>κεκαλυμμένον.</span> <span class='ocrx_word' id='word_1_506' title='bbox 930 3342 1216 3413; x_wconf 84' lang='grc' dir='ltr'>Ἐλέγομεν</span> <span class='ocrx_word' id='word_1_507' title='bbox 1253 3342 1430 3395; x_wconf 85' lang='grc' dir='ltr'>τοίνυν</span> <span class='ocrx_word' id='word_1_508' title='bbox 1474 3342 1603 3412; x_wconf 75' lang='grc' dir='ltr'>περὶ</span> <span class='ocrx_word' id='word_1_509' title='bbox 1636 3340 1729 3395; x_wconf 85' lang='grc' dir='ltr'><strong>τοῦ</strong></span> <span class='ocrx_word' id='word_1_510' title='bbox 1762 3360 1864 3395; x_wconf 90' lang='grc' dir='ltr'>κα-</span> 
     </span>
    </p>
   </div>
   <div class='ocr_carea' id='block_1_65' title="bbox 270 3427 1866 3506">
    <p class='ocr_par' dir='ltr' id='par_1_65' title="bbox 270 3427 1866 3506">
     <span class='ocr_line' id='line_1_65' title="bbox 270 3427 1866 3506; baseline 0.004 -26"><span class='ocrx_word' id='word_1_511' title='bbox 270 3427 583 3500; x_wconf 85' lang='grc' dir='ltr'>λύμματος,</span> <span class='ocrx_word' id='word_1_512' title='bbox 609 3430 689 3483; x_wconf 83' lang='grc' dir='ltr'>ὅτι</span> <span class='ocrx_word' id='word_1_513' title='bbox 715 3432 747 3501; x_wconf 86' lang='grc' dir='ltr'><strong>ή</strong></span> <span class='ocrx_word' id='word_1_514' title='bbox 770 3431 997 3504; x_wconf 82' lang='grc' dir='ltr'>αἰσχύνη</span> <span class='ocrx_word' id='word_1_515' title='bbox 1026 3434 1143 3487; x_wconf 73' lang='grc' dir='ltr'>ἐστὶ</span> <span class='ocrx_word' id='word_1_516' title='bbox 1166 3433 1228 3487; x_wconf 85' lang='grc' dir='ltr'><strong>τὸ</strong></span> <span class='ocrx_word' id='word_1_517' title='bbox 1258 3433 1538 3505; x_wconf 81' lang='grc' dir='ltr'>κάλυμμα.</span> <span class='ocrx_word' id='word_1_518' title='bbox 1566 3435 1732 3487; x_wconf 85' lang='grc' dir='ltr'>Ὅσον</span> <span class='ocrx_word' id='word_1_519' title='bbox 1756 3432 1866 3506; x_wconf 85' lang='grc' dir='ltr'><strong>γάρ</strong></span> 
     </span>
    </p>
   </div>
   <div class='ocr_carea' id='block_1_66' title="bbox 270 3518 1865 3596">
    <p class='ocr_par' dir='ltr' id='par_1_66' title="bbox 270 3518 1865 3596">
     <span class='ocr_line' id='line_1_66' title="bbox 270 3518 1865 3596; baseline 0.004 -25"><span class='ocrx_word' id='word_1_520' title='bbox 270 3518 477 3590; x_wconf 81' lang='grc' dir='ltr'>ἔχομεν</span> <span class='ocrx_word' id='word_1_521' title='bbox 506 3518 577 3572; x_wconf 81' lang='grc' dir='ltr'>τὰ</span> <span class='ocrx_word' id='word_1_522' title='bbox 616 3520 753 3593; x_wconf 81' lang='grc' dir='ltr'>ἔργα</span> <span class='ocrx_word' id='word_1_523' title='bbox 791 3522 891 3592; x_wconf 75' lang='grc' dir='ltr'>τῆς</span> <span class='ocrx_word' id='word_1_524' title='bbox 932 3523 1214 3596; x_wconf 88' lang='grc' dir='ltr'>αἰσχύνης,</span> <span class='ocrx_word' id='word_1_525' title='bbox 1248 3524 1404 3595; x_wconf 82' lang='grc' dir='ltr'>δῆλον</span> <span class='ocrx_word' id='word_1_526' title='bbox 1444 3525 1527 3577; x_wconf 80' lang='grc' dir='ltr'><strong>ὅτι</strong></span> <span class='ocrx_word' id='word_1_527' title='bbox 1571 3523 1766 3595; x_wconf 82' lang='grc' dir='ltr'>ἔχομεν</span> <span class='ocrx_word' id='word_1_528' title='bbox 1805 3525 1865 3577; x_wconf 87' lang='grc' dir='ltr'><strong>τὸ</strong></span> 
     </span>
    </p>
   </div>
   <div class='ocr_carea' id='block_1_67' title="bbox 270 3610 1861 3687">
    <p class='ocr_par' dir='ltr' id='par_1_67' title="bbox 270 3610 1861 3687">
     <span class='ocr_line' id='line_1_67' title="bbox 270 3610 1861 3687; baseline 0.003 -23"><span class='ocrx_word' id='word_1_529' title='bbox 270 3610 404 3664; x_wconf 63' lang='grc' dir='ltr'>διά-λυ</span> <span class='ocrx_word' id='word_1_530' title='bbox 415 3629 460 3682; x_wconf 85' lang='grc' dir='ltr'><strong>μ</strong></span> <span class='ocrx_word' id='word_1_531' title='bbox 468 3628 565 3681; x_wconf 89' lang='grc' dir='ltr'><strong>μα,</strong></span> <span class='ocrx_word' id='word_1_532' title='bbox 590 3612 731 3666; x_wconf 83' lang='grc' dir='ltr'>κατὰ</span> <span class='ocrx_word' id='word_1_533' title='bbox 757 3613 819 3667; x_wconf 82' lang='grc' dir='ltr'><strong>τὸ</strong></span> <span class='ocrx_word' id='word_1_534' title='bbox 843 3614 1130 3686; x_wconf 72' lang='grc' dir='ltr'>εἰρημένον</span> <span class='ocrx_word' id='word_1_535' title='bbox 1156 3633 1258 3669; x_wconf 89' lang='grc' dir='ltr'><strong>που</strong></span> <span class='ocrx_word' id='word_1_536' title='bbox 1283 3618 1339 3669; x_wconf 77' lang='grc' dir='ltr'><strong>ἐν</strong></span> <span class='ocrx_word' id='word_1_537' title='bbox 1371 3622 1422 3687; x_wconf 88' lang='grc' dir='ltr'>μ’</span> <span class='ocrx_word' id='word_1_538' title='bbox 1444 3616 1538 3669; x_wconf 78' lang='grc' dir='ltr'><strong>καὶ</strong></span> <span class='ocrx_word' id='word_1_539' title='bbox 1557 3623 1605 3685; x_wconf 84' lang='grc' dir='ltr'>γ’</span> <span class='ocrx_word' id='word_1_540' title='bbox 1634 3616 1830 3687; x_wconf 78' lang='grc' dir='ltr'>ψαλμῷ</span> <span class='ocrx_word' id='word_1_541' title='bbox 1845 3633 1861 3647; x_wconf 68' lang='grc' dir='ltr'><strong>α</strong></span> 
     </span>
    </p>
   </div>
   <div class='ocr_carea' id='block_1_68' title="bbox 268 3702 1859 3778">
    <p class='ocr_par' dir='ltr' id='par_1_68' title="bbox 268 3702 1859 3778">
     <span class='ocr_line' id='line_1_68' title="bbox 268 3702 1859 3778; baseline 0.006 -24"><span class='ocrx_word' id='word_1_542' title='bbox 268 3702 377 3755; x_wconf 78' lang='grc' dir='ltr'><strong>Καὶ</strong></span> <span class='ocrx_word' id='word_1_543' title='bbox 412 3705 455 3770; x_wconf 78' lang='grc' dir='ltr'>ἡ</span> <span class='ocrx_word' id='word_1_544' title='bbox 500 3704 761 3773; x_wconf 82' lang='grc' dir='ltr'>αἰσχύνη</span> <span class='ocrx_word' id='word_1_545' title='bbox 805 3707 911 3760; x_wconf 87' lang='grc' dir='ltr'><strong>τοῦ</strong></span> <span class='ocrx_word' id='word_1_546' title='bbox 949 3704 1270 3774; x_wconf 81' lang='grc' dir='ltr'>προσώπου</span> <span class='ocrx_word' id='word_1_547' title='bbox 1306 3725 1425 3777; x_wconf 80' lang='grc' dir='ltr'><strong>μου</strong></span> <span class='ocrx_word' id='word_1_548' title='bbox 1467 3706 1739 3775; x_wconf 58' lang='grc' dir='ltr'>ἐκάλυψέ</span> <span class='ocrx_word' id='word_1_549' title='bbox 1764 3726 1859 3778; x_wconf 82' lang='grc' dir='ltr'><strong>με.</strong></span> 
     </span>
    </p>
   </div>
   <div class='ocr_carea' id='block_1_69' title="bbox 271 3792 1862 3871">
    <p class='ocr_par' dir='ltr' id='par_1_69' title="bbox 271 3792 1862 3871">
     <span class='ocr_line' id='line_1_69' title="bbox 271 3792 1862 3871; baseline 0.006 -28"><span class='ocrx_word' id='word_1_550' title='bbox 271 3792 635 3865; x_wconf 82' lang='grc' dir='ltr'>Παρεθέμην,</span> <span class='ocrx_word' id='word_1_551' title='bbox 679 3795 760 3848; x_wconf 85' lang='grc' dir='ltr'>ὅτι</span> <span class='ocrx_word' id='word_1_552' title='bbox 791 3797 819 3848; x_wconf 87' lang='grc' dir='ltr'>ὁ</span> <span class='ocrx_word' id='word_1_553' title='bbox 851 3797 925 3869; x_wconf 82' lang='grc' dir='ltr'>μὴ</span> <span class='ocrx_word' id='word_1_554' title='bbox 957 3796 1095 3868; x_wconf 81' lang='grc' dir='ltr'>έχων</span> <span class='ocrx_word' id='word_1_555' title='bbox 1131 3798 1389 3870; x_wconf 83' lang='grc' dir='ltr'>αἰσχύνης</span> <span class='ocrx_word' id='word_1_556' title='bbox 1420 3798 1589 3870; x_wconf 81' lang='grc' dir='ltr'>ἔργα,</span> <span class='ocrx_word' id='word_1_557' title='bbox 1621 3799 1722 3852; x_wconf 77' lang='grc' dir='ltr'><strong>οὐκ</strong></span> <span class='ocrx_word' id='word_1_558' title='bbox 1752 3799 1862 3871; x_wconf 80' lang='grc' dir='ltr'>ἔχει</span> 
     </span>
    </p>
   </div>
   <div class='ocr_carea' id='block_1_70' title="bbox 271 3883 1864 3962">
    <p class='ocr_par' dir='ltr' id='par_1_70' title="bbox 271 3883 1864 3962">
     <span class='ocr_line' id='line_1_70' title="bbox 271 3883 1864 3962; baseline 0.004 -25"><span class='ocrx_word' id='word_1_559' title='bbox 271 3885 580 3956; x_wconf 80' lang='grc' dir='ltr'>κάλυμμα·</span> <span class='ocrx_word' id='word_1_560' title='bbox 628 3887 811 3951; x_wconf 82' lang='grc' dir='ltr'>ὁποῖος</span> <span class='ocrx_word' id='word_1_561' title='bbox 840 3883 911 3958; x_wconf 81' lang='grc' dir='ltr'>ἦν</span> <span class='ocrx_word' id='word_1_562' title='bbox 957 3891 985 3941; x_wconf 88' lang='grc' dir='ltr'>ὁ</span> <span class='ocrx_word' id='word_1_563' title='bbox 1022 3888 1233 3953; x_wconf 88' lang='grc' dir='ltr'>Παῦλος</span> <span class='ocrx_word' id='word_1_564' title='bbox 1283 3890 1488 3959; x_wconf 79' lang='grc' dir='ltr'>λέγων’</span> <span class='ocrx_word' id='word_1_565' title='bbox 1546 3890 1744 3962; x_wconf 80' lang='grc' dir='ltr'>Ἡμεῖς</span> <span class='ocrx_word' id='word_1_566' title='bbox 1794 3890 1864 3943; x_wconf 80' lang='grc' dir='ltr'>δὲ</span> 
     </span>
    </p>
   </div>
   <div class='ocr_carea' id='block_1_71' title="bbox 271 3976 1863 4050">
    <p class='ocr_par' dir='ltr' id='par_1_71' title="bbox 271 3976 1863 4050">
     <span class='ocr_line' id='line_1_71' title="bbox 271 3976 1863 4050; baseline 0.004 -22"><span class='ocrx_word' id='word_1_567' title='bbox 271 3976 505 4041; x_wconf 80' lang='grc' dir='ltr'>πάντες</span> <span class='ocrx_word' id='word_1_568' title='bbox 560 3978 1108 4050; x_wconf 76' lang='grc' dir='ltr'>ἀνακεκαλυμμένῳ</span> <span class='ocrx_word' id='word_1_569' title='bbox 1164 3981 1461 4050; x_wconf 77' lang='grc' dir='ltr'>προσώπῳ</span> <span class='ocrx_word' id='word_1_570' title='bbox 1513 3983 1627 4050; x_wconf 76' lang='grc' dir='ltr'><strong>τὴν</strong></span> <span class='ocrx_word' id='word_1_571' title='bbox 1675 3981 1863 4046; x_wconf 73' lang='grc' dir='ltr'>δόξαν</span> 
     </span>
    </p>
   </div>
   <div class='ocr_carea' id='block_1_72' title="bbox 268 4070 1862 4146">
    <p class='ocr_par' dir='ltr' id='par_1_72' title="bbox 268 4070 1862 4146">
     <span class='ocr_line' id='line_1_72' title="bbox 268 4070 1862 4146; baseline 0.003 -23"><span class='ocrx_word' id='word_1_572' title='bbox 268 4071 502 4138; x_wconf 78' lang='grc' dir='ltr'>Κυρίου</span> <span class='ocrx_word' id='word_1_573' title='bbox 541 4070 1059 4143; x_wconf 81' lang='grc' dir='ltr'>κατοπτριζόμεθα.</span> <span class='ocrx_word' id='word_1_574' title='bbox 1075 4075 1285 4139; x_wconf 88' lang='grc' dir='ltr'>Παῦλος</span> <span class='ocrx_word' id='word_1_575' title='bbox 1298 4071 1391 4129; x_wconf 86' lang='grc' dir='ltr'><strong>οῦν</strong></span> <span class='ocrx_word' id='word_1_576' title='bbox 1404 4076 1709 4128; x_wconf 87' lang='grc' dir='ltr'>ἀνακεκαλυ</span> <span class='ocrx_word' id='word_1_577' title='bbox 1718 4093 1756 4146; x_wconf 88' lang='grc' dir='ltr'><strong>μ</strong></span> <span class='ocrx_word' id='word_1_578' title='bbox 1762 4076 1862 4146; x_wconf 82' lang='grc' dir='ltr'>μέ·-</span> 
     </span>
    </p>
   </div>
   <div class='ocr_carea' id='block_1_73' title="bbox 267 4160 1860 4237">
    <p class='ocr_par' dir='ltr' id='par_1_73' title="bbox 267 4160 1860 4237">
     <span class='ocr_line' id='line_1_73' title="bbox 267 4160 1860 4237; baseline 0.004 -25"><span class='ocrx_word' id='word_1_579' title='bbox 267 4177 359 4237; x_wconf 77' lang='grc' dir='ltr'><strong>νον</strong></span> <span class='ocrx_word' id='word_1_580' title='bbox 395 4160 515 4231; x_wconf 73' lang='grc' dir='ltr'>ἔχει</span> <span class='ocrx_word' id='word_1_581' title='bbox 541 4163 601 4215; x_wconf 89' lang='grc' dir='ltr'><strong>τὸ</strong></span> <span class='ocrx_word' id='word_1_582' title='bbox 628 4165 917 4235; x_wconf 86' lang='grc' dir='ltr'>πρόσωπον</span> <span class='ocrx_word' id='word_1_583' title='bbox 937 4182 949 4194; x_wconf 89' lang='grc'>·</span> <span class='ocrx_word' id='word_1_584' title='bbox 966 4166 1033 4237; x_wconf 6' lang='grc' dir='ltr'><strong>,οὐ</strong></span> <span class='ocrx_word' id='word_1_585' title='bbox 1059 4165 1167 4236; x_wconf 80' lang='grc' dir='ltr'>γὰρ</span> <span class='ocrx_word' id='word_1_586' title='bbox 1187 4163 1298 4235; x_wconf 78' lang='grc' dir='ltr'>ἔχει</span> <span class='ocrx_word' id='word_1_587' title='bbox 1318 4164 1580 4235; x_wconf 83' lang='grc' dir='ltr'>αἰσχύνης</span> <span class='ocrx_word' id='word_1_588' title='bbox 1608 4164 1762 4236; x_wconf 76' lang='grc' dir='ltr'>ἔργα.</span> <span class='ocrx_word' id='word_1_589' title='bbox 1784 4166 1860 4235; x_wconf 78' lang='grc'><strong>(6)</strong></span> 
     </span>
    </p>
   </div>
   <div class='ocr_carea' id='block_1_74' title="bbox 277 4231 1861 4322">
    <p class='ocr_par' dir='ltr' id='par_1_74' title="bbox 277 4231 1861 4322">
     <span class='ocr_line' id='line_1_74' title="bbox 277 4231 1861 4322; baseline 0.005 -23"><span class='ocrx_word' id='word_1_590' title='bbox 277 4231 362 4311; x_wconf 74' lang='grc' dir='ltr'>Ὠς</span> <span class='ocrx_word' id='word_1_591' title='bbox 399 4243 492 4302; x_wconf 77' lang='grc' dir='ltr'><strong>οὖν</strong></span> <span class='ocrx_word' id='word_1_592' title='bbox 519 4231 774 4306; x_wconf 46' lang='grc' dir='ltr'><strong>ἑκεῖίἾΙ</strong></span> <span class='ocrx_word' id='word_1_593' title='bbox 801 4231 1080 4321; x_wconf 66' lang='grc' dir='ltr'><strong>αἰσχύνη⁷</strong></span> <span class='ocrx_word' id='word_1_594' title='bbox 1099 4231 1557 4322; x_wconf 38' lang='grc' dir='ltr'>τοῦ-προσώπου</span> <span class='ocrx_word' id='word_1_595' title='bbox 1579 4231 1699 4321; x_wconf 79' lang='grc' dir='ltr'><strong>μου</strong></span> <span class='ocrx_word' id='word_1_596' title='bbox 1723 4231 1861 4307; x_wconf 52' lang='lat' dir='ltr'><strong>sed;</strong></span> 
     </span>
    </p>
   </div>
   <div class='ocr_carea' id='block_1_75' title="bbox 264 4337 1861 4415">
    <p class='ocr_par' dir='ltr' id='par_1_75' title="bbox 264 4337 1861 4415">
     <span class='ocr_line' id='line_1_75' title="bbox 264 4337 1861 4415; baseline 0.005 -25"><span class='ocrx_word' id='word_1_597' title='bbox 264 4337 441 4407; x_wconf 68' lang='grc' dir='ltr'>,ιυψέ</span> <span class='ocrx_word' id='word_1_598' title='bbox 475 4356 576 4407; x_wconf 81' lang='grc' dir='ltr'><strong>με,</strong></span> <span class='ocrx_word' id='word_1_599' title='bbox 622 4341 838 4413; x_wconf 86' lang='grc' dir='ltr'>εἴρηται</span> <span class='ocrx_word' id='word_1_600' title='bbox 883 4346 942 4397; x_wconf 80' lang='grc' dir='ltr'>ὲν</span> <span class='ocrx_word' id='word_1_601' title='bbox 998 4350 1049 4415; x_wconf 87' lang='grc' dir='ltr'>μ’</span> <span class='ocrx_word' id='word_1_602' title='bbox 1085 4344 1180 4398; x_wconf 74' lang='grc' dir='ltr'>καὶ</span> <span class='ocrx_word' id='word_1_603' title='bbox 1217 4351 1265 4414; x_wconf 86' lang='grc' dir='ltr'>γ’</span> <span class='ocrx_word' id='word_1_604' title='bbox 1300 4343 1529 4415; x_wconf 72' lang='grc' dir='ltr'>ψαλμῷο</span> <span class='ocrx_word' id='word_1_605' title='bbox 1559 4344 1649 4398; x_wconf 80' lang='grc' dir='ltr'><strong>τὸν</strong></span> <span class='ocrx_word' id='word_1_606' title='bbox 1697 4344 1861 4398; x_wconf 84' lang='grc' dir='ltr'>αὐτὸν</span> 
     </span>
    </p>
   </div>
   <div class='ocr_carea' id='block_1_76' title="bbox 267 4430 1860 4504">
    <p class='ocr_par' dir='ltr' id='par_1_76' title="bbox 267 4430 1860 4504">
     <span class='ocr_line' id='line_1_76' title="bbox 267 4430 1860 4504; baseline 0.004 -24"><span class='ocrx_word' id='word_1_607' title='bbox 267 4430 476 4500; x_wconf 84' lang='grc' dir='ltr'>τρόπον</span> <span class='ocrx_word' id='word_1_608' title='bbox 516 4430 730 4502; x_wconf 73' lang='grc' dir='ltr'>εἴρηται</span> <span class='ocrx_word' id='word_1_609' title='bbox 756 4432 940 4486; x_wconf 80' lang='grc' dir='ltr'>ἐνθάδε</span> <span class='ocrx_word' id='word_1_610' title='bbox 960 4451 975 4465; x_wconf 86' lang='grc'><strong>·</strong></span> <span class='ocrx_word' id='word_1_611' title='bbox 1019 4434 1362 4504; x_wconf 66' lang='grc' dir='ltr'>Ἐκάλυψεν</span> <span class='ocrx_word' id='word_1_612' title='bbox 1393 4433 1551 4504; x_wconf 72' lang='grc' dir='ltr'>ἡμᾶς</span> <span class='ocrx_word' id='word_1_613' title='bbox 1582 4435 1621 4503; x_wconf 74' lang='grc' dir='ltr'>ἡ</span> <span class='ocrx_word' id='word_1_614' title='bbox 1658 4435 1860 4504; x_wconf 81' lang='grc' dir='ltr'>ἀτιμία</span> 
     </span>
    </p>
   </div>
   <div class='ocr_carea' id='block_1_77' title="bbox 1970 3341 3538 3413">
    <p class='ocr_par' dir='ltr' id='par_1_77' title="bbox 1970 3341 3538 3413">
     <span class='ocr_line' id='line_1_77' title="bbox 1970 3341 3538 3413; baseline 0.003 -18"><span class='ocrx_word' id='word_1_615' title='bbox 1970 3342 2293 3398; x_wconf 89' lang='lat' dir='ltr'><strong>Dicebamus</strong></span> <span class='ocrx_word' id='word_1_616' title='bbox 2323 3343 2504 3413; x_wconf 89' lang='lat' dir='ltr'><strong>itaque</strong></span> <span class='ocrx_word' id='word_1_617' title='bbox 2529 3342 2595 3396; x_wconf 90' lang='lat' dir='ltr'><strong>de</strong></span> <span class='ocrx_word' id='word_1_618' title='bbox 2629 3341 2895 3397; x_wconf 86' lang='lat' dir='ltr'><strong>velamine</strong></span> <span class='ocrx_word' id='word_1_619' title='bbox 2922 3341 2974 3396; x_wconf 89' lang='lat' dir='ltr'><strong>id</strong></span> <span class='ocrx_word' id='word_1_620' title='bbox 2995 3358 3116 3398; x_wconf 90' lang='lat' dir='ltr'><strong>esse</strong></span> <span class='ocrx_word' id='word_1_621' title='bbox 3141 3343 3538 3400; x_wconf 84' lang='lat' dir='ltr'><strong>confusionem.</strong></span> 
     </span>
    </p>
   </div>
   <div class='ocr_carea' id='block_1_78' title="bbox 1968 3432 3541 3503">
    <p class='ocr_par' dir='ltr' id='par_1_78' title="bbox 1968 3432 3541 3503">
     <span class='ocr_line' id='line_1_78' title="bbox 1968 3432 3541 3503; baseline 0.001 -15"><span class='ocrx_word' id='word_1_622' title='bbox 1968 3434 2219 3501; x_wconf 89' lang='lat' dir='ltr'><strong>Quandiu</strong></span> <span class='ocrx_word' id='word_1_623' title='bbox 2250 3435 2395 3489; x_wconf 90' lang='lat' dir='ltr'><strong>enim</strong></span> <span class='ocrx_word' id='word_1_624' title='bbox 2422 3433 2688 3487; x_wconf 84' lang='lat' dir='ltr'><strong>habemus</strong></span> <span class='ocrx_word' id='word_1_625' title='bbox 2719 3448 2882 3502; x_wconf 84' lang='lat' dir='ltr'><strong>Opera</strong></span> <span class='ocrx_word' id='word_1_626' title='bbox 2906 3432 3279 3503; x_wconf 84' lang='lat' dir='ltr'><strong>confusionis,</strong></span> <span class='ocrx_word' id='word_1_627' title='bbox 3310 3435 3541 3490; x_wconf 86' lang='lat' dir='ltr'><strong>manife-</strong></span> 
     </span>
    </p>
   </div>
   <div class='ocr_carea' id='block_1_79' title="bbox 1967 3524 3540 3590">
    <p class='ocr_par' dir='ltr' id='par_1_79' title="bbox 1967 3524 3540 3590">
     <span class='ocr_line' id='line_1_79' title="bbox 1967 3524 3540 3590; baseline -0.001 -11"><span class='ocrx_word' id='word_1_628' title='bbox 1967 3533 2112 3579; x_wconf 86' lang='lat' dir='ltr'><strong>stum</strong></span> <span class='ocrx_word' id='word_1_629' title='bbox 2168 3532 2252 3579; x_wconf 87' lang='lat' dir='ltr'><strong>est</strong></span> <span class='ocrx_word' id='word_1_630' title='bbox 2309 3538 2412 3579; x_wconf 91' lang='lat' dir='ltr'><strong>nos</strong></span> <span class='ocrx_word' id='word_1_631' title='bbox 2489 3524 2688 3578; x_wconf 86' lang='lat' dir='ltr'><strong>habere</strong></span> <span class='ocrx_word' id='word_1_632' title='bbox 2727 3524 2994 3590; x_wconf 88' lang='lat' dir='ltr'><strong>velamen,</strong></span> <span class='ocrx_word' id='word_1_633' title='bbox 3055 3527 3351 3581; x_wconf 88' lang='lat' dir='ltr'><strong>secundum</strong></span> <span class='ocrx_word' id='word_1_634' title='bbox 3409 3526 3540 3579; x_wconf 89' lang='lat' dir='ltr'><strong>illud</strong></span> 
     </span>
    </p>
   </div>
   <div class='ocr_carea' id='block_1_80' title="bbox 1966 3615 3599 3686">
    <p class='ocr_par' dir='ltr' id='par_1_80' title="bbox 1966 3615 3599 3686">
     <span class='ocr_line' id='line_1_80' title="bbox 1966 3615 3599 3686; baseline 0.001 -16"><span class='ocrx_word' id='word_1_635' title='bbox 1966 3615 2162 3684; x_wconf 79' lang='lat' dir='ltr'><strong>psalmi</strong></span> <span class='ocrx_word' id='word_1_636' title='bbox 2191 3615 2590 3685; x_wconf 79' lang='lat' dir='ltr'><strong>quadragesimi</strong></span> <span class='ocrx_word' id='word_1_637' title='bbox 2627 3615 2768 3669; x_wconf 89' lang='lat' dir='ltr'><strong>tertii</strong></span> <span class='ocrx_word' id='word_1_638' title='bbox 2810 3632 2823 3669; x_wconf 91' lang='lat'><strong>:</strong></span> <span class='ocrx_word' id='word_1_639' title='bbox 2860 3615 2930 3670; x_wconf 87' lang='lat' dir='ltr'><strong>Et</strong></span> <span class='ocrx_word' id='word_1_640' title='bbox 2956 3617 3193 3686; x_wconf 76' lang='lat' dir='ltr'><strong>confusio</strong></span> <span class='ocrx_word' id='word_1_641' title='bbox 3228 3618 3384 3686; x_wconf 78' lang='lat' dir='ltr'><strong>faciei</strong></span> <span class='ocrx_word' id='word_1_642' title='bbox 3411 3634 3540 3672; x_wconf 70' lang='lat' dir='ltr'><strong>meae</strong></span> <span class='ocrx_word' id='word_1_643' title='bbox 3586 3676 3599 3685; x_wconf 36' lang='grc' dir='ltr'><em>κ</em></span> 
     </span>
    </p>
   </div>
   <div class='ocr_carea' id='block_1_81' title="bbox 1966 3706 3539 3779">
    <p class='ocr_par' dir='ltr' id='par_1_81' title="bbox 1966 3706 3539 3779">
     <span class='ocr_line' id='line_1_81' title="bbox 1966 3706 3539 3779; baseline 0.003 -19"><span class='ocrx_word' id='word_1_644' title='bbox 1966 3708 2169 3777; x_wconf 84' lang='lat' dir='ltr'><strong>operuit</strong></span> <span class='ocrx_word' id='word_1_645' title='bbox 2199 3723 2278 3759; x_wconf 87' lang='lat' dir='ltr'><strong>me</strong></span> <span class='ocrx_word' id='word_1_646' title='bbox 2304 3709 2344 3760; x_wconf 80' lang='grc'>³.</span> <span class='ocrx_word' id='word_1_647' title='bbox 2367 3706 2553 3776; x_wconf 84' lang='lat' dir='ltr'><strong>Adjeci</strong></span> <span class='ocrx_word' id='word_1_648' title='bbox 2588 3708 2739 3761; x_wconf 91' lang='lat' dir='ltr'><strong>illum</strong></span> <span class='ocrx_word' id='word_1_649' title='bbox 2764 3709 2857 3777; x_wconf 90' lang='lat' dir='ltr'><strong>qui</strong></span> <span class='ocrx_word' id='word_1_650' title='bbox 2883 3724 2988 3763; x_wconf 86' lang='lat' dir='ltr'><strong>non</strong></span> <span class='ocrx_word' id='word_1_651' title='bbox 3023 3709 3184 3763; x_wconf 90' lang='lat' dir='ltr'><strong>habet</strong></span> <span class='ocrx_word' id='word_1_652' title='bbox 3216 3725 3380 3779; x_wconf 88' lang='lat' dir='ltr'><strong>opera</strong></span> <span class='ocrx_word' id='word_1_653' title='bbox 3408 3725 3539 3766; x_wconf 88' lang='lat' dir='ltr'><strong>con-</strong></span> 
     </span>
    </p>
   </div>
   <div class='ocr_carea' id='block_1_82' title="bbox 1966 3798 3539 3873">
    <p class='ocr_par' dir='ltr' id='par_1_82' title="bbox 1966 3798 3539 3873">
     <span class='ocr_line' id='line_1_82' title="bbox 1966 3798 3539 3873; baseline 0.002 -21"><span class='ocrx_word' id='word_1_654' title='bbox 1966 3798 2219 3864; x_wconf 85' lang='lat' dir='ltr'><strong>fusionis,</strong></span> <span class='ocrx_word' id='word_1_655' title='bbox 2246 3814 2354 3853; x_wconf 90' lang='lat' dir='ltr'><strong>non</strong></span> <span class='ocrx_word' id='word_1_656' title='bbox 2382 3799 2580 3854; x_wconf 84' lang='lat' dir='ltr'><strong>habere</strong></span> <span class='ocrx_word' id='word_1_657' title='bbox 2609 3800 2881 3863; x_wconf 87' lang='lat' dir='ltr'><strong>velamen;</strong></span> <span class='ocrx_word' id='word_1_658' title='bbox 2912 3798 3218 3867; x_wconf 76' lang='lat' dir='ltr'><strong>cuiusmodi</strong></span> <span class='ocrx_word' id='word_1_659' title='bbox 3250 3799 3409 3873; x_wconf 62' lang='lat'><strong>154</strong></span> <span class='ocrx_word' id='word_1_660' title='bbox 3423 3811 3539 3855; x_wconf 87' lang='lat' dir='ltr'><strong>erat</strong></span> 
     </span>
    </p>
   </div>
   <div class='ocr_carea' id='block_1_83' title="bbox 1964 3887 3539 3959">
    <p class='ocr_par' dir='ltr' id='par_1_83' title="bbox 1964 3887 3539 3959">
     <span class='ocr_line' id='line_1_83' title="bbox 1964 3887 3539 3959; baseline 0.001 -17"><span class='ocrx_word' id='word_1_661' title='bbox 1964 3888 2165 3942; x_wconf 83' lang='lat' dir='ltr'><strong>Paulus</strong></span> <span class='ocrx_word' id='word_1_662' title='bbox 2178 3888 2393 3943; x_wconf 88' lang='lat' dir='ltr'><strong>dicens:</strong></span> <span class='ocrx_word' id='word_1_663' title='bbox 2414 3887 2527 3942; x_wconf 80' lang='lat' dir='ltr'><strong>Nos</strong></span> <span class='ocrx_word' id='word_1_664' title='bbox 2543 3898 2716 3941; x_wconf 80' lang='lat' dir='ltr'><strong>autent</strong></span> <span class='ocrx_word' id='word_1_665' title='bbox 2732 3904 2906 3941; x_wconf 86' lang='lat' dir='ltr'><strong>omnes</strong></span> <span class='ocrx_word' id='word_1_666' title='bbox 2924 3887 3147 3940; x_wconf 81' lang='lat' dir='ltr'><strong>revelata</strong></span> <span class='ocrx_word' id='word_1_667' title='bbox 3167 3888 3302 3958; x_wconf 71' lang='lat' dir='ltr'><strong>[acie</strong></span> <span class='ocrx_word' id='word_1_668' title='bbox 3317 3891 3539 3959; x_wconf 83' lang='lat' dir='ltr'><strong>gloriam</strong></span> 
     </span>
    </p>
   </div>
   <div class='ocr_carea' id='block_1_84' title="bbox 1970 3977 3537 4048">
    <p class='ocr_par' dir='ltr' id='par_1_84' title="bbox 1970 3977 3537 4048">
     <span class='ocr_line' id='line_1_84' title="bbox 1970 3977 3537 4048; baseline 0.003 -17"><span class='ocrx_word' id='word_1_669' title='bbox 1970 3978 2177 4032; x_wconf 87' lang='lat' dir='ltr'><strong>Domini</strong></span> <span class='ocrx_word' id='word_1_670' title='bbox 2202 3980 2534 4048; x_wconf 83' lang='lat' dir='ltr'><strong>speculamur</strong></span> <span class='ocrx_word' id='word_1_671' title='bbox 2562 3979 2604 4034; x_wconf 85' lang='grc'><strong>⁸.</strong></span> <span class='ocrx_word' id='word_1_672' title='bbox 2639 3978 2842 4033; x_wconf 84' lang='lat' dir='ltr'><strong>Paulus</strong></span> <span class='ocrx_word' id='word_1_673' title='bbox 2881 3977 3064 4047; x_wconf 79' lang='lat' dir='ltr'><strong>itaque</strong></span> <span class='ocrx_word' id='word_1_674' title='bbox 3110 3982 3402 4037; x_wconf 77' lang='lat' dir='ltr'><strong>revelatam</strong></span> <span class='ocrx_word' id='word_1_675' title='bbox 3439 3983 3537 4038; x_wconf 79' lang='lat' dir='ltr'><strong>ba-</strong></span> 
     </span>
    </p>
   </div>
   <div class='ocr_carea' id='block_1_85' title="bbox 1965 4069 3533 4138">
    <p class='ocr_par' dir='ltr' id='par_1_85' title="bbox 1965 4069 3533 4138">
     <span class='ocr_line' id='line_1_85' title="bbox 1965 4069 3533 4138; baseline 0.002 -15"><span class='ocrx_word' id='word_1_676' title='bbox 1965 4071 2056 4124; x_wconf 90' lang='lat' dir='ltr'><strong>bet</strong></span> <span class='ocrx_word' id='word_1_677' title='bbox 2098 4069 2290 4123; x_wconf 88' lang='lat' dir='ltr'><strong>faciem</strong></span> <span class='ocrx_word' id='word_1_678' title='bbox 2328 4087 2341 4122; x_wconf 90' lang='lat'><strong>:</strong></span> <span class='ocrx_word' id='word_1_679' title='bbox 2378 4084 2486 4121; x_wconf 85' lang='lat' dir='ltr'><strong>non</strong></span> <span class='ocrx_word' id='word_1_680' title='bbox 2538 4070 2683 4122; x_wconf 90' lang='lat' dir='ltr'><strong>enim</strong></span> <span class='ocrx_word' id='word_1_681' title='bbox 2742 4069 2905 4124; x_wconf 87' lang='lat' dir='ltr'><strong>habet</strong></span> <span class='ocrx_word' id='word_1_682' title='bbox 2960 4084 3126 4138; x_wconf 88' lang='lat' dir='ltr'><strong>opera</strong></span> <span class='ocrx_word' id='word_1_683' title='bbox 3178 4072 3533 4129; x_wconf 84' lang='lat' dir='ltr'><strong>confusionis.</strong></span> 
     </span>
    </p>
   </div>
   <div class='ocr_carea' id='block_1_86' title="bbox 1964 4157 3541 4233">
    <p class='ocr_par' dir='ltr' id='par_1_86' title="bbox 1964 4157 3541 4233">
     <span class='ocr_line' id='line_1_86' title="bbox 1964 4157 3541 4233; baseline 0.003 -22"><span class='ocrx_word' id='word_1_684' title='bbox 1964 4157 2434 4225; x_wconf 82' lang='lat' dir='ltr'><strong>Quemadmodum</strong></span> <span class='ocrx_word' id='word_1_685' title='bbox 2471 4157 2640 4226; x_wconf 75' lang='lat' dir='ltr'><strong>igitur</strong></span> <span class='ocrx_word' id='word_1_686' title='bbox 2672 4160 2726 4211; x_wconf 92' lang='lat' dir='ltr'><strong>in</strong></span> <span class='ocrx_word' id='word_1_687' title='bbox 2756 4158 3176 4229; x_wconf 85' lang='lat' dir='ltr'><strong>quadragesimo</strong></span> <span class='ocrx_word' id='word_1_688' title='bbox 3208 4163 3367 4218; x_wconf 88' lang='lat' dir='ltr'><strong>tertio</strong></span> <span class='ocrx_word' id='word_1_689' title='bbox 3392 4165 3541 4233; x_wconf 84' lang='lat' dir='ltr'><strong>psal-</strong></span> 
     </span>
    </p>
   </div>
   <div class='ocr_carea' id='block_1_87' title="bbox 1964 4247 3535 4320">
    <p class='ocr_par' dir='ltr' id='par_1_87' title="bbox 1964 4247 3535 4320">
     <span class='ocr_line' id='line_1_87' title="bbox 1964 4247 3535 4320; baseline 0.004 -17"><span class='ocrx_word' id='word_1_690' title='bbox 1964 4265 2055 4304; x_wconf 92' lang='lat' dir='ltr'><strong>mo</strong></span> <span class='ocrx_word' id='word_1_691' title='bbox 2089 4249 2293 4304; x_wconf 91' lang='lat' dir='ltr'><strong>dictum</strong></span> <span class='ocrx_word' id='word_1_692' title='bbox 2325 4255 2448 4302; x_wconf 85' lang='lat' dir='ltr'><strong>est:</strong></span> <span class='ocrx_word' id='word_1_693' title='bbox 2482 4247 2735 4317; x_wconf 75' lang='lat' dir='ltr'><strong>Confusio</strong></span> <span class='ocrx_word' id='word_1_694' title='bbox 2758 4250 3061 4319; x_wconf 74' lang='lat' dir='ltr'><strong>facieimew</strong></span> <span class='ocrx_word' id='word_1_695' title='bbox 3082 4254 3282 4320; x_wconf 85' lang='lat' dir='ltr'><strong>operuit</strong></span> <span class='ocrx_word' id='word_1_696' title='bbox 3312 4270 3433 4320; x_wconf 86' lang='lat' dir='ltr'><strong>me;</strong></span> <span class='ocrx_word' id='word_1_697' title='bbox 3464 4257 3535 4309; x_wconf 86' lang='lat' dir='ltr'><strong>ita</strong></span> 
     </span>
    </p>
   </div>
   <div class='ocr_carea' id='block_1_88' title="bbox 1961 4338 3536 4416">
    <p class='ocr_par' dir='ltr' id='par_1_88' title="bbox 1961 4338 3536 4416">
     <span class='ocr_line' id='line_1_88' title="bbox 1961 4338 3536 4416; baseline 0.004 -23"><span class='ocrx_word' id='word_1_698' title='bbox 1961 4342 2127 4395; x_wconf 89' lang='lat' dir='ltr'><strong>etiam</strong></span> <span class='ocrx_word' id='word_1_699' title='bbox 2160 4340 2247 4395; x_wconf 89' lang='lat' dir='ltr'><strong>hic</strong></span> <span class='ocrx_word' id='word_1_700' title='bbox 2276 4340 2481 4395; x_wconf 88' lang='lat' dir='ltr'><strong>dictum</strong></span> <span class='ocrx_word' id='word_1_701' title='bbox 2520 4349 2636 4395; x_wconf 87' lang='lat' dir='ltr'><strong>est:</strong></span> <span class='ocrx_word' id='word_1_702' title='bbox 2670 4338 2952 4413; x_wconf 85' lang='lat' dir='ltr'><strong>Cooperuit</strong></span> <span class='ocrx_word' id='word_1_703' title='bbox 2986 4360 3080 4398; x_wconf 85' lang='lat' dir='ltr'><strong>nos</strong></span> <span class='ocrx_word' id='word_1_704' title='bbox 3117 4346 3408 4416; x_wconf 77' lang='lat' dir='ltr'><strong>ignominia</strong></span> <span class='ocrx_word' id='word_1_705' title='bbox 3442 4364 3536 4402; x_wconf 80' lang='lat' dir='ltr'><strong>no-</strong></span> 
     </span>
    </p>
   </div>
   <div class='ocr_carea' id='block_1_89' title="bbox 1961 4431 3536 4502">
    <p class='ocr_par' dir='ltr' id='par_1_89' title="bbox 1961 4431 3536 4502">
     <span class='ocr_line' id='line_1_89' title="bbox 1961 4431 3536 4502; baseline 0.002 -16"><span class='ocrx_word' id='word_1_706' title='bbox 1961 4443 2094 4487; x_wconf 84' lang='lat' dir='ltr'><strong>stra.</strong></span> <span class='ocrx_word' id='word_1_707' title='bbox 2138 4431 2276 4485; x_wconf 91' lang='lat' dir='ltr'><strong>Dum</strong></span> <span class='ocrx_word' id='word_1_708' title='bbox 2318 4431 2629 4502; x_wconf 71' lang='lat' dir='ltr'><strong>ignominia:</strong></span> <span class='ocrx_word' id='word_1_709' title='bbox 2670 4432 2928 4501; x_wconf 88' lang='lat' dir='ltr'><strong>operibus</strong></span> <span class='ocrx_word' id='word_1_710' title='bbox 2970 4432 3358 4499; x_wconf 76' lang='lat' dir='ltr'><strong>incumbimus,</strong></span> <span class='ocrx_word' id='word_1_711' title='bbox 3389 4433 3536 4489; x_wconf 76' lang='lat' dir='ltr'><strong>vela-</strong></span> 
     </span>
    </p>
   </div>
   <div class='ocr_carea' id='block_1_90' title="bbox 269 4519 1965 4600">
    <p class='ocr_par' dir='ltr' id='par_1_90' title="bbox 269 4519 1965 4600">
     <span class='ocr_line' id='line_1_90' title="bbox 269 4519 1965 4600; baseline 0.002 -26"><span class='ocrx_word' id='word_1_712' title='bbox 269 4519 464 4589; x_wconf 75' lang='grc' dir='ltr'>ήμῶν.</span> <span class='ocrx_word' id='word_1_713' title='bbox 498 4522 575 4592; x_wconf 85' lang='lat'><strong>(7)</strong></span> <span class='ocrx_word' id='word_1_714' title='bbox 600 4524 764 4578; x_wconf 89' lang='grc' dir='ltr'>Ὅσον</span> <span class='ocrx_word' id='word_1_715' title='bbox 796 4525 1021 4597; x_wconf 84' lang='grc' dir='ltr'>ἀτιμίας</span> <span class='ocrx_word' id='word_1_716' title='bbox 1038 4520 1566 4598; x_wconf 73' lang='grc' dir='ltr'>ἕργαέργαζόμεθα,</span> <span class='ocrx_word' id='word_1_717' title='bbox 1594 4526 1855 4599; x_wconf 85' lang='grc' dir='ltr'>κάλυμμα</span> <span class='ocrx_word' id='word_1_718' title='bbox 1888 4545 1932 4600; x_wconf 79' lang='lat' dir='ltr'><strong>D</strong></span> <span class='ocrx_word' id='word_1_719' title='bbox 1964 4545 1965 4577; x_wconf 64' lang='grc' dir='ltr'><strong>ς</strong></span> 
     </span>
    </p>
   </div>
   <div class='ocr_carea' id='block_1_91' title="bbox 1836 4519 3532 4600">
    <p class='ocr_par' dir='ltr' id='par_1_91' title="bbox 1836 4525 3532 4600">
     <span class='ocr_line' id='line_1_91' title="bbox 1836 4525 3532 4600; baseline 0.004 -20"><span class='ocrx_word' id='word_1_720' title='bbox 1836 4544 1855 4580; x_wconf 90' lang='grc' dir='ltr'><strong>ι</strong></span> <span class='ocrx_word' id='word_1_721' title='bbox 1888 4545 1932 4600; x_wconf 78' lang='lat' dir='ltr'><strong>D</strong></span> <span class='ocrx_word' id='word_1_722' title='bbox 1964 4541 2085 4581; x_wconf 87' lang='lat' dir='ltr'><strong>men</strong></span> <span class='ocrx_word' id='word_1_723' title='bbox 2115 4526 2169 4580; x_wconf 92' lang='lat' dir='ltr'><strong>in</strong></span> <span class='ocrx_word' id='word_1_724' title='bbox 2208 4525 2372 4580; x_wconf 88' lang='lat' dir='ltr'><strong>corde</strong></span> <span class='ocrx_word' id='word_1_725' title='bbox 2397 4532 2584 4578; x_wconf 86' lang='lat' dir='ltr'><strong>nostro</strong></span> <span class='ocrx_word' id='word_1_726' title='bbox 2610 4525 2848 4594; x_wconf 90' lang='lat' dir='ltr'><strong>positum</strong></span> <span class='ocrx_word' id='word_1_727' title='bbox 2875 4526 3159 4581; x_wconf 87' lang='lat' dir='ltr'><strong>habemus.</strong></span> <span class='ocrx_word' id='word_1_728' title='bbox 3194 4527 3251 4581; x_wconf 87' lang='lat' dir='ltr'><strong>Si</strong></span> <span class='ocrx_word' id='word_1_729' title='bbox 3281 4528 3532 4586; x_wconf 80' lang='lat' dir='ltr'><strong>volumus</strong></span> 
     </span>
    </p>
   </div>
   <div class='ocr_carea' id='block_1_92' title="bbox 274 4615 1856 4691">
    <p class='ocr_par' dir='ltr' id='par_1_92' title="bbox 274 4615 1856 4691">
     <span class='ocr_line' id='line_1_92' title="bbox 274 4615 1856 4691; baseline 0.003 -23"><span class='ocrx_word' id='word_1_730' title='bbox 274 4616 472 4684; x_wconf 76' lang='grc' dir='ltr'>ἔχομεν</span> <span class='ocrx_word' id='word_1_731' title='bbox 501 4615 594 4667; x_wconf 74' lang='grc' dir='ltr'>ἐπὶ</span> <span class='ocrx_word' id='word_1_732' title='bbox 642 4616 741 4686; x_wconf 85' lang='grc' dir='ltr'>τὴν</span> <span class='ocrx_word' id='word_1_733' title='bbox 775 4617 999 4688; x_wconf 86' lang='grc' dir='ltr'>καρδίαν</span> <span class='ocrx_word' id='word_1_734' title='bbox 1031 4618 1185 4688; x_wconf 78' lang='grc' dir='ltr'>ἡμῶν</span> <span class='ocrx_word' id='word_1_735' title='bbox 1219 4619 1489 4689; x_wconf 81' lang='grc' dir='ltr'>κείμενον.</span> <span class='ocrx_word' id='word_1_736' title='bbox 1522 4621 1585 4673; x_wconf 85' lang='grc' dir='ltr'>Εἰ</span> <span class='ocrx_word' id='word_1_737' title='bbox 1632 4619 1856 4691; x_wconf 83' lang='grc' dir='ltr'>θέλομεν</span> 
     </span>
    </p>
   </div>
   <div class='ocr_carea' id='block_1_93' title="bbox 273 4701 1857 4779">
    <p class='ocr_par' dir='ltr' id='par_1_93' title="bbox 273 4701 1857 4779">
     <span class='ocr_line' id='line_1_93' title="bbox 273 4701 1857 4779; baseline 0.009 -26"><span class='ocrx_word' id='word_1_738' title='bbox 273 4701 331 4755; x_wconf 73' lang='grc' dir='ltr'><strong>τὸ</strong></span> <span class='ocrx_word' id='word_1_739' title='bbox 369 4703 639 4775; x_wconf 84' lang='grc' dir='ltr'>κάλυμμα</span> <span class='ocrx_word' id='word_1_740' title='bbox 678 4706 742 4759; x_wconf 81' lang='grc' dir='ltr'>τὸ</span> <span class='ocrx_word' id='word_1_741' title='bbox 778 4708 887 4760; x_wconf 85' lang='grc' dir='ltr'><strong>ἀπὸ</strong></span> <span class='ocrx_word' id='word_1_742' title='bbox 914 4710 1012 4779; x_wconf 77' lang='grc' dir='ltr'><strong>τῆς</strong></span> <span class='ocrx_word' id='word_1_743' title='bbox 1042 4710 1263 4779; x_wconf 80' lang='grc' dir='ltr'>ἀτιμίας</span> <span class='ocrx_word' id='word_1_744' title='bbox 1307 4709 1623 4773; x_wconf 84' lang='grc' dir='ltr'>ἀποθέσθαι,</span> <span class='ocrx_word' id='word_1_745' title='bbox 1663 4713 1755 4765; x_wconf 73' lang='grc' dir='ltr'>ἐπὶ</span> <span class='ocrx_word' id='word_1_746' title='bbox 1787 4713 1857 4767; x_wconf 83' lang='grc' dir='ltr'>τὰ</span> 
     </span>
    </p>
   </div>
   <div class='ocr_carea' id='block_1_94' title="bbox 275 4792 1855 4871">
    <p class='ocr_par' dir='ltr' id='par_1_94' title="bbox 275 4792 1855 4871">
     <span class='ocr_line' id='line_1_94' title="bbox 275 4792 1855 4871; baseline 0.007 -26"><span class='ocrx_word' id='word_1_747' title='bbox 275 4792 372 4863; x_wconf 75' lang='grc' dir='ltr'>τῆς</span> <span class='ocrx_word' id='word_1_748' title='bbox 405 4795 572 4868; x_wconf 79' lang='grc' dir='ltr'>τιμῆς</span> <span class='ocrx_word' id='word_1_749' title='bbox 597 4794 735 4867; x_wconf 77' lang='grc' dir='ltr'>ἔργα</span> <span class='ocrx_word' id='word_1_750' title='bbox 768 4801 1213 4870; x_wconf 86' lang='grc' dir='ltr'>καταντήσωμεν,</span> <span class='ocrx_word' id='word_1_751' title='bbox 1244 4800 1338 4853; x_wconf 77' lang='grc' dir='ltr'><strong>καὶ</strong></span> <span class='ocrx_word' id='word_1_752' title='bbox 1368 4803 1648 4871; x_wconf 90' lang='grc' dir='ltr'>νοήσωμεν</span> <span class='ocrx_word' id='word_1_753' title='bbox 1678 4804 1855 4856; x_wconf 84' lang='grc' dir='ltr'>ἐκεῖνο</span> 
     </span>
    </p>
   </div>
   <div class='ocr_carea' id='block_1_95' title="bbox 274 4886 1855 4962">
    <p class='ocr_par' dir='ltr' id='par_1_95' title="bbox 274 4886 1855 4962">
     <span class='ocr_line' id='line_1_95' title="bbox 274 4886 1855 4962; baseline 0.006 -24"><span class='ocrx_word' id='word_1_754' title='bbox 274 4886 332 4938; x_wconf 87' lang='grc' dir='ltr'>τὺ</span> <span class='ocrx_word' id='word_1_755' title='bbox 377 4886 483 4940; x_wconf 83' lang='grc' dir='ltr'><strong>ὑπὸ</strong></span> <span class='ocrx_word' id='word_1_756' title='bbox 520 4887 614 4941; x_wconf 84' lang='grc' dir='ltr'><strong>τοῦ</strong></span> <span class='ocrx_word' id='word_1_757' title='bbox 654 4889 908 4962; x_wconf 82' lang='grc' dir='ltr'>Σωτῆρος</span> <span class='ocrx_word' id='word_1_758' title='bbox 956 4892 1270 4962; x_wconf 89' lang='grc' dir='ltr'>εἰρημένον·</span> <span class='ocrx_word' id='word_1_759' title='bbox 1329 4892 1464 4945; x_wconf 85' lang='grc' dir='ltr'>Ἵνα</span> <span class='ocrx_word' id='word_1_760' title='bbox 1504 4894 1723 4959; x_wconf 84' lang='grc' dir='ltr'>πάντες</span> <span class='ocrx_word' id='word_1_761' title='bbox 1771 4911 1855 4948; x_wconf 83' lang='grc' dir='ltr'>τι-</span> 
     </span>
    </p>
   </div>
   <div class='ocr_carea' id='block_1_96' title="bbox 271 4972 1852 5053">
    <p class='ocr_par' dir='ltr' id='par_1_96' title="bbox 271 4972 1852 5053">
     <span class='ocr_line' id='line_1_96' title="bbox 271 4972 1852 5053; baseline 0.004 -26"><span class='ocrx_word' id='word_1_762' title='bbox 271 4972 426 5041; x_wconf 84' lang='grc' dir='ltr'>μῶσι</span> <span class='ocrx_word' id='word_1_763' title='bbox 452 4974 560 5028; x_wconf 90' lang='grc' dir='ltr'>τὸν</span> <span class='ocrx_word' id='word_1_764' title='bbox 584 4976 739 5042; x_wconf 84' lang='grc' dir='ltr'>υἱὸν,</span> <span class='ocrx_word' id='word_1_765' title='bbox 768 4977 964 5044; x_wconf 80' lang='grc' dir='ltr'>καθὼς</span> <span class='ocrx_word' id='word_1_766' title='bbox 990 4978 1200 5046; x_wconf 87' lang='grc' dir='ltr'>τιμῶσι</span> <span class='ocrx_word' id='word_1_767' title='bbox 1232 4978 1338 5033; x_wconf 79' lang='grc' dir='ltr'>τὸν</span> <span class='ocrx_word' id='word_1_768' title='bbox 1363 4979 1607 5048; x_wconf 74' lang='grc' dir='ltr'>πατέρα’</span> <span class='ocrx_word' id='word_1_769' title='bbox 1642 4983 1852 5053; x_wconf 82' lang='grc' dir='ltr'>νοήσω-</span> 
     </span>
    </p>
   </div>
   <div class='ocr_carea' id='block_1_97' title="bbox 1959 4615 3532 4687">
    <p class='ocr_par' dir='ltr' id='par_1_97' title="bbox 1959 4615 3532 4687">
     <span class='ocr_line' id='line_1_97' title="bbox 1959 4615 3532 4687; baseline 0.004 -16"><span class='ocrx_word' id='word_1_770' title='bbox 1959 4618 2204 4673; x_wconf 88' lang='lat' dir='ltr'><strong>velamen</strong></span> <span class='ocrx_word' id='word_1_771' title='bbox 2229 4615 2375 4687; x_wconf 89' lang='lat' dir='ltr'><strong>quod</strong></span> <span class='ocrx_word' id='word_1_772' title='bbox 2396 4616 2457 4670; x_wconf 83' lang='lat' dir='ltr'><strong>fit</strong></span> <span class='ocrx_word' id='word_1_773' title='bbox 2486 4632 2554 4672; x_wconf 83' lang='lat' dir='ltr'><strong>ex</strong></span> <span class='ocrx_word' id='word_1_774' title='bbox 2576 4616 2902 4687; x_wconf 80' lang='lat' dir='ltr'><strong>ignominia,</strong></span> <span class='ocrx_word' id='word_1_775' title='bbox 2933 4616 3224 4687; x_wconf 87' lang='lat' dir='ltr'><strong>deponere,</strong></span> <span class='ocrx_word' id='word_1_776' title='bbox 3263 4620 3330 4675; x_wconf 90' lang='lat' dir='ltr'><strong>ad</strong></span> <span class='ocrx_word' id='word_1_777' title='bbox 3359 4620 3532 4679; x_wconf 84' lang='lat' dir='ltr'><strong>hono—</strong></span> 
     </span>
    </p>
   </div>
   <div class='ocr_carea' id='block_1_98' title="bbox 1958 4708 3530 4779">
    <p class='ocr_par' dir='ltr' id='par_1_98' title="bbox 1958 4708 3530 4779">
     <span class='ocr_line' id='line_1_98' title="bbox 1958 4708 3530 4779; baseline 0.004 -16"><span class='ocrx_word' id='word_1_778' title='bbox 1958 4711 2035 4763; x_wconf 86' lang='lat' dir='ltr'><strong>ris</strong></span> <span class='ocrx_word' id='word_1_779' title='bbox 2065 4724 2230 4778; x_wconf 86' lang='lat' dir='ltr'><strong>opera</strong></span> <span class='ocrx_word' id='word_1_780' title='bbox 2258 4709 2680 4775; x_wconf 87' lang='lat' dir='ltr'><strong>contendamus,</strong></span> <span class='ocrx_word' id='word_1_781' title='bbox 2719 4710 2964 4779; x_wconf 88' lang='lat' dir='ltr'><strong>illudque</strong></span> <span class='ocrx_word' id='word_1_782' title='bbox 3006 4708 3306 4767; x_wconf 87' lang='lat' dir='ltr'><strong>Salvatoris</strong></span> <span class='ocrx_word' id='word_1_783' title='bbox 3357 4714 3530 4769; x_wconf 91' lang='lat' dir='ltr'><strong>nostri</strong></span> 
     </span>
    </p>
   </div>
   <div class='ocr_carea' id='block_1_99' title="bbox 1959 4799 3527 4874">
    <p class='ocr_par' dir='ltr' id='par_1_99' title="bbox 1959 4799 3527 4874">
     <span class='ocr_line' id='line_1_99' title="bbox 1959 4799 3527 4874; baseline 0.005 -20"><span class='ocrx_word' id='word_1_784' title='bbox 1959 4800 2163 4854; x_wconf 90' lang='lat' dir='ltr'><strong>dictum</strong></span> <span class='ocrx_word' id='word_1_785' title='bbox 2193 4799 2588 4869; x_wconf 83' lang='lat' dir='ltr'><strong>intelligamus:</strong></span> <span class='ocrx_word' id='word_1_786' title='bbox 2634 4800 2703 4854; x_wconf 89' lang='lat' dir='ltr'><strong>Ut</strong></span> <span class='ocrx_word' id='word_1_787' title='bbox 2723 4818 2899 4855; x_wconf 87' lang='lat' dir='ltr'><strong>omnes</strong></span> <span class='ocrx_word' id='word_1_788' title='bbox 2926 4802 3270 4873; x_wconf 78' lang='lat' dir='ltr'><strong>honoriﬁcent</strong></span> <span class='ocrx_word' id='word_1_789' title='bbox 3301 4804 3527 4874; x_wconf 80' lang='lat' dir='ltr'><strong>Filium,</strong></span> 
     </span>
    </p>
   </div>
   <div class='ocr_carea' id='block_1_100' title="bbox 1957 4885 3613 4965">
    <p class='ocr_par' dir='ltr' id='par_1_100' title="bbox 1957 4885 3613 4965">
     <span class='ocr_line' id='line_1_100' title="bbox 1957 4885 3613 4965; baseline 0.007 -27"><span class='ocrx_word' id='word_1_790' title='bbox 1957 4886 2095 4938; x_wconf 87' lang='lat' dir='ltr'><strong>sicut</strong></span> <span class='ocrx_word' id='word_1_791' title='bbox 2115 4885 2466 4956; x_wconf 78' lang='lat' dir='ltr'><strong>honoriﬁcam</strong></span> <span class='ocrx_word' id='word_1_792' title='bbox 2503 4885 2718 4941; x_wconf 87' lang='lat' dir='ltr'><strong>Patrem</strong></span> <span class='ocrx_word' id='word_1_793' title='bbox 2756 4887 2812 4953; x_wconf 62' lang='lat'><strong>&quot;;</strong></span> <span class='ocrx_word' id='word_1_794' title='bbox 2853 4904 3063 4945; x_wconf 89' lang='lat' dir='ltr'><strong>necnon</strong></span> <span class='ocrx_word' id='word_1_795' title='bbox 3100 4900 3155 4947; x_wconf 89' lang='lat' dir='ltr'><strong>et</strong></span> <span class='ocrx_word' id='word_1_796' title='bbox 3204 4893 3336 4947; x_wconf 90' lang='lat' dir='ltr'><strong>illud</strong></span> <span class='ocrx_word' id='word_1_797' title='bbox 3381 4896 3530 4965; x_wconf 83' lang='lat' dir='ltr'><strong>Apo-</strong></span> <span class='ocrx_word' id='word_1_798' title='bbox 3606 4888 3613 4897; x_wconf 84' lang='grc'><em>’</em></span> 
     </span>
    </p>
   </div>
   <div class='ocr_carea' id='block_1_101' title="bbox 1959 4975 3527 5051">
    <p class='ocr_par' dir='ltr' id='par_1_101' title="bbox 1959 4975 3527 5051">
     <span class='ocr_line' id='line_1_101' title="bbox 1959 4975 3527 5051; baseline 0.005 -20"><span class='ocrx_word' id='word_1_799' title='bbox 1959 4975 2115 5032; x_wconf 89' lang='lat' dir='ltr'><strong>stoli:</strong></span> <span class='ocrx_word' id='word_1_800' title='bbox 2162 4975 2269 5031; x_wconf 85' lang='lat' dir='ltr'><strong>Per</strong></span> <span class='ocrx_word' id='word_1_801' title='bbox 2295 4978 2785 5047; x_wconf 74' lang='lat' dir='ltr'><strong>prazvaricationem</strong></span> <span class='ocrx_word' id='word_1_802' title='bbox 2822 4979 2950 5051; x_wconf 79' lang='lat' dir='ltr'><strong>legis</strong></span> <span class='ocrx_word' id='word_1_803' title='bbox 2978 4981 3142 5036; x_wconf 89' lang='lat' dir='ltr'><strong>Deum</strong></span> <span class='ocrx_word' id='word_1_804' title='bbox 3175 4984 3459 5039; x_wconf 80' lang='lat' dir='ltr'><strong>inhonorus</strong></span> <span class='ocrx_word' id='word_1_805' title='bbox 3485 4985 3527 5038; x_wconf 80' lang='grc'>⁸.</span> 
     </span>
    </p>
   </div>
   <div class='ocr_carea' id='block_1_102' title="bbox 276 5065 1972 5146">
    <p class='ocr_par' dir='ltr' id='par_1_102' title="bbox 276 5065 1972 5141">
     <span class='ocr_line' id='line_1_102' title="bbox 276 5065 1972 5141; baseline 0.006 -24"><span class='ocrx_word' id='word_1_806' title='bbox 276 5081 376 5134; x_wconf 88' lang='grc' dir='ltr'><strong>μεν</strong></span> <span class='ocrx_word' id='word_1_807' title='bbox 407 5065 503 5118; x_wconf 70' lang='grc' dir='ltr'>καὶ</span> <span class='ocrx_word' id='word_1_808' title='bbox 535 5067 594 5120; x_wconf 84' lang='grc' dir='ltr'><strong>τὸ</strong></span> <span class='ocrx_word' id='word_1_809' title='bbox 628 5068 777 5141; x_wconf 81' lang='grc' dir='ltr'>παρὰ</span> <span class='ocrx_word' id='word_1_810' title='bbox 806 5068 884 5139; x_wconf 80' lang='grc' dir='ltr'>τῷ</span> <span class='ocrx_word' id='word_1_811' title='bbox 922 5068 1228 5139; x_wconf 81' lang='grc' dir='ltr'>Ἀποστόλῳ</span> <span class='ocrx_word' id='word_1_812' title='bbox 1251 5070 1539 5140; x_wconf 84' lang='grc' dir='ltr'>εἰρημένον</span> <span class='ocrx_word' id='word_1_813' title='bbox 1558 5087 1571 5100; x_wconf 92' lang='grc'><strong>·</strong></span> <span class='ocrx_word' id='word_1_814' title='bbox 1603 5072 1707 5127; x_wconf 82' lang='grc' dir='ltr'><strong>Διὰ</strong></span> <span class='ocrx_word' id='word_1_815' title='bbox 1745 5070 1855 5139; x_wconf 80' lang='grc' dir='ltr'>τῆς</span> <span class='ocrx_word' id='word_1_816' title='bbox 1954 5065 1972 5120; x_wconf 77' lang='grc' dir='ltr'>ιῘ</span> 
     </span>
    </p>
   </div>
   <div class='ocr_carea' id='block_1_103' title="bbox 1834 5065 3530 5146">
    <p class='ocr_par' dir='ltr' id='par_1_103' title="bbox 1834 5065 3530 5146">
     <span class='ocr_line' id='line_1_103' title="bbox 1834 5065 3530 5146; baseline 0.007 -27"><span class='ocrx_word' id='word_1_817' title='bbox 1834 5093 1855 5137; x_wconf 69' lang='grc' dir='ltr'><strong>ς</strong></span> <span class='ocrx_word' id='word_1_818' title='bbox 1954 5065 2144 5121; x_wconf 83' lang='lat' dir='ltr'><strong>Justus</strong></span> <span class='ocrx_word' id='word_1_819' title='bbox 2177 5068 2319 5122; x_wconf 87' lang='lat' dir='ltr'><strong>sicut</strong></span> <span class='ocrx_word' id='word_1_820' title='bbox 2348 5068 2579 5122; x_wconf 87' lang='lat' dir='ltr'><strong>honorat</strong></span> <span class='ocrx_word' id='word_1_821' title='bbox 2598 5067 2835 5135; x_wconf 88' lang='lat' dir='ltr'><strong>Patrem,</strong></span> <span class='ocrx_word' id='word_1_822' title='bbox 2862 5072 3095 5128; x_wconf 87' lang='lat' dir='ltr'><strong>honorat</strong></span> <span class='ocrx_word' id='word_1_823' title='bbox 3125 5072 3343 5131; x_wconf 88' lang='lat' dir='ltr'><strong>Filium.</strong></span> <span class='ocrx_word' id='word_1_824' title='bbox 3371 5074 3530 5146; x_wconf 82' lang='lat' dir='ltr'><strong>Igno-</strong></span> 
     </span>
    </p>
   </div>
   <div class='ocr_carea' id='block_1_104' title="bbox 276 5153 1852 5229">
    <p class='ocr_par' dir='ltr' id='par_1_104' title="bbox 276 5153 1852 5229">
     <span class='ocr_line' id='line_1_104' title="bbox 276 5153 1852 5229; baseline 0.007 -26"><span class='ocrx_word' id='word_1_825' title='bbox 276 5153 664 5222; x_wconf 79' lang='grc' dir='ltr'>παραϐάσεως</span> <span class='ocrx_word' id='word_1_826' title='bbox 713 5156 820 5211; x_wconf 87' lang='grc' dir='ltr'><strong>τοῦ</strong></span> <span class='ocrx_word' id='word_1_827' title='bbox 857 5159 1045 5227; x_wconf 78' lang='grc' dir='ltr'>νόμου</span> <span class='ocrx_word' id='word_1_828' title='bbox 1078 5156 1185 5210; x_wconf 80' lang='grc' dir='ltr'><strong>τόν</strong></span> <span class='ocrx_word' id='word_1_829' title='bbox 1222 5156 1371 5212; x_wconf 86' lang='grc' dir='ltr'>Θεὸν</span> <span class='ocrx_word' id='word_1_830' title='bbox 1420 5158 1733 5229; x_wconf 79' lang='grc' dir='ltr'>ἀτιμάζεις.</span> <span class='ocrx_word' id='word_1_831' title='bbox 1793 5163 1852 5214; x_wconf 82' lang='lat' dir='ltr'><strong>&#39;l)</strong></span> 
     </span>
    </p>
   </div>
   <div class='ocr_carea' id='block_1_105' title="bbox 272 5243 1855 5323">
    <p class='ocr_par' dir='ltr' id='par_1_105' title="bbox 272 5243 1855 5323">
     <span class='ocr_line' id='line_1_105' title="bbox 272 5243 1855 5323; baseline 0.006 -28"><span class='ocrx_word' id='word_1_832' title='bbox 272 5243 480 5309; x_wconf 84' lang='grc' dir='ltr'>δίκαιος</span> <span class='ocrx_word' id='word_1_833' title='bbox 519 5246 595 5311; x_wconf 86' lang='grc' dir='ltr'>ὼς</span> <span class='ocrx_word' id='word_1_834' title='bbox 626 5251 760 5321; x_wconf 83' lang='grc' dir='ltr'>τιμᾷ</span> <span class='ocrx_word' id='word_1_835' title='bbox 792 5250 883 5303; x_wconf 86' lang='grc' dir='ltr'><strong>τὸν</strong></span> <span class='ocrx_word' id='word_1_836' title='bbox 917 5251 1148 5323; x_wconf 85' lang='grc' dir='ltr'>πατέρα,</span> <span class='ocrx_word' id='word_1_837' title='bbox 1181 5252 1315 5320; x_wconf 77' lang='grc' dir='ltr'>τιμᾷ</span> <span class='ocrx_word' id='word_1_838' title='bbox 1344 5250 1436 5303; x_wconf 84' lang='grc' dir='ltr'><strong>τὸν</strong></span> <span class='ocrx_word' id='word_1_839' title='bbox 1462 5251 1598 5304; x_wconf 86' lang='grc' dir='ltr'>υἰὸν.</span> <span class='ocrx_word' id='word_1_840' title='bbox 1641 5253 1705 5304; x_wconf 85' lang='grc' dir='ltr'><strong>Ἠ</strong></span> <span class='ocrx_word' id='word_1_841' title='bbox 1737 5252 1855 5305; x_wconf 85' lang='grc' dir='ltr'>ἀτι-</span> 
     </span>
    </p>
   </div>
   <div class='ocr_carea' id='block_1_106' title="bbox 277 5334 1852 5421">
    <p class='ocr_par' dir='ltr' id='par_1_106' title="bbox 277 5334 1852 5421">
     <span class='ocr_line' id='line_1_106' title="bbox 277 5334 1852 5421; baseline 0.01 -33"><span class='ocrx_word' id='word_1_842' title='bbox 277 5334 393 5403; x_wconf 82' lang='grc' dir='ltr'>μία,</span> <span class='ocrx_word' id='word_1_843' title='bbox 429 5339 555 5394; x_wconf 82' lang='grc' dir='ltr'>ὅταν</span> <span class='ocrx_word' id='word_1_844' title='bbox 589 5341 841 5413; x_wconf 82' lang='grc' dir='ltr'>ἀτιμὰζω</span> <span class='ocrx_word' id='word_1_845' title='bbox 878 5342 968 5396; x_wconf 84' lang='grc' dir='ltr'>τὸν</span> <span class='ocrx_word' id='word_1_846' title='bbox 998 5344 1133 5409; x_wconf 86' lang='grc' dir='ltr'>υἱὸν,</span> <span class='ocrx_word' id='word_1_847' title='bbox 1179 5346 1317 5416; x_wconf 77' lang='grc' dir='ltr'>αὐτὴ</span> <span class='ocrx_word' id='word_1_848' title='bbox 1353 5346 1474 5401; x_wconf 88' lang='grc' dir='ltr'>καθ’</span> <span class='ocrx_word' id='word_1_849' title='bbox 1507 5347 1572 5421; x_wconf 72' lang='grc' dir='ltr'>ἣν</span> <span class='ocrx_word' id='word_1_850' title='bbox 1602 5346 1852 5419; x_wconf 79' lang='grc' dir='ltr'>ἀτιμάζω</span> 
     </span>
    </p>
   </div>
   <div class='ocr_carea' id='block_1_107' title="bbox 348 5452 836 5522">
    <p class='ocr_par' dir='ltr' id='par_1_107' title="bbox 348 5452 836 5522">
     <span class='ocr_line' id='line_1_107' title="bbox 348 5452 836 5522; baseline 0.01 -14"><span class='ocrx_word' id='word_1_851' title='bbox 348 5454 363 5485; x_wconf 85' lang='grc'>¹</span> <span class='ocrx_word' id='word_1_852' title='bbox 395 5452 597 5512; x_wconf 85' lang='lat' dir='ltr'><strong>Jerem.</strong></span> <span class='ocrx_word' id='word_1_853' title='bbox 631 5473 714 5522; x_wconf 86' lang='grc' dir='ltr'>ιιι,</span> <span class='ocrx_word' id='word_1_854' title='bbox 744 5458 836 5514; x_wconf 77' lang='lat'><strong>25.</strong></span> 
     </span>
    </p>
   </div>
   <div class='ocr_carea' id='block_1_108' title="bbox 371 5550 1388 5625">
    <p class='ocr_par' dir='ltr' id='par_1_108' title="bbox 371 5550 1388 5625">
     <span class='ocr_line' id='line_1_108' title="bbox 371 5550 1388 5625; baseline 0.006 -20"><span class='ocrx_word' id='word_1_855' title='bbox 371 5550 420 5625; x_wconf 65' lang='lat'><strong>1)</strong></span> <span class='ocrx_word' id='word_1_856' title='bbox 455 5550 591 5625; x_wconf 62' lang='lat' dir='ltr'><strong>god.</strong></span> <span class='ocrx_word' id='word_1_857' title='bbox 625 5552 879 5625; x_wconf 77' lang='lat' dir='ltr'><strong>§corial.,</strong></span> <span class='ocrx_word' id='word_1_858' title='bbox 911 5557 1388 5625; x_wconf 81' lang='grc' dir='ltr'>συγκατηνάλωσε.</span> 
     </span>
    </p>
   </div>
   <div class='ocr_carea' id='block_1_109' title="bbox 368 5621 1843 5710">
    <p class='ocr_par' dir='ltr' id='par_1_109' title="bbox 368 5621 1843 5710">
     <span class='ocr_line' id='line_1_109' title="bbox 368 5621 1843 5710; baseline 0.009 -36"><span class='ocrx_word' id='word_1_859' title='bbox 368 5621 597 5710; x_wconf 29' lang='grc' dir='ltr'>ᾒ-(ξριί.</span> <span class='ocrx_word' id='word_1_860' title='bbox 630 5621 885 5710; x_wconf 48' lang='grc' dir='ltr'>δραι-ζειν</span> <span class='ocrx_word' id='word_1_861' title='bbox 918 5621 1037 5705; x_wconf 68' lang='grc' dir='ltr'>ἦτοι</span> <span class='ocrx_word' id='word_1_862' title='bbox 1066 5621 1251 5708; x_wconf 68' lang='grc' dir='ltr'>καλῶς</span> <span class='ocrx_word' id='word_1_863' title='bbox 1293 5628 1325 5699; x_wconf 80' lang='grc' dir='ltr'>ἢ</span> <span class='ocrx_word' id='word_1_864' title='bbox 1353 5632 1564 5710; x_wconf 62' lang='grc' dir='ltr'>κακῶς,</span> <span class='ocrx_word' id='word_1_865' title='bbox 1588 5639 1722 5710; x_wconf 82' lang='grc' dir='ltr'>εἴγε</span> <span class='ocrx_word' id='word_1_866' title='bbox 1759 5633 1843 5690; x_wconf 85' lang='grc' dir='ltr'>δεῖ</span> 
     </span>
    </p>
   </div>
   <div class='ocr_carea' id='block_1_110' title="bbox 282 5685 1656 5784">
    <p class='ocr_par' dir='ltr' id='par_1_110' title="bbox 282 5685 1656 5784">
     <span class='ocr_line' id='line_1_110' title="bbox 282 5685 1656 5784; baseline -0.01 1"><span class='ocrx_word' id='word_1_867' title='bbox 282 5685 534 5784; x_wconf 49' lang='lat' dir='ltr'><strong>lilii“?</strong></span> <span class='ocrx_word' id='word_1_868' title='bbox 560 5693 746 5784; x_wconf 60' lang='grc' dir='ltr'><strong>ῖπῇὦξ</strong></span> <span class='ocrx_word' id='word_1_869' title='bbox 771 5685 985 5784; x_wconf 49' lang='grc' dir='ltr'><strong>ἐπίτεξ»</strong></span> <span class='ocrx_word' id='word_1_870' title='bbox 1008 5685 1426 5784; x_wconf 48' lang='lat' dir='ltr'><strong>certumst</strong></span> <span class='ocrx_word' id='word_1_871' title='bbox 1460 5685 1656 5784; x_wconf 60' lang='grc' dir='ltr'><strong>ἕᾶίιῇξ.</strong></span> 
     </span>
    </p>
   </div>
   <div class='ocr_carea' id='block_1_111' title="bbox 350 5759 1422 5837">
    <p class='ocr_par' dir='ltr' id='par_1_111' title="bbox 350 5759 1422 5837">
     <span class='ocr_line' id='line_1_111' title="bbox 350 5759 1422 5837; baseline -0.009 0"><span class='ocrx_word' id='word_1_872' title='bbox 350 5759 425 5837; x_wconf 48' lang='grc'><strong>(³3)</strong></span> <span class='ocrx_word' id='word_1_873' title='bbox 462 5761 596 5837; x_wconf 64' lang='lat'><strong>9‘“!-</strong></span> <span class='ocrx_word' id='word_1_874' title='bbox 625 5762 778 5837; x_wconf 61' lang='grc' dir='ltr'><strong>Ῑθιη</strong></span> <span class='ocrx_word' id='word_1_875' title='bbox 802 5764 857 5837; x_wconf 55' lang='lat' dir='ltr'><strong>Pi</strong></span> <span class='ocrx_word' id='word_1_876' title='bbox 888 5763 997 5837; x_wconf 63' lang='grc' dir='ltr'>τῶν</span> <span class='ocrx_word' id='word_1_877' title='bbox 1021 5759 1274 5837; x_wconf 42' lang='lat' dir='ltr'><strong>nassiwa</strong></span> <span class='ocrx_word' id='word_1_878' title='bbox 1304 5759 1422 5827; x_wconf 69' lang='grc' dir='ltr'><strong>υἱὸξζ</strong></span> 
     </span>
    </p>
   </div>
   <div class='ocr_carea' id='block_1_112' title="bbox 349 5828 1830 5957">
    <p class='ocr_par' dir='ltr' id='par_1_112' title="bbox 349 5828 1830 5957">
     <span class='ocr_line' id='line_1_112' title="bbox 349 5828 1830 5957; baseline 0.003 -69"><span class='ocrx_word' id='word_1_879' title='bbox 349 5828 423 5898; x_wconf 56' lang='lat'><strong>(4)</strong></span> <span class='ocrx_word' id='word_1_880' title='bbox 460 5832 593 5887; x_wconf 83' lang='lat' dir='ltr'><strong>Cod.</strong></span> <span class='ocrx_word' id='word_1_881' title='bbox 625 5830 772 5897; x_wconf 64' lang='grc' dir='ltr'>ναι,</span> <span class='ocrx_word' id='word_1_882' title='bbox 799 5834 1125 5903; x_wconf 68' lang='grc' dir='ltr'>ἐπεκάλυψε,</span> <span class='ocrx_word' id='word_1_883' title='bbox 1159 5828 1333 5907; x_wconf 68' lang='grc' dir='ltr'>ῲησίν,</span> <span class='ocrx_word' id='word_1_884' title='bbox 1365 5843 1393 5919; x_wconf 68' lang='grc' dir='ltr'><em>ὴ</em></span> <span class='ocrx_word' id='word_1_885' title='bbox 1427 5852 1615 5957; x_wconf 54' lang='grc' dir='ltr'>ἀτιμία</span> <span class='ocrx_word' id='word_1_886' title='bbox 1648 5854 1830 5943; x_wconf 68' lang='grc' dir='ltr'>ἡμῶν,</span> 
     </span>
    </p>
   </div>
   <div class='ocr_carea' id='block_1_113' title="bbox 1960 5159 3531 5234">
    <p class='ocr_par' dir='ltr' id='par_1_113' title="bbox 1960 5159 3531 5234">
     <span class='ocr_line' id='line_1_113' title="bbox 1960 5159 3531 5234; baseline 0.006 -23"><span class='ocrx_word' id='word_1_887' title='bbox 1960 5160 2145 5223; x_wconf 88' lang='lat' dir='ltr'><strong>minia,</strong></span> <span class='ocrx_word' id='word_1_888' title='bbox 2180 5161 2400 5230; x_wconf 88' lang='lat' dir='ltr'><strong>quando</strong></span> <span class='ocrx_word' id='word_1_889' title='bbox 2436 5159 2956 5231; x_wconf 90' lang='lat' dir='ltr'><strong>inhonoro.Filium,</strong></span> <span class='ocrx_word' id='word_1_890' title='bbox 2988 5165 3176 5220; x_wconf 84' lang='lat' dir='ltr'><strong>eadem</strong></span> <span class='ocrx_word' id='word_1_891' title='bbox 3217 5180 3326 5234; x_wconf 90' lang='lat' dir='ltr'><strong>qua</strong></span> <span class='ocrx_word' id='word_1_892' title='bbox 3372 5166 3531 5221; x_wconf 91' lang='lat' dir='ltr'><strong>inho-</strong></span> 
     </span>
    </p>
   </div>
   <div class='ocr_carea' id='block_1_114' title="bbox 1959 5248 3530 5319">
    <p class='ocr_par' dir='ltr' id='par_1_114' title="bbox 1959 5248 3530 5319">
     <span class='ocr_line' id='line_1_114' title="bbox 1959 5248 3530 5319; baseline 0.003 -15"><span class='ocrx_word' id='word_1_893' title='bbox 1959 5265 2093 5305; x_wconf 88' lang='lat' dir='ltr'><strong>noro</strong></span> <span class='ocrx_word' id='word_1_894' title='bbox 2124 5248 2362 5313; x_wconf 86' lang='lat' dir='ltr'><strong>Patrem,</strong></span> <span class='ocrx_word' id='word_1_895' title='bbox 2386 5248 2632 5303; x_wconf 87' lang='lat' dir='ltr'><strong>velamen</strong></span> <span class='ocrx_word' id='word_1_896' title='bbox 2660 5250 2719 5304; x_wconf 86' lang='lat' dir='ltr'><strong>fit</strong></span> <span class='ocrx_word' id='word_1_897' title='bbox 2747 5248 2907 5305; x_wconf 86' lang='lat' dir='ltr'><strong>faciei</strong></span> <span class='ocrx_word' id='word_1_898' title='bbox 2940 5268 3093 5319; x_wconf 61' lang='lat' dir='ltr'><strong>meae,</strong></span> <span class='ocrx_word' id='word_1_899' title='bbox 3118 5264 3173 5310; x_wconf 90' lang='lat' dir='ltr'><strong>et</strong></span> <span class='ocrx_word' id='word_1_900' title='bbox 3204 5254 3358 5310; x_wconf 89' lang='lat' dir='ltr'><strong>dico:</strong></span> <span class='ocrx_word' id='word_1_901' title='bbox 3393 5254 3530 5310; x_wconf 86' lang='lat' dir='ltr'><strong>Coo-</strong></span> 
     </span>
    </p>
   </div>
   <div class='ocr_carea' id='block_1_115' title="bbox 1956 5341 3523 5418">
    <p class='ocr_par' dir='ltr' id='par_1_115' title="bbox 1956 5341 3523 5418">
     <span class='ocr_line' id='line_1_115' title="bbox 1956 5341 3523 5418; baseline 0.004 -19"><span class='ocrx_word' id='word_1_902' title='bbox 1956 5344 2129 5415; x_wconf 73' lang='lat' dir='ltr'><strong>paruit</strong></span> <span class='ocrx_word' id='word_1_903' title='bbox 2155 5361 2248 5399; x_wconf 85' lang='lat' dir='ltr'><strong>nos</strong></span> <span class='ocrx_word' id='word_1_904' title='bbox 2277 5342 2588 5415; x_wconf 83' lang='lat' dir='ltr'><strong>ignominia.</strong></span> <span class='ocrx_word' id='word_1_905' title='bbox 2624 5341 2968 5415; x_wconf 82' lang='lat' dir='ltr'><strong>Quapropter</strong></span> <span class='ocrx_word' id='word_1_906' title='bbox 2997 5358 3352 5418; x_wconf 86' lang='lat' dir='ltr'><strong>agnoscentes</strong></span> <span class='ocrx_word' id='word_1_907' title='bbox 3377 5349 3523 5407; x_wconf 79' lang='lat' dir='ltr'><strong>vela-</strong></span> 
     </span>
    </p>
   </div>
   <div class='ocr_carea' id='block_1_116' title="bbox 915 5458 2611 5529">
    <p class='ocr_par' dir='ltr' id='par_1_116' title="bbox 915 5458 2589 5529">
     <span class='ocr_line' id='line_1_116' title="bbox 915 5458 2589 5529; baseline 0.001 -16"><span class='ocrx_word' id='word_1_908' title='bbox 915 5460 935 5491; x_wconf 86' lang='grc'>²</span> <span class='ocrx_word' id='word_1_909' title='bbox 964 5458 1165 5516; x_wconf 86' lang='lat' dir='ltr'><strong>Psalm.</strong></span> <span class='ocrx_word' id='word_1_910' title='bbox 1205 5477 1356 5525; x_wconf 77' lang='lat' dir='ltr'><strong>xun,</strong></span> <span class='ocrx_word' id='word_1_911' title='bbox 1400 5463 1487 5521; x_wconf 85' lang='lat'><strong>16.</strong></span> <span class='ocrx_word' id='word_1_912' title='bbox 1562 5465 1583 5498; x_wconf 88' lang='grc'>³</span> <span class='ocrx_word' id='word_1_913' title='bbox 1615 5464 1657 5522; x_wconf 93' lang='lat' dir='ltr'><strong>ll</strong></span> <span class='ocrx_word' id='word_1_914' title='bbox 1696 5465 1827 5522; x_wconf 88' lang='lat' dir='ltr'><strong>Cor.</strong></span> <span class='ocrx_word' id='word_1_915' title='bbox 1863 5478 1950 5529; x_wconf 86' lang='grc' dir='ltr'>ιιι,</span> <span class='ocrx_word' id='word_1_916' title='bbox 1981 5461 2062 5516; x_wconf 86' lang='grc'>18.</span> <span class='ocrx_word' id='word_1_917' title='bbox 2144 5461 2168 5492; x_wconf 63' lang='grc' dir='ltr'><strong>ι</strong></span> <span class='ocrx_word' id='word_1_918' title='bbox 2197 5459 2355 5516; x_wconf 84' lang='lat' dir='ltr'><strong>Joan.</strong></span> <span class='ocrx_word' id='word_1_919' title='bbox 2398 5477 2464 5526; x_wconf 85' lang='lat' dir='ltr'><strong>v,</strong></span> <span class='ocrx_word' id='word_1_920' title='bbox 2499 5460 2589 5514; x_wconf 71' lang='grc'>25.</span> 
     </span>
    </p>
   </div>
   <div class='ocr_carea' id='block_1_117' title="bbox 1414 5458 3110 5529">
    <p class='ocr_par' dir='ltr' id='par_1_117' title="bbox 1414 5459 3110 5529">
     <span class='ocr_line' id='line_1_117' title="bbox 1414 5459 3110 5529; baseline 0.002 -12"><span class='ocrx_word' id='word_1_921' title='bbox 1414 5463 1487 5521; x_wconf 85' lang='lat' dir='ltr'><strong>l6.</strong></span> <span class='ocrx_word' id='word_1_922' title='bbox 1562 5465 1583 5498; x_wconf 88' lang='grc'>³</span> <span class='ocrx_word' id='word_1_923' title='bbox 1615 5464 1657 5522; x_wconf 93' lang='lat' dir='ltr'><strong>ll</strong></span> <span class='ocrx_word' id='word_1_924' title='bbox 1696 5465 1827 5522; x_wconf 88' lang='lat' dir='ltr'><strong>Cor.</strong></span> <span class='ocrx_word' id='word_1_925' title='bbox 1863 5478 1950 5529; x_wconf 86' lang='grc' dir='ltr'>ιιι,</span> <span class='ocrx_word' id='word_1_926' title='bbox 1981 5461 2062 5516; x_wconf 86' lang='grc'>18.</span> <span class='ocrx_word' id='word_1_927' title='bbox 2144 5461 2168 5492; x_wconf 63' lang='grc' dir='ltr'><strong>ι</strong></span> <span class='ocrx_word' id='word_1_928' title='bbox 2197 5459 2355 5516; x_wconf 84' lang='lat' dir='ltr'><strong>Joan.</strong></span> <span class='ocrx_word' id='word_1_929' title='bbox 2398 5477 2464 5526; x_wconf 85' lang='lat' dir='ltr'><strong>v,</strong></span> <span class='ocrx_word' id='word_1_930' title='bbox 2499 5460 2589 5514; x_wconf 71' lang='grc'>25.</span> <span class='ocrx_word' id='word_1_931' title='bbox 2679 5460 2701 5493; x_wconf 85' lang='grc'>⁸</span> <span class='ocrx_word' id='word_1_932' title='bbox 2738 5460 2900 5518; x_wconf 86' lang='lat' dir='ltr'><strong>Rom.</strong></span> <span class='ocrx_word' id='word_1_933' title='bbox 2935 5478 2997 5528; x_wconf 85' lang='grc' dir='ltr'><strong>ιι,</strong></span> <span class='ocrx_word' id='word_1_934' title='bbox 3021 5462 3110 5520; x_wconf 73' lang='grc'><strong>23.</strong></span> 
     </span>
    </p>
   </div>
   <div class='ocr_carea' id='block_1_118' title="bbox 2025 5554 2971 5627">
    <p class='ocr_par' dir='ltr' id='par_1_118' title="bbox 2025 5554 2971 5627">
     <span class='ocr_line' id='line_1_118' title="bbox 2025 5554 2971 5627; baseline 0.002 -19"><span class='ocrx_word' id='word_1_935' title='bbox 2025 5555 2103 5627; x_wconf 77' lang='lat'><strong>(5)</strong></span> <span class='ocrx_word' id='word_1_936' title='bbox 2142 5554 2280 5627; x_wconf 66' lang='lat' dir='ltr'><strong>god.</strong></span> <span class='ocrx_word' id='word_1_937' title='bbox 2310 5555 2571 5627; x_wconf 86' lang='lat' dir='ltr'><strong>_S_corial.,</strong></span> <span class='ocrx_word' id='word_1_938' title='bbox 2601 5556 2661 5609; x_wconf 81' lang='grc' dir='ltr'><strong>οὐ</strong></span> <span class='ocrx_word' id='word_1_939' title='bbox 2698 5556 2971 5626; x_wconf 80' lang='grc' dir='ltr'>συνήσεις.</span> 
     </span>
    </p>
   </div>
   <div class='ocr_carea' id='block_1_119' title="bbox 2021 5623 3526 5701">
    <p class='ocr_par' dir='ltr' id='par_1_119' title="bbox 2021 5623 3526 5701">
     <span class='ocr_line' id='line_1_119' title="bbox 2021 5623 3526 5701; baseline 0.006 -23"><span class='ocrx_word' id='word_1_940' title='bbox 2021 5623 2099 5696; x_wconf 77' lang='grc' dir='ltr'><strong>(ὓ)</strong></span> <span class='ocrx_word' id='word_1_941' title='bbox 2138 5625 2275 5701; x_wconf 77' lang='lat' dir='ltr'><strong>God.</strong></span> <span class='ocrx_word' id='word_1_942' title='bbox 2309 5623 2427 5701; x_wconf 74' lang='lat' dir='ltr'><strong>vat.</strong></span> <span class='ocrx_word' id='word_1_943' title='bbox 2460 5633 2584 5701; x_wconf 71' lang='lat' dir='ltr'><strong>post</strong></span> <span class='ocrx_word' id='word_1_944' title='bbox 2620 5627 2757 5701; x_wconf 81' lang='grc' dir='ltr'>ἔργα</span> <span class='ocrx_word' id='word_1_945' title='bbox 2785 5623 2968 5701; x_wconf 77' lang='lat' dir='ltr'><strong>addit:</strong></span> <span class='ocrx_word' id='word_1_946' title='bbox 3003 5626 3063 5691; x_wconf 83' lang='grc' dir='ltr'>ὃς</span> <span class='ocrx_word' id='word_1_947' title='bbox 3094 5628 3169 5701; x_wconf 79' lang='grc' dir='ltr'>μὴ</span> <span class='ocrx_word' id='word_1_948' title='bbox 3208 5626 3284 5693; x_wconf 89' lang='grc' dir='ltr'><strong>ώς</strong></span> <span class='ocrx_word' id='word_1_949' title='bbox 3314 5629 3526 5698; x_wconf 74' lang='grc' dir='ltr'>Παῦλος</span> 
     </span>
    </p>
   </div>
   <div class='ocr_carea' id='block_1_120' title="bbox 1951 5694 3033 5769">
    <p class='ocr_par' dir='ltr' id='par_1_120' title="bbox 1951 5694 3033 5769">
     <span class='ocr_line' id='line_1_120' title="bbox 1951 5694 3033 5769; baseline 0.002 -18"><span class='ocrx_word' id='word_1_950' title='bbox 1951 5694 2469 5769; x_wconf 58' lang='grc' dir='ltr'>ἀνακεκαλυμμένον</span> <span class='ocrx_word' id='word_1_951' title='bbox 2493 5695 2606 5767; x_wconf 76' lang='grc' dir='ltr'>ἔχει</span> <span class='ocrx_word' id='word_1_952' title='bbox 2634 5694 2707 5752; x_wconf 60' lang='lat' dir='ltr'><strong>ea</strong></span> <span class='ocrx_word' id='word_1_953' title='bbox 2722 5698 3033 5769; x_wconf 87' lang='grc' dir='ltr'>πρόσωπον.</span> 
     </span>
    </p>
   </div>
   <div class='ocr_carea' id='block_1_121' title="bbox 2023 5764 3527 5848">
    <p class='ocr_par' dir='ltr' id='par_1_121' title="bbox 2023 5764 3527 5848">
     <span class='ocr_line' id='line_1_121' title="bbox 2023 5764 3527 5848; baseline 0.005 -26"><span class='ocrx_word' id='word_1_954' title='bbox 2023 5766 2101 5848; x_wconf 64' lang='grc' dir='ltr'><strong>(ξι)</strong></span> <span class='ocrx_word' id='word_1_955' title='bbox 2141 5764 2279 5823; x_wconf 68' lang='lat' dir='ltr'><strong>Cod.</strong></span> <span class='ocrx_word' id='word_1_956' title='bbox 2316 5764 2454 5823; x_wconf 62' lang='grc' dir='ltr'>νει.</span> <span class='ocrx_word' id='word_1_957' title='bbox 2481 5808 2499 5837; x_wconf 89' lang='grc'><strong>,</strong></span> <span class='ocrx_word' id='word_1_958' title='bbox 2524 5764 2814 5840; x_wconf 59' lang='grc' dir='ltr'>ἐκάλυψε,</span> <span class='ocrx_word' id='word_1_959' title='bbox 2854 5771 3045 5841; x_wconf 76' lang='grc' dir='ltr'>φησὶν,</span> <span class='ocrx_word' id='word_1_960' title='bbox 3081 5770 3229 5843; x_wconf 74' lang='grc' dir='ltr'>ἡμᾶς</span> <span class='ocrx_word' id='word_1_961' title='bbox 3259 5772 3294 5845; x_wconf 79' lang='grc' dir='ltr'><strong>ἡ</strong></span> <span class='ocrx_word' id='word_1_962' title='bbox 3331 5771 3527 5843; x_wconf 69' lang='grc' dir='ltr'>ἀτιμία</span> 
     </span>
    </p>
   </div>
   <div class='ocr_carea' id='block_1_122' title="bbox 1951 5840 2129 5913">
    <p class='ocr_par' dir='ltr' id='par_1_122' title="bbox 1951 5840 2129 5913">
     <span class='ocr_line' id='line_1_122' title="bbox 1951 5840 2129 5913; baseline 0.022 -23"><span class='ocrx_word' id='word_1_963' title='bbox 1951 5840 2129 5913; x_wconf 80' lang='grc' dir='ltr'>ἡμῶν.</span> 
     </span>
    </p>
   </div>
  </div>
