4296 6288
581 436 685 506 307

2037 437 2362 497 DRIGENIS

3736 429 3847 486 508

585 570 708 607 men
731 552 879 623 quod
906 568 1069 624 opera
1092 553 1433 611 confusionis
1459 554 1781 625 imponunt,
1821 556 1891 611 ab
1921 555 2150 628 ignomi—
2180 562 2227 616 Α
2255 571 2281 607 τ

2147 586 2150 596 ›
2180 562 2227 616 Α
2255 552 2345 607 τὸν
2369 549 2611 621 πατέρα,
2637 548 2997 619 ἐπικάλυμμα
3022 546 3230 617 γίνεται
3266 544 3359 602 τοῦ
3396 545 3688 620 προσώπου
3717 564 3843 618 μου,

583 644 687 699 nize
721 646 932 701 actibus
961 645 1278 702 animamus
1296 646 1567 702 velamen.
1594 646 1650 702 In
1685 658 1869 704 nostra
1895 659 1979 704 est
2002 659 2157 719 pote-

579 744 723 793 state
755 737 940 792 tollere
972 736 1244 804 velamen,
1286 738 1488 793 nullius
1521 738 1767 794 alterius.
1828 739 1971 794 Dum
2016 741 2156 793 enim

580 827 653 883 ad
682 829 958 881 Dominum
993 828 1199 900 Moyses
1221 829 1576 885 revertebatur
1598 871 1613 894 ,
1658 830 2000 901 auferebatur
2022 831 2159 887 vela-

582 935 694 971 men
728 918 767 971 ⁸.
801 917 991 973 Videu’
1022 927 1084 974 ut
1115 919 1327 992 Moyses
1375 922 1703 991 quandoque
1756 930 2005 975 sumatur
2056 937 2153 991 pro

576 1009 812 1079 populo?
853 1008 987 1062 Dum
1030 1025 1140 1064 non
1185 1010 1561 1065 revertebatur
1607 1010 1674 1065 ad
1715 1008 2029 1072 Dominum,
2059 1024 2157 1079 po-

575 1101 682 1171 puli
732 1103 797 1155 ad
833 1099 1119 1155 Dominum
1166 1117 1278 1157 non
1325 1101 1650 1156 revertentis
1682 1101 1909 1171 ﬁguram
1934 1116 2152 1171 gerens,

572 1185 821 1242 velamen
868 1187 1057 1240 habuit
1098 1187 1333 1256 positum
1385 1202 1548 1256 super
1578 1186 1776 1242 faciem
1805 1202 1996 1250 suam;
2026 1201 2151 1241 cum

572 1291 704 1331 vero
745 1275 815 1331 ad
865 1276 1159 1330 Dominum
1198 1277 1606 1344 revertebatur,
1652 1275 2042 1332 revertentium
2082 1276 2152 1330 ad

569 1360 869 1420 Dominum
906 1375 1093 1436 typum
1135 1380 1367 1436 gerens,
1401 1375 1531 1421 tunc
1576 1365 1829 1421 demebat
1881 1365 2151 1429 velamen,

573 1454 736 1527 idque
761 1472 868 1512 non
893 1457 1056 1527 quale
1085 1455 1229 1511 Deus
1254 1456 1303 1511 ei
1334 1466 1686 1528 praeceperat.
1710 1456 1829 1512 Non
1852 1456 2000 1512 enim
2016 1456 2155 1512 dixit

568 1547 833 1605 Dominus
860 1548 1030 1621 Moysi
1069 1568 1083 1604 :
1133 1549 1356 1619 Appone
1398 1549 1673 1616 velamen,
1715 1550 1808 1604 sed
1843 1564 1969 1604 cum
2004 1547 2155 1603 vide-

570 1647 653 1695 ret
689 1638 907 1711 Moyses
931 1655 1039 1695 non
1076 1653 1239 1710 posse
1264 1639 1529 1709 populum
1557 1639 1737 1695 videre
1758 1638 1985 1710 gloriam
2011 1638 2151 1709 ejus,

569 1732 807 1800 ponebat
838 1732 1081 1787 velamen
1105 1746 1270 1801 super
1297 1730 1492 1786 faciem
1525 1746 1705 1795 suam,
1738 1746 1841 1786 nec
1865 1740 2154 1800 exspecta-

572 1822 643 1875 vit
668 1820 838 1877 Deum
863 1824 1160 1877 dicentem:
1194 1822 1428 1877 Detrahe
1454 1822 1725 1888 velamen,
1767 1838 1892 1877 cum
1927 1823 1997 1878 ad
2043 1820 2152 1877 Do-

570 1915 778 1969 minum
802 1917 1194 1970 revertebatur.

2258 643 2353 697 καὶ
2378 641 2523 710 λέγω
2541 656 2556 671 ·
2576 637 2994 707 Ἐπεκὰλυψέν
3011 637 3084 708 (l)
3108 635 3266 707 ἡμᾶς
3284 638 3323 705 ἠ
3341 637 3558 706 ἀτιμία.
3579 635 3677 689 Διὰ
3688 635 3846 691 τοῦτο

2256 735 2550 805 νοήσαντες
2577 731 2636 785 τὸ
2667 730 2959 801 κάλυμμα,
2989 728 3050 782 τὸ
3084 730 3437 800 ἐπικείμενον
3468 727 3577 781 ἀπὸ
3603 727 3713 781 τῶν
3744 727 3844 799 τῆς

2256 824 2519 896 αἰσχύνης
2554 822 2755 896 ἔργων,
2784 821 2894 876 ἀπὸ
2924 818 3033 875 τῶν
3072 820 3175 891 τῆς
3213 821 3434 892 ἀτιμίας
3465 819 3718 892 πράξεων
3742 837 3843 876 πε-

2260 915 2566 987 ριελώμεθα
2609 914 2671 968 τὸ
2716 914 3000 984 κάλυμμα.
3071 912 3186 980 Ἐφ’
3231 914 3363 985 ἡμῖν
3404 914 3520 966 ἐστι
3564 929 3847 985 περιαιρε-⁸

2257 1005 2411 1077 θῆναι
2441 1005 2501 1059 τὸ
2527 1004 2818 1076 κάλυμμα,
2852 1003 3066 1068 οὐδενὸς
3094 1003 3252 1059 ἄλλου
3278 1003 3446 1058 ἐστίν.
3488 1002 3699 1058 Ἠνίκα
3731 1003 3843 1073 γὰρ

2252 1097 2588 1166 ἐπέστρεψε
2634 1097 2784 1166 πρὸς
2826 1098 3046 1165 Κύριον
3090 1094 3374 1163 Μωῡσῆς,
3414 1094 3742 1163 περιῃρεῖτο
3772 1093 3839 1149 t6

2253 1190 2552 1260 κάλυμμα.
2584 1187 2746 1260 Ὁρᾷς
2778 1189 2852 1253 ὡς
2878 1189 3117 1260 Μωῦοῆς
3136 1205 3267 1241 ποτε
3300 1185 3374 1257 (2)
3393 1186 3731 1258 λαμϐάνεται
3744 1186 3841 1242 καὶ

2252 1283 2347 1337 ἐπὶ
2398 1281 2492 1335 τοῦ
2541 1281 2694 1336 λαοῦ.
2753 1283 2916 1335 Ὅσον
2963 1282 3064 1335 οὐκ
3102 1280 3405 1352 ἐπέστρεφε
3446 1280 3583 1352 πρὸς
3613 1277 3839 1348 Κύριον,

2255 1369 2520 1441 σύμϐολον
2553 1368 2627 1423 ὣν
2666 1369 2761 1424 τοῦ
2792 1369 2921 1424 λαοῦ
2947 1370 3023 1442 (5)
3046 1369 3140 1423 τοῦ
3160 1368 3235 1440 μὴ
3252 1366 3666 1440 ἐπιστρέφοντος
3705 1367 3841 1441 πρὸς

2252 1458 2476 1531 Κύριον,
2511 1459 2778 1532 κάλυμμα
2810 1455 2956 1531 εἶχεν
2993 1459 3339 1530 ἐπικείμενον
3372 1456 3537 1512 αὑτοῦ
3566 1456 3643 1528 τῷ
3673 1473 3840 1530 προσ-

2251 1548 2417 1620 ώπῳ·
2453 1549 2543 1603 ὅτε
2575 1549 2634 1603 δὲ
2679 1549 2982 1620 ἐπέστρεφε
3014 1548 3153 1619 πρὸς
3182 1547 3410 1619 Κύριον,
3453 1544 3720 1617 σύμϐολον
3749 1562 3838 1614 γε·

2252 1638 2476 1709 νόμενος
2502 1637 2609 1692 τῶν
2623 1639 3058 1710 ἐπιστρεφόντων
3074 1637 3210 1708 πρὸς
3227 1638 3453 1710 Κύριον,
3494 1637 3617 1690 τότε
3638 1635 3718 1707 (4)
3741 1651 3837 1688 πε-

2257 1734 2496 1805 ριῃρεῖτο
2516 1730 2578 1785 τὸ
2601 1731 2885 1803 κάλυμμα,
2903 1732 2997 1785 καὶ
3011 1731 3111 1802 οὐχ
3123 1725 3233 1785 οἷον
3258 1731 3287 1782 6
3308 1729 3440 1792 Θεὸς
3461 1728 3536 1800 (5)
3559 1726 3706 1799 αὐτῷ
3715 1728 3837 1782 ἐκέ-

2252 1825 2397 1879 λευε.
2444 1824 2519 1879 Οὐ
2550 1824 2660 1897 γὰρ
2684 1819 2832 1878 εἶπεν
2863 1826 2892 1877 6
2924 1824 3127 1896 Κύριος
3142 1822 3278 1894 πρὸς
3311 1820 3573 1891 Μωῦσῆνο
3608 1819 3838 1891 Περίϐου

2271 1917 2334 1971 τὸ
2357 1916 2622 1987 κάλυμμα
2641 1933 2655 1947 ο
2684 1916 2800 1971 ἀλλ’
2820 1915 2941 1971 ίδὼν
2954 1916 3213 1986 Μωῦσῆς,
3241 1915 3323 1969 ὅτι
3346 1914 3406 1967 οὐ
3428 1913 3647 1967 δύναται
3670 1909 3836 1975 ὀλαὸς

571 2010 696 2063 ίδεῖν
726 2011 827 2082 τὴν
855 2008 1013 2074 δόξαν
1045 2008 1231 2075 αὐτοῦ,
1255 2009 1376 2063 τότε
1417 2007 1653 2062 ἐπετίθει
1676 2008 1738 2062 τὸ
1766 2009 2029 2082 κάλυμμα
2053 2011 2145 2064 ἐπὶ
2179 2011 2241 2065 τὸ
2282 2011 2591 2084 πρόσωπον·
2614 2011 2708 2067 καὶ
2736 2011 2797 2065 οὐ
2833 2011 3147 2084 περιέμεινε
3169 2008 3245 2082 (6)
3279 2008 3410 2061 Θεὸν
3448 2006 3691 2077 λέγοντα,
3726 2004 3832 2057 Πε-

565 2101 744 2172 ριελοῦ
787 2104 849 2156 τὸ
882 2102 1170 2175 κάλυμμα,
1219 2102 1382 2175 ἡνίκα
1417 2102 1485 2157 ἂν
1522 2102 1825 2176 ἐπέστρεψε
1865 2106 2001 2177 πρὸς
2034 2105 2257 2179 Κύριον.

634 2196 688 2253 9.
722 2197 838 2254 Hoc
856 2199 1039 2269 itaque
1056 2199 1322 2268 scriptum
1351 2205 1436 2253 est
1461 2207 1520 2253 ut
1547 2206 1602 2253 tu
1626 2213 1867 2270 quoque,
1890 2216 2015 2256 cum
2044 2202 2149 2256 im-
2182 2211 2225 2264 Β
2321 2210 2330 2228 '

2140 2211 2225 2264 -B
2321 2208 2493 2262 Τοῦτο
2541 2202 2635 2263 οὖν
2682 2206 3029 2278 γέγραπται,
3070 2200 3159 2254 ἵνα
3201 2198 3298 2253 κα)⁸
3351 2198 3414 2252 σὺ
3460 2195 3526 2250 τὸ
3573 2193 3836 2265 κάλυμμα

562 2293 814 2362 posueris
863 2291 1112 2346 velamen
1164 2289 1321 2345 faciei
1356 2296 1465 2344 tua:
1500 2305 1596 2359 per
1633 2304 1797 2359 opera
1833 2292 2146 2361 ignominia:

561 2392 617 2438 et
647 2383 1025 2448 confusionis,
1077 2383 1131 2437 id
1165 2383 1409 2440 velamen
1447 2398 1608 2439 cures
1644 2383 2026 2439 auferendum.
2084 2382 2145 2439 Si

561 2486 868 2526 conversus
918 2470 1088 2526 fueris
1145 2471 1213 2525 ad
1269 2470 1593 2537 Dominum,
1632 2480 1766 2527 tunc
1802 2471 2019 2527 auferes
2050 2488 2144 2527 ve-

561 2564 775 2625 lamen,
826 2578 925 2639 nec
986 2563 1223 2633 amplius
1276 2564 1459 2620 dices:
1505 2563 1791 2633 Cooperuit
1833 2579 1926 2617 uos
1994 2564 2147 2635 igno-

562 2654 727 2708 minia
750 2654 1152 2713 uastra.,Verbi
1187 2656 1392 2725 gratia,
1439 2656 1484 2710 si
1521 2658 1575 2708 in
1607 2655 1793 2708 anima
1840 2666 2024 2711 nostra
2064 2656 2146 2711 ira

567 2744 831 2799 adversus
862 2745 1175 2814 quempiam
1207 2745 1492 2809 insederit,
1529 2744 1847 2813 impositum
1881 2754 1966 2799 est
1991 2746 2145 2800 vela-

559 2847 683 2888 men
715 2849 881 2904 super
912 2832 1109 2889 faciem
1137 2840 1409 2889 nostram.
1453 2833 1583 2888 Ideo
1610 2834 1657 2890 si
1696 2834 1950 2890 volumus
1981 2849 2147 2889 oran-

567 2937 641 2979 tes
659 2923 874 2978 dicere:
902 2923 1186 2995 Signatum
1219 2936 1297 2980 est
1330 2941 1489 2995 super
1522 2941 1615 2980 nos
1637 2924 1815 2979 lumen
1839 2926 2016 2981 vultus
2040 2927 2140 2994 tui,

562 3012 863 3079 Domine",
896 3014 1213 3071 auferamus
1259 3016 1507 3071 velamen
1537 3057 1553 3083 ,
1602 3025 1658 3072 et
1710 3016 1845 3072 illud
1896 3019 2143 3089 Apostoli

559 3112 910 3174 praestemus:
954 3105 1083 3160 Volo
1136 3124 1259 3179 ergo
1297 3107 1454 3180 155
1503 3109 1642 3163 viros
1691 3124 1846 3162 orare
1898 3110 1954 3163 in
1999 3110 2143 3164 omni

558 3195 694 3260 loco,
718 3195 949 3252 levantes
971 3214 1135 3267 puras
1163 3215 1352 3253 manus
1369 3201 1482 3253 sine
1508 3200 1592 3253 ira
1618 3213 1672 3253 et
1694 3201 2075 3270 disceptatione
2096 3201 2139 3256 ⁸.

560 3282 616 3339 Si
638 3286 776 3339 iram
805 3286 1244 3356 deposuerimus,
1268 3288 1433 3344 simul
1456 3297 1511 3342 et
1534 3288 1778 3343 velamen
1803 3287 2140 3356 auferemus;

557 3376 836 3442 similiter,
867 3379 911 3432 si
940 3394 1132 3435 omnes
1158 3379 1326 3435 animi
1369 3379 1702 3438 affectiones.
1734 3381 1915 3436 Donec
1958 3394 2143 3436 autem

558 3468 646 3522 ha:
687 3479 817 3526 sunt
863 3471 920 3526 in
979 3466 1158 3529 mente
1212 3481 1266 3528 et
1314 3473 1643 3545 cogitatione
1676 3482 1885 3539 nostra,
1917 3472 2144 3528 internae

2247 2300 2512 2364 ἐπιτιθείς
2552 2318 2646 2355 σου
2675 2299 2755 2370 τῷ
2784 2295 3061 2369 προσώπῳ
3088 2292 3176 2346 διὰ
3198 2291 3308 2345 τῶν
3340 2290 3440 2359 τῆς
3468 2287 3713 2359 ἀτιμίας,
3741 2283 3838 2341 καὶ

2244 2391 2352 2446 τῶν
2394 2393 2495 2464 τῆς
2528 2391 2790 2462 αἰσχύνης
2828 2388 3036 2459 ἔργων,
3075 2384 3238 2448 αὐτὸς
3271 2382 3479 2454 ἐργάσῃ
3510 2379 3604 2433 καὶ
3643 2377 3704 2431 τὸ
3738 2391 3841 2431 πε-

2252 2482 2595 2555 ριαιρεθῆναι
2622 2482 2683 2535 τὸ
2717 2479 2998 2550 κάλυμμα.
3046 2475 3173 2530 Ἐὰν
3197 2471 3528 2543 ἐπιστρέψῃς
3556 2468 3690 2541 πρὸς
3719 2465 3838 2521 Κύι-

2247 2590 2382 2646 ριον,
2427 2574 2550 2627 τότε
2597 2572 2903 2644 περιαιρεῖς
2933 2568 2995 2622 τὸ
3023 2566 3307 2636 κάλυμμα,
3339 2562 3434 2616 καὶ
3470 2560 3654 2614 οὐκέτι
3683 2561 3835 2631 ἐρεῖς

2243 2665 2305 2718 τό
2323 2681 2336 2695 ⁸
2386 2662 2811 2731 Ἐπεκάλυψεν
2836 2659 2996 2731 ἡμᾶς
3031 2661 3071 2730 ἡ
3099 2658 3300 2728 ἀτιμία
3543 2646 3667 2705 Οἷον
3691 2651 3836 2723 ὀργὴ

2243 2754 2571 2825 ἐπικειμένη
2601 2755 2668 2824 τῇ
2698 2751 2842 2823 ψυχῇ
2869 2749 3025 2822 ἡμῶν
3054 2748 3197 2803 κατά
3221 2762 3390 2809 τινος,
3424 2742 3695 2796 ἐπίκειται
3729 2739 3835 2795 κά·-

2243 2842 2434 2914 λυμμα
2466 2842 2625 2914 ἡμῶν
2662 2843 2757 2896 ἐπὶ
2799 2841 2861 2895 τὸ
2890 2839 3200 2911 πρόσωπον.
3242 2834 3342 2889 Διά
3375 2831 3532 2887 τοῦτο
3590 2832 3639 2884 εί
3681 2829 3836 2884 θέλο-

2247 2951 2346 3004 μεν
2386 2935 2813 3007 προσευχόμενοι
2856 2934 3058 2986 είπεῖν·
3126 2925 3496 2998 Ἐσημειώθη
3531 2926 3626 2995 ἐφ’
3672 2918 3835 2991 ἡμᾶς·

2241 3024 2310 3080 τὸ
2335 3025 2461 3095 φῶς
2488 3026 2597 3080 τοῦ
2623 3024 2948 3094 προσώπου
2979 3038 3119 3087 σου,
3145 3021 3342 3089 Κύριε,
3373 3017 3747 3090 περιαίρωμεν
3768 3011 3833 3067 τὸ

2243 3117 2538 3188 κάλυμμα,
2604 3117 2698 3170 καὶ
2759 3116 3078 3187 ποιήσωμεν
3129 3112 3189 3165 τὸ
3239 3107 3593 3164 άποστολικὸν
3653 3109 3831 3160 ἐκεῖνο

2242 3206 2332 3261 τό*
2376 3208 2683 3276 Βούλομαι
2713 3203 2827 3260 οὖν
2854 3204 3300 3273 προσεύχεσθαι
3325 3200 3467 3267 τοὺς
3492 3197 3713 3267 ἄνδρας
3759 3198 3830 3251 ἐν

2242 3294 2420 3349 παντὶ
2446 3295 2627 3362 τόπῳ,
2663 3294 3020 3362 ἐπαίροντας
3049 3292 3262 3358 ὁσίους
3292 3290 3499 3360 χεῖρας
3531 3288 3710 3358 χωρὶς
3736 3287 3829 3355 ὁρ-

2242 3382 2355 3455 γῆς
2386 3386 2485 3439 καί
2514 3384 2938 3455 διαλογισμῶν.
2987 3383 3111 3437 Ἐὰν
3137 3381 3482 3454 περιέλωμεν
3499 3380 3601 3451 τὴν
3633 3376 3827 3449 ὀργὴν,

2243 3476 2582 3548 περιέλωμεν
2602 3477 2663 3531 τὸ
2690 3477 2969 3548 κάλυμμα·
3005 3474 3267 3537 ὡσαύτως
3297 3472 3396 3544 (7)ν
3432 3470 3526 3525 ἐὰν
3575 3469 3645 3523 τὰ
3678 3467 3826 3539 πάθη

554 3558 715 3619 faciei
739 3602 761 3628 ,
788 3563 1021 3634 principi
1063 3579 1257 3635 nempe
1284 3566 1481 3621 anima:
1510 3564 1755 3621 facultati
1816 3563 2133 3634 impositum
2163 3552 2207 3609 C
2240 3582 2250 3617 τ

2128 3585 2133 3617 ι
2163 3552 2207 3609 C
2240 3564 2439 3620 πάντα.
2474 3566 2637 3621 Ὅσον
2662 3566 2720 3620 δὲ
2743 3565 2917 3619 ταῦτά
2955 3565 3101 3618 ἐστιν
3132 3564 3190 3617 ἐν
3226 3561 3306 3633 τῷ
3335 3560 3413 3633 νῷ
3446 3559 3623 3634 ἡμῶν,
3661 3560 3719 3612 ἐν
3746 3556 3824 3629 τῷ

560 3657 649 3705 est
717 3653 960 3707 velamen
1007 3662 1063 3709 et
1109 3654 1449 3725 ignominia,
1500 3672 1571 3712 ne
1621 3656 1993 3726 splendentem
2042 3655 2140 3710 Dei

558 3739 788 3810 gloriam
821 3742 1126 3800 videamus.
1150 3742 1269 3801 Non
1305 3754 1390 3801 est
1421 3745 1564 3802 Deus
1591 3748 1684 3817 qui
1716 3748 1945 3818 gloriam
1979 3762 2139 3802 suam

556 3847 589 3888 a
630 3829 788 3889 nobis
844 3835 1153 3905 abscondit,
1197 3838 1298 3895 sed
1324 3854 1435 3896 .nos
1480 3837 1575 3910 qui
1631 3839 1872 3894 velamen
1917 3838 2138 3894 malitiae

556 3923 727 3978 menti
755 3923 1113 3995 imponimus.

632 4193 719 4251 10.
753 4197 893 4263 Quia
930 4215 1107 4253 coram
1142 4199 1251 4279 Deo
1278 4212 1456 4257 nostro
1480 4202 1806 4273 peccavimus
1834 4218 1928 4257 nos
1947 4212 1995 4257 et
2038 4219 2137 4273 pa-

555 4298 659 4345 tres
686 4290 853 4344 nostri
877 4289 920 4344 ⁸.
955 4289 1175 4347 Utinam
1209 4310 1310 4349 nos
1326 4310 1545 4365 quoque
1574 4295 1719 4351 sicut
1748 4295 1802 4348 hi
1834 4296 2132 4351 secundum

553 4393 971 4449 prosopopoeam
1029 4381 1308 4450 Propheta:
1359 4384 1702 4441 diceremus:
1771 4385 2130 4443 Peccavimus.

551 4467 674 4525 Non
719 4470 860 4525 idem
888 4478 993 4536 est,
1029 4471 1408 4540 peccavimus,
1462 4475 1608 4544 quod
1652 4490 1966 4545 peccamus.
2027 4477 2131 4544 Qui

552 4559 696 4613 enim
725 4558 904 4615 adhuc
926 4559 980 4613 in
1013 4566 1239 4629 peccato
1266 4567 1370 4622 est,
1411 4573 1479 4613 ne
1512 4560 1691 4615 dicat:
1734 4561 2128 4631 Peccavimus;

551 4648 644 4717 qui
670 4663 797 4703 vero
823 4660 979 4705 antea
1009 4649 1275 4719 peccavit,
1311 4661 1366 4704 et
1397 4648 1708 4720 diligentem
1752 4652 2127 4719 paenitentiam

551 4740 687 4811 egit,
716 4740 767 4795 is
794 4741 960 4806 dicat,
983 4741 1336 4797 Peccavimus
1365 4758 1382 4807 ;
1415 4740 1873 4810 quemadmodum
1909 4752 1964 4799 et
1987 4746 2130 4814 apud

556 4829 828 4886 Dauielem
853 4832 1053 4900 scripta
1082 4842 1168 4888 est
1210 4831 1484 4889 confessio
1528 4846 1717 4885 eorum
1769 4834 1863 4902 qui
1904 4850 2132 4905 peccare

551 4921 853 4988 desierunt,
886 4930 941 4976 et
965 4922 1190 4979 dicunt:
1232 4924 1595 4986 Peccavimus,
1626 4923 1960 4994 iniquitatem
1995 4927 2127 4997 feci-

549 5030 670 5070 mus
701 5014 782 5082 “;
832 5020 889 5069 et
921 5015 975 5068 in
1021 5013 1284 5071 Psalmis:
1324 5015 1408 5069 Ne
1446 5016 1745 5070 memineris
1785 5017 2127 5089 iniquitatum

552 5117 856 5164 nostrarum
885 5107 1227 5178 antiquarum
1265 5108 1331 5176 ¹¹,
1361 5108 1439 5163 ait
1470 5107 1764 5179 Propheta.
1793 5107 1861 5164 Et
1897 5125 1998 5166 nos
2022 5111 2126 5165 ita-

625 5225 647 5257 '
681 5222 851 5278 Exod.
889 5239 1074 5291 xxxrv,
1101 5225 1196 5282 34.

553 5309 761 5349 uxvm
780 5335 797 5359 ,
845 5295 899 5348 8.

622 5409 700 5483 (ξ)
907 5410 1054 5483 _Vat.,
1088 5410 1183 5483 καὶ
1203 5411 1564 5483 ἐπεκάλυψεν.

624 5478 703 5550 (Ξ)
741 5480 875 5552 σοι.
901 5479 1133 5552 Scorial.
1159 5491 1281 5552 post
1306 5498 1438 5552 ποτε
1459 5478 1612 5540 addit
1637 5482 1815 5537 τοῦτο.

737 5549 871 5627 βοά.
915 5551 1061 5627 _Va_t:,
1094 5548 1280 5627 τοῦ
1302 5551 1452 5627 λαοῦ.

625 5616 703 5686 (4)
744 5618 800 5671 In
831 5620 957 5675 cod.
992 5616 1294 5677 vat.‘deest
1311 5624 1453 5676 τότε.

627 5685 707 5757 (5)
748 5687 823 5742 Ita
845 5690 967 5744 cod.
986 5691 1479 5763 _Scorial._etVa_t.,
1517 5702 1573 5747 at
1602 5692 1908 5763 Ghislerius
1938 5693 2125 5763 legen-

555 5755 682 5832 dum
714 5761 1011 5832 puta_t,_ual.
1031 5761 1152 5832 οὐχ).
1177 5755 1611 5832 ὀΘεός.γΙὶ)ἰιΙειιι
1649 5764 1770 5818 cod.
1826 5760 1947 5817 Vat.
1987 5755 2128 5832 post

552 5824 771 5883 ἐκέλευε
791 5827 972 5884 addit:
992 5824 1214 5901 περίθου
1232 5831 1294 5885 τὸ
1315 5831 1600 5905 κάλυμμα,
1621 5844 1672 5889 et
1692 5849 1838 5900 mox,
1860 5849 1959 5905 pro
1986 5824 2126 5904 πρὸς

1304 5224 1493 5283 ‘Psal.
1524 5241 1598 5294 tv,
1636 5225 1686 5282 7.
1763 5227 1786 5260 ³
1848 5226 2037 5283 lTim.
2088 5247 2153 5297 ιι,
2210 5230 2267 5287 8.

2242 3656 2489 3728 λογισμῷ
2527 3655 2706 3729 ἡμῶν,
2748 3658 3018 3711 ἐπίκειται
3062 3656 3141 3729 τῷ
3182 3654 3329 3709 ἔνδον
3370 3651 3647 3726 προσώπῳ
3696 3652 3828 3720 i175—

2246 3748 2450 3820 μονικῷ
2481 3746 2555 3820 (8)
2585 3748 2746 3820 ἡμῶν
2776 3748 2839 3802 τὸ
2866 3747 3129 3819 κάλυμμα
3166 3745 3261 3800 καὶ
3302 3745 3337 3815 ἡ
3373 3742 3567 3812 ἀτιμία
3612 3737 3709 3794 τοῦ
3747 3743 3821 3807 μὴ

2244 3835 2462 3906 βλέπειν
2499 3838 2647 3907 ἡμᾶς
2688 3837 2789 3908 τὴν
2824 3835 2982 3902 δόξαν
3022 3834 3115 3889 τοῦ
3159 3834 3299 3888 Θεοῦ
3325 3832 3671 3903 λάμπουσαν.
3708 3826 3824 3885 Οὐκ

2240 3930 2387 3983 ἐστιν
2429 3930 2460 3983 6
2501 3930 2632 3994 Θεὸς
2687 3932 2717 3983 6
2753 3930 3124 4002 ἀποκρύπτων
3166 3924 3331 3983 αὑτοῦ
3369 3925 3468 3997 τὴν
3517 3923 3674 3989 δόξαν
3728 3922 3822 3990 ἀφ“

2240 4020 2417 4092 ἡμῶν,
2446 4019 2560 4074 ἀλλ’
2603 4022 2735 4092 ἡμῖν
2760 4021 2821 4075 τὸ
2854 4020 3121 4092 κάλυμμα
3140 4019 3250 4074 ἀπὸ
3274 4019 3372 4090 τῆς
3402 4017 3600 4080 κακίας
3640 4016 3820 4073 ἐπιτει-

2244 4112 2430 4177 Θέντες
2455 4110 2531 4186 (9)
2548 4111 2625 4183 τῷ
2648 4111 2981 4184 ἡγεμονικῷ.

2308 4203 2464 4258 Διότι
2490 4201 2695 4257 ἔναντι
2722 4202 2829 4257 τοῦ
2865 4201 3013 4257 Θεοῦ
3052 4199 3224 4272 ήμῶν
3249 4198 3598 4269 ἡμάρτομεν
3619 4190 3816 4268 ἡμεῖς,

2236 4292 2338 4361 καί
2361 4296 2417 4348 οὶ
2444 4292 2699 4363 πατέρες
2737 4291 2928 4363 ἡμῶν.
2971 4291 3099 4346 Εἴθε
3131 4291 3226 4345 καί
3259 4291 3421 4361 ἡμεῖς
3449 4288 3716 4359 λέγωμεν,
3740 4285 3819 4356 ὡς

2233 4377 2379 4437 οὗτοι
2391 4383 2532 4438 κατά
2539 4385 2640 4457 τὴν
2652 4381 3093 4455 προσωποποιίαν
3109 4380 3205 4435 τοῦ
3216 4381 3519 4452 Προφήτου,
3535 4375 3818 4447 Ἠμάρτο-

2233 4489 2363 4539 μεν.
2378 4474 2453 4526 Οὐ
2468 4472 2782 4542 ταύτόν(10)
2795 4475 2910 4526 ἐστι
2938 4473 3020 4540 τὸ,
3041 4473 3377 4544 ἡμάρτομεν,
3412 4468 3489 4541 τῷ
3519 4468 3821 4540 ἁμαρτάνον

2235 4580 2333 4632 μεν
2350 4579 2363 4591 ·
2392 4562 2421 4613 6
2451 4563 2548 4633 μὲν
2569 4562 2675 4634 γὰρ
2698 4562 2777 4616 ἐτι
2801 4563 2858 4615 ἐν
2882 4563 3125 4635 ἁμαρτίᾳ
3147 4560 3244 4625 ὢν,
3278 4561 3354 4633 μὴ
3378 4560 3600 4630 λεγέτω,
3616 4558 3820 4628 Ἡμάρα

2231 4668 2397 4723 τομεν
2418 4667 2432 4681 ’
2465 4652 2493 4704 6
2520 4650 2579 4704 δὲ
2609 4652 3060 4724 προαμαρτὴσας,
3091 4649 3337 4721 ἀκριϐῶς
3357 4649 3415 4703 δὲ
3450 4647 3813 4721 μετανοήσας,

2231 4740 2456 4810 λεγέτω,
2483 4742 2849 4815 Ἦμάρτομεν,
2865 4742 2941 4805 ὼς
2968 4742 3064 4795 καὶ
3096 4743 3153 4795 ἐν
3177 4741 3254 4813 τῷ
3281 4740 3481 4813 Δανιὴλ
3502 4739 3815 4811 γέγραπται

2233 4832 2616 4905 ἐξομολόγησις
2650 4833 2758 4887 τῶν
2792 4834 2989 4906 μηκέτι
3036 4831 3482 4905 ἁμαρτανόντων,
3513 4831 3809 4901 λεγόντων·

2246 4923 3049 4995 ⁸Ημάρτομεν,ἡνομήσαμεν·
3077 4926 3173 4981 καὶ
3197 4926 3254 4979 ἐν
3268 4924 3538 4995 Ψαλμοῖς
3554 4921 3652 4991 Μὴ
3662 4937 3815 4992 μνη-ι

2232 5016 2392 5086 σθῇς
2424 5017 2594 5087 ἡμῶν
2623 5015 2885 5086 ἀνομιῶν
2917 5018 3201 5088 ἀρχαίων,
3243 5016 3410 5089 φησὶν
3436 5018 3465 5069 6
3491 5016 3809 5088 Προφήτης.

2231 5112 2343 5166 Καὶ⁹
2369 5112 2532 5182 ἡμεῖς
2551 5104 2644 5164 οὖν
2677 5108 3199 5182 ἐξομολογησώμεθα
3239 5111 3337 5174 τὰς
3369 5108 3664 5180 ἁμαρτίας,
3696 5105 3811 5161 εἴθε

2377 5227 2627 5285 'Jerem.
2686 5245 2784 5295 ιιι,
2831 5230 2922 5285 25.
3029 5230 3074 5263 "
3109 5228 3244 5284 Dan.
3277 5244 3352 5294 Ix,
3401 5228 3455 5284 5.
3568 5228 3609 5259 “
3658 5223 3806 5285 Ρδιι.

2237 5408 2489 5484 Nepai).
2515 5408 2683 5484 habet
2702 5407 2779 5481 τῷ
2803 5411 3029 5484 Μωῦσῇ·

2302 5480 2380 5553 (6)
2417 5481 2551 5553 βοά.
2580 5479 2728 5553 νειμ
2751 5479 3064 5553 περιέμενε.

2303 5549 2381 5622 (7)
2423 5550 2480 5622 ιιι
2505 5552 2632 5622 cod.
2659 5549 2780 5606 Vat.

2305 5619 2379 5691 (8)
2421 5621 2557 5676 Cod.
2587 5619 2737 5691 γει,
2782 5621 2860 5689 τῷ
2885 5620 3214 5691 ἡγεμονικῷ.

2326 5688 2380 5755 9)
2417 5692 2552 5744 Cod.
2587 5688 2767 5755 Scor.,
2796 5688 3161 5752 ἀποτιθέντες.

2326 5693 2380 5759 9)
2417 5693 2552 5744 Cod.
2587 5693 2767 5755 Scor.,
2796 5693 3161 5752 ἀποτιθέντες.

2304 5693 2418 5834 ξω)
2457 5759 2591 5816 Cod.
2627 5758 2750 5815 Vat.
2783 5761 2946 5825 male,
2979 5760 3078 5814 οὐκ
3101 5759 3286 5817 αὐτόν.

2850 5549 2984 5616 eest,
3014 5549 3296 5614 ὡσαύτως.
