4296 6288
379 377 488 432 309
1588 370 1654 424 ΙΝ
1692 369 2037 425 JEKEMIAM

1942 370 2037 423 AM
2076 369 2364 426 HOMILIA
2404 372 2469 426 ν.
3530 370 3590 425 3i
3604 370 3634 423 0

386 492 465 562 μὴ
510 489 715 561 latnt.
744 489 855 543 εἴθε
900 488 975 560 μὴ
1003 486 1379 561 τριημερινὰς,
1416 486 1529 541 ἀλλ’
1559 486 1670 539 εἴθε
1704 484 1952 557 ἐξομολο-
1984 492 2027 547 Α
2055 500 2082 554 q

1934 515 1952 524 -
1984 492 2027 547 Α
2055 500 2161 554 que
2188 486 2547 542 conﬁteamur
2569 495 2808 557 peccata,
2850 487 3056 540 utinam
3094 500 3198 540 non
3235 485 3491 539 hesterno
3520 485 3630 551 die,

389 578 642 649 γοὺμενοι
683 576 1208 650 ἐξομολογησὼμεθα
1248 578 1375 648 περὶ
1407 577 1816 647 ἁμαρτημάτων
1857 574 1963 646 πρὸ
2066 591 2083 628 t

1939 574 1963 627 δ
2066 590 2171 629 non
2225 585 2351 630 ante
2412 576 2722 632 hesternum
2766 576 3083 642 commissa,
3115 575 3210 630 sed
3244 585 3461 645 peccata
3509 586 3635 630 ante

390 670 545 722 πέντε
564 672 654 724 καὶ
667 669 797 723 δέκα
813 669 948 723 ἐτῶν
970 669 1369 740 γεγενημένων,
1384 666 1461 737 τῷ
1482 666 1673 737 μηκέτι
1691 664 1964 736 (ηαμαρο
2063 681 2086 718 a

1937 694 1964 705 -
2063 681 2236 720 annos
2268 667 2455 722 decem
2488 677 2543 722 et
2574 668 2816 738 quinque
2848 676 3079 738 patrata,
3115 666 3263 721 nulla
3303 682 3371 721 ex
3400 681 3466 721 eo
3494 675 3633 722 tem-

386 761 503 814 τίαν
524 760 666 831 ἔχειν
697 762 816 832 μετ’
850 762 1034 815 ἐκεῖνα
1067 761 1157 814 ἐπὶ
1191 760 1352 812 πέντε
1384 759 1478 812 καὶ
1504 758 1634 811 δέκα
1665 755 1779 827 ἐτη.
1814 756 1876 808 Εἰ
1903 755 1961 808 δὲ
2060 772 2082 825 ι

1940 755 1961 808 ὲ
2060 772 2192 825 pore
2223 757 2511 827 iniquitate
2561 759 2828 815 admissa.
2865 758 2960 813 Sin
3007 766 3188 814 autem
3222 757 3342 812 beri
3390 758 3636 826 peccavi-

383 851 501 923 χθὲς
513 851 858 922 ἡμάρτομεν,
875 849 1025 904 οὔπω
1038 850 1111 922 (2)
1124 848 1422 917 ἀξιόπιστοι
1438 851 1601 919 ἐσμεν
1614 848 1961 919 ἐξομολογούο
2062 863 2079 900 l‘

1942 877 1961 891 ο
2062 863 2202 911 mus,
2235 848 2301 903 de
2344 848 2726 923 iniquitatibus
2766 851 2973 906 nostris
3023 849 3366 910 confitentes,
3392 849 3630 902 nondum

384 941 685 1014 pavot'mpi
704 942 813 995 τῶν
835 943 1248 1014 ἁμαρτημάτων
1269 941 1424 1013 ἡμῶν
1443 957 1456 970 ·
1482 940 1604 993 οὐδέ
1632 938 1814 1011 χῶραν
1843 938 1959 1009 ἔχει
2061 934 2080 988 ί

1941 955 1959 992 ι
2061 934 2163 988 ﬁde
2191 935 2340 1007 digni
2370 952 2584 1002 sumus,
2617 952 2793 1007 neque
2835 938 3013 993 locum
3051 936 3213 992 habet
3249 935 3443 991 borum
3475 938 3631 991 venia

374 1030 774 1104 απαλειφθῆναι
819 1033 886 1086 τὰ
932 1034 1304 1105 ἁμαρτήματα
1348 1030 1505 1103 ἡμῶν
1549 1030 1741 1084 ταῦτα.
1802 1030 1956 1083 Διότι
2057 1044 2070 1094 ι

1939 1048 1956 1082 ι
2057 1035 2425 1094 peccatorum.
2476 1028 2741 1094 Quoniam
2774 1029 3103 1098 peccavimus
3141 1043 3238 1082 nos
3269 1036 3319 1081 et
3339 1038 3515 1096 patres
3540 1043 3635 1082 no-

376 1122 722 1193 ἠμάρτομεν
762 1122 934 1191 ἡμεῖς
965 1123 1063 1177 καὶ
1096 1126 1149 1177 οἱ
1193 1124 1446 1192 πατέρες
1480 1120 1651 1191 ἡμῶν
1681 1119 1800 1174 ἀπὸ
1836 1121 1959 1173 νεό-
2056 1135 2072 1171 ι

1937 1122 1959 1160 '-
2056 1119 2155 1171 εινὶ
2185 1118 2249 1174 ab
2292 1119 2646 1174 adolescentia
2677 1129 2861 1174 nostra
2896 1136 3056 1186 usque
3090 1120 3146 1172 in
3183 1119 3323 1172 diem
3360 1118 3515 1173 hanc.
3544 1119 3633 1173 illa

371 1228 550 1279 τητος
579 1212 750 1281 ἡμῶν
785 1212 894 1277 ἓως
930 1211 1043 1279 τῆς
1070 1213 1295 1280 ἡμέρας
1321 1212 1564 1278 ταύτης.
1610 1210 1823 1262 Ἐκεῖνα
1860 1207 1958 1278 μὲν
2056 1224 2067 1261 ι

1937 1227 1958 1260 ν
2056 1208 2276 1277 quidem
2307 1208 2445 1265 alias
2466 1208 2610 1264 dicta
2647 1211 2756 1266 sint
2787 1211 2853 1265 ad
2884 1209 3207 1265 tradendum
3240 1209 3459 1281 optimae
3497 1224 3633 1263 con-

372 1303 554 1366 ἄλλως
584 1301 820 1373 λελέχθω
852 1304 933 1364 εἰς
959 1301 1306 1355 διδασκαλίαν
1328 1301 1428 1370 τῆς
1455 1301 1579 1372 περὶ
1604 1299 1805 1373 τρόπου
1838 1297 1957 1369 ἀρί-
2056 1296 2068 1349 1

1938 1328 1957 1337 -
2056 1294 2313 1352 fessionis
2359 1297 2624 1366 modum;
2671 1299 2785 1354 lucc
2815 1306 2994 1353 autem
3031 1306 3160 1353 sunt
3186 1298 3458 1353 diuturnae
3510 1313 3634 1368 pec-

374 1411 501 1446 στου
533 1393 989 1465 ἐξομολογήσεως.
1025 1391 1212 1445 Ταῦτα
1235 1392 1292 1444 δέ
1321 1393 1436 1443 ἐστι
1457 1390 1758 1461 κατηγορία
1775 1389 1866 1442 τοῦ
1891 1392 1956 1442 ἐκ
2056 1404 2070 1442 t

1936 1406 1956 1442 ι
2056 1387 2213 1442 eandi
2260 1388 2607 1445 assiduitatis
2638 1391 2955 1445 accusatio:
3014 1389 3092 1444 Ab
3122 1389 3494 1451 adolescentia,
3549 1389 3632 1443 in-

373 1482 567 1536 πολλοῦ
590 1484 940 1554 ἁμαρτάνειν·
987 1480 1119 1535 Ἀπὸ
1146 1482 1444 1548 νεότητος,
1472 1482 1661 1551 φησιν,
1707 1479 1817 1544 ἕως
1844 1477 1954 1546 τῆς
2053 1496 2069 1532 t

1937 1499 1954 1544 τ
2053 1478 2190 1547 quit,
2228 1494 2391 1548 usque
2413 1480 2468 1532 in
2493 1478 2632 1532 diem
2654 1480 2808 1546 lianc,
2832 1489 2881 1534 et
2909 1496 3011 1535 non
3039 1479 3364 1534 obedivimus
3390 1480 3500 1533 voei
3530 1478 3633 1533 Do-

374 1576 594 1644 γζμέρας
622 1576 861 1643 ταύτης,
877 1574 975 1627 καὶ
1006 1576 1117 1643 οὐχ
1152 1573 1586 1641 ὑπηκούσαμεν
1616 1572 1690 1641 (ὅ)
1709 1569 1813 1638 τῆς
1836 1588 1953 1640 55w-
2054 1586 2070 1621 ι

1932 1599 1953 1609 -
2054 1571 2183 1623 mini
2208 1568 2308 1624 Dei
2333 1570 2525 1635 nostri,
2554 1571 2986 1640 peccavimus,et
3015 1570 3083 1625 ad
3113 1571 3255 1625 banc
3285 1585 3458 1640 usque
3487 1569 3628 1624 diem

372 1664 488 1733 γῆς
516 1667 737 1734 Κυρίου
779 1666 884 1719 τοῦ
937 1664 1084 1719 Θεοῦ
1127 1662 1325 1734 ἡμῶν
1355 1662 1700 1735 ἡμάρτομεν,
1730 1662 1825 1715 καὶ
1851 1660 1950 1731 οὐχ
2051 1679 2068 1717 ι

1930 1678 1950 1729 ί
2051 1678 2158 1717 non
2209 1663 2568 1719 obedivimus.
2605 1661 2807 1737 Deinde
2861 1663 3241 1733 resipiscentes
3304 1671 3359 1716 et
3415 1661 3626 1715 initium

373 1753 757 1825 ὑπηκούσαμεν
778 1753 882 1817 ἕως
903 1752 998 1817 ,τοῦ
1023 1753 1308 1825 παρόντος.
1338 1749 1471 1805 Εἶτα
1503 1750 1946 1824 ἐπιστρέψαντες,
2050 1769 2069 1806 (

1932 1790 1946 1813 ,
2050 1754 2423 1809 conversionis
2483 1752 2743 1808 habentes
2785 1754 2970 1807 aiunt:
3031 1751 3373 1806 Peccavimus
3399 1790 3414 1814 ,
3446 1760 3628 1805 etnon

370 1845 464 1898 καὶ
504 1844 676 1916 ἀρχὴν
709 1844 935 1915 ἔχοντες
962 1844 1315 1915 ἐπιστροφῆς,
1354 1843 1575 1908 λέγουσι
1592 1842 1685 1896 τό’
1736 1840 1949 1910 Ἦμάρ-
1983 1900 2018 1916 ἢ
2050 1861 2066 1896 ι

1930 1870 1949 1880 -
1983 1900 2018 1916 ἢ
2050 1845 2390 1898 obedivimus.
2437 1842 2627 1913 Neque
2655 1846 2801 1900 enim
2827 1844 2993 1903 simul
3019 1859 3084 1899 ac.
3098 1844 3319 1900 obedire
3356 1843 3626 1907 volumus,

368 1952 563 2005 ταμεν,
593 1938 689 1991 καὶ
720 1939 831 2006 οὐχ
860 1939 1309 2006 ὑπηκούσαμεν.
1332 1935 1463 1990 Οὐδὲ
1485 1936 1593 2006 γὰρ
1615 1936 1730 2005 ἃμα
1743 1933 1821 2004 τῷ
1843 1932 1934 1985 θέ-
1978 1900 2019 1955 Β
2052 1952 2064 1988 t

1933 1963 1934 1971 ι
1978 1900 2019 1955 Β
2052 1934 2312 1989 continuo
2342 1933 2650 1989 obedimus.
2692 1934 2903 1991 Etenim
2939 1944 3180 2005 tempore
3203 1950 3342 2005 opus
3375 1942 3458 1988 est
3488 1934 3629 1988 sicut

365 2026 477 2082 λειν
494 2030 818 2094 ὑπακοῦσαι,
850 2031 1046 2093 εὐθέως
1066 2030 1141 2098 (Ii)
1167 2028 1534 2099 ὑπακούομεν·
1566 2027 1660 2080 καὶ
1689 2025 1797 2096 γὰρ
1825 2026 1947 2077 ἐπι·
2054 2025 2061 2076 i

1928 2053 1947 2064 -
2054 2025 2106 2077 in
2141 2025 2457 2081 vulneribus
2481 2026 2547 2080 ad
2581 2027 2944 2092 curationem,
2976 2027 3058 2082 sic
3083 2037 3138 2081 et
3164 2028 3221 2083 in
3248 2026 3624 2089 conversione,

365 2123 560 2192 χρόνου
587 2122 669 2176 δεῖ
687 2122 875 2192 ὥσπερ
898 2121 991 2174 ἐπὶ
1016 2121 1122 2173 τῶν
1142 2121 1472 2192 τραυμάτων
1499 2117 1635 2187 πρὸς
1656 2117 1755 2186 τὴν
1781 2115 1944 2181 ἴασιν,
2055 2132 2061 2166 ι

1699 2117 1755 2186 ὴν
1781 2115 1944 2181 ἴασιν,
2055 2125 2112 2171 ιιι
2152 2116 2389 2186 perfecte
2412 2133 2474 2173 ac
2504 2134 2638 2188 pure
2674 2118 2743 2173 ad
2777 2117 2948 2173 Deum
2972 2118 3259 2174 conversio
3283 2118 3395 2173 ﬁat.

363 2214 541 2275 οὕτως
567 2216 663 2266 καὶ
694 2214 786 2266 ἐπὶ
826 2214 924 2283 τῆς
953 2213 1285 2284 ἐπιστροφῆς
1324 2213 1459 2284 πρὸς
1495 2210 1556 2263 τὸ
1599 2207 1819 2272 τελείως
1853 2210 1946 2262 καὶ
1984 2209 2240 2281 καθαρῶς
2263 2210 2583 2284 ἐπιστρέψαι
2612 2211 2751 2284 πρὸς
2779 2212 2870 2266 τὸν
2899 2211 3050 2266 Θεόν.

451 2299 577 2357 Ἐπὶ
607 2304 813 2367 τούτοις
841 2305 968 2377 περ).
996 2304 1090 2357 τοῦ
1140 2303 1354 2377 Ἰσραὴλ
1379 2302 1526 2371 λέγει
1553 2304 1581 2355 ὁ
1612 2291 1764 2364 Θεὸς·
1808 2302 1950 2355 Ἐὰν
2125 2302 2147 2356 1

1926 2318 1950 2347 ν·
2125 2302 2212 2356 ll.
2255 2301 2388 2358 Post
2419 2305 2535 2359 haec
2561 2305 2627 2360 de
2656 2304 2824 2359 Israel
2883 2305 3014 2360 dicit
3044 2304 3223 2363 Deus:
3253 2303 3314 2361 Si
3348 2320 3622 2362 conversus

363 2393 706 2465 ἐπιστραφῇ
721 2397 965 2464 Ἰσραὴλ
982 2395 1131 2464 πρός
1142 2411 1237 2463 με,
1259 2392 1422 2463 λέγει
1441 2392 1675 2460 Κύριος,
1695 2390 1791 2445 καί
1815 2391 1946 2443 ἐπι·
2048 2407 2059 2460 λ

1925 2418 1946 2430 -
2048 2391 2209 2460 fuerit
2234 2391 2408 2447 Israel
2431 2395 2501 2451 ad
2528 2411 2629 2462 me,
2657 2396 2785 2450 dicit
2828 2395 3114 2460 Dominus,
3166 2397 3329 2451 etiam
3354 2409 3621 2451 converte-

363 2484 792 2555 στραφήσεται,
813 2487 1114 2552 τουτέστιν,
1140 2485 1236 2539 ἐὰν
1257 2484 1477 2548 τελείως
1501 2481 1804 2553 ἐπιστρέψῃ
1843 2481 1942 2553 (5),
2047 2492 2059 2535 t

1927 2519 1942 2544 ,
2047 2491 2153 2536 tur.
2202 2482 2318 2539 Hoc
2367 2495 2470 2551 est,
2526 2488 2573 2541 si
2630 2486 2870 2559 perfecte
2896 2502 3197 2544 conversus
3243 2487 3425 2553 fuerit,
3453 2488 3616 2544 etiam

362 2578 452 2630 καὶ
471 2579 936 2650 ἐπιστραφήσεται
975 2579 1301 2648 ἐπιστροφῇ,
1338 2575 1502 2628 οἱονεὶ
1553 2573 1785 2646 ἄρξηται
1821 2572 1938 2624 ἐπι·
2043 2589 2058 2626 t

1922 2599 1938 2611 -
2043 2575 2404 2631 conversione
2452 2587 2822 2645 convertetur,
2863 2580 3022 2649 quasi
3077 2581 3319 2635 converti
3376 2581 3618 2652 incipiat.

363 2667 632 2739 στρέφειν.
662 2664 797 2723 Εἶτά
834 2684 1000 2740 φησι·
1033 2668 1142 2722 Καὶ
1181 2667 1290 2721 ἐὰν
1318 2664 1561 2734 περιέλῃ
1606 2662 1679 2716 τὰ
1710 2661 1936 2727 ,βδελύ-
2041 2663 2059 2716 Ι

1928 2690 1936 2701 -
2041 2663 2246 2721 Deinde
2270 2666 2468 2723 aitzEt
2483 2669 2531 2723 si
2559 2671 2841 2725 abstulerit
2869 2670 3284 2735 abominationes
3312 2689 3438 2727 suas
3464 2672 3624 2745 156

360 2777 549 2829 wares
592 2760 777 2815 αὐτοῦ
818 2761 888 2815 ἐκ
926 2758 1033 2815 τοῦ
1081 2760 1379 2828 στόματος
1416 2754 1625 2819 αὑτοῦ,
1673 2753 1772 2807 καὶ
1817 2751 1937 2806 ἀπὸ
2039 2770 2056 2806 ι

1926 2751 1937 2803 5
2039 2754 2104 2810 de
2135 2773 2225 2811 ore
2246 2774 2363 2826 suo,
2387 2770 2435 2813 et
2461 2777 2495 2814 a
2520 2760 2656 2829 facie
2678 2778 2793 2815 mea
2815 2764 3068 2817 reveritus
3105 2763 3298 2833 fuerit,
3324 2773 3374 2818 et
3400 2764 3622 2834 jureve-

359 2854 679 2920 προσώπου
706 2870 826 2921 μου
861 2849 1182 2919 εὐλαϐηθῄ
1211 2850 1306 2903 καὶ
1341 2849 1559 2918 ὀμόσῃο
1593 2844 1682 2914 Ζῇ
1723 2846 1937 2913 Κύριος
2039 2863 2055 2901 ι

1923 2864 1937 2908 τ
2039 2848 2132 2913 rit,
2178 2846 2309 2903 Vivit
2336 2849 2612 2916 Dominus,
2639 2853 2693 2905 iu
2732 2854 2970 2919 veritate,
2990 2864 3040 2908 et
3065 2854 3116 2908 in
3133 2854 3363 2924 judicio,
3390 2865 3437 2908 et
3460 2854 3619 2924 inju-

357 2942 426 2995 ἐν
455 2944 725 3010 ἀληθείᾳ,
756 2944 851 2997 καὶ
879 2943 949 2996 ἐν
978 2943 1171 3011 κρίσει
1200 2941 1295 2995 καὶ
1324 2940 1394 2993 ἐν
1427 2938 1801 3006 δικαιοσύνῃ·
1836 2937 1934 2991 καὶ
2037 2952 2053 2991 t

1917 2937 1934 2991 ὶ
2037 2937 2306 3003 stitia;et
2346 2940 2647 2996 benedicent
2670 2943 2724 2996 in
2757 2959 2815 2997 eo
2852 2953 3048 3014 gentes.
3097 2944 3155 2999 Si
3207 2945 3323 3001 haec
3365 2944 3613 3013 fecerint,

356 3033 658 3105 εὐλογήσο
666 3036 880 3089 υσινὲν
891 3034 1048 3100 αὐτῷ
1062 3034 1226 3102 ἔθνη.
1249 3032 1324 3103 (6)
1341 3031 1464 3085 Ἐὰν
1480 3030 1603 3084 τάδε
1618 3030 1936 3099 ποιήσωσιν,
2042 3028 2052 3083 J

1920 3065 1936 3094 ,
2042 3028 2365 3086 beanedieent
2391 3033 2447 3087 in
2480 3050 2547 3090 eo
2577 3044 2786 3105 gentes.
2823 3036 3082 3102 Quaenam
3131 3052 3291 3107 porro
3326 3046 3455 3093 sunt
3502 3038 3616 3093 hac

359 3124 735 3195 εὖλογήσουσιν
770 3126 828 3178 ἐν
856 3124 1004 3195 αὐτῷ
1032 3123 1185 3195 ἔθνη.
1218 3123 1350 3176 Τίνα
1371 3122 1429 3176 δὲ
1452 3121 1579 3175 τάδε
1610 3121 1930 3190 ποιήσωσιν,
1959 3116 2003 3177 C
2035 3134 2055 3174 ί

1915 3159 1930 3184 ,
1959 3116 2003 3177 C
2035 3134 2159 3189 quae
2182 3121 2362 3177 facere
2385 3124 2637 3192 debeant,
2667 3134 2728 3180 ut
2756 3125 3079 3183 benedicant
3100 3127 3153 3182 in
3191 3143 3256 3184 eo
3279 3129 3501 3201 gentes?
3549 3128 3611 3185 Si

360 3214 446 3268 ἵνα
490 3215 853 3286 εὐλογήσωσιν
897 3218 955 3271 ἐν
986 3214 1133 3286 αὐτῷ
1183 3214 1344 3286 έθνης
1399 3213 1534 3267 Ἐὰν
1575 3212 1825 3282 περιέλῃ
1858 3211 1932 3266 τὰ
2031 3230 2056 3266 a

1916 3212 1932 3266 ι
2031 3213 2311 3270 abstulerit
2337 3215 2751 3274 abominationes
2780 3223 2845 3276 de
2866 3239 2955 3277 ore
2983 3238 3098 3276 suo.
3142 3219 3285 3288 Quid
3317 3233 3494 3277 autem
3528 3232 3612 3277 est

354 3305 743 3377 ,ϐδελύγματα
781 3309 967 3362 αὐτοῦ
1007 3309 1076 3362 ἐκ
1114 3304 1220 3360 τοῦ
1265 3305 1563 3374 στόματος
1606 3302 1815 3358 αὑτοῦ.
1864 3301 1930 3354 Τί
2029 3318 2050 3358 a

1915 3301 1930 3354 ί
2029 3303 2246 3361 auferre
2268 3306 2705 3366 abominationes
2725 3312 2792 3367 de
2815 3328 2911 3367 ore
2937 3312 3080 3368 suo?
3098 3311 3453 3383 Quaecunque
3473 3313 3611 3368 utale

356 3394 413 3447 δὲ
439 3396 499 3450 τὸ
540 3396 809 3468 περιελεῖν
844 3398 913 3452 τὰ
941 3397 1285 3468 βδελύγματα
1323 3396 1388 3449 ἐκ
1420 3393 1514 3447 τοῦ
1543 3392 1807 3465 στόματος
1835 3391 1933 3445 αὐ-
2030 3392 2052 3449 ti

1915 3420 1933 3431 -
2030 3392 2288 3458 dicimus.
2322 3396 2758 3457 abominationes
2787 3402 2987 3457 suntin
3018 3417 3112 3459 ore
3140 3412 3352 3460 nostro.
3380 3403 3611 3461 Aufeia-

355 3487 483 3550 τοῦς
517 3485 594 3559 (7)
615 3489 754 3542 Ὅσα
770 3488 955 3553 κακῶς
968 3488 1215 3560 λέγομεν,
1233 3486 1576 3558 βδελύγματὰ
1605 3487 1742 3539 εἰσιν
1770 3485 1828 3538 ἐν
1853 3481 1930 3554 τῷ
2029 3497 2051 3536 ῐ

1913 3481 1930 3535 3
2029 3497 2154 3537 mus
2183 3483 2348 3554 igitur
2370 3488 2809 3545 abominationes
2841 3493 2908 3546 de
2938 3508 3035 3547 ore
3059 3503 3275 3558 nostro,
3313 3493 3609 3550 auferendo

357 3578 583 3650 στόματι
609 3581 642 3651 ή
652 3580 787 3651 μῶν.
822 3580 1168 3652 Περιέλωμεν
1191 3580 1366 3635 τοίνυν
1398 3579 1467 3632 τὰ
1493 3576 1838 3648 βδελύγματα
1866 3579 1932 3630 ἐκ
2030 3571 2053 3628 d

1910 3593 1932 3628 ι
2030 3571 2422 3641 detractiones.
2453 3580 2617 3647 verba
2653 3579 2859 3649 inania,
2897 3583 3095 3649 otiosa,
3131 3599 3199 3639 ex
3235 3584 3435 3654 quibus
3458 3583 3606 3638 futu-

354 3670 447 3722 τοῦ
486 3671 755 3742 στόματος
800 3671 978 3744 ἡμῶν,
1024 3671 1433 3745 περιαιροῦντες
1464 3668 1813 3733 καταλαλιάς,
1841 3668 1930 3721 λό-
2029 3680 2050 3719 t

1908 3699 1930 3709 —
2029 3680 2152 3720 rum
2182 3676 2266 3722 est
2291 3678 2347 3722 ut
2374 3668 2432 3723 in
2458 3670 2546 3726 die
2569 3672 2760 3741 judicii
2799 3675 2877 3729 rei
2912 3675 3104 3731 simus.
3146 3675 3232 3731 Ea:
3259 3676 3426 3731 verbis
3466 3676 3604 3730 enim

354 3776 481 3828 γους
516 3762 799 3835 ματαίους,
833 3763 1054 3833 ἀργοὺς,
1091 3762 1185 3816 καὶ
1235 3759 1527 3832 μέλλοντας
1565 3758 1713 3830 ἡμᾶς
1755 3759 1930 3811 ποιεῖν
2032 3764 2049 3809 ι

1905 3774 1930 3811 ν
2032 3757 2136 3811 tuis
2152 3757 2556 3829 justiﬁcaberis,
2592 3774 2643 3818 et
2667 3779 2733 3817 ea:
2752 3766 2924 3821 verbis
2952 3766 3064 3820 tuis
3088 3765 3514 3823 condemnaberis
3540 3767 3601 3822 ι⁸.

354 3852 702 3920 ἐγκαλεῖσθαι
731 3856 788 3908 ἐν
807 3854 992 3926 ἡμέρᾳ¹
1017 3853 1276 3925 κρίσεως,
1334 3854 1431 3907 Ἐκ
1458 3852 1568 3924 γὰρ
1590 3850 1708 3905 τῶν
1733 3852 1932 3921 λόγων
2031 3846 2050 3898 ξ

1909 3868 1932 3897 ν’
2031 3846 2088 3900 Si
2127 3848 2290 3919 igitur
2330 3852 2582 3909 volumus
2610 3863 2671 3909 ut
2697 3857 2978 3927 contingat
2997 3857 3156 3911 nobis
3196 3856 3362 3911 illud:
3411 3854 3478 3913 Et
3519 3857 3605 3911 be-

352 3960 469 3998 σου
533 3943 921 4013 δικαιωθήσῃ,
975 3945 1051 4016 (8)
1093 3944 1192 3998 καὶ
1246 3946 1317 3998 ἐκ
1374 3942 1492 3998 τῶν
1528 3943 1728 4012 λόγων
1811 3953 1929 3995 σου
2028 3956 2048 3993 r

1903 3959 1929 3995 υ
2028 3940 2267 3996 nedicent
2307 3944 2363 3999 in
2397 3961 2457 3999 eo
2479 3957 2675 4017 gentes,
2720 3958 2770 4003 et
2791 3950 2845 4002 in
2887 3965 2948 4003 eo
2966 3948 3184 4005 laudem
3213 3950 3386 4004 dicent
3408 3949 3519 4004 Deo
3547 3953 3599 4005 in

354 4032 865 4103 καταδικασθήσῃ.
890 4033 1062 4105 Είπερ
1089 4030 1181 4088 οὖν
1212 4034 1436 4104 θέλομεν
1457 4032 1763 4104 ἀπαντῆσαι
1797 4032 1929 4101 ἡμῖν
2027 4031 2050 4084 J

1904 4046 1929 4083 v
2027 4031 2346 4099 Jerusalem,
2379 4035 2646 4095 faciamus
2674 4054 2797 4110 quae
2821 4041 2977 4096 initio
3000 4040 3262 4098 diximus.
3297 4041 3467 4110 Quale
3497 4059 3600 4098 au-

350 4121 440 4174 τό·
496 4122 608 4191 Καὶ
655 4122 1108 4193 εὐλογήσουσιν
1169 4123 1239 4176 ὲν
1283 4120 1444 4187 αὺτῷ
1493 4120 1659 4188 ἔθνη,
1718 4119 1820 4172 καί
1860 4110 1933 4172 ἐκ
2032 4130 2046 4177 l

1904 4110 1933 4169 νέ
2032 4130 2139 4178 tem
2188 4126 2583 4194 estprimum?
2633 4129 2863 4187 Auferre
2909 4130 3344 4189 abominatioues
3391 4134 3459 4189 de
3503 4148 3600 4189 ore

349 4216 510 4280 αὐτῷ
542 4215 858 4270 αινέσουσι
903 4215 985 4282 τῷ
1024 4215 1147 4282 Θεῷ
1190 4216 1260 4269 ἐν
1295 4211 1732 4282 Ἰερουσαλὴμν
1772 4216 1930 4282 ποιή·
2029 4228 2045 4265 ¹

1899 4240 1930 4277 χ-
2029 4220 2240 4268 nostro.
2278 4212 2535 4287 Sequitur
2560 4217 2727 4281 illud:
2755 4221 2797 4274 A
2822 4221 2960 4291 facie
2988 4238 3104 4279 mea
3135 4225 3388 4281 reveritus
3416 4223 3595 4293 fuerit.

352 4324 535 4380 σωμεν
578 4307 649 4362 τὰ
691 4309 786 4361 ἀπ’
818 4308 994 4380 ἀρχῆς
1037 4307 1322 4379 εἰρημένα.
1376 4305 1536 4358 Ποῖον
1575 4303 1633 4356 δὲ
1680 4303 1926 4376 πρῶτονς
2029 4302 2048 4357 1

1910 4321 1926 4371 ;
2029 4302 2146 4360 Hoc
2174 4307 2405 4361 alterum
2437 4306 2725 4381 faciamus,
2755 4329 2863 4371 non
2893 4314 3235 4387 simpliciter,
3263 4325 3324 4372 ut
3353 4332 3601 4377 reverea-

352 4394 628 4467 Περιελεῖν
677 4395 745 4450 τὰ
791 4394 1135 4466 βδελύγματα
1174 4396 1240 4448 ἐκ
1284 4392 1379 4448 τοῦ
1422 4391 1689 4464 στόματος
1732 4392 1922 4464 ἡμῶν
1954 4452 1998 4480 n
2029 4412 2048 4450 ι

1909 4411 1922 4426 -
1954 4452 1998 4480 Π
2029 4412 2183 4464 mur;
2220 4396 2358 4454 forte
2377 4399 2521 4455 enim
2551 4412 2635 4458 est
2659 4408 2908 4475 quaedam
2930 4409 3231 4467 reverentia
3254 4423 3376 4480 quae
3395 4423 3504 4465 non
3526 4410 3599 4468 sit

350 4452 473 4558 έξῖίς
502 4487 619 4541 ἐστι
647 4488 745 4541 καὶ
788 4452 849 4540 τό
869 4504 882 4519 ·
1094 4487 1200 4542 τοῦ
1238 4452 1564 4556 προσώπολ)
1598 4452 1718 4556 μου
1743 4452 1923 4541 εύλα-
1954 4452 1998 4508 D
2025 4503 2046 4542 a

2169 4452 2183 4464 .
2339 4452 2349 4454 -
2557 4452 2635 4458 η-
2660 4452 2908 4475 ναις...
2931 4452 3231 4467 ..,............
3254 4452 3376 4480 ,μη
3395 4452 3504 4465 ......
3526 4452 3595 4468 ν..

1899 4518 1923 4529 -
1954 4452 1998 4508 D
2025 4503 2055 4543 a
2090 4486 2229 4545 facie
2267 4489 2385 4547 Dei.
2427 4491 2533 4560 Qui
2563 4495 2729 4568 igitur
2756 4500 2964 4571 absque
2998 4502 3226 4558 scientia
3261 4510 3595 4566 reverentur,

349 4575 584 4646 ϐηθήσῃ
634 4576 886 4650 δεύτερον
912 4576 1066 4631 τοῦτο
1090 4577 1426 4649 ποιήσωμεν,
1460 4575 1559 4646 οὐχ
1581 4572 1789 4637 ἁπλῶς,
1831 4571 1920 4626 ἵνα
2025 4592 2045 4631 r

1900 4588 1920 4624 ιι
2025 4579 2260 4634 revereri
2281 4589 2465 4638 autem
2490 4584 2596 4642 sibi
2623 4600 2956 4661 proponunt,
3007 4608 3116 4648 non
3148 4609 3178 4647 a
3204 4591 3342 4651 facie
3366 4591 3466 4648 Dei
3509 4608 3596 4650 re-

349 4667 755 4741 εὐλαϐηθῶμεν.
803 4669 955 4741 Τάχα
999 4669 1105 4742 γάρ
1153 4670 1301 4721 ἐστιν
1348 4666 1601 4722 εὐλάϐεια
1633 4664 1917 4735 γινομένη,
2022 4682 2045 4721 ι

1901 4701 1917 4727 ,
2022 4677 2318 4739 verentur;
2354 4674 2449 4744 qui
2483 4686 2664 4738 autem
2707 4696 2832 4736 cum
2873 4682 3100 4739 scientia
3143 4691 3478 4748 reverentur,
3529 4699 3595 4741 eo

350 4761 445 4814 οὐκ
468 4761 579 4815 ἀπὸ
604 4760 897 4833 προσώπου
927 4762 985 4815 δὲ
1009 4760 1102 4816 τοῦ
1130 4759 1286 4815 Θεοῦ.
1317 4760 1378 4817 Oi
1407 4757 1536 4829 γοῦν
1566 4759 1667 4812 οὐκ
1691 4760 1919 4825 ἐπιστη-
2025 4772 2046 4827 ς

1894 4785 1919 4795 -
2025 4760 2171 4828 quod
2204 4777 2417 4837 semper
2437 4767 2772 4836 intueantur,
2802 4782 2857 4828 et
2888 4773 2945 4828 in
2972 4774 3285 4846 semetipsis
3316 4777 3383 4835 ad
3409 4776 3590 4833 vivum

352 4852 524 4921 μόνως
560 4854 905 4927 φοϐούμενοι,
949 4854 1326 4925 προτιθέμενοι
1365 4852 1424 4906 δὲ
1467 4849 1772 4921 φοϐεῖσθαι,
1819 4849 1920 4901 οὑκ
2024 4865 2048 4904 e

1893 4864 1920 4901 κ
2024 4852 2335 4921 exprimant
2361 4856 2555 4915 faciem
2581 4860 2697 4929 Dei,
2716 4879 2838 4933 quae
2853 4872 2938 4922 est
2964 4883 3121 4937 super
3150 4867 3400 4937 facientes
3422 4870 3589 4932 mala.

349 4944 454 4999 ἀπὸ
489 4948 784 5020 προσώπου
830 4946 926 5000 τοῦ
964 4944 1098 4999 Θεοῦ
1137 4941 1504 4998 εὐλαϐοῦνταν
1551 4941 1665 4994 ὅσοι
1698 4940 1755 4993 δὲ
1800 4938 1919 5010 μετ’
2027 4955 2045 4992 s

1896 4938 1919 4981 ι’
2027 4949 2086 5032 ut
2116 4945 2302 5013 perdat
2319 4948 2383 5003 de
2419 4958 2561 5005 terra
2602 4955 2910 5011 memoriam
2942 4956 3180 5025 illorum,
3200 4960 3261 5021 bi.
3280 4969 3410 5017 sunt
3434 4960 3530 5032 qui
3556 4974 3592 5016 a

351 5037 656 5111 ἐπιστήμης
681 5038 1052 5101 εὐλαϐοῦνται,
1088 5036 1165 5108 τῷ
1183 5036 1271 5091 ἀεὶ
1296 5035 1531 5107 βλέπειν,
1565 5032 1642 5103 (9)
1664 5026 1757 5085 καὶ
1791 5031 1922 5084 ἀνα·
2025 5030 2047 5085 f

939 5055 1052 5101 ται,
1088 5036 1165 5108 τῷ
1183 5036 1271 5091 ἀεὶ
1296 5035 1531 5107 βλέπειν,
1565 5032 1642 5103 (9)
1664 5026 1757 5085 καὶ
1791 5031 1922 5084 ἀνα·
2025 5030 2163 5089 facie
2186 5034 2278 5093 Dei
2303 5052 2635 5098 reverentur.

350 5131 653 5206 ζωγραφεῖν
681 5137 893 5198 ἑαυτοῖς
919 5135 981 5188 τὸ
1009 5134 1294 5205 πρόσωπον
1331 5130 1425 5184 τοῦ
1456 5126 1615 5191 Θεοῦ,
1637 5125 1918 5196 γινόμενον
1960 5124 2089 5180 Ἐπὶ
2132 5130 2275 5199 τοὺς
2293 5136 2615 5205 ποιοῦντας
2632 5140 2705 5194 τὰ
2737 5142 2916 5208 κακὰ,
2952 5145 3059 5200 τοῦ
3092 5145 3585 5216 ἐξολοθρευθῆναι

348 5228 415 5281 ἐκ
458 5228 569 5299 γῆς
609 5229 677 5285 τὸ
722 5231 1119 5301 μνημόσυνον
1154 5225 1373 5290 αὐτῶν,
1405 5218 1550 5280 οὗτοι
1580 5222 1717 5275 εἰσιν
1748 5220 1798 5272 oi
1846 5218 1954 5273 ἀπὸ
1982 5222 2270 5291 προσώπου
2298 5230 2390 5284 τοῦ
2425 5232 2559 5287 Θεοῦ
2591 5232 2992 5308 εὐλαϐούμενοι,

420 5323 463 5354 ¹¹
494 5324 682 5380 Matth.
715 5342 813 5393 xu,
837 5326 927 5381 57.

418 5415 493 5485 (1)
532 5416 668 5473 Cod.
710 5418 835 5475 Vat.
866 5435 1171 5490 perperam,
1208 5420 1272 5473 τὸ
1293 5420 1511 5493 μηκέτι.
2109 5424 2114 5476 Ξ

418 5484 494 5565 t2)
532 5486 667 5565 92d-
700 5487 822 5565 ναξ
851 5499 1126 5565 eamme.
1162 5490 1339 5565 99w;
1379 5561 1391 5565 _
1460 5559 1483 5565 _
2036 5564 2039 5565 ,
2083 5423 2114 5564 ίε

2201 5423 2335 5481 Cod.
2373 5424 2515 5494 Vat.,
2544 5428 2792 5484 τουτέστι
2811 5429 3030 5496 τελείως
3049 5430 3370 5503 ἐπιστρέψῃ.

2036 5564 2039 5565 ν
2104 5494 2136 5547 6
2199 5495 2340 5550 Ἐὰν
2352 5497 2493 5552 τάδε
2507 5499 2861 5565 ποιήσωσιν,
2881 5500 3327 5565 εὐλογήσουσιν
3342 5501 3370 5559 ἐ

417 5484 497 5627 (εἰ
532 5486 667 5543 Cod.
700 5487 822 5544 Vat.
851 5484 1126 5559 corrupte,
1158 5484 1328 5545 obrui.
1355 5484 1367 5493 '
2083 5484 2113 5564 (ι

417 5554 475 5627 (5
535 5556 648 5625 Τῆς
673 5560 853 5627 φωνῆς
869 5560 1075 5627 Κυρίου
1096 5561 1189 5616 τοῦ
1206 5559 1341 5615 Θεοῦ
1368 5559 1544 5627 ἡμῶν
1571 5565 1905 5627 ἡμάρτομεν,
2009 5564 2113 5620 ἕθν

2083 5484 2159 5565 (6)
2199 5495 2340 5550 Ἐὰν
2352 5497 2493 5552 τάδε
2502 5484 2861 5567 ποιήσωσιν,
2881 5484 3412 5571 stitio-Maadvig}?
3426 5502 3588 5576 αὐτῷ

1892 5599 1905 5625 .
2009 5564 2180 5627 ἔθνη.
2224 5565 2351 5621 Haec
2373 5568 2574 5623 omissa
2608 5578 2738 5625 sunt
2770 5570 2823 5625 in
2848 5570 3037 5627 codice
3066 5570 3345 5627 Vaticano.

415 5554 1905 5656 ε³2λῖῖιεεειεῖιῆῖξξξθίὲυλοὶΞξρὲθ.Ἶξσένο,ήμά.ρτοειεπίο
2009 5554 2111 5656 “ﬁ

1651 5565 1905 5656 a‘ezous‘f.
2009 5554 2180 5656 ἕθξςηη.
2206 5565 2574 5656 ‘llaaemrniss‘a
2593 5554 3048 5656 suntjn‘codiee'
3066 5554 3344 5630 hucine.

1307 5640 1362 5686 nt
1387 5625 1441 5686 in
1468 5625 1652 5695 codice
1677 5625 1910 5700 Scorial.
2078 5625 2158 5702 (7)
2194 5636 2367 5690 Αὐτοῦ
2399 5638 2554 5693 deest
2592 5640 2645 5693 in
2665 5641 2788 5697 cod.
2832 5625 3003 5693 Vatic.

1307 5703 1427 5750 aulo
1455 5700 1592 5750 infra
1638 5712 1773 5750 :t‘nrn
1802 5730 1903 5750 nn-
2081 5704 2159 5750 l8)
2201 5705 2486 5750 Parnm-am
2510 5707 2609 5750 ﬁmi
2664 5709 2764 5750 Vm
2840 5709 3001 5750 8mm-

414 5692 977 5789 p)‘eguh.'lv35.l,_mn
999 5696 1219 5766 εὐθέως.
1256 5700 1427 5760 Paulo
1455 5692 1908 5775 intra'id'e'ni'éai
2081 5692 2110 5789 ii

1464 5692 1615 5769 intra
2198 5705 2487 5789 ΕθΓΡθΞῬΨ
2510 5707 2630 5789 ωδε
2840 5709 3160 5789 ξικασθήστι-

357 5762 484 5831 dei,
510 5765 660 5832 λέγει
687 5767 714 5819 ὁ
738 5762 911 5834 Θεός.’
965 5762 977 5771 ’
1180 5762 1194 5766 ⁷
1515 5762 1594 5769 “”
1637 5762 1774 5775 ’“”’
1804 5762 1865 5774 ν’

1515 5762 1594 5769 ""
1637 5762 1774 5775 ""”
1804 5762 1865 5774 "
2076 5762 2159 5847 ('9)
2196 5762 2330 5833 Cod“.
2368 5776 2513 5847 Vat.
2536 5762 2628 5833 τοῦ
2654 5762 3008 5854 adimi“-
