4296 6288
582 377 643 435 ει
655 378 683 437 ι

2065 391 2387 449 ORIGENIS

3718 395 3823 451 δη

654 497 746 553 12.
787 494 847 551 Si
874 498 1148 553 abstulerit
1175 498 1585 555 abominationes
1612 518 1736 557 suas
1763 505 1826 559 de
1855 520 1942 560 ore
1965 522 2081 572 suo,
2104 521 2153 563 et
2185 518 2232 571 Α
2341 508 2350 527 '

2130 521 2153 563 't
2185 518 2232 571 Α
2341 508 2478 563 Ἐὰν
2500 506 2738 578 περιέλῃ
2760 508 2829 560 τὰ
2836 511 3425 581 ,βδελύτματααὺτοῦ
3436 513 3554 569 ἀπὸ
3571 515 3672 568 τοῦ
3687 517 3826 570 στό-

587 606 618 639 a
654 589 790 657 facie
813 604 928 643 mea
956 588 1201 642 reveritus
1242 589 1419 654 fuerit,
1453 600 1502 645 et
1537 592 1795 661 juraverit
1817 635 1831 659 ,
1870 594 2007 651 Vivit
2044 597 2153 651 Do-

591 683 786 744 minus,
815 681 869 733 in
892 680 1125 744 veritate,
1154 692 1204 734 et
1239 681 1290 734 in
1314 682 1545 751 judicio,
1580 694 1630 738 et
1658 686 1714 738 in
1739 687 1981 755 justitia.
2010 689 2153 744 Con-

589 774 888 827 sideremus
918 773 1283 842 nosmetipsos
1320 775 1414 844 qui
1443 775 1713 845 juramus,
1743 781 2018 848 quomodo
2045 798 2150 837 non

589 865 643 919 in
667 863 894 935 judicio,
927 864 1021 918 sed
1073 865 1192 920 sine
1236 866 1445 937 judicio
1485 869 1754 940 juremus,
1805 872 1879 927 ita
1905 882 1963 928 ut
2002 875 2155 944 jura-

588 964 765 1010 mcnta
818 964 1004 1011 nostra
1053 960 1447 1015 consuetudine
1485 962 1665 1031 potius
1726 979 1892 1032 quam
1946 964 2153 1034 judicio

588 1046 735 1100 ﬁant.
772 1044 1106 1115 Surripimur
1135 1047 1347 1118 itaque:
1381 1051 1528 1119 quod
1562 1060 1616 1106 et
1660 1068 1841 1107 sermo
1878 1056 2156 1123 propheti-

584 1153 683 1194 cus
708 1138 1053 1206 reprehendit
1079 1139 1207 1195 dum
1250 1142 1359 1195 ait:
1391 1141 1459 1194 Et
1490 1143 1536 1197 si
1560 1143 1841 1211 juraverit,
1879 1142 2011 1199 Vivit
2041 1145 2153 1198 Do-

584 1235 780 1300 minus,
815 1235 869 1288 in
901 1236 1134 1303 veritate,
1164 1246 1214 1290 et
1244 1238 1299 1291 in
1313 1239 1539 1307 judicio,
1579 1249 1628 1295 et
1664 1249 1713 1296 in
1753 1242 1998 1312 justitia.
2033 1241 2155 1299 Sci-

587 1339 709 1380 mus
740 1342 769 1380 a
794 1327 1022 1381 Domino
1048 1328 1331 1398 discipulis
1361 1331 1414 1384 in
1450 1330 1743 1403 Evangelio
1766 1335 1969 1389 dictum
1998 1350 2011 1389 :
2045 1334 2156 1406 Ego

586 1425 764 1470 autem
792 1416 908 1469 dico
938 1417 1115 1482 vobis,
1155 1435 1259 1472 non
1286 1420 1468 1489 iurare
1508 1426 1719 1478 omnino
1757 1426 1820 1481 ¹³.
1863 1425 2159 1483 Videamus

585 1509 749 1561 etiam
799 1507 965 1573 illud,
992 1518 1047 1562 et
1078 1509 1123 1563 si
1149 1510 1361 1566 dederit
1385 1513 1550 1579 Deus,
1576 1525 1803 1585 utraque
1823 1517 2161 1571 examinabi-

589 1615 739 1656 mus.
774 1599 986 1655 Etenim
1012 1599 1246 1657 fortasse
1285 1605 1462 1672 primo
1485 1605 1779 1675 jurandum
1811 1618 1894 1664 est
1923 1608 1979 1663 in
2017 1610 2159 1663 veri-

590 1701 719 1759 tate,
744 1704 798 1749 et
810 1695 1036 1765 judicio,
1064 1698 1371 1767 etjustitia,
1407 1706 1470 1753 ut
1498 1702 1854 1769 posteaQuam
1914 1700 2161 1771 profece-

588 1784 661 1839 rit
686 1784 831 1853 quis,
864 1785 1062 1855 dignus
1089 1785 1183 1841 ﬂat
1211 1787 1523 1855 nonjurare
1554 1789 1807 1844 omnino:
1842 1790 1937 1845 sed
1964 1790 2161 1846 habeat

592 1877 693 1942 ita,
719 1893 827 1932 non
864 1893 1032 1949 egens
1074 1880 1305 1935 testibus
1332 1888 1389 1934 ut
1422 1880 1494 1935 sit
1525 1881 1623 1947 ita,
1685 1889 1740 1934 et
1786 1881 1981 1937 habeat
2035 1899 2159 1950 non,
2194 1905 2236 1960 Β

596 1968 818 2023 minime
844 1968 1093 2040 indigens
1126 1970 1375 2036 testibus,
1404 1979 1464 2024 ut
1485 1971 1555 2025 sit
1586 1972 1762 2040 ipsum
1789 1988 1914 2027 vere
1942 1989 2066 2027 non.
2089 1972 2162 2026 Et

597 2058 753 2129 157
778 2059 1044 2129 juraverit
1066 2061 1249 2130 igitur,
1291 2060 1428 2114 Vivit
1459 2061 1711 2115 Dominus
1739 2063 1796 2115 in
1830 2066 2065 2119 veritate.
2102 2063 2161 2118 In

584 2151 804 2221 iurante
833 2152 1067 2221 primum
1101 2167 1287 2221 quaero
1327 2169 1435 2207 non
1465 2152 1691 2217 falsum,
1724 2152 1819 2208 sed
1860 2169 2071 2219 verum,
2101 2162 2163 2209 ut

588 2261 713 2301 cum
736 2245 961 2300 veritate
984 2244 1162 2314 juret:
1189 2259 1289 2299 nos
1324 2253 1505 2298 autem
1542 2243 1728 2298 miseri
1752 2244 1917 2298 etiam
1948 2245 2162 2315 pejera-

590 2351 733 2390 mus.
797 2333 902 2389 Sed
935 2341 1055 2390 esto
1099 2349 1223 2388 cum
1263 2335 1489 2389 veritate
1536 2335 1779 2389 nondum
1828 2343 1974 2390 recte
2006 2334 2163 2405 jura-

591 2437 831 2482 mentum
859 2427 937 2493 lit,
967 2427 1060 2482 sed
1093 2426 1146 2480 in
1177 2426 1402 2496 judicio.
1447 2426 1596 2492 Esto,
1623 2428 2162 2498 consuetudinejuro

591 2517 645 2570 in
676 2517 906 2586 judicio,
926 2533 1053 2571 num
1073 2518 1193 2573 ideo
1218 2517 1407 2573 deceat
1434 2518 1485 2571 in
1513 2518 1825 2574 istiusmodi
1850 2519 2163 2588 iuramento

592 2624 871 2665 assumere
900 2607 1069 2664 Deum
1092 2609 1353 2672 universi,
1382 2617 1436 2663 et
1456 2607 1737 2664 Christum
1769 2610 1889 2679 ejus
1908 2609 1975 2663 ad
1998 2609 2165 2665 hocce

591 2701 908 2772 negotium?
934 2699 1255 2771 Cujusmodi
1295 2716 1410 2754 rem
1459 2714 1580 2755 esse
1619 2708 1837 2769 oportet
1883 2709 1941 2755 ut
1990 2715 2165 2769 genua

589 2793 801 2848 ﬂectam
831 2801 886 2848 et
912 2791 1127 2861 jurem?
1164 2790 1247 2844 Ad
1276 2805 1442 2860 quam
1476 2789 1658 2855 ﬁdem,
1688 2790 1736 2845 si
1761 2791 1999 2845 sermoni
2041 2806 2165 2847 meo

594 2887 649 2938 in
703 2883 976 2953 aliquibus
1020 2881 1332 2952 derogatur,
1386 2881 1789 2935 resarciendam
1837 2882 1939 2937 hoc
1991 2882 2167 2937 facere

596 2973 801 3042 possim
833 2971 1162 3042 aliquando?
1195 2972 1290 3027 Sin
1314 2982 1519 3034 autem,
1564 2980 1624 3025 ut
1657 2986 1817 3027 casus
1851 2973 2052 3040 tulerit,
2086 2973 2167 3029 sic

590 3066 794 3137 jurem,
816 3065 1158 3136 peccabone?
1188 3063 1250 3119 Si
1281 3064 1444 3134 igitur
1466 3063 1728 3133 juraverit
1753 3105 1769 3132 ,
1817 3063 1950 3119 Vivit
1984 3064 2166 3118 Denti-

596 3175 717 3223 nus,
751 3173 869 3211 cum
898 3158 1114 3211 veritate
1136 3165 1185 3210 et
1214 3156 1268 3209 in
1294 3155 1533 3225 judicio,
1558 3171 1665 3211 non
1698 3156 1816 3210 sine
1846 3156 2085 3226 judicio,
2116 3167 2165 3210 et

2251 617 2439 670 ματος
2452 601 2656 665 αὐτοῦ,
2671 600 2768 654 καὶ
2781 600 2898 655 ἀπὸ
2913 602 3017 655 τοῦ
3029 600 3349 669 προσώπου
3359 623 3477 674 μου
3499 603 3826 676 εὑλαϐηθῇ,

2258 691 2358 745 καὶ
2375 694 2586 762 ὀμόσῃ,
2602 691 2689 760 Ζῇ
2703 694 2912 761 Κύριος
2929 693 2999 747 ἐν
3013 695 3277 762 ἀληθείᾳ,
3295 697 3393 750 καὶ
3411 698 3482 749 ἐν
3496 698 3710 765 κρίσει,
3724 699 3825 751 καὶ

2257 785 2327 838 ἐν
2347 784 2724 851 δικαιοσύνῃ.
2760 784 3073 856 ἰδωμεν(1)
3093 787 3253 856 ἡμεῖς
3276 788 3503 851 ἑαυτοὺς
3530 790 3578 841 οἱ
3611 788 3841 859 ὀμνύον-.

2258 892 2370 939 τες.
2386 876 2507 929 τίνα
2521 875 2719 946 τρόπον
2741 875 2840 929 οὐκ
2867 877 2923 928 ἐν
2943 875 3120 946 κρίσει
3136 876 3425 947 ὀμνύομεν,
3443 878 3556 931 ἀλλ’
3567 879 3826 951 ἀκρίτως,

2260 965 2403 1019 ὥστε
2427 965 2683 1035 γενέσθαι
2712 965 2866 1037 ἡμῶν
2882 967 3007 1029 τοὺς
3020 966 3214 1037 ὅρκους
3228 967 3339 1021 ἔθει
3360 968 3556 1039 μᾶλλον
3573 969 3605 1039 ἢ
3629 969 3827 1041 κρίσει.

2260 1054 2729 1126 Συναρπαζὸμεθα
2774 1054 2927 1122 γοῦν,
2990 1054 3083 1108 καὶ
3128 1055 3285 1109 τοῦτο
3324 1055 3561 1129 ἐλέγχων
3606 1059 3635 1110 ὁ
3674 1058 3832 1127 λόγος

2262 1147 2397 1219 φησί
2417 1164 2431 1177 -
2467 1147 2577 1201 Kal
2605 1146 2714 1199 ἐὰν
2733 1147 2947 1215 ὀμόσῃ,
2966 1146 3054 1216 Ζῇ
3081 1149 3294 1215 Κύριος
3331 1150 3402 1202 ἐν
3431 1151 3698 1218 ἀληθείᾳ,
3730 1150 3832 1203 καὶ

2258 1237 2547 1305 ἐνκρῖσει,
2574 1236 3143 1306 καὶέν-δικαιοσύνῃ.
3172 1238 3402 1309 Οἴδαμεν
3434 1242 3491 1293 ὲν
3521 1240 3598 1311 τῷ
3656 1242 3834 1311 Εύαγσ

2260 1329 2423 1401 γελίῳ
2450 1330 2735 1402 εἰρημένον
2760 1330 2864 1383 ὑπὸ
2884 1331 2975 1384 τοῦ
3008 1332 3213 1403 Κυρίου
3237 1332 3370 1402 πρὸς
3398 1334 3522 1396 τοὺς
3565 1332 3828 1405 μαθητάςο

2274 1421 2414 1491 Ἐγὼ
2428 1420 2660 1491 δὲλέγω
2688 1420 2924 1491 ὐμῖνμὴ
2960 1422 3035 1492 (Ξ)
3054 1423 3267 1490 ὀμόσαι
3298 1423 3471 1489 ὅλως.
3509 1422 3736 1493 Ἰδωμεν
3772 1424 3831 1478 δὲ

2264 1511 2359 1564 καὶ
2390 1511 2546 1564 τοῦτο
2566 1512 2625 1565 τὸ
2656 1513 2836 1583 ῥητόν·
2868 1513 2964 1565 κα)⁵
2991 1511 3084 1565 ἐὰν
3115 1512 3241 1584 διδῷ
3265 1513 3416 1578 Θεὸς,
3448 1514 3835 1588 συνεξετασθή-

2265 1617 2414 1656 σεται
2445 1602 2515 1656 τὰ
2541 1602 2856 1674 ἀμφότερα·
2889 1603 3031 1674 τάχα
3058 1604 3166 1676 γὰρ
3198 1604 3412 1676 πρῶτον
3435 1605 3517 1659 δεῖ
3542 1607 3736 1678 ὀμόσαι
3774 1610 3831 1662 ἐν

2264 1694 2510 1766 ἀληθείᾳ,
2546 1696 2641 1749 καὶ
2680 1696 2737 1750 ὲν
2776 1694 2979 1767 κρίσει,
3013 1697 3107 1749 καὶ
3127 1698 3185 1749 ὲν
3215 1696 3547 1769 δικαιοσύνῃ,
3579 1699 3665 1752 ἵνα
3694 1699 3831 1770 μετὰ

2262 1786 2422 1840 τοῦτο
2454 1786 2735 1858 προκόψας
2783 1804 2885 1850 τις,
2927 1787 3076 1852 ἄξιος
3133 1789 3355 1861 γένηται
3386 1790 3480 1844 τοῦ
3512 1791 3585 1863 μὴ
3615 1792 3833 1863 ὀμνύειν

2264 1878 2418 1941 ὅλως,
2436 1876 2549 1930 ἀλλ’
2564 1876 2663 1949 ἔχῃ
2675 1876 2795 1941 ναὶ,
2817 1878 2889 1948 μὴ
2902 1876 3151 1949 δεόμενον
3172 1879 3462 1952 μαρτύρων
3478 1882 3551 1953 (5)
3576 1882 3668 1935 τοῦ
3696 1879 3832 1937 εἶναι

2262 1969 2321 2022 τὸ
2348 1969 2449 2021 ναί
2464 1985 2478 1999 ο
2514 1968 2609 2022 καὶ
2637 1968 2734 2041 ἔχῃ
2755 1968 2847 2031 οὒ,
2874 1970 2947 2040 μὴ
2980 1969 3228 2040 δεόμενον
3262 1973 3550 2044 μαρτύρων
3569 1973 3661 2028 τοῦ
3695 1970 3831 2028 εἶναι

2262 2060 2393 2113 αὐτὸ
2439 2059 2653 2131 ἀληθῶς
2686 2058 2777 2113 οὔ.
2826 2060 2936 2114 Καὶ
2981 2060 3175 2130 ὀμόσῃ
3209 2057 3341 2128 οὖν,
3370 2063 3456 2132 ΖιῙ
3501 2066 3731 2133 Κύριος,
3760 2064 3831 2118 ἐν

2262 2151 2530 2219 ἀληθείᾳ.
2567 2153 2654 2206 Ἐν
2682 2150 2759 2223 τῷ
2777 2152 3030 2222 ὀμνύοντι
3047 2152 3263 2224 πρῶτον
3283 2153 3429 2224 ζητῶ
3450 2154 3510 2207 τὸ
3533 2156 3606 2226 μὴ
3620 2155 3831 2226 ψεῦδος,

2262 2241 2397 2295 ἀλλὰ
2425 2243 2483 2295 τὸ
2510 2241 2728 2313 ἀληθὲς,
2764 2242 2853 2296 ἵνα
2888 2242 3026 2313 μετὰ
3050 2243 3311 2315 ἀληθείας
3340 2245 3543 2316 ὀμόσῃ·
3587 2248 3748 2317 ἡμεῖς
3777 2246 3835 2299 δὴ

2261 2335 2310 2387 οἱ
2347 2333 2575 2397 τάλανες
2617 2335 2710 2388 καὶ
2739 2334 3123 2406 ὲπιορκοῦμεν.
3184 2335 3323 2388 Ἀλλ’
3355 2335 3496 2389 ἔστω
3528 2336 3666 2406 μετὰ
3704 2336 3837 2407 ἀλη-

2263 2423 2432 2489 θείας,
2479 2425 2598 2478 οὐδὲ
2646 2425 2826 2490 καλῶς
2874 2427 3035 2497 ὅρκος
3085 2426 3314 2495 γίνεται,
3366 2427 3480 2479 ἀλλ’
3528 2428 3585 2479 ὲν
3630 2427 3831 2497 κρίσει.

2263 2516 2500 2569 Δεδὸσθω
2515 2515 2592 2579 δὲ,
2611 2516 2687 2588 (4)
2705 2516 2817 2570 ἔθει
2842 2516 3026 2588 ὀμνύω
3043 2519 3099 2569 ἐν
3120 2517 3315 2588 κρίσει,
3336 2519 3381 2569 εἰ
3398 2517 3514 2569 δέον
3544 2518 3838 2588 παραλαμ-

2265 2608 2446 2661 ϐάνειν
2470 2609 2550 2671 εἰς
2574 2610 2666 2661 τὸν
2695 2607 2935 2662 τοιοῦτον
2952 2610 3113 2680 ὅρκον
3141 2609 3232 2663 τὸν
3250 2608 3379 2662 Θεὸν
3398 2609 3486 2662 τὸν
3507 2609 3601 2661 τοῦ
3632 2610 3834 2673 παντὸς

2264 2700 2358 2752 καὶ
2385 2699 2476 2752 τὸν
2516 2700 2750 2770 Χριστὸν
2779 2698 2944 2753 αὐτοῦ
2979 2701 3070 2754 ἐπὶ
3100 2701 3219 2754 τόδε
3258 2701 3319 2754 τὸ
3351 2701 3616 2772 πρᾶγμα;
3662 2701 3834 2772 Πηλί-

2265 2808 2358 2844 κον
2378 2791 2458 2842 δεῖ
2479 2786 2695 2844 εἶναιτὸ
2719 2793 2947 2863 πρᾶγμα
2968 2791 3058 2845 ἵνα
3077 2792 3146 2845 τὰ
3170 2792 3372 2861 γόνατα
3394 2792 3471 2845 θῶ
3500 2794 3592 2846 καὶ
3614 2793 3831 2863 ὀμόσω;

2267 2881 2409 2951 Πρὸς
2424 2881 2489 2952 ἣν
2506 2881 2762 2935 ἀπιστίαν
2781 2884 3076 2955 γενομένην
3100 2884 3175 2954 (5)
3194 2884 3250 2937 ἔν
3278 2903 3386 2939 τισι
3415 2902 3481 2938 πε
3490 2885 3542 2955 pl
3568 2886 3660 2939 τοῦ
3675 2886 3832 2956 λόγου

2270 2985 2368 3039 μου
2401 2968 2716 3040 θεραπεύων
2746 2971 2901 3024 τοῦτο
2926 2973 3213 3044 ποιήσαιμί
3246 2992 3409 3040 mss;
3439 2974 3596 3038 Ειδὲ,
3616 2976 3691 3040 ὠς
3718 2976 3836 3030 ἐτυ-

2266 3077 2377 3130 χεν,
2401 3060 2571 3124 οὕτως
2588 3061 2861 3132 ὀμνύοιμι,
2884 3064 3182 3135 ἁμάρτοιμι
3198 3065 3296 3131 ἄν;
3330 3066 3470 3120 Ἐὰν
3497 3062 3589 3119 οὖν
3624 3068 3835 3136 ὀμόσῃ,

2267 3154 2313 3203 Ζ
2321 3149 2355 3218 ᾖ
2373 3151 2606 3218 Κύριος,
2624 3151 2775 3220 μετὰ
2792 3152 3092 3219 ἀληθείας,
3121 3153 3217 3206 καὶ
3232 3154 3302 3206 ἐν
3328 3156 3539 3223 κρίσει,
3578 3155 3653 3227 μὴ
3679 3157 3836 3227 ἀκρί-

595 3250 652 3302 in
666 3249 905 3318 justitia,
938 3264 1046 3302 non
1073 3247 1292 3318 injuste,
1344 3258 1395 3301 et
1427 3248 1724 3302 benedicent
1760 3248 1818 3301 in
1871 3265 1929 3303 eo
1970 3260 2163 3318 gentes.
2194 3250 2235 3308 C
2271 3260 2291 3296 τ

2139 3267 2163 3303 ς.
2194 3250 2235 3308 C
2271 3260 2396 3306 τως,
2426 3242 2524 3295 καὶ
2564 3243 2634 3295 ἐν
2668 3242 3038 3312 δικαιοσύνῃ,
3073 3245 3148 3315 μὴ
3188 3245 3425 3309 ἀδίκως·
3458 3247 3557 3300 καὶ
3589 3247 3835 3316 εὐλογή-

602 3335 844 3405 Utraque
888 3336 1175 3405 conjunxit
1195 3378 1209 3402 ,
1236 3344 1290 3391 et
1313 3351 1407 3390 eos
1432 3337 1527 3406 qui
1557 3351 1587 3391 a
1623 3337 1875 3407 gentibus
1916 3347 2061 3404 sunt,
2112 3346 2168 3392 et

597 3424 849 3480 lsraelem
871 3465 886 3491 ,
920 3432 975 3480 et
1023 3427 1090 3481 de
1143 3426 1396 3495 gentibus
1433 3437 1488 3480 ct
1529 3426 1595 3481 de
1626 3424 1825 3481 lsraele
1857 3441 2164 3482 sermonem

599 3519 809 3573 habuit.

671 3605 757 3658 15.
801 3602 1089 3675 Subjungit
1116 3624 1130 3658 :
1163 3602 1231 3658 Et
1269 3605 1567 3660 benedicent
1599 3607 1655 3659 in
1695 3621 1755 3660 eo
1786 3615 1997 3677 gentes;
2029 3617 2079 3662 et
2107 3606 2160 3660 in

596 3714 655 3751 eo
688 3696 899 3750 laudem
927 3695 1103 3750 dicent
1132 3696 1239 3750 Deo
1270 3698 1328 3749 in
1351 3696 1668 3752 Jerusalem.
1703 3697 1833 3752 [hec
1863 3700 2001 3753 enim
2029 3700 2161 3754 dicit

599 3788 857 3842 Dominus
886 3789 1013 3841 viris
1041 3786 1078 3841 J
1084 3793 1208 3847 uda.
1242 3797 1292 3841 et
1335 3788 1692 3857 habitantibus
1714 3789 2031 3845 Jerusalem.
2073 3791 2168 3843 Al-

600 3879 814 3933 locutus
835 3887 920 3933 est
947 3893 1042 3934 eos
1064 3880 1159 3948 qui
1188 3887 1316 3934 sunt
1340 3894 1407 3933 ex
1438 3878 1623 3944 Israel,
1680 3880 1812 3936 dicit
1840 3882 1975 3936 viris
2003 3879 2162 3936 Juda.

600 3968 957 4040 Tropologias
981 4008 997 4034 ,
1039 3985 1178 4039 quas
1208 3984 1381 4041 nuper
1419 3972 1487 4026 de
1527 3968 1665 4026 Juda
1695 3981 1750 4026 et
1788 3972 2165 4028 habitantibus

598 4059 902 4116 Jerusalem
950 4063 1213 4131 exposui,
1273 4063 1536 4119 memoria
1591 4064 1789 4119 recolo.
1845 4062 2167 4121 Habitamus

598 4152 744 4207 enim
773 4168 895 4216 nos,
932 4154 975 4208 si
1009 4152 1154 4209 Deus
1182 4153 1425 4218 dederit,
1453 4155 1506 4209 in
1529 4154 1870 4222 Jerusalem;
1904 4155 2164 4225 quoniam

599 4246 690 4299 ubi
737 4246 1041 4313 thesaurus,
1088 4245 1163 4302 ibi
1202 4254 1251 4301 et
1300 4246 1472 4301 cor“.
1525 4246 1583 4301 Si
1626 4248 2063 4304 thesaurizamus
2109 4247 2163 4300 in

2268 3347 2489 3387 σουσιν
2510 3332 2580 3387 ἐν
2600 3331 2759 3399 αὐτῷ
2777 3335 2942 3402 ἔθνη.
2971 3335 3216 3389 Ἤνωσεν
3244 3336 3549 3408 ἀμφότερα,
3585 3337 3711 3401 τοὺς
3731 3337 3836 3390 ἀπὸ

2268 3424 2374 3477 τῶν
2405 3424 2573 3480 ἐθνῶν
2606 3427 2700 3479 καὶ
2739 3428 2829 3478 τὸν
2889 3427 3125 3499 Ἰσραήλ·
3170 3424 3292 3482 εἶπε
3327 3430 3454 3501 περὶ
3489 3420 3599 3483 τῶν
3643 3429 3835 3493 ἐθνῶν,

2267 3512 2386 3568 εἷπε
2415 3517 2509 3569 καὶ
2533 3516 2658 3589 περὶ
2692 3516 2787 3569 τοῦ
2817 3518 3053 3588 Ἰσραήλ.

2351 3606 2629 3678 Ἐπιφέρει
2649 3623 2663 3637 ’
2678 3608 2791 3661 Καὶ
2812 3608 3261 3678 εὐλογήσουσιν
3282 3610 3353 3663 ἐν
3369 3608 3527 3675 αὐτῷ
3545 3610 3712 3677 ἔθνη,
3736 3609 3835 3665 καί

2272 3695 2344 3749 ἐν
2376 3694 2537 3760 αὐτῷ
2574 3695 2888 3750 αίνέσουσι
2920 3696 3000 3762 τῷ
3030 3696 3152 3762 Θεῷ
3208 3698 3280 3751 ἐν
3311 3699 3714 3769 Ἰερουσαλήμ·
3751 3699 3840 3753 ὅτι

2270 3784 2409 3839 τάδε
2433 3786 2595 3855 λέγει
2623 3787 2837 3855 Κύριος
2866 3787 2989 3854 τοῖς
3014 3787 3309 3857 ἀνδράσιν
3356 3790 3568 3856 Ἰούδα,
3597 3790 3841 3858 καὶτοῖς

2270 3874 2654 3930 κατοικοῦσιν
2709 3876 3111 3948 Ἰερουσαλήμ.
3159 3880 3362 3950 Εἴρηκε
3411 3884 3522 3944 τοῖς
3573 3880 3683 3935 ἀπὸ
3733 3882 3843 3937 τῶν

2278 3966 2461 4029 ἐθνῶν,
2496 3967 2684 4038 εἴρηκε
2720 3970 2813 4021 καὶ
2848 3971 2960 4033 τοῖς
2988 3970 3099 4023 ἀπὸ
3139 3972 3374 4044 Ἰσραὴλ,
3401 3971 3547 4042 λέγει
3586 3976 3699 4037 τοῖς
3734 3973 3841 4027 ἀπὺ

2271 4053 2366 4107 τοῦ
2401 4054 2589 4107 Ἰούδα.
2608 4056 2801 4129 Μέμνη
2811 4075 2908 4127 μαι
2928 4057 3037 4112 τῶν
3065 4059 3255 4131 πρώην
3278 4062 3578 4132 εἰρημένων
3600 4064 3727 4135 περὶ
3746 4061 3842 4115 τοΰ

2281 4146 2450 4201 Ἰούδα
2486 4148 2719 4201 καὶτῶν
2764 4148 3157 4202 κατοικούντων
3203 4151 3260 4204 ὲν
3314 4150 3669 4225 Ἰερουσαλήμ
3712 4170 3840 4225 apo-

2275 4239 2556 4308 πολογιῶν.
2582 4239 2657 4311 (6)
2674 4241 2939 4294 Κατοικοῦ
2948 4259 3044 4311 μεν
3059 4243 3166 4315 γὰρ
3184 4245 3361 4313 ἡμεῖς,
3380 4243 3472 4297 ἐὰν
3490 4243 3661 4307 ὁθεὺς
3693 4243 3839 4316 διδῷ,

601 4337 789 4403 caelis,
832 4353 930 4393 cor
955 4339 1118 4393 etiam
1162 4338 1429 4394 habemus
1478 4338 1535 4393 in
1579 4352 1643 4393 ea
1676 4354 1800 4407 quae
1833 4352 2052 4393 sursum
2082 4347 2168 4395 est
2204 4401 2235 4407 _
2274 4333 2297 4384 ὲ

2145 4347 2168 4393 ι
2204 4401 2235 4407 _
2274 4333 2333 4384 ὲν
2359 4334 2425 4402 τῇ
2474 4330 2842 4403 Ἰερουσαλήμ’
2874 4333 2995 4385 ἐπεὶ
3021 4332 3171 4385 ὅπου
3191 4335 3219 4385 ὁ
3239 4336 3561 4401 θησαιιοὸς,
3590 4332 3719 4385 ἐκεῖ
3742 4333 3838 4386 καὶ

598 4401 902 4483 Jerusalem
945 4428 1013 4481 de
1040 4441 1149 4496 qua
1194 4428 1486 4495 Apostolus
1522 4427 1599 4481 ait
1629 4443 1642 4478 :
1684 4401 1795 4480 illa
1839 4436 2013 4481 autem
2053 4444 2172 4498 qua:
2204 4401 2247 4456 Β
2277 4440 2294 4475 οι

2145 4445 2172 4483 ε
2204 4401 2247 4456 D
2277 4422 2315 4489 ἡ
2356 4401 2586 4488 καρδία.
2634 4401 3200 4492 Ἐὰν-θησαυρίζωμεν
3230 4423 3287 4474 ἐν
3319 4421 3551 4494 οὐρανῷ,
3585 4422 3678 4475 καὶ⁸
3707 4421 3841 4490 ἔχω-

601 4534 813 4572 sursum
845 4525 922 4571 est
950 4514 1280 4580 Jerusalem,
1317 4515 1483 4569 libera
1518 4526 1594 4570 est
1622 4532 1739 4585 qua:
1774 4526 1852 4570 est
1887 4527 2057 4570 mater
2079 4534 2172 4571 no-

602 4620 735 4675 stra,
766 4611 901 4665 sicut
929 4610 1183 4676 scriptum
1225 4606 1386 4672 est",
1428 4614 1483 4659 et
1516 4620 1638 4676 quae
1677 4615 2000 4675 sequuntur.
2042 4608 2171 4662 Hac

604 4700 767 4769 igitur
794 4700 925 4754 dicit
976 4699 1229 4753 Dominus
1276 4697 1402 4755 viris
1427 4696 1573 4751 Iuda
1610 4704 1659 4750 et
1692 4697 2049 4753 habitantibus
2075 4699 2171 4753 Je-

606 4792 832 4844 rusalem
855 4808 873 4845 :
899 4790 1103 4844 Novate
1129 4789 1267 4844 vobis
1304 4790 1515 4844 novalia
1544 4798 1593 4841 et
1631 4788 1792 4842 nolite
1817 4806 1986 4845 serere
2011 4808 2171 4862 super

606 4881 868 4950 spinas“.
896 4882 1175 4953 Praecipue
1207 4884 1272 4938 ad
1310 4883 1560 4938 doctores
1594 4889 1804 4951 spectat
1836 4882 1926 4938 hic
1964 4898 2166 4950 sermo,

606 4988 675 5028 ne
704 4972 854 5042 prius
886 4972 1232 5028 auditoribus
1263 4974 1424 5028 verba
1457 4974 1712 5040 credant,
1763 4987 1928 5044 quam
1954 4974 2168 5029 novalia

680 5178 723 5209 “
746 5175 935 5231 Matth.
970 5193 1024 5243 γ,
1050 5176 1140 5232 54.
1220 5177 1262 5208 ⁸⁵
1293 5176 1481 5233 Matth.
1509 5195 1599 5246 v1,
1635 5179 1723 5234 ει.
1804 5179 1847 5211 ¹⁸
1875 5177 1995 5234 Gal.
2029 5194 2104 5244 IV,
2135 5177 2226 5234 26.

678 5376 755 5514 (ιζ
796 5375 1155 5431 Scribendum
1192 5387 1345 5445 putat
1372 5376 1621 5443 lluetius,
1647 5377 1886 5447 οἴδαμεν.

678 5447 733 5509 (‘2
796 5446 854 5501 In
868 5447 990 5501 cod.
1010 5443 1129 5501 Vat.
1148 5450 1287 5502 male
1308 5449 1525 5503 omissae
1547 5458 1675 5503 sunt
1705 5448 1785 5501 hae
1806 5463 1886 5500 voc

676 5443 755 5514 (‘2)
796 5446 854 5501 In
868 5447 990 5501 cod.
1010 5443 1129 5501 Vat.
1148 5443 1287 5502 male
1308 5449 1525 5503 omissae
1547 5458 1675 5503 sunt
1705 5443 1785 5501 hae
1806 5461 1999 5501 voces:
2023 5446 2167 5516 λέγω

606 5514 926 5659 ιΪῳίιὲ)
963 5586 1125 5659 Ἴδῃ,
1146 5588 1221 5659 μὴ
1248 5585 1498 5659 δεόμενον
1541 5585 1635 5640 τοῦ
1664 5580 1805 5659 εἶναι
1850 5584 1911 5638 τὸ
1941 5584 2013 5659 Δού
2034 5600 2060 5659 Ἀ
2076 5584 2174 5659 καὶ

608 5655 709 5737 ξχῃ
734 5656 796 5737 ab
817 5654 914 5722 ob;
941 5658 1016 5729 μὴ
1042 5652 1292 5729 δεόμενον
1321 5652 1609 5728 μαρτύρων
1628 5657 1706 5727 τῷ
1737 5652 1873 5709 εἶναι
1894 5655 2024 5707 αὐτὸ
2038 5653 2173 5724 ἀλη-

607 5723 925 5864 θωᾶῗῠίῖοά.
960 5793 1079 5851 Vat.
1098 5835 1113 5861 ,
1142 5796 1385 5867 γένηται.
1420 5793 1543 5849 Mox
1573 5795 1711 5849 idem
1744 5795 1915 5850 codex
1940 5791 2172 5846 δεδόσθω

2281 4527 2380 4581 μεν
2415 4512 2514 4579 τὴν
2547 4511 2772 4581 καρδίαν
2807 4512 2864 4564 ὲν
2904 4511 3258 4583 Ἰερουσαλὴμ
3283 4515 3349 4583 τῇ
3383 4512 3514 4577 ἄνω,
3562 4512 3689 4584 περὶ
3712 4508 3780 4584 ἧς
3813 4514 3842 4565 ὁ

2289 4601 2606 4665 Ἀπόστολός
2634 4619 2813 4672 φησιν’
2843 4602 2911 4656 Ἦ
2923 4602 2991 4655 δὲ
3015 4602 3135 4657 ἄνω
3166 4602 3547 4673 Ἰερουσαλὴμ
3560 4602 3844 4671 ἐλευθέρα

2275 4692 2467 4755 ἐστὶν,
2500 4693 2631 4761 ἥτις
2655 4692 2787 4748 ἐστὶ
2817 4694 3013 4762 μητὴρ
3039 4694 3233 4764 ἡμῶν,
3259 4696 3339 4761 ὠς
3374 4694 3715 4764 τέτραπται,
3748 4696 3843 4748 καὶ

2275 4784 2342 4837 τὰ
2396 4784 2539 4854 ἑξῆς.
2593 4783 2735 4838 Τάδε
2777 4780 2871 4837 οὖν
2922 4784 3082 4854 λέγει
3129 4788 3343 4854 Κύριος
3390 4785 3515 4852 τοῖς
3549 4784 3843 4853 ἀνδράσιν

2288 4875 2500 4937 Ἰούδα,
2516 4877 2609 4929 καὶ
2627 4876 2751 4942 τοῖς
2762 4876 3145 4931 κατοικοῦσιν
3157 4876 3845 4946 Ἰερουσαλήμ’Νεώσατε

2274 4966 2511 5031 ἑαυτοῖς
2534 4964 2830 5036 redigam,
2861 4968 2960 5021 καὶ
2985 4966 3070 5037 μὴ
3098 4969 3371 5037 σπείρετε
3406 4968 3499 5022 ἐπ’
3531 4967 3841 5034 ἀκάνθαις.

2303 5178 2346 5209 ¹⁶
2370 5176 2567 5233 Jorent.
2601 5194 2672 5245 tv,
2701 5178 2755 5233 5.

2279 5382 2457 5453 γὰρ...
2491 5385 2540 5436 εἰ
2567 5381 2674 5435 δέοι
2708 5380 3148 5453 παραλαμϐάνειν
3178 5383 3257 5444 είς
3292 5379 3383 5432 τὸν
3409 5375 3650 5431 τοιοῦτον
3682 5377 3842 5449 ὅρκον

2278 5449 2370 5505 τὸν
2402 5453 2495 5504 τοῦ
2525 5452 2723 5515 παντὸς
2741 5490 2756 5510 ,
2776 5449 2866 5502 ’ἐὸν
2895 5449 3146 5519 Χριστόν.

2351 5522 2427 5592 (51
2467 5524 2544 5575 Ita
2581 5524 2747 5576 codex
2770 5515 3012 5592 uterque.
3048 5516 3348 5573 Ghislerius
3379 5516 3481 5587 legi
3508 5516 3623 5570 vult
3653 5532 3670 5571 :
3703 5515 3843 5587 πρὸς

2278 5588 2375 5662 τὴν
2403 5588 2997 5662 ἁπιστίανᾼγενομένην.

2352 5662 2429 5741 (εξ)
2467 5660 2598 5722 Cod,
2655 5651 2824 5728 γει,
2866 5651 3249 5729 τροποὶογιῶν.
3300 5655 3531 5713 Scorial.
3580 5651 3841 5727 τροπολο-

2278 5745 2468 5796 γικως.
