4296 6288
337 374 448 433 315

1506 374 1575 431 IN
1610 373 1955 433 JEREMIAM
1996 374 2274 430 HOMILIA
2318 374 2380 433 V.

3471 373 3577 429 3H

354 488 584 561 Ὅλόγος
598 482 746 553 οὗτος
768 489 1002 562 μάλιστα
1018 496 1128 559 τοῖς
1148 491 1703 562 διδάπουσιλὲγεται,
1729 493 1815 545 ἵνα
1838 493 1911 563 μὴ
1941 499 1986 555 Α
2016 491 2050 546 ft

1883 493 1911 562 ὴ
1941 499 1986 555 Α
2016 491 2242 547 fecerint
2286 491 2340 545 in
2391 505 2583 545 eorum
2629 489 2848 545 animis.
2882 489 3109 554 Quando
3152 489 3298 546 enim
3335 489 3579 545 adhibito

355 581 609 654 πρότερον
633 581 1040 651 ἐμπιστεύσωσι
1064 583 1133 638 τά
1152 584 1418 655 λεγόμενα
1438 588 1552 649 τοῖς
1593 585 1908 658 ἀκροαταῖς,

360 674 459 743 πρὸ
472 671 553 725 τοῦ
573 671 832 742 νεώματα
859 675 1080 746 ποιῆσαι
1109 678 1165 729 ὲν
1184 681 1303 739 ταῖς
1317 676 1513 747 ψυχαῖς
1528 676 1725 730 αὐτῶν.
1748 677 1910 731 Ὅταν

354 764 454 834 γὰρ
478 763 690 836 ἀρότρῳ
729 764 1079 830 ἐπιϐαλόντες
1100 767 1199 838 τὴν
1223 770 1378 838 χεῖρα
1398 766 1652 838 νεώματα
1678 768 1913 839 ποιήσω-

353 873 430 909 σιν
456 857 511 908 ἐν
542 859 664 919 ταῖς
686 856 1071 927 ψυχαῖς,-κατά
1086 859 1184 930 τὴν
1210 859 1315 929 γῆν
1341 860 1439 931 τὴν
1466 859 1635 930 καλὴν
1659 860 1752 913 καὶ
1778 860 1914 927 ἀγα-

350 947 438 1016 θὴν
463 946 671 1001 τούτων
704 949 1025 1014 ἀκουόντων,
1052 951 1174 1004 τότε
1205 950 1517 1022 σπείροντες
1557 953 1617 1004 οὑ
1663 950 1914 1020 σπείρου-

344 1054 422 1090 σιν
461 1038 549 1091 ἐπ’
584 1039 871 1104 ἀκάνθαις
906 1042 1000 1095 ἐὰν
1031 1041 1088 1094 δὲ
1120 1043 1228 1112 πρὸ
1256 1042 1349 1095 τοῦ
1389 1043 1641 1114 ἀρότρου,
1677 1042 1772 1095 καὶ
1806 1043 1913 1110 πρὸ

331 1123 427 1178 τοῦ
455 1126 717 1197 νεώματα
757 1130 976 1199 ποιῆσαι
1005 1132 1063 1183 ἐν
1096 1129 1173 1200 τῷ
1200 1131 1512 1202 ἡγεμονικῷ
1550 1131 1658 1183 τῶν
1685 1131 1911 1183 ἀκουόν-

329 1234 466 1277 των,
499 1218 639 1290 λάϐῃ
679 1237 762 1283 τις
797 1220 866 1273 τὰ
902 1221 1193 1292 σπέρματα
1240 1223 1309 1276 τὰ
1344 1223 1496 1291 ἆγια,
1535 1223 1625 1274 τὸν
1660 1222 1786 1291 περὶ
1817 1221 1910 1274 τοῦ

329 1307 555 1380 Πατρὸς
585 1309 761 1379 λόγον,
789 1311 878 1363 τὸν
907 1312 1034 1383 περὶ
1065 1312 1159 1366 τοῦ
1175 1312 1325 1375 Υἱοῦ,
1358 1313 1448 1364 τὸν
1476 1312 1603 1382 περὶ
1630 1311 1723 1364 τοῦ
1757 1311 1909 1380 ἁγίου

329 1400 673 1473 Πνεύματος,
703 1403 794 1456 τὸν
823 1402 979 1472 λόγον
1010 1404 1100 1457 τὸν
1139 1409 1266 1477 περὶ
1297 1404 1665 1469 ἀναστάσεως,
1700 1403 1791 1456 τὸν
1828 1402 1914 1456 λό-

328 1508 435 1562 γον
463 1494 554 1548 τὸν
586 1494 714 1566 περὶ
747 1495 1041 1560 κολάσεως,
1075 1495 1169 1548 τὸν
1195 1494 1351 1564 λόγον
1377 1496 1468 1549 τὸν
1508 1495 1636 1566 περὶ
1664 1494 1911 1549 ἀναπαύ-

335 1601 500 1649 σεως,
528 1587 620 1640 τὸν
640 1587 768 1658 περὶ
786 1586 972 1657 νόμου,
1006 1587 1094 1640 τὸν
1118 1588 1244 1658 περὶ
1273 1587 1585 1660 προφητῶν,
1622 1591 1715 1642 καὶ
1737 1588 1911 1655 ἁπαξ-

332 1676 526 1740 απλῶς
550 1678 779 1732 ἑκάστου
825 1677 932 1732 τῶν
975 1678 1391 1750 γεγραμμένων,
1426 1681 1521 1732 καὶ
1550 1679 1769 1751 σπείρῃ,
1807 1697 1912 1732 πα-

335 1765 585 1837 ραϐαίνει
610 1768 709 1838 τὴν
750 1766 1011 1837 λέγουσαν
1063 1768 1280 1841 ἐντολὴν
1336 1770 1573 1843 πρῶτον·
1633 1770 1911 1824 Νεώσατε

2014 591 2195 636 aratro
2242 581 2458 636 novalia
2489 580 2718 635 fecerint
2747 580 2801 633 in
2833 589 2977 634 terra
3004 580 3143 634 bona
3167 591 3222 636 et
3245 580 3497 648 fecunda,
3524 582 3582 635 in

2014 675 2300 730 animabus
2334 688 2528 744 nempe
2569 673 2877 727 auditorum
2900 714 2915 738 ,
2948 680 3078 727 tunc
3115 674 3442 729 seminantes
3470 689 3582 728 non

2014 767 2288 822 seminant
2327 782 2491 836 super
2542 767 2761 836 spinas;
2813 767 2857 819 si
2890 780 3019 819 vero
3047 777 3176 819 ante
3221 774 3495 831 aratrum,
3529 773 3585 823 et

2014 860 2331 929 priusquam
2363 859 2577 915 novalia
2611 857 2753 915 facta
2806 858 2916 913 sint
2945 858 3000 911 in
3032 866 3210 912 mente
3237 858 3579 925 auditorum,

2013 950 2286 1018 acceperit
2324 949 2446 1019 quis
2474 958 2662 1003 saneta
2689 950 2897 1003 semina
2918 989 2931 1013 ,
2963 963 3273 1003 sermonem
3306 948 3373 1002 de
3401 946 3580 1014 Patre,

2015 1055 2323 1095 sermonem
2371 1040 2437 1094 de
2477 1039 2616 1093 Filio
2637 1079 2650 1103 ,
2684 1054 2990 1094 sermonem
3022 1039 3088 1093 de
3119 1037 3323 1108 Spiritu
3369 1045 3581 1095 sancto.

2016 1145 2319 1186 sermonem
2355 1130 2422 1184 de
2475 1129 2894 1193 resurrectione,
2932 1142 3239 1182 sermonem
3273 1128 3339 1181 de
3374 1127 3583 1196 suppli-

2015 1222 2150 1285 ciis,
2195 1235 2502 1275 sermonem
2531 1220 2598 1274 de
2627 1220 2844 1288 requie,
2877 1232 3183 1272 sermonem
3225 1216 3292 1270 de
3330 1216 3477 1285 lege,
3517 1216 3584 1269 de

2014 1310 2321 1381 prophetis,
2345 1320 2421 1377 et,
2453 1320 2513 1365 ut
2546 1325 2656 1365 uno
2680 1311 2844 1366 verbo
2875 1310 3075 1374 dicam,
3114 1310 3180 1364 de
3213 1310 3443 1380 singulis
3463 1324 3585 1379 quae

2016 1402 2215 1471 scripta
2247 1410 2395 1468 sunt,
2420 1410 2474 1456 et
2499 1400 2868 1464 seminaverit,
2897 1400 3064 1455 violat
3086 1399 3404 1454 mandatum
3435 1398 3583 1470 quod

2015 1493 2091 1547 ait
2112 1493 2316 1563 primo:
2341 1492 2546 1546 Novate
2561 1491 2703 1546 vobis
2719 1492 2962 1555 novalia;
2987 1491 3215 1547 deinde:
3239 1490 3309 1544 Et
3327 1490 3486 1545 nolite
3509 1506 3587 1545 se-

2014 1601 2124 1637 rere
2137 1601 2292 1654 super
2309 1582 2722 1653 spinasNernm
2742 1583 2885 1638 dicet
2903 1598 3178 1638 nonnemo
3194 1581 3354 1652 158
3369 1581 3586 1636 audito-

2013 1692 2133 1729 rum
2162 1675 2310 1743 :Ego
2347 1690 2454 1728 non
2478 1675 2670 1739 doceo,
2702 1685 2973 1743 praecepto
2995 1673 3124 1727 huic
3157 1689 3265 1728 non
3299 1672 3578 1742 subjaceo.

2014 1765 2118 1821 Sed
2154 1767 2521 1837 tuimetipsius
2556 1766 2793 1837 agricola
2823 1763 2900 1820 sis
2921 1806 2937 1830 ,
2963 1772 3017 1819 et
3049 1763 3160 1818 noli
3191 1777 3373 1819 serere
3419 1777 3583 1832 super

332 1858 573 1925 ἑαυτοῖς
596 1859 884 1929 νεώματω
919 1860 1186 1934 δεύτερον,
1235 1859 1347 1915 Καὶ
1379 1861 1465 1931 μὴ
1511 1861 1789 1929 σπείρετε
1814 1862 1909 1915 ἐπ’
1940 1851 1982 1905 Β
2011 1875 2028 1913 ε

1885 1864 1909 1909 τ’
1940 1851 1982 1905 Β
2011 1859 2218 1927 spinas.
2250 1855 2453 1911 Novale
2503 1856 2590 1912 fac
2628 1873 2816 1926 agrum
2859 1871 3020 1926 quem
3054 1855 3149 1909 tibi
3179 1854 3409 1910 credidit
3436 1853 3581 1912 Deus

331 1948 648 2017 ἀκάνθαις.
696 1950 854 2005 Ἀλλά
884 1955 999 2023 ὲρεϊ
1037 1970 1121 2016 τις
1162 1953 1272 2005 τῶν
1310 1951 1643 2007 ἀκουόντωνο
1663 1953 1805 2021 Ἐγὼ
1845 1953 1905 2005 οὐ

331 2040 594 2106 διδάσκω,
607 2042 707 2113 οὐχ
724 2043 1014 2113 ὑπόκειμαι
1034 2042 1204 2114 ταύτῃ
1219 2045 1285 2113 τῇ
1305 2042 1509 2113 ἐντολῇ.
1527 2044 1638 2097 Καὶ
1658 2043 1721 2094 σὺ
1734 2060 1911 2114 γεωρ-

329 2129 434 2198 γδς
452 2132 613 2199 γενοῦ
640 2132 898 2196 σεαυτοῦ,
931 2133 1004 2203 (l)
1028 2134 1122 2186 καὶ
1148 2133 1220 2202 μὴ
1245 2132 1475 2203 σπείρης
1520 2134 1604 2185 ἐπ’
1629 2133 1908 2198 ἀκάνθαις,

328 2218 477 2272 ἀλλά
497 2220 683 2288 ν’ωμα
714 2219 936 2290 ποίησόν
966 2236 1056 2289 μοι
1079 2219 1140 2272 τὸ
1166 2219 1363 2289 χωρίον
1382 2219 1410 2271 ὃ
1432 2218 1763 2272 πεπιστευκέ
1786 2236 1865 2271 σοι
1884 2221 1913 2272 ὁ

330 2306 475 2371 Θεὸς
494 2307 604 2361 τῶν
620 2309 774 2364 ὅλων.
818 2310 1167 2380 Κατανόησον
1205 2310 1266 2363 τὸ
1303 2311 1519 2381 χωρίον,
1550 2310 1626 2363 ἴδε
1654 2311 1755 2364 ποῦ
1776 2311 1913 2363 εἰσιν

330 2397 593 2465 ἄκανθαι,
612 2398 714 2452 ποῦ
731 2400 989 2473 μέριμναι
1007 2402 1254 2472 βιωτικαὶ
1268 2402 1361 2455 καὶ
1372 2401 1599 2454 πλούτου
1617 2401 1909 2471 φιληδονία.

333 2489 448 2543 Καὶ
462 2492 802 2561 κατανοήσας
818 2491 917 2555 τάς
931 2491 1171 2556 ἀκάνθας
1181 2492 1282 2556 τὰς
1296 2494 1354 2545 ὲν
1375 2495 1440 2563 τῇ
1461 2492 1605 2564 ψυχῇ
1626 2510 1741 2553 σου,
1757 2493 1914 2563 ζήτη-

336 2597 432 2633 σον
450 2580 510 2633 τὸ
538 2580 751 2649 λογικὸν
777 2581 1025 2653 ἄροτρον,
1056 2582 1183 2653 περὶ
1203 2573 1263 2634 οὗ
1299 2582 1506 2652 Ἰησοῦς
1528 2598 1659 2652 φησι
1681 2582 1771 2635 τό·
1808 2585 1914 2636 Οὑ-

333 2669 461 2738 δεὶς
481 2671 697 2735 ,βαλὼν
721 2671 838 2742 τὴν
862 2674 1029 2743 χεῇοα
1061 2674 1153 2726 ἐπ’
1179 2673 1452 2742 ἄροτρον,
1487 2672 1587 2726 καὶ
1623 2671 1912 2741 στραφεὶς

332 2763 423 2825 εις
450 2760 523 2814 τὰ
547 2761 759 2824 ὀπίσω,
784 2762 1025 2828 εὔθετός
1054 2762 1188 2815 ἐστι
1210 2760 1284 2830 τῇ
1297 2761 1577 2828 βασιλείᾳ
1608 2761 1714 2816 τοῦ
1736 2762 1905 2816 Θεοῦ.

338 2852 586 2925 Ζητήσας
616 2851 767 2917 αὐτὸ,
790 2852 885 2905 καὶ
915 2850 1111 2924 εὑρὼν,
1142 2853 1248 2906 ἀπὸ
1279 2852 1387 2907 τῶν
1411 2854 1641 2925 Γραφῶν
1676 2870 1910 2922 συναγα-

332 2941 449 3011 γὼν
472 2943 596 3006 τοὺς
615 2943 758 3014 βοῦς,
786 2944 912 3007 τοὺς
937 2943 1172 3015 ἐργάτας
1196 2945 1323 3009 τοὺς
1346 2944 1639 3017 καθαροὺς,
1662 2946 1913 3017 ἀροτρία-

336 3048 450 3094 σον,
483 3031 575 3084 καὶ
604 3032 802 3085 νέωσον
836 3032 932 3103 τὴν
977 3034 1098 3104 γῆν,
1135 3033 1230 3087 καὶ
1259 3035 1348 3087 ἵνα
1376 3034 1572 3105 μηκέτι
1681 3036 1905 3100 παλαιὰ,

333 3122 560 3192 ποίησον
582 3123 750 3193 αὑτὴν
768 3122 908 3177 νέαν.
944 3124 1335 3196 Ἐκδυσάμενος
1347 3125 1438 3179 τὸν
1454 3125 1679 3179 παλαιὸν
1704 3126 1799 3180 ἄνθ
1806 3144 1911 3199 ρω-

336 3228 437 3264 πον
478 3212 575 3264 σὺν
615 3215 736 3276 ταῖς
769 3214 1029 3285 πράξεσιν
1067 3214 1252 3276 αὐτοῦ,
1295 3215 1388 3268 καὶ
1434 3215 1789 3285 ἐνδυσάμενος
1818 3215 1909 3270 τὸν

335 3304 454 3356 νέον
501 3304 596 3357 τὸν
646 3304 1102 3376 ἀνακαινούμενον
1151 3308 1230 3370 εἰς
1290 3305 1605 3375 ἐπίγνωσιν,
1666 3309 1912 3378 ποιήσεις

338 3394 547 3465 σεαυτῷ
566 3395 768 3466 νέωμα.
788 3397 895 3449 Καὶ
915 3397 1010 3450 ἐὰν
1029 3399 1259 3470 ποιήσῃς
1286 3398 1347 3450 τὸ
1372 3397 1576 3468 νέωμα,
1602 3398 1733 3451 λάϐε
1756 3399 1912 3467 σπέρ-

340 3501 487 3555 ματα
517 3484 627 3538 ἀπὸ
654 3485 762 3539 τῶν
790 3485 1167 3551 διδασκόντων,
1194 3487 1327 3541 λάϐε
1359 3488 1648 3557 σπέρματα
1678 3488 1784 3541 ἀπὸ
1815 3488 1908 3541 τοῦ

335 3576 525 3647 νόμου,
561 3576 694 3631 λάϐε
740 3579 846 3631 ἀπὸ
881 3578 991 3631 τῶν
1026 3579 1340 3651 προφητῶν,
1386 3579 1494 3632 ἀπὸ
1540 3579 1908 3647 εὐαγγελικῶν

334 3666 590 3739 Γραφῶν,
631 3670 1000 3723 ἀποστολικῶν
1038 3671 1231 3739 λόγων,
1274 3670 1369 3723 καὶ
1409 3669 1588 3725 λαϐὼν
1634 3670 1807 3722 ταῦτα
1840 3669 1909 3723 τά

337 3758 648 3832 σπέρματα,
668 3763 886 3832 σπεῖρον
907 3762 1004 3832 τὴν
1019 3761 1194 3833 ψυχὴν
1222 3762 1299 3833 (ἓ)
1332 3760 1422 3814 διὰ
1443 3762 1540 3832 τῆς
1576 3763 1792 3832 μνήμης
1815 3762 1909 3815 καὶ

334 3850 437 3920 τῆς
476 3834 1051 3922 μελέτης.“Αὐτόματα
1082 3850 1254 3906 ταῦτα
1300 3852 1440 3917 δόξει
1488 3850 1815 3915 ἀνατέλλειν,
1851 3851 1910 3904 τὸ

337 3942 554 4013 ἀληθῶς
579 3943 637 3997 δὲ
669 3945 767 3997 οὐκ
796 3943 935 3998 αὐτὰ
968 3945 1242 3998 ἀνατέλλει
1277 3945 1412 4017 μετὰ
1435 3944 1534 4015 τῆν
1564 3947 1782 4015 μνήμην
1814 3944 1910 3995 αὐ-

335 4032 466 4099 τῶν,
512 4033 624 4086 ἀλλ’
672 4034 700 4085 ὁ
760 4034 891 4098 Θεὸς
937 4034 1079 4089 αύτά
1130 4035 1316 4099 αὔξει·
1390 4036 1536 4106 Ἐγὼ
1583 4037 1907 4104 ἐφύτευσα,

349 4117 640 4188 Ἀπολλὼς
684 4125 985 4189 ἐπότισεν,
1047 4126 1184 4180 ἀλλ’
1232 4129 1264 4178 ό
1313 4127 1457 4192 Θεὸς
1495 4126 1751 4194 ηὔξησε.
1798 4125 1910 4177 Καὶ

335 4216 389 4269 εἴ
415 4217 499 4280 τίς
535 4233 598 4284 γε
623 4216 897 4287 δεδύνηται
946 4216 1020 4288 ('5)
1061 4218 1390 4287 κατανοῆσαι
1421 4216 1519 4280 τὰς
1555 4215 1797 4287 Γραφάς,
1822 4208 1912 4268 οὗ·

334 4325 425 4371 τος
468 4309 735 4380 πεποίηκε
786 4309 1006 4378 νέωμαο
1058 4309 1152 4361 καὶ
1194 4309 1424 4378 ποιήσας
1470 4308 1676 4379 νέωμα,
1722 4306 1909 4359 ἐσπει-

340 4415 429 4469 ρεν
465 4400 567 4452 οὐκ
608 4400 664 4450 ὲν
697 4398 980 4462 ἀκάνθαις.
1028 4398 1211 4452 Ταῦτα
1275 4399 1343 4453 τά
1388 4399 1676 4470 σπέρματα
1711 4400 1910 4452 οἰκονο-

2011 1950 2412 2004 universorum.
2469 1948 2765 2003 Considera
2829 1963 3052 2016 agrum,
3114 1947 3237 2001 vide
3297 1946 3388 2000 ubi
3454 1954 3584 2000 sunt

2010 2041 2215 2110 spina),
2259 2039 2354 2092 ubi
2386 2038 2511 2092 vitae
2543 2039 2707 2107 hujus
2757 2039 3116 2108 cogitationes
3167 2047 3222 2090 et
3267 2036 3580 2091 divitiarum

2011 2144 2201 2194 amor;
2235 2137 2289 2183 et
2331 2130 2424 2184 ubi
2459 2128 2646 2198 spinas
2686 2144 2810 2197 qme
2859 2138 2987 2182 sunt
3025 2129 3079 2180 in
3112 2128 3294 2181 anima
3340 2136 3434 2181 tua
3488 2143 3583 2181 co-

2012 2217 2284 2289 gnoveris,
2314 2232 2495 2287 quaere
2524 2216 2847 2271 rationabile
2875 2224 3116 2270 aratrum
3148 2216 3215 2270 de
3246 2231 3358 2286 quo
3391 2215 3467 2269 ait
3493 2213 3583 2268 Je-

2013 2325 2145 2365 sus:
2175 2308 2342 2362 Nemo
2371 2310 2582 2362 mittens
2613 2325 2829 2362 manum
2861 2309 2930 2363 ad
2962 2318 3203 2362 aratrum
3225 2317 3274 2363 et
3299 2308 3581 2377 respiciens

2013 2407 2174 2464 retro,
2203 2409 2354 2468 aptus
2384 2408 2462 2452 est
2491 2415 2646 2469 regno
2692 2398 2788 2455 Dei
2807 2401 2870 2453 ιτ.
2922 2396 3037 2453 Hoc
3083 2398 3385 2469 perquisito
3414 2406 3468 2452 et
3497 2397 3583 2451 in-

2010 2501 2207 2558 vento,
2258 2505 2289 2545 e
2338 2490 2635 2560 Scripturis
2692 2491 3006 2546 conducens
3052 2491 3248 2555 boves,
3301 2491 3582 2559 operarios

2012 2582 2286 2649 mundos,
2336 2591 2521 2636 aratro
2569 2571 2790 2652 subigé,
2828 2591 2882 2637 et
2924 2582 3123 2637 innova
3157 2590 3390 2647 terram,
3422 2590 3475 2635 et
3518 2598 3583 2635 ne

2009 2675 2244 2744 amplius
2289 2674 2360 2728 sit
2399 2682 2633 2738 vetusta,
2676 2673 2762 2728 fac
2794 2674 2963 2742 ipsam
2994 2690 3211 2728 novam.
3241 2672 3459 2727 Exuens
3491 2688 3584 2726 ve-

2011 2776 2179 2822 terem
2206 2766 2480 2821 hominem
2511 2780 2634 2819 cum
2668 2765 2878 2824 actibus
2912 2764 3027 2818 suis
3046 2764 3110 2831 ‘3,
3141 2770 3195 2817 et
3220 2763 3452 2818 induens
3485 2777 3584 2816 no-

2008 2873 2138 2912 vum
2168 2858 2261 2926 qui
2310 2864 2606 2913 renovatur
2635 2856 2688 2910 in
2720 2855 3053 2926 agnitionem
3079 2894 3093 2917 ,
3133 2854 3298 2908 facies
3344 2854 3583 2907 tibimet-

2010 2950 2112 3019 ipsi
2165 2949 2393 3016 novale;
2447 2957 2502 3004 ct
2536 2949 2627 3002 ubi
2660 2947 2856 3002 feceris
2900 2947 3123 3011 novale,
3160 2962 3190 2999 a
3224 2944 3578 3010 doctoribus,

2012 3041 2146 3110 lege,
2174 3040 2476 3110 prophetis,
2510 3039 2836 3107 evangelicis
2865 3036 3163 3107 Scripturis
3184 3079 3199 3102 ,
3232 3036 3579 3106 apostolicis-

2011 3148 2116 3202 que
2160 3132 2506 3186 sermonibus
2534 3130 2716 3199 accipe
2742 3129 2951 3185 semina
2979 3136 3031 3183 et
3057 3142 3119 3181 ea
3153 3127 3206 3180 in
3236 3127 3470 3181 animam
3494 3124 3578 3195 ja-

2011 3225 2119 3277 cito
2168 3222 2445 3277 memoriae
2490 3222 2754 3276 mandans
2800 3229 2853 3274 et
2910 3220 3260 3273 meditatione
3301 3217 3577 3272 cxcolcns.

2010 3313 2284 3369 Pullulare
2332 3315 2447 3369 haec
2482 3328 2581 3368 sua
2623 3321 2816 3382 sponte
2867 3312 3238 3365 videbuntur:
3271 3325 3456 3364 revera
3498 3318 3581 3362 ta-

2010 3421 2135 3460 men
2177 3421 2284 3459 non
2332 3420 2395 3459 ea
2448 3419 2540 3473 per
2590 3404 2909 3457 memoriam
2963 3405 3244 3467 oriuntur,
3301 3401 3394 3455 sed
3437 3398 3580 3455 Deus

2009 3497 2144 3567 ipsis
2193 3496 2592 3551 incrementum
2631 3495 2725 3549 dat
2759 3511 2771 3546 :
2808 3493 2919 3564 Ego
2957 3493 3230 3563 plantavi,
3284 3491 3470 3561 Apollo
3503 3492 3583 3542 ri-

2005 3588 2187 3657 gavit,
2235 3585 2375 3639 Deus
2424 3594 2599 3639 autem
2642 3587 3020 3639 incrementum
3070 3585 3215 3637 dedit
3236 3582 3297 3634 ¹⁹.
3348 3582 3501 3646 Quod
3532 3581 3578 3633 si

2006 3679 2128 3748 quis
2147 3676 2459 3746 Scripturas
2486 3676 2787 3747 intelligere
2808 3677 3065 3746 potuerit,
3087 3677 3175 3729 hic
3204 3674 3335 3727 fecit
3354 3671 3577 3738 novale;

2006 3777 2204 3824 etcum
2232 3766 2419 3823 fecerit
2443 3769 2657 3834 novale,
2681 3784 2789 3822 non
2825 3768 2878 3822 in
2911 3768 3084 3837 spinis
3118 3763 3427 3820 seminavit.
3453 3761 3580 3818 llaec

2008 3860 2249 3925 semina,
2300 3860 2411 3912 Deo
2454 3859 2527 3912 ita
2571 3859 2930 3926 disponente,
2974 3873 3082 3911 non
3140 3863 3360 3924 repente
3414 3854 3581 3923 spica:

2007 3950 2162 4011 fiunt,
2194 3949 2308 4011 sed,
2336 3956 2397 4001 ut
2423 3948 2478 4001 in
2509 3946 2804 4017 Evangelio
2835 3947 3135 4000 secundum
3165 3945 3407 3999 Marcum
3449 3945 3581 4015 legi-

2008 4041 2178 4101 tur",
2227 4038 2464 4107 primum
2510 4037 2672 4092 herba
2695 4075 2709 4098 ,
2744 4035 2938 4089 deinde
2973 4039 3143 4105 spica,
3171 4036 3389 4090 demum
3419 4051 3580 4105 para-

2007 4137 2122 4182 tum
2153 4128 2490 4181 frumentum
2518 4127 2584 4180 ad
2617 4142 2873 4181 messem.
2905 4126 3043 4181 Cum
3086 4135 3269 4196 aptum
3318 4126 3482 4180 fuerit
3510 4128 3578 4181 ad

2008 4231 2278 4281 messem,
2306 4214 2526 4270 venient
2566 4215 2658 4281 hi,
2707 4215 2801 4285 qui
2847 4217 2913 4270 ad
2966 4231 3200 4270 messem
3242 4216 3397 4270 missi
3425 4224 3574 4270 sunt.

2006 4305 2144 4362 Cum
2186 4315 2372 4374 aptum
2430 4302 2596 4359 fuerit
2623 4304 2690 4359 ad
2722 4320 2951 4360 messem
2975 4347 2989 4373 ,
3023 4307 3241 4360 venient
3268 4306 3320 4359 hi
3349 4306 3415 4360 ad
3443 4321 3580 4376 quos

2006 4397 2210 4453 dictum
2254 4405 2379 4453 est:
2408 4395 2599 4451 Levate
2638 4398 2817 4451 oculos
2861 4409 3079 4465 vestros,
3122 4407 3171 4453 et
3205 4399 3373 4454 videte
3410 4399 3581 4469 regie-

342 4494 520 4561 μεῖται
566 4490 670 4544 ὑπὸ
716 4490 808 4543 τοῦ
849 4489 1005 4553 Θεοῦ,
1055 4492 1155 4544 οὐκ
1199 4490 1460 4560 αἰφνίδιον
1503 4489 1754 4557 γενέσθαι
1785 4487 1903 4542 στά-
1936 4508 1979 4562 ι)
2006 4506 2037 4544 n

1882 4519 1903 4539 .-
1936 4508 1979 4562 ι)
2006 4506 2118 4553 nes,
2151 4491 2279 4559 quia
2319 4488 2452 4544 alba:
2484 4498 2608 4543 sunt
2641 4491 2760 4559 jam
2791 4489 2861 4543 ad
2904 4491 3202 4545 messem“.
3255 4492 3346 4544 Ait
3396 4491 3578 4558 itaque

339 4598 451 4649 χυς,
464 4581 577 4634 ἀλλ’
604 4580 681 4651 (4)
709 4580 782 4644 ὼς
799 4582 857 4633 ὲν
870 4579 947 4651 τῷ
963 4580 1103 4634 κατά
1118 4581 1342 4652 Μάρκον
1360 4580 1673 4651 Εὑαγγελίῳ
1689 4580 1902 4651 πρῶτον

339 4670 542 4741 χόρτος,
565 4665 682 4722 εἶτα
717 4669 937 4740 στάχυς,
965 4665 1081 4722 εἶτα
1115 4670 1330 4740 ἕτοιμον
1361 4668 1571 4735 γίνεται
1600 4669 1736 4739 πρὸς
1766 4668 1906 4740 θερι-

341 4761 491 4830 σμόν.
521 4763 689 4813 Ὅταν
721 4761 1169 4832 γένηταιὲτοιμον
1196 4763 1332 4834 πρὸς
1346 4762 1624 4835 θερισμὸν,
1655 4759 1903 4813 ἐλεύσον-

337 4869 422 4906 ται
438 4854 489 4906 ol
518 4854 610 4906 ἐπὶ
633 4853 725 4906 τὸν
747 4853 1003 4924 θερισμὸν
1035 4855 1565 4927 ὲξαποστελλόμενοι,
1591 4856 1717 4908 ὅταν
1743 4853 1905 4923 γένη-

337 4943 646 5014 ταιὲτοιμον
664 4944 800 5017 πρὸς
823 4946 914 4997 τὸν
927 4944 1203 5016 θερισμὸν,
1222 4947 1529 5001 ἐλεύσονται
1561 4946 1634 5016 (5)
1652 4945 1787 5016 πρὸς
1811 4943 1904 5008 οὓς

339 5032 541 5102 ὁλόγος
584 5035 778 5106 φησίν·
820 5034 1107 5104 Ἐεάρατε
1143 5037 1286 5104 τοὺς
1333 5037 1681 5107 ὀφθαλμοὺς
1719 5035 1904 5105 ὑμῶν,

2009 4581 2206 4636 nobis:
2241 4578 2444 4635 Novate
2471 4581 2612 4634 vobis
2640 4583 2881 4649 novalia,
2924 4590 2974 4635 et
3021 4581 3183 4634 nolite
3212 4595 3382 4634 serere
3421 4595 3578 4650 super

2007 4673 2209 4741 spinas.
2276 4670 2334 4726 Si
2378 4680 2558 4727 autem
2606 4673 2926 4742 priusquam
2972 4671 3289 4741 purgaveris
3335 4672 3574 4726 animam

2009 4774 2181 4831 tuam,
2210 4764 2389 4820 adhuc
2412 4765 2621 4821 habens
2655 4766 2841 4834 spinas
2873 4765 3205 4834 processeris
3227 4766 3293 4820 ad
3324 4781 3450 4820 eum
3479 4766 3576 4835 qui

2010 4856 2205 4909 docere
2234 4854 2316 4908 vel
2349 4854 2541 4924 possit,
2568 4855 2652 4907 vel
2676 4863 2913 4923 putetur,
2943 4855 3025 4908 vel
3055 4855 3366 4924 promittat,
3399 4864 3453 4911 et
3480 4871 3575 4925 pe-

2010 4954 2094 5000 tas
2124 4946 2490 5001 institutiones
2522 4960 2587 4999 ac
2616 4945 2824 4999 semina
2862 4946 3126 5015 spiritalia
3149 4988 3164 5013 ,
3210 4948 3380 5002 violas
3412 4962 3574 5002 man-

2013 5036 2201 5089 datum
2230 5036 2375 5105 quod
2409 5037 2482 5089 ait
2519 5033 2754 5101 '_Nolite
2779 5052 2948 5089 serere
2974 5053 3126 5102 super
3158 5037 3356 5107 spinas.

338 5126 434 5179 καὶ
472 5127 727 5182 θεάσατε
780 5127 887 5194 τὰς
931 5127 1146 5198 χώρας,
1181 5131 1283 5195 ,ὅτι
1331 5132 1544 5186 λευκαί
1581 5134 1700 5185 εισι
1734 5130 1883 5200 πρὸς
1946 5130 2225 5200 θερισμὸν
2271 5130 2419 5200 ἤδηο
2481 5129 2645 5201 φησὶν
2691 5126 2781 5184 οὖν
2820 5132 2948 5201 ἡμῖν
2969 5148 2984 5162 ο
3029 5129 3303 5186 Νεώσατε
3343 5130 3572 5198 ἑαυτοῖς

407 5326 450 5359 ⁸⁷
481 5326 615 5384 Luc.
664 5346 716 5384 Ix
737 5371 752 5397 ,
783 5330 871 5387 62.

951 5331 995 5383 ιι
1025 5330 1235 5387 Coloss.
1284 5347 1376 5395 ιιι,
1413 5333 1465 5387 9.
1544 5334 1586 5365 ¹⁹
1619 5332 1635 5385 l
1667 5334 1792 5390 Cor.
1831 5350 1914 5403 ιιι,
1942 5334 1993 5390 6.
2071 5332 2291 5387 "Marc.
2327 5348 2398 5399 tv,
2423 5331 2512 5385 28.
2571 5332 2610 5362 ¹¹
2640 5365 2647 5384 .

1311 5347 1376 5395 ιι,
1413 5333 1465 5387 9.
1544 5334 1586 5365 ¹⁹
1619 5332 1635 5385 l
1667 5334 1792 5390 Cor.
1831 5350 1914 5403 ιιι,
1942 5334 1993 5390 6.
2071 5332 2291 5387 "Marc.
2327 5348 2398 5399 tv,
2423 5331 2512 5385 28.
2571 5332 2610 5362 ¹¹
2640 5329 2792 5385 Joan.
2828 5332 3007 5395 tv,55.

438 5554 488 5629 Ι)
526 5555 662 5614 Male
687 5559 810 5613 cod.
844 5531 1037 5621 Scor.,.
1071 5558 1164 5613 σοῦ
1197 5557 1439 5630 γεωργὸς
1463 5561 1618 5631 γενοῦ
1654 5559 1899 5619 σεαυτοῦ.
1996 5558 2103 5614 ἀλλ

407 5554 484 5761 32)
522 5627 654 5706 cod.
690 5627 837 5692 νειμ,
868 5632 936 5713 τῇ
967 5629 1132 5761 gum.
1462 5722 1482 5732 -
1623 5709 1636 5726 ι
1693 5712 1704 5727 ⁹
1828 5705 1855 5719 η
1999 5688 2005 5694 .

435 5696 488 5754 5)
527 5698 657 5750 (ιοιΙ.
693 5697 874 5761 Scor.,
908 5698 963 5750 οό
999 5717 1030 5761 ῃ
1072 5700 1171 5761 μὲν
1200 5699 1557 5761 ἀναστέλλειν,
1590 5728 1648 5761 το
1681 5707 1898 5761 αλτοωε
2102 5737 2103 5742 η

1654 5559 1899 5619 σεαυτοῦ.
1996 5558 2112 5614 ἀλλ’
2142 5559 2170 5609 ὁ
2203 5557 2334 5621 Θεὸς
2360 5556 2585 5627 ηὔξησε.
2610 5558 2720 5611 Καὶ
2745 5558 2797 5610 si
2817 5558 2900 5619 τίς
2927 5574 2991 5626 γε
3021 5556 3320 5627 δεδύνηται.

1999 5688 2005 5694 ,
2080 5629 2154 5761 ἕξ)
2198 5626 2252 5678 1η
2283 5628 2405 5681 cod.
2439 5626 2561 5682 Vat.
2582 5627 2744 5708 'deest
2776 5627 2911 5681 ἀλλ’.

1624 5709 1648 5761 ὸ
1681 5705 1898 5761 ἀλτοῶς
2102 5700 2156 5761 .3)
2197 5696 2252 5748 In
2284 5697 2403 5750 eod.
2445 5696 2671 5752 Scorial.
2706 5701 2904 5753 desunt
2943 5697 3057 5752 hmc
3084 5700 3245 5753 verba
3275 5715 3287 5752 :

522 5627 654 5713 90‘!‘
690 5627 837 5713 Em"
868 5629 1132 5713 τ’ἶΙ,ἓῙίυκῇ;

435 5696 874 5785 ﬂeuissem"
908 5696 1171 5785 δόξημὲν
1200 5699 1557 5785 ἀναστέλλειν,
1590 5709 1648 5768 τὸ
1681 5705 1898 5785 ἀληθῶς

345 5760 398 5817 δὲ
421 5760 518 5819 οὐκ
734 5760 1084 5833 ἀπιαάτέλκέίς·
1110 5769 1243 5840 μετὰ
1419 5760 1645 5863 enim;
1674 5760 1891 5846 ξξξάωξ

1999 5688 2005 5694 _
2081 5629 2154 5694 (4)
2198 5626 2252 5678 1η
2283 5626 2405 5681 cod.
2439 5626 2561 5682 Vat.
2593 5627 2744 5684 deest
2776 5627 2911 5681 ἀλλ’.

2102 5700 2156 5763 5)
2189 5696 2252 5772 in
2284 5697 2403 5750 eod.
2445 5696 2671 5772 Scorial.
2706 5701 2923 5772 desunt
2943 5697 3057 5772 lure
3084 5700 3245 5772 verba
3275 5715 3287 5752 :
3321 5698 3452 5757 ὅταν
3476 5703 3570 5772 γέ-

2003 5765 2159 5842 νηται
2189 5765 2400 5836 ἕτοιμον
2436 5769 2569 5840 πρὸς
2595 5768 2682 5823 τὸν
2712 5767 2988 5842 θερισμὸν,
3017 5768 3342 5827 ἐλεύσονται.

4214 5626 4251 5691 \

4252 5692 4279 5729 \,
