4296 6288
302 389 404 448 ΞΠ
1447 384 1513 439 lN
1550 383 1864 441 JEREMlAl

1950 385 2218 441 HOMlLlA
2258 385 2323 440 ν.
3412 389 3473 444 δι
3485 387 3519 444 8

304 509 482 577 ὑμῶν,
507 508 683 578 νοήσας
714 505 778 560 τὸ
816 505 998 578 ῥητὸν,
1041 502 1308 576 μετάϐηθι
1339 505 1433 557 καὶ
1461 504 1553 558 ἐπὶ
1589 504 1688 574 τὴν
1720 521 1845 576 τρο-

1950 504 2125 560 transi
2153 506 2316 560 etiam
2350 504 2415 559 ad
2452 502 2733 569 moralem,
2760 511 2820 556 ut
2853 502 3091 572 reperias
3121 518 3230 572 quo
3254 511 3411 572 pacto
3435 519 3526 557 eo.

309 598 552 668 πολογίαν,
567 596 645 649 ἵνα
663 594 832 667 εὕρῃς
850 594 966 658 πῶς
980 594 1088 648 τῶν
1104 612 1172 647 πε
1179 612 1292 668 ριτε
1299 594 1576 667 μνομένων
1590 595 1817 665 τροπολο
1831 623 1847 634 -

312 690 472 760 γικῶς,
495 687 613 741 ὥστ’
638 686 709 740 ἂν
740 689 911 741 εἰπεῖν
937 688 1080 757 τάχα
1109 687 1261 751 τινὰς
1290 688 1368 759 (1)
1404 687 1583 741 αὐτῶν
1608 705 1620 717 ·
1658 690 1848 757 Ἡμεῖς

305 782 447 850 inter
473 782 501 849 ή
529 778 827 851 περιτομὴ,
856 780 907 831 oi
944 780 1041 850 μὲν
1075 779 1488 851 περιτέμνονται
1516 778 1594 850 τῷ
1625 778 1762 848 Θεῷ,
1797 779 1848 831 οἱ

301 869 350 924 ὣ
374 869 775 940 περιτέμνονται
802 869 919 940 μὲν,
953 869 1012 922 οὐ
1040 868 1117 940 τῷ
1141 868 1260 940 Θεῷ
1287 868 1363 926 δέ.
1382 870 1502 923 Εἰσὶ
1521 869 1577 922 δὲ
1595 871 1687 923 καὶ
1698 868 1846 922 ἄλλοι

295 962 417 1028 λέγοι
442 963 592 1032 παρὰ
621 963 716 1015 τὸν
740 962 896 1028 λόγον
922 962 1010 1015 τὸν
1038 961 1139 1031 τῆς
1167 961 1441 1033 ἀληθείας,
1474 964 1627 1033 παρὰ
1658 961 1733 1029 t2)
1758 960 1848 1014 τὸν

285 1050 418 1119 λέγον
440 1051 532 1103 τὸν
558 1052 665 1122 τῆς
702 1050 1038 1123 Ἐκκλησίας.
1071 1053 1490 1124 Περιτέμνονται
1523 1051 1594 1104 τὰ
1621 1051 1724 1121 ἤθη
1754 1050 1848 1103 καὶ

275 1140 363 1212 τὴν
388 1141 645 1214 καρδίαν,
679 1141 819 1194 ὥστε
853 1143 1048 1209 εἰπεῖν,
1085 1143 1506 1213 σωφρονίζουσιν
1547 1144 1597 1194 οί
1634 1141 1851 1209 φιλοσοα

273 1231 515 1301 φοῦντες,
559 1233 989 1305 σωφρονίζουσιν
1032 1234 1084 1288 οἱ
1127 1234 1234 1288 ἀπὸ
1280 1233 1389 1287 τῶν
1431 1234 1720 1305 αἱρέσεων,
1755 1234 1850 1286 καὶ

264 1321 466 1393 γίνεται
493 1326 684 1389 αὐτοῖς
720 1325 1024 1395 περιτομή·
1062 1324 1198 1379 ἀλλὰ
1223 1323 1491 1395 περιτομὴ
1527 1325 1647 1394 μὲν,
1680 1324 1742 1377 οὐ
1771 1324 1850 1394 τῷ

262 1412 379 1484 θεῷ
406 1414 490 1468 δέ’
522 1414 798 1487 περιτομὴ
822 1413 931 1484 γάρ
956 1413 1098 1484 λόγῳ
1121 1413 1310 1483 ψευδεῖ
1338 1416 1470 1484 παρ’
1506 1413 1737 1478 ἐκείνοις
1763 1414 1851 1484 γί-

259 1520 431 1560 νεται.
486 1507 661 1561 ’Όταν
707 1506 765 1560 δὲ
807 1506 951 1560 κατά
999 1505 1090 1558 τὸν
1136 1505 1586 1576 ἐκκλησιαστικὸν
1626 1508 1846 1571 κανόνα,

256 1595 399 1649 κατά
426 1596 531 1669 τὴν
567 1597 825 1670 πρόθεσιν
851 1596 950 1667 τῆς
970 1597 1157 1665 ὑγιοῦς
1169 1597 1515 1664 διδασκαλίας
1534 1598 1848 1661 κοινωνικὸς

258 1685 332 1757 (5)
369 1682 461 1761 ᾖς,
492 1690 558 1742 οὐ
589 1688 985 1761 περιτέτμησαι
1023 1689 1200 1760 μόνον,
1230 1688 1365 1743 ἀλλά
1395 1691 1491 1744 καὶ
1524 1689 1849 1761 περιτετμη-

254 1793 344 1831 σαι
376 1779 461 1849 τῷ
504 1778 644 1850 Θεῷ.
692 1779 1089 1849 Περιτμήθητε
1123 1775 1218 1835 οὖν
1261 1779 1341 1846 τῷ
1376 1780 1497 1848 Θεῷ
1521 1779 1708 1850 ὑμῶν,
1744 1779 1842 1833 καὶ

251 1871 652 1939 πεμτέμεσθε
674 1869 790 1940 τὴν
813 1872 1221 1939 ἀκροϐυστίαν
1250 1869 1358 1940 τῆς
1379 1872 1628 1941 καρδίας
1652 1871 1839 1942 ὑμῶν.

247 1960 543 2023 Τίς-ταῦτα
558 1963 620 2016 οὐ
634 1963 967 2036 παρέρχεται
992 1964 1068 2028 ὼς
1090 1964 1232 2036 σαφῆ
1250 1980 1266 2029 ;
1286 1963 1494 2017 Οὐκοῦν
1514 1964 1629 2016 ἐστί
1651 1981 1734 2024 τις
1766 1964 1843 2035 (4)

243 2051 603 2123 ἀκροϐυστία
630 2053 730 2123 τῆς
762 2054 987 2125 καρδίας
1005 2093 1019 2117 ,
1053 2054 1146 2107 καὶ
1175 2053 1376 2124 ταύτην
1403 2054 1483 2107 δεῖ
1524 2056 1848 2125 περιτέμνε-

242 2142 405 2198 σθαι.
445 2141 510 2192 '0
541 2135 852 2210 ἀκριϐώσας
874 2143 967 2195 τὸν
997 2142 1175 2210 λόγον,
1207 2143 1433 2196 τοιαῦτα
1464 2141 1641 2213 ζητῶν
1679 2145 1737 2196 ὲν
1771 2144 1847 2214 τῷ

235 2228 409 2297 τόπῳ
442 2224 691 2290 ἐξετάσει
712 2244 726 2257 ο
761 2230 794 2299 ή
838 2230 1172 2300 ἀκροϐυστία
1202 2233 1580 2301 συγγεννόνεαι,
1622 2233 1654 2303 ή
1691 2248 1848 2303 περι-

234 2318 393 2388 τομὴ
426 2318 725 2387 ἐπίκτητός
752 2321 887 2386 ἐστι,
916 2320 1012 2374 καὶ
1040 2321 1175 2392 ὅπερ
1207 2324 1272 2375 ἐκ
1308 2321 1575 2388 γενέσεως
1599 2321 1845 2392 ἐλήλυθε,

238 2408 414 2463 τοῦτο
470 2413 750 2482 περιαιρεῖ
791 2412 825 2482 η
881 2414 1174 2485 περιτομή.
1225 2414 1289 2467 El
1334 2413 1515 2467 τοίνυν
1548 2416 1850 2487 περιαιρεῖο

244 2501 369 2554 σθαι
393 2498 607 2553 κελεύει
642 2501 1327 2574 ὁλόγοςτὴνάκροϐυστίαν
1354 2504 1453 2575 τῆς
1492 2504 1717 2576 καρδίας
1745 2504 1844 2576 ('5),

243 2590 463 2659 ὀφείλει
489 2607 542 2643 τι
575 2586 714 2644 εἶναι
745 2593 1243 2664 συγγεγεννημένον
1282 2596 1348 2665 τῇ
1385 2595 1603 2665 καρδίᾳ,
1651 2595 1679 2648 ὃ
1700 2595 1846 2663 λέγει

244 2681 644 2753 ἀκροϐυστίαν,
671 2684 807 2755 ὅπερ
856 2684 1270 2756 περιαιρεθῆναι
1298 2685 1400 2753 δεῖ,
1428 2687 1511 2738 ἵνα
1523 2702 1607 2749 τις
1637 2686 1849 2757 περιτέ-

244 2789 461 2843 τμηται
487 2771 588 2844 τήν
615 2773 983 2845 ἀκροϐυστίαν
1024 2775 1125 2845 τῆς
1145 2775 1389 2847 καρδίας.
1415 2776 1541 2829 Ἑάν
1566 2793 1650 2840 τις
1676 2777 1846 2851 νοήσῃ

244 2866 325 2920 τό·
356 2869 592 2936 Ἤμεθα
614 2866 688 2937 (6)
707 2865 893 2921 τέκνα
921 2867 1103 2936 φύσει
1132 2864 1420 2935 ὀργῆς-,ὠς
1436 2866 1607 2922 καίοι
1621 2869 1840 2921 λοιποί·

247 2957 344 3011 ὲάν
373 2974 466 3020 τις
491 2958 658 3028 νοήσῃ
681 2957 742 3011 τὸ
765 2957 936 3026 σῶμα
961 2956 1069 3025 τῆς
1096 2957 1507 3025 ταπεινώσεως
1524 2952 1639 3026 ὲνῷ
1657 2976 1846 3029 γεγεν-

247 3049 309 3115 νή
319 3046 489 3118 μεθα·
509 3046 605 3101 ἐάν
615 3064 699 3112 τις
715 3050 882 3121 νοήσῃ
896 3047 976 3100 τό*
996 3046 1205 3114 Οὐδεὶς
1220 3047 1479 3117 καθαρὸς
1493 3050 1610 3104 ἀπὸ
1619 3051 1842 3118 ῥύπου,

246 3134 393 3226 οιξδὲ
430 3136 492 3188 εἰ
510 3135 620 3204 μία
648 3134 838 3205 ἡμέρα
864 3135 958 3203 εἴη
993 3136 1030 3204 ἡ
1058 3134 1168 3204 ζωὴ
1190 3137 1375 3191 αὐτοῦ
1395 3154 1408 3166 ⁸
1436 3137 1746 3208 ἀριθμητοὶ
1774 3138 1842 3193 δὲ
1867 3163 1916 3226 C

239 3223 444 3295 μῆνες
471 3226 684 3282 αὐτοῦ’
715 3227 901 3296 ὄψεται
927 3226 1047 3281 τίνα
1073 3227 1273 3300 τρόπον
1297 3230 1671 3302 γεγεννήμεθα
1702 3231 1841 3303 μετά

245 3318 601 3390 ἀκαθαρσίας
627 3316 722 3370 καὶ
746 3317 1112 3389 ἀκροϐυστίας
1141 3318 1240 3390 τῆς
1273 3319 1500 3390 καρδίας
1530 3321 1711 3392 ήμῶν.

314 3408 443 3462 Ἵνα
476 3409 533 3462 δὲ
573 3410 712 3463 κατὰ
756 3410 820 3463 τὸ
862 3408 1229 3483 ἁπλούστερον
1264 3412 1613 3485 παράδειγμα
1650 3414 1837 3487 λεχθῇο

236 3499 557 3573 δυνάμενον
605 3505 976 3574 προσαγαγεῖν
1004 3503 1147 3574 ὑμᾶς
1177 3502 1254 3574 (7)
1272 3503 1350 3575 τῷ
1390 3503 1516 3558 ἰδεῖν
1534 3507 1634 3577 τὴν
1662 3508 1828 3580 ἀκρο-

236 3589 484 3645 ϐυστίαν
526 3591 629 3662 τῆς
682 3592 928 3664 καρδίας,
979 3592 1371 3666 παραθήσομαι
1422 3597 1506 3650 ὃτι
1550 3596 1694 3652 κατὰ
1742 3597 1838 3667 τὴν

238 3681 485 3752 πρώτην
522 3681 737 3752 ἡλικίαν
776 3680 1113 3751 ψευδοδοξίαι
1150 3683 1369 3747 πάντως
1401 3683 1639 3753 γίνονται
1668 3685 1726 3738 ὲν
1772 3688 1836 3757 τῇ

234 3773 436 3845 ψυχῇ·
473 3772 536 3825 οὐ
572 3765 678 3843 γὰρ
707 3766 817 3826 οἷόν
848 3772 908 3826 τέ
939 3773 1087 3826 ἐστιν
1114 3773 1356 3846 ἀρχῆθεν
1392 3774 1567 3846 ἀληθῆ
1594 3775 1840 3847 δόγματα

238 3866 334 3918 καὶ
360 3862 593 3934 καθαρὰ
612 3863 795 3917 λαϐεῖν
814 3861 889 3933 (8)
907 3863 997 3916 τὸν
1013 3864 1316 3934 ἄνθρωπον,
1339 3869 1704 3939 προενοήσατο
1729 3868 1786 3922 δὲ
1808 3871 1837 3923 ό

237 3953 389 4019 Θεὸς
417 3952 572 4021 λόγον
603 3952 839 4026 ἱστορίας
869 3953 964 4006 καὶ
1005 3953 1227 4025 Γραφῆς
1257 3955 1357 4025 τῆς
1386 3955 1527 4009 κατά
1554 3956 1614 4010 τὸ
1654 3957 1834 4028 ῥητὸν,

241 4044 329 4101 ενα
345 4042 534 4116 epam
563 4043 653 4097 τὸν
670 4043 810 4097 κατά
831 4042 1008 4113 σάρκα
1027 4045 1421 4115 γεγεννημένον
1455 4045 1533 4117 τῷ
1562 4047 1833 4120 Ἀϐραὰμ,

242 4128 476 4198 ἐντοῖς
521 4133 665 4187 κατά
730 4134 910 4206 σάρκα
958 4134 1178 4205 πρῶτον
1224 4134 1423 4203 λόγοις,
1471 4136 1567 4189 κα)⁵
1611 4138 1836 4208 γένηται

243 4226 472 4301 πρῶτος
512 4225 542 4278 ό
585 4225 648 4279 ὲκ
679 4226 778 4295 τῆς
826 4224 1136 4295 παιδίσκης,
1164 4223 1245 4288 εἰς
1277 4224 1340 4278 τὸ
1378 4225 1671 4297 δυνηθῆναι
1700 4228 1838 4297 μετά

243 4320 443 4375 τοῦτον
483 4316 808 4388 γεννηθῆναι
854 4316 945 4371 τὸν
987 4316 1087 4387 τῆς
1124 4314 1434 4388 ἐλευθέρας,
1472 4317 1567 4371 καὶ
1613 4317 1705 4372 τὸν
1748 4318 1837 4375 διὰ

245 4413 345 4484 τῆς
384 4408 737 4478 ἐπαγγελίας.
757 4410 821 4463 El
849 4408 1096 4479 νενόηται
1120 4406 1277 4461 τοῦτο
1304 4407 1394 4462 διὰ
1412 4408 1466 4461 τί
1487 4408 1833 4484 παρελήφθη,

1950 611 2070 649 rum
2106 597 2198 666 qui
2237 596 2566 665 tropologice
2598 596 2671 648 ita
2700 591 3264 659 circumciduntur,ut
3297 593 3519 662 quidam
3544 577 3585 656 “

1947 700 2011 739 ex
2055 685 2124 741 iis
2151 687 2335 741 dicant
2360 702 2373 738 :
2403 684 2514 740 Nos
2544 700 2737 739 sumus
2776 682 3142 747 circumcisio,
3177 683 3268 737 alii
3298 684 3513 753 quidem

1947 777 2414 832 circumciduntur
2448 778 2556 831 Deo
2576 817 2590 842 ,
2620 777 2709 830 alii
2744 790 2873 849 vero
2920 771 3399 842 circumciduntur,
3426 775 3518 830 sed

1950 883 2058 923 non
2107 867 2237 925 Deo.
2286 866 2401 923 Hoc
2448 869 2610 921 etiam
2647 869 2772 923 aliis
2806 867 2982 923 modis
3033 865 3299 934 accipitur
3329 874 3523 934 praeter

1954 960 2203 1014 veritatis
2236 971 2291 1013 et
2322 958 2580 1013 Ecclesia:
2618 976 2859 1015 sensum.
2884 957 3294 1013 Circumcidunt
3324 966 3376 1011 et
3403 971 3523 1011 mo-

1951 1064 2038 1105 res
2086 1060 2141 1104 ct
2186 1064 2314 1113 cor,
2366 1049 2466 1102 hoc
2511 1057 2629 1115 est,
2684 1051 2753 1104 ad
2807 1050 3127 1103 modestiam
3167 1057 3521 1117 componunt,

1950 1140 2043 1211 qui
2092 1140 2452 1210 philosolihiee
2478 1140 2675 1194 addicti
2706 1149 2865 1206 sunt,
2897 1155 3108 1195 necnon
3133 1139 3401 1201 haeretici,
3435 1138 3523 1193 fit-

1950 1245 2058 1300 que
2105 1231 2243 1300 ipsis
2296 1228 2679 1298 circumcisio;
2728 1233 2820 1286 sed
2868 1232 2973 1286 ctsi
3021 1230 3373 1285 circumcisio
3402 1236 3524 1295 est,

1952 1319 2064 1376 Deo
2094 1329 2274 1376 tamen
2316 1337 2424 1376 non
2457 1331 2573 1389 est;
2604 1322 2743 1377 falso
2775 1322 2976 1392 quippe
3002 1321 3349 1377 circumcisio
3380 1319 3524 1389 apud

1950 1413 2075 1468 illos
2118 1414 2195 1467 lit.
2245 1413 2477 1480 Quando
2509 1430 2637 1469 vero
2673 1415 2971 1469 secundum
3019 1413 3274 1468 Ecclesiae
3307 1412 3524 1482 regulas

1949 1514 2005 1561 et
2034 1521 2181 1560 sana:
2212 1505 2476 1561 doctrinae
2505 1507 2845 1576 prepositum
2888 1506 3159 1576 particeps
3187 1504 3527 1559 communio-

1948 1598 2034 1652 nis
2082 1614 2177 1664 es,
2231 1614 2338 1653 non
2368 1599 2544 1653 solum
2582 1598 2941 1652 circumcisus
2981 1612 3074 1660 es,
3125 1612 3313 1650 verum
3360 1596 3524 1650 etiam

1948 1683 2306 1739 circumcisus
2339 1702 2398 1740 es
2425 1684 2555 1740 Deo.
2589 1684 2795 1754 itaque,
2822 1685 3281 1739 Circumcidimini
3307 1684 3415 1739 Deo
3442 1702 3528 1739 ve-

1948 1783 2089 1839 stro,
2110 1788 2155 1828 et
2194 1777 2556 1830 circumcidite
2585 1778 2903 1847 prwputium
2930 1778 3104 1831 cordis
3129 1778 3286 1831 vestri
3302 1777 3368 1833 ²¹.
3391 1775 3527 1843 Quis

1945 1867 2047 1923 ista
2067 1867 2228 1937 160
2251 1884 2357 1923 non
2385 1869 2891 1938 praterittanquam
2916 1868 3230 1923 manifesta?
3243 1867 3339 1923 Est
3360 1869 3527 1939 igitur

1944 1956 2217 2027 quoddam
2250 1957 2575 2025 prmputium
2620 1957 2803 2012 cordis
2825 1998 2840 2023 ,
2872 1968 2927 2013 et
2955 1959 3087 2014 illud
3130 1960 3528 2014 circumciden-

1945 2047 2075 2099 dum
2107 2058 2209 2100 est.
2258 2045 2362 2112 Qui
2406 2063 2715 2102 sermonem
2750 2049 3037 2118 diligenter
3064 2051 3523 2118 consideraverit,

1946 2136 2063 2188 haec
2091 2151 2341 2203 querens
2394 2137 2501 2191 hoc
2541 2137 2662 2191 loco
2700 2140 2989 2208 expendet.
3023 2140 3354 2210 Prazputium
3396 2156 3529 2195 con-

1947 2225 2187 2294 genitum
2218 2234 2321 2289 est,
2350 2227 2706 2282 circumcisio
2736 2228 3009 2283 adscititia
3041 2242 3144 2297 est,
3174 2231 3430 2301 quodque
3459 2247 3528 2286 ex

1948 2317 2296 2387 generatione
2339 2318 2594 2383 advenit,
2649 2319 2756 2373 hoc
2801 2320 2994 2374 adimit
3041 2322 3411 2377 circumcisio.
3469 2320 3527 2376 Si

1948 2406 2115 2477 igitur
2140 2407 2355 2463 auferre
2376 2408 2532 2477 jubet
2559 2423 2740 2463 sermo
2762 2409 3086 2480 prteputium
3122 2410 3325 2475 cordis,
3361 2425 3526 2480 Opor-

1949 2507 2024 2552 tet
2051 2513 2172 2553 esse
2200 2498 2480 2569 quidpiam
2516 2515 2623 2553 una
2651 2515 2777 2555 cum
2806 2502 2972 2555 corde
3006 2511 3217 2566 natum,
3249 2503 3394 2572 quod
3425 2516 3523 2556 vo-

1947 2599 2034 2643 cat
2062 2590 2415 2658 praaputium,
2449 2592 2707 2661 quodque
2755 2590 3114 2646 auferendum
3162 2602 3276 2657 est,
3309 2602 3371 2647 ut
3402 2595 3527 2662 quis

1946 2679 2271 2748 praeputium
2300 2680 2480 2736 cordis
2508 2683 2593 2736 sui
2629 2682 3009 2736 circumcidat.
3037 2680 3094 2735 Si
3122 2683 3247 2751 quis
3270 2683 3524 2737 conside-

1945 2770 2151 2824 raverit
2180 2770 2312 2825 illud
2343 2788 2359 2825 :
2397 2770 2627 2826 Eramus
2669 2782 2863 2826 natura
2886 2773 2989 2842 ﬁlii
3021 2773 3149 2837 iraa,
3180 2774 3318 2825 sicut
3350 2782 3399 2825 et
3420 2786 3526 2825 rte-

1949 2862 2139 2931 tm'”;
2179 2864 2226 2918 si
2253 2864 2378 2933 quis
2408 2864 2841 2919 consideraverit
2871 2865 2974 2920 hoc
3004 2880 3195 2934 corpus
3242 2863 3523 2917 humilita-

1947 2954 2080 3009 tis“
2123 2954 2178 3008 in
2214 2970 2325 3025 quo
2358 2956 2471 3010 nati
2505 2971 2728 3023 smnus;
2781 2956 2825 3010 si
2856 2956 2981 3026 quis
3014 2956 3178 3010 etiam
3211 2957 3524 3011 considera-

1945 3047 2084 3102 veﬁt
2118 3047 2261 3102 istud
2294 3065 2307 3102 :
2341 3046 2509 3101 Nemo
2542 3064 2706 3118 purus
2736 3064 2767 3099 η
2797 3047 3075 3113 sordibus,
3120 3063 3282 3117 neque
3319 3048 3367 3100 si
3414 3064 3523 3101 una

1944 3137 2055 3191 dies
2102 3137 2260 3207 fuerit
2308 3137 2416 3191 vita
2470 3137 2620 3207 ejus;
2676 3138 3029 3191 numerabiles
3080 3147 3257 3191 autem
3322 3153 3521 3194 menses

1942 3228 2056 3297 ejus
2080 3229 2148 3293 ",
2196 3227 2399 3283 videbit
2428 3242 2665 3300 quonam
2713 3226 2877 3283 modo
2909 3243 3034 3283 cum
3085 3228 3403 3299 impuritate
3465 3236 3522 3281 et

1941 3321 2209 3389 praeputio
2242 3320 2424 3376 cordis
2452 3320 2564 3374 nati
2594 3334 2810 3375 sumus.

2012 3412 2100 3466 15.
2141 3409 2215 3467 Ut
2246 3421 2430 3466 autem
2463 3412 2766 3483 simplicius
2806 3411 3025 3481 aliquod
3052 3411 3362 3482 exemplum
3390 3427 3519 3481 pro-

1940 3515 2194 3575 ponatur,
2218 3504 2365 3574 quod
2389 3520 2486 3559 vos
2514 3504 2582 3558 ad
2619 3504 2945 3574 praeputium
2972 3504 3154 3560 cordis
3186 3518 3520 3574 cognoscen-

1941 3600 2069 3650 dum
2093 3595 2575 3667 possitadduccre,
2595 3595 2790 3649 addam
2814 3593 2981 3649 falsas
3007 3595 3232 3649 omnino
3263 3596 3315 3647 in
3344 3594 3519 3663 prima

1939 3695 2098 3742 aetate
2129 3686 2416 3757 opiniones
2461 3686 2608 3757 gigni
2653 3685 2707 3739 in
2741 3686 2948 3740 anima.
2998 3683 3185 3754 Neque
3222 3684 3365 3738 enim
3402 3684 3521 3738 fieri

1939 3784 2117 3842 potest
2146 3781 2206 3827 ut
2236 3789 2268 3828 a
2313 3773 2399 3829 sui
2434 3774 2663 3829 exordio
2697 3788 2825 3828 vera
2873 3785 2929 3829 et
2967 3788 3101 3843 pura
3132 3772 3386 3841 dogmata
3427 3789 3520 3829 ca-

1938 3868 2052 3939 piat
2075 3867 2261 3929 homo,
2292 3863 2438 3920 Deus
2468 3873 2650 3919 autem
2684 3864 2941 3919 historias
2969 3871 3024 3918 et
3059 3862 3342 3916 litteralem
3368 3862 3519 3917 Scri-

1937 3967 2115 4028 ptum
2163 3970 2388 4010 sensum
2437 3953 2511 4008 ita
2544 3955 2781 4024 providit
2813 3963 2872 4007 ut
2913 3952 3058 4006 filius
3085 3952 3518 4019 Abrahaa,natus

1938 4047 2239 4101 secundum
2272 4058 2526 4108 carnem,
2559 4043 2795 4112 primum
2828 4042 2896 4097 iis
2927 4042 3021 4112 qui
3066 4042 3365 4099 secundum
3392 4059 3516 4100 car-

1938 4151 2062 4192 nem
2090 4144 2218 4190 sunt
2246 4132 2592 4189 sermonibus
2627 4134 2945 4199 nutriretur,
2974 4133 3290 4204 primusque
3315 4136 3410 4205 qui
3443 4152 3512 4191 ex

1939 4223 2137 4279 ancilla
2172 4231 2325 4289 erat,
2356 4231 2703 4284 nasceretur,
2735 4230 2794 4276 ut
2824 4233 3009 4292 postea
3036 4225 3128 4292 qui
3176 4237 3293 4279 erat
3332 4242 3400 4280 ex
3448 4228 3516 4281 li-

1938 4316 2069 4371 hera
2102 4323 2158 4370 et
2202 4329 2299 4385 per
2328 4314 2770 4385 promissionem,
2803 4314 2856 4369 in
2888 4315 3062 4372 lucem
3087 4317 3308 4371 veniret.
3335 4316 3391 4373 Si
3410 4318 3515 4374 hoc

1938 4408 2067 4478 quid
2095 4407 2199 4463 sibi
2233 4407 2385 4473 velit,
2421 4404 2756 4462 intellectum
2790 4408 2971 4477 fuerit,
3009 4410 3196 4479 utique
3225 4418 3404 4481 potest
3436 4411 3517 4464 in-

248 4501 478 4554 δύναται
504 4498 745 4553 νοεῖσθαι
778 4501 812 4571 ή
838 4499 1175 4571 ἀκροϐυστία
1202 4500 1301 4571 τῆς
1328 4499 1557 4571 καρδίας
1585 4518 1836 4572 προγινο-

1950 4499 2110 4570 telligi
2136 4498 2463 4570 praeputium
2485 4500 2665 4556 cordis
2685 4510 2811 4557 ante
2834 4502 3312 4558 circumcisioncm
3342 4502 3519 4557 fuisse.

252 4592 392 4663 μένη
424 4591 526 4662 τῆς
556 4590 873 4664 περιτομῆς.
916 4591 1091 4661 Χρεία
1118 4587 1210 4645 οὖν
1244 4593 1375 4663 ήμῖν
1415 4591 1506 4645 τὸν
1536 4591 1693 4662 λόγον
1726 4611 1831 4649 πα-

252 4679 506 4751 ραλαϐεῖν
537 4681 629 4735 τὸν
676 4680 1005 4753 καθαίροντα
1046 4679 1116 4735 τὰ
1165 4681 1430 4753 δόγματα,
1478 4685 1571 4737 καὶ
1614 4702 1832 4756 περιαι-

254 4771 451 4843 ροῦντα
478 4770 659 4826 πάντα
682 4771 750 4825 τὰ
773 4773 1041 4842 γενόμενα
1063 4771 1203 4826 κατά
1222 4772 1565 4842 ψευδοδοξίαν
1594 4776 1652 4830 ὲν
1674 4778 1825 4848 ἡμῖν·

247 4861 407 4918 τοῦτο
459 4858 553 4919 οὖν
581 4864 698 4917 ἐστι
741 4862 803 4916 τὸ
851 4860 1148 4919 ἀποθέσθαι
1192 4863 1292 4933 τὴν
1318 4863 1684 4936 ἀκροϐυστίαν
1731 4869 1830 4939 της

1938 4600 2285 4664 prognatum.
2313 4593 2464 4662 Opus
2506 4606 2636 4664 ergo
2666 4595 2826 4652 nobis
2869 4603 2952 4651 est
2982 4596 3192 4650 ratione
3226 4609 3347 4664 qua?
3379 4595 3514 4666 dog-

1942 4697 2088 4740 mata
2118 4692 2415 4755 expurget,
2447 4694 2502 4739 et
2534 4684 2744 4741 auferat
2772 4687 2955 4742 omnia
3004 4702 3128 4757 qua:
3157 4689 3214 4741 in
3245 4687 3402 4743 nobis
3438 4702 3508 4743 ex

1938 4776 2092 4833 falsis
2118 4776 2472 4847 opinionibus
2505 4776 2883 4832 innascuntur.
2929 4775 3043 4834 Hoc
3069 4778 3233 4850 igitur
3254 4788 3339 4835 est
3368 4795 3509 4850 prae-

1937 4870 2151 4940 putium
2182 4867 2365 4925 cordis
2390 4869 2563 4925 nostri
2595 4869 2886 4939 deponere.
2934 4871 2993 4925 In
3033 4872 3197 4928 corde
3221 4872 3368 4929 enim
3403 4887 3508 4942 pu-

321 5029 590 5087 ⁸’.Ιει-ειιι.
622 5047 698 5099 tv,
727 5029 783 5086 4.
810 5028 815 5033 ’
857 5031 903 5063 ’³
935 5027 1137 5099 Ephes.
1176 5046 1239 5097 ll,
1267 5030 1322 5085 5.
1398 5030 1448 5063 ’⁵
1468 5030 1666 5105 Philip.
1701 5052 1784 5106 ut,
1814 5040 1864 5097 21

1989 5041 2037 5073 "
2065 5037 2169 5095 Job
2200 5053 2326 5105 xxv,
2359 5037 2416 5092 4.

323 5141 402 5280 ξι)
441 5140 625 5196 Codex
658 5141 1041 5209 Scorialensis,
1070 5144 1211 5213 τάχα
1240 5142 1404 5207 τινές.

343 5212 400 5280 2)
437 5212 607 5280 Παρὰ
647 5211 755 5267 τὸν
784 5214 973 5280 λόγον
996 5211 1104 5266 τὸν
1130 5212 1243 5280 τῆς
1272 5214 1404 5275 cum

343 5212 400 5280 2)
437 5212 607 5282 Παρὰ
647 5211 755 5267 τὸν
784 5214 973 5282 λόγον
996 5211 1104 5266 τὸν
1130 5211 1243 5281 τῆς
1272 5214 1575 5281 ἀληθείας.
1614 5213 1743 5273 Haec
1766 5218 1823 5274 in

250 5280 493 5364 editione
523 5280 701 5337 Huetii
736 5280 1099 5363 omissasunt
1132 5283 1343 5364 incuria
1372 5287 1718 5414 typograglcii,
1747 5290 1826 5343 si.

254 5352 473 5414 quidem
504 5352 769 5407 habentur
799 5359 914 5407 tum
947 5368 1003 5407 in
1034 5350 1298 5409 Vaticano
1342 5362 1458 5409 tum
1502 5370 1557 5409 in
1675 5358 1823 5414 oria-

254 5351 473 5433 guidem
504 5352 769 5433 habentur
799 5359 914 5407 tum
947 5352 1003 5407 in
1034 5350 1298 5409 Vaticano
1342 5350 1458 5409 tum
1502 5350 1557 5409 in
1602 5350 1823 5414 Scoria-

254 5423 401 5564 ὶέηᾶ)
423 5422 816 5564 ἓξὲξνωνικός.
852 5489 1318 5564 Exciditquoque
1353 5493 1471 5551 huc
1499 5511 1603 5555 vox
1630 5499 1685 5555 in
1710 5501 1822 5558 edi-

256 5558 608 5643 tioneliueti,
634 5562 757 5619 licet
782 5563 1047 5619 habeatur
1074 5558 1129 5618 iii
1161 5558 1392 5635 utroque
1413 5567 1598 5629 codice
1622 5587 1817 5631 manu-

255 5640 967 5779 scligtoépdex‘vwmns;
990 5701 1089 5756 οὐκ
1121 5702 1332 5779 ἀμστὶ
1356 5723 1472 5779 τις,
1506 5717 1665 5776 male.

347 5767 401 5842 5)
450 5769 868 5839 Ἄκροσυστίαν
894 5769 1001 5840 τῆς
1035 5773 1313 5843 καρδίαςι
1348 5767 1813 5873 θιέίιιξί-ίιῖἱάειη

1935 5160 2082 5207 recte
2107 5149 2269 5205 habet
2294 5148 2464 5203 codex
2495 5146 2817 5215 Vaticanus;
2848 5150 2940 5205 sed
2977 5151 3032 5205 in
3058 5150 3383 5207 Scorialensi
3407 5169 3503 5209 co-

1932 5222 2053 5277 dice
2082 5235 2270 5276 vocem
2295 5218 2659 5296 ἀκροϐυστίαν
2673 5219 2991 5296 immediate
3020 5223 3300 5296 sequitur:
3323 5221 3377 5275 τί
3407 5222 3503 5296 δή·

1930 5308 2069 5364 ποτε,
2096 5288 2507 5364 περιαιρεθῆναι
2538 5288 2639 5353 δεῖ,
2673 5288 2761 5364 ἵνα
2785 5305 2871 5354 τις
2902 5288 3459 5364 περιτετμηταιλειε.

1957 5432 1971 5445 .
2001 5360 2080 5433 (6)
2119 5356 2304 5445 ('Jode-x'
2336 5356 2649 5445 Vaticanus,
2677 5361 2845 5434 νοήσῃ
2874 5356 3156 5434 τό·”ἦμεν.
3192 5356 3502 5419 Scorialen-

1927 5428 2655 5574 Sisiiiméiﬁi‘i‘icanus»
2688 5501 2857 5574 ἡμᾶς’

2029 5518 2078 5567 ι)
2116 5518 2297 5555 υυιιει
2337 5518 2655 5565 vaucanus,
2688 5518 2857 5625 ηὲας.
2934 5571 2962 5587 ν
3244 5571 3256 5584 ⁸
3450 5575 3463 5588 ,

2023 5572 2077 5642 8)
2114 5571 2383 5653 ddum}?
2407 5569 2506 5653 καὶ
2531 5573 2749 5653 ⁸καθιιρ⁸
2787 5573 3017 5653 ξαϐειν.
3044 5570 3102 5626 In
3125 5571 3323 5653 codice
3349 5570 3498 5653 Yah-

1927 5638 2067 5699 cano
2090 5638 2401 5701 ιπολαϐεἰν
2441 5639 2636 5701 legitur
2661 5638 2868 5696 λαλεῖν.
2897 5643 2954 5698 In
2985 5642 3313 5699 Scorialensi
3346 5644 3500 5701 deest

1926 5711 2044 5789 καί.
2070 5710 2251 5789 ΙζιιιιιοΔ
2267 5718 2389 5789 post
2410 5710 2891 5789 codcx_Vaticanus
2920 5714 3099 5783 habet,
3129 5716 3498 5789 προενοήσατο

1926 5784 1985 5840 δὲ
2017 5785 2045 5838 ό
2074 5780 2206 5845 Θεὸς
2234 5778 2390 5849 λόγος
2426 5781 2682 5854 ἱστορίας.

4042 3488 4045 3573 ί

4040 3608 4043 3665 l

4038 3868 4039 3923 ἰ
