4296 6288
577 458 684 516 519
2039 442 2228 502 οιιιαι

2189 439 2364 498 ἓΕΝΙὸ
3737 443 3852 498 δὲῦ

577 585 758 629 tamus
797 571 1028 628 rationis
1073 567 1324 622 humanae
1353 565 1536 622 sedem
1569 580 1690 621 esse
1723 565 1817 619 ubi
1850 562 2154 632 intelligen—
2180 565 2228 622 Α

2189 565 2228 622 Α
2256 555 2481 628 καρδίας
2519 553 2698 625 ἡμῶν.
2728 553 2791 605 ’Π
2818 553 2926 623 γὰρ
2964 550 3250 623 (1)καρδία
3290 552 3436 606 ἐστὶν
3469 553 3668 626 ἔχουσα
3717 560 3849 610 καθ’

585 663 658 716 tia
684 670 790 726 est,
815 661 956 716 unde
983 673 1159 728 prava:
1183 663 1386 711 exeunt
1415 657 1796 726 cogitationes.
1825 652 1928 720 Qui
1960 667 2156 723 pravas

2259 647 2408 716 ἡμᾶς
2424 644 2482 697 τὸ
2500 646 2598 716 ήγε
2607 643 2844 715 μονικὸν,
2876 642 3002 696 ἔνθα
3018 643 3134 696 ἐστὶ
3161 641 3228 695 τὰ
3255 645 3505 714 νοήματα
3523 645 3646 700 ὅθεν
3661 649 3712 700 οἱ
3727 649 3849 702 δια-

585 755 763 808 aufert
815 751 1209 822 cogitationes,
1263 748 1311 802 is
1361 747 1686 817 praeputium
1731 745 1910 800 cordis
1955 742 2156 798 aufert.
2206 795 2212 800 .

2206 795 2212 800 ,
2259 737 2508 810 λογισμοὶ
2551 736 2863 808 ἐξέρχονται
2909 736 2958 788 οἱ
3005 735 3252 806 πονηροί.
3297 735 3354 790 '0
3383 737 3848 810 περιαιρούμενος

585 847 687 913 Qui
721 845 911 900 falsam
955 841 1181 914 deponit
1211 842 1527 912 opinionem
1554 880 1568 904 ,
1605 837 1930 910 prarputium
1975 835 2158 892 cordis

583 939 664 992 sui
691 937 1055 1002 circumcidit,
1107 935 1275 1004 ﬁtque
1300 934 1383 988 vir
1414 931 1551 986 Juda
1572 973 1586 998 ,
1613 942 1667 986 et
1696 931 1968 986 habitator
1996 927 2157 982 Jeru-

581 1030 746 1084 salem
778 1043 914 1098 pure
945 1028 1330 1082 circumcisus.
1383 1025 1438 1078 Si
1471 1026 1594 1096 quis
1621 1033 1800 1079 autem
1833 1021 2156 1092 praeputium

575 1119 760 1178 cordis
791 1119 874 1174 sui
901 1135 1006 1174 non
1029 1118 1368 1187 deposuerit,
1397 1117 1678 1172 videamus
1709 1114 1838 1182 quid
1869 1113 1946 1168 illi
1976 1127 2157 1166 sermo

577 1211 944 1265 comminctur
971 1228 984 1264 :
1023 1208 1105 1264 Ne
1129 1210 1364 1280 quando,
1390 1209 1589 1279 inquit,
1609 1207 1914 1278 egrediatur
1934 1217 1990 1259 ut
2018 1205 2156 1276 ignis

578 1299 876 1372 indignatio
895 1315 1034 1361 mea,
1061 1308 1111 1352 et
1130 1301 1490 1359 succendetnr,
1517 1310 1566 1353 et
1602 1317 1705 1354 non
1723 1301 1822 1355 erit
1847 1302 1936 1372 qui
1962 1301 2161 1354 exstin-

579 1401 711 1462 guat
741 1393 806 1444 ".
836 1391 1126 1462 Egreditur
1148 1391 1350 1460 itaque.
1378 1391 1526 1446 velut
1551 1392 1706 1462 ignis,
1738 1393 2035 1464 indignatio
2065 1393 2164 1446 Do-

578 1477 714 1532 mini
733 1480 886 1550 161
904 1480 1168 1534 adversus
1193 1495 1290 1534 eos
1315 1479 1408 1548 qui
1428 1478 1540 1534 Deo
1554 1495 1662 1532 non
1675 1479 2154 1545 suntcircumcisi,

578 1570 844 1626 adversus
881 1585 980 1626 eos
1021 1571 1118 1640 qui
1153 1570 1478 1640 praeputium
1513 1570 1694 1626 cordis
1726 1570 1812 1625 sui
1853 1586 1963 1624 non
1987 1571 2154 1641 depo-

579 1671 844 1725 suerunt,
885 1671 939 1716 et
989 1678 1095 1716 non
1124 1663 1229 1716 erit
1261 1661 1356 1732 qui
1401 1663 1718 1732 exstinguat
1761 1678 1792 1716 a
1831 1661 1970 1718 facie
2001 1662 2156 1717 adin-

579 1745 899 1799 Ventionum
931 1745 1197 1814 ipsorum.
1249 1743 1396 1815 Ignis
1427 1745 1529 1799 iste
1561 1745 1842 1800 materiam
1873 1746 2036 1800 habet
2062 1761 2156 1800 ne-

578 1834 810 1904 quitiam
867 1834 1318 1890 adinventionum
1388 1835 1656 1905 ipsorum.
1717 1834 1822 1890 Ubi
1894 1852 2003 1890 non
2069 1845 2153 1893 est

583 1926 820 1994 nequitia
855 1927 1302 1982 ailinrentionum
1325 1967 1340 1990 ,
1367 1942 1476 1983 non
1509 1927 1672 1982 habet
1703 1927 1846 1998 ignis
1876 1929 2020 1998 quod
2054 1930 2153 1984 de-
2185 1911 2228 1966 Β

580 2024 855 2082 pascatur.
891 2013 1064 2068 Porro
1095 2015 1380 2069 materiam
1414 2015 1572 2070 istius
1611 2015 1753 2086 ignis
1799 2031 1922 2070 esse
1963 2017 2154 2086 nequi-

577 2105 708 2160 tiam
755 2106 1200 2161 adinventionum
1225 2147 1244 2175 ,
1281 2107 1408 2160 audi
1458 2105 1784 2175 Prophelam
1837 2107 2102 2162 dicentem
2135 2126 2147 2162 τ

574 2195 644 2252 Et
671 2213 774 2252 non
804 2199 903 2252 erit
923 2198 1014 2268 qui
1053 2198 1360 2268 exstinguat
1397 2213 1430 2250 a
1473 2197 1610 2266 facie
1635 2197 1884 2266 nequitia:
1909 2196 2152 2249 adiuven-

574 2291 774 2345 tionum
799 2299 1093 2344 vestrarum
1116 2305 1136 2341 .'
1161 2290 1474 2344 annuntiate
1496 2289 1551 2342 in
1581 2287 1748 2353 Juda,
1777 2296 1824 2340 et
1849 2289 1904 2340 in
1927 2285 2151 2340 Jerusa-

573 2382 675 2436 lem
699 2381 954 2436 audiatur
977 2396 996 2434 :
1024 2381 1200 2448 dicite,
1237 2381 1570 2444 annuntiate,
1592 2379 1888 2450 signiﬁcate
1912 2378 2036 2432 tuba
2059 2395 2150 2432 su-

571 2490 664 2544 per
694 2483 887 2528 terram
907 2515 923 2540 ,
951 2483 1000 2528 et
1028 2473 1256 2528 clama'e
1287 2475 1576 2539 fortiter".
1603 2471 1760 2536 Haec,
1788 2471 1997 2540 inquit,
2029 2485 2150 2539 quae

573 2569 896 2621 annuntiata
949 2575 1078 2620 sunt
1111 2566 1274 2620 dicite
1324 2566 1378 2620 in
1425 2563 1602 2630 Juda,
1653 2565 1719 2618 iis
1763 2562 1858 2632 qui
1900 2563 1967 2615 de
2008 2563 2151 2616 tribu

569 2655 729 2721 Juda,
765 2664 896 2712 sunt
937 2655 1164 2711 Christi.
1194 2655 1544 2710 Manifestum
1576 2654 1720 2708 enim
1768 2662 1854 2708 est
1903 2651 2154 2706 Salvato-

575 2761 684 2801 rem
716 2755 964 2801 nostrum
999 2762 1031 2802 e
1057 2745 1196 2800 Juda
1227 2755 1480 2800 exortum
1510 2760 1652 2798 esse.

2256 831 2384 894 τοὺς
2427 828 2806 898 διαλογισμοὺς
2835 826 2964 890 τοὺς
3009 825 3298 898 πονηροὺς,
3328 827 3430 898 τὴν
3473 827 3849 900 ἀκροϐυστίαν

2257 921 2354 992 τῆς
2395 918 2622 991 καρδίας
2651 919 3037 989 περιαιρεῖται,
3079 919 3107 970 6
3141 915 3534 988 ἀποτιθέμενος
3561 919 3660 989 τὴν
3701 921 3840 990 ψευ-

2257 1011 2514 1076 δοδοξίαν,
2569 1010 2962 1082 περιτέτμηται
3012 1008 3110 1080 τὴν
3152 1007 3515 1080 ἀκροδυστίαν
3556 1011 3659 1081 τῆς
3703 1029 3842 1084 καρ-

2255 1102 2373 1166 δίας
2414 1100 2600 1166 αὐτοῦ,
2645 1102 2738 1156 καὶ
2783 1101 2990 1169 γίνεται
3021 1098 3160 1170 ἀνὴρ
3219 1099 3408 1159 Ἰούδα,
3445 1101 3540 1154 καὶ
3569 1103 3841 1156 κατοικῶν

2269 1191 2642 1264 Ἰερουσαλὴμ,
2675 1191 2932 1263 καθαρῶς
2972 1189 3451 1260 περιτεμνόμενος.
3513 1191 3636 1244 Ἐὰν
3671 1191 3730 1245 δέ
3756 1209 3841 1256 τις

2261 1285 2335 1357 μὴ
2367 1285 2638 1356 ἀπόθηται
2678 1284 2778 1356 τὴν
2821 1281 3192 1355 ἀκροϐυστίαν
3230 1281 3329 1352 τῆς
3371 1281 3600 1352 καρδίας
3647 1283 3836 1348 αὐτοῦ,

2258 1376 2456 1446 ἴδωμεν
2496 1375 2550 1428 τί
2580 1373 2796 1428 ἀπειλεῖ
2839 1371 2989 1444 αὑτῷ
3027 1373 3056 1425 6
3099 1371 3288 1440 λόγος’
3339 1371 3566 1441 Μήπως
3593 1373 3834 1453 ἐξέλθῃ,

2257 1467 2444 1538 φησιν,
2476 1467 2554 1532 ὡς
2597 1463 2718 1534 πῦρ
2757 1467 2792 1519 ὀ
2831 1466 3020 1534 θυμός
3039 1481 3182 1533 μου,
3231 1463 3332 1518 καὶ
3376 1463 3833 1531 ἐκκαυθήσεται,

2256 1559 2356 1614 καὶ
2388 1561 2500 1613 οὐκ
2525 1559 2698 1613 ἔσται
2727 1561 2760 1613 ό
2789 1557 3046 1613 σϐέσων.
3089 1556 3398 1630 Ἐξέρχεται
3426 1553 3519 1612 οὖν
3552 1557 3628 1622 ὡς
3671 1559 3782 1631 πῦρ
3806 1559 3836 1612 6

2259 1650 2428 1720 θυμὸς
2456 1649 2548 1703 τοῦ
2595 1649 2804 1722 Κυρίου
2849 1649 2943 1702 ἐπί
2982 1647 3110 1712 τοὺς
3163 1646 3237 1718 μὴ
3281 1647 3724 1720 περιτμηθέντας
3758 1647 3837 1722 τῷ

2259 1741 2398 1812 Θεῷ,
2429 1741 2524 1794 ἐπὶ
2553 1741 2680 1802 τοὺς
2711 1741 2786 1813 μὴ
2816 1735 3185 1811 ἀποθεμένους
3203 1740 3302 1808 τὴν
3331 1740 3696 1808 ἀκροϐυστίαν
3735 1740 3837 1812 τῆς

2257 1834 2485 1906 καρδίας
2508 1832 2710 1898 αὐτῶν,
2761 1833 2858 1886 καὶ
2903 1833 3002 1886 οὐκ
3063 1832 3216 1885 ἔσται
3249 1835 3278 1886 6
3312 1831 3518 1886 σϐἐσων
3539 1831 3650 1886 ἀπὸ
3669 1848 3836 1904 προσ-

2257 1925 2408 1979 ώπου
2449 1924 2714 1997 πονηρίας
2755 1923 2832 1996 (2)
2879 1923 3322 1996 ἐπιτηδευμάτων
3363 1923 3558 1976 αὐτῶν.
3595 1924 3668 1977 Τὸ
3721 1921 3832 1994 πῦρ

2259 2017 2435 2068 ἐκεῖνο
2460 2013 2592 2086 ὕλην
2621 2014 2846 2086 ἐχειτὴν
2862 2015 3124 2087 πονηρίαν
3153 2015 3263 2067 τῶν
3282 2013 3720 2084 ἐπιτηδευμάτων
3730 2012 3829 2064 a6-

2256 2103 2572 2160 τῶν.”υπου
2599 2103 2701 2157 οὐκ
2727 2103 3090 2174 ἕστιπονηρία
3101 2103 3354 2174 ὲπιτηδευ
3364 2101 3565 2174 μάτων,
3589 2101 3690 2154 οὐκ
3717 2101 3830 2170 ἔχει

2255 2193 2317 2249 τὸ
2337 2194 2450 2266 πῦρ
2477 2195 2610 2248 ὅπου
2639 2193 2870 2266 νεμηθῇ.
2905 2195 3025 2248 Ὅτι
3053 2193 3158 2264 δὲὴ
3196 2193 3293 2264 ὕλη
3323 2193 3530 2246 ἐκείνου
3550 2189 3644 2244 τοῦ
3662 2189 3832 2261 πυρὸς

2256 2289 2289 2358 ἠ
2319 2285 2554 2358 πονηρία
2583 2285 2702 2340 ἐστὶ
2731 2285 2840 2339 τῶν
2869 2285 3335 2357 ἐπιτηδευμάτων,
3363 2285 3530 2338 ἄκουε
3565 2283 3662 2338 τοῦ
3689 2284 3836 2352 Προ-

2254 2381 2426 2452 φήτου
2447 2379 2718 2449 λέγοντος*
2737 2379 2847 2434 Καὶ
2869 2381 2980 2433 οὐκ
3001 2379 3172 2432 ἔσται
3192 2381 3226 2432 ὁ
3243 2377 3482 2431 σϐἐσων
3505 2377 3625 2431 ἀπὸ
3641 2388 3835 2444 προσ-

2248 2471 2414 2526 ώπου
2465 2472 2760 2540 πονηρίας
2791 2469 3274 2539 ἐπιτηδευμάτων
3308 2467 3495 2537 ὑμῶν·
3535 2469 3610 2538 (5)
3651 2469 3835 2537 ἀναγκ-

2253 2565 2489 2634 τείλατε
2519 2563 2589 2616 ἐν
2615 2561 2696 2628 τῷ
2747 2560 2961 2628 Ἰούδᾳ,
2993 2561 3092 2614 καὶ
3119 2561 3189 2614 ἐν
3227 2558 3610 2628 Ἰερουσαλὴμ
3645 2559 3832 2613 ἀκου-

2255 2651 2456 2720 σθήτω
2472 2671 2486 2684 ο
2520 2654 2750 2717 εἵσατε,
2771 2653 3188 2723 ἁναγγείλατε,
3213 2651 3518 2720 σημάνατε
3541 2648 3833 2718 σάλπιγγι

2254 2742 2354 2796 ἐπὶ
2376 2740 2484 2809 τῆς
2507 2742 2642 2812 γῆς,
2671 2742 2770 2796 καὶ
2796 2741 3054 2810 κράξατε
3073 2739 3245 2810 μέτα.
3267 2738 3474 2802 Ταῦτα,
3501 2737 3738 2810 φησι,τά
3755 2735 3830 2806 (4)

571 2837 1026 2908 ἀπαγγελλόμενα
1051 2837 1128 2909 (4)
1147 2837 1334 2891 είπατε
1363 2839 1420 2890 ἐν
1449 2835 1528 2907 τῷ
1555 2835 1744 2908 Ἰούδᾳ,
1773 2837 1886 2898 τοῖς
1915 2834 2022 2889 ἀπὸ
2045 2833 2142 2903 τῆς
2180 2831 2350 2902 φυλῆς
2398 2832 2490 2886 τοῦ
2531 2833 2700 2887 ’ἰούδα
2753 2832 2846 2886 τοῦ
2880 2832 3136 2904 Χριστοῦ·
3191 2831 3454 2904 πρόδηλον
3513 2830 3622 2902 γὰρ
3663 2831 3745 2884 δτι
3771 2827 3832 2893 ἐξ

584 2930 754 2986 ’ἰούδα
783 2932 1144 2987 ἀνατέταλκεν
1167 2934 1195 2985 6
1223 2933 1414 3004 Σωτὴρ
1443 2931 1598 3005 ἡμῶν
1621 2931 1720 3004 (5).

649 3027 738 3082 16.
771 3026 1080 3098 Signiﬁcate
1119 3031 1245 3083 tuba
1283 3047 1440 3100 super
1481 3039 1696 3086 terram.
1747 3029 1938 3086 Sermo
1983 3034 2151 3089 subli-
2177 3043 2220 3098 α

2189 3043 2220 3098 Β
2324 3037 2636 3108 Σημάνατε
2683 3037 2973 3108 σάλπιγγι
3012 3037 3110 3091 ἐπὶ
3159 3035 3271 3104 τῆς
3316 3033 3448 3105 γῆς.
3511 3033 3570 3088 '0
3609 3031 3766 3100 λόγος
3803 3031 3832 3084 ό

575 3119 702 3186 mis,
733 3121 980 3176 excitans
1013 3121 1341 3186 auditorem,
1369 3137 1682 3192 praeparans
1723 3123 1902 3193 ipsum
1937 3125 2003 3180 ad
2030 3125 2148 3180 bel-

574 3207 688 3264 lum
737 3218 926 3265 contra
971 3211 1287 3280 passiones,
1325 3211 1394 3266 ad
1441 3211 1643 3266 bellum
1691 3221 1880 3268 contra
1911 3215 2152 3271 assultus

572 3301 840 3356 virtutum
872 3301 1329 3366 adversariarum,
1361 3319 1674 3373 praeparans
1710 3304 1886 3374 ipsum
1919 3305 1987 3360 ad
2017 3307 2154 3362 festa

574 3393 823 3448 cmlcstia
855 3393 942 3463 (ad
978 3403 1208 3462 utraque
1231 3395 1376 3448 enim
1401 3395 1516 3450 haec
1545 3397 1865 3467 assumitur)
1889 3398 2155 3468 accipitur

574 3499 676 3556 pro
723 3485 854 3540 tuba
897 3487 952 3539 in
995 3484 1270 3542 Numeris.
1315 3486 1635 3546 Istiusmodi
1675 3503 1856 3543 sermo
1887 3490 2014 3558 tuba
2048 3497 2150 3556 est,

575 3579 754 3648 qualis
786 3578 914 3632 mihi
955 3587 1009 3633 et
1055 3579 1101 3633 si
1149 3578 1238 3634 cui
1281 3580 1438 3634 alteri
1488 3581 1576 3635 hic
1607 3581 1956 3650 praecipitur;
1993 3583 2155 3638 datur

575 3678 757 3722 autem
790 3669 989 3722 volenti
1035 3678 1092 3724 et
1137 3671 1398 3740 quaerenti
1447 3687 1670 3725 sensum
1726 3670 2150 3741 Scripturarum.

573 3756 735 3814 Jubet
781 3759 897 3813 ﬁeri
945 3762 1106 3814 tubas
1163 3773 1450 3832 argenteas
1493 3762 1745 3818 ductiles.
1792 3762 1886 3818 Sic
1935 3767 2012 3818 ait
2065 3765 2155 3821 hic

574 3866 756 3906 sermo
790 3867 802 3903 :
837 3849 1150 3922 Signiﬁcate
1201 3856 1328 3905 tuba
1377 3868 1533 3922 super
1585 3862 1816 3920 terram,
1847 3863 1896 3908 et
1929 3855 2154 3910 clamate

575 3941 801 4011 fortiter,
831 3944 1007 4010 dicite,
1041 3942 1468 4014 Congregamini,
1501 3954 1551 3998 et
1594 3945 1958 4014 ingrediamur
1991 3947 2046 4000 in
2071 3949 2152 4001 ci-

575 4033 764 4086 vitates
811 4045 1071 4088 muratas.
1109 4031 1168 4086 In
1201 4034 1478 4088 civitatem
1525 4034 1700 4090 muris
1735 4045 2010 4089 carentem
2043 4051 2152 4090 non

573 4125 690 4178 vult
722 4139 823 4180 nos
845 4126 1048 4180 intrare
1072 4141 1254 4182 sermo
1286 4125 1403 4195 Dei,
1437 4128 1530 4182 sed
1563 4127 1616 4180 in
1650 4135 1942 4183 moratam.
1976 4127 2157 4183 Eccle-

573 4217 655 4273 sia
710 4215 802 4270 Dei
856 4218 1086 4274 viventis
1137 4219 1368 4274 veritate
1421 4218 1585 4276 Verbi
1634 4225 1841 4278 munita
1897 4233 1999 4277 est.
2053 4220 2153 4278 Hic

571 4325 810 4380 namque
841 4328 1031 4367 murus
1051 4323 1154 4379 est,
1185 4313 1326 4368 sicut
1355 4314 1409 4368 in
1435 4315 1648 4370 decimo
1677 4315 1910 4385 septimo
1939 4316 2150 4384 psalmo

2261 3130 2482 3202 ὑψηλὸς,
2515 3133 2542 3184 ό
2573 3131 2855 3202 διεγείρων
2886 3131 2976 3184 τὸν
3006 3131 3302 3202 ἀκροατὴν,
3338 3131 3366 3181 6
3397 3125 3830 3196 παρασκευάζων

2259 3221 2420 3276 αὐτὸν
2447 3224 2526 3286 εἰς
2554 3221 2644 3275 τὸν
2674 3221 2909 3292 πόλεμον
2951 3220 3044 3275 τὸν
3071 3218 3213 3274 κατά
3238 3219 3346 3272 τῶν
3375 3215 3586 3278 παθῶν,
3630 3215 3710 3278 εἰς
3739 3211 3831 3266 τὸν

2255 3313 2492 3384 πόλεμον
2530 3312 2623 3366 τὸν
2679 3313 2820 3366 κατά
2865 3313 2972 3367 τῶν
3018 3309 3308 3384 ἐνεργειῶν
3362 3307 3472 3362 τῶν
3525 3305 3833 3376 ἀντικειμέ-

2252 3421 2358 3458 νων
2391 3403 2465 3476 (6)
2500 3402 2804 3474 δυνάμεων,
2826 3405 2854 3456 6
2881 3401 3316 3475 παρασκευάζων
3333 3399 3493 3454 αὑτὸν
3520 3403 3600 3463 εἰς
3625 3397 3724 3460 τὰς
3737 3397 3830 3450 οὗ·

2259 3493 2470 3564 ρανίους
2482 3492 2694 3565 ἐορτάς,
2707 3495 2787 3556 είς
2806 3494 3089 3564 ἀμφότερα
3100 3491 3206 3560 γάρ
3221 3490 3392 3544 ταῦτα
3401 3489 3637 3558 λέγεται,
3655 3503 3834 3560 παρα-

2253 3583 2584 3654 λαμϐάνεται
2619 3585 2694 3656 (Ἴ)
2738 3583 2970 3653 σάλπιγξ
3003 3584 3061 3638 ἐν
3093 3586 3203 3646 τοῖς
3217 3581 3524 3654 Ἀριθμοίς·
3543 3581 3572 3632 6
3591 3577 3832 3640 τοιοῦτος

2254 3675 2408 3744 λόγος
2439 3675 2671 3746 σάλπιγξ
2705 3677 2872 3738 ἐστὶν,
2907 3671 3018 3730 οἷον
3053 3674 3178 3746 ἐμοὶ
3221 3672 3432 3727 κελεύει
3457 3674 3486 3726 6
3528 3671 3705 3739 λόγος,
3739 3669 3832 3724 καὶ

2255 3769 2308 3822 εἴ
2335 3786 2441 3822 τινι
2469 3768 2632 3840 ἄλλῳ,
2662 3767 2868 3822 δέδοται
2887 3767 2942 3820 δὲ
2972 3766 3048 3838 τῷ
3082 3763 3386 3837 βουλομένῳ
3412 3762 3506 3815 καὶ
3533 3761 3829 3832 ζητήσαντι

2253 3860 2344 3914 τὸν
2387 3859 2512 3914 νοῦν
2552 3859 2660 3912 τῶν
2695 3859 2948 3930 Γραφῶν.
2981 3857 3206 3911 Κελεύει
3259 3855 3482 3926 ποιῆσαι
3529 3853 3832 3920 σάλπιγγας

2258 3955 2504 4026 ἀργυρᾶς
2548 3951 2763 4014 ἐλατάς.
2807 3951 2962 4004 Οὕτω
3014 3950 3176 4020 φησιν
3212 3951 3240 4002 6
3285 3947 3442 4015 λόγος
3461 3963 3475 3977 ’
3522 3943 3834 4014 Σημάνατε

2253 4045 2540 4116 σάλπιγγι
2559 4047 2657 4098 ἐπὶ
2675 4043 2786 4114 τῆς
2805 4042 2934 4114 γῆς,
2959 4043 3056 4097 καὶ
3070 4041 3396 4110 κεκράξατε
3408 4042 3581 4110 μέγα·
3602 4037 3828 4092 εἴπατε·

2253 4136 2611 4207 Συνάχθητε,
2651 4135 2752 4190 καὶ
2795 4134 3162 4204 εἰσέλθωμεν
3205 4135 3294 4200 εἰς
3334 4131 3442 4198 τὰς
3479 4133 3681 4199 πόλεις
3723 4126 3832 4192 τὰς

2252 4229 2562 4300 τειχήρεις.
2611 4230 2706 4291 Εἰς
2752 4226 3053 4296 ἀτείχιστον
3095 4225 3247 4279 πόλιν
3291 4224 3352 4277 οὑ
3395 4221 3642 4294 βούλεται
3683 4219 3830 4291 ἡμᾶς

2254 4321 2512 4375 εἰσελθεῖν
2542 4323 2572 4374 6
2613 4319 2768 4388 λόγος
2813 4319 2906 4370 τοῦ
2938 4316 3096 4380 Θεοῦ,
3139 4317 3252 4370 ἀλλ’
3277 4318 3358 4378 εἰς
3395 4311 3828 4384 τετειχισμένην.

571 4405 804 4460 habetur
826 4405 996 4458 Deum
1023 4407 1183 4459 etiam
1209 4421 1425 4458 murum
1455 4423 1576 4461 esse
1605 4407 1669 4458 ’⁸.
1701 4407 2032 4462 Assumentes
2061 4410 2152 4480 fu-
2181 4379 2226 4433 Β

2189 4379 2226 4432 D
2265 4413 2332 4464 Ἦ
2346 4413 2640 4484 Ἐκκλησία
2667 4379 2762 4465 τοῦ
2793 4411 2994 4475 ζῶντος
3026 4379 3160 4462 Θεοῦ
3188 4379 3575 4480 τετειχισμένη-
3597 4379 3704 4458 ὑπὸ
3731 4379 3828 4472 τῆς

571 4493 676 4562 gite
697 4494 753 4546 in
777 4491 923 4546 Sion.
949 4492 1226 4560 Quotquot
1248 4493 1378 4544 estis
1398 4503 1547 4547 extra
1569 4494 1805 4559 Sionem,
1829 4507 2150 4554 assumentes

573 4579 742 4651 fugite
769 4581 825 4634 in
859 4579 1011 4644 Sion,
1061 4580 1328 4650 festinate,
1359 4580 1522 4636 nolite
1565 4591 1707 4638 stare
1737 4585 1803 4639 ”.
1839 4583 1944 4651 Qui
1983 4585 2152 4654 profi-

573 4673 720 4738 citis,
753 4672 1003 4730 festinate
1045 4675 1100 4728 in
1147 4675 1454 4742 speculum,
1498 4675 1624 4745 quia
1655 4691 1746 4745 ego
1775 4675 1918 4730 mala
1942 4677 2148 4730 adduco

574 4764 639 4818 ab
665 4765 936 4834 aquilone,
982 4777 1030 4820 et
1067 4767 1438 4820 contritionem
1477 4782 1726 4835 magnam
1759 4769 2026 4822 malorum
2065 4768 2142 4822 in-

571 4855 880 4926 gruentium
907 4857 976 4911 ab
1011 4859 1286 4928 aquilone,
1314 4857 1365 4910 id
1394 4865 1498 4922 est,
1531 4856 1866 4924 adversario,
1900 4859 1977 4913 uti
2005 4872 2147 4928 sape

569 4947 782 5002 dictum
815 4955 917 5003 est.
947 4948 1004 5004 Si
1033 4951 1156 5020 quis
1187 4959 1435 5019 repertus
1480 4949 1647 5004 fuerit
1686 4951 1780 5020 qui
1813 4967 1921 5006 non
1952 4967 2148 5022 prope-

649 5117 698 5148 "
725 5111 928 5170 Jerem.
962 5129 1042 5179 iv,
1074 5113 1130 5168 4.
1209 5115 1253 5147 ’⁷
1275 5110 1384 5169 Jer.
1414 5129 1489 5178 IV,
1516 5114 1570 5178 4,
1597 5113 1650 5168 5.
1729 5112 1776 5144 ³⁸
1797 5111 1942 5169 Psal.
1969 5129 2101 5182 xvn,
2129 5117 2184 5171 5.

641 5278 722 5348 (Ι)
761 5275 944 5333 Codex
979 5275 1360 5348 Scorialensis,
1399 5277 1448 5330 εἰ
1479 5276 1626 5348 γάρ,
1659 5285 1760 5348 etc.
1793 5275 2054 5348 Origenes
2093 5279 2146 5335 in

567 5347 728 5405 πωπω.
765 5355 804 5401 ι.
825 5365 880 5418 _ll
904 5389 920 5416 ,
968 5348 1062 5418 καὶ
1109 5347 1399 5418 ἐπισκέψαι
1442 5349 1501 5418 εί
1534 5347 1624 5402 διὰ
1665 5347 1726 5400 τὺ
1763 5349 1822 5402 ἐν
1863 5347 2011 5418 μέσῳ
2051 5350 2145 5404 τοῦ

569 5419 772 5482 παντὸς
798 5413 940 5490 εἶναι
970 5417 1220 5488 σώματος
1245 5413 1342 5490 τὴν
1366 5417 1639 5490 καρδίαν,
1673 5419 1730 5471 ἐν
1759 5419 1819 5490 δέ
1951 5413 2147 5490 καρδία

571 5492 630 5543 rb
663 5489 988 5560 ἡγεμονικὸν
1035 5487 1131 5542 καὶ
1161 5487 1307 5542 κατά
1332 5487 1432 5560 τὸν
1453 5487 1515 5540 ἐν
1550 5488 1764 5560 ἑκάστῳ
1807 5487 2004 5560 λιτὴν.
2032 5487 2148 5544 11οᾶ)

571 5558 702 5610 γυνή
754 5558 1238 5630 Peripateticorum
1279 5567 1364 5630 est
1403 5559 1598 5630 dogma
1623 5597 1638 5622 ,
1678 5558 1822 5630 quod
1860 5558 2147 5630 amplegos

571 5627 1008 5748 quoqueilfiiisse
1051 5628 1266 5686 Stoicos
1299 5628 1562 5684 discimus
1587 5644 1652 5684 ex
1688 5627 1909 5684 Laertio
1946 5629 2002 5682 in
2047 5627 2146 5682 Ze-

577 5712 736 5748 neme.
826 5715 1037 5748 UETIUS.

577 5713 736 5750 tione.
778 5713 1037 5752 IIUETIUS.

653 5715 736 5749 ne.
778 5715 1037 5754 IIUETIUS.

649 5766 727 5830 (‘2')
755 5765 934 5841 Codex
963 5767 1276 5841 V‘aticanus,
1293 5761 1459 5841 ἐστίν.
1478 5766 1623 5841 Infra
1653 5768 1822 5839 idem,
1857 5767 2142 5841 ἐπιτηδευ-

579 5833 764 5910 μάτων
797 5836 973 5908 ἡμῶν,
998 5838 1131 5892 ὅπου
1160 5839 1259 5892 οὐκ
1291 5837 1369 5892 ἔνι
1393 5837 1643 5909 πονηρία,
1807 5833 1818 5839 '
2005 5833 2038 5858 ἰ

2249 4502 2508 4572 ἀληθείας
2549 4501 2644 4556 τοῦ
2669 4501 2864 4570 Λόγου.
2901 4493 3068 4562 οὗτος
3123 4499 3234 4572 γάρ
3279 4501 3393 4553 ἐστι
3431 4499 3491 4551 τὸ
3533 4500 3709 4568 τεῖχος
3753 4495 3829 4558 ὡς

2247 4591 2306 4643 ἐν
2339 4591 2416 4662 τῷ
2461 4590 2520 4654 ιζ’
2567 4593 2744 4644 κεῖται
2773 4588 2975 4661 ψαλμῷ
3026 4589 3125 4660 (8),
3173 4591 3255 4645 ὅτι
3295 4590 3387 4644 καὶ
3412 4589 3584 4659 τεῖχός
3623 4589 3768 4640 ἐστιν
3800 4586 3828 4638 6

2245 4683 2395 4746 Θεός·
2438 4685 2864 4750 Ἀναλαϐὀντες
2895 4684 3144 4754 φεύγετε
3175 4685 3264 4750 εὶς
3297 4682 3468 4738 Σιών.
3514 4682 3666 4736 Ὅσοι
3699 4676 3826 4732 ἐστὲ

2189 4767 2214 4834 Ῑ
2247 4772 2352 4840 ἔξω
2402 4775 2501 4846 τῆς
2549 4775 2706 4842 Σιὼν,
2765 4776 3171 4842 ἀναλαϐόντες
3219 4777 3471 4844 φεύγετε
3517 4775 3604 4838 εἰς
3651 4768 3825 4825 Σιών

2251 4867 2582 4931 σπεύσατε,
2618 4865 2704 4936 μὴ
2740 4867 2944 4936 στῆτε.
2978 4869 3042 4922 Οἱ
3073 4867 3130 4920 ἐν
3160 4869 3226 4938 τῇ
3253 4867 3522 4939 προκοπῇ,
3555 4863 3824 4917 σπεύσατε

2253 4955 2348 5009 ἐπὶ
2398 4957 2460 5010 τὸ
2505 4957 2920 5030 σκοπευτήριον,
2967 4957 3060 5012 ὅτι
3107 4959 3266 5012 κακὰ
3311 4956 3427 5027 ἐγὼ
3471 4953 3670 5025 ἐπάγω
3708 4951 3825 5008 ἀπὸ

2251 5117 2294 5151 ὀ
2321 5115 2520 5175 Jerem.
2551 5135 2626 5188 IV,
2651 5119 2702 5175 6.

2325 5283 2404 5352 (5)
2437 5283 2602 5351 Idem,
2633 5282 2810 5352 ἡμῶν.

2348 5351 2402 5424 4)
2429 5355 2610 5424 Codex
2641 5351 2956 5420 Vaticanus,
2986 5351 3450 5424 ἐπαγγελλόμενα.

2348 5424 2404 5492 5)
2427 5423 2610 5480 Codex
2645 5423 3026 5495 Scorialensis,
3062 5424 3236 5495 ὐμῶν.

2323 5489 2400 5566 (6)
2436 5495 2889 5566 Ἀντικειμένων
2933 5489 3261 5564 δυνάμεων.
3306 5490 3365 5548 In
3415 5489 3603 5548 codice
3642 5492 3821 5552 Vatic.

2253 5565 2406 5636 deest
2425 5565 2728 5636 δυνάμεων.

2323 5635 2400 5709 ρ)
2433 5631 2577 5709 (Σρὼ
2601 5634 2802 5709 Vat_ic.,
2837 5631 2932 5687 καὶ
2961 5631 3464 5709 παραλαμϐάνεται.
3495 5697 3520 5709 _

2321 5697 2396 5774 (8)
2425 5701 2615 5772 Οὗτος
2638 5704 2748 5774 γάρ
2774 5704 2908 5774 ἐστι
2933 5701 3000 5774 t6
3031 5697 3331 5774 τεῖχος-κὼς
3351 5704 3420 5774 ἐν
3447 5697 3526 5764 τῷ
3551 5697 3824 5774 ιζἠκεῖται

2251 5771 2489 5846 ψαλμῷ.
2525 5771 2599 5831 In
2619 5771 2810 5831 codice
2844 5771 3174 5829 Scorialensi
3206 5773 3359 5831 deest
3379 5773 3454 5840 ὥς
3477 5783 3528 5827 et
3550 5773 3750 5826 κεῖται.
