4296 6288
295 310 388 369 3‘21
1432 307 1498 363 ΙΝ
1534 307 1878 365 JEREMIAM
1918 308 2203 364 IlOMlLlA
2246 312 2307 366 V.
3431 315 3539 376 δερ.

293 425 494 498 βορρᾶ,
536 425 624 481 καὶ
667 426 1001 495 συιιτμϐὴν
1037 426 1311 498 perdim-
1351 427 1460 480 τῶν
1495 428 1846 500 ἐπαγομένων

1959 432 2179 499 raverit,
2217 446 2393 501 neque
2424 446 2482 485 se
2515 431 2582 487 ad
2619 432 2782 487 urbes
2823 442 3066 489 muratas
3102 434 3396 505 receperit,
3430 434 3535 487 hoc

300 520 480 575 κακῶν
508 519 603 574 ἀπὸ
631 518 821 590 βορρᾶ,
847 517 1028 592 βορρᾶ
1053 518 1146 572 τοῦ
1174 520 1578 591 ἀντικειμένου,
1607 522 1685 587 ὡς
1716 524 1846 578 πολ-

304 608 455 673 λάκις
490 608 741 662 λέλεκται.
786 609 885 671 ’⁸ος
928 602 1022 663 ἐὰν
1052 607 1244 680 εὑρεθῇ
1285 608 1360 680 μὴ
1404 610 1667 676 σπεύσας,
1717 611 1850 683 μηδὲ

310 698 530 753 εἰσελθὼν
554 700 630 762 είς
657 697 761 761 τὰς
786 698 971 761 πόλεις
997 697 1097 761 τὰς
1124 699 1419 769 τειχήρεις,
1460 698 1533 770 μὴ
1560 700 1851 771 γενόμενος

308 790 360 843 ἐν
382 787 810 860 ταῖςέκκλησίαις
840 787 936 841 τοῦ
963 788 1121 854 Θεοῦ,
1153 787 1268 840 ἀλλ’
1311 787 1414 852 ἔξω
1435 788 1704 858 έστηκὼς,
1749 789 1846 841 αὐ-

305 881 381 944 τὸς
413 879 503 934 ὑπὸ
538 881 652 933 τῶν
686 880 960 952 πολεμίων
998 868 1367 952 καταληφθεὶς
1408 881 1845 954 ἀναιρεθήσεται.

302 975 377 1037 Τίς
396 975 529 1027 ἐστιν
545 974 573 1026 ὁ
588 974 855 1045 πολέμιος
870 972 946 1044 (ι)
973 971 1173 1043 ἴδωμεν
1207 973 1272 1025 ἐκ
1286 970 1395 1024 τῶν
1423 972 1550 1043 ἑξῆς
1564 973 1686 1025 τίνα
1718 972 1849 1042 τρό-

295 1083 373 1119 πον
393 1066 631 1135 λέγεται’
678 1063 874 1132 Ἀνέϐη
912 1063 1069 1118 λέων
1107 1063 1176 1118 ἐκ
1199 1062 1307 1131 τῆς
1330 1062 1607 1133 μάνδραις
1636 1065 1847 1125 αὐτοῦ,

281 1157 674 1227 ἑξολοθρεύων
698 1157 845 1226 ἔθνη
870 1148 1105 1226 ἐξῆρεν.
1139 1151 1310 1219 Οὗτός
1354 1158 1503 1208 ἐστιν
1534 1159 1562 1208 ό
1591 1156 1849 1227 πολέμιος

274 1250 325 1303 ὃν
345 1249 422 1302 δεῖ
442 1251 597 1320 ἡμᾶς
639 1251 852 1320 φυγεῖν.
884 1248 1036 1302 Λέων
1065 1249 1215 1319 ἡμᾶς
1246 1246 1594 1300 καταδιώκει.
1627 1247 1722 1309 Τίς
1758 1242 1849 1302 οῦ-

268 1358 381 1409 τος;
415 1344 628 1415 Πέτρος
688 1341 835 1413 ἡμᾶς
894 1337 1137 1393 διδάσκει
1195 1337 1390 1405 λέγων·
1431 1337 1493 1390 '0
1543 1336 1849 1404 ἀντίδικος

264 1433 423 1503 ὑμῶν
455 1434 535 1505 (2)
563 1432 846 1499 διάϐολος
868 1431 950 1497 ὡς
973 1428 1131 1486 λέων
1175 1428 1514 1498 ὠρυόμενος
1544 1428 1856 1497 περιπατεῖ

262 1523 445 1594 ζητῶν
457 1527 603 1587 τινα
631 1527 920 1591 καταπίῃο
939 1514 988 1587 ᾧ
1003 1521 1323 1589 ἀντίστητε
1334 1521 1564 1590 στερεοὶ
1582 1521 1653 1574 ἐν
1671 1519 1746 1588 τῇ
1763 1520 1850 1573 πί-

257 1637 415 1675 στειο
448 1622 569 1686 καὶ,
600 1618 744 1674 κατὰ
775 1617 864 1670 τὸν
899 1616 943 1670 θ’
971 1614 1206 1686 ψαλμὸν,
1247 1613 1569 1681 Ἐνεδρεύει
1598 1614 1668 1667 ἐν
1698 1615 1847 1668 ἀπο-

255 1714 476 1782 κρύφῳ,
512 1710 812 1779 ἑνεδρεύει
840 1709 920 1774 ὡς
945 1706 1102 1762 λέων
1144 1707 1213 1759 ἐν
1250 1704 1326 1775 τῇ
1353 1704 1591 1776 μάνδρᾳ
1631 1707 1839 1760 αὐτοῦ·

1954 533 2057 590 est,
2092 525 2236 580 intra
2280 524 2542 581 ecclesias
2588 523 2685 580 Dei
2727 540 2836 579 non
2890 525 3053 579 fuerit
3100 525 3403 595 ingressus,
3438 524 3532 578 sed

1954 615 2089 671 foris
2114 618 2463 684 remanserit,
2500 626 2693 686 captus
2736 616 2804 672 ab
2838 617 3087 672 hostibus
3121 617 3238 671 neci
3266 618 3531 672 tradetur.

1952 706 2086 774 Quis
2116 709 2189 762 sit
2228 709 2404 765 bustis
2440 710 2728 764 videamus
2773 723 2837 763 ex
2873 708 3230 777 sequentibus
3262 711 3535 779 quomodo

1952 799 2293 853 describatur
2320 815 2332 851 :
2363 801 2613 853 Ascendit
2643 800 2722 853 leo
2753 800 2816 853 de
2842 798 3004 852 cubili
3028 815 3144 864 suo,
3175 800 3533 853 exterminans

1953 900 2126 960 gentes
2153 891 2341 945 levavit
2372 908 2425 945 se
2458 892 2523 945 ³ο.
2566 892 2662 947 llic
2686 900 2770 945 est
2810 892 2984 947 hostis
3022 891 3181 945 nobis
3222 891 3532 961 fugiendus.

1952 981 2065 1035 Leo
2114 998 2215 1037 nos
2265 984 2630 1052 persequitur.
2671 984 2806 1049 Quis
2842 984 2998 1053 162
3039 983 3164 1037 ille?
3196 980 3389 1036 Petrus
3433 997 3535 1036 nos

1953 1075 2114 1128 docet
2155 1075 2345 1129 dicens
2380 1091 2392 1126 :
2440 1075 2793 1128 Adversarius
2844 1086 3014 1127 vester
3056 1073 3300 1128 diabolus
3347 1074 3536 1128 circuit

1953 1180 2196 1231 quxrens
2222 1181 2374 1234 quem
2408 1164 2650 1228 devoret;
2681 1167 2766 1217 cui
2800 1166 3026 1219 resistite
3057 1164 3216 1233 fortes
3248 1166 3303 1218 in
3327 1165 3431 1234 fide
3454 1165 3530 1231 ⁸¹;

1953 1262 2006 1305 et
2026 1252 2080 1305 in
2106 1254 2319 1322 psalmo
2345 1269 2489 1308 nouo
2518 1254 2716 1323 legitur
2745 1269 2758 1306 :
2789 1251 3091 1307 Insidiatur
3120 1254 3176 1306 in
3200 1253 3536 1320 abscondito,

1952 1344 2238 1398 insidiatur
2265 1354 2322 1397 ut
2355 1344 2432 1398 leo
2462 1346 2515 1397 in
2541 1344 2789 1414 spelunca
2816 1361 2912 1397 sua
2939 1345 3004 1398 ³⁸.
3036 1343 3100 1398 Et
3135 1344 3421 1397 insidiatur
3449 1345 3537 1401 hic

1951 1435 2036 1490 leo
2071 1452 2178 1490 non
2226 1436 2343 1501 diu,
2379 1437 2472 1491 sed
2524 1445 2710 1492 noctu.
2746 1434 2882 1489 Nam
2921 1443 2981 1490 ut
3022 1436 3076 1489 in
3109 1436 3321 1505 psalmo
3356 1447 3538 1490 cente-

1952 1528 2092 1582 simo
2137 1530 2299 1582 tertio
2346 1528 2616 1583 habetur:
2650 1527 2886 1582 Posuiin
2920 1528 3182 1593 tenebras,
3206 1537 3253 1580 et
3285 1528 3429 1595 facta
3456 1538 3533 1580 est

1952 1635 2081 1686 nox;
2106 1621 2160 1673 in
2189 1621 2305 1690 ipsa
2344 1620 2741 1690 pertransibunt
2782 1636 2960 1673 omnes
3002 1619 3181 1675 bestia:
3224 1630 3415 1685 teme;
3444 1637 3536 1674 ca-

1953 1712 2052 1766 tuli
2083 1711 2291 1765 leonum
2340 1714 2605 1784 rugientes
2638 1721 2698 1765 ut
2741 1714 2977 1782 rapiant,
3007 1723 3058 1766 et
3097 1722 3338 1782 quatrant
3366 1730 3397 1767 a
3423 1712 3535 1768 Deo

256 1805 345 1857 καὶ
391 1803 672 1874 ὲνεδρεύει
717 1793 871 1864 οὗτος
910 1799 1048 1853 λέων
1084 1799 1182 1869 οὐχ
1216 1798 1419 1870 ἡμέρᾳ,
1451 1797 1527 1868 (5)
1555 1796 1669 1850 ἀλλ’
1714 1797 1853 1852 ὲπάν
1887 1791 1927 1846 Β
1955 1816 2127 1855 escam
2151 1802 2251 1855 sibi
2277 1802 2340 1853 ³³.

252 1904 481 1973 γένηται
509 1898 630 1964 νύξ.
663 1896 820 1950 Κατὰ
851 1893 959 1967 γὰρ
988 1893 1079 1947 τὸν
1116 1900 1196 1965 ργ¹
1225 1891 1462 1963 ψαλμὸν,
1484 1893 1665 1946 Ἕθου
1698 1893 1937 1960 σκότος,
1973 1897 2071 1949 καὶ
2099 1897 2337 1965 ἐγένετο
2360 1896 2496 1960 νύξ·
2544 1897 2613 1950 ἐν
2672 1897 2827 1966 αὐτῇ
2878 1897 3293 1952 διελεύσονται
3338 1897 3536 1952 πάντα

240 1993 309 2048 τὰ
341 1995 524 2059 θηρία
550 1993 661 2048 τοῦ
680 1991 930 2062 δρυμοῦ,
973 1992 1233 2059 σκύμνοι
1261 1990 1589 2058 ὠρυόμενοι
1635 1988 1742 2042 τοῦ
1770 1989 2058 2057 ἁρπάσαι,
2110 1993 2208 2044 καὶ
2235 1990 2485 2059 ζητῆσαι
2514 1991 2674 2059 παρὰ
2694 1992 2799 2045 τοῦ
2831 1992 2978 2046 Θεοῦ
3012 1992 3492 2060 βρῶσιν-αὐτοῖς.

310 2089 538 2155 Ἀνέϐη
592 2084 686 2142 οὖν
713 2087 871 2142 λέων
897 2086 966 2139 ὲκ
994 2084 1105 2152 τῆς
1143 2083 1414 2153 μάνδρας
1445 2083 1653 2137 αὐτοῦ.
1690 2080 1803 2134 Ποῦ
1831 2099 1844 2145 ;

228 2180 402 2246 πότε;
433 2179 627 2233 Κὰ-τω
665 2178 785 2231 ἐστὶ
827 2175 1028 2239 πεσὼν,
1060 2177 1141 2237 είς
1181 2176 1250 2227 τὰ
1278 2173 1570 2227 κατώτατα
1617 2173 1719 2242 τῆς
1745 2174 1848 2242 γῆς

228 2266 647 2341 κατελήλυθεν.
689 2265 899 2333 Ἀνέϐη
924 2263 1074 2320 λέων
1101 2266 1170 2318 ἐκ
1196 2263 1306 2332 τῆς
1332 2263 1605 2333 μάνδρας
1634 2265 1844 2319 αὺτοῦ.

235 2363 589 2433 Ἀνθρωπος
628 2354 698 2423 εἴ,
735 2358 991 2429 ἀνωτέρω
1030 2352 1081 2409 εἷ
1117 2356 1211 2409 τοῦ
1257 2356 1535 2411 διαϐόλουο
1580 2358 1847 2429 κρείττων

236 2456 344 2528 γὰρ
377 2447 438 2509 εἷ
461 2450 662 2517 αὐτοῦ,
698 2452 880 2514 ὁποῖος
912 2449 1007 2502 ἐὰν
1039 2446 1124 2522 ᾖς’
1160 2451 1367 2513 ἐκεῖνος
1397 2449 1484 2503 διὰ
1509 2450 1608 2521 τὴν
1646 2450 1846 2504 κακίαν

242 2547 394 2600 κάτω
416 2542 597 2597 ἐστίν.
655 2540 849 2609 Ἀνέϐη
877 2536 970 2593 οῦν
1001 2539 1138 2593 λέων
1170 2542 1236 2592 ὲκ
1263 2540 1362 2610 τῆς
1395 2540 1638 2612 μάνδρας
1680 2541 1845 2594 αὐτοῦ

248 2632 624 2706 ὲξολοθρεύειν
666 2631 829 2704 ἔθνη·
869 2631 1062 2702 ὲξῇρεν
1110 2629 1318 2694 ἀναϐὰς
1363 2632 1428 2684 ὲκ
1471 2632 1569 2702 τῆς
1604 2632 1847 2703 μάνδρας

250 2727 437 2792 αὑτοῦ,
493 2724 665 2796 τόπου
724 2721 820 2775 τοῦ
882 2721 1082 2776 οἰκείου
1122 2723 1190 2793 τῇ
1237 2721 1455 2775 κολάσει
1507 2721 1699 2775 ἑαυτοῦ
1746 2722 1843 2794 (4).

264 2817 712 2885 Ἐξολοθρεύων
730 2815 873 2883 ἔθνη
896 2813 1134 2882 ἐξῆρεν-⁸
1160 2812 1423 2882 ἐξῆλθεν
1437 2813 1507 2867 ἐκ
1528 2813 1633 2867 τοῦ
1656 2817 1843 2868 τόπου

252 2908 458 2973 αὐτοῦ,
490 2904 685 2962 θεῖναι
710 2903 826 2973 τὴν
856 2902 975 2972 γῆν
1002 2918 1119 2957 σου
1158 2905 1245 2968 εὶς
1277 2902 1602 2972 ἐρήμωσιν.
1640 2903 1839 2957 Βούλε-

254 3015 339 3055 ται
363 2998 635 3055 εἰσελθεῖν
664 3014 758 3051 σου
787 2997 868 3060 εἰς
892 2996 990 3066 τὴν
1021 2995 1148 3065 γῆν,
1182 2996 1312 3066 περὶ
1342 2990 1411 3067 ἦς
1441 2994 1690 3066 βραχέως
1724 2994 1842 3048 ἐλέ-

256 3109 442 3165 γομεν.
465 3093 742 3146 Ἐκαστον
769 3088 927 3159 ἡμῶν
959 3086 1208 3158 βούλεται
1240 3085 1559 3158 νεμηθῆναι.
1582 3086 1842 3157 Ἔρχεται

252 3179 338 3240 οὖν
364 3184 460 3239 τοῦ
494 3182 674 3235 θεῖναι
700 3179 800 3251 τὴν
827 3178 930 3250 γῆν
956 3194 1050 3230 σου
1075 3177 1156 3240 εἰς
1180 3177 1483 3247 ἐρήμωσιν,
1519 3175 1597 3246 (5)
1633 3176 1719 3228 ἵνα
1743 3192 1844 3230 κα·

251 3277 549 3347 ταπατήσῃ
570 3272 636 3327 τὰ
658 3270 951 3342 σπέρματα
966 3269 995 3320 ὁ
1014 3267 1170 3331 λέων,
1197 3267 1287 3321 ἵνα
1301 3268 1504 3338 ποιήσῃ
1525 3265 1727 3338 ἔρημόν
1748 3284 1841 3319 σου

250 3368 341 3441 τὴν
355 3368 484 3439 γῆν.
508 3363 625 3419 Kal
647 3363 856 3427 πόλεις
884 3373 1001 3414 σου
1023 3357 1574 3426 καθαιρεθήσονται,
1597 3357 1757 3426 παρὰ
1774 3357 1842 3410 τὸ

247 3461 327 3530 μὴ
350 3456 772 3516 κατοικεῖσθαι
804 3452 1010 3518 annic-
1054 3453 1153 3505 ἐπὶ
1182 3453 1414 3517 τούτοις
1443 3450 1844 3519 περιζώσασθε

252 3551 549 3616 σάκκους.
587 3547 740 3601 Ἐπεὶ
754 3542 847 3599 οῦν
865 3543 1030 3613 ἀνέϐη
1057 3543 1215 3607 λέων,
1233 3544 1327 3597 καὶ
1343 3542 1557 3597 ἀπειλεῖ
1576 3560 1658 3595 σοι
1683 3543 1840 3608 λέων,

248 3643 338 3695 καὶ
355 3638 618 3712 βούλεταί
638 3654 732 3690 σου
749 3636 1122 3706 ἀφανίσαιτὴν
1145 3635 1272 3705 γῆν,
1291 3632 1595 3708 περίζωσαι
1615 3632 1841 3700 σάκκον,

251 3732 398 3785 κλαῖε
420 3730 526 3785 καὶ
554 3726 759 3790 πένθει,
791 3725 881 3780 διὰ
902 3724 1010 3778 τῶν
1040 3724 1213 3795 εὐχῶν
1237 3724 1544 3795 παρακάλει
1569 3722 1661 3778 τὸν
1685 3723 1840 3788 Θεὸν,

250 3822 332 3876 ἵνα
361 3821 564 3876 τοῦτον
588 3818 679 3871 τὸν
710 3817 899 3871 λέοντα
930 3816 1114 3881 ὲξολοθ
1125 3814 1290 3887 ρεύσῃ
1328 3814 1434 3868 ἀπὸ
1465 3814 1582 3881 σοῧι
1624 3815 1718 3868 καὶ
1767 3815 1841 3886 μὴ

249 3914 501 3988 ὲμπέσῃς
539 3908 706 3965 αὐτοῦ
730 3911 809 3973 εἰς
840 3910 902 3961 τὸ
930 3908 1123 3979 στόμα.
1164 3909 1274 3960 Ὃν
1300 3908 1526 3975 τρόπον
1556 3902 1668 3978 γὰρ
1696 3906 1842 3960 ὅταν

247 4010 542 4076 excutiam
593 4008 627 4059 ό
679 4002 912 4073 ποιμὴν
961 4003 1034 4058 ἐκ
1086 4003 1384 4070 στόματος
1436 4000 1687 4066 λέοντος
1732 3999 1842 4053 δύο

250 4103 464 4173 σκέλη,
521 4100 564 4169 ἢ
610 4098 794 4155 λοϐὸν
835 4096 1041 4150 ὠτίου·
1096 4094 1266 4157 οὕτως
1299 4095 1328 4146 ό
1374 4092 1512 4146 λέων
1546 4090 1699 4162 ζητεῖ
1734 4090 1841 4144 τῶν

252 4174 414 4252 ὤτων.
430 4212 497 4249 σε
523 4191 729 4255 λαϐεῖν,
759 4190 847 4243 ἵνα
874 4188 964 4242 διὰ
988 4187 1088 4259 τῆς
1114 4184 1354 4256 λιχνείας
1387 4184 1463 4252 (6)
1512 4200 1607 4237 σου
1648 4182 1842 4250 λόγους

253 4289 462 4358 ψευδεῖς
495 4303 582 4340 σοι
610 4280 941 4353 παραϐαλὼν
961 4280 1200 4350 ἐκστήσῃ
1224 4294 1284 4330 σε
1306 4275 1414 4328 ἀπὺ
1439 4275 1537 4345 τῆς
1560 4272 1838 4344 ἀληθείας.

2024 2085 2110 2137 17.
2144 2086 2393 2138 Ascendit
2427 2085 2592 2154 igitur
2632 2084 2711 2137 leo
2743 2086 2805 2137 de
2841 2085 3003 2137 cubili
3034 2100 3151 2138 suo.
3188 2083 3332 2138 Ubi?
3358 2099 3536 2153 quan-

1949 2175 2057 2227 do?
2102 2174 2366 2227 Dmrsum
2420 2172 2649 2238 cecidit,
2686 2173 2739 2226 in
2786 2173 2971 2227 intima
3022 2183 3181 2228 terra:
3230 2174 3532 2229 descendit.

1949 2264 2199 2316 Ascendit
2244 2265 2324 2317 leo
2366 2263 2430 2318 de
2481 2264 2642 2317 cubili
2682 2281 2800 2319 suo.
2843 2263 3020 2318 Homo
3062 2280 3154 2330 es,
3191 2266 3443 2335 superior
3473 2282 3535 2322 es

1951 2354 2215 2409 diabolo:
2262 2355 2612 2423 pratstantiur
2637 2355 2782 2410 enim
2829 2355 2920 2409 illo
2949 2370 3009 2410 es
3050 2355 3367 2426 quicunque
3417 2365 3537 2411 tan-

1951 2447 2074 2500 dem
2118 2446 2352 2501 sis:ille
2397 2451 2467 2501 ob
2508 2447 2771 2501 malitiam
2818 2447 3074 2502 deorsum
3118 2457 3221 2502 est.
3274 2448 3534 2506 Ascendit

1949 2537 2115 2607 igitur
2138 2539 2220 2592 leo
2246 2539 2314 2592 de
2338 2537 2503 2591 cubili
2535 2553 2669 2598 suo,
2712 2546 2773 2592 ut
2812 2540 3138 2593 exterminat
3165 2549 3353 2609 gentes
3391 2556 3404 2591 :
3433 2557 3531 2595 ex-

1948 2629 2072 2681 tulit
2097 2643 2155 2682 se
2176 2628 2481 2682 ascendens
2513 2628 2579 2681 de
2605 2629 2771 2682 cubili
2801 2645 2920 2695 suo,
2949 2629 3075 2684 loco
3107 2631 3389 2700 suppliciis
3417 2633 3533 2689 suis

1947 2716 2163 2771 idoneo.
2217 2717 2597 2771 Exterminans
2645 2728 2822 2788 gentes
2872 2720 3059 2775 levavit
3111 2738 3164 2776 se
3195 2738 3214 2775 :
3261 2724 3421 2777 exivit
3470 2725 3536 2781 de

1947 2809 2061 2862 loco
2098 2826 2194 2864 suo
2244 2821 2300 2864 ut
2336 2822 2500 2880 ponat
2557 2820 2754 2865 terram
2801 2823 2948 2866 tuam
2992 2816 3047 2867 in
3084 2814 3425 2871 solitudinem
3463 2817 3528 2874 ⁸⁸.

1950 2899 2079 2954 Vult
2125 2901 2378 2956 invadere
2411 2910 2613 2956 terram
2659 2904 2727 2957 de
2755 2918 2861 2972 qua
2909 2904 3072 2974 paulo
3115 2915 3273 2961 antea
3314 2907 3532 2962 diceba—

1950 3011 2093 3050 mus.
2128 2992 2587 3064 Unumquemque
2616 3003 2869 3049 nostrum
2891 2996 3009 3050 vult
3028 2996 3344 3064 depascere.
3371 2996 3530 3053 Venit

1950 3091 2133 3159 itaque
2164 3098 2226 3142 ut
2276 3097 2447 3158 ponat
2495 3097 2698 3143 terram
2754 3097 2901 3143 tuam
2948 3089 3002 3143 iu
3052 3080 3425 3157 solitudinem,
3470 3101 3532 3147 ut

1948 3182 2158 3237 semina
2198 3181 2485 3236 conculcet
2518 3180 2622 3245 leo,
2650 3189 2711 3234 ut
2750 3181 2916 3236 faciat
2949 3190 3149 3236 terram
3185 3192 3334 3236 tuam
3372 3184 3533 3239 deso-

1947 3275 2137 3328 latam.
2174 3272 2240 3326 Et
2292 3273 2530 3326 civitates
2579 3282 2684 3327 tute
2729 3272 3100 3339 destruantur,
3145 3290 3206 3327 eo
3251 3272 3391 3344 quod
3426 3289 3527 3330 non

1945 3362 2248 3416 habitentur
2279 3376 2298 3415 :
2340 3378 2499 3431 super
2548 3361 2630 3416 his
2679 3363 2936 3432 accingite
2959 3379 3048 3416 vos
3081 3362 3272 3417 ciliciis
3299 3364 3364 3416 ³⁸.
3392 3362 3527 3418 Cum

1947 3455 2113 3522 igitur
2157 3454 2464 3508 ascenderit
2514 3453 2623 3514 leo.
2666 3463 2721 3507 et
2760 3454 2998 3511 minetur
3043 3454 3136 3509 tibi
3170 3454 3287 3519 leo,
3317 3462 3372 3508 et
3403 3454 3531 3509 velit

1945 3546 2164 3599 abolere
2208 3552 2407 3598 terram
2456 3555 2638 3610 tuam,
2688 3545 2973 3614 accingere
3025 3546 3225 3609 cilicio,
3279 3546 3431 3615 plora
3476 3554 3529 3599 et

1945 3634 2089 3699 dole,
2120 3634 2375 3704 precibus
2403 3650 2502 3704 age
2529 3650 2652 3689 cum
2683 3633 2814 3699 Deo,
2848 3644 2906 3689 ut
2931 3636 3139 3690 leonem
3174 3639 3320 3691 hunc
3352 3645 3532 3689 exter-
3561 3665 3569 3672 -

1946 3725 2119 3778 minet
2150 3739 2181 3778 a
2222 3733 2294 3787 te,
2317 3734 2372 3780 et
2404 3728 2457 3779 in
2492 3740 2556 3780 os
2589 3726 2708 3794 ejus
2754 3740 2861 3781 non
2908 3726 3135 3783 incidas.
3167 3726 3529 3792 Quemadmo—

1944 3814 2072 3867 dum
2123 3814 2268 3868 enim
2316 3832 2437 3868 cum
2484 3816 2715 3870 extrahit
2749 3829 2934 3886 pastor
2979 3818 3042 3871 de
3084 3833 3172 3871 ore
3217 3816 3380 3870 leonis
3421 3817 3528 3871 duo

1942 3918 2105 3956 crura
2136 3913 2229 3956 aut
2273 3915 2567 3957 extremum
2607 3904 2867 3959 auricula:
2890 3906 2957 3968 “,
2987 3906 3062 3958 ita
3091 3905 3183 3959 hic
3214 3904 3298 3959 leo
3333 3906 3528 3975 quaerit

1943 3994 2173 4048 auribus
2197 4003 2250 4047 te
2281 3997 2545 4064 arripere,
2586 4004 2644 4049 ut
2679 4010 2773 4063 per
2808 3993 3180 4049 curiositatem
3217 4004 3365 4050 tuam
3407 4012 3526 4052 ser-

1944 4086 2201 4138 monibus
2231 4093 2281 4138 te
2319 4085 2606 4139 fallacibus
2650 4086 2903 4141 inescans
2931 4085 3166 4140 abducat
3205 4101 3235 4140 a
3279 4089 3523 4143 veritate.

1950 4173 2075 4229 Vult
2103 4191 2131 4228 a
2159 4176 2383 4229 veritate
2415 4175 2576 4242 pedes
2606 4184 2730 4229 tuos
2772 4189 2962 4244 rapere
3001 4185 3056 4231 et
3101 4177 3384 4233 devorare.
3422 4177 3529 4234 Sed

1945 4276 2002 4320 tu
2039 4265 2320 4334 accingere
2351 4264 2564 4329 ciliciis,
2607 4275 2662 4319 et
2702 4266 2916 4335 plange,
2960 4275 3015 4320 et
3051 4267 3227 4336 plora,
3273 4277 3329 4321 et
3380 4270 3527 4325 ulula

256 4354 510 4432 liablexal
548 4391 641 4427 σου
674 4372 782 4426 ἀπὸ
811 4371 910 4440 τῆς
940 4367 1198 4440 ἀληθείας
1225 4364 1471 4436 ἁρπάσαι
1494 4365 1622 4428 τοὺς
1653 4362 1839 4427 πόδας,

1947 4356 2320 4411 imminentem
2350 4355 2557 4417 hostem
2585 4354 2948 4424 conspiciens,
2983 4364 3042 4410 ut
3081 4366 3359 4411 avertatur
3378 4356 3532 4413 furor

260 4469 347 4523 καὶ
365 4467 729 4536 καταφαγεῖνο
753 4462 888 4517 ἀλλά
924 4462 988 4514 σὺ
1008 4459 1309 4531 περίζωσαι
1346 4457 1608 4519 σάκκους,
1630 4453 1726 4508 καὶ
1751 4454 1841 4507 κό-

263 4558 693 4627 πτου,καὶκλαῖε
710 4555 806 4611 καὶ
837 4552 1069 4617 ἀλάλαζε
1091 4553 1189 4622 (7),
1211 4550 1425 4620 βλέπων
1452 4549 1544 4601 τὸν
1580 4546 1840 4616 πολέμιον

264 4654 343 4708 τὸν
372 4650 731 4723 ἐνεστηκότα,
766 4648 854 4702 ἵνα
880 4646 1200 4716 ἀνι-συστραφῇ
1228 4644 1398 4714 θυμὸς
1436 4642 1604 4713 ὀργῆς
1636 4638 1842 4711 Κυρίου

270 4745 362 4800 ἀπὺ
391 4744 519 4809 σοῦ,
557 4744 652 4798 καὶ
682 4738 1123 4811 ἀποστραφέντος
1155 4735 1248 4789 τοῦ
1277 4735 1470 4806 θυμοῦ,
1501 4731 1735 4804 δυνηθῇς
1783 4732 1842 4785 ἐν

269 4836 560 4911 ἁμεριμνίᾳ
577 4833 886 4904 γενόμενος,
908 4830 1103 4901 μηκέτι
1123 4825 1217 4880 τοῦ
1233 4826 1442 4889 λέοντος
1456 4825 1647 4878 ὑπεισε
1655 4821 1845 4893 ρχομέ-

1948 4448 2041 4503 ine
2083 4445 2297 4501 Domini
2337 4460 2369 4499 ιι
2413 4454 2484 4509 te,
2535 4454 2588 4500 et
2635 4459 2828 4500 averso
2872 4444 3091 4513 lurore,
3140 4446 3193 4500 in
3236 4448 3531 4503 securitate

1945 4541 2305 4604 constitutus,
2360 4539 2518 4594 leone
2569 4554 2673 4594 non
2729 4538 2964 4608 amplius
3022 4550 3074 4595 te
3126 4539 3529 4604 invadente,eo

1945 4634 2089 4704 quod
2115 4632 2168 4686 in
2199 4630 2475 4686 civitatem
2500 4642 2770 4686 muratam
2794 4632 3073 4701 ingressus
3096 4630 3196 4694 sis,
3226 4629 3529 4700 gloriﬁcare

1945 4723 2466 4795 possisliberau’tem
2504 4732 2555 4776 te
2595 4721 2767 4776 Deum
2805 4720 2861 4773 iu
2883 4720 3102 4775 Christo
3135 4718 3286 4787 Jesu,
3327 4723 3416 4791 cui
3445 4733 3528 4780 est

1947 4820 2122 4872 honor
2158 4824 2214 4868 et
2252 4814 2539 4884 imperium
2582 4813 2636 4867 in
2680 4812 2878 4868 saecula
2917 4812 3266 4868 saeculorum.
3302 4815 3501 4871 Amen.

269 4902 490 4997 voc-cos,
635 4946 697 4982 σε
711 4902 1124 4997 εἰσεληλυθέναι
1162 4924 1241 4985 εἰς
1270 4920 1369 4992 τὴν
1394 4920 1623 4990 τειχήρη
1659 4916 1835 4980 πόλιν,
1895 4912 2136 4979 δοξάζειν
2167 4909 2259 4962 τὸν
2295 4907 2554 4979 ῥυόμενόν
2591 4923 2650 4959 σε
2714 4904 2847 4960 Θεὸν
2890 4907 2947 4960 ὲν
2990 4905 3213 4979 Χριστῷ
3253 4906 3451 4978 Ἰησοῦ,
3484 4902 3529 4976 ᾧ

270 5024 402 5080 ἐστιν
444 5028 480 5097 ἡ
528 5024 656 5091 δόξα
686 5022 784 5077 καὶ
833 5021 894 5074 τὸ
938 5017 1137 5089 κράτος
1157 5018 1237 5079 είς
1274 5017 1401 5078 τοὺς
1451 5012 1653 5074 αἰῶνας
1673 5011 1783 5064 τῶν
1814 5009 2045 5062 αἰώνων.
2089 5005 2283 5075 Ἀμήν.

342 5141 385 5172 ³⁹
413 5140 548 5197 ibid.
578 5140 632 5193 7.
708 5138 753 5169 ⁸³
780 5135 970 5193 lPetr.
997 5149 1053 5199 ν,
1080 5133 1133 5187 8.
1210 5131 1254 5163 ³⁸
1287 5130 1432 5185 Psal.
1466 5145 1544 5193 ιχ,
1575 5128 1665 5183 '50.
1746 5127 1790 5159 ³³
1818 5126 1846 5179 I

1952 5167 1966 5181 .
1998 5140 2127 5187 cut,
2152 5122 2243 5177 ‘20.
2285 5122 2331 5153 ³⁵
2361 5123 2653 5184 .lerezn.iv,
2685 5118 2735 5172 7.
2813 5119 2856 5150 ³⁸
2890 5118 3020 5172 ibid.
3049 5118 3103 5185 7,
3129 5117 3183 5172 8.
3260 5116 3304 5148 ³⁸
3337 5115 3507 5170 Amos

273 5221 351 5278 ιιι,
378 5212 467 5267 12.

438 5325 577 5401 _C_od.
610 5323 812 5401 V_ati_t_:.,
840 5321 920 5386 τίς
953 5322 1011 5376 δέ
1040 5321 1243 5401 ὲσὴτινηό
1275 5316 1548 5386 πολέμιος.
1578 5382 1581 5387 η
1680 5387 1701 5401 ⁸
1800 5378 1828 5401 τ

340 5327 388 5400 (1
442 5327 577 5381 Cod.
611 5327 812 5390 Vatic.,
840 5327 920 5386 τίς
953 5327 1011 5376 δέ
1040 5327 1186 5375 ἐστιν
1215 5327 1243 5372 ό
1275 5327 1548 5386 πολέμιος.
1578 5382 1581 5387 η

340 5327 416 5468 (Ξζ
438 5395 609 5460 Idem,
640 5393 818 5468 ἡμῶν,
846 5402 899 5468 et
932 5407 1054 5468 mox
1086 5389 1264 5461 ζητῶν
1285 5404 1407 5441 τινα
1442 5387 1730 5440 καταπιεῖν
1750 5403 1763 5419 ο
1794 5378 1839 5455 ᾧ

275 5462 549 5537 ἀντίστητε
583 5462 809 5537 στερεοὶ-
920 5462 1120 5537 πίστει..

342 5537 417 5608 (5)
442 5525 625 5608 (Ϊοόοχ
660 5525 1050 5608 Scorialensis,
1071 5529 1318 5608 [ἡμέρας]
1349 5534 1409 5608 et
1437 5525 1576 5580 infra
1596 5526 1841 5608 ’ἀρυόμε-

276 5595 632 5673 νοίᾶρπάσαι.
663 5603 795 5657 Item
825 5603 984 5671 paulo
1007 5595 1254 5668 inferius,
1280 5595 1563 5667 ἄνθρωπος
1585 5595 1839 5673 ἀνωτέρω

276 5674 366 5729 τοῦ
395 5673 974 5744 διαϐόλουλκρείττων.

324 5746 418 5812 ’(ι)
446 5746 628 5802 Codex
651 5737 995 5826 'Vatic‘anus,
1025 5740 1221 5808 αὑτοῦ,
1270 5747 1325 5795 et
1373 5737 1549 5809 intra,
1596 5744 1724 5821 περὶ
1765 5738 1846 5835 ἧς’

1942 5307 2318 5384 mattiarios
2351 5307 2676 5384 ἐλέγριξενο.
2819 5373 2845 5384 -

2018 5368 2311 5452 (5)'_ilo'{le:i
2338 5368 2750 5452 .Scorialensis,
2781 5373 2885 5443 γῆν
2914 5390 3006 5425 σου
3050 5372 3353 5443 ἐρήμωσιν.
3382 5368 3525 5425 intra

1947 5443 2295 5510 cod.'Vatic.,
2326 5445 2539 5498 ἀπειλεῖ
2573 5462 2664 5497 σου
2695 5443 2851 5496 λέων.

2040 5520 2094 5594 β)
2118 5518 2299 5594 (ἐθίζει
2329 5512 2641 5594 Υριίοριμιδ,
2660 5512 2908 5594 λυχνίας,
2940 5511 3099 5594 male;
3276 5580 3288 5594 ‘
3475 5580 3488 5594 .

2040 5523 2094 5590 6)
2118 5523 2299 5574 Codex
2333 5523 2641 5577 Vaticanus,
2670 5523 2908 5585 λυχνίας,
2940 5523 3099 5565 male.

2017 5523 2096 5661 i7)
2126 5588 2321 5661 Codex“
2346 5583 2737 5661 scorialeusis,_
2774 5582 3032 5661 ἀλάλασε.
3075 5580 3388 5661 ζλςιξειιάιιιη
3438 5580 3523 5636 vi-

1941 5651 2103 5789 agtur
2134 5655 2372 5720 ὀλόλυζε.
2409 5654 2611 5713 Ibidem
2640 5655 2762 5711 cod.
2790 5651 2991 5718 Vatic.,
3018 5653 3276 5727 πολέμιον
3301 5654 3531 5731 ἐνεστη-

1941 5754 1975 5789 κ
2017 5749 2098 5787 ια.

1939 5749 2098 5792 κοτα.

4080 1112 4083 1175 π

4080 1192 4083 1323 l

4080 1520 4084 1553 1

4082 1566 4083 1599 l
