4296 6288
637 306 745 362 323

1137 420 1291 491 163
1322 419 1603 474 HOMILIA
1637 419 1725 475 Vl.

1288 510 1343 564 In
1375 512 1518 565 istud
1553 530 1564 565 :

904 600 1142 666 Domine,
1176 600 1318 654 oculi
1350 601 1427 654 tui
1447 602 1516 654 ad
1546 602 1705 671 ﬁdem
1735 601 1801 665 ".
1824 611 1930 658 etc.

713 692 765 749 1.
802 691 1042 756 Domine,
1079 691 1278 759 inquit,
1309 691 1450 745 oculi
1472 693 1550 745 tui
1578 693 1647 746 ad
1670 693 1851 763 fidem.
1885 692 2040 747 Sicut
2069 692 2216 747 oculi

637 783 855 841 Domini
885 798 1049 853 super
1070 780 1251 852 iustos
1286 782 1353 850 ³⁸,
1386 799 1512 838 nam
1539 787 1608 839 ab
1636 785 1841 855 iniquis
1867 784 2061 839 avertit
2086 799 2214 850 eos;

638 876 717 931 sic
765 874 908 929 oculi
956 869 1174 926 Domini
1222 871 1288 925 ad
1339 872 1544 926 tidem:
1590 873 1659 927 ab
1706 872 2021 927 inﬁdelitate
2066 871 2213 925 cutim

636 966 830 1020 avertit
884 964 1027 1019 illos.
1069 961 1436 1029 Quamobrem
1483 964 1552 1019 ab
1600 978 1667 1020 eo
1723 964 1819 1034 qui
1879 963 2033 1018 novit
2081 962 2215 1033 quid

631 1058 841 1114 orando
881 1057 1059 1122 dicat,
1108 1055 1336 1125 pulchre
1377 1054 1583 1111 dictum
1620 1063 1706 1111 est
1742 1072 1757 1110 :
1790 1054 2034 1121 Domine,
2074 1054 2214 1109 oculi

633 1134 713 1206 tui
758 1151 828 1203 ad
858 1149 1036 1219 ﬁdem.
1072 1146 1230 1214 Quod
1283 1148 1469 1217 itaque
1507 1148 1600 1203 hic
1644 1148 1908 1218 scriptum
1953 1155 2059 1215 est,
2104 1148 2214 1203 tale

631 1251 765 1298 est:
799 1240 1055 1306 Domine,
1100 1238 1240 1293 oculi
1293 1240 1371 1292 tui
1418 1239 1487 1292 ad
1535 1239 1713 1308 ﬁdem.
1760 1237 2031 1305 Quoniam
2084 1253 2214 1292 vero

633 1334 844 1390 verbum
869 1331 1079 1401 sapiens
1116 1331 1160 1385 si
1188 1330 1418 1384 audierit
1450 1331 1614 1392 scius,
1642 1329 1885 1384 laudabit
1905 1339 1956 1383 et
1978 1330 2048 1382 ad
2075 1328 2214 1382 illud

636 1423 854 1496 adjiciet
878 1424 946 1487 ³⁸,
973 1422 1095 1477 vide
1116 1429 1320 1487 quanta
1350 1436 1417 1475 ex
1448 1421 1555 1475 hoc
1578 1420 1726 1475 dicto
1752 1437 1765 1471 :
1800 1420 2043 1485 Domine,
2071 1418 2212 1472 oculi

635 1521 715 1574 tui
746 1520 815 1574 ad
845 1519 1025 1588 ﬁdem,
1051 1516 1266 1587 possint
1294 1515 1452 1569 ellici.
1487 1512 1690 1569 Paulus
1720 1514 1793 1568 ait
1821 1514 1866 1546 ‘°
1897 1531 1909 1566 :
1938 1512 2096 1565 Nune
2117 1529 2216 1565 au-

635 1621 739 1664 tem
771 1615 982 1662 manent
1026 1606 1178 1675 ﬁdes,
1220 1621 1357 1674 spes,
1392 1604 1625 1658 Charitas
1647 1644 1663 1669 ,
1696 1605 1800 1657 tria
1849 1603 1959 1658 haec
1989 1617 2007 1656 :
2041 1602 2215 1672 major

633 1712 809 1755 autem
837 1700 1021 1753 horum
1060 1709 1139 1753 est
1170 1698 1426 1753 Charitas.
1473 1696 1627 1753 Sicut
1677 1695 1823 1752 oculi
1870 1694 2086 1748 Domini
2142 1695 2209 1748 ad

2022 280 2037 303 ’
2079 303 2403 362 ORIGENIS

2248 433 2297 487 Α

3804 309 3911 367 εει

2903 422 3199 477 ΟΜΙΔΙΛ
3240 426 3332 492 ς».

3003 515 3098 578 El;
3131 515 3193 567 τό
3212 532 3225 545 ο

2314 608 2516 677 Κύριε,
2544 610 2600 663 cl
2636 607 2933 678 ὀφθαλμοί
2986 622 3105 661 σου
3149 608 3239 672 είς
3270 608 3502 671 πίστιν,
3535 604 3633 661 καὶ
3662 606 3733 662 τὰ
3756 605 3911 681 ἑξῆς.

2384 701 2582 768 Κύριε,
2627 700 2813 769 φησιν,
2857 701 2911 751 οἱ
2942 698 3240 767 ὀφθαλμοί
3278 712 3394 751 σου
3427 699 3514 764 είς
3546 697 3777 752 πίστιν.
3823 699 3916 763 Ὠς

2315 793 2365 845 οί
2403 791 2670 862 ὀφθαλμοὶ
2709 790 2915 863 Κυρίου
2942 789 3018 860 (ι)
3042 789 3135 841 ἐπὶ
3158 789 3401 853 δικαίους
3421 806 3433 818 °
3457 789 3566 843 ἀπὺ
3586 789 3693 862 γὰρ
3705 789 3913 846 ἀδίκων

2314 882 2646 955 ἀποστρέφει
2697 881 2922 946 αὐτούς·
2971 881 3144 945 οὕτως
3185 883 3235 934 οἱ
3279 879 3552 951 ὀφθαλμοὶ
3585 882 3796 953 Κυρίου
3827 883 3911 946 είς

2315 973 2525 1027 πίστινο
2575 972 2685 1027 ἀπὸ
2729 972 2838 1045 γὰρ
2870 972 3129 1035 ἀπιστίας
3169 973 3507 1044 ἀποστρέφει
3545 972 3767 1036 αὐτούς.
3817 972 3912 1029 Διδ

2315 1062 2497 1126 καλῶς
2521 1062 2771 1117 λέλεκται
2793 1062 2897 1116 ὑπὸ
2917 1061 3011 1115 τοῦ
3040 1060 3287 1127 νοοῦντος
3314 1062 3367 1116 τί
3398 1063 3546 1132 λέγει
3575 1064 3634 1116 ὲν
3668 1065 3738 1135 τῇ
3770 1065 3905 1136 εὐχῇ

2315 1151 2402 1204 τό’
2423 1152 2620 1220 Κύριε,
2653 1155 2705 1206 οὶ
2737 1151 3035 1221 ὀφθαλμοί
3065 1166 3183 1205 σου
3213 1153 3301 1217 εὶς
3325 1154 3553 1207 πίστιν.
3581 1154 3625 1205 Τ
3627 1154 3656 1206 δ
3686 1155 3784 1225 μὲν
3813 1152 3910 1209 οὖν

2316 1241 2550 1295 ἐνταῦθα
2580 1242 2966 1313 γεγραμμένον
2994 1242 3110 1294 ἔστί
3129 1258 3145 1272 ·
3171 1243 3376 1310 Κύριε,
3394 1242 3764 1313 οίύφθαλμοί
3789 1261 3909 1300 σου

2311 1335 2398 1400 είς
2422 1334 2650 1387 πίστιν.
2691 1333 2844 1386 Ἐπεὶ
2870 1332 2928 1386 δὲ
2957 1334 3147 1402 λόγον
3167 1332 3367 1401 σοφὸν
3392 1333 3489 1386 ἐὰν
3514 1335 3752 1404 ἀκούσῃ
3783 1335 3910 1389 ἐπι-

2311 1418 2578 1489 στήμων,
2632 1419 2861 1474 αίνέσει
2892 1420 3082 1474 αὑτὸν
3123 1420 3226 1475 καί
3281 1421 3373 1475 ἐπ’
3413 1422 3602 1477 αὑτὸν
3644 1418 3904 1492 προσθή-

2312 1529 2438 1569 σει·
2469 1516 2573 1585 ὅρα
2600 1512 2742 1567 πόσα
2783 1514 2900 1566 ἐστὶ
2930 1512 3157 1582 ποιῆσαι
3196 1512 3306 1566 ἀπὸ
3345 1514 3439 1567 τοῦ
3460 1531 3475 1544 ο
3523 1516 3724 1583 Κύριε,
3757 1519 3811 1570 οί
3842 1518 3902 1570 ὀ·

2311 1608 2574 1678 φθαλμοί
2590 1621 2707 1659 σου
2723 1608 2810 1672 εὶς
2826 1607 3054 1661 πίστιν.
3073 1603 3149 1677 (2)
3163 1603 3240 1676 Φη
3248 1605 3331 1658 σ’ίν
3356 1606 3387 1657 ὁ
3411 1605 3621 1670 Παῦλος
3639 1621 3655 1638 ο
3672 1606 3908 1663 an-16)

2307 1700 2476 1769 μένει
2514 1698 2588 1752 τὰ
2618 1697 2751 1766 τρία
2774 1696 2983 1760 ταῦτα,
3022 1697 3247 1763 πίστις,
3283 1696 3480 1763 ἐλπίς,
3511 1696 3743 1768 ἀγάπη·
3777 1699 3909 1768 μει-

635 1791 820 1855 ﬁdem,
857 1791 937 1845 sic
963 1788 1105 1844 oculi
1136 1788 1350 1843 Domini
1381 1787 1449 1841 ad
1499 1802 1648 1856 spem
1670 1828 1685 1851 ,
1718 1786 1862 1841 oculi
1903 1783 2117 1838 Domini
2143 1784 2210 1839 ad
2245 1790 2288 1846 Β
2315 1790 2331 1853 ζ

2245 1790 2288 1846 Β
2315 1789 2425 1853 ζων
2448 1788 2517 1843 δὲ
2542 1789 2769 1843 τούτων
2794 1789 2833 1857 ἠ
2861 1786 3083 1856 ἀγάπη.
3135 1788 3223 1851 Ὠς
3262 1786 3534 1859 ὀφθαλμοὶ
3576 1789 3786 1861 Κυρίου
3825 1790 3906 1854 είς

633 1884 981 1939 charilatem.
1017 1880 1083 1936 Et
1116 1898 1238 1936 cum
1265 1881 1336 1936 sit
1360 1879 1585 1949 spiritus
1612 1877 1971 1941 fortitudinis,
1997 1886 2052 1932 et
2083 1878 2214 1932 cha—

632 1976 835 2039 ritatis,
870 1984 925 2029 et
951 1972 1349 2043 temperantiae,
1390 1970 1534 2026 sicut
1563 1969 1708 2024 oculi
1739 1968 1956 2024 Domini
1985 1969 2052 2023 ad
2084 1969 2216 2024 cha-

631 2067 874 2128 ritatem,
903 2066 983 2121 sic
1013 2064 1155 2120 oculi
1191 2063 1404 2117 Domini
1438 2064 1503 2117 ad
1541 2061 1934 2126 fortitudinem,
1966 2062 2047 2117 sic
2070 2063 2213 2116 oculi

633 2158 849 2213 Domini
893 2158 960 2212 ad
1015 2155 1452 2227 temperantiam,
1502 2154 1645 2207 oculi
1685 2152 1903 2207 Domini
1947 2154 2014 2208 ad
2047 2152 2215 2223 justi-

630 2250 785 2314 tiam,
813 2250 894 2304 sic
925 2247 991 2303 ad
1026 2261 1219 2302 omnes
1253 2245 1486 2299 virtutes
1532 2252 1662 2298 sunt
1691 2243 1834 2298 oculi
1874 2242 2114 2299 Domini.
2152 2243 2211 2299 Si

631 2342 797 2411 igitur
825 2339 1063 2395 volucris
1096 2346 1152 2393 et
1187 2345 1244 2392 tu
1289 2335 1473 2391 radios
1516 2334 1841 2403 spiritalium
1890 2333 1982 2390 Dei
2023 2335 2213 2390 oculo-

631 2446 754 2486 rum
786 2430 855 2485 ad
893 2439 942 2485 te
966 2430 1292 2502 pertingere,
1315 2428 1546 2483 virtutes
1580 2426 1678 2481 tibi
1710 2440 1999 2496 compara,
2027 2436 2081 2483 et
2108 2428 2214 2483 erit

634 2522 1126 2593 quemadmodum,
1166 2521 1420 2585 Domine,
1469 2519 1611 2574 oculi
1656 2518 1735 2572 tui
1767 2519 1837 2572 ad
1886 2518 2066 2587 ﬁdem,
2107 2520 2210 2584 sic,

631 2614 879 2680 Domine,
912 2614 1053 2669 oculi
1103 2612 1183 2667 tui
1233 2612 1300 2666 ad
1349 2611 1567 2679 singula
1592 2624 1716 2679 quae
1764 2609 2013 2678 possides
2045 2610 2211 2669 bona.

630 2705 700 2761 Et
730 2708 777 2761 si
808 2702 1121 2761 istiusmodi
1158 2704 1255 2765 sis,
1290 2711 1351 2755 ut
1374 2701 1520 2755 oculi
1554 2699 1771 2754 Domini
1805 2700 2064 2755 illuceant
2093 2702 2212 2767 tibi,

631 2798 784 2852 dices
819 2814 835 2851 :
882 2794 1164 2865 Signatum
1210 2802 1289 2847 est
1336 2807 1493 2861 super
1536 2807 1628 2845 nos
1676 2790 1854 2845 lumen
1893 2791 2068 2847 vultus
2101 2794 2210 2860 tui,

640 2889 859 2943 Domine
883 2890 950 2945 “.

2310 1880 2519 1942 πίστιν,
2553 1878 2822 1949 ὀφθαλμοὶ
2866 1878 3075 1951 Κυρίου
3121 1881 3202 1942 είς
3244 1878 3452 1945 ἐλπίδα,
3490 1880 3759 1951 ὀφθαλμοὶ
3789 1883 3905 1935 Κυ-

2313 1971 2430 2045 ρίου
2461 1973 2542 2034 είς
2582 1970 2823 2040 ἀγάπην.
2890 1969 3045 2023 Ἐπεὶ
3088 1968 3146 2022 δέ
3178 1971 3294 2023 ἐστι
3332 1970 3547 2041 πνεῦμα
3592 1970 3898 2042 δυνάμεως,

2308 2065 2406 2118 καὶ
2453 2061 2706 2132 ἀγάπης,
2758 2062 2854 2115 καὶ
2900 2061 3320 2133 σωφρονισμοῦ,
3365 2062 3439 2125 ὼς
3490 2061 3758 2134 ὀφθαλμοὶ
3792 2064 3901 2115 Κυ-

2313 2156 2430 2228 ρίου
2475 2158 2555 2219 είς
2600 2153 2843 2224 ἀγάπην,
2907 2153 3081 2217 οὔτως
3124 2152 3391 2224 ὀφθαλμοὶ
3432 2153 3635 2226 Κυρίου
3685 2156 3764 2218 είς
3807 2150 3904 2208 δύο

2312 2263 2511 2317 ναμιν,
2577 2243 2751 2307 οὕτως
2797 2245 2850 2297 οἱ
2905 2242 3176 2313 ὀφθαλμοὶ
3233 2244 3443 2313 Κυρίου
3496 2245 3578 2307 εἰς
3640 2260 3904 2315 σωφρονι-

2315 2336 2486 2408 σμὸν,
2543 2335 2814 2408 ὀφθαλμοὶ
2864 2333 3073 2406 Κυρίου
3138 2333 3229 2388 ἐπὶ
3285 2331 3674 2406 δικαιοσύνην,
3727 2333 3904 2401 οὕτως

2312 2430 2408 2486 ιπὶ
2462 2429 2640 2494 πάσας
2688 2427 2888 2499 ἀρετὰς
2937 2426 3203 2498 ὀφθαλμοὶ
3252 2427 3479 2497 Κυρίου.
3535 2428 3602 2480 El
3640 2422 3733 2480 οὖν
3773 2427 3901 2497 βού-

2313 2520 2394 2578 λει
2440 2521 2534 2577 καὶ⁵
2574 2524 2639 2576 σὺ
2684 2520 2785 2584 τὰς
2831 2520 3056 2582 ἀκτῖνας
3100 2517 3207 2570 τῶν
3239 2516 3443 2587 νοητῶν
3469 2516 3764 2587 ὀφθαλμῶν
3805 2515 3901 2572 τοῦ

2314 2613 2451 2667 Θεοῦ
2482 2611 2703 2681 φθάνειν
2732 2612 2825 2664 ἐπὶ
2856 2610 2945 2675 σὲ,
2985 2607 3219 2663 ἀνάλαῶ
3245 2607 3345 2671 τὰς
3373 2608 3592 2678 ἀρετάς·
3623 2608 3720 2662 καὶ
3745 2608 3901 2663 ἔσται

2310 2706 2387 2769 ὡς
2432 2706 2521 2759 τό·
2556 2706 2753 2773 Κύριε,
2785 2707 2841 2758 οί
2874 2700 3171 2772 ὀφθαλμοί
3201 2713 3316 2754 σου
3348 2701 3435 2766 εις
3464 2700 3705 2765 πίστιν,
3734 2699 3899 2767 οὕτω,

2312 2791 2509 2862 Κύριε,
2541 2790 2879 2862 οίόφθαᾉμοί
2917 2806 3010 2843 σου
3059 2788 3136 2859 (5)
3171 2789 3252 2853 είς
3269 2787 3497 2842 ἕκαστον
3518 2783 3594 2843 ὧν
3625 2788 3691 2842 ἂν
3727 2791 3901 2861 κτήσῃ

2313 2859 2566 2953 ἀγαθῶν.
2599 2859 2711 2937 Καὶ
2735 2859 2828 2936 {div
2859 2879 3174 2951 τηλικοῦτος
3205 2875 3293 2954 ᾗς,
3329 2880 3405 2943 ὡς
3431 2882 3557 2943 τοῦς
3591 2859 3902 2951 ὀφθαλμοὺς

633 2982 838 3056 Κυρίου
865 2981 1159 3053 ὲλλάμπειν
1190 2997 1292 3047 σοι,
1320 2981 1467 3052 ἐρεῖς
1484 2994 1498 3007 ·
1547 2976 1908 3047 Ἐσημειώθη
1934 2979 2028 3050 ἐφ’
2053 2979 2208 3050 ἡμᾶς
2239 2981 2303 3036 τὸ
2332 2978 2458 3049 φῶς
2485 2973 2591 3065 τοῦ
2616 2972 2941 3043 προσώπου
2973 2985 3113 3037 σου,
3142 2971 3340 3040 Κύριε.

705 3080 759 3132 2.
793 3074 994 3132 Deinde
1031 3074 1095 3128 de
1131 3071 1506 3143 peccatoribus
1531 3070 1811 3127 videamus
1833 3074 1977 3142 quod
2003 3073 2208 3128 dictum

634 3180 720 3226 est
745 3170 790 3203 δ’
818 3186 832 3222 :
866 3165 1185 3236 Flagellum
1209 3180 1317 3227 eos,
1348 3171 1397 3216 et
1439 3178 1543 3216 non
1581 3164 1883 3219 doluerunt.
1920 3162 2231 3220 Sensibilia.

2389 3084 2527 3143 Εἶτα
2565 3084 2693 3157 περὶ
2722 3083 2833 3138 τῶν
2872 3083 3214 3157 ἁμαρτωλῶν
3249 3084 3446 3155 ἴδωμεν
3487 3080 3550 3136 τὸ
3579 3082 3897 3154 λεγόμενονσ

2330 3178 2778 3251 Ἑμαστίτωσας
2803 3176 3055 3242 αὐτοὺς,
3086 3174 3185 3229 καί
3217 3177 3329 3228 οὐκ
3366 3175 3698 3241 ἐπόνησαν.
3730 3168 3898 3229 Abas

638 3265 755 3320 haec
786 3259 994 3331 ﬂagella
1040 3258 1177 3312 vivis
1225 3255 1550 3325 corporibus
1595 3254 1765 3323 illata,
1803 3256 1991 3322 velint,
2038 3257 2213 3311 nolint
2241 3261 2283 3317 C
2316 3289 2334 3324 ο

2199 3268 2213 3311 ι
2241 3261 2283 3317 C
2316 3272 2371 3324 αἱ
2398 3268 2654 3338 αἰσθηταὶ
2693 3266 2957 3337 μάστιγες
2989 3264 3122 3329 ζῶσι
3155 3264 3595 3336 προσφερόμεναι
3630 3263 3895 3334 σώμασιν⁹

632 3352 982 3421 vapulantes,
1025 3349 1213 3404 dolore
1274 3362 1370 3402 eos
1421 3345 1662 3401 alliciunt
1703 3363 1717 3400 :
1753 3355 1810 3402 at
1857 3344 1951 3401 Dei
2006 3347 2215 3416 ﬂagella

636 3443 910 3516 ejusmodi
952 3450 1113 3504 sunt,
1172 3448 1233 3493 ut
1276 3436 1650 3508 vapulantium
1695 3438 1921 3508 quidam
1959 3437 2214 3502 doleant,

635 3538 859 3610 quidam
914 3549 1023 3589 non
1058 3532 1296 3586 doleant.
1345 3529 1769 3599 Expendamus,
1810 3530 1857 3585 si
1897 3544 2213 3599 possumus,

635 3628 768 3700 quid
815 3626 889 3682 sit
916 3625 1101 3680 dolere
1128 3638 1160 3677 a
1193 3620 1417 3690 ﬂagellis
1462 3619 1583 3684 Dei,
1613 3629 1666 3673 et
1688 3620 1819 3690 quid
1863 3635 1973 3673 non
1999 3619 2213 3683 dolere;

638 3717 997 3775 ostendamus
1043 3710 1290 3767 infelices
1339 3724 1447 3763 non
1492 3708 1677 3763 dolere
1727 3725 1759 3764 a
1802 3707 2026 3779 ﬂagellis
2078 3705 2214 3773 Dei,

634 3813 826 3869 beatos
856 3820 1038 3864 autem
1078 3805 1267 3862 dolere
1313 3818 1345 3858 a
1385 3802 1613 3874 ﬂagellis
1657 3801 1775 3858 Dei.
1810 3803 1901 3857 Ait
1932 3802 2079 3857 enim
2117 3798 2217 3855 Sa-

644 3899 848 3968 pientia
882 3896 1051 3962 :Quis
1097 3897 1242 3950 dabit
1284 3912 1442 3963 super
1481 3896 1710 3963 cogitatu
1750 3911 1863 3948 meo
1906 3892 2141 3963 ﬂagella,
2176 3899 2224 3945 et

643 4005 801 4058 super
831 3987 973 4042 labia
1010 4004 1126 4041 mea
1169 3985 1502 4057 signaculum
1530 3994 1797 4046 astutum,
1839 3994 1895 4037 ut
1926 3984 1981 4036 in
2009 3983 2227 4051 ignora-

647 4079 874 4134 tionibus
904 4080 1031 4133 meis
1060 4095 1164 4132 non
1202 4087 1446 4147 parcant,
1481 4086 1529 4131 et
1559 4084 1773 4146 peccata
1819 4090 1936 4128 mea
1976 4089 2078 4126 non
2105 4088 2228 4143 per-

645 4174 777 4228 dant
820 4173 941 4226 me?
979 4171 1209 4226 Attende
1255 4171 1387 4225 illud
1419 4188 1432 4222 :
1468 4168 1595 4235 Quis
1623 4169 1769 4222 dabit
1800 4183 1957 4237 super
1994 4165 2229 4237 cogitatu

647 4281 762 4321 meo
802 4264 1017 4333 ﬂagella
1062 4263 1141 4316 “2'
1178 4263 1318 4332 Ergo
1351 4271 1480 4316 sunt
1529 4261 1735 4329 ﬂagella
1780 4275 1901 4329 quae
1945 4257 2230 4330 cogitatio-

637 4374 761 4413 nem
800 4354 961 4426 164
987 4354 1278 4423 ﬂagellent.
1309 4352 1545 4423 Flagrlla
1576 4352 1668 4407 Dei
1704 4351 2090 4423 cogitationem
2118 4349 2216 4404 ﬂa-

639 4452 860 4521 gellant.
895 4446 1087 4499 Sermo
1109 4446 1255 4496 enim
1290 4445 1382 4512 qui
1418 4445 1657 4496 animam
1702 4443 1914 4512 pungit,
1947 4451 2001 4494 ct
2039 4443 2213 4511 ipsam

638 4542 694 4598 in
732 4537 1125 4596 conscientiam
1171 4541 1516 4602 peccatorum
1552 4532 1793 4593 adducit,
1827 4531 2089 4601 ﬂagellat;
2118 4532 2215 4585 ﬂa-

2318 3361 2427 3414 εἴτε
2466 3358 2767 3430 βούλονται,
2798 3357 2907 3410 εῐτε
2940 3355 3015 3427 μὴ
3058 3355 3334 3427 βούλονται
3367 3357 3415 3409 oi
3453 3355 3894 3426 μαστιγούμενοι,

2318 3448 2478 3503 πόνον
2523 3446 2844 3519 ἐμποιοῦσιν
2880 3445 3096 3509 αὐτοῖς·
3131 3448 3186 3499 al
3229 3445 3285 3499 δὲ
3324 3445 3422 3499 τοῦ
3468 3444 3601 3499 Θεοῦ
3641 3445 3897 3516 μάστιγες

2314 3539 2560 3596 τοιαῦταί
2587 3540 2742 3602 εἰσιν,
2768 3537 2844 3601 ὥς
2870 3553 3023 3599 τινας
3061 3538 3158 3607 μὲν
3188 3537 3295 3591 τῶν
3332 3538 3778 3608 μαστιγουμένων
3805 3552 3903 3589 πο-

2317 3631 2427 3682 νεῖν
2445 3667 2460 3693 ,
2490 3627 2640 3689 τινὰς
2666 3627 2725 3680 δὲ
2756 3626 2864 3681 τῶν
2896 3626 3346 3697 μαστιγουμένων
3386 3626 3461 3698 μὴ
3492 3629 3696 3681 πονεῖν.
3743 3627 3898 3681 ’ῐδω-

2318 3737 2418 3791 μεν
2443 3721 2492 3773 εί
2521 3717 2800 3789 δυνάμεθα
2834 3716 3220 3788 διηγήσασθαι.
3251 3716 3303 3768 τί
3334 3716 3448 3768 ἐστι
3481 3715 3542 3768 τὸ
3579 3718 3761 3770 πονεῖν
3791 3714 3901 3770 ἀπὸ

2319 3812 2596 3884 μαστίγων
2622 3809 2782 3876 Θεοῦ,
2807 3810 2903 3863 καὶ
2930 3809 2984 3862 τί
3006 3808 3067 3861 τὸ
3097 3808 3172 3880 μὴ
3207 3810 3407 3871 πονεῖν,
3440 3809 3532 3861 καὶ
3550 3809 3631 3862 ὅτι
3656 3808 3902 3863 κακοδαί-

2319 3921 2478 3977 μονες
2512 3906 2561 3957 οἱ
2606 3901 2680 3973 μὴ
2726 3900 3011 3964 πονοῦντες
3043 3901 3151 3954 ἀπὸ
3196 3899 3476 3971 μαστίγων
3520 3898 3686 3952 Θεοῦ·
3724 3900 3900 3970 μακά-

2317 4013 2422 4069 ριοι
2451 3995 2506 4047 δὲ
2533 3996 2582 4047 οἱ
2619 3993 2909 4056 πονοῦντες
2947 3991 3056 4045 ἀπὸ
3104 3990 3381 4063 μαστίγων
3408 3989 3577 4043 Θεοῦο
3620 3991 3754 4059 φησι
3795 3990 3900 4063 γὰρ

2320 4090 2353 4159 ὴ
2413 4086 2616 4155 Σοφία·
2663 4086 2758 4151 Τίς
2805 4084 2985 4138 δώσει
3029 4083 3127 4136 ἐπὶ
3184 4082 3288 4135 τοῦ
3342 4081 3739 4151 διαιιοήματός
3780 4099 3900 4152 μου

2306 4176 2634 4247 μάστιγας,
2678 4174 2778 4228 καί
2827 4174 2927 4228 ἐπὶ
2978 4170 3098 4226 τῶν
3150 4170 3398 4241 χειλέων
3431 4190 3552 4241 μου
3599 4171 3901 4241 σφραγῖδα

2314 4266 2673 4335 πανοῦργον,
2696 4264 2771 4336 (ll)
2788 4265 2888 4317 ἵνα
2900 4263 2998 4316 ἐπὶ
3024 4261 3148 4329 τοῖς
3171 4260 3512 4332 ἀγνοήμασι
3526 4280 3645 4332 μου
3663 4262 3752 4331 μὴ
3771 4262 3870 4331 φεί
3883 4288 3900 4297 -

2314 4374 2556 4423 σωνται,
2586 4357 2686 4411 καὶ
2725 4358 2785 4410 al
2812 4356 3093 4424 ἁμαρτίαι
3118 4372 3239 4424 μου
3267 4354 3355 4423 μὴ
3397 4353 3746 4409 ἀπολέσωσι
3787 4369 3895 4424 με,

2314 4451 2558 4521 Πρόσχες
2585 4448 2693 4519 τῷ·
2730 4449 2828 4513 Τίς
2855 4446 3033 4500 δώσει
3065 4447 3164 4501 ἐπὶ
3203 4448 3311 4501 τοῦ
3355 4444 3754 4514 διανοήματός
3778 4464 3899 4516 μου

2310 4538 2630 4608 μάστιγας;
2646 4535 2858 4590 Οὐκοῦν
2891 4539 2997 4590 εἰσι
3037 4536 3299 4608 μάστιγες
3326 4536 3387 4589 τὸ
3412 4536 3678 4607 διανόημα
3706 4552 3902 4606 μαστι·

641 4633 803 4702 gellat
833 4638 1011 4685 autem
1044 4630 1261 4683 beatum
1286 4626 1554 4680 dolentem
1579 4641 1606 4678 a
1636 4623 1898 4694 ﬂagellis:
1925 4639 2046 4693 qua!
2070 4624 2212 4677 enim
2247 4639 2290 4694 ο
2318 4645 2337 4695 ’γ

2202 4641 2212 4676 ι
2247 4639 2290 4694 D
2318 4627 2532 4695 γοῦσαι.
2580 4627 2647 4678 Αἰ
2692 4625 2954 4697 μάστιγες
2999 4624 3095 4680 τοῦ
3128 4624 3265 4678 Θεοῦ
3311 4625 3370 4679 τὸ
3399 4626 3663 4695 διανόημα
3705 4640 3898 4695 μαστι-

640 4722 894 4775 dicuntur
921 4723 1098 4789 ipsum
1126 4718 1345 4781 feriunt,
1370 4725 1423 4770 et
1451 4716 1894 4784 reprehensorem
1929 4731 2036 4769 non
2063 4730 2214 4785 sper-

642 4811 743 4866 nit.
773 4808 1004 4875 Quando
1047 4821 1227 4866 autem
1275 4810 1401 4879 quis
1445 4816 1695 4875 repertus
1743 4805 1925 4873 fuerit,
1954 4806 2047 4875 qui
2087 4821 2214 4862 seu-

641 4914 762 4963 sus,
792 4906 853 4953 ut
890 4899 960 4951 ita
999 4899 1202 4961 dicam,
1235 4914 1427 4967 expers
1467 4896 1649 4961 fuerit,
1699 4897 1767 4953 de
1815 4896 1906 4950 illo
1951 4898 2162 4952 dicetur
2194 4912 2209 4949 :

642 4990 960 5063 Flagellum“
986 5008 1093 5054 eos,
1116 4999 1166 5044 et
1196 5006 1298 5043 non
1320 4991 1618 5044 doluerunt.
1650 4988 1850 5045 Eodem
1875 5005 2126 5045 sermone
2155 4990 2210 5045 in

640 5083 863 5140 mo‘dum
908 5082 1344 5151 reprehensionis
1392 5083 1640 5151 prolato,
1692 5081 1841 5136 verbi
1894 5082 2098 5151 gratia,
2150 5095 2213 5137 ut

2322 4717 2496 4786 γοῦσι.
2515 4718 2685 4787 Λόγος
2700 4718 2807 4790 γὰρ
2822 4718 3230 4788 καθαπτόμενος
3243 4718 3343 4788 τῆς
3358 4716 3558 4786 ψυχῆς,
3577 4717 3671 4770 καὶ
3686 4718 3765 4779 είς
3785 4716 3916 4769 adv:

2320 4827 2435 4863 εσιν
2455 4808 2626 4880 αὐτὴν
2652 4809 2801 4877 ἄγων
2824 4808 2934 4863 τῶν
2954 4812 3177 4880 ήμαρτη
3186 4808 3380 4878 μένων,
3406 4811 3677 4878 μαστιγοῖ·
3710 4824 3901 4879 μαστι-

2320 4904 2407 4971 γοῖ
2436 4902 2493 4956 δὲ
2522 4902 2614 4956 τὸν
2648 4901 2746 4972 μὲν
2787 4901 3056 4974 μακάριον
3094 4899 3356 4954 πονοῦντα
3385 4902 3478 4955 ὲπὶ
3505 4904 3623 4963 ταῖς
3658 4898 3898 4970 μάστιξι·

2321 4992 2654 5049 καθικνεῖται
2678 4994 2789 5064 γὰρ
2816 4993 2983 5046 αὐτοῦ
3008 4992 3078 5046 τὰ
3106 4991 3397 5060 λεγόμενα,
3434 4992 3528 5044 καὶ
3555 4992 3655 5044 οὐκ
3686 4989 3899 5055 ἐξευτε-

2319 5082 2453 5146 λίζει
2479 5081 2569 5136 τὸν
2598 5082 2889 5153 ἐλέγχοντα
2922 5082 3016 5137 ἀπ’
3045 5080 3231 5135 αὐτοῦ.
3281 5080 3449 5135 Ἐπὰν
3475 5080 3533 5134 δέ
3565 5098 3648 5144 τις
3677 5080 3897 5153 εὑρεθῇ.

711 5245 754 5276 ³⁷
778 5242 971 5297 Jerem
1016 5258 1068 5305 v,
1093 5242 1144 5296 3.
1222 5242 1267 5273 ³⁸
1292 5239 1437 5296 Psal.
1475 5257 1669 5309 χχχιιι,
1704 5240 1785 5295 l6.
1864 5240 1908 5279 ‘9
1934 5239 2080 5295 Eccl.
2108 5257 2223 5308 ut,
2252 5240 2339 5295 18.

2198 5258 2223 5308 ι,
2252 5240 2339 5295 l8.
2417 5239 2508 5293 “l
2543 5240 2671 5295 Cor.
2703 5256 2825 5307 xm,
2862 5241 2947 5295 l3.
3022 5240 3066 5272 “
3097 5237 3244 5293 Psal.
3283 5253 3368 5301 iv,
3405 5237 3457 5289 7.
3534 5239 3580 5272 δ’
3603 5236 3807 5297 Jerem.
3839 5254 3894 5305 v,

638 5316 693 5370 5.
769 5314 813 5345 ⁸³
844 5313 990 5368 Eccl.
1020 5328 1179 5375 χχιιι,
1216 5311 1269 5365 2.

710 5472 787 5543 (1)
816 5472 874 5556 In
909 5475 1092 5556 codice
1124 5474 1465 5556 Scorialetlsi
1490 5491 1588 5556 pro
1603 5478 1871 5556 ,Κυρίουη
1902 5477 2099 5549 legitur
2122 5467 2212 5556 ἦν,

639 5543 841 5619 sicque
860 5544 1001 5619 infra
1030 5544 1273 5619 OD‘:Q);_OE
1309 5543 1576 5619 ὀφθαλμοὶ
1601 5543 1669 5619 ἦν
1697 5543 1777 5613 ε’ίς
1806 5543 2013 5619 πίστιν,
2051 5543 2210 5602 male.

676 5683 688 5694 ι
711 5612 792 5682 (2)
824 5612 966 5669 Idem
991 5617 1111 5697 cod.
1139 5615 1299 5697 habet
1317 5612 1425 5697 rei;
1448 5612 1648 5671 πίστινο
1674 5612 1861 5697 ἐπειδὴ
1883 5618 2060 5687 λόγον,
2079 5627 2210 5697 etc,

643 5686 1134 5805 τξίγιὲξηὲοηηιιηα
1187 5686 1372 5741 omisit
1423 5700 1545 5757 qua
1590 5686 1910 5761 supplentur
1957 5686 1989 5743 e
2026 5687 2213 5743 codice

2393 5479 2473 5550 (3)
2504 5477 2559 5534 ln
2606 5479 2794 5535 codice
2822 5477 3170 5550 ,Scorialensi
3220 5478 3560 5550 laxatusest
3608 5475 3898 5550 hiclocus

2321 5545 2543 5604 omissis
2570 5550 2656 5605 his
2683 5549 2886 5616 verbis,
2904 5551 2984 5613 είς
3016 5549 3221 5614 πίστιν,
3239 5546 3402 5614 οὕτω,
3419 5545 3615 5619 Κύριε,
3639 5546 3901 5618 0169041-

2324 5619 2414 5690 μοί
2428 5633 2566 5690 ᾲσου.

2393 5688 2470 5758 (4)
2516 5688 2707 5759 Codex
2749 5687 3077 5759 Vaticanus,
3123 5688 3473 5759 πανούργων.
3531 5685 3675 5743 Infra
3726 5683 3899 5741 codex

2322 5756 2703 5824 Scerialcnsis,
2737 5756 3075 5812 καθικνεῖται
3100 5759 3210 5831 γὰρ
3232 5756 3403 5830 αὐτῷ.
