  <div class='ocr_page' id='page_1' title='image "/cluster/home/n/w/nwhite01/storage/ocr_20150623/13/mdp.39015007036059/166.png"; bbox 0 0 4296 6288; ppageno 0'>
   <div class='ocr_carea' id='block_1_1' title="bbox 376 269 481 326">
    <p class='ocr_par' dir='ltr' id='par_1_1' title="bbox 376 269 481 326">
     <span class='ocr_line' id='line_1_1' title="bbox 376 269 481 326; baseline 0.029 -3"><span class='ocrx_word' id='word_1_1' title='bbox 376 269 481 326; x_wconf 67' lang='lat'><strong>5‘25</strong></span> 
     </span>
    </p>
   </div>
   <div class='ocr_carea' id='block_1_2' title="bbox 1479 286 2467 355">
    <p class='ocr_par' dir='ltr' id='par_1_2' title="bbox 1479 286 2467 355">
     <span class='ocr_line' id='line_1_2' title="bbox 1479 286 2467 355; baseline 0.009 -15"><span class='ocrx_word' id='word_1_2' title='bbox 1479 342 1489 355; x_wconf 54' lang='lat'><strong>,</strong></span> <span class='ocrx_word' id='word_1_3' title='bbox 1559 286 1625 341; x_wconf 80' lang='grc' dir='ltr'><strong>ΙΝ</strong></span> <span class='ocrx_word' id='word_1_4' title='bbox 1661 286 2007 344; x_wconf 75' lang='lat' dir='ltr'><strong>JEREMIAM</strong></span> <span class='ocrx_word' id='word_1_5' title='bbox 2047 288 2332 346; x_wconf 75' lang='lat' dir='ltr'><strong>HOMILIA</strong></span> <span class='ocrx_word' id='word_1_6' title='bbox 2379 290 2467 349; x_wconf 82' lang='lat' dir='ltr'><strong>Vl.</strong></span> 
     </span>
    </p>
   </div>
   <div class='ocr_carea' id='block_1_3' title="bbox 3517 307 3624 369">
    <p class='ocr_par' dir='ltr' id='par_1_3' title="bbox 3517 307 3624 369">
     <span class='ocr_line' id='line_1_3' title="bbox 3517 307 3624 369; baseline 0.065 -6"><span class='ocrx_word' id='word_1_7' title='bbox 3517 307 3624 369; x_wconf 75' lang='lat'><strong>326</strong></span> 
     </span>
    </p>
   </div>
   <div class='ocr_carea' id='block_1_4' title="bbox 376 391 2072 484">
    <p class='ocr_par' dir='ltr' id='par_1_4' title="bbox 376 391 2072 474">
     <span class='ocr_line' id='line_1_4' title="bbox 376 391 2072 474; baseline 0.009 -31"><span class='ocrx_word' id='word_1_8' title='bbox 376 392 443 443; x_wconf 82' lang='grc' dir='ltr'><strong>ἵν·</strong></span> <span class='ocrx_word' id='word_1_9' title='bbox 471 391 644 457; x_wconf 73' lang='grc' dir='ltr'>οὕτως</span> <span class='ocrx_word' id='word_1_10' title='bbox 675 393 850 459; x_wconf 80' lang='grc' dir='ltr'>εῐπω,</span> <span class='ocrx_word' id='word_1_11' title='bbox 880 394 1225 466; x_wconf 81' lang='grc' dir='ltr'>ἀναίσθητος,</span> <span class='ocrx_word' id='word_1_12' title='bbox 1261 396 1583 469; x_wconf 82' lang='grc' dir='ltr'>λεχθήσεται</span> <span class='ocrx_word' id='word_1_13' title='bbox 1606 403 1918 474; x_wconf 84' lang='grc' dir='ltr'>περὶαύτοῦ</span> <span class='ocrx_word' id='word_1_14' title='bbox 1938 421 1950 433; x_wconf 93' lang='grc'><strong>·</strong></span> <span class='ocrx_word' id='word_1_15' title='bbox 1983 410 2028 467; x_wconf 78' lang='grc' dir='ltr'><strong>Α</strong></span> <span class='ocrx_word' id='word_1_16' title='bbox 2059 419 2072 457; x_wconf 80' lang='grc' dir='ltr'><strong>ι</strong></span> 
     </span>
    </p>
   </div>
   <div class='ocr_carea' id='block_1_5' title="bbox 1932 391 3628 484">
    <p class='ocr_par' dir='ltr' id='par_1_5' title="bbox 1938 405 3628 484">
     <span class='ocr_line' id='line_1_5' title="bbox 1938 405 3628 484; baseline 0.012 -28"><span class='ocrx_word' id='word_1_17' title='bbox 1938 421 1950 433; x_wconf 93' lang='grc'>·</span> <span class='ocrx_word' id='word_1_18' title='bbox 1983 410 2028 467; x_wconf 77' lang='grc' dir='ltr'><strong>Α</strong></span> <span class='ocrx_word' id='word_1_19' title='bbox 2059 408 2204 471; x_wconf 74' lang='lat' dir='ltr'><strong>qum!</strong></span> <span class='ocrx_word' id='word_1_20' title='bbox 2235 406 2435 459; x_wconf 77' lang='lat' dir='ltr'><strong>dicitur</strong></span> <span class='ocrx_word' id='word_1_21' title='bbox 2474 405 2718 461; x_wconf 85' lang='lat' dir='ltr'><strong>animum</strong></span> <span class='ocrx_word' id='word_1_22' title='bbox 2766 407 2887 478; x_wconf 85' lang='lat' dir='ltr'><strong>ejus</strong></span> <span class='ocrx_word' id='word_1_23' title='bbox 2914 411 3174 479; x_wconf 77' lang='lat' dir='ltr'><strong>percellat</strong></span> <span class='ocrx_word' id='word_1_24' title='bbox 3203 414 3299 484; x_wconf 86' lang='lat' dir='ltr'><strong>qui</strong></span> <span class='ocrx_word' id='word_1_25' title='bbox 3342 418 3628 475; x_wconf 79' lang='lat' dir='ltr'><strong>conscien-</strong></span> 
     </span>
    </p>
   </div>
   <div class='ocr_carea' id='block_1_6' title="bbox 388 485 2084 576">
    <p class='ocr_par' dir='ltr' id='par_1_6' title="bbox 388 485 2084 561">
     <span class='ocr_line' id='line_1_6' title="bbox 388 485 2084 561; baseline 0.004 -22"><span class='ocrx_word' id='word_1_26' title='bbox 388 485 828 557; x_wconf 63' lang='grc' dir='ltr'>Ἔμιιστίνωσας</span> <span class='ocrx_word' id='word_1_27' title='bbox 868 488 1112 555; x_wconf 83' lang='grc' dir='ltr'>αὐτοὺς,</span> <span class='ocrx_word' id='word_1_28' title='bbox 1164 490 1264 544; x_wconf 76' lang='grc' dir='ltr'><strong>καὶ</strong></span> <span class='ocrx_word' id='word_1_29' title='bbox 1309 493 1420 545; x_wconf 83' lang='grc' dir='ltr'><strong>οὐκ</strong></span> <span class='ocrx_word' id='word_1_30' title='bbox 1463 493 1798 561; x_wconf 79' lang='grc' dir='ltr'>ἐπόνησαν.</span> <span class='ocrx_word' id='word_1_31' title='bbox 1842 495 1950 550; x_wconf 81' lang='grc' dir='ltr'>Τοῦ</span> <span class='ocrx_word' id='word_1_32' title='bbox 2057 495 2084 547; x_wconf 91' lang='lat' dir='ltr'><strong>ti</strong></span> 
     </span>
    </p>
   </div>
   <div class='ocr_carea' id='block_1_7' title="bbox 1933 485 3629 576">
    <p class='ocr_par' dir='ltr' id='par_1_7' title="bbox 1933 494 3629 576">
     <span class='ocr_line' id='line_1_7' title="bbox 1933 494 3629 576; baseline 0.011 -27"><span class='ocrx_word' id='word_1_33' title='bbox 1933 497 1950 549; x_wconf 76' lang='lat'><strong>5</strong></span> <span class='ocrx_word' id='word_1_34' title='bbox 2057 494 2184 548; x_wconf 86' lang='lat' dir='ltr'><strong>tiam</strong></span> <span class='ocrx_word' id='word_1_35' title='bbox 2209 495 2374 552; x_wconf 82' lang='lat' dir='ltr'><strong>habet</strong></span> <span class='ocrx_word' id='word_1_36' title='bbox 2402 498 2587 568; x_wconf 88' lang='lat' dir='ltr'><strong>aliquo</strong></span> <span class='ocrx_word' id='word_1_37' title='bbox 2618 511 2839 570; x_wconf 89' lang='lat' dir='ltr'><strong>peccato</strong></span> <span class='ocrx_word' id='word_1_38' title='bbox 2867 502 3152 571; x_wconf 73' lang='lat' dir='ltr'><strong>pollutam,</strong></span> <span class='ocrx_word' id='word_1_39' title='bbox 3184 505 3228 561; x_wconf 91' lang='lat' dir='ltr'><strong>si</strong></span> <span class='ocrx_word' id='word_1_40' title='bbox 3252 506 3376 576; x_wconf 87' lang='lat' dir='ltr'><strong>quis</strong></span> <span class='ocrx_word' id='word_1_41' title='bbox 3408 510 3629 566; x_wconf 83' lang='lat' dir='ltr'><strong>audien-</strong></span> 
     </span>
    </p>
   </div>
   <div class='ocr_carea' id='block_1_8' title="bbox 382 577 2078 658">
    <p class='ocr_par' dir='ltr' id='par_1_8' title="bbox 382 577 2078 656">
     <span class='ocr_line' id='line_1_8' title="bbox 382 577 2078 656; baseline 0.004 -22"><span class='ocrx_word' id='word_1_42' title='bbox 382 577 541 634; x_wconf 78' lang='grc' dir='ltr'>αὑτοῦ</span> <span class='ocrx_word' id='word_1_43' title='bbox 564 577 710 647; x_wconf 84' lang='grc' dir='ltr'>λόγου</span> <span class='ocrx_word' id='word_1_44' title='bbox 753 578 1044 651; x_wconf 81' lang='grc' dir='ltr'><strong>λεγομένου</strong></span> <span class='ocrx_word' id='word_1_45' title='bbox 1074 582 1424 651; x_wconf 80' lang='grc' dir='ltr'><strong>ἐλεγκτικῶς,</strong></span> <span class='ocrx_word' id='word_1_46' title='bbox 1458 585 1589 656; x_wconf 83' lang='grc' dir='ltr'>φέρε</span> <span class='ocrx_word' id='word_1_47' title='bbox 1613 587 1808 653; x_wconf 81' lang='grc' dir='ltr'>εἰπεῖν,</span> <span class='ocrx_word' id='word_1_48' title='bbox 1857 589 1950 643; x_wconf 74' lang='grc' dir='ltr'>ἐπὶ</span> <span class='ocrx_word' id='word_1_49' title='bbox 2052 596 2078 640; x_wconf 83' lang='grc' dir='ltr'><strong>ι</strong></span> 
     </span>
    </p>
   </div>
   <div class='ocr_carea' id='block_1_9' title="bbox 1930 577 3626 658">
    <p class='ocr_par' dir='ltr' id='par_1_9' title="bbox 1930 587 3626 658">
     <span class='ocr_line' id='line_1_9' title="bbox 1930 587 3626 658; baseline 0.009 -15"><span class='ocrx_word' id='word_1_50' title='bbox 1930 589 1950 643; x_wconf 77' lang='grc' dir='ltr'><strong>ὶ</strong></span> <span class='ocrx_word' id='word_1_51' title='bbox 2052 587 2186 641; x_wconf 90' lang='lat' dir='ltr'><strong>tium</strong></span> <span class='ocrx_word' id='word_1_52' title='bbox 2214 588 2468 655; x_wconf 77' lang='lat' dir='ltr'><strong>doluerit,</strong></span> <span class='ocrx_word' id='word_1_53' title='bbox 2503 589 2576 644; x_wconf 87' lang='lat' dir='ltr'><strong>ita</strong></span> <span class='ocrx_word' id='word_1_54' title='bbox 2620 602 2679 646; x_wconf 89' lang='lat' dir='ltr'><strong>ut</strong></span> <span class='ocrx_word' id='word_1_55' title='bbox 2727 594 2795 648; x_wconf 90' lang='lat' dir='ltr'><strong>de</strong></span> <span class='ocrx_word' id='word_1_56' title='bbox 2837 608 2904 647; x_wconf 94' lang='lat' dir='ltr'><strong>eo</strong></span> <span class='ocrx_word' id='word_1_57' title='bbox 2943 594 3159 649; x_wconf 72' lang='lat' dir='ltr'><strong>dicatur</strong></span> <span class='ocrx_word' id='word_1_58' title='bbox 3187 615 3200 650; x_wconf 91' lang='lat'><strong>:</strong></span> <span class='ocrx_word' id='word_1_59' title='bbox 3230 595 3422 656; x_wconf 85' lang='lat' dir='ltr'><strong>Vidisti</strong></span> <span class='ocrx_word' id='word_1_60' title='bbox 3450 613 3509 657; x_wconf 89' lang='lat' dir='ltr'><strong>ut</strong></span> <span class='ocrx_word' id='word_1_61' title='bbox 3534 602 3626 658; x_wconf 88' lang='lat' dir='ltr'><strong>ille</strong></span> 
     </span>
    </p>
   </div>
   <div class='ocr_carea' id='block_1_10' title="bbox 386 667 1950 752">
    <p class='ocr_par' dir='ltr' id='par_1_10' title="bbox 386 667 1950 752">
     <span class='ocr_line' id='line_1_10' title="bbox 386 667 1950 752; baseline 0.008 -32"><span class='ocrx_word' id='word_1_62' title='bbox 386 668 457 737; x_wconf 83' lang='grc' dir='ltr'>τῷ</span> <span class='ocrx_word' id='word_1_63' title='bbox 471 667 781 723; x_wconf 81' lang='grc' dir='ltr'><strong>καθικέσθαι</strong></span> <span class='ocrx_word' id='word_1_64' title='bbox 799 670 876 741; x_wconf 89' lang='grc' dir='ltr'><strong>(Ι)</strong></span> <span class='ocrx_word' id='word_1_65' title='bbox 906 670 1143 752; x_wconf 84' lang='grc' dir='ltr'>διανοίας</span> <span class='ocrx_word' id='word_1_66' title='bbox 1156 672 1250 727; x_wconf 81' lang='grc' dir='ltr'>τοῦ</span> <span class='ocrx_word' id='word_1_67' title='bbox 1265 674 1365 746; x_wconf 81' lang='grc' dir='ltr'>τὴν</span> <span class='ocrx_word' id='word_1_68' title='bbox 1394 676 1697 749; x_wconf 83' lang='grc' dir='ltr'><strong>συνείδησιν</strong></span> <span class='ocrx_word' id='word_1_69' title='bbox 1713 695 1781 749; x_wconf 87' lang='grc' dir='ltr'><strong>με</strong></span> <span class='ocrx_word' id='word_1_70' title='bbox 1786 678 1950 749; x_wconf 88' lang='grc' dir='ltr'>μολυ-</span> 
     </span>
    </p>
   </div>
   <div class='ocr_carea' id='block_1_11' title="bbox 382 760 1947 844">
    <p class='ocr_par' dir='ltr' id='par_1_11' title="bbox 382 760 1947 844">
     <span class='ocr_line' id='line_1_11' title="bbox 382 760 1947 844; baseline 0.011 -32"><span class='ocrx_word' id='word_1_71' title='bbox 382 760 556 832; x_wconf 76' lang='grc' dir='ltr'>σμένον</span> <span class='ocrx_word' id='word_1_72' title='bbox 582 761 681 814; x_wconf 84' lang='grc' dir='ltr'><strong>ἐπί</strong></span> <span class='ocrx_word' id='word_1_73' title='bbox 706 780 816 816; x_wconf 89' lang='grc' dir='ltr'>τινι</span> <span class='ocrx_word' id='word_1_74' title='bbox 843 764 1110 836; x_wconf 77' lang='grc' dir='ltr'><strong>ἁμαρτίᾳ,</strong></span> <span class='ocrx_word' id='word_1_75' title='bbox 1134 767 1194 821; x_wconf 85' lang='grc' dir='ltr'><strong>τὸ</strong></span> <span class='ocrx_word' id='word_1_76' title='bbox 1220 766 1529 838; x_wconf 88' lang='grc' dir='ltr'>λεγόμενον,</span> <span class='ocrx_word' id='word_1_77' title='bbox 1559 773 1655 827; x_wconf 76' lang='grc' dir='ltr'>ἐὰν</span> <span class='ocrx_word' id='word_1_78' title='bbox 1684 776 1712 828; x_wconf 85' lang='grc' dir='ltr'>ὁ</span> <span class='ocrx_word' id='word_1_79' title='bbox 1738 775 1836 844; x_wconf 82' lang='grc' dir='ltr'><strong>μέν</strong></span> <span class='ocrx_word' id='word_1_80' title='bbox 1861 792 1947 838; x_wconf 84' lang='grc' dir='ltr'>τις</span> 
     </span>
    </p>
   </div>
   <div class='ocr_carea' id='block_1_12' title="bbox 374 853 1942 935">
    <p class='ocr_par' dir='ltr' id='par_1_12' title="bbox 374 853 1942 935">
     <span class='ocr_line' id='line_1_12' title="bbox 374 853 1942 935; baseline 0.011 -31"><span class='ocrx_word' id='word_1_81' title='bbox 374 853 464 905; x_wconf 86' lang='grc' dir='ltr'><strong>τῶν</strong></span> <span class='ocrx_word' id='word_1_82' title='bbox 497 853 813 908; x_wconf 83' lang='grc' dir='ltr'><strong>ἀκουόντων</strong></span> <span class='ocrx_word' id='word_1_83' title='bbox 838 855 1074 930; x_wconf 79' lang='grc' dir='ltr'>ἀλγήσῃ,</span> <span class='ocrx_word' id='word_1_84' title='bbox 1115 858 1254 914; x_wconf 83' lang='grc' dir='ltr'>ὥστε</span> <span class='ocrx_word' id='word_1_85' title='bbox 1282 860 1536 934; x_wconf 87' lang='grc' dir='ltr'>λεχθῆναι</span> <span class='ocrx_word' id='word_1_86' title='bbox 1580 866 1710 935; x_wconf 79' lang='grc' dir='ltr'>περὶ</span> <span class='ocrx_word' id='word_1_87' title='bbox 1751 866 1942 932; x_wconf 81' lang='grc' dir='ltr'>αὐτοῦ,</span> 
     </span>
    </p>
   </div>
   <div class='ocr_carea' id='block_1_13' title="bbox 364 944 1944 1020">
    <p class='ocr_par' dir='ltr' id='par_1_13' title="bbox 364 944 1944 1020">
     <span class='ocr_line' id='line_1_13' title="bbox 364 944 1944 1020; baseline 0.009 -23"><span class='ocrx_word' id='word_1_88' title='bbox 364 944 602 1016; x_wconf 79' lang='grc' dir='ltr'>ἑώρακας</span> <span class='ocrx_word' id='word_1_89' title='bbox 632 947 718 1010; x_wconf 83' lang='grc' dir='ltr'>ὡς</span> <span class='ocrx_word' id='word_1_90' title='bbox 742 949 1013 1020; x_wconf 80' lang='grc' dir='ltr'>κατενύγη</span> <span class='ocrx_word' id='word_1_91' title='bbox 1035 951 1064 1003; x_wconf 87' lang='lat'><strong>6</strong></span> <span class='ocrx_word' id='word_1_92' title='bbox 1101 950 1280 1005; x_wconf 78' lang='grc' dir='ltr'>δεῖνα’</span> <span class='ocrx_word' id='word_1_93' title='bbox 1320 955 1348 1006; x_wconf 98' lang='lat'><strong>6</strong></span> <span class='ocrx_word' id='word_1_94' title='bbox 1378 954 1437 1008; x_wconf 90' lang='grc' dir='ltr'><strong>δέ</strong></span> <span class='ocrx_word' id='word_1_95' title='bbox 1468 972 1552 1019; x_wconf 89' lang='grc' dir='ltr'>τις</span> <span class='ocrx_word' id='word_1_96' title='bbox 1578 954 1687 1009; x_wconf 89' lang='grc' dir='ltr'><strong>τῶν</strong></span> <span class='ocrx_word' id='word_1_97' title='bbox 1715 957 1944 1011; x_wconf 86' lang='grc' dir='ltr'>ἀκουόν-</span> 
     </span>
    </p>
   </div>
   <div class='ocr_carea' id='block_1_14' title="bbox 353 1038 1940 1117">
    <p class='ocr_par' dir='ltr' id='par_1_14' title="bbox 353 1038 1940 1117">
     <span class='ocr_line' id='line_1_14' title="bbox 353 1038 1940 1117; baseline 0.009 -28"><span class='ocrx_word' id='word_1_98' title='bbox 353 1053 449 1089; x_wconf 98' lang='grc' dir='ltr'><strong>των</strong></span> <span class='ocrx_word' id='word_1_99' title='bbox 493 1038 571 1111; x_wconf 86' lang='grc' dir='ltr'>μὴ</span> <span class='ocrx_word' id='word_1_100' title='bbox 640 1039 879 1111; x_wconf 78' lang='grc' dir='ltr'>ἀλγήσῃ,</span> <span class='ocrx_word' id='word_1_101' title='bbox 926 1041 1062 1096; x_wconf 79' lang='grc' dir='ltr'>ἀλλὰ</span> <span class='ocrx_word' id='word_1_102' title='bbox 1102 1043 1417 1115; x_wconf 83' lang='grc' dir='ltr'><strong>ἀναισθητεῖ</strong></span> <span class='ocrx_word' id='word_1_103' title='bbox 1446 1046 1555 1101; x_wconf 90' lang='grc' dir='ltr'><strong>τῶν</strong></span> <span class='ocrx_word' id='word_1_104' title='bbox 1588 1047 1940 1117; x_wconf 73' lang='grc' dir='ltr'>ἐλεγχόντων,</span> 
     </span>
    </p>
   </div>
   <div class='ocr_carea' id='block_1_15' title="bbox 340 1126 1936 1209">
    <p class='ocr_par' dir='ltr' id='par_1_15' title="bbox 340 1126 1936 1209">
     <span class='ocr_line' id='line_1_15' title="bbox 340 1126 1936 1209; baseline 0.008 -29"><span class='ocrx_word' id='word_1_105' title='bbox 340 1126 492 1199; x_wconf 76' lang='grc' dir='ltr'>δῆλον</span> <span class='ocrx_word' id='word_1_106' title='bbox 532 1131 623 1187; x_wconf 62' lang='grc' dir='ltr'>ὅτι</span> <span class='ocrx_word' id='word_1_107' title='bbox 670 1131 990 1203; x_wconf 83' lang='grc' dir='ltr'>λεχθήσεται</span> <span class='ocrx_word' id='word_1_108' title='bbox 1031 1134 1160 1205; x_wconf 77' lang='grc' dir='ltr'>περὶ</span> <span class='ocrx_word' id='word_1_109' title='bbox 1206 1135 1303 1189; x_wconf 81' lang='grc' dir='ltr'>τοῦ</span> <span class='ocrx_word' id='word_1_110' title='bbox 1350 1137 1473 1208; x_wconf 92' lang='grc' dir='ltr'>μηδ’</span> <span class='ocrx_word' id='word_1_111' title='bbox 1515 1136 1936 1209; x_wconf 77' lang='grc' dir='ltr'>αἰσθανομένου·</span> 
     </span>
    </p>
   </div>
   <div class='ocr_carea' id='block_1_16' title="bbox 347 1218 1940 1295">
    <p class='ocr_par' dir='ltr' id='par_1_16' title="bbox 347 1218 1940 1295">
     <span class='ocr_line' id='line_1_16' title="bbox 347 1218 1940 1295; baseline 0.006 -20"><span class='ocrx_word' id='word_1_112' title='bbox 347 1218 809 1294; x_wconf 72' lang='grc' dir='ltr'>Ἐμαστίγωσας</span> <span class='ocrx_word' id='word_1_113' title='bbox 851 1225 1092 1291; x_wconf 85' lang='grc' dir='ltr'>αὐτοὺς,</span> <span class='ocrx_word' id='word_1_114' title='bbox 1147 1227 1248 1281; x_wconf 78' lang='grc' dir='ltr'><strong>καὶ</strong></span> <span class='ocrx_word' id='word_1_115' title='bbox 1289 1229 1403 1282; x_wconf 84' lang='grc' dir='ltr'><strong>οὐκ</strong></span> <span class='ocrx_word' id='word_1_116' title='bbox 1443 1229 1776 1295; x_wconf 75' lang='grc' dir='ltr'><strong>ἐπόνησαν.</strong></span> <span class='ocrx_word' id='word_1_117' title='bbox 1823 1230 1940 1284; x_wconf 88' lang='grc' dir='ltr'>Μία</span> 
     </span>
    </p>
   </div>
   <div class='ocr_carea' id='block_1_17' title="bbox 332 1309 1940 1389">
    <p class='ocr_par' dir='ltr' id='par_1_17' title="bbox 332 1309 1940 1389">
     <span class='ocr_line' id='line_1_17' title="bbox 332 1309 1940 1389; baseline 0.007 -24"><span class='ocrx_word' id='word_1_118' title='bbox 332 1309 430 1377; x_wconf 83' lang='grc' dir='ltr'>μὲν</span> <span class='ocrx_word' id='word_1_119' title='bbox 456 1313 542 1383; x_wconf 73' lang='grc'><strong>(2)</strong></span> <span class='ocrx_word' id='word_1_120' title='bbox 568 1314 835 1386; x_wconf 83' lang='grc' dir='ltr'><strong>διήγησις</strong></span> <span class='ocrx_word' id='word_1_121' title='bbox 869 1316 1008 1386; x_wconf 77' lang='grc' dir='ltr'>αὕτη</span> <span class='ocrx_word' id='word_1_122' title='bbox 1038 1317 1166 1389; x_wconf 78' lang='grc' dir='ltr'>περὶ</span> <span class='ocrx_word' id='word_1_123' title='bbox 1188 1317 1306 1381; x_wconf 80' lang='grc' dir='ltr'>τοῦ,</span> <span class='ocrx_word' id='word_1_124' title='bbox 1341 1320 1452 1372; x_wconf 81' lang='grc' dir='ltr'><strong>οὐκ</strong></span> <span class='ocrx_word' id='word_1_125' title='bbox 1477 1318 1811 1389; x_wconf 83' lang='grc' dir='ltr'>ἐπόνησαν,</span> <span class='ocrx_word' id='word_1_126' title='bbox 1846 1322 1940 1376; x_wconf 75' lang='grc' dir='ltr'>καὶ</span> 
     </span>
    </p>
   </div>
   <div class='ocr_carea' id='block_1_18' title="bbox 321 1399 1940 1482">
    <p class='ocr_par' dir='ltr' id='par_1_18' title="bbox 321 1399 1940 1482">
     <span class='ocr_line' id='line_1_18' title="bbox 321 1399 1940 1482; baseline 0.009 -30"><span class='ocrx_word' id='word_1_127' title='bbox 321 1399 689 1470; x_wconf 75' lang='grc' dir='ltr'><strong>ἐπόνησαν·</strong></span> <span class='ocrx_word' id='word_1_128' title='bbox 728 1406 924 1478; x_wconf 77' lang='grc' dir='ltr'>ἴδωμεν</span> <span class='ocrx_word' id='word_1_129' title='bbox 955 1407 1033 1470; x_wconf 85' lang='grc' dir='ltr'><strong>δὲ,</strong></span> <span class='ocrx_word' id='word_1_130' title='bbox 1060 1409 1108 1459; x_wconf 78' lang='grc' dir='ltr'>εἰ</span> <span class='ocrx_word' id='word_1_131' title='bbox 1134 1406 1330 1479; x_wconf 77' lang='grc' dir='ltr'>ἔχομεν</span> <span class='ocrx_word' id='word_1_132' title='bbox 1357 1409 1450 1463; x_wconf 70' lang='grc' dir='ltr'>καὶ</span> <span class='ocrx_word' id='word_1_133' title='bbox 1484 1409 1676 1482; x_wconf 77' lang='grc' dir='ltr'>ἑτέραν</span> <span class='ocrx_word' id='word_1_134' title='bbox 1707 1412 1940 1466; x_wconf 82' lang='grc' dir='ltr'>ἀνάπτυ-</span> 
     </span>
    </p>
   </div>
   <div class='ocr_carea' id='block_1_19' title="bbox 323 1488 1934 1574">
    <p class='ocr_par' dir='ltr' id='par_1_19' title="bbox 323 1488 1934 1574">
     <span class='ocr_line' id='line_1_19' title="bbox 323 1488 1934 1574; baseline 0.01 -31"><span class='ocrx_word' id='word_1_135' title='bbox 323 1488 427 1554; x_wconf 85' lang='grc' dir='ltr'>ξιν.</span> <span class='ocrx_word' id='word_1_136' title='bbox 473 1494 737 1550; x_wconf 86' lang='grc' dir='ltr'>Γίνονταί</span> <span class='ocrx_word' id='word_1_137' title='bbox 774 1515 920 1561; x_wconf 84' lang='grc' dir='ltr'>τινες</span> <span class='ocrx_word' id='word_1_138' title='bbox 951 1498 1009 1551; x_wconf 84' lang='grc' dir='ltr'><strong>ὲν</strong></span> <span class='ocrx_word' id='word_1_139' title='bbox 1040 1502 1153 1563; x_wconf 84' lang='grc' dir='ltr'>τοῖς</span> <span class='ocrx_word' id='word_1_140' title='bbox 1188 1500 1404 1571; x_wconf 83' lang='grc' dir='ltr'>σώμασι</span> <span class='ocrx_word' id='word_1_141' title='bbox 1440 1502 1622 1574; x_wconf 83' lang='grc' dir='ltr'>μερῶν</span> <span class='ocrx_word' id='word_1_142' title='bbox 1650 1520 1809 1558; x_wconf 89' lang='grc' dir='ltr'>τινων</span> <span class='ocrx_word' id='word_1_143' title='bbox 1845 1522 1934 1558; x_wconf 86' lang='grc' dir='ltr'>νε-</span> 
     </span>
    </p>
   </div>
   <div class='ocr_carea' id='block_1_20' title="bbox 319 1584 1932 1661">
    <p class='ocr_par' dir='ltr' id='par_1_20' title="bbox 319 1584 1932 1661">
     <span class='ocr_line' id='line_1_20' title="bbox 319 1584 1932 1661; baseline 0.011 -27"><span class='ocrx_word' id='word_1_144' title='bbox 319 1584 607 1657; x_wconf 82' lang='grc' dir='ltr'>κρότητες</span> <span class='ocrx_word' id='word_1_145' title='bbox 641 1590 733 1642; x_wconf 79' lang='grc' dir='ltr'>καὶ</span> <span class='ocrx_word' id='word_1_146' title='bbox 767 1589 1062 1661; x_wconf 84' lang='grc' dir='ltr'>ξηρότητες</span> <span class='ocrx_word' id='word_1_147' title='bbox 1084 1608 1097 1621; x_wconf 75' lang='grc' dir='ltr'><strong><em>ο</em></strong></span> <span class='ocrx_word' id='word_1_148' title='bbox 1136 1593 1231 1646; x_wconf 76' lang='grc' dir='ltr'><strong>καὶ</strong></span> <span class='ocrx_word' id='word_1_149' title='bbox 1277 1591 1535 1658; x_wconf 83' lang='grc' dir='ltr'><strong>πολλάκις</strong></span> <span class='ocrx_word' id='word_1_150' title='bbox 1566 1595 1792 1651; x_wconf 80' lang='grc' dir='ltr'>τοιαῦτα</span> <span class='ocrx_word' id='word_1_151' title='bbox 1826 1597 1932 1651; x_wconf 73' lang='grc' dir='ltr'>πά-</span> 
     </span>
    </p>
   </div>
   <div class='ocr_carea' id='block_1_21' title="bbox 2048 684 3622 761">
    <p class='ocr_par' dir='ltr' id='par_1_21' title="bbox 2048 684 3622 761">
     <span class='ocr_line' id='line_1_21' title="bbox 2048 684 3622 761; baseline 0.011 -29"><span class='ocrx_word' id='word_1_152' title='bbox 2048 691 2411 748; x_wconf 87' lang='lat' dir='ltr'><strong>compunctus</strong></span> <span class='ocrx_word' id='word_1_153' title='bbox 2454 684 2572 738; x_wconf 88' lang='lat' dir='ltr'><strong>est?</strong></span> <span class='ocrx_word' id='word_1_154' title='bbox 2615 685 2754 741; x_wconf 90' lang='lat' dir='ltr'><strong>alius</strong></span> <span class='ocrx_word' id='word_1_155' title='bbox 2799 701 2930 741; x_wconf 83' lang='lat' dir='ltr'><strong>vero</strong></span> <span class='ocrx_word' id='word_1_156' title='bbox 2972 702 3317 757; x_wconf 79' lang='lat' dir='ltr'><strong>nequaquam</strong></span> <span class='ocrx_word' id='word_1_157' title='bbox 3369 692 3622 761; x_wconf 86' lang='lat' dir='ltr'><strong>doluerit,</strong></span> 
     </span>
    </p>
   </div>
   <div class='ocr_carea' id='block_1_22' title="bbox 2048 768 3621 850">
    <p class='ocr_par' dir='ltr' id='par_1_22' title="bbox 2048 768 3621 850">
     <span class='ocr_line' id='line_1_22' title="bbox 2048 768 3621 850; baseline 0.01 -28"><span class='ocrx_word' id='word_1_158' title='bbox 2048 768 2143 822; x_wconf 88' lang='lat' dir='ltr'><strong>sed</strong></span> <span class='ocrx_word' id='word_1_159' title='bbox 2175 784 2340 824; x_wconf 88' lang='lat' dir='ltr'><strong>sensu</strong></span> <span class='ocrx_word' id='word_1_160' title='bbox 2385 773 2533 825; x_wconf 90' lang='lat' dir='ltr'><strong>omni</strong></span> <span class='ocrx_word' id='word_1_161' title='bbox 2577 774 2783 829; x_wconf 91' lang='lat' dir='ltr'><strong>amisso</strong></span> <span class='ocrx_word' id='word_1_162' title='bbox 2817 774 3243 844; x_wconf 82' lang='lat' dir='ltr'><strong>reprehensores</strong></span> <span class='ocrx_word' id='word_1_163' title='bbox 3278 793 3385 833; x_wconf 91' lang='lat' dir='ltr'><strong>non</strong></span> <span class='ocrx_word' id='word_1_164' title='bbox 3416 783 3621 850; x_wconf 85' lang='lat' dir='ltr'><strong>audiat,</strong></span> 
     </span>
    </p>
   </div>
   <div class='ocr_carea' id='block_1_23' title="bbox 2047 858 3622 938">
    <p class='ocr_par' dir='ltr' id='par_1_23' title="bbox 2047 858 3622 938">
     <span class='ocr_line' id='line_1_23' title="bbox 2047 858 3622 938; baseline 0.011 -27"><span class='ocrx_word' id='word_1_165' title='bbox 2047 858 2397 914; x_wconf 88' lang='lat' dir='ltr'><strong>manifestum</strong></span> <span class='ocrx_word' id='word_1_166' title='bbox 2431 863 2613 918; x_wconf 87' lang='lat' dir='ltr'><strong>estde</strong></span> <span class='ocrx_word' id='word_1_167' title='bbox 2653 878 2719 918; x_wconf 88' lang='lat' dir='ltr'><strong>eo</strong></span> <span class='ocrx_word' id='word_1_168' title='bbox 2767 866 2861 935; x_wconf 90' lang='lat' dir='ltr'><strong>qui</strong></span> <span class='ocrx_word' id='word_1_169' title='bbox 2919 880 2988 921; x_wconf 90' lang='lat' dir='ltr'><strong>ne</strong></span> <span class='ocrx_word' id='word_1_170' title='bbox 3035 866 3204 921; x_wconf 79' lang='lat' dir='ltr'><strong>sentit</strong></span> <span class='ocrx_word' id='word_1_171' title='bbox 3248 868 3466 938; x_wconf 87' lang='lat' dir='ltr'><strong>quidem</strong></span> <span class='ocrx_word' id='word_1_172' title='bbox 3514 873 3622 929; x_wconf 88' lang='lat' dir='ltr'><strong>diei</strong></span> 
     </span>
    </p>
   </div>
   <div class='ocr_carea' id='block_1_24' title="bbox 2045 951 3624 1033">
    <p class='ocr_par' dir='ltr' id='par_1_24' title="bbox 2045 951 3624 1033">
     <span class='ocr_line' id='line_1_24' title="bbox 2045 951 3624 1033; baseline 0.01 -29"><span class='ocrx_word' id='word_1_173' title='bbox 2045 964 2248 1019; x_wconf 84' lang='lat' dir='ltr'><strong>posse:</strong></span> <span class='ocrx_word' id='word_1_174' title='bbox 2294 951 2612 1023; x_wconf 79' lang='lat' dir='ltr'><strong>Flagellastt&#39;</strong></span> <span class='ocrx_word' id='word_1_175' title='bbox 2656 972 2766 1027; x_wconf 84' lang='lat' dir='ltr'><strong>eos,</strong></span> <span class='ocrx_word' id='word_1_176' title='bbox 2789 967 2838 1011; x_wconf 90' lang='lat' dir='ltr'><strong>et</strong></span> <span class='ocrx_word' id='word_1_177' title='bbox 2884 974 2988 1012; x_wconf 86' lang='lat' dir='ltr'><strong>non</strong></span> <span class='ocrx_word' id='word_1_178' title='bbox 3030 958 3335 1014; x_wconf 79' lang='lat' dir='ltr'><strong>doluerunt.</strong></span> <span class='ocrx_word' id='word_1_179' title='bbox 3386 960 3465 1016; x_wconf 86' lang='lat' dir='ltr'><strong>En</strong></span> <span class='ocrx_word' id='word_1_180' title='bbox 3512 979 3624 1033; x_wconf 85' lang='lat' dir='ltr'><strong>quo</strong></span> 
     </span>
    </p>
   </div>
   <div class='ocr_carea' id='block_1_25' title="bbox 2046 1040 3620 1114">
    <p class='ocr_par' dir='ltr' id='par_1_25' title="bbox 2046 1040 3620 1114">
     <span class='ocr_line' id='line_1_25' title="bbox 2046 1040 3620 1114; baseline 0.01 -20"><span class='ocrx_word' id='word_1_181' title='bbox 2046 1054 2213 1094; x_wconf 89' lang='lat' dir='ltr'><strong>sensu</strong></span> <span class='ocrx_word' id='word_1_182' title='bbox 2259 1041 2431 1110; x_wconf 90' lang='lat' dir='ltr'><strong>accipi</strong></span> <span class='ocrx_word' id='word_1_183' title='bbox 2474 1040 2681 1112; x_wconf 82' lang='lat' dir='ltr'><strong>possit,</strong></span> <span class='ocrx_word' id='word_1_184' title='bbox 2720 1061 2826 1099; x_wconf 81' lang='lat' dir='ltr'><strong>non</strong></span> <span class='ocrx_word' id='word_1_185' title='bbox 2856 1046 3161 1114; x_wconf 81' lang='lat' dir='ltr'><strong>doluerunt,</strong></span> <span class='ocrx_word' id='word_1_186' title='bbox 3190 1056 3287 1103; x_wconf 85' lang='lat' dir='ltr'><strong>aut</strong></span> <span class='ocrx_word' id='word_1_187' title='bbox 3312 1049 3620 1108; x_wconf 75' lang='lat' dir='ltr'><strong>doluerunt.</strong></span> 
     </span>
    </p>
   </div>
   <div class='ocr_carea' id='block_1_26' title="bbox 2045 1125 3624 1206">
    <p class='ocr_par' dir='ltr' id='par_1_26' title="bbox 2045 1125 3624 1206">
     <span class='ocr_line' id='line_1_26' title="bbox 2045 1125 3624 1206; baseline 0.011 -26"><span class='ocrx_word' id='word_1_188' title='bbox 2045 1125 2341 1183; x_wconf 87' lang='lat' dir='ltr'><strong>Videamus</strong></span> <span class='ocrx_word' id='word_1_189' title='bbox 2364 1145 2434 1183; x_wconf 89' lang='lat' dir='ltr'><strong>an</strong></span> <span class='ocrx_word' id='word_1_190' title='bbox 2468 1132 2541 1184; x_wconf 88' lang='lat' dir='ltr'><strong>sit</strong></span> <span class='ocrx_word' id='word_1_191' title='bbox 2570 1132 2730 1187; x_wconf 90' lang='lat' dir='ltr'><strong>nobis</strong></span> <span class='ocrx_word' id='word_1_192' title='bbox 2762 1134 2927 1188; x_wconf 83' lang='lat' dir='ltr'><strong>etiam</strong></span> <span class='ocrx_word' id='word_1_193' title='bbox 2963 1136 3067 1189; x_wconf 87' lang='lat' dir='ltr'><strong>alia</strong></span> <span class='ocrx_word' id='word_1_194' title='bbox 3089 1137 3380 1206; x_wconf 76' lang='lat' dir='ltr'><strong>expositio.</strong></span> <span class='ocrx_word' id='word_1_195' title='bbox 3410 1140 3624 1197; x_wconf 80' lang='lat' dir='ltr'><strong>Accidit</strong></span> 
     </span>
    </p>
   </div>
   <div class='ocr_carea' id='block_1_27' title="bbox 2044 1217 3619 1296">
    <p class='ocr_par' dir='ltr' id='par_1_27' title="bbox 2044 1217 3619 1296">
     <span class='ocr_line' id='line_1_27' title="bbox 2044 1217 3619 1296; baseline 0.01 -26"><span class='ocrx_word' id='word_1_196' title='bbox 2044 1217 2315 1272; x_wconf 88' lang='lat' dir='ltr'><strong>interdum</strong></span> <span class='ocrx_word' id='word_1_197' title='bbox 2350 1218 2403 1271; x_wconf 90' lang='lat' dir='ltr'><strong>in</strong></span> <span class='ocrx_word' id='word_1_198' title='bbox 2456 1223 2779 1290; x_wconf 83' lang='lat' dir='ltr'><strong>corporibus</strong></span> <span class='ocrx_word' id='word_1_199' title='bbox 2831 1233 2890 1279; x_wconf 85' lang='lat' dir='ltr'><strong>ut</strong></span> <span class='ocrx_word' id='word_1_200' title='bbox 2934 1234 3115 1294; x_wconf 87' lang='lat' dir='ltr'><strong>partes</strong></span> <span class='ocrx_word' id='word_1_201' title='bbox 3162 1229 3411 1296; x_wconf 61' lang='lat' dir='ltr'><strong>quaedam</strong></span> <span class='ocrx_word' id='word_1_202' title='bbox 3461 1244 3619 1285; x_wconf 82' lang='lat' dir='ltr'><strong>emo-</strong></span> 
     </span>
    </p>
   </div>
   <div class='ocr_carea' id='block_1_28' title="bbox 2042 1308 3618 1386">
    <p class='ocr_par' dir='ltr' id='par_1_28' title="bbox 2042 1308 3618 1386">
     <span class='ocr_line' id='line_1_28' title="bbox 2042 1308 3618 1386; baseline 0.01 -24"><span class='ocrx_word' id='word_1_203' title='bbox 2042 1308 2257 1364; x_wconf 86' lang='lat' dir='ltr'><strong>riantur</strong></span> <span class='ocrx_word' id='word_1_204' title='bbox 2300 1319 2353 1364; x_wconf 93' lang='lat' dir='ltr'><strong>et</strong></span> <span class='ocrx_word' id='word_1_205' title='bbox 2398 1311 2565 1365; x_wconf 72' lang='lat' dir='ltr'><strong>arida:</strong></span> <span class='ocrx_word' id='word_1_206' title='bbox 2596 1314 2748 1379; x_wconf 83' lang='lat' dir='ltr'><strong>liam,</strong></span> <span class='ocrx_word' id='word_1_207' title='bbox 2793 1323 2847 1369; x_wconf 93' lang='lat' dir='ltr'><strong>et</strong></span> <span class='ocrx_word' id='word_1_208' title='bbox 2887 1331 3264 1386; x_wconf 82' lang='lat' dir='ltr'><strong>saepenumero</strong></span> <span class='ocrx_word' id='word_1_209' title='bbox 3306 1321 3618 1379; x_wconf 87' lang='lat' dir='ltr'><strong>istiusmodi</strong></span> 
     </span>
    </p>
   </div>
   <div class='ocr_carea' id='block_1_29' title="bbox 2041 1400 3618 1473">
    <p class='ocr_par' dir='ltr' id='par_1_29' title="bbox 2041 1400 3618 1473">
     <span class='ocr_line' id='line_1_29' title="bbox 2041 1400 3618 1473; baseline 0.009 -20"><span class='ocrx_word' id='word_1_210' title='bbox 2041 1400 2284 1455; x_wconf 87' lang='lat' dir='ltr'><strong>membra</strong></span> <span class='ocrx_word' id='word_1_211' title='bbox 2309 1411 2560 1457; x_wconf 85' lang='lat' dir='ltr'><strong>emortua</strong></span> <span class='ocrx_word' id='word_1_212' title='bbox 2593 1420 2703 1473; x_wconf 69' lang='lat' dir='ltr'><strong>prae</strong></span> <span class='ocrx_word' id='word_1_213' title='bbox 2726 1406 2862 1461; x_wconf 88' lang='lat' dir='ltr'><strong>vivis</strong></span> <span class='ocrx_word' id='word_1_214' title='bbox 2891 1417 3041 1463; x_wconf 85' lang='lat' dir='ltr'><strong>tanto</strong></span> <span class='ocrx_word' id='word_1_215' title='bbox 3077 1410 3267 1466; x_wconf 84' lang='lat' dir='ltr'><strong>dolore</strong></span> <span class='ocrx_word' id='word_1_216' title='bbox 3308 1412 3618 1470; x_wconf 79' lang='lat' dir='ltr'><strong>afficiuntur</strong></span> 
     </span>
    </p>
   </div>
   <div class='ocr_carea' id='block_1_30' title="bbox 2039 1492 3614 1572">
    <p class='ocr_par' dir='ltr' id='par_1_30' title="bbox 2039 1492 3614 1572">
     <span class='ocr_line' id='line_1_30' title="bbox 2039 1492 3614 1572; baseline 0.011 -30"><span class='ocrx_word' id='word_1_217' title='bbox 2039 1500 2099 1545; x_wconf 87' lang='lat' dir='ltr'><strong>ut</strong></span> <span class='ocrx_word' id='word_1_218' title='bbox 2128 1492 2387 1549; x_wconf 80' lang='lat' dir='ltr'><strong>adhibitis</strong></span> <span class='ocrx_word' id='word_1_219' title='bbox 2412 1496 2631 1564; x_wconf 87' lang='lat' dir='ltr'><strong>quidem</strong></span> <span class='ocrx_word' id='word_1_220' title='bbox 2671 1498 2795 1551; x_wconf 82' lang='lat' dir='ltr'><strong>vivo</strong></span> <span class='ocrx_word' id='word_1_221' title='bbox 2829 1502 3078 1556; x_wconf 90' lang='lat' dir='ltr'><strong>membro</strong></span> <span class='ocrx_word' id='word_1_222' title='bbox 3117 1503 3186 1557; x_wconf 86' lang='lat' dir='ltr'><strong>iis</strong></span> <span class='ocrx_word' id='word_1_223' title='bbox 3215 1518 3337 1572; x_wconf 73' lang='lat' dir='ltr'><strong>quae</strong></span> <span class='ocrx_word' id='word_1_224' title='bbox 3369 1504 3614 1559; x_wconf 87' lang='lat' dir='ltr'><strong>dolorem</strong></span> 
     </span>
    </p>
   </div>
   <div class='ocr_carea' id='block_1_31' title="bbox 2036 1582 3612 1661">
    <p class='ocr_par' dir='ltr' id='par_1_31' title="bbox 2036 1582 3612 1661">
     <span class='ocr_line' id='line_1_31' title="bbox 2036 1582 3612 1661; baseline 0.01 -25"><span class='ocrx_word' id='word_1_225' title='bbox 2036 1582 2297 1651; x_wconf 85' lang='lat' dir='ltr'><strong>inferunt,</strong></span> <span class='ocrx_word' id='word_1_226' title='bbox 2329 1586 2510 1640; x_wconf 85' lang='lat' dir='ltr'><strong>doleat</strong></span> <span class='ocrx_word' id='word_1_227' title='bbox 2543 1587 2633 1642; x_wconf 92' lang='lat' dir='ltr'><strong>ille</strong></span> <span class='ocrx_word' id='word_1_228' title='bbox 2655 1589 2742 1643; x_wconf 92' lang='lat' dir='ltr'><strong>cui</strong></span> <span class='ocrx_word' id='word_1_229' title='bbox 2776 1589 2829 1645; x_wconf 90' lang='lat' dir='ltr'><strong>id</strong></span> <span class='ocrx_word' id='word_1_230' title='bbox 2859 1593 3006 1661; x_wconf 89' lang='lat' dir='ltr'><strong>quod</strong></span> <span class='ocrx_word' id='word_1_231' title='bbox 3035 1593 3282 1648; x_wconf 87' lang='lat' dir='ltr'><strong>dolorem</strong></span> <span class='ocrx_word' id='word_1_232' title='bbox 3310 1594 3494 1661; x_wconf 82' lang='lat' dir='ltr'><strong>eﬂicit,</strong></span> <span class='ocrx_word' id='word_1_233' title='bbox 3522 1595 3612 1650; x_wconf 90' lang='lat' dir='ltr'><strong>in-</strong></span> 
     </span>
    </p>
   </div>
   <div class='ocr_carea' id='block_1_32' title="bbox 316 1672 2012 1758">
    <p class='ocr_par' dir='ltr' id='par_1_32' title="bbox 316 1679 1933 1758">
     <span class='ocr_line' id='line_1_32' title="bbox 316 1679 1933 1758; baseline 0.012 -32"><span class='ocrx_word' id='word_1_234' title='bbox 316 1691 443 1744; x_wconf 88' lang='grc' dir='ltr'>σχει</span> <span class='ocrx_word' id='word_1_235' title='bbox 492 1679 571 1733; x_wconf 85' lang='grc' dir='ltr'>τὰ</span> <span class='ocrx_word' id='word_1_236' title='bbox 612 1681 1010 1754; x_wconf 44' lang='grc' dir='ltr'>,νενεκρωμένα</span> <span class='ocrx_word' id='word_1_237' title='bbox 1063 1683 1201 1756; x_wconf 83' lang='grc' dir='ltr'><strong>μέλη</strong></span> <span class='ocrx_word' id='word_1_238' title='bbox 1247 1685 1398 1758; x_wconf 84' lang='grc' dir='ltr'>παρὰ</span> <span class='ocrx_word' id='word_1_239' title='bbox 1435 1687 1505 1741; x_wconf 82' lang='grc' dir='ltr'>τὰ</span> <span class='ocrx_word' id='word_1_240' title='bbox 1545 1687 1746 1752; x_wconf 80' lang='grc' dir='ltr'>ζῶντα,</span> <span class='ocrx_word' id='word_1_241' title='bbox 1791 1689 1933 1744; x_wconf 84' lang='grc' dir='ltr'>ὥστε</span> 
     </span>
    </p>
   </div>
   <div class='ocr_carea' id='block_1_33' title="bbox 1917 1672 3613 1758">
    <p class='ocr_par' dir='ltr' id='par_1_33' title="bbox 1917 1672 3613 1744">
     <span class='ocr_line' id='line_1_33' title="bbox 1917 1672 3613 1744; baseline 0.011 -18"><span class='ocrx_word' id='word_1_242' title='bbox 1917 1707 1933 1744; x_wconf 68' lang='grc' dir='ltr'>ε</span> <span class='ocrx_word' id='word_1_243' title='bbox 2036 1672 2238 1743; x_wconf 88' lang='lat' dir='ltr'><strong>fertur,</strong></span> <span class='ocrx_word' id='word_1_244' title='bbox 2287 1678 2480 1732; x_wconf 89' lang='lat' dir='ltr'><strong>iisdem</strong></span> <span class='ocrx_word' id='word_1_245' title='bbox 2521 1694 2652 1735; x_wconf 86' lang='lat' dir='ltr'><strong>vero</strong></span> <span class='ocrx_word' id='word_1_246' title='bbox 2696 1683 2982 1739; x_wconf 86' lang='lat' dir='ltr'><strong>tormentis</strong></span> <span class='ocrx_word' id='word_1_247' title='bbox 3028 1686 3274 1741; x_wconf 89' lang='lat' dir='ltr'><strong>membro</strong></span> <span class='ocrx_word' id='word_1_248' title='bbox 3311 1702 3476 1742; x_wconf 82' lang='lat' dir='ltr'><strong>sensu</strong></span> <span class='ocrx_word' id='word_1_249' title='bbox 3519 1702 3613 1744; x_wconf 88' lang='lat' dir='ltr'><strong>ca-</strong></span> 
     </span>
    </p>
   </div>
   <div class='ocr_carea' id='block_1_34' title="bbox 313 1760 2009 1850">
    <p class='ocr_par' dir='ltr' id='par_1_34' title="bbox 313 1760 2006 1850">
     <span class='ocr_line' id='line_1_34' title="bbox 313 1760 2006 1850; baseline 0.011 -34"><span class='ocrx_word' id='word_1_250' title='bbox 313 1770 769 1837; x_wconf 82' lang='grc' dir='ltr'>προσαγομένων</span> <span class='ocrx_word' id='word_1_251' title='bbox 805 1772 904 1843; x_wconf 87' lang='grc' dir='ltr'><strong>μὲν</strong></span> <span class='ocrx_word' id='word_1_252' title='bbox 932 1771 1038 1825; x_wconf 87' lang='grc' dir='ltr'><strong>τῶν</strong></span> <span class='ocrx_word' id='word_1_253' title='bbox 1072 1774 1233 1827; x_wconf 88' lang='grc' dir='ltr'>πόνον</span> <span class='ocrx_word' id='word_1_254' title='bbox 1259 1777 1484 1847; x_wconf 82' lang='grc' dir='ltr'>ποιῆσαι</span> <span class='ocrx_word' id='word_1_255' title='bbox 1509 1776 1820 1850; x_wconf 81' lang='grc' dir='ltr'>δυναμένων</span> <span class='ocrx_word' id='word_1_256' title='bbox 1846 1779 1927 1850; x_wconf 85' lang='grc' dir='ltr'><strong>τῷ</strong></span> <span class='ocrx_word' id='word_1_257' title='bbox 1963 1760 2006 1815; x_wconf 71' lang='grc' dir='ltr'><em>Β</em></span> 
     </span>
    </p>
   </div>
   <div class='ocr_carea' id='block_1_35' title="bbox 1914 1760 3610 1850">
    <p class='ocr_par' dir='ltr' id='par_1_35' title="bbox 1914 1760 3610 1847">
     <span class='ocr_line' id='line_1_35' title="bbox 1914 1760 3610 1847; baseline 0.012 -30"><span class='ocrx_word' id='word_1_258' title='bbox 1914 1781 1927 1832; x_wconf 65' lang='lat'><strong>&#39;,</strong></span> <span class='ocrx_word' id='word_1_259' title='bbox 1963 1760 2006 1815; x_wconf 81' lang='grc' dir='ltr'><em>Β</em></span> <span class='ocrx_word' id='word_1_260' title='bbox 2035 1768 2174 1822; x_wconf 86' lang='lat' dir='ltr'><strong>renti</strong></span> <span class='ocrx_word' id='word_1_261' title='bbox 2206 1767 2491 1834; x_wconf 86' lang='lat' dir='ltr'><strong>adhibitis,</strong></span> <span class='ocrx_word' id='word_1_262' title='bbox 2521 1770 2745 1827; x_wconf 90' lang='lat' dir='ltr'><strong>minime</strong></span> <span class='ocrx_word' id='word_1_263' title='bbox 2784 1774 2964 1830; x_wconf 88' lang='lat' dir='ltr'><strong>doleat</strong></span> <span class='ocrx_word' id='word_1_264' title='bbox 2995 1776 3085 1832; x_wconf 87' lang='lat' dir='ltr'><strong>ille</strong></span> <span class='ocrx_word' id='word_1_265' title='bbox 3113 1779 3272 1847; x_wconf 87' lang='lat' dir='ltr'><strong>cujus</strong></span> <span class='ocrx_word' id='word_1_266' title='bbox 3300 1781 3610 1837; x_wconf 86' lang='lat' dir='ltr'><strong>membrum</strong></span> 
     </span>
    </p>
   </div>
   <div class='ocr_carea' id='block_1_36' title="bbox 314 1852 1925 1940">
    <p class='ocr_par' dir='ltr' id='par_1_36' title="bbox 314 1852 1925 1940">
     <span class='ocr_line' id='line_1_36' title="bbox 314 1852 1925 1940; baseline 0.014 -34"><span class='ocrx_word' id='word_1_267' title='bbox 314 1852 491 1916; x_wconf 83' lang='grc' dir='ltr'>ζῶντι</span> <span class='ocrx_word' id='word_1_268' title='bbox 533 1860 716 1928; x_wconf 85' lang='grc' dir='ltr'>μέλει,</span> <span class='ocrx_word' id='word_1_269' title='bbox 751 1863 937 1932; x_wconf 80' lang='grc' dir='ltr'>ἀλγεῖν</span> <span class='ocrx_word' id='word_1_270' title='bbox 968 1866 1173 1921; x_wconf 79' lang='grc' dir='ltr'>ἐκεῖνον</span> <span class='ocrx_word' id='word_1_271' title='bbox 1203 1860 1247 1936; x_wconf 83' lang='grc' dir='ltr'>ᾧ</span> <span class='ocrx_word' id='word_1_272' title='bbox 1279 1869 1615 1940; x_wconf 82' lang='grc' dir='ltr'>προσάγεται</span> <span class='ocrx_word' id='word_1_273' title='bbox 1649 1872 1709 1926; x_wconf 88' lang='grc' dir='ltr'>τὸ</span> <span class='ocrx_word' id='word_1_274' title='bbox 1738 1873 1925 1928; x_wconf 80' lang='grc' dir='ltr'>ποιοῦν</span> 
     </span>
    </p>
   </div>
   <div class='ocr_carea' id='block_1_37' title="bbox 308 1951 1926 2038">
    <p class='ocr_par' dir='ltr' id='par_1_37' title="bbox 308 1951 1926 2038">
     <span class='ocr_line' id='line_1_37' title="bbox 308 1951 1926 2038; baseline 0.014 -41"><span class='ocrx_word' id='word_1_275' title='bbox 308 1951 540 2014; x_wconf 83' lang='grc' dir='ltr'>πονεῖν,</span> <span class='ocrx_word' id='word_1_276' title='bbox 600 1955 1025 2025; x_wconf 80' lang='grc' dir='ltr'>προσαγομένων</span> <span class='ocrx_word' id='word_1_277' title='bbox 1061 1957 1119 2011; x_wconf 80' lang='grc' dir='ltr'>δὲ</span> <span class='ocrx_word' id='word_1_278' title='bbox 1162 1958 1270 2012; x_wconf 91' lang='grc' dir='ltr'><strong>τῶν</strong></span> <span class='ocrx_word' id='word_1_279' title='bbox 1310 1962 1607 2016; x_wconf 76' lang='grc' dir='ltr'>ποιούντων</span> <span class='ocrx_word' id='word_1_280' title='bbox 1635 1969 1818 2019; x_wconf 86' lang='grc' dir='ltr'>πονεῖν</span> <span class='ocrx_word' id='word_1_281' title='bbox 1846 1967 1926 2038; x_wconf 83' lang='grc' dir='ltr'>τῷ</span> 
     </span>
    </p>
   </div>
   <div class='ocr_carea' id='block_1_38' title="bbox 305 2035 1924 2128">
    <p class='ocr_par' dir='ltr' id='par_1_38' title="bbox 305 2035 1924 2128">
     <span class='ocr_line' id='line_1_38' title="bbox 305 2035 1924 2128; baseline 0.014 -39"><span class='ocrx_word' id='word_1_282' title='bbox 305 2035 478 2105; x_wconf 79' lang='grc' dir='ltr'>μέλει</span> <span class='ocrx_word' id='word_1_283' title='bbox 512 2039 603 2109; x_wconf 81' lang='grc' dir='ltr'>τῷ</span> <span class='ocrx_word' id='word_1_284' title='bbox 630 2044 942 2116; x_wconf 79' lang='grc' dir='ltr'>ἀναισθήτῳ</span> <span class='ocrx_word' id='word_1_285' title='bbox 980 2048 1081 2101; x_wconf 76' lang='grc' dir='ltr'><strong>οὐκ</strong></span> <span class='ocrx_word' id='word_1_286' title='bbox 1113 2048 1429 2105; x_wconf 83' lang='grc' dir='ltr'>αἰσθάνεται</span> <span class='ocrx_word' id='word_1_287' title='bbox 1471 2050 1697 2119; x_wconf 80' lang='grc' dir='ltr'>ἐκεῖνος,</span> <span class='ocrx_word' id='word_1_288' title='bbox 1729 2056 1856 2110; x_wconf 83' lang='grc' dir='ltr'>ὅταν</span> 
     </span>
    </p>
   </div>
   <div class='ocr_carea' id='block_1_39' title="bbox 295 2129 1925 2216">
    <p class='ocr_par' dir='ltr' id='par_1_39' title="bbox 295 2129 1925 2216">
     <span class='ocr_line' id='line_1_39' title="bbox 295 2129 1925 2216; baseline 0.015 -38"><span class='ocrx_word' id='word_1_289' title='bbox 295 2129 604 2201; x_wconf 84' lang='grc' dir='ltr'>νεκρότης</span> <span class='ocrx_word' id='word_1_290' title='bbox 636 2134 767 2204; x_wconf 63' lang='grc' dir='ltr'><strong>περὶ¹</strong></span> <span class='ocrx_word' id='word_1_291' title='bbox 799 2136 982 2191; x_wconf 78' lang='grc' dir='ltr'>αὐτόν.</span> <span class='ocrx_word' id='word_1_292' title='bbox 1017 2138 1203 2192; x_wconf 79' lang='grc' dir='ltr'>Ταῦτα</span> <span class='ocrx_word' id='word_1_293' title='bbox 1238 2140 1396 2212; x_wconf 75' lang='grc' dir='ltr'>εἴπερ</span> <span class='ocrx_word' id='word_1_294' title='bbox 1430 2143 1545 2216; x_wconf 79' lang='grc' dir='ltr'><strong>ἴδῃς</strong></span> <span class='ocrx_word' id='word_1_295' title='bbox 1574 2147 1667 2198; x_wconf 77' lang='grc' dir='ltr'>ἐπὶ</span> <span class='ocrx_word' id='word_1_296' title='bbox 1692 2146 1786 2200; x_wconf 81' lang='grc' dir='ltr'>τοῦ</span> <span class='ocrx_word' id='word_1_297' title='bbox 1818 2148 1925 2201; x_wconf 85' lang='grc' dir='ltr'><strong>σώ-</strong></span> 
     </span>
    </p>
   </div>
   <div class='ocr_carea' id='block_1_40' title="bbox 297 2222 1924 2305">
    <p class='ocr_par' dir='ltr' id='par_1_40' title="bbox 297 2222 1924 2305">
     <span class='ocr_line' id='line_1_40' title="bbox 297 2222 1924 2305; baseline 0.014 -36"><span class='ocrx_word' id='word_1_298' title='bbox 297 2234 527 2288; x_wconf 76' lang='grc' dir='ltr'>ματος,</span> <span class='ocrx_word' id='word_1_299' title='bbox 568 2222 803 2292; x_wconf 82' lang='grc' dir='ltr'>μετάθες</span> <span class='ocrx_word' id='word_1_300' title='bbox 828 2227 920 2280; x_wconf 76' lang='grc' dir='ltr'><strong>ἐπὶ</strong></span> <span class='ocrx_word' id='word_1_301' title='bbox 951 2227 1048 2299; x_wconf 81' lang='grc' dir='ltr'><strong>τὴν</strong></span> <span class='ocrx_word' id='word_1_302' title='bbox 1079 2228 1289 2301; x_wconf 71' lang='grc' dir='ltr'>ψυχήνο</span> <span class='ocrx_word' id='word_1_303' title='bbox 1325 2232 1418 2284; x_wconf 78' lang='grc' dir='ltr'><strong>καὶ</strong></span> <span class='ocrx_word' id='word_1_304' title='bbox 1444 2233 1566 2305; x_wconf 85' lang='grc' dir='ltr'>ὅρα,</span> <span class='ocrx_word' id='word_1_305' title='bbox 1589 2236 1670 2288; x_wconf 84' lang='grc' dir='ltr'>ὅτι</span> <span class='ocrx_word' id='word_1_306' title='bbox 1702 2237 1813 2290; x_wconf 73' lang='grc' dir='ltr'>ἔστι</span> <span class='ocrx_word' id='word_1_307' title='bbox 1842 2255 1924 2303; x_wconf 87' lang='grc' dir='ltr'>τις</span> 
     </span>
    </p>
   </div>
   <div class='ocr_carea' id='block_1_41' title="bbox 295 2310 1922 2397">
    <p class='ocr_par' dir='ltr' id='par_1_41' title="bbox 295 2310 1922 2397">
     <span class='ocr_line' id='line_1_41' title="bbox 295 2310 1922 2397; baseline 0.014 -36"><span class='ocrx_word' id='word_1_308' title='bbox 295 2311 407 2363; x_wconf 71' lang='grc' dir='ltr'>καὶ</span> <span class='ocrx_word' id='word_1_309' title='bbox 443 2310 614 2386; x_wconf 67' lang='grc' dir='ltr'>ψυχὴ</span> <span class='ocrx_word' id='word_1_310' title='bbox 644 2319 978 2390; x_wconf 87' lang='grc' dir='ltr'>νεκρουμένη</span> <span class='ocrx_word' id='word_1_311' title='bbox 1007 2318 1077 2373; x_wconf 81' lang='grc' dir='ltr'>τὰ</span> <span class='ocrx_word' id='word_1_312' title='bbox 1101 2320 1266 2391; x_wconf 85' lang='grc' dir='ltr'>μέλη,</span> <span class='ocrx_word' id='word_1_313' title='bbox 1294 2321 1434 2377; x_wconf 83' lang='grc' dir='ltr'>ὥστε</span> <span class='ocrx_word' id='word_1_314' title='bbox 1468 2325 1542 2397; x_wconf 81' lang='grc' dir='ltr'><strong>μὴ</strong></span> <span class='ocrx_word' id='word_1_315' title='bbox 1574 2327 1922 2384; x_wconf 76' lang='grc' dir='ltr'>αἰσθάνεσθαι</span> 
     </span>
    </p>
   </div>
   <div class='ocr_carea' id='block_1_42' title="bbox 299 2401 1918 2489">
    <p class='ocr_par' dir='ltr' id='par_1_42' title="bbox 299 2401 1918 2489">
     <span class='ocr_line' id='line_1_42' title="bbox 299 2401 1918 2489; baseline 0.014 -36"><span class='ocrx_word' id='word_1_316' title='bbox 299 2401 419 2455; x_wconf 77' lang='grc' dir='ltr'>ἀπὸ</span> <span class='ocrx_word' id='word_1_317' title='bbox 462 2402 588 2457; x_wconf 84' lang='grc' dir='ltr'><strong>τῶν</strong></span> <span class='ocrx_word' id='word_1_318' title='bbox 624 2408 920 2477; x_wconf 78' lang='grc' dir='ltr'>μαστίγων,</span> <span class='ocrx_word' id='word_1_319' title='bbox 956 2412 1058 2465; x_wconf 68' lang='grc' dir='ltr'>κᾶν</span> <span class='ocrx_word' id='word_1_320' title='bbox 1097 2413 1330 2468; x_wconf 79' lang='grc' dir='ltr'>ἐπίπονα</span> <span class='ocrx_word' id='word_1_321' title='bbox 1370 2417 1743 2489; x_wconf 77' lang='grc' dir='ltr'>προσφέρηται</span> <span class='ocrx_word' id='word_1_322' title='bbox 1778 2437 1918 2476; x_wconf 87' lang='grc' dir='ltr'>τινα.</span> 
     </span>
    </p>
   </div>
   <div class='ocr_carea' id='block_1_43' title="bbox 302 2494 1921 2579">
    <p class='ocr_par' dir='ltr' id='par_1_43' title="bbox 302 2494 1921 2579">
     <span class='ocr_line' id='line_1_43' title="bbox 302 2494 1921 2579; baseline 0.013 -35"><span class='ocrx_word' id='word_1_323' title='bbox 302 2494 821 2568; x_wconf 77' lang='grc' dir='ltr'>Διαπρισθήσεται,</span> <span class='ocrx_word' id='word_1_324' title='bbox 851 2501 925 2569; x_wconf 82' lang='grc'><strong>(5)</strong></span> <span class='ocrx_word' id='word_1_325' title='bbox 956 2501 1070 2554; x_wconf 81' lang='grc' dir='ltr'>ἀλλ’</span> <span class='ocrx_word' id='word_1_326' title='bbox 1103 2503 1203 2556; x_wconf 88' lang='grc' dir='ltr'><strong>οὐκ</strong></span> <span class='ocrx_word' id='word_1_327' title='bbox 1248 2504 1671 2576; x_wconf 79' lang='grc' dir='ltr'>αίσθανθήσεται</span> <span class='ocrx_word' id='word_1_328' title='bbox 1702 2510 1734 2579; x_wconf 82' lang='grc' dir='ltr'>ή</span> <span class='ocrx_word' id='word_1_329' title='bbox 1773 2509 1921 2565; x_wconf 86' lang='grc' dir='ltr'>δεῖνα</span> 
     </span>
    </p>
   </div>
   <div class='ocr_carea' id='block_1_44' title="bbox 305 2582 1920 2669">
    <p class='ocr_par' dir='ltr' id='par_1_44' title="bbox 305 2582 1920 2669">
     <span class='ocr_line' id='line_1_44' title="bbox 305 2582 1920 2669; baseline 0.011 -33"><span class='ocrx_word' id='word_1_330' title='bbox 305 2582 490 2656; x_wconf 74' lang='grc' dir='ltr'>ψυχή’</span> <span class='ocrx_word' id='word_1_331' title='bbox 529 2585 667 2660; x_wconf 81' lang='grc' dir='ltr'>ἄλλη</span> <span class='ocrx_word' id='word_1_332' title='bbox 700 2589 758 2642; x_wconf 79' lang='grc' dir='ltr'>δὲ</span> <span class='ocrx_word' id='word_1_333' title='bbox 788 2590 1229 2663; x_wconf 77' lang='grc' dir='ltr'>αἰσθανθήσεται,</span> <span class='ocrx_word' id='word_1_334' title='bbox 1262 2596 1358 2647; x_wconf 79' lang='grc' dir='ltr'>καὶ</span> <span class='ocrx_word' id='word_1_335' title='bbox 1383 2596 1525 2667; x_wconf 84' lang='grc' dir='ltr'>τάχα</span> <span class='ocrx_word' id='word_1_336' title='bbox 1554 2597 1793 2669; x_wconf 79' lang='grc' dir='ltr'>ὡσπερεὶ</span> <span class='ocrx_word' id='word_1_337' title='bbox 1827 2599 1920 2653; x_wconf 88' lang='grc' dir='ltr'>λυ-</span> 
     </span>
    </p>
   </div>
   <div class='ocr_carea' id='block_1_45' title="bbox 311 2680 1918 2762">
    <p class='ocr_par' dir='ltr' id='par_1_45' title="bbox 311 2680 1918 2762">
     <span class='ocr_line' id='line_1_45' title="bbox 311 2680 1918 2762; baseline 0.008 -32"><span class='ocrx_word' id='word_1_338' title='bbox 311 2680 512 2732; x_wconf 85' lang='grc' dir='ltr'>πεῖται</span> <span class='ocrx_word' id='word_1_339' title='bbox 552 2680 753 2750; x_wconf 84' lang='grc' dir='ltr'>μᾶλλον</span> <span class='ocrx_word' id='word_1_340' title='bbox 793 2683 887 2735; x_wconf 75' lang='grc' dir='ltr'>ἐπὶ</span> <span class='ocrx_word' id='word_1_341' title='bbox 921 2683 997 2754; x_wconf 84' lang='grc' dir='ltr'>τῷ</span> <span class='ocrx_word' id='word_1_342' title='bbox 1033 2684 1107 2756; x_wconf 81' lang='grc' dir='ltr'><strong>μὴ</strong></span> <span class='ocrx_word' id='word_1_343' title='bbox 1141 2683 1493 2740; x_wconf 76' lang='grc' dir='ltr'>αἰσθάνεσθαι</span> <span class='ocrx_word' id='word_1_344' title='bbox 1525 2688 1668 2761; x_wconf 75' lang='grc' dir='ltr'>ἤπερ</span> <span class='ocrx_word' id='word_1_345' title='bbox 1707 2690 1802 2743; x_wconf 80' lang='grc' dir='ltr'>ἐπὶ</span> <span class='ocrx_word' id='word_1_346' title='bbox 1837 2691 1918 2762; x_wconf 84' lang='grc' dir='ltr'><strong>τῷ</strong></span> 
     </span>
    </p>
   </div>
   <div class='ocr_carea' id='block_1_46' title="bbox 313 2767 1915 2852">
    <p class='ocr_par' dir='ltr' id='par_1_46' title="bbox 313 2767 1915 2852">
     <span class='ocr_line' id='line_1_46' title="bbox 313 2767 1915 2852; baseline 0.008 -33"><span class='ocrx_word' id='word_1_347' title='bbox 313 2767 708 2836; x_wconf 86' lang='grc' dir='ltr'>αἰσθάνεσθαι,</span> <span class='ocrx_word' id='word_1_348' title='bbox 761 2774 789 2826; x_wconf 87' lang='lat'><strong>6</strong></span> <span class='ocrx_word' id='word_1_349' title='bbox 835 2772 911 2844; x_wconf 78' lang='grc' dir='ltr'>μὴ</span> <span class='ocrx_word' id='word_1_350' title='bbox 954 2774 1344 2846; x_wconf 82' lang='grc' dir='ltr'>αἰσθανόμενος</span> <span class='ocrx_word' id='word_1_351' title='bbox 1383 2777 1492 2830; x_wconf 85' lang='grc' dir='ltr'><strong>ἀπὸ</strong></span> <span class='ocrx_word' id='word_1_352' title='bbox 1538 2778 1715 2832; x_wconf 88' lang='grc' dir='ltr'>πόνων</span> <span class='ocrx_word' id='word_1_353' title='bbox 1769 2780 1915 2852; x_wconf 71' lang='grc' dir='ltr'>αὐτῷ</span> 
     </span>
    </p>
   </div>
   <div class='ocr_carea' id='block_1_47' title="bbox 268 2858 1915 2946">
    <p class='ocr_par' dir='ltr' id='par_1_47' title="bbox 268 2858 1915 2946">
     <span class='ocr_line' id='line_1_47' title="bbox 268 2858 1915 2946; baseline 0.009 -33"><span class='ocrx_word' id='word_1_354' title='bbox 268 2858 273 2863; x_wconf 77' lang='grc'><em>’</em></span> <span class='ocrx_word' id='word_1_355' title='bbox 315 2863 814 2936; x_wconf 81' lang='grc' dir='ltr'>προσφερομένων,</span> <span class='ocrx_word' id='word_1_356' title='bbox 861 2866 1152 2937; x_wconf 80' lang='grc' dir='ltr'>εὐχόμενος</span> <span class='ocrx_word' id='word_1_357' title='bbox 1183 2867 1381 2938; x_wconf 81' lang='grc' dir='ltr'>μᾶλλον</span> <span class='ocrx_word' id='word_1_358' title='bbox 1408 2872 1587 2922; x_wconf 85' lang='grc' dir='ltr'>πονεῖν</span> <span class='ocrx_word' id='word_1_359' title='bbox 1613 2873 1661 2923; x_wconf 79' lang='grc' dir='ltr'>εἰ</span> <span class='ocrx_word' id='word_1_360' title='bbox 1707 2873 1915 2946; x_wconf 81' lang='grc' dir='ltr'>προσά-</span> 
     </span>
    </p>
   </div>
   <div class='ocr_carea' id='block_1_48' title="bbox 312 2955 1914 3034">
    <p class='ocr_par' dir='ltr' id='par_1_48' title="bbox 312 2955 1914 3034">
     <span class='ocr_line' id='line_1_48' title="bbox 312 2955 1914 3034; baseline 0.008 -29"><span class='ocrx_word' id='word_1_361' title='bbox 312 2966 471 3017; x_wconf 84' lang='grc' dir='ltr'>γοιτο</span> <span class='ocrx_word' id='word_1_362' title='bbox 515 2955 590 3009; x_wconf 88' lang='grc' dir='ltr'>τὰ</span> <span class='ocrx_word' id='word_1_363' title='bbox 638 2955 893 3021; x_wconf 78' lang='grc' dir='ltr'>ἐπίπονα,</span> <span class='ocrx_word' id='word_1_364' title='bbox 932 2958 1057 3010; x_wconf 77' lang='grc' dir='ltr'>ἐπεὶ</span> <span class='ocrx_word' id='word_1_365' title='bbox 1096 2960 1319 3029; x_wconf 86' lang='grc' dir='ltr'>σημεῖόν</span> <span class='ocrx_word' id='word_1_366' title='bbox 1346 2961 1462 3013; x_wconf 78' lang='grc' dir='ltr'>ἐστι</span> <span class='ocrx_word' id='word_1_367' title='bbox 1490 2960 1649 3016; x_wconf 78' lang='grc' dir='ltr'>τοῦτο</span> <span class='ocrx_word' id='word_1_368' title='bbox 1681 2962 1774 3019; x_wconf 80' lang='grc' dir='ltr'>τοῦ</span> <span class='ocrx_word' id='word_1_369' title='bbox 1813 2962 1914 3034; x_wconf 80' lang='grc' dir='ltr'><strong>ζῇν</strong></span> 
     </span>
    </p>
   </div>
   <div class='ocr_carea' id='block_1_49' title="bbox 314 3044 1983 3144">
    <p class='ocr_par' dir='ltr' id='par_1_49' title="bbox 314 3044 1983 3144">
     <span class='ocr_line' id='line_1_49' title="bbox 314 3044 1983 3144; baseline 0.008 -48"><span class='ocrx_word' id='word_1_370' title='bbox 314 3044 505 3110; x_wconf 80' lang='grc' dir='ltr'>αὑτὸν,</span> <span class='ocrx_word' id='word_1_371' title='bbox 526 3045 885 3120; x_wconf 82' lang='grc' dir='ltr'>ὰηδιζόμενος</span> <span class='ocrx_word' id='word_1_372' title='bbox 928 3048 985 3102; x_wconf 86' lang='grc' dir='ltr'>δὲ</span> <span class='ocrx_word' id='word_1_373' title='bbox 1016 3049 1108 3102; x_wconf 80' lang='grc' dir='ltr'>ἐπὶ</span> <span class='ocrx_word' id='word_1_374' title='bbox 1139 3049 1216 3120; x_wconf 82' lang='grc' dir='ltr'><strong>τῷ</strong></span> <span class='ocrx_word' id='word_1_375' title='bbox 1240 3051 1315 3122; x_wconf 72' lang='grc'><strong>(4)</strong></span> <span class='ocrx_word' id='word_1_376' title='bbox 1353 3053 1427 3123; x_wconf 84' lang='grc' dir='ltr'>μὴ</span> <span class='ocrx_word' id='word_1_377' title='bbox 1456 3053 1805 3108; x_wconf 82' lang='grc' dir='ltr'>αἰσθάνεσθαι</span> <span class='ocrx_word' id='word_1_378' title='bbox 1822 3057 1913 3109; x_wconf 77' lang='grc' dir='ltr'>ἐπὶ</span> <span class='ocrx_word' id='word_1_379' title='bbox 1940 3087 1983 3144; x_wconf 73' lang='lat' dir='ltr'><strong>C</strong></span> 
     </span>
    </p>
   </div>
   <div class='ocr_carea' id='block_1_50' title="bbox 313 3137 1911 3211">
    <p class='ocr_par' dir='ltr' id='par_1_50' title="bbox 313 3137 1911 3211">
     <span class='ocr_line' id='line_1_50' title="bbox 313 3137 1911 3211; baseline 0.009 -26"><span class='ocrx_word' id='word_1_380' title='bbox 313 3137 425 3198; x_wconf 76' lang='grc' dir='ltr'>τοῖς</span> <span class='ocrx_word' id='word_1_381' title='bbox 456 3137 765 3202; x_wconf 77' lang='grc' dir='ltr'>ἐπιπόνοις.</span> <span class='ocrx_word' id='word_1_382' title='bbox 794 3139 1002 3210; x_wconf 84' lang='grc' dir='ltr'>’Ὠσπερ</span> <span class='ocrx_word' id='word_1_383' title='bbox 1035 3138 1098 3211; x_wconf 86' lang='grc' dir='ltr'>δὴ</span> <span class='ocrx_word' id='word_1_384' title='bbox 1123 3142 1279 3194; x_wconf 78' lang='grc' dir='ltr'>τοῦτο</span> <span class='ocrx_word' id='word_1_385' title='bbox 1307 3142 1515 3210; x_wconf 86' lang='grc' dir='ltr'>γίνεται</span> <span class='ocrx_word' id='word_1_386' title='bbox 1544 3145 1640 3196; x_wconf 80' lang='grc' dir='ltr'>ἐπὶ</span> <span class='ocrx_word' id='word_1_387' title='bbox 1667 3144 1774 3199; x_wconf 88' lang='grc' dir='ltr'><strong>τῶν</strong></span> <span class='ocrx_word' id='word_1_388' title='bbox 1807 3162 1911 3198; x_wconf 88' lang='grc' dir='ltr'>σω-</span> 
     </span>
    </p>
   </div>
   <div class='ocr_carea' id='block_1_51' title="bbox 315 3226 1909 3306">
    <p class='ocr_par' dir='ltr' id='par_1_51' title="bbox 315 3226 1909 3306">
     <span class='ocr_line' id='line_1_51' title="bbox 315 3226 1909 3306; baseline 0.007 -26"><span class='ocrx_word' id='word_1_389' title='bbox 315 3226 529 3295; x_wconf 76' lang='grc' dir='ltr'>μάτων,</span> <span class='ocrx_word' id='word_1_390' title='bbox 569 3228 714 3283; x_wconf 76' lang='grc' dir='ltr'>οὕτω</span> <span class='ocrx_word' id='word_1_391' title='bbox 751 3230 957 3301; x_wconf 78' lang='grc' dir='ltr'>νομίζω</span> <span class='ocrx_word' id='word_1_392' title='bbox 998 3233 1057 3285; x_wconf 81' lang='grc' dir='ltr'>ὲν</span> <span class='ocrx_word' id='word_1_393' title='bbox 1102 3231 1212 3302; x_wconf 81' lang='grc' dir='ltr'><strong>τῷ·</strong></span> <span class='ocrx_word' id='word_1_394' title='bbox 1253 3232 1624 3300; x_wconf 72' lang='grc' dir='ltr'>Θελήσωιτιν,</span> <span class='ocrx_word' id='word_1_395' title='bbox 1675 3238 1729 3290; x_wconf 81' lang='grc' dir='ltr'>εὶ</span> <span class='ocrx_word' id='word_1_396' title='bbox 1779 3235 1909 3306; x_wconf 78' lang='grc' dir='ltr'>ἐγέ-</span> 
     </span>
    </p>
   </div>
   <div class='ocr_carea' id='block_1_52' title="bbox 308 3321 1907 3396">
    <p class='ocr_par' dir='ltr' id='par_1_52' title="bbox 308 3321 1907 3396">
     <span class='ocr_line' id='line_1_52' title="bbox 308 3321 1907 3396; baseline 0.009 -28"><span class='ocrx_word' id='word_1_397' title='bbox 308 3331 490 3372; x_wconf 76' lang='grc' dir='ltr'>νοντο</span> <span class='ocrx_word' id='word_1_398' title='bbox 510 3321 940 3388; x_wconf 76' lang='grc' dir='ltr'>πυρίκαυστοι,</span> <span class='ocrx_word' id='word_1_399' title='bbox 967 3322 1207 3378; x_wconf 82' lang='grc' dir='ltr'>τοιοῦτόν</span> <span class='ocrx_word' id='word_1_400' title='bbox 1230 3342 1282 3377; x_wconf 91' lang='grc' dir='ltr'><strong>τι</strong></span> <span class='ocrx_word' id='word_1_401' title='bbox 1308 3324 1597 3396; x_wconf 82' lang='grc' dir='ltr'>δηλοῦσθαι</span> <span class='ocrx_word' id='word_1_402' title='bbox 1616 3344 1629 3357; x_wconf 71' lang='grc'><strong>⁸</strong></span> <span class='ocrx_word' id='word_1_403' title='bbox 1654 3323 1785 3392; x_wconf 78' lang='grc' dir='ltr'>οἷον,</span> <span class='ocrx_word' id='word_1_404' title='bbox 1813 3329 1907 3383; x_wconf 82' lang='grc' dir='ltr'>τοῦ</span> 
     </span>
    </p>
   </div>
   <div class='ocr_carea' id='block_1_53' title="bbox 311 3407 1907 3487">
    <p class='ocr_par' dir='ltr' id='par_1_53' title="bbox 311 3407 1907 3487">
     <span class='ocr_line' id='line_1_53' title="bbox 311 3407 1907 3487; baseline 0.009 -30"><span class='ocrx_word' id='word_1_405' title='bbox 311 3407 483 3477; x_wconf 75' lang='grc' dir='ltr'>πυρὸς</span> <span class='ocrx_word' id='word_1_406' title='bbox 518 3411 972 3483; x_wconf 83' lang='grc' dir='ltr'>προσφερομένου</span> <span class='ocrx_word' id='word_1_407' title='bbox 1004 3414 1130 3474; x_wconf 77' lang='grc' dir='ltr'>τινὶ,</span> <span class='ocrx_word' id='word_1_408' title='bbox 1161 3414 1255 3467; x_wconf 82' lang='grc' dir='ltr'>καὶ</span> <span class='ocrx_word' id='word_1_409' title='bbox 1285 3415 1359 3485; x_wconf 86' lang='grc' dir='ltr'>μὴ</span> <span class='ocrx_word' id='word_1_410' title='bbox 1394 3415 1783 3487; x_wconf 84' lang='grc' dir='ltr'>αἰσθανομένου</span> <span class='ocrx_word' id='word_1_411' title='bbox 1812 3417 1907 3472; x_wconf 81' lang='grc' dir='ltr'>τοῦ</span> 
     </span>
    </p>
   </div>
   <div class='ocr_carea' id='block_1_54' title="bbox 308 3500 1906 3579">
    <p class='ocr_par' dir='ltr' id='par_1_54' title="bbox 308 3500 1906 3579">
     <span class='ocr_line' id='line_1_54' title="bbox 308 3500 1906 3579; baseline 0.009 -31"><span class='ocrx_word' id='word_1_412' title='bbox 308 3500 614 3570; x_wconf 79' lang='grc' dir='ltr'>καιομένου</span> <span class='ocrx_word' id='word_1_413' title='bbox 630 3540 647 3565; x_wconf 91' lang='grc'><strong>,</strong></span> <span class='ocrx_word' id='word_1_414' title='bbox 679 3500 975 3574; x_wconf 87' lang='grc' dir='ltr'>θελήσωσιν</span> <span class='ocrx_word' id='word_1_415' title='bbox 1002 3506 1198 3558; x_wconf 78' lang='grc' dir='ltr'>ἐκεῖνοι</span> <span class='ocrx_word' id='word_1_416' title='bbox 1216 3506 1610 3572; x_wconf 77' lang='grc' dir='ltr'>καταλαϐόντες</span> <span class='ocrx_word' id='word_1_417' title='bbox 1623 3508 1906 3579; x_wconf 87' lang='grc' dir='ltr'>σύγκρισιν</span> 
     </span>
    </p>
   </div>
   <div class='ocr_carea' id='block_1_55' title="bbox 311 3591 1905 3672">
    <p class='ocr_par' dir='ltr' id='par_1_55' title="bbox 311 3591 1905 3672">
     <span class='ocr_line' id='line_1_55' title="bbox 311 3591 1905 3672; baseline 0.008 -30"><span class='ocrx_word' id='word_1_418' title='bbox 311 3591 383 3659; x_wconf 81' lang='grc' dir='ltr'>μὴ</span> <span class='ocrx_word' id='word_1_419' title='bbox 406 3592 827 3663; x_wconf 76' lang='grc' dir='ltr'>αἰσθανομένων</span> <span class='ocrx_word' id='word_1_420' title='bbox 864 3594 956 3648; x_wconf 71' lang='grc' dir='ltr'><strong>ἐπὶ</strong></span> <span class='ocrx_word' id='word_1_421' title='bbox 993 3599 1116 3660; x_wconf 83' lang='grc' dir='ltr'>ταῖς</span> <span class='ocrx_word' id='word_1_422' title='bbox 1157 3597 1414 3669; x_wconf 84' lang='grc' dir='ltr'>ἀλγηδόσι</span> <span class='ocrx_word' id='word_1_423' title='bbox 1446 3600 1540 3652; x_wconf 81' lang='grc' dir='ltr'><strong>καὶ</strong></span> <span class='ocrx_word' id='word_1_424' title='bbox 1575 3598 1905 3672; x_wconf 69' lang='grc' dir='ltr'>αἰσθανομέη</span> 
     </span>
    </p>
   </div>
   <div class='ocr_carea' id='block_1_56' title="bbox 306 3681 1907 3761">
    <p class='ocr_par' dir='ltr' id='par_1_56' title="bbox 306 3681 1907 3761">
     <span class='ocr_line' id='line_1_56' title="bbox 306 3681 1907 3761; baseline 0.009 -31"><span class='ocrx_word' id='word_1_425' title='bbox 306 3694 432 3745; x_wconf 89' lang='grc' dir='ltr'>νων,</span> <span class='ocrx_word' id='word_1_426' title='bbox 473 3681 684 3753; x_wconf 79' lang='grc' dir='ltr'>μᾶλλον</span> <span class='ocrx_word' id='word_1_427' title='bbox 715 3683 1065 3740; x_wconf 73' lang='grc' dir='ltr'>αἰσθάνεσθαι</span> <span class='ocrx_word' id='word_1_428' title='bbox 1105 3687 1198 3741; x_wconf 73' lang='grc' dir='ltr'><strong>ἐπὶ</strong></span> <span class='ocrx_word' id='word_1_429' title='bbox 1241 3688 1321 3759; x_wconf 80' lang='grc' dir='ltr'>τῷ</span> <span class='ocrx_word' id='word_1_430' title='bbox 1349 3686 1566 3760; x_wconf 80' lang='grc' dir='ltr'>πυρὶ,⁴ἢ</span> <span class='ocrx_word' id='word_1_431' title='bbox 1604 3690 1679 3761; x_wconf 83' lang='grc' dir='ltr'>μὴ</span> <span class='ocrx_word' id='word_1_432' title='bbox 1713 3691 1907 3745; x_wconf 75' lang='grc' dir='ltr'>αἰσθά-</span> 
     </span>
    </p>
   </div>
   <div class='ocr_carea' id='block_1_57' title="bbox 306 3771 1905 3853">
    <p class='ocr_par' dir='ltr' id='par_1_57' title="bbox 306 3771 1905 3853">
     <span class='ocr_line' id='line_1_57' title="bbox 306 3771 1905 3853; baseline 0.009 -31"><span class='ocrx_word' id='word_1_433' title='bbox 306 3771 516 3827; x_wconf 84' lang='grc' dir='ltr'>νεσθαι·</span> <span class='ocrx_word' id='word_1_434' title='bbox 539 3774 634 3829; x_wconf 77' lang='grc' dir='ltr'>καὶ</span> <span class='ocrx_word' id='word_1_435' title='bbox 650 3773 863 3842; x_wconf 76' lang='grc' dir='ltr'>εὔξαιτο</span> <span class='ocrx_word' id='word_1_436' title='bbox 879 3776 945 3830; x_wconf 78' lang='grc' dir='ltr'>ἄν</span> <span class='ocrx_word' id='word_1_437' title='bbox 958 3794 1041 3840; x_wconf 87' lang='grc' dir='ltr'><strong>τις</strong></span> <span class='ocrx_word' id='word_1_438' title='bbox 1063 3777 1162 3849; x_wconf 82' lang='grc'><strong>(5),</strong></span> <span class='ocrx_word' id='word_1_439' title='bbox 1180 3778 1592 3851; x_wconf 74' lang='grc' dir='ltr'>προααγομένου</span> <span class='ocrx_word' id='word_1_440' title='bbox 1606 3780 1699 3833; x_wconf 83' lang='grc' dir='ltr'>τοῦ</span> <span class='ocrx_word' id='word_1_441' title='bbox 1717 3798 1905 3853; x_wconf 85' lang='grc' dir='ltr'>κεκρι-</span> 
     </span>
    </p>
   </div>
   <div class='ocr_carea' id='block_1_58' title="bbox 310 3862 1902 3944">
    <p class='ocr_par' dir='ltr' id='par_1_58' title="bbox 310 3862 1902 3944">
     <span class='ocr_line' id='line_1_58' title="bbox 310 3862 1902 3944; baseline 0.006 -26"><span class='ocrx_word' id='word_1_442' title='bbox 310 3862 473 3932; x_wconf 76' lang='grc' dir='ltr'>μένου</span> <span class='ocrx_word' id='word_1_443' title='bbox 511 3867 692 3939; x_wconf 85' lang='grc' dir='ltr'>πυρὸς</span> <span class='ocrx_word' id='word_1_444' title='bbox 718 3868 811 3921; x_wconf 73' lang='grc' dir='ltr'><strong>ἐπὶ</strong></span> <span class='ocrx_word' id='word_1_445' title='bbox 833 3869 959 3932; x_wconf 78' lang='grc' dir='ltr'>τοὺς</span> <span class='ocrx_word' id='word_1_446' title='bbox 982 3869 1360 3940; x_wconf 81' lang='grc' dir='ltr'>ἁμαρτωλοὺς,</span> <span class='ocrx_word' id='word_1_447' title='bbox 1387 3871 1736 3926; x_wconf 79' lang='grc' dir='ltr'>αἰσθάνεσθαι</span> <span class='ocrx_word' id='word_1_448' title='bbox 1767 3875 1902 3944; x_wconf 85' lang='grc' dir='ltr'>μᾶλ-</span> 
     </span>
    </p>
   </div>
   <div class='ocr_carea' id='block_1_59' title="bbox 306 3952 1903 4035">
    <p class='ocr_par' dir='ltr' id='par_1_59' title="bbox 306 3952 1903 4035">
     <span class='ocr_line' id='line_1_59' title="bbox 306 3952 1903 4035; baseline 0.008 -27"><span class='ocrx_word' id='word_1_449' title='bbox 306 3952 393 4009; x_wconf 91' lang='grc' dir='ltr'><strong>λον</strong></span> <span class='ocrx_word' id='word_1_450' title='bbox 418 3960 452 4030; x_wconf 80' lang='grc' dir='ltr'>ἢ</span> <span class='ocrx_word' id='word_1_451' title='bbox 489 3959 573 4032; x_wconf 82' lang='grc' dir='ltr'>μὴ</span> <span class='ocrx_word' id='word_1_452' title='bbox 596 3960 969 4016; x_wconf 75' lang='grc' dir='ltr'>αἰσθάνεσθαι.</span> <span class='ocrx_word' id='word_1_453' title='bbox 996 3962 1179 4018; x_wconf 81' lang='grc' dir='ltr'>Ταῦτα</span> <span class='ocrx_word' id='word_1_454' title='bbox 1208 3963 1297 4017; x_wconf 83' lang='grc' dir='ltr'>διὰ</span> <span class='ocrx_word' id='word_1_455' title='bbox 1329 3964 1390 4017; x_wconf 88' lang='grc' dir='ltr'><strong>τό</strong></span> <span class='ocrx_word' id='word_1_456' title='bbox 1409 3982 1421 3995; x_wconf 79' lang='grc' dir='ltr'><strong>ο</strong></span> <span class='ocrx_word' id='word_1_457' title='bbox 1460 3965 1903 4035; x_wconf 76' lang='grc' dir='ltr'>Ἐμαστιγωσας</span> 
     </span>
    </p>
   </div>
   <div class='ocr_carea' id='block_1_60' title="bbox 306 4049 1898 4121">
    <p class='ocr_par' dir='ltr' id='par_1_60' title="bbox 306 4049 1898 4121">
     <span class='ocr_line' id='line_1_60' title="bbox 306 4049 1898 4121; baseline 0.006 -20"><span class='ocrx_word' id='word_1_458' title='bbox 306 4049 556 4118; x_wconf 78' lang='grc' dir='ltr'>αὐτοὺς,</span> <span class='ocrx_word' id='word_1_459' title='bbox 594 4052 695 4105; x_wconf 79' lang='grc' dir='ltr'><strong>καὶ</strong></span> <span class='ocrx_word' id='word_1_460' title='bbox 718 4055 830 4107; x_wconf 82' lang='grc' dir='ltr'><strong>οὐκ</strong></span> <span class='ocrx_word' id='word_1_461' title='bbox 861 4053 1202 4121; x_wconf 77' lang='grc' dir='ltr'>ἐπόνησαν·</span> <span class='ocrx_word' id='word_1_462' title='bbox 1225 4053 1635 4121; x_wconf 72' lang='grc' dir='ltr'>συνετέλεσας</span> <span class='ocrx_word' id='word_1_463' title='bbox 1658 4055 1898 4121; x_wconf 80' lang='grc' dir='ltr'>αὐτοὺς,</span> 
     </span>
    </p>
   </div>
   <div class='ocr_carea' id='block_1_61' title="bbox 309 4142 1903 4214">
    <p class='ocr_par' dir='ltr' id='par_1_61' title="bbox 309 4142 1903 4214">
     <span class='ocr_line' id='line_1_61' title="bbox 309 4142 1903 4214; baseline 0.003 -18"><span class='ocrx_word' id='word_1_464' title='bbox 309 4142 403 4196; x_wconf 76' lang='grc' dir='ltr'><strong>καὶ</strong></span> <span class='ocrx_word' id='word_1_465' title='bbox 434 4147 555 4200; x_wconf 78' lang='grc' dir='ltr'><strong>οὐκ</strong></span> <span class='ocrx_word' id='word_1_466' title='bbox 580 4144 891 4214; x_wconf 75' lang='grc' dir='ltr'>ἠθέλησαν</span> <span class='ocrx_word' id='word_1_467' title='bbox 916 4144 1206 4207; x_wconf 79' lang='grc' dir='ltr'>δέξασθαι</span> <span class='ocrx_word' id='word_1_468' title='bbox 1229 4146 1523 4199; x_wconf 81' lang='grc' dir='ltr'>παιδείαν.</span> <span class='ocrx_word' id='word_1_469' title='bbox 1557 4147 1685 4200; x_wconf 89' lang='grc' dir='ltr'>Ὅτε</span> <span class='ocrx_word' id='word_1_470' title='bbox 1712 4146 1779 4199; x_wconf 84' lang='grc' dir='ltr'>τὰ</span> <span class='ocrx_word' id='word_1_471' title='bbox 1811 4164 1903 4201; x_wconf 82' lang='grc' dir='ltr'><strong>κα·</strong></span> 
     </span>
    </p>
   </div>
   <div class='ocr_carea' id='block_1_62' title="bbox 312 4226 1900 4307">
    <p class='ocr_par' dir='ltr' id='par_1_62' title="bbox 312 4226 1900 4307">
     <span class='ocr_line' id='line_1_62' title="bbox 312 4226 1900 4307; baseline 0.005 -26"><span class='ocrx_word' id='word_1_472' title='bbox 312 4226 548 4304; x_wconf 84' lang='grc' dir='ltr'>θαρτικὰ</span> <span class='ocrx_word' id='word_1_473' title='bbox 579 4237 725 4288; x_wconf 86' lang='grc' dir='ltr'>ποιεῖ</span> <span class='ocrx_word' id='word_1_474' title='bbox 761 4237 790 4288; x_wconf 90' lang='grc' dir='ltr'>ὁ</span> <span class='ocrx_word' id='word_1_475' title='bbox 829 4234 1077 4302; x_wconf 87' lang='grc' dir='ltr'>προνοῶν</span> <span class='ocrx_word' id='word_1_476' title='bbox 1102 4233 1211 4288; x_wconf 90' lang='grc' dir='ltr'><strong>τῶν</strong></span> <span class='ocrx_word' id='word_1_477' title='bbox 1250 4233 1388 4288; x_wconf 82' lang='grc' dir='ltr'>ὅλων</span> <span class='ocrx_word' id='word_1_478' title='bbox 1435 4234 1569 4297; x_wconf 83' lang='grc' dir='ltr'>Θεὸς</span> <span class='ocrx_word' id='word_1_479' title='bbox 1601 4236 1695 4289; x_wconf 74' lang='grc' dir='ltr'><strong>ἐπὶ</strong></span> <span class='ocrx_word' id='word_1_480' title='bbox 1721 4235 1900 4307; x_wconf 78' lang='grc' dir='ltr'><strong>ψυχῆς</strong></span> 
     </span>
    </p>
   </div>
   <div class='ocr_carea' id='block_1_63' title="bbox 315 4326 1898 4399">
    <p class='ocr_par' dir='ltr' id='par_1_63' title="bbox 315 4326 1898 4399">
     <span class='ocr_line' id='line_1_63' title="bbox 315 4326 1898 4399; baseline 0.001 -20"><span class='ocrx_word' id='word_1_481' title='bbox 315 4326 711 4399; x_wconf 80' lang='grc' dir='ltr'>σωτηρίᾳ,τότε</span> <span class='ocrx_word' id='word_1_482' title='bbox 727 4327 895 4399; x_wconf 84' lang='grc' dir='ltr'>αὐτὴν</span> <span class='ocrx_word' id='word_1_483' title='bbox 912 4326 1245 4381; x_wconf 87' lang='grc' dir='ltr'>συνετέλεσε.</span> <span class='ocrx_word' id='word_1_484' title='bbox 1278 4326 1352 4397; x_wconf 88' lang='grc'><strong>(6)</strong></span> <span class='ocrx_word' id='word_1_485' title='bbox 1369 4327 1600 4398; x_wconf 84' lang='grc' dir='ltr'>Νοὴσεις</span> <span class='ocrx_word' id='word_1_486' title='bbox 1631 4328 1716 4381; x_wconf 80' lang='grc' dir='ltr'>δέ·</span> <span class='ocrx_word' id='word_1_487' title='bbox 1743 4331 1898 4392; x_wconf 80' lang='grc' dir='ltr'>Συν-</span> 
     </span>
    </p>
   </div>
   <div class='ocr_carea' id='block_1_64' title="bbox 2030 1855 3605 1941">
    <p class='ocr_par' dir='ltr' id='par_1_64' title="bbox 2030 1855 3605 1941">
     <span class='ocr_line' id='line_1_64' title="bbox 2030 1855 3605 1941; baseline 0.011 -30"><span class='ocrx_word' id='word_1_488' title='bbox 2030 1855 2340 1914; x_wconf 88' lang='lat' dir='ltr'><strong>emortuum</strong></span> <span class='ocrx_word' id='word_1_489' title='bbox 2374 1870 2480 1917; x_wconf 87' lang='lat' dir='ltr'><strong>est.</strong></span> <span class='ocrx_word' id='word_1_490' title='bbox 2524 1862 2649 1918; x_wconf 74' lang='lat' dir='ltr'><strong>Haec</strong></span> <span class='ocrx_word' id='word_1_491' title='bbox 2680 1866 2725 1918; x_wconf 90' lang='lat' dir='ltr'><strong>si</strong></span> <span class='ocrx_word' id='word_1_492' title='bbox 2768 1867 2824 1919; x_wconf 92' lang='lat' dir='ltr'><strong>in</strong></span> <span class='ocrx_word' id='word_1_493' title='bbox 2871 1882 3101 1937; x_wconf 81' lang='lat' dir='ltr'><strong>corpore</strong></span> <span class='ocrx_word' id='word_1_494' title='bbox 3147 1874 3504 1941; x_wconf 80' lang='lat' dir='ltr'><strong>conspexisti,</strong></span> <span class='ocrx_word' id='word_1_495' title='bbox 3536 1876 3605 1929; x_wconf 88' lang='lat' dir='ltr'><strong>ad</strong></span> 
     </span>
    </p>
   </div>
   <div class='ocr_carea' id='block_1_65' title="bbox 2030 1953 3609 2037">
    <p class='ocr_par' dir='ltr' id='par_1_65' title="bbox 2030 1953 3609 2037">
     <span class='ocr_line' id='line_1_65' title="bbox 2030 1953 3609 2037; baseline 0.011 -32"><span class='ocrx_word' id='word_1_496' title='bbox 2030 1953 2268 2007; x_wconf 85' lang='lat' dir='ltr'><strong>animam</strong></span> <span class='ocrx_word' id='word_1_497' title='bbox 2314 1956 2572 2019; x_wconf 82' lang='lat' dir='ltr'><strong>transfer,</strong></span> <span class='ocrx_word' id='word_1_498' title='bbox 2619 1966 2673 2013; x_wconf 91' lang='lat' dir='ltr'><strong>et</strong></span> <span class='ocrx_word' id='word_1_499' title='bbox 2721 1961 3011 2015; x_wconf 91' lang='lat' dir='ltr'><strong>considera</strong></span> <span class='ocrx_word' id='word_1_500' title='bbox 3057 1964 3352 2032; x_wconf 89' lang='lat' dir='ltr'><strong>quamdam</strong></span> <span class='ocrx_word' id='word_1_501' title='bbox 3387 1982 3609 2037; x_wconf 82' lang='lat' dir='ltr'><strong>quoque</strong></span> 
     </span>
    </p>
   </div>
   <div class='ocr_carea' id='block_1_66' title="bbox 2028 2044 3608 2120">
    <p class='ocr_par' dir='ltr' id='par_1_66' title="bbox 2028 2044 3608 2120">
     <span class='ocr_line' id='line_1_66' title="bbox 2028 2044 3608 2120; baseline 0.01 -25"><span class='ocrx_word' id='word_1_502' title='bbox 2028 2044 2269 2097; x_wconf 88' lang='lat' dir='ltr'><strong>animam</strong></span> <span class='ocrx_word' id='word_1_503' title='bbox 2307 2060 2429 2100; x_wconf 89' lang='lat' dir='ltr'><strong>esse</strong></span> <span class='ocrx_word' id='word_1_504' title='bbox 2469 2048 2631 2115; x_wconf 89' lang='lat' dir='ltr'><strong>cujus</strong></span> <span class='ocrx_word' id='word_1_505' title='bbox 2670 2049 2910 2104; x_wconf 86' lang='lat' dir='ltr'><strong>membra</strong></span> <span class='ocrx_word' id='word_1_506' title='bbox 2947 2052 3024 2104; x_wconf 85' lang='lat' dir='ltr'><strong>ita</strong></span> <span class='ocrx_word' id='word_1_507' title='bbox 3056 2064 3304 2108; x_wconf 88' lang='lat' dir='ltr'><strong>emortua</strong></span> <span class='ocrx_word' id='word_1_508' title='bbox 3338 2064 3500 2120; x_wconf 89' lang='lat' dir='ltr'><strong>sunt,</strong></span> <span class='ocrx_word' id='word_1_509' title='bbox 3548 2067 3608 2112; x_wconf 88' lang='lat' dir='ltr'><strong>ut</strong></span> 
     </span>
    </p>
   </div>
   <div class='ocr_carea' id='block_1_67' title="bbox 2028 2134 3605 2218">
    <p class='ocr_par' dir='ltr' id='par_1_67' title="bbox 2028 2134 3605 2218">
     <span class='ocr_line' id='line_1_67' title="bbox 2028 2134 3605 2218; baseline 0.011 -31"><span class='ocrx_word' id='word_1_510' title='bbox 2028 2134 2236 2204; x_wconf 83' lang='lat' dir='ltr'><strong>flagella</strong></span> <span class='ocrx_word' id='word_1_511' title='bbox 2268 2152 2377 2193; x_wconf 92' lang='lat' dir='ltr'><strong>non</strong></span> <span class='ocrx_word' id='word_1_512' title='bbox 2423 2140 2655 2207; x_wconf 90' lang='lat' dir='ltr'><strong>sentiat,</strong></span> <span class='ocrx_word' id='word_1_513' title='bbox 2692 2144 3045 2210; x_wconf 83' lang='lat' dir='ltr'><strong>quantumvis</strong></span> <span class='ocrx_word' id='word_1_514' title='bbox 3087 2145 3315 2201; x_wconf 80' lang='lat' dir='ltr'><strong>molesta</strong></span> <span class='ocrx_word' id='word_1_515' title='bbox 3355 2149 3605 2218; x_wconf 68' lang='lat' dir='ltr'><strong>quaedam</strong></span> 
     </span>
    </p>
   </div>
   <div class='ocr_carea' id='block_1_68' title="bbox 2028 2227 3604 2304">
    <p class='ocr_par' dir='ltr' id='par_1_68' title="bbox 2028 2227 3604 2304">
     <span class='ocr_line' id='line_1_68' title="bbox 2028 2227 3604 2304; baseline 0.01 -23"><span class='ocrx_word' id='word_1_516' title='bbox 2028 2227 2353 2287; x_wconf 83' lang='lat' dir='ltr'><strong>inferantur.</strong></span> <span class='ocrx_word' id='word_1_517' title='bbox 2403 2233 2775 2290; x_wconf 86' lang='lat' dir='ltr'><strong>Dissecabitur</strong></span> <span class='ocrx_word' id='word_1_518' title='bbox 2826 2234 3010 2289; x_wconf 88' lang='lat' dir='ltr'><strong>anima</strong></span> <span class='ocrx_word' id='word_1_519' title='bbox 3041 2235 3157 2304; x_wconf 86' lang='lat' dir='ltr'><strong>illa,</strong></span> <span class='ocrx_word' id='word_1_520' title='bbox 3187 2238 3283 2292; x_wconf 89' lang='lat' dir='ltr'><strong>sed</strong></span> <span class='ocrx_word' id='word_1_521' title='bbox 3318 2254 3426 2293; x_wconf 90' lang='lat' dir='ltr'><strong>non</strong></span> <span class='ocrx_word' id='word_1_522' title='bbox 3478 2256 3604 2296; x_wconf 85' lang='lat' dir='ltr'><strong>sen-</strong></span> 
     </span>
    </p>
   </div>
   <div class='ocr_carea' id='block_1_69' title="bbox 2027 2323 3600 2402">
    <p class='ocr_par' dir='ltr' id='par_1_69' title="bbox 2027 2323 3600 2402">
     <span class='ocr_line' id='line_1_69' title="bbox 2027 2323 3600 2402; baseline 0.008 -26"><span class='ocrx_word' id='word_1_523' title='bbox 2027 2323 2158 2391; x_wconf 89' lang='lat' dir='ltr'><strong>tiet;</strong></span> <span class='ocrx_word' id='word_1_524' title='bbox 2196 2325 2300 2380; x_wconf 90' lang='lat' dir='ltr'><strong>alia</strong></span> <span class='ocrx_word' id='word_1_525' title='bbox 2330 2340 2462 2380; x_wconf 83' lang='lat' dir='ltr'><strong>vero</strong></span> <span class='ocrx_word' id='word_1_526' title='bbox 2493 2326 2721 2393; x_wconf 91' lang='lat' dir='ltr'><strong>sentiet;</strong></span> <span class='ocrx_word' id='word_1_527' title='bbox 2755 2334 2809 2381; x_wconf 90' lang='lat' dir='ltr'><strong>et</strong></span> <span class='ocrx_word' id='word_1_528' title='bbox 2830 2324 3081 2382; x_wconf 84' lang='lat' dir='ltr'><strong>fortassis</strong></span> <span class='ocrx_word' id='word_1_529' title='bbox 3123 2329 3217 2399; x_wconf 90' lang='lat' dir='ltr'><strong>qui</strong></span> <span class='ocrx_word' id='word_1_530' title='bbox 3256 2345 3320 2385; x_wconf 87' lang='lat' dir='ltr'><strong>ea</strong></span> <span class='ocrx_word' id='word_1_531' title='bbox 3348 2347 3471 2402; x_wconf 70' lang='lat' dir='ltr'><strong>quae</strong></span> <span class='ocrx_word' id='word_1_532' title='bbox 3497 2333 3600 2389; x_wconf 87' lang='lat' dir='ltr'><strong>do-</strong></span> 
     </span>
    </p>
   </div>
   <div class='ocr_carea' id='block_1_70' title="bbox 2024 2413 3604 2494">
    <p class='ocr_par' dir='ltr' id='par_1_70' title="bbox 2024 2413 3604 2494">
     <span class='ocr_line' id='line_1_70' title="bbox 2024 2413 3604 2494; baseline 0.011 -27"><span class='ocrx_word' id='word_1_533' title='bbox 2024 2413 2193 2470; x_wconf 90' lang='lat' dir='ltr'><strong>lorem</strong></span> <span class='ocrx_word' id='word_1_534' title='bbox 2222 2416 2468 2487; x_wconf 85' lang='lat' dir='ltr'><strong>pariunt,</strong></span> <span class='ocrx_word' id='word_1_535' title='bbox 2502 2432 2611 2473; x_wconf 91' lang='lat' dir='ltr'><strong>non</strong></span> <span class='ocrx_word' id='word_1_536' title='bbox 2644 2419 2830 2485; x_wconf 85' lang='lat' dir='ltr'><strong>sentit,</strong></span> <span class='ocrx_word' id='word_1_537' title='bbox 2873 2420 3279 2488; x_wconf 87' lang='lat' dir='ltr'><strong>quodammodo</strong></span> <span class='ocrx_word' id='word_1_538' title='bbox 3308 2426 3430 2494; x_wconf 90' lang='lat' dir='ltr'><strong>plus</strong></span> <span class='ocrx_word' id='word_1_539' title='bbox 3454 2428 3604 2485; x_wconf 83' lang='lat' dir='ltr'><strong>dolet</strong></span> 
     </span>
    </p>
   </div>
   <div class='ocr_carea' id='block_1_71' title="bbox 2023 2510 3602 2590">
    <p class='ocr_par' dir='ltr' id='par_1_71' title="bbox 2023 2510 3602 2590">
     <span class='ocr_line' id='line_1_71' title="bbox 2023 2510 3602 2590; baseline 0.01 -30"><span class='ocrx_word' id='word_1_540' title='bbox 2023 2521 2148 2561; x_wconf 88' lang='lat' dir='ltr'><strong>cum</strong></span> <span class='ocrx_word' id='word_1_541' title='bbox 2181 2522 2245 2562; x_wconf 87' lang='lat' dir='ltr'><strong>ea</strong></span> <span class='ocrx_word' id='word_1_542' title='bbox 2270 2522 2380 2561; x_wconf 90' lang='lat' dir='ltr'><strong>non</strong></span> <span class='ocrx_word' id='word_1_543' title='bbox 2418 2510 2604 2573; x_wconf 89' lang='lat' dir='ltr'><strong>sentit,</strong></span> <span class='ocrx_word' id='word_1_544' title='bbox 2633 2526 2802 2580; x_wconf 90' lang='lat' dir='ltr'><strong>quam</strong></span> <span class='ocrx_word' id='word_1_545' title='bbox 2843 2526 2969 2566; x_wconf 91' lang='lat' dir='ltr'><strong>cum</strong></span> <span class='ocrx_word' id='word_1_546' title='bbox 3000 2513 3185 2580; x_wconf 88' lang='lat' dir='ltr'><strong>sentit,</strong></span> <span class='ocrx_word' id='word_1_547' title='bbox 3214 2526 3472 2588; x_wconf 82' lang='lat' dir='ltr'><strong>aptatque</strong></span> <span class='ocrx_word' id='word_1_548' title='bbox 3503 2537 3602 2590; x_wconf 87' lang='lat' dir='ltr'><strong>po-</strong></span> 
     </span>
    </p>
   </div>
   <div class='ocr_carea' id='block_1_72' title="bbox 2023 2596 3602 2678">
    <p class='ocr_par' dir='ltr' id='par_1_72' title="bbox 2023 2596 3602 2678">
     <span class='ocr_line' id='line_1_72' title="bbox 2023 2596 3602 2678; baseline 0.011 -27"><span class='ocrx_word' id='word_1_549' title='bbox 2023 2596 2130 2652; x_wconf 92' lang='lat' dir='ltr'><strong>tius</strong></span> <span class='ocrx_word' id='word_1_550' title='bbox 2177 2599 2363 2655; x_wconf 90' lang='lat' dir='ltr'><strong>dolere</strong></span> <span class='ocrx_word' id='word_1_551' title='bbox 2412 2614 2539 2656; x_wconf 89' lang='lat' dir='ltr'><strong>cum</strong></span> <span class='ocrx_word' id='word_1_552' title='bbox 2586 2604 2814 2658; x_wconf 83' lang='lat' dir='ltr'><strong>molesta</strong></span> <span class='ocrx_word' id='word_1_553' title='bbox 2861 2603 3174 2661; x_wconf 84' lang='lat' dir='ltr'><strong>inferuntur</strong></span> <span class='ocrx_word' id='word_1_554' title='bbox 3217 2610 3438 2678; x_wconf 88' lang='lat' dir='ltr'><strong>(etenim</strong></span> <span class='ocrx_word' id='word_1_555' title='bbox 3495 2613 3602 2670; x_wconf 86' lang='lat' dir='ltr'><strong>hoc</strong></span> 
     </span>
    </p>
   </div>
   <div class='ocr_carea' id='block_1_73' title="bbox 2019 2689 3600 2766">
    <p class='ocr_par' dir='ltr' id='par_1_73' title="bbox 2019 2689 3600 2766">
     <span class='ocr_line' id='line_1_73' title="bbox 2019 2689 3600 2766; baseline 0.013 -23"><span class='ocrx_word' id='word_1_556' title='bbox 2019 2689 2235 2760; x_wconf 86' lang='lat' dir='ltr'><strong>signum</strong></span> <span class='ocrx_word' id='word_1_557' title='bbox 2266 2702 2350 2746; x_wconf 89' lang='lat' dir='ltr'><strong>est</strong></span> <span class='ocrx_word' id='word_1_558' title='bbox 2378 2692 2558 2763; x_wconf 90' lang='lat' dir='ltr'><strong>ipsum</strong></span> <span class='ocrx_word' id='word_1_559' title='bbox 2590 2696 2817 2765; x_wconf 81' lang='lat' dir='ltr'><strong>vivere),</strong></span> <span class='ocrx_word' id='word_1_560' title='bbox 2848 2708 2900 2750; x_wconf 90' lang='lat' dir='ltr'><strong>et</strong></span> <span class='ocrx_word' id='word_1_561' title='bbox 2930 2712 3074 2766; x_wconf 67' lang='lat' dir='ltr'><strong>aegre</strong></span> <span class='ocrx_word' id='word_1_562' title='bbox 3115 2698 3219 2756; x_wconf 80' lang='lat' dir='ltr'><strong>fert</strong></span> <span class='ocrx_word' id='word_1_563' title='bbox 3245 2718 3304 2757; x_wconf 89' lang='lat' dir='ltr'><strong>se</strong></span> <span class='ocrx_word' id='word_1_564' title='bbox 3333 2719 3442 2759; x_wconf 91' lang='lat' dir='ltr'><strong>non</strong></span> <span class='ocrx_word' id='word_1_565' title='bbox 3471 2722 3600 2762; x_wconf 88' lang='lat' dir='ltr'><strong>sen-</strong></span> 
     </span>
    </p>
   </div>
   <div class='ocr_carea' id='block_1_74' title="bbox 2017 2780 3597 2868">
    <p class='ocr_par' dir='ltr' id='par_1_74' title="bbox 2017 2780 3597 2868">
     <span class='ocr_line' id='line_1_74' title="bbox 2017 2780 3597 2868; baseline 0.014 -34"><span class='ocrx_word' id='word_1_566' title='bbox 2017 2780 2118 2835; x_wconf 86' lang='lat' dir='ltr'><strong>tire</strong></span> <span class='ocrx_word' id='word_1_567' title='bbox 2147 2797 2267 2851; x_wconf 68' lang='lat' dir='ltr'><strong>quae</strong></span> <span class='ocrx_word' id='word_1_568' title='bbox 2292 2784 2535 2840; x_wconf 90' lang='lat' dir='ltr'><strong>dolorem</strong></span> <span class='ocrx_word' id='word_1_569' title='bbox 2561 2803 2749 2856; x_wconf 86' lang='lat' dir='ltr'><strong>parere</strong></span> <span class='ocrx_word' id='word_1_570' title='bbox 2770 2803 3194 2850; x_wconf 87' lang='lat' dir='ltr'><strong>consueverunt.</strong></span> <span class='ocrx_word' id='word_1_571' title='bbox 3223 2793 3396 2851; x_wconf 86' lang='lat' dir='ltr'><strong>Sicuti</strong></span> <span class='ocrx_word' id='word_1_572' title='bbox 3430 2813 3597 2868; x_wconf 88' lang='lat' dir='ltr'><strong>porro</strong></span> 
     </span>
    </p>
   </div>
   <div class='ocr_carea' id='block_1_75' title="bbox 2017 2870 3596 2945">
    <p class='ocr_par' dir='ltr' id='par_1_75' title="bbox 2017 2870 3596 2945">
     <span class='ocr_line' id='line_1_75' title="bbox 2017 2870 3596 2945; baseline 0.011 -20"><span class='ocrx_word' id='word_1_573' title='bbox 2017 2870 2204 2927; x_wconf 85' lang='lat' dir='ltr'><strong>hocin</strong></span> <span class='ocrx_word' id='word_1_574' title='bbox 2231 2876 2553 2944; x_wconf 89' lang='lat' dir='ltr'><strong>corporibus</strong></span> <span class='ocrx_word' id='word_1_575' title='bbox 2585 2878 2678 2943; x_wconf 85' lang='lat' dir='ltr'><strong>fit,</strong></span> <span class='ocrx_word' id='word_1_576' title='bbox 2725 2878 2805 2933; x_wconf 91' lang='lat' dir='ltr'><strong>sic</strong></span> <span class='ocrx_word' id='word_1_577' title='bbox 2850 2895 2974 2934; x_wconf 89' lang='lat' dir='ltr'><strong>cum</strong></span> <span class='ocrx_word' id='word_1_578' title='bbox 3029 2884 3272 2939; x_wconf 86' lang='lat' dir='ltr'><strong>dicitur:</strong></span> <span class='ocrx_word' id='word_1_579' title='bbox 3319 2884 3518 2943; x_wconf 81' lang='lat' dir='ltr'><strong>Vellent</strong></span> <span class='ocrx_word' id='word_1_580' title='bbox 3545 2890 3596 2945; x_wconf 72' lang='lat' dir='ltr'><strong>si</strong></span> 
     </span>
    </p>
   </div>
   <div class='ocr_carea' id='block_1_76' title="bbox 2018 2961 3593 3044">
    <p class='ocr_par' dir='ltr' id='par_1_76' title="bbox 2018 2961 3593 3044">
     <span class='ocr_line' id='line_1_76' title="bbox 2018 2961 3593 3044; baseline 0.015 -30"><span class='ocrx_word' id='word_1_581' title='bbox 2018 2961 2189 3029; x_wconf 80' lang='lat' dir='ltr'><strong>forent</strong></span> <span class='ocrx_word' id='word_1_582' title='bbox 2222 2964 2473 3035; x_wconf 75' lang='lat' dir='ltr'><strong>ambusti,</strong></span> <span class='ocrx_word' id='word_1_583' title='bbox 2504 2969 2611 3023; x_wconf 89' lang='lat' dir='ltr'><strong>tale</strong></span> <span class='ocrx_word' id='word_1_584' title='bbox 2640 2972 2770 3039; x_wconf 91' lang='lat' dir='ltr'><strong>quid</strong></span> <span class='ocrx_word' id='word_1_585' title='bbox 2802 2974 2957 3027; x_wconf 90' lang='lat' dir='ltr'><strong>innui</strong></span> <span class='ocrx_word' id='word_1_586' title='bbox 2996 2976 3210 3044; x_wconf 89' lang='lat' dir='ltr'><strong>opinor.</strong></span> <span class='ocrx_word' id='word_1_587' title='bbox 3242 2975 3400 3034; x_wconf 86' lang='lat' dir='ltr'><strong>Velut</strong></span> <span class='ocrx_word' id='word_1_588' title='bbox 3430 2982 3478 3035; x_wconf 89' lang='lat' dir='ltr'><strong>si</strong></span> <span class='ocrx_word' id='word_1_589' title='bbox 3504 2997 3593 3036; x_wconf 85' lang='lat' dir='ltr'><strong>cut</strong></span> 
     </span>
    </p>
   </div>
   <div class='ocr_carea' id='block_1_77' title="bbox 2017 3050 3593 3133">
    <p class='ocr_par' dir='ltr' id='par_1_77' title="bbox 2017 3050 3593 3133">
     <span class='ocr_line' id='line_1_77' title="bbox 2017 3050 3593 3133; baseline 0.017 -29"><span class='ocrx_word' id='word_1_590' title='bbox 2017 3050 2159 3122; x_wconf 82' lang='lat' dir='ltr'><strong>ignis</strong></span> <span class='ocrx_word' id='word_1_591' title='bbox 2197 3055 2540 3123; x_wconf 89' lang='lat' dir='ltr'><strong>admovetur,</strong></span> <span class='ocrx_word' id='word_1_592' title='bbox 2563 3068 2617 3113; x_wconf 90' lang='lat' dir='ltr'><strong>et</strong></span> <span class='ocrx_word' id='word_1_593' title='bbox 2641 3060 2731 3116; x_wconf 92' lang='lat' dir='ltr'><strong>ille</strong></span> <span class='ocrx_word' id='word_1_594' title='bbox 2755 3067 2849 3133; x_wconf 89' lang='lat' dir='ltr'><strong>qui</strong></span> <span class='ocrx_word' id='word_1_595' title='bbox 2870 3068 3234 3133; x_wconf 88' lang='lat' dir='ltr'><strong>comburitur,</strong></span> <span class='ocrx_word' id='word_1_596' title='bbox 3263 3085 3372 3124; x_wconf 91' lang='lat' dir='ltr'><strong>non</strong></span> <span class='ocrx_word' id='word_1_597' title='bbox 3406 3080 3593 3133; x_wconf 81' lang='lat' dir='ltr'><strong>sentit.</strong></span> 
     </span>
    </p>
   </div>
   <div class='ocr_carea' id='block_1_78' title="bbox 2014 3143 3590 3222">
    <p class='ocr_par' dir='ltr' id='par_1_78' title="bbox 2014 3143 3590 3222">
     <span class='ocr_line' id='line_1_78' title="bbox 2014 3143 3590 3222; baseline 0.015 -27"><span class='ocrx_word' id='word_1_598' title='bbox 2014 3143 2215 3198; x_wconf 79' lang='lat' dir='ltr'><strong>vellent</strong></span> <span class='ocrx_word' id='word_1_599' title='bbox 2252 3145 2329 3199; x_wconf 91' lang='lat' dir='ltr'><strong>illi</strong></span> <span class='ocrx_word' id='word_1_600' title='bbox 2375 3145 2518 3202; x_wconf 86' lang='lat' dir='ltr'><strong>facta</strong></span> <span class='ocrx_word' id='word_1_601' title='bbox 2572 3155 2984 3222; x_wconf 88' lang='lat' dir='ltr'><strong>comparatione</strong></span> <span class='ocrx_word' id='word_1_602' title='bbox 3018 3158 3371 3213; x_wconf 85' lang='lat' dir='ltr'><strong>sentientium</strong></span> <span class='ocrx_word' id='word_1_603' title='bbox 3401 3170 3590 3218; x_wconf 88' lang='lat' dir='ltr'><strong>etnon</strong></span> 
     </span>
    </p>
   </div>
   <div class='ocr_carea' id='block_1_79' title="bbox 2013 3235 3592 3317">
    <p class='ocr_par' dir='ltr' id='par_1_79' title="bbox 2013 3235 3592 3317">
     <span class='ocr_line' id='line_1_79' title="bbox 2013 3235 3592 3317; baseline 0.013 -30"><span class='ocrx_word' id='word_1_604' title='bbox 2013 3235 2385 3304; x_wconf 61' lang='lat' dir='ltr'><strong>sientientium,</strong></span> <span class='ocrx_word' id='word_1_605' title='bbox 2424 3238 2628 3295; x_wconf 89' lang='lat' dir='ltr'><strong>sentire</strong></span> <span class='ocrx_word' id='word_1_606' title='bbox 2657 3245 2841 3312; x_wconf 90' lang='lat' dir='ltr'><strong>potius</strong></span> <span class='ocrx_word' id='word_1_607' title='bbox 2874 3247 2928 3300; x_wconf 90' lang='lat' dir='ltr'><strong>in</strong></span> <span class='ocrx_word' id='word_1_608' title='bbox 2975 3246 3101 3317; x_wconf 89' lang='lat' dir='ltr'><strong>igne</strong></span> <span class='ocrx_word' id='word_1_609' title='bbox 3134 3265 3298 3316; x_wconf 87' lang='lat' dir='ltr'><strong>quam</strong></span> <span class='ocrx_word' id='word_1_610' title='bbox 3326 3265 3436 3305; x_wconf 89' lang='lat' dir='ltr'><strong>non</strong></span> <span class='ocrx_word' id='word_1_611' title='bbox 3465 3268 3592 3309; x_wconf 84' lang='lat' dir='ltr'><strong>sen-</strong></span> 
     </span>
    </p>
   </div>
   <div class='ocr_carea' id='block_1_80' title="bbox 2013 3325 3590 3415">
    <p class='ocr_par' dir='ltr' id='par_1_80' title="bbox 2013 3325 3590 3415">
     <span class='ocr_line' id='line_1_80' title="bbox 2013 3325 3590 3415; baseline 0.015 -37"><span class='ocrx_word' id='word_1_612' title='bbox 2013 3325 2135 3393; x_wconf 91' lang='lat' dir='ltr'><strong>tire,</strong></span> <span class='ocrx_word' id='word_1_613' title='bbox 2168 3337 2222 3382; x_wconf 92' lang='lat' dir='ltr'><strong>et</strong></span> <span class='ocrx_word' id='word_1_614' title='bbox 2259 3332 2460 3399; x_wconf 87' lang='lat' dir='ltr'><strong>optarit</strong></span> <span class='ocrx_word' id='word_1_615' title='bbox 2504 3335 2691 3404; x_wconf 87' lang='lat' dir='ltr'><strong>utique</strong></span> <span class='ocrx_word' id='word_1_616' title='bbox 2738 3337 3011 3407; x_wconf 84' lang='lat' dir='ltr'><strong>quispiam</strong></span> <span class='ocrx_word' id='word_1_617' title='bbox 3059 3342 3239 3410; x_wconf 74' lang='lat' dir='ltr'><strong>ignem</strong></span> <span class='ocrx_word' id='word_1_618' title='bbox 3269 3344 3363 3413; x_wconf 85' lang='lat' dir='ltr'><strong>qui</strong></span> <span class='ocrx_word' id='word_1_619' title='bbox 3396 3360 3590 3415; x_wconf 81' lang='lat' dir='ltr'><strong>pecca-</strong></span> 
     </span>
    </p>
   </div>
   <div class='ocr_carea' id='block_1_81' title="bbox 2010 3422 3587 3505">
    <p class='ocr_par' dir='ltr' id='par_1_81' title="bbox 2010 3422 3587 3505">
     <span class='ocr_line' id='line_1_81' title="bbox 2010 3422 3587 3505; baseline 0.013 -31"><span class='ocrx_word' id='word_1_620' title='bbox 2010 3422 2222 3478; x_wconf 82' lang='lat' dir='ltr'><strong>toribus</strong></span> <span class='ocrx_word' id='word_1_621' title='bbox 2266 3425 2608 3496; x_wconf 84' lang='lat' dir='ltr'><strong>decernitur,</strong></span> <span class='ocrx_word' id='word_1_622' title='bbox 2651 3431 2855 3485; x_wconf 89' lang='lat' dir='ltr'><strong>sentire</strong></span> <span class='ocrx_word' id='word_1_623' title='bbox 2904 3435 3088 3502; x_wconf 91' lang='lat' dir='ltr'><strong>potius</strong></span> <span class='ocrx_word' id='word_1_624' title='bbox 3114 3451 3279 3505; x_wconf 87' lang='lat' dir='ltr'><strong>quam</strong></span> <span class='ocrx_word' id='word_1_625' title='bbox 3318 3453 3425 3492; x_wconf 91' lang='lat' dir='ltr'><strong>non</strong></span> <span class='ocrx_word' id='word_1_626' title='bbox 3459 3455 3587 3495; x_wconf 81' lang='lat' dir='ltr'><strong>sen-</strong></span> 
     </span>
    </p>
   </div>
   <div class='ocr_carea' id='block_1_82' title="bbox 2009 3512 3589 3599">
    <p class='ocr_par' dir='ltr' id='par_1_82' title="bbox 2009 3512 3589 3599">
     <span class='ocr_line' id='line_1_82' title="bbox 2009 3512 3589 3599; baseline 0.012 -34"><span class='ocrx_word' id='word_1_627' title='bbox 2009 3512 2129 3567; x_wconf 90' lang='lat' dir='ltr'><strong>tire.</strong></span> <span class='ocrx_word' id='word_1_628' title='bbox 2159 3512 2284 3571; x_wconf 68' lang='lat' dir='ltr'><strong>Haec</strong></span> <span class='ocrx_word' id='word_1_629' title='bbox 2309 3517 2452 3572; x_wconf 79' lang='lat' dir='ltr'><strong>dicta</strong></span> <span class='ocrx_word' id='word_1_630' title='bbox 2474 3529 2601 3574; x_wconf 91' lang='lat' dir='ltr'><strong>sunt</strong></span> <span class='ocrx_word' id='word_1_631' title='bbox 2620 3531 2842 3590; x_wconf 89' lang='lat' dir='ltr'><strong>propter</strong></span> <span class='ocrx_word' id='word_1_632' title='bbox 2862 3523 3006 3579; x_wconf 88' lang='lat' dir='ltr'><strong>istud</strong></span> <span class='ocrx_word' id='word_1_633' title='bbox 3040 3545 3053 3581; x_wconf 89' lang='lat'><strong>:</strong></span> <span class='ocrx_word' id='word_1_634' title='bbox 3084 3527 3242 3599; x_wconf 78' lang='lat'><strong>165</strong></span> <span class='ocrx_word' id='word_1_635' title='bbox 3270 3528 3589 3599; x_wconf 80' lang='lat' dir='ltr'><strong>Flagellasti</strong></span> 
     </span>
    </p>
   </div>
   <div class='ocr_carea' id='block_1_83' title="bbox 2006 3610 3588 3684">
    <p class='ocr_par' dir='ltr' id='par_1_83' title="bbox 2006 3610 3588 3684">
     <span class='ocr_line' id='line_1_83' title="bbox 2006 3610 3588 3684; baseline 0.011 -27"><span class='ocrx_word' id='word_1_636' title='bbox 2006 3620 2115 3667; x_wconf 78' lang='lat' dir='ltr'><strong>eos,</strong></span> <span class='ocrx_word' id='word_1_637' title='bbox 2146 3616 2194 3659; x_wconf 90' lang='lat' dir='ltr'><strong>et</strong></span> <span class='ocrx_word' id='word_1_638' title='bbox 2241 3623 2345 3661; x_wconf 82' lang='lat' dir='ltr'><strong>non</strong></span> <span class='ocrx_word' id='word_1_639' title='bbox 2389 3610 2709 3679; x_wconf 84' lang='lat' dir='ltr'><strong>doluerunt;</strong></span> <span class='ocrx_word' id='word_1_640' title='bbox 2745 3620 3126 3672; x_wconf 72' lang='lat' dir='ltr'><strong>consummaui</strong></span> <span class='ocrx_word' id='word_1_641' title='bbox 3166 3634 3287 3684; x_wconf 77' lang='lat' dir='ltr'><strong>eos,</strong></span> <span class='ocrx_word' id='word_1_642' title='bbox 3317 3630 3368 3672; x_wconf 87' lang='lat' dir='ltr'><strong>et</strong></span> <span class='ocrx_word' id='word_1_643' title='bbox 3404 3621 3588 3674; x_wconf 80' lang='lat' dir='ltr'><strong>nolue-</strong></span> 
     </span>
    </p>
   </div>
   <div class='ocr_carea' id='block_1_84' title="bbox 2007 3697 3587 3777">
    <p class='ocr_par' dir='ltr' id='par_1_84' title="bbox 2007 3697 3587 3777">
     <span class='ocr_line' id='line_1_84' title="bbox 2007 3697 3587 3777; baseline 0.011 -31"><span class='ocrx_word' id='word_1_644' title='bbox 2007 3704 2130 3747; x_wconf 87' lang='lat' dir='ltr'><strong>runt</strong></span> <span class='ocrx_word' id='word_1_645' title='bbox 2159 3697 2385 3765; x_wconf 81' lang='lat' dir='ltr'><strong>recipere</strong></span> <span class='ocrx_word' id='word_1_646' title='bbox 2416 3698 2752 3769; x_wconf 80' lang='lat' dir='ltr'><strong>disciplinam</strong></span> <span class='ocrx_word' id='word_1_647' title='bbox 2778 3703 2845 3758; x_wconf 57' lang='grc' dir='ltr'><strong>ιι.</strong></span> <span class='ocrx_word' id='word_1_648' title='bbox 2894 3705 3124 3770; x_wconf 82' lang='lat' dir='ltr'><strong>Quando</strong></span> <span class='ocrx_word' id='word_1_649' title='bbox 3169 3708 3421 3777; x_wconf 89' lang='lat' dir='ltr'><strong>provisor</strong></span> <span class='ocrx_word' id='word_1_650' title='bbox 3464 3711 3587 3764; x_wconf 80' lang='lat' dir='ltr'><strong>uni-</strong></span> 
     </span>
    </p>
   </div>
   <div class='ocr_carea' id='block_1_85' title="bbox 2005 3788 3585 3870">
    <p class='ocr_par' dir='ltr' id='par_1_85' title="bbox 2005 3788 3585 3870">
     <span class='ocr_line' id='line_1_85' title="bbox 2005 3788 3585 3870; baseline 0.011 -32"><span class='ocrx_word' id='word_1_651' title='bbox 2005 3800 2286 3841; x_wconf 86' lang='lat' dir='ltr'><strong>versorum</strong></span> <span class='ocrx_word' id='word_1_652' title='bbox 2326 3788 2469 3845; x_wconf 87' lang='lat' dir='ltr'><strong>Deus</strong></span> <span class='ocrx_word' id='word_1_653' title='bbox 2520 3806 2621 3860; x_wconf 87' lang='lat' dir='ltr'><strong>pro</strong></span> <span class='ocrx_word' id='word_1_654' title='bbox 2664 3795 2862 3850; x_wconf 60' lang='lat' dir='ltr'><strong>animat</strong></span> <span class='ocrx_word' id='word_1_655' title='bbox 2901 3799 3077 3852; x_wconf 86' lang='lat' dir='ltr'><strong>salute</strong></span> <span class='ocrx_word' id='word_1_656' title='bbox 3136 3800 3425 3867; x_wconf 83' lang='lat' dir='ltr'><strong>purgantia</strong></span> <span class='ocrx_word' id='word_1_657' title='bbox 3456 3816 3585 3870; x_wconf 84' lang='lat' dir='ltr'><strong>pro-</strong></span> 
     </span>
    </p>
   </div>
   <div class='ocr_carea' id='block_1_86' title="bbox 2001 3879 3583 3959">
    <p class='ocr_par' dir='ltr' id='par_1_86' title="bbox 2001 3879 3583 3959">
     <span class='ocr_line' id='line_1_86' title="bbox 2001 3879 3583 3959; baseline 0.011 -29"><span class='ocrx_word' id='word_1_658' title='bbox 2001 3879 2186 3949; x_wconf 89' lang='lat' dir='ltr'><strong>pinat,</strong></span> <span class='ocrx_word' id='word_1_659' title='bbox 2244 3890 2375 3937; x_wconf 90' lang='lat' dir='ltr'><strong>tunc</strong></span> <span class='ocrx_word' id='word_1_660' title='bbox 2423 3883 2596 3952; x_wconf 88' lang='lat' dir='ltr'><strong>ipsam</strong></span> <span class='ocrx_word' id='word_1_661' title='bbox 2647 3890 3072 3943; x_wconf 88' lang='lat' dir='ltr'><strong>consummavit.</strong></span> <span class='ocrx_word' id='word_1_662' title='bbox 3126 3889 3263 3944; x_wconf 82' lang='lat' dir='ltr'><strong>illud</strong></span> <span class='ocrx_word' id='word_1_663' title='bbox 3327 3902 3509 3947; x_wconf 87' lang='lat' dir='ltr'><strong>autem</strong></span> <span class='ocrx_word' id='word_1_664' title='bbox 3560 3912 3583 3959; x_wconf 64' lang='grc' dir='ltr'><strong>ε</strong></span> 
     </span>
    </p>
   </div>
   <div class='ocr_carea' id='block_1_87' title="bbox 2002 3971 3584 4054">
    <p class='ocr_par' dir='ltr' id='par_1_87' title="bbox 2002 3971 3584 4054">
     <span class='ocr_line' id='line_1_87' title="bbox 2002 3971 3584 4054; baseline 0.01 -31"><span class='ocrx_word' id='word_1_665' title='bbox 2002 3971 2396 4027; x_wconf 75' lang='lat' dir='ltr'><strong>Consummatti</strong></span> <span class='ocrx_word' id='word_1_666' title='bbox 2423 3991 2534 4039; x_wconf 79' lang='lat' dir='ltr'><strong>eos,</strong></span> <span class='ocrx_word' id='word_1_667' title='bbox 2559 3985 2609 4030; x_wconf 88' lang='lat' dir='ltr'><strong>et</strong></span> <span class='ocrx_word' id='word_1_668' title='bbox 2635 3979 2917 4033; x_wconf 83' lang='lat' dir='ltr'><strong>noluerunt</strong></span> <span class='ocrx_word' id='word_1_669' title='bbox 2951 3981 3176 4050; x_wconf 82' lang='lat' dir='ltr'><strong>recipere</strong></span> <span class='ocrx_word' id='word_1_670' title='bbox 3214 3983 3584 4054; x_wconf 75' lang='lat' dir='ltr'><strong>disciplinam.</strong></span> 
     </span>
    </p>
   </div>
   <div class='ocr_carea' id='block_1_88' title="bbox 2002 4060 3583 4148">
    <p class='ocr_par' dir='ltr' id='par_1_88' title="bbox 2002 4060 3583 4148">
     <span class='ocr_line' id='line_1_88' title="bbox 2002 4060 3583 4148; baseline 0.013 -34"><span class='ocrx_word' id='word_1_671' title='bbox 2002 4060 2270 4132; x_wconf 84' lang='lat' dir='ltr'><strong>intelliges</strong></span> <span class='ocrx_word' id='word_1_672' title='bbox 2301 4067 2551 4133; x_wconf 80' lang='lat' dir='ltr'><strong>exemplo</strong></span> <span class='ocrx_word' id='word_1_673' title='bbox 2581 4067 2702 4135; x_wconf 90' lang='lat' dir='ltr'><strong>ejus</strong></span> <span class='ocrx_word' id='word_1_674' title='bbox 2731 4069 2823 4138; x_wconf 92' lang='lat' dir='ltr'><strong>qui</strong></span> <span class='ocrx_word' id='word_1_675' title='bbox 2858 4071 3141 4127; x_wconf 87' lang='lat' dir='ltr'><strong>scientiam</strong></span> <span class='ocrx_word' id='word_1_676' title='bbox 3166 4076 3347 4142; x_wconf 86' lang='lat' dir='ltr'><strong>tradit,</strong></span> <span class='ocrx_word' id='word_1_677' title='bbox 3378 4088 3431 4132; x_wconf 93' lang='lat' dir='ltr'><strong>et</strong></span> <span class='ocrx_word' id='word_1_678' title='bbox 3459 4079 3583 4148; x_wconf 86' lang='lat' dir='ltr'><strong>ejus</strong></span> 
     </span>
    </p>
   </div>
   <div class='ocr_carea' id='block_1_89' title="bbox 2001 4150 3580 4237">
    <p class='ocr_par' dir='ltr' id='par_1_89' title="bbox 2001 4150 3580 4237">
     <span class='ocr_line' id='line_1_89' title="bbox 2001 4150 3580 4237; baseline 0.015 -36"><span class='ocrx_word' id='word_1_679' title='bbox 2001 4150 2095 4218; x_wconf 85' lang='lat' dir='ltr'><strong>qui</strong></span> <span class='ocrx_word' id='word_1_680' title='bbox 2136 4150 2387 4204; x_wconf 86' lang='lat' dir='ltr'><strong>traditam</strong></span> <span class='ocrx_word' id='word_1_681' title='bbox 2441 4154 2684 4222; x_wconf 88' lang='lat' dir='ltr'><strong>recipere</strong></span> <span class='ocrx_word' id='word_1_682' title='bbox 2736 4173 2842 4212; x_wconf 88' lang='lat' dir='ltr'><strong>non</strong></span> <span class='ocrx_word' id='word_1_683' title='bbox 2885 4160 3018 4215; x_wconf 82' lang='lat' dir='ltr'><strong>vult.</strong></span> <span class='ocrx_word' id='word_1_684' title='bbox 3050 4160 3242 4217; x_wconf 88' lang='lat' dir='ltr'><strong>Omnia</strong></span> <span class='ocrx_word' id='word_1_685' title='bbox 3280 4167 3424 4220; x_wconf 92' lang='lat' dir='ltr'><strong>enim</strong></span> <span class='ocrx_word' id='word_1_686' title='bbox 3456 4183 3580 4237; x_wconf 67' lang='lat' dir='ltr'><strong>quae</strong></span> 
     </span>
    </p>
   </div>
   <div class='ocr_carea' id='block_1_90' title="bbox 2001 4239 3580 4325">
    <p class='ocr_par' dir='ltr' id='par_1_90' title="bbox 2001 4239 3580 4325">
     <span class='ocr_line' id='line_1_90' title="bbox 2001 4239 3580 4325; baseline 0.017 -33"><span class='ocrx_word' id='word_1_687' title='bbox 2001 4239 2089 4294; x_wconf 89' lang='lat' dir='ltr'><strong>sui</strong></span> <span class='ocrx_word' id='word_1_688' title='bbox 2116 4240 2362 4294; x_wconf 89' lang='lat' dir='ltr'><strong>muneris</strong></span> <span class='ocrx_word' id='word_1_689' title='bbox 2397 4250 2527 4295; x_wconf 88' lang='lat' dir='ltr'><strong>sunt</strong></span> <span class='ocrx_word' id='word_1_690' title='bbox 2573 4244 2765 4301; x_wconf 90' lang='lat' dir='ltr'><strong>doctor</strong></span> <span class='ocrx_word' id='word_1_691' title='bbox 2811 4247 3006 4316; x_wconf 87' lang='lat' dir='ltr'><strong>faciat,</strong></span> <span class='ocrx_word' id='word_1_692' title='bbox 3035 4263 3089 4307; x_wconf 92' lang='lat' dir='ltr'><strong>et</strong></span> <span class='ocrx_word' id='word_1_693' title='bbox 3128 4265 3351 4325; x_wconf 81' lang='lat' dir='ltr'><strong>peragat</strong></span> <span class='ocrx_word' id='word_1_694' title='bbox 3392 4261 3580 4319; x_wconf 73' lang='lat' dir='ltr'><strong>omnia</strong></span> 
     </span>
    </p>
   </div>
   <div class='ocr_carea' id='block_1_91' title="bbox 2001 4328 3580 4410">
    <p class='ocr_par' dir='ltr' id='par_1_91' title="bbox 2001 4328 3580 4410">
     <span class='ocr_line' id='line_1_91' title="bbox 2001 4328 3580 4410; baseline 0.013 -29"><span class='ocrx_word' id='word_1_695' title='bbox 2001 4344 2123 4399; x_wconf 62' lang='lat' dir='ltr'><strong>quas</strong></span> <span class='ocrx_word' id='word_1_696' title='bbox 2166 4328 2234 4382; x_wconf 91' lang='lat' dir='ltr'><strong>ad</strong></span> <span class='ocrx_word' id='word_1_697' title='bbox 2285 4328 2603 4387; x_wconf 88' lang='lat' dir='ltr'><strong>tradendam</strong></span> <span class='ocrx_word' id='word_1_698' title='bbox 2661 4335 2947 4392; x_wconf 85' lang='lat' dir='ltr'><strong>scientiam</strong></span> <span class='ocrx_word' id='word_1_699' title='bbox 3000 4349 3270 4410; x_wconf 87' lang='lat' dir='ltr'><strong>spectant,</strong></span> <span class='ocrx_word' id='word_1_700' title='bbox 3313 4343 3406 4398; x_wconf 90' lang='lat' dir='ltr'><strong>ille</strong></span> <span class='ocrx_word' id='word_1_701' title='bbox 3449 4361 3580 4404; x_wconf 77' lang='lat' dir='ltr'><strong>veto</strong></span> 
     </span>
    </p>
   </div>
   <div class='ocr_carea' id='block_1_92' title="bbox 312 4414 2008 4508">
    <p class='ocr_par' dir='ltr' id='par_1_92' title="bbox 312 4414 2008 4499">
     <span class='ocr_line' id='line_1_92' title="bbox 312 4414 2008 4499; baseline 0.004 -32"><span class='ocrx_word' id='word_1_702' title='bbox 312 4414 595 4483; x_wconf 72' lang='grc' dir='ltr'>πέλεσας</span> <span class='ocrx_word' id='word_1_703' title='bbox 650 4417 902 4484; x_wconf 81' lang='grc' dir='ltr'>αὐτοὺς,</span> <span class='ocrx_word' id='word_1_704' title='bbox 956 4418 1055 4471; x_wconf 84' lang='grc' dir='ltr'><strong>καὶ</strong></span> <span class='ocrx_word' id='word_1_705' title='bbox 1094 4419 1206 4472; x_wconf 81' lang='grc' dir='ltr'><strong>οὐκ</strong></span> <span class='ocrx_word' id='word_1_706' title='bbox 1248 4418 1562 4487; x_wconf 78' lang='grc' dir='ltr'>ἠθέλησαν</span> <span class='ocrx_word' id='word_1_707' title='bbox 1609 4419 1897 4484; x_wconf 79' lang='grc' dir='ltr'>δέξασθαι</span> <span class='ocrx_word' id='word_1_708' title='bbox 1926 4445 1971 4499; x_wconf 78' lang='lat' dir='ltr'><strong>D</strong></span> <span class='ocrx_word' id='word_1_709' title='bbox 2001 4436 2008 4474; x_wconf 71' lang='grc' dir='ltr'><strong>ι</strong></span> 
     </span>
    </p>
   </div>
   <div class='ocr_carea' id='block_1_93' title="bbox 1880 4414 3576 4508">
    <p class='ocr_par' dir='ltr' id='par_1_93' title="bbox 1880 4421 3576 4508">
     <span class='ocr_line' id='line_1_93' title="bbox 1880 4421 3576 4508; baseline 0.014 -34"><span class='ocrx_word' id='word_1_710' title='bbox 1880 4439 1897 4474; x_wconf 90' lang='grc' dir='ltr'><strong>ι</strong></span> <span class='ocrx_word' id='word_1_711' title='bbox 1926 4445 1971 4499; x_wconf 78' lang='lat' dir='ltr'><strong>D</strong></span> <span class='ocrx_word' id='word_1_712' title='bbox 2001 4435 2110 4475; x_wconf 87' lang='lat' dir='ltr'><strong>non</strong></span> <span class='ocrx_word' id='word_1_713' title='bbox 2141 4421 2325 4476; x_wconf 88' lang='lat' dir='ltr'><strong>audiat</strong></span> <span class='ocrx_word' id='word_1_714' title='bbox 2353 4438 2475 4492; x_wconf 78' lang='lat' dir='ltr'><strong>quae</strong></span> <span class='ocrx_word' id='word_1_715' title='bbox 2502 4425 2783 4496; x_wconf 86' lang='lat' dir='ltr'><strong>dicuntur,</strong></span> <span class='ocrx_word' id='word_1_716' title='bbox 2809 4430 2875 4486; x_wconf 91' lang='lat' dir='ltr'><strong>de</strong></span> <span class='ocrx_word' id='word_1_717' title='bbox 2901 4432 3005 4488; x_wconf 89' lang='lat' dir='ltr'><strong>hoc</strong></span> <span class='ocrx_word' id='word_1_718' title='bbox 3030 4449 3131 4505; x_wconf 85' lang='lat' dir='ltr'><strong>ego</strong></span> <span class='ocrx_word' id='word_1_719' title='bbox 3160 4438 3408 4493; x_wconf 88' lang='lat' dir='ltr'><strong>auditore</strong></span> <span class='ocrx_word' id='word_1_720' title='bbox 3438 4454 3576 4508; x_wconf 69' lang='lat' dir='ltr'><strong>prte-</strong></span> 
     </span>
    </p>
   </div>
   <div class='ocr_carea' id='block_1_94' title="bbox 317 4508 1893 4585">
    <p class='ocr_par' dir='ltr' id='par_1_94' title="bbox 317 4508 1893 4585">
     <span class='ocr_line' id='line_1_94' title="bbox 317 4508 1893 4585; baseline 0.004 -24"><span class='ocrx_word' id='word_1_721' title='bbox 317 4508 608 4577; x_wconf 73' lang='grc' dir='ltr'>παιδείαν,</span> <span class='ocrx_word' id='word_1_722' title='bbox 639 4510 748 4564; x_wconf 78' lang='grc' dir='ltr'><strong>ἀπὸ</strong></span> <span class='ocrx_word' id='word_1_723' title='bbox 781 4511 1221 4583; x_wconf 78' lang='grc' dir='ltr'>παραδείγματος</span> <span class='ocrx_word' id='word_1_724' title='bbox 1251 4510 1347 4566; x_wconf 81' lang='grc' dir='ltr'>τοῦ</span> <span class='ocrx_word' id='word_1_725' title='bbox 1378 4511 1520 4566; x_wconf 83' lang='grc' dir='ltr'>κατὰ</span> <span class='ocrx_word' id='word_1_726' title='bbox 1544 4513 1635 4565; x_wconf 82' lang='grc' dir='ltr'><strong>τὸν</strong></span> <span class='ocrx_word' id='word_1_727' title='bbox 1663 4513 1893 4585; x_wconf 83' lang='grc' dir='ltr'>παραδι-</span> 
     </span>
    </p>
   </div>
   <div class='ocr_carea' id='block_1_95' title="bbox 317 4590 1893 4675">
    <p class='ocr_par' dir='ltr' id='par_1_95' title="bbox 317 4590 1893 4675">
     <span class='ocr_line' id='line_1_95' title="bbox 317 4590 1893 4675; baseline 0.007 -28"><span class='ocrx_word' id='word_1_728' title='bbox 317 4590 460 4653; x_wconf 82' lang='grc' dir='ltr'>δόντα</span> <span class='ocrx_word' id='word_1_729' title='bbox 502 4599 603 4671; x_wconf 83' lang='grc' dir='ltr'>τὴν</span> <span class='ocrx_word' id='word_1_730' title='bbox 643 4601 975 4672; x_wconf 78' lang='grc' dir='ltr'>ἐπιστήμην,</span> <span class='ocrx_word' id='word_1_731' title='bbox 1011 4601 1107 4656; x_wconf 78' lang='grc' dir='ltr'>καὶ</span> <span class='ocrx_word' id='word_1_732' title='bbox 1145 4601 1239 4655; x_wconf 84' lang='grc' dir='ltr'><strong>τὸν</strong></span> <span class='ocrx_word' id='word_1_733' title='bbox 1289 4603 1365 4674; x_wconf 84' lang='grc' dir='ltr'>μὴ</span> <span class='ocrx_word' id='word_1_734' title='bbox 1421 4603 1748 4675; x_wconf 83' lang='grc' dir='ltr'>βουλόμενον</span> <span class='ocrx_word' id='word_1_735' title='bbox 1795 4622 1893 4658; x_wconf 87' lang='grc' dir='ltr'>πα-</span> 
     </span>
    </p>
   </div>
   <div class='ocr_carea' id='block_1_96' title="bbox 322 4689 1889 4770">
    <p class='ocr_par' dir='ltr' id='par_1_96' title="bbox 322 4689 1889 4770">
     <span class='ocr_line' id='line_1_96' title="bbox 322 4689 1889 4770; baseline 0.005 -24"><span class='ocrx_word' id='word_1_736' title='bbox 322 4689 568 4756; x_wconf 73' lang='grc' dir='ltr'>ραλαϐεῖν</span> <span class='ocrx_word' id='word_1_737' title='bbox 624 4694 727 4767; x_wconf 83' lang='grc' dir='ltr'>τὴν</span> <span class='ocrx_word' id='word_1_738' title='bbox 777 4696 1087 4767; x_wconf 77' lang='grc' dir='ltr'>ἐπιστήμην</span> <span class='ocrx_word' id='word_1_739' title='bbox 1144 4696 1253 4750; x_wconf 84' lang='grc' dir='ltr'><strong>ἀπὸ</strong></span> <span class='ocrx_word' id='word_1_740' title='bbox 1314 4697 1407 4751; x_wconf 85' lang='grc' dir='ltr'>τοῦ</span> <span class='ocrx_word' id='word_1_741' title='bbox 1479 4700 1889 4770; x_wconf 86' lang='grc' dir='ltr'>παραδιδόντος.</span> 
     </span>
    </p>
   </div>
   <div class='ocr_carea' id='block_1_97' title="bbox 321 4775 1890 4859">
    <p class='ocr_par' dir='ltr' id='par_1_97' title="bbox 321 4775 1890 4859">
     <span class='ocr_line' id='line_1_97' title="bbox 321 4775 1890 4859; baseline 0.006 -21"><span class='ocrx_word' id='word_1_742' title='bbox 321 4775 487 4839; x_wconf 78' lang='grc' dir='ltr'>Πάντα</span> <span class='ocrx_word' id='word_1_743' title='bbox 500 4785 614 4858; x_wconf 77' lang='grc' dir='ltr'>γὰρ</span> <span class='ocrx_word' id='word_1_744' title='bbox 632 4784 702 4840; x_wconf 77' lang='grc' dir='ltr'>τὰ</span> <span class='ocrx_word' id='word_1_745' title='bbox 724 4787 854 4857; x_wconf 85' lang='grc' dir='ltr'>παρ’</span> <span class='ocrx_word' id='word_1_746' title='bbox 873 4786 1020 4859; x_wconf 82' lang='grc' dir='ltr'>αὐτῷ</span> <span class='ocrx_word' id='word_1_747' title='bbox 1038 4788 1112 4858; x_wconf 85' lang='grc'><strong>(7)</strong></span> <span class='ocrx_word' id='word_1_748' title='bbox 1131 4788 1352 4843; x_wconf 88' lang='grc' dir='ltr'>ποιείτω</span> <span class='ocrx_word' id='word_1_749' title='bbox 1372 4790 1400 4843; x_wconf 88' lang='lat'><strong>6</strong></span> <span class='ocrx_word' id='word_1_750' title='bbox 1423 4790 1761 4856; x_wconf 85' lang='grc' dir='ltr'>διδάσκαλος,</span> <span class='ocrx_word' id='word_1_751' title='bbox 1795 4793 1890 4847; x_wconf 70' lang='grc' dir='ltr'>καὶ</span> 
     </span>
    </p>
   </div>
   <div class='ocr_carea' id='block_1_98' title="bbox 373 4930 794 5005">
    <p class='ocr_par' dir='ltr' id='par_1_98' title="bbox 373 4930 794 5005">
     <span class='ocr_line' id='line_1_98' title="bbox 373 4930 794 5005; baseline 0.01 -17"><span class='ocrx_word' id='word_1_752' title='bbox 373 4930 633 4993; x_wconf 75' lang='lat' dir='ltr'><strong>“Jerem.</strong></span> <span class='ocrx_word' id='word_1_753' title='bbox 661 4954 715 5005; x_wconf 88' lang='lat' dir='ltr'><strong>v,</strong></span> <span class='ocrx_word' id='word_1_754' title='bbox 741 4939 794 4993; x_wconf 80' lang='grc'>5.</span> 
     </span>
    </p>
   </div>
   <div class='ocr_carea' id='block_1_99' title="bbox 387 5092 1886 5169">
    <p class='ocr_par' dir='ltr' id='par_1_99' title="bbox 387 5092 1886 5169">
     <span class='ocr_line' id='line_1_99' title="bbox 387 5092 1886 5169; baseline 0.007 -22"><span class='ocrx_word' id='word_1_755' title='bbox 387 5092 456 5169; x_wconf 74' lang='grc'><strong>(1)</strong></span> <span class='ocrx_word' id='word_1_756' title='bbox 481 5094 666 5169; x_wconf 79' lang='lat' dir='ltr'><strong>Codex</strong></span> <span class='ocrx_word' id='word_1_757' title='bbox 697 5094 950 5169; x_wconf 10' lang='lat' dir='ltr'><strong>chriaﬁlq</strong></span> <span class='ocrx_word' id='word_1_758' title='bbox 975 5097 1067 5169; x_wconf 72' lang='grc' dir='ltr'>ἐπὶ</span> <span class='ocrx_word' id='word_1_759' title='bbox 1096 5098 1158 5150; x_wconf 85' lang='grc' dir='ltr'><strong>τὸ</strong></span> <span class='ocrx_word' id='word_1_760' title='bbox 1189 5099 1262 5169; x_wconf 81' lang='grc' dir='ltr'>μὴ</span> <span class='ocrx_word' id='word_1_761' title='bbox 1282 5099 1625 5168; x_wconf 71' lang='grc' dir='ltr'>καθικέσθαι,</span> <span class='ocrx_word' id='word_1_762' title='bbox 1650 5111 1702 5157; x_wconf 89' lang='lat' dir='ltr'><strong>et</strong></span> <span class='ocrx_word' id='word_1_763' title='bbox 1724 5102 1886 5169; x_wconf 78' lang='lat' dir='ltr'><strong>infra,</strong></span> 
     </span>
    </p>
   </div>
   <div class='ocr_carea' id='block_1_100' title="bbox 321 5156 1535 5242">
    <p class='ocr_par' dir='ltr' id='par_1_100' title="bbox 321 5156 1535 5242">
     <span class='ocr_line' id='line_1_100' title="bbox 321 5156 1535 5242; baseline 0.007 -25"><span class='ocrx_word' id='word_1_764' title='bbox 495 5165 595 5242; x_wconf 63' lang='grc' dir='ltr'><strong>μέν</strong></span> <span class='ocrx_word' id='word_1_765' title='bbox 620 5183 702 5242; x_wconf 79' lang='grc' dir='ltr'>τις</span> <span class='ocrx_word' id='word_1_766' title='bbox 729 5165 836 5242; x_wconf 77' lang='grc' dir='ltr'><strong>τῶν</strong></span> <span class='ocrx_word' id='word_1_767' title='bbox 867 5156 1274 5242; x_wconf 67' lang='grc' dir='ltr'>ακουόντων</span> <span class='ocrx_word' id='word_1_768' title='bbox 1304 5170 1535 5242; x_wconf 80' lang='grc' dir='ltr'>ἀλγήσῃ.</span> 
     </span>
    </p>
   </div>
   <div class='ocr_carea' id='block_1_101' title="bbox 384 5230 1886 5307">
    <p class='ocr_par' dir='ltr' id='par_1_101' title="bbox 384 5230 1886 5307">
     <span class='ocr_line' id='line_1_101' title="bbox 384 5230 1886 5307; baseline 0.005 -19"><span class='ocrx_word' id='word_1_769' title='bbox 384 5230 455 5307; x_wconf 75' lang='lat'><strong>(_2_)</strong></span> <span class='ocrx_word' id='word_1_770' title='bbox 487 5230 597 5307; x_wconf 69' lang='lat' dir='ltr'><strong><em>K91</em></strong></span> <span class='ocrx_word' id='word_1_771' title='bbox 629 5239 741 5290; x_wconf 82' lang='grc' dir='ltr'><strong>οὐκ</strong></span> <span class='ocrx_word' id='word_1_772' title='bbox 789 5237 1123 5305; x_wconf 79' lang='grc' dir='ltr'>ἐπόνησαν.</span> <span class='ocrx_word' id='word_1_773' title='bbox 1168 5230 1289 5292; x_wconf 71' lang='grc' dir='ltr'>Μία</span> <span class='ocrx_word' id='word_1_774' title='bbox 1322 5230 1451 5307; x_wconf 70' lang='grc' dir='ltr'>μέν’,</span> <span class='ocrx_word' id='word_1_775' title='bbox 1488 5230 1602 5294; x_wconf 62' lang='grc' dir='ltr'><strong>⁵ἔξω.</strong></span> <span class='ocrx_word' id='word_1_776' title='bbox 1641 5239 1797 5296; x_wconf 85' lang='lat' dir='ltr'><strong>Deest</strong></span> <span class='ocrx_word' id='word_1_777' title='bbox 1833 5243 1886 5296; x_wconf 90' lang='lat' dir='ltr'><strong>in</strong></span> 
     </span>
    </p>
   </div>
   <div class='ocr_carea' id='block_1_102' title="bbox 323 5303 1885 5383">
    <p class='ocr_par' dir='ltr' id='par_1_102' title="bbox 323 5303 1885 5383">
     <span class='ocr_line' id='line_1_102' title="bbox 323 5303 1885 5383; baseline 0.006 -27"><span class='ocrx_word' id='word_1_778' title='bbox 323 5303 499 5383; x_wconf 57' lang='grc' dir='ltr'>φθίσει</span> <span class='ocrx_word' id='word_1_779' title='bbox 529 5303 883 5383; x_wconf 87' lang='lat' dir='ltr'><strong>_Scorialens_i,</strong></span> <span class='ocrx_word' id='word_1_780' title='bbox 912 5303 1026 5383; x_wconf 74' lang='grc' dir='ltr'>Μία</span> <span class='ocrx_word' id='word_1_781' title='bbox 1058 5308 1157 5378; x_wconf 85' lang='grc' dir='ltr'>μὲν</span> <span class='ocrx_word' id='word_1_782' title='bbox 1180 5303 1885 5383; x_wconf 50' lang='grc' dir='ltr'>διήγησιςαῢτηπερὶ-τοῢ,</span> 
     </span>
    </p>
   </div>
   <div class='ocr_carea' id='block_1_103' title="bbox 325 5367 1888 5449">
    <p class='ocr_par' dir='ltr' id='par_1_103' title="bbox 325 5367 1888 5449">
     <span class='ocr_line' id='line_1_103' title="bbox 325 5367 1888 5449; baseline 0.007 -25"><span class='ocrx_word' id='word_1_783' title='bbox 325 5367 415 5426; x_wconf 70' lang='grc' dir='ltr'><strong>οὐκ</strong></span> <span class='ocrx_word' id='word_1_784' title='bbox 443 5375 733 5449; x_wconf 80' lang='grc' dir='ltr'>ἐπόνησαν,</span> <span class='ocrx_word' id='word_1_785' title='bbox 768 5367 884 5449; x_wconf 61' lang='grc' dir='ltr'>διαὶ,</span> <span class='ocrx_word' id='word_1_786' title='bbox 919 5367 1210 5449; x_wconf 73' lang='grc' dir='ltr'>ἐπόνησαν.</span> <span class='ocrx_word' id='word_1_787' title='bbox 1247 5367 1369 5433; x_wconf 75' lang='grc' dir='ltr'><strong><em>Μοί</em></strong></span> <span class='ocrx_word' id='word_1_788' title='bbox 1408 5367 1463 5434; x_wconf 84' lang='lat' dir='ltr'><strong>in</strong></span> <span class='ocrx_word' id='word_1_789' title='bbox 1512 5367 1702 5436; x_wconf 73' lang='lat' dir='ltr'><strong>codice</strong></span> <span class='ocrx_word' id='word_1_790' title='bbox 1737 5367 1888 5437; x_wconf 53' lang='lat' dir='ltr'><strong>Vati;</strong></span> 
     </span>
    </p>
   </div>
   <div class='ocr_carea' id='block_1_104' title="bbox 1996 4512 3578 4589">
    <p class='ocr_par' dir='ltr' id='par_1_104' title="bbox 1996 4512 3578 4589">
     <span class='ocr_line' id='line_1_104' title="bbox 1996 4512 3578 4589; baseline 0.013 -23"><span class='ocrx_word' id='word_1_791' title='bbox 1996 4512 2202 4581; x_wconf 89' lang='lat' dir='ltr'><strong>ceptori</strong></span> <span class='ocrx_word' id='word_1_792' title='bbox 2240 4512 2469 4567; x_wconf 83' lang='lat' dir='ltr'><strong>dixerim</strong></span> <span class='ocrx_word' id='word_1_793' title='bbox 2512 4533 2525 4569; x_wconf 86' lang='lat'><strong>:</strong></span> <span class='ocrx_word' id='word_1_794' title='bbox 2566 4515 2972 4579; x_wconf 85' lang='lat' dir='ltr'><strong>Consummasti</strong></span> <span class='ocrx_word' id='word_1_795' title='bbox 3006 4539 3152 4589; x_wconf 90' lang='lat' dir='ltr'><strong>eum,</strong></span> <span class='ocrx_word' id='word_1_796' title='bbox 3195 4536 3251 4580; x_wconf 92' lang='lat' dir='ltr'><strong>et</strong></span> <span class='ocrx_word' id='word_1_797' title='bbox 3282 4527 3460 4582; x_wconf 85' lang='lat' dir='ltr'><strong>noluit</strong></span> <span class='ocrx_word' id='word_1_798' title='bbox 3490 4545 3578 4586; x_wconf 83' lang='lat' dir='ltr'><strong>re-</strong></span> 
     </span>
    </p>
   </div>
   <div class='ocr_carea' id='block_1_105' title="bbox 1994 4605 3575 4685">
    <p class='ocr_par' dir='ltr' id='par_1_105' title="bbox 1994 4605 3575 4685">
     <span class='ocr_line' id='line_1_105' title="bbox 1994 4605 3575 4685; baseline 0.013 -26"><span class='ocrx_word' id='word_1_799' title='bbox 1994 4605 2174 4675; x_wconf 87' lang='lat' dir='ltr'><strong>cipere</strong></span> <span class='ocrx_word' id='word_1_800' title='bbox 2208 4605 2577 4675; x_wconf 86' lang='lat' dir='ltr'><strong>disciplinam.</strong></span> <span class='ocrx_word' id='word_1_801' title='bbox 2607 4610 2839 4679; x_wconf 86' lang='lat' dir='ltr'><strong>Quando</strong></span> <span class='ocrx_word' id='word_1_802' title='bbox 2866 4616 3031 4685; x_wconf 82' lang='lat' dir='ltr'><strong>igitur</strong></span> <span class='ocrx_word' id='word_1_803' title='bbox 3055 4632 3087 4671; x_wconf 90' lang='lat' dir='ltr'><strong>a</strong></span> <span class='ocrx_word' id='word_1_804' title='bbox 3126 4615 3474 4676; x_wconf 87' lang='lat' dir='ltr'><strong>Providentia</strong></span> <span class='ocrx_word' id='word_1_805' title='bbox 3513 4624 3575 4681; x_wconf 88' lang='lat' dir='ltr'><strong>in</strong></span> 
     </span>
    </p>
   </div>
   <div class='ocr_carea' id='block_1_106' title="bbox 1994 4697 3570 4782">
    <p class='ocr_par' dir='ltr' id='par_1_106' title="bbox 1994 4697 3570 4782">
     <span class='ocr_line' id='line_1_106' title="bbox 1994 4697 3570 4782; baseline 0.012 -32"><span class='ocrx_word' id='word_1_806' title='bbox 1994 4712 2097 4752; x_wconf 89' lang='lat' dir='ltr'><strong>nos</strong></span> <span class='ocrx_word' id='word_1_807' title='bbox 2123 4697 2261 4754; x_wconf 88' lang='lat' dir='ltr'><strong>liunt</strong></span> <span class='ocrx_word' id='word_1_808' title='bbox 2287 4697 2475 4753; x_wconf 85' lang='lat' dir='ltr'><strong>omnia</strong></span> <span class='ocrx_word' id='word_1_809' title='bbox 2522 4711 2581 4756; x_wconf 90' lang='lat' dir='ltr'><strong>ut</strong></span> <span class='ocrx_word' id='word_1_810' title='bbox 2627 4720 3096 4771; x_wconf 88' lang='lat' dir='ltr'><strong>consummemur,</strong></span> <span class='ocrx_word' id='word_1_811' title='bbox 3119 4718 3174 4764; x_wconf 87' lang='lat' dir='ltr'><strong>et</strong></span> <span class='ocrx_word' id='word_1_812' title='bbox 3197 4712 3570 4782; x_wconf 73' lang='lat' dir='ltr'><strong>perliciamur,</strong></span> 
     </span>
    </p>
   </div>
   <div class='ocr_carea' id='block_1_107' title="bbox 1993 4795 3569 4869">
    <p class='ocr_par' dir='ltr' id='par_1_107' title="bbox 1993 4795 3569 4869">
     <span class='ocr_line' id='line_1_107' title="bbox 1993 4795 3569 4869; baseline 0.013 -26"><span class='ocrx_word' id='word_1_813' title='bbox 1993 4804 2096 4844; x_wconf 89' lang='lat' dir='ltr'><strong>nos</strong></span> <span class='ocrx_word' id='word_1_814' title='bbox 2130 4805 2258 4847; x_wconf 83' lang='lat' dir='ltr'><strong>vero</strong></span> <span class='ocrx_word' id='word_1_815' title='bbox 2301 4809 2410 4850; x_wconf 92' lang='lat' dir='ltr'><strong>non</strong></span> <span class='ocrx_word' id='word_1_816' title='bbox 2457 4795 2753 4869; x_wconf 87' lang='lat' dir='ltr'><strong>recipimus</strong></span> <span class='ocrx_word' id='word_1_817' title='bbox 2804 4813 2927 4868; x_wconf 70' lang='lat' dir='ltr'><strong>quae</strong></span> <span class='ocrx_word' id='word_1_818' title='bbox 2981 4799 3331 4859; x_wconf 88' lang='lat' dir='ltr'><strong>administrat</strong></span> <span class='ocrx_word' id='word_1_819' title='bbox 3376 4802 3569 4864; x_wconf 83' lang='lat' dir='ltr'><strong>Provi-</strong></span> 
     </span>
    </p>
   </div>
   <div class='ocr_carea' id='block_1_108' title="bbox 1996 5099 2359 5158">
    <p class='ocr_par' dir='ltr' id='par_1_108' title="bbox 1996 5099 2359 5158">
     <span class='ocr_line' id='line_1_108' title="bbox 1996 5099 2359 5158; baseline 0.014 -5"><span class='ocrx_word' id='word_1_820' title='bbox 1996 5099 2359 5158; x_wconf 76' lang='grc' dir='ltr'>αἰσθάνεσθαι.</span> 
     </span>
    </p>
   </div>
   <div class='ocr_carea' id='block_1_109' title="bbox 2061 5171 3566 5253">
    <p class='ocr_par' dir='ltr' id='par_1_109' title="bbox 2061 5171 3566 5253">
     <span class='ocr_line' id='line_1_109' title="bbox 2061 5171 3566 5253; baseline 0.013 -28"><span class='ocrx_word' id='word_1_821' title='bbox 2061 5171 2140 5253; x_wconf 55' lang='lat'><strong>(4})</strong></span> <span class='ocrx_word' id='word_1_822' title='bbox 2176 5174 2374 5253; x_wconf 63' lang='grc' dir='ltr'><strong>(ΙοόοειιΔ</strong></span> <span class='ocrx_word' id='word_1_823' title='bbox 2413 5173 2670 5253; x_wconf 69' lang='lat' dir='ltr'><strong>_Scorial.,</strong></span> <span class='ocrx_word' id='word_1_824' title='bbox 2717 5179 2809 5253; x_wconf 80' lang='grc' dir='ltr'><strong>ἐπὶ</strong></span> <span class='ocrx_word' id='word_1_825' title='bbox 2845 5178 2961 5253; x_wconf 80' lang='grc' dir='ltr'>τοῦ.</span> <span class='ocrx_word' id='word_1_826' title='bbox 3004 5179 3178 5241; x_wconf 86' lang='lat' dir='ltr'><strong>Paulo</strong></span> <span class='ocrx_word' id='word_1_827' title='bbox 3225 5193 3349 5253; x_wconf 89' lang='lat' dir='ltr'><strong>post</strong></span> <span class='ocrx_word' id='word_1_828' title='bbox 3394 5188 3566 5244; x_wconf 79' lang='lat' dir='ltr'><strong>codex</strong></span> 
     </span>
    </p>
   </div>
   <div class='ocr_carea' id='block_1_110' title="bbox 1992 5238 3565 5321">
    <p class='ocr_par' dir='ltr' id='par_1_110' title="bbox 1992 5238 3565 5321">
     <span class='ocr_line' id='line_1_110' title="bbox 1992 5238 3565 5321; baseline 0.012 -28"><span class='ocrx_word' id='word_1_829' title='bbox 1992 5238 2312 5321; x_wconf 44' lang='lat' dir='ltr'><strong>Vati-canus,</strong></span> <span class='ocrx_word' id='word_1_830' title='bbox 2350 5238 2684 5315; x_wconf 81' lang='grc' dir='ltr'>θελήσουσιν,</span> <span class='ocrx_word' id='word_1_831' title='bbox 2728 5250 2777 5301; x_wconf 83' lang='grc' dir='ltr'><strong>εί</strong></span> <span class='ocrx_word' id='word_1_832' title='bbox 2806 5238 3071 5318; x_wconf 78' lang='grc' dir='ltr'>ἐγένοντο,</span> <span class='ocrx_word' id='word_1_833' title='bbox 3106 5263 3162 5306; x_wconf 90' lang='lat' dir='ltr'><strong>et</strong></span> <span class='ocrx_word' id='word_1_834' title='bbox 3189 5238 3362 5321; x_wconf 54' lang='lat' dir='ltr'><strong>nimi,</strong></span> <span class='ocrx_word' id='word_1_835' title='bbox 3393 5238 3565 5312; x_wconf 60' lang='grc' dir='ltr'><strong>ἐιάἓέᾶῖ</strong></span> 
     </span>
    </p>
   </div>
   <div class='ocr_carea' id='block_1_111' title="bbox 1989 5310 2557 5403">
    <p class='ocr_par' dir='ltr' id='par_1_111' title="bbox 1989 5310 2557 5403">
     <span class='ocr_line' id='line_1_111' title="bbox 1989 5310 2557 5403; baseline 0.009 -39"><span class='ocrx_word' id='word_1_836' title='bbox 1989 5310 2225 5403; x_wconf 57' lang='grc' dir='ltr'>λαβέντα</span> <span class='ocrx_word' id='word_1_837' title='bbox 2251 5310 2557 5403; x_wconf 50' lang='grc' dir='ltr'>σύγκρισιν.</span> 
     </span>
    </p>
   </div>
   <div class='ocr_carea' id='block_1_112' title="bbox 2060 5382 3562 5466">
    <p class='ocr_par' dir='ltr' id='par_1_112' title="bbox 2060 5382 3562 5466">
     <span class='ocr_line' id='line_1_112' title="bbox 2060 5382 3562 5466; baseline 0.01 -31"><span class='ocrx_word' id='word_1_838' title='bbox 2060 5382 2138 5466; x_wconf 77' lang='lat'><strong>(5)</strong></span> <span class='ocrx_word' id='word_1_839' title='bbox 2163 5382 2346 5466; x_wconf 65' lang='lat' dir='ltr'><strong>Codex</strong></span> <span class='ocrx_word' id='word_1_840' title='bbox 2382 5382 2761 5466; x_wconf 72' lang='lat' dir='ltr'><strong>Scorialensis,</strong></span> <span class='ocrx_word' id='word_1_841' title='bbox 2787 5389 2854 5444; x_wconf 76' lang='grc' dir='ltr'>ἄν</span> <span class='ocrx_word' id='word_1_842' title='bbox 2880 5407 2986 5455; x_wconf 85' lang='grc' dir='ltr'>τις,</span> <span class='ocrx_word' id='word_1_843' title='bbox 3015 5392 3427 5466; x_wconf 71' lang='grc' dir='ltr'>προσαγομένου</span> <span class='ocrx_word' id='word_1_844' title='bbox 3458 5396 3562 5450; x_wconf 76' lang='grc' dir='ltr'><strong>κά·-</strong></span> 
     </span>
    </p>
   </div>
   <div class='ocr_carea' id='block_1_113' title="bbox 325 5445 2021 5530">
    <p class='ocr_par' dir='ltr' id='par_1_113' title="bbox 325 5445 2021 5530">
     <span class='ocr_line' id='line_1_113' title="bbox 325 5445 2021 5530; baseline 0.013 -40"><span class='ocrx_word' id='word_1_845' title='bbox 325 5451 451 5498; x_wconf 85' lang='lat' dir='ltr'><strong>cano</strong></span> <span class='ocrx_word' id='word_1_846' title='bbox 477 5445 629 5530; x_wconf 71' lang='lat' dir='ltr'><strong>deest</strong></span> <span class='ocrx_word' id='word_1_847' title='bbox 647 5445 1097 5530; x_wconf 48' lang='grc' dir='ltr'>νοχυάνάπτυξιν,</span> <span class='ocrx_word' id='word_1_848' title='bbox 1127 5465 1246 5519; x_wconf 76' lang='lat' dir='ltr'><strong>quae</strong></span> <span class='ocrx_word' id='word_1_849' title='bbox 1271 5460 1326 5504; x_wconf 92' lang='lat' dir='ltr'><strong>et</strong></span> <span class='ocrx_word' id='word_1_850' title='bbox 1346 5451 1537 5506; x_wconf 89' lang='lat' dir='ltr'><strong>abesse</strong></span> <span class='ocrx_word' id='word_1_851' title='bbox 1562 5459 1740 5520; x_wconf 87' lang='lat' dir='ltr'><strong>potest</strong></span> <span class='ocrx_word' id='word_1_852' title='bbox 1767 5453 1888 5510; x_wconf 88' lang='lat' dir='ltr'><strong>sine</strong></span> <span class='ocrx_word' id='word_1_853' title='bbox 1988 5468 2021 5530; x_wconf 65' lang='grc' dir='ltr'>ξε</span> 
     </span>
    </p>
   </div>
   <div class='ocr_carea' id='block_1_114' title="bbox 1861 5445 3557 5530">
    <p class='ocr_par' dir='ltr' id='par_1_114' title="bbox 1861 5445 3557 5530">
     <span class='ocr_line' id='line_1_114' title="bbox 1861 5445 3557 5530; baseline 0.004 -20"><span class='ocrx_word' id='word_1_854' title='bbox 1861 5469 1888 5510; x_wconf 82' lang='lat' dir='ltr'><strong>e</strong></span> <span class='ocrx_word' id='word_1_855' title='bbox 1988 5445 2178 5530; x_wconf 34' lang='grc' dir='ltr'>ξείνου·</span> <span class='ocrx_word' id='word_1_856' title='bbox 2204 5453 2310 5530; x_wconf 34' lang='grc' dir='ltr'>,τοῦ</span> <span class='ocrx_word' id='word_1_857' title='bbox 2364 5445 2853 5530; x_wconf 68' lang='grc' dir='ltr'>συγκεκρυμμένου</span> <span class='ocrx_word' id='word_1_858' title='bbox 2906 5445 3077 5530; x_wconf 60' lang='grc' dir='ltr'>πυρὸξ</span> <span class='ocrx_word' id='word_1_859' title='bbox 3455 5445 3557 5522; x_wconf 56' lang='lat'><strong>3:3.</strong></span> 
     </span>
    </p>
   </div>
   <div class='ocr_carea' id='block_1_115' title="bbox 328 5515 840 5585">
    <p class='ocr_par' dir='ltr' id='par_1_115' title="bbox 328 5515 840 5585">
     <span class='ocr_line' id='line_1_115' title="bbox 328 5515 840 5585; baseline 0.016 -23"><span class='ocrx_word' id='word_1_860' title='bbox 328 5520 509 5585; x_wconf 64' lang='lat' dir='ltr'><strong>sensus</strong></span> <span class='ocrx_word' id='word_1_861' title='bbox 539 5515 840 5585; x_wconf 86' lang='lat' dir='ltr'><strong>dispendio.</strong></span> 
     </span>
    </p>
   </div>
   <div class='ocr_carea' id='block_1_116' title="bbox 389 5581 1888 5684">
    <p class='ocr_par' dir='ltr' id='par_1_116' title="bbox 389 5581 1888 5684">
     <span class='ocr_line' id='line_1_116' title="bbox 389 5581 1888 5684; baseline 0.003 -44"><span class='ocrx_word' id='word_1_862' title='bbox 389 5581 461 5654; x_wconf 78' lang='lat'><strong>(3)</strong></span> <span class='ocrx_word' id='word_1_863' title='bbox 500 5581 1240 5684; x_wconf 41' lang='grc' dir='ltr'>λΔιαπριιξθήρεταιίίξοςεκ</span> <span class='ocrx_word' id='word_1_864' title='bbox 1258 5586 1553 5684; x_wconf 52' lang='lat' dir='ltr'><strong>Vcaticanus</strong></span> <span class='ocrx_word' id='word_1_865' title='bbox 1582 5594 1744 5684; x_wconf 64' lang='lat' dir='ltr'><strong>habet</strong></span> <span class='ocrx_word' id='word_1_866' title='bbox 1770 5595 1888 5650; x_wconf 72' lang='grc' dir='ltr'>δια.</span> 
     </span>
    </p>
   </div>
   <div class='ocr_carea' id='block_1_117' title="bbox 330 5654 1885 5813">
    <p class='ocr_par' dir='ltr' id='par_1_117' title="bbox 330 5654 1885 5813">
     <span class='ocr_line' id='line_1_117' title="bbox 331 5654 1885 5779; baseline 0.01 -74"><span class='ocrx_word' id='word_1_867' title='bbox 331 5656 700 5772; x_wconf 56' lang='grc' dir='ltr'>πςοσφέρεται.</span> <span class='ocrx_word' id='word_1_868' title='bbox 736 5654 905 5710; x_wconf 88' lang='lat' dir='ltr'><strong>Paulo</strong></span> <span class='ocrx_word' id='word_1_869' title='bbox 933 5666 1053 5779; x_wconf 51' lang='lat' dir='ltr'><strong>post</strong></span> <span class='ocrx_word' id='word_1_870' title='bbox 1074 5659 1243 5713; x_wconf 83' lang='lat' dir='ltr'><strong>codex</strong></span> <span class='ocrx_word' id='word_1_871' title='bbox 1271 5658 1650 5731; x_wconf 87' lang='lat' dir='ltr'><strong>Scorialensis,</strong></span> <span class='ocrx_word' id='word_1_872' title='bbox 1678 5665 1754 5732; x_wconf 83' lang='grc' dir='ltr'><strong>ὼς</strong></span> <span class='ocrx_word' id='word_1_873' title='bbox 1787 5683 1885 5753; x_wconf 65' lang='lat' dir='ltr'><strong>ire:</strong></span> 
     </span>
     <span class='ocr_line' id='line_1_118' title="bbox 330 5724 1882 5813; baseline 0.013 -38"><span class='ocrx_word' id='word_1_874' title='bbox 330 5730 376 5783; x_wconf 82' lang='grc' dir='ltr'><strong>ρι</strong></span> <span class='ocrx_word' id='word_1_875' title='bbox 403 5727 614 5780; x_wconf 79' lang='grc' dir='ltr'>νπεῖται</span> <span class='ocrx_word' id='word_1_876' title='bbox 638 5724 838 5797; x_wconf 73' lang='grc' dir='ltr'>μᾶλλον</span> <span class='ocrx_word' id='word_1_877' title='bbox 866 5728 937 5780; x_wconf 80' lang='grc' dir='ltr'>ὲπ</span> <span class='ocrx_word' id='word_1_878' title='bbox 980 5743 1059 5798; x_wconf 81' lang='grc' dir='ltr'>τῳ</span> <span class='ocrx_word' id='word_1_879' title='bbox 1091 5727 1462 5801; x_wconf 81' lang='grc' dir='ltr'>αἰσθάνεσθαι,</span> <span class='ocrx_word' id='word_1_880' title='bbox 1486 5733 1644 5813; x_wconf 73' lang='grc' dir='ltr'>εἴπερ</span> <span class='ocrx_word' id='word_1_881' title='bbox 1682 5738 1776 5794; x_wconf 78' lang='grc' dir='ltr'>ἐπὶ</span> <span class='ocrx_word' id='word_1_882' title='bbox 1802 5755 1882 5811; x_wconf 82' lang='grc' dir='ltr'>τῳ</span> 
     </span>
    </p>
   </div>
   <div class='ocr_carea' id='block_1_118' title="bbox 1985 5522 2976 5599">
    <p class='ocr_par' dir='ltr' id='par_1_118' title="bbox 1985 5522 2976 5599">
     <span class='ocr_line' id='line_1_119' title="bbox 1985 5522 2976 5599; baseline 0.006 -23"><span class='ocrx_word' id='word_1_883' title='bbox 1985 5522 2132 5599; x_wconf 61' lang='lat' dir='ltr'><strong>Infra</strong></span> <span class='ocrx_word' id='word_1_884' title='bbox 2165 5522 2330 5599; x_wconf 79' lang='lat' dir='ltr'><strong>idem,</strong></span> <span class='ocrx_word' id='word_1_885' title='bbox 2358 5522 2455 5580; x_wconf 78' lang='grc' dir='ltr'>ὅτε</span> <span class='ocrx_word' id='word_1_886' title='bbox 2480 5522 2790 5599; x_wconf 61' lang='grc' dir='ltr'>καθαρτικὰ</span> <span class='ocrx_word' id='word_1_887' title='bbox 2816 5533 2976 5584; x_wconf 84' lang='grc' dir='ltr'>ποιεῖ.</span> 
     </span>
    </p>
   </div>
   <div class='ocr_carea' id='block_1_119' title="bbox 2061 5586 3558 5668">
    <p class='ocr_par' dir='ltr' id='par_1_119' title="bbox 2061 5586 3558 5668">
     <span class='ocr_line' id='line_1_120' title="bbox 2061 5586 3558 5668; baseline 0.012 -21"><span class='ocrx_word' id='word_1_888' title='bbox 2061 5592 2141 5664; x_wconf 75' lang='lat' dir='ltr'><strong>(6i</strong></span> <span class='ocrx_word' id='word_1_889' title='bbox 2186 5586 2325 5668; x_wconf 62' lang='grc' dir='ltr'>Τότε</span> <span class='ocrx_word' id='word_1_890' title='bbox 2360 5595 2564 5668; x_wconf 79' lang='grc' dir='ltr'>αὐτὴν</span> <span class='ocrx_word' id='word_1_891' title='bbox 2600 5586 2986 5654; x_wconf 68' lang='grc' dir='ltr'>συνετέλεσε.</span> <span class='ocrx_word' id='word_1_892' title='bbox 3027 5600 3215 5661; x_wconf 79' lang='lat' dir='ltr'><strong>Codex</strong></span> <span class='ocrx_word' id='word_1_893' title='bbox 3262 5602 3558 5668; x_wconf 79' lang='lat' dir='ltr'><strong>Vaticanus</strong></span> 
     </span>
    </p>
   </div>
   <div class='ocr_carea' id='block_1_120' title="bbox 1984 5664 2904 5750">
    <p class='ocr_par' dir='ltr' id='par_1_120' title="bbox 1984 5664 2904 5750">
     <span class='ocr_line' id='line_1_121' title="bbox 1984 5664 2904 5750; baseline 0.002 -28"><span class='ocrx_word' id='word_1_894' title='bbox 1984 5664 2542 5750; x_wconf 54' lang='lat' dir='ltr'><strong>habst,n&#39;.6_én‘nabctp</strong></span> <span class='ocrx_word' id='word_1_895' title='bbox 2565 5670 2904 5750; x_wconf 39' lang='grc' dir='ltr'><strong>,συνετέλεσεἶ</strong></span> 
     </span>
    </p>
   </div>
   <div class='ocr_carea' id='block_1_121' title="bbox 2062 5731 3107 5813">
    <p class='ocr_par' dir='ltr' id='par_1_121' title="bbox 2062 5731 3107 5813">
     <span class='ocr_line' id='line_1_122' title="bbox 2062 5731 3107 5813; baseline 0.011 -26"><span class='ocrx_word' id='word_1_896' title='bbox 2062 5733 2142 5804; x_wconf 86' lang='grc'><strong>(7)</strong></span> <span class='ocrx_word' id='word_1_897' title='bbox 2164 5731 2345 5792; x_wconf 82' lang='lat' dir='ltr'><strong>Codex</strong></span> <span class='ocrx_word' id='word_1_898' title='bbox 2374 5731 2755 5809; x_wconf 85' lang='lat' dir='ltr'><strong>Scorialensis,</strong></span> <span class='ocrx_word' id='word_1_899' title='bbox 2778 5742 2905 5813; x_wconf 84' lang='grc' dir='ltr'>παρ’</span> <span class='ocrx_word' id='word_1_900' title='bbox 2927 5741 3107 5798; x_wconf 81' lang='grc' dir='ltr'>αὐτόν.</span> 
     </span>
    </p>
   </div>
  </div>
