4296 6288
577 319 682 374 537

2054 315 2378 373 ORIGENIS

3736 320 3844 374 διο

583 432 773 488 (lentia
804 432 869 485 ad
912 430 1293 501 perfectionem
1323 445 1423 485 nos
1457 431 1699 495 trahens,
1746 429 1854 487 Deo
1897 431 1965 485 ab
1999 431 2156 485 intel-
2187 439 2231 494 Α
2264 452 2279 484 ε

2151 461 2156 470 -
2187 439 2231 494 Α
2264 431 2582 485 συντελείτω
2618 431 2792 484 πάντα
2830 430 2908 493 εἰς
2938 428 3238 500 παράδοσιν
3277 430 3609 505 ἐπιστήμης,
3639 436 3847 499 ἐκεῖνος

580 525 782 595 ligente
805 523 909 578 dici
955 532 1136 592 posset
1166 541 1179 576 :
1217 521 1611 578 Consummasti
1654 541 1762 589 eos,
1792 534 1842 578 et
1873 525 2153 579 noluerunt

585 620 812 688 recipere
836 615 1192 683 disciplinam.

2261 526 2317 578 δὲ
2352 524 2425 595 μὴ
2447 521 2834 595 παραδεχέσθω
2869 520 2937 575 τὰ
2961 522 3248 593 λεγόμενα·
3277 524 3483 598 εἴποιμ’
3506 527 3574 582 ἂν
3595 529 3724 599 περὶ
3752 526 3848 583 τοῦ

2263 616 2504 670 τοιούτου
2549 614 2627 686 τῷ
2670 615 3004 686 διδασκάλῳ·
3028 616 3104 686 (1)
3134 617 3492 684 Συνετέλεσας
3533 621 3710 687 τόνδε,
3754 621 3849 675 καὶ

587 712 685 766 οὐκ
724 711 942 781 ἠθέλησε
975 709 1227 773 δέξασθαι
1256 708 1517 763 παιδείαν.
1563 711 1731 764 Ἐπάν
1771 707 1863 765 οὖν
1904 712 1974 765 τὰ
2012 713 2118 766 ἀπὸ
2149 715 2246 785 τῆς
2260 713 2522 784 Προνοίας
2538 712 2791 783 γίγνηται
2812 711 2988 764 πάντα
3015 713 3095 774 εἰς
3116 714 3263 783 ἡμᾶς
3279 714 3367 767 ἵνα
3385 715 3848 786 συντελεσθῶμευ,

580 806 674 859 καὶ
699 803 1087 874 τελειωθῶμεν,
1119 806 1278 875 ἡμεῖς
1310 805 1366 858 δέ
1401 804 1474 877 μὴ
1502 806 1937 878 παραδεχώμεθα
1960 807 2029 861 τὰ
2056 806 2154 876 τῆς
2193 809 2458 880 Προνοίας
2505 809 2602 878 τῆς
2656 808 2746 860 ἐπὶ
2776 806 3089 877 τελειότητα
3115 810 3265 879 ἡμᾶς
3302 810 3583 881 ἑλκούσης,
3634 811 3854 885 λεχθείη

584 894 649 949 ἂν
694 895 795 947 ὑπὸ
826 892 919 947 τοῦ
953 894 1197 959 νοοῦντος
1243 893 1322 964 τῷ
1364 894 1513 965 Θεῷ·
1551 896 1746 964 Κύριε,
1772 897 2179 963 συνετέλεσας
2214 898 2458 965 αὐτοὺς,
2490 899 2587 951 καὶ
2615 900 2725 951 οὐκ
2752 896 3067 966 ἠθέλησαν
3091 898 3381 965 δέξασθαι
3410 903 3703 958 παιδείαν,

652 987 707 1040 5.
744 984 1123 1039 Firmaverunt
1152 985 1316 1054 facies
1342 1001 1465 1038 suas
1490 1002 1647 1055 super
1668 998 1875 1056 petram
1908 987 1974 1040 ⁸⁵.
2003 986 2158 1042 Intel-

579 1080 717 1148 liges
736 1088 790 1134 et
840 1080 946 1135 hoc
993 1096 1057 1134 ex
1092 1078 1456 1134 crassioribus
1493 1081 1889 1149 peccatoribus.
1921 1078 2155 1145 Quidam

579 1172 725 1226 enim
782 1171 911 1225 dum
949 1172 1390 1240 reprehensionis
1447 1187 1729 1226 sermones
1783 1174 2033 1236 audiunt,
2090 1173 2157 1226 de

579 1271 805 1332 peccato
826 1262 1176 1325 erubescunt,
1240 1277 1407 1331 seque
1441 1263 1785 1317 abscondunt
1816 1272 1869 1315 et
1925 1262 2158 1317 submit-

580 1364 705 1409 tunt
731 1368 983 1409 sermone
1015 1354 1286 1424 perstricti
1307 1362 1634 1423 coarguente
1658 1371 1672 1419 ;
1699 1353 1791 1407 alii
1818 1369 1945 1407 vero
1972 1354 2157 1407 istius-

583 1447 729 1500 modi
762 1457 909 1512 sunt,
935 1453 995 1499 ut
1020 1446 1221 1499 rubore
1244 1456 1485 1510 careant,
1518 1445 1775 1514 nullaque
1824 1444 2157 1499 verecundia

585 1536 893 1591 adiciantur
925 1536 994 1589 ob
1019 1550 1082 1589 ea
1114 1536 1179 1589 de
1226 1534 1426 1604 quibus
1475 1535 1968 1605 reprehenduntur,
2020 1544 2074 1589 et
2101 1536 2157 1589 in

587 1628 790 1699 quibus
821 1633 1203 1697 peccaverunt.
1252 1626 1326 1680 De
1344 1626 1431 1680 his
1462 1627 1645 1696 itaque
1672 1642 1811 1697 quos
1837 1642 1944 1681 non
1974 1627 2158 1696 pudet,

588 1719 769 1773 dicere
790 1717 993 1787 poteris
1022 1735 1034 1771 :
1063 1716 1437 1770 Firmaverunt
1486 1717 1647 1787 facies
1697 1733 1822 1771 suas
1877 1735 2031 1785 super
2072 1735 2162 1788 pe-

2342 986 2750 1054 Ἐστερέωσαν
2771 985 2844 1039 τὰ
2872 987 3165 1053 πρόσωπα
3190 987 3391 1042 αὐτῶν
3411 990 3565 1058 ὑπὲρ
3600 991 3844 1060 πέτραν.

2260 1081 2492 1151 Νοήσεις
2541 1077 2634 1131 καὶ
2683 1076 2843 1130 τοῦτο
2888 1077 2995 1130 ἀπὸ
3055 1077 3162 1130 τῶν
3215 1082 3687 1151 σωματικωτέρων
3737 1082 3849 1137 τῶν

2259 1170 2702 1243 ἁμαρτανόντων.
2732 1169 2794 1222 Οἱ
2822 1169 2918 1239 μὲν
2937 1170 3230 1232 ἀκούοντες
3256 1171 3448 1240 λόγους
3475 1172 3846 1242 ἐλεγκτικοὺς,

2262 1266 2354 1319 ἐπὶ
2394 1267 2460 1334 τῇ
2514 1262 2760 1333 ἁμαρτίᾳ
2810 1261 3141 1334 ἐρυθριῶσι,
3190 1264 3284 1316 καὶ
3318 1264 3694 1331 καταδύονται,
3752 1266 3849 1321 καὶ

2262 1354 2678 1416 ὑποπίπτουσιν,
2718 1351 3022 1422 ἁπτομένου
3068 1353 3161 1404 τοῦ
3189 1352 3348 1420 λόγου
3387 1354 3480 1407 τοῦ
3531 1354 3847 1423 ἐλεγκτικοῦ

2262 1446 2441 1499 αὐτῶν
2461 1462 2474 1475 ’
2497 1446 2546 1497 οἱ
2586 1444 2642 1496 δὲ
2669 1442 2900 1497 τοιοῦτοί
2936 1445 3093 1509 εἰσιν,
3119 1442 3258 1496 ὥστε
3293 1445 3488 1508 αὐτοὺς
3523 1447 3842 1518 ἀνερυθριά-

2266 1556 2421 1602 στους
2456 1534 2592 1592 εἶναι
2649 1536 2724 1607 μὴ
2762 1534 3113 1606 αἰδουμένους
3150 1535 3234 1604 ἐφ’
3276 1530 3356 1600 οἷς
3386 1535 3716 1609 ἐλέγχονται,
3759 1541 3842 1610 ἐφ’

2265 1626 2346 1695 οἷς
2386 1631 2789 1702 ἡμαρτήκασιν.
2820 1627 3010 1691 Εἴποις
3048 1627 3113 1681 ἂν
3143 1624 3236 1681 οὖν
3271 1631 3396 1700 περὶ
3423 1628 3627 1685 τούτων
3660 1632 3711 1685 οἳ
3745 1633 3844 1686 οὐκ

2269 1722 2557 1777 αἰδοῦνταιο
2607 1718 3016 1787 Ἐστερέωσαν
3050 1717 3122 1771 τὰ
3148 1720 3438 1787 πρόσωπα
3459 1722 3658 1774 αὐτῶν
3693 1718 3844 1790 ὑπὲρ

590 1822 753 1864 tram.
781 1807 836 1862 Si
862 1809 915 1861 in
965 1809 1246 1878 corporeis
1278 1809 1380 1863 hoc
1403 1809 1735 1874 intellexisti,
1759 1811 1996 1866 transfer
2029 1812 2160 1867 illud
2195 1819 2235 1872 Β
2265 1832 2286 1867 :

2147 1813 2160 1867 Ι
2195 1819 2235 1872 Β
2265 1813 2505 1882 πέτραν.
2541 1813 2604 1865 Εἰ
2640 1812 2905 1881 νενόηκας
2932 1809 3157 1863 ἐπὶτῶν
3200 1811 3526 1881 σωματικῶν
3562 1812 3712 1873 αὐτὸ,
3747 1830 3843 1882 με-

587 1899 917 1969 cogitatione
951 1899 1017 1952 ad
1066 1899 1327 1964 animam,
1378 1900 1683 1969 intelligens
1732 1900 1925 1957 faciem
1954 1902 2021 1958 de
2054 1919 2162 1973 qua

588 1990 790 2044 dicitur
818 1989 863 2020 ‘°
894 2008 906 2043 :
948 1988 1091 2042 Tunc
1124 2005 1241 2043 vero
1269 1990 1404 2059 facie
1436 1990 1505 2043 ad
1540 1990 1729 2060 faciem
1752 2005 1772 2042 .·
1802 2002 1855 2046 et
1884 1993 2006 2047 vide
2040 1995 2165 2048 ani-

587 2098 734 2136 niam
759 2083 974 2143 duram,
1011 2081 1172 2148 quale
1203 2089 1322 2134 erat
1354 2096 1452 2135 cor
1485 2079 1787 2137 Pharaonis
1822 2082 2160 2148 induratum,

587 2174 662 2228 ita
693 2181 753 2227 ut
809 2172 1032 2226 monitis
1084 2169 1403 2225 refraetaria
1460 2171 1702 2238 resistat,
1746 2182 1800 2227 et
1848 2174 2015 2228 veluti
2044 2190 2073 2229 a
2105 2191 2164 2230 se

584 2266 839 2337 rejicicns
864 2281 925 2320 ea
982 2280 1106 2334 qua:
1157 2265 1439 2329 dicuntur,
1469 2266 1772 2320 secundum
1808 2268 2013 2321 monita
2056 2271 2161 2321 mi-

587 2358 735 2412 nime
763 2356 1047 2411 formetur.
1074 2353 1153 2409 lbi
1184 2356 1330 2410 enim
1362 2357 1602 2425 reperies
1654 2373 1958 2428 congruere
1990 2360 2119 2413 illud
2146 2378 2158 2413 :

597 2447 973 2503 Firmaverunt
1004 2448 1168 2516 [acies
1203 2464 1329 2501 suus
1382 2464 1536 2516 super
1557 2459 1782 2516 petram,
1814 2459 1861 2502 et
1883 2450 2163 2503 noluerunt

588 2540 797 2594 reverti.
823 2540 983 2610 166
1001 2538 1067 2591 Et
1097 2555 1188 2608 ego
1215 2539 1332 2592 dixi
1359 2553 1378 2590 :
1399 2537 1648 2593 Fortasse
1670 2540 1849 2608 inopes
1877 2548 2018 2604 sunt,
2040 2541 2166 2610 quia

589 2632 869 2684 noluerunt
894 2645 1202 2697 coynoscere
1238 2630 1381 2683 viam
1404 2629 1620 2682 Domini
1650 2642 1698 2681 et
1715 2629 1985 2698 judicium
2029 2628 2166 2692 Dei;

588 2747 674 2802 ibo
698 2747 767 2801 ad
806 2747 1105 2810 Optimates,
1130 2756 1178 2798 et
1221 2745 1410 2814 loquar
1450 2746 1524 2798 eis
1548 2744 1613 2799 ³⁷.
1643 2744 1776 2799 Cum
1808 2745 1923 2800 haec
1954 2744 2165 2799 intelle-

590 2840 764 2895 xisset
784 2839 850 2891 de
880 2837 950 2892 iis
982 2837 1077 2906 qui
1105 2838 1296 2891 nolunt
1322 2836 1563 2905 recipere
1595 2836 1962 2905 disciplinam,
1992 2850 2167 2907 neque

593 2931 661 2985 de
701 2928 929 2999 ﬂagellis
956 2928 1023 2982 ad
1049 2944 1241 2983 sanam
1277 2936 1513 2981 mentem
1548 2927 1798 2991 redeunt,
1849 2926 2041 2980 horum
2092 2925 2167 2979 ait

593 3038 651 3076 se
684 3035 910 3075 causam
940 3022 1306 3089 perspexisse,
1338 3019 1468 3088 quia
1498 3033 1692 3089 nempe
1718 3018 1878 3088 inops
1906 3026 1991 3072 est
2024 3017 2170 3086 ipso-

592 3129 715 3168 rum
746 3113 948 3166 anima.
982 3109 1052 3164 Et
1074 3126 1166 3180 ego
1188 3110 1299 3163 duri
1330 3108 1624 3163 :Fortasse
1659 3110 1835 3179 inopes
1857 3118 2006 3171 sunt,
2042 3108 2169 3178 quia

592 3221 694 3258 non
718 3210 1023 3274 potuerunt,
1055 3202 1183 3271 quia
1208 3217 1311 3255 non
1342 3210 1693 3271 cognoverunt
1750 3200 1891 3254 viam
1926 3197 2164 3262 Domini,

593 3307 641 3353 et
670 3296 937 3366 judicium
977 3295 1107 3360 Dei;
1170 3295 1256 3348 ibo
1309 3296 1376 3348 ad
1408 3295 1710 3363 optimates,
1755 3302 1804 3347 et
1846 3291 2036 3363 loquar
2069 3290 2164 3345 eis.

595 3389 899 3457 Optimates
921 3387 1121 3442 animis
1156 3387 1381 3441 honoris
1408 3402 1574 3441 causa
1601 3385 1856 3439 dicuntur
1885 3402 1898 3437 :
1929 3384 2002 3437 ita
2024 3381 2167 3436 enim

595 3480 739 3550 apud
767 3479 986 3533 Graecos
1015 3478 1076 3531 τὸ
1107 3477 1266 3549 ἁδρὸν
1302 3477 1614 3547 frequenter
1650 3483 1948 3545 usurpatur
1994 3474 2063 3530 ad
2090 3472 2171 3529 si-

596 3572 960 3641 gniﬁcandam
995 3571 1190 3625 anima:
1237 3572 1447 3624 ratione
1474 3568 1677 3624 utentis
1716 3550 2167 3637 magnitudinem.

596 3666 826 3733 Quando
852 3664 999 3719 enim
1032 3664 1155 3733 quis
1197 3677 1427 3732 magnas
1476 3676 1565 3717 res
1591 3659 1925 3731 aggreditur,
1954 3667 2008 3713 et
2042 3671 2165 3727 pro-

596 3758 751 3828 ponit
784 3756 887 3810 sibi
916 3754 1203 3824 magniﬁca
1236 3767 1487 3822 quaeque,
1522 3765 1842 3820 semperque
1878 3750 2081 3818 cogitat
2110 3764 2173 3802 ea

598 3862 721 3916 qua:
745 3847 955 3908 decent,
990 3841 1268 3915 quomodo
1298 3857 1364 3895 ex
1417 3848 1565 3894 recta
1615 3838 1826 3893 ratione
1882 3838 2044 3892 vitam
2090 3836 2176 3890 in-

600 3936 812 3999 stituat,
846 3935 983 3990 nihil
1035 3932 1263 3997 humile,
1316 3930 1456 3985 nihil
1491 3944 1717 3999 parvum
1747 3929 1971 3998 cupiens
2000 3942 2177 3996 neque

602 4036 875 4097 spectans,
938 4025 1028 4079 hic
1077 4024 1345 4093 optimum
1401 4020 1801 4089 sublimemque
1851 4018 2012 4072 habet
2054 4017 2176 4070 ani»

602 4134 774 4173 mimi.
817 4115 882 4170 Hi
932 4117 1137 4184 itaque,
1190 4113 1450 4184 quoniam
1501 4120 1660 4167 erant
1695 4125 1982 4181 pauperes,
2037 4122 2178 4179 quos

605 4210 820 4282 priores
850 4225 1029 4265 sermo
1085 4208 1450 4278 reprehendit,
1499 4221 1609 4260 non
1657 4205 1965 4267 audierunt,
2001 4200 2180 4271 inquit

603 4302 873 4375 Propheta
897 4321 911 4357 :
939 4302 1145 4357 idcirco
1180 4316 1285 4354 non
1311 4298 1623 4363 audierunt,
1645 4296 1772 4367 quia
1807 4299 1998 4363 inepes
2015 4300 2175 4347 sunt:

606 4393 703 4448 Ibo
727 4394 795 4447 ad
819 4393 1125 4461 optimates,
1156 4400 1203 4442 et
1233 4389 1421 4456 loquar
1441 4389 1538 4441 eis.
1598 4385 1753 4451 Quod
1785 4385 1833 4440 si
1864 4386 2075 4437 beatum
2102 4390 2180 4436 est

2266 1905 2405 1958 τάϐα
2426 1921 2513 1975 μοι
2529 1902 2606 1974 τῷ
2636 1902 2779 1972 λόγῳ
2812 1902 2904 1953 ἐπὶ
2917 1900 3015 1972 τὴν
3040 1900 3319 1972 ψυχὴν,(2)
3340 1903 3536 1971 νοήσας
3555 1902 3839 1969 πρόσωπον

2267 1999 2393 2068 περὶ
2409 1991 2469 2050 οὗ
2484 1994 2698 2063 λέγεται
2717 2010 2730 2023 ⁸
2764 1996 2903 2047 Τότε
2917 1993 2985 2045 δὲ
2999 1993 3321 2060 πρόσωπον
3335 1992 3482 2060 πρὸς
3497 1993 3834 2059 πρόσωπον·

2266 2090 2361 2141 καὶ
2396 2090 2496 2159 ὅρα
2534 2086 2713 2157 ψυχὴν
2765 2083 3006 2156 στερεὰν,
3050 2086 3207 2138 ὁποία
3236 2080 3303 2156 ἦν
3343 2086 3378 2156 ἡ
3420 2084 3612 2156 καρδία
3643 2082 3839 2155 Φαραὼ

2266 2175 2678 2248 ἐσκληρωμένη,
2713 2174 2853 2228 ὥστε
2880 2175 3051 2246 αὐτὴν
3080 2177 3172 2228 ἐπὶ
3207 2177 3320 2239 τοῖς
3357 2175 3844 2246 ἀπαγγελλομένοις

2266 2270 2487 2324 ἑστάναι
2531 2266 2839 2330 ἀντίτυπον,
2882 2266 2975 2320 καὶ
3004 2266 3189 2337 ὥσπερ
3217 2266 3625 2321 ἀποϐάλλουσαν
3656 2266 3723 2319 τὰ
3757 2265 3847 2320 λε-

2267 2361 2503 2431 γόμενα,
2538 2357 2611 2429 μὴ
2653 2358 3037 2428 μορφουμένην
3085 2357 3225 2411 κατὰ
3269 2357 3338 2410 τὰ
3372 2357 3841 2428 ἀπαγγελλόμενα.

2281 2452 2429 2504 Ἐκεῖ
2448 2450 2554 2520 γὰρ
2572 2449 2825 2519 εὑρήσεις
2852 2450 2933 2501 ὅτι
2957 2448 3180 2519 ἁρμόζει
3206 2447 3296 2499 τό·
3338 2447 3746 2515 Ἐστερέωσαν
3774 2450 3848 2503 τὰ

2269 2541 2560 2608 πρόσωπα
2602 2537 2801 2592 αὐτῶν
2845 2537 2996 2604 ὑπὲρ
3036 2535 3290 2604 πέτραν,
3337 2536 3436 2589 καὶ
3468 2541 3579 2591 οὐκ
3629 2537 3846 2607 ἠθέλη-

2269 2648 2391 2685 σαν
2414 2630 2881 2701 ἐπιστραφῆναι,
2916 2628 3075 2698 κάγὼ
3103 2625 3250 2682 εἶπα
3268 2646 3281 2658 ·
3313 2630 3497 2707 ’ζσως
3523 2630 3746 2700 πτωχοί
3761 2633 3843 2683 εὶ-

2268 2738 2396 2787 σιν,
2431 2722 2521 2777 ὅτι
2551 2726 2661 2776 οὐκ
2692 2721 3003 2790 ἠθέλησαν
3039 2718 3257 2790 γνῶναι
3287 2720 3431 2775 ὁδὸν
3470 2722 3711 2788 Κυρίου,
3746 2723 3845 2776 καὶ

2273 2816 2475 2885 κρίσιν
2505 2814 2673 2868 Θεοῦ·
2704 2814 3071 2882 πορεύσομαι
3098 2811 3245 2880 πρὸς
3283 2811 3426 2877 τοὺς
3463 2812 3703 2881 ἁδροὺς,
3748 2814 3845 2868 καὶ

2272 2909 2523 2980 λαλήσω
2550 2908 2772 2974 αὐτοῖς.
2807 2906 2993 2961 Ταῦτα
3030 2907 3229 2978 νοήσας
3271 2905 3399 2976 περὶ
3427 2906 3535 2959 τῶν
3566 2905 3638 2975 μὴ
3666 2906 3847 2959 θελόν-

2272 3019 2379 3054 των
2408 2999 2779 3069 παιδευθῆναι,
2820 2996 2893 3068 μὴ
2923 2994 3184 3049 νοούντων
3218 2995 3314 3047 ἐπὶ
3348 2998 3467 3058 ταῖς
3501 2995 3715 3065 μάστιξι
3756 2997 3850 3049 τοῦ

2273 3092 2444 3155 Θεοῦ,
2500 3092 2634 3162 φησὶ
2704 3086 2973 3160 νενοηκὼς
3025 3086 3087 3139 τὸ
3142 3085 3346 3140 τούτων
3400 3086 3604 3140 αἴτιον·
3648 3088 3845 3157 Πτωχή

2197 3151 2239 3209 C
2273 3151 2440 3238 ἐστιν.
2481 3151 2661 3238 αίῦτῶν
2717 3185 2751 3252 ἡ
2802 3151 2967 3251 ψυχή.
2999 3176 3173 3248 Κάγὼ
3202 3173 3373 3231 εἶπα·
3403 3180 3584 3244 Ἴσως
3629 3151 3853 3247 πτωχοί

2273 3280 2412 3341 εἱσι,
2465 3276 2612 3329 διότι
2655 3275 2769 3328 οὐκ
2820 3271 3242 3339 ἠδυνήθησαν,
3282 3268 3372 3322 ὅτι
3417 3271 3528 3323 οὐκ
3575 3269 3852 3338 ἔγνωσαν

2276 3368 2419 3422 ὁδὸν
2490 3367 2746 3434 Κυρίου,
2812 3362 2914 3417 καὶ
2984 3363 3185 3431 κρίσιν
3251 3359 3428 3415 Θεοῦ·
3487 3361 3850 3429 πορεύσομαι

2276 3460 2426 3528 πρὸς
2456 3458 2596 3523 τοὺς
2622 3456 2864 3525 ἁδροὺς,
2902 3454 3002 3509 καὶ
3042 3452 3295 3519 λαλήσω
3338 3453 3562 3519 αὐτοῖς.
3606 3453 3668 3507 Οἱ
3703 3452 3851 3523 ἁδροὶ

2276 3555 2397 3614 ταῖς
2420 3550 2615 3621 ψυχαῖς
2630 3551 2686 3601 ἐν
2706 3548 2912 3618 ἐπαίνῳ
2941 3546 3208 3614 λέγονται·
3236 3547 3330 3599 καὶ
3355 3547 3484 3615 παρ’
3504 3543 3725 3614 Ἕλλησι
3747 3542 3856 3614 γὰρ

2278 3643 2345 3695 τὸ
2360 3641 2540 3710 ἁδρὸν
2564 3639 2799 3710 συνεχῶς
2831 3636 3335 3709 όνομάζεται,κατὰ
3362 3636 3422 3688 τὸ
3456 3635 3739 3705 μεγαλεῖον
3776 3632 3856 3704 (5)

2278 3734 2380 3804 τῆς
2408 3733 2630 3801 λογικῆς
2656 3730 2857 3800 ψυχῆς.
2877 3731 3044 3781 Ὅταν
3071 3727 3179 3797 γάρ
3205 3745 3286 3789 τις
3312 3725 3562 3796 μεγάλοις
3596 3723 3863 3795 ἐπιϐάλλῃ

2281 3823 2587 3894 πράγμασι,
2633 3826 2724 3874 καὶ
2758 3819 3045 3890 προθέσεις
3083 3818 3181 3891 ἔχῃ
3221 3817 3551 3885 ἀξιολόγους,
3595 3817 3689 3869 καὶ⁵
3733 3831 3863 3869 σκο-

2282 3919 2374 3970 πεῖ
2400 3915 2486 3968 ἀεὶ
2514 3914 2585 3967 τὰ
2606 3913 2814 3977 δέοντα,
2850 3912 2967 3975 πῶς
2998 3910 3169 3983 βιώσῃ
3203 3909 3343 3963 κατὰ
3368 3908 3458 3961 τὸν
3491 3907 3646 3977 ὀρθὸν
3679 3906 3865 3974 λόγον,

2287 4007 2451 4079 μηδὲν
2471 4005 2724 4059 ταπεινὸν
2745 4005 2838 4058 καὶ
2869 4005 3061 4075 μικρὸν
3086 4002 3274 4066 θέλων,
3301 3999 3433 4071 μηδέ
3449 3998 3611 4071 ὁρῶν,
3634 3999 3663 4050 6
3685 3996 3867 4051 τοιοῦ-

2282 4116 2372 4162 τος
2391 4096 2451 4150 τὸ
2472 4097 2634 4169 ἁδρὸν
2668 4097 2761 4150 καὶ
2786 4096 2846 4150 τὸ
2877 4094 3157 4166 μεγαλεῖον
3185 4093 3294 4163 ἔχει
3316 4092 3380 4143 ἐν
3407 4093 3473 4161 τῇ
3505 4090 3650 4160 ψυχῇ
3672 4105 3686 4119 ο
3715 4085 3864 4144 οὗτοι

2283 4186 2396 4254 οὖν,
2422 4188 2541 4240 ἐπεὶ
2576 4182 2717 4259 ἦσαν
2755 4187 2976 4258 πτωχοὶ,
3012 4187 3061 4238 οἱ
3095 4184 3347 4256 πρότεροι
3370 4180 3463 4245 οὒς
3501 4180 3689 4249 ἔψεξεν
3724 4182 3752 4233 6
3775 4179 3869 4233 λό-

2284 4301 2398 4353 γος,
2435 4283 2532 4335 οὐκ
2565 4283 2825 4354 ἤκουσαν,
2862 4279 3026 4350 φησὶν
3059 4280 3088 4331 6
3131 4278 3433 4348 προφήτης.
3461 4272 3561 4327 Διά
3581 4273 3740 4327 τοῦτο
3759 4273 3865 4327 οὐκ

2285 4377 2524 4447 ἤκουσαν
2566 4374 2686 4426 ἐπεὶ
2719 4372 2923 4441 πτωχοί
2967 4371 3100 4421 εἰσι·
3134 4368 3505 4436 Πορεὺσομαι
3543 4363 3693 4431 πρὸς
3720 4363 3865 4430 τοὺς

604 4493 662 4540 in
694 4501 848 4540 aures
897 4482 1231 4536 audientium
1301 4480 1476 4546 loqui,
1530 4480 1746 4533 beatum
1806 4487 1888 4531 est
1938 4476 2181 4544 reperire
2215 4486 2300 4561 οι

2167 4491 2181 4529 3
2215 4506 2261 4561 ο
2287 4466 2526 4534 ἁδροὺς,
2575 4463 2673 4518 καὶ
2713 4463 2966 4530 λαλήσω
3015 4461 3237 4526 αὐτοῖς.
3280 4458 3390 4511 Kal
3434 4459 3481 4511 εἱ
3514 4454 3629 4508 ἔστι
3664 4452 3863 4523 μακά-

608 4580 925 4648 optimalem
959 4584 1014 4631 et
1069 4586 1333 4644 maguum
1388 4570 1715 4624 auditorem.
1748 4568 1960 4622 Idcirco
1993 4566 2077 4620 his
2108 4567 2181 4620 ita
2217 4545 2304 4627 ’,ι

2168 4584 2181 4620 ι
2217 4545 2260 4561 ’⁷
2278 4576 2416 4627 pter
2469 4552 2621 4609 εἶναι
2673 4555 2769 4607 ἐπὶ
2813 4554 2893 4619 τῷ
2946 4551 3147 4620 λέγειν
3189 4554 3275 4616 εὶς
3334 4545 3453 4604 ὦτα
3497 4548 3864 4608 ἀκουόντων,

611 4669 791 4734 dictis,
820 4670 1055 4724 scientes
1106 4682 1213 4721 non
1263 4671 1474 4719 tantum
1500 4661 1759 4715 damnum
1806 4673 1926 4712 esse
1948 4656 2156 4735 dicenti

614 4760 737 4819 bus.
771 4771 1038 4828 quantum
1065 4757 1438 4820 audientibus.
1478 4755 1522 4809 si
1554 4769 1663 4809 non
1694 4750 2037 4821 susceperint
2063 4764 2184 4817 quae

613 4850 873 4905 dicuntur
907 4850 1048 4922 (eam
1080 4852 1226 4906 enim
1253 4849 1324 4904 ob
1350 4864 1464 4902 rem
1491 4847 1772 4901 incusatur
1792 4844 1990 4899 mentis
2020 4851 2075 4897 et
2099 4841 2186 4895 in-

614 4941 925 5011 telligentia:
961 4941 1187 5013 inopia),
1246 4941 1500 5011 precibus
1547 4954 1579 4992 a
1616 4935 1727 4992 Deo
1786 4944 2057 5006 petamus,
2102 4944 2182 4995 ut,

612 5041 895 5089 crescente
946 5032 1000 5086 in
1048 5032 1206 5086 nobis
1258 5033 1489 5098 ratione,
1522 5030 1629 5084 vim
1660 5038 1714 5083 et
1751 5027 2181 5098 magnitudinem

611 5139 1017 5193 consequamur
1045 5123 1098 5176 in
1126 5121 1346 5177 Christo
1368 5122 1518 5187 Jesu,
1556 5128 1615 5175 ut
1646 5135 1831 5178 sacros
1853 5128 2185 5186 sanctosque

2290 4652 2556 4726 μακάριόν
2606 4651 2752 4702 ἐστιν
2801 4648 2894 4700 ἐὰν
2957 4642 3198 4715 πορεύσῃ
3245 4658 3328 4703 τις
3381 4641 3460 4703 εἰς
3525 4637 3710 4709 ἁδροῦ,
3772 4636 3869 4689 καὶ

2291 4744 2526 4817 μεγάλου
2565 4737 2853 4811 ἀκροατοῦ.
2886 4735 2982 4788 Διὰ
3012 4733 3168 4786 τοῦτο
3214 4731 3417 4785 τούτων
3457 4729 3599 4783 οὕτω
3641 4727 3871 4797 λεγομέ-

2288 4857 2415 4901 νων,
2450 4835 2649 4897 εἰδότες
2684 4833 2765 4884 ὅτι
2811 4831 2872 4882 οὐ
2917 4826 3088 4898 ζημία
3122 4828 3232 4888 τοῖς
3280 4824 3549 4891 λέγουσιν,
3582 4823 3705 4874 ὅσον
3754 4820 3869 4881 τοῖς

2289 4927 2577 4984 ἀκούουσίν
2606 4926 2742 4985 ἐστι,
2774 4923 2835 4975 τὸ
2882 4922 2957 4991 μὴ
2996 4915 3395 4990 παραδέχεσθαι
3428 4914 3496 4967 τὰ
3526 4909 3871 4982 ἀπαγγελλό-

2296 5039 2453 5095 μενα,
2467 5020 2546 5074 διὸ
2563 5019 2639 5090 (4)
2658 5016 2751 5070 καὶ
2777 5014 3071 5084 κατηγορεῖ
3098 5009 3369 5080 πτωχείας
3380 5007 3472 5059 τοῦ
3492 5005 3584 5059 νοῦ
3599 5003 3761 5060 αὐτοῦ
3775 5004 3870 5057 καὶ

2289 5117 2388 5187 τῆς
2431 5113 2684 5174 διανοίας,
2726 5107 3190 5181 παρακαλέσωμεν
3226 5100 3332 5155 ἀπὸ
3368 5097 3461 5152 τοῦ
3507 5096 3641 5150 Θεοῦ
3689 5096 3871 5149 λαϐεῖν

689 5264 735 5297 ⁸⁸
759 5262 964 5319 Jerem.
1001 5278 1055 5325 ν,
1090 5260 1145 5317 5.
1225 5260 1313 5313 ’⁵⁸1
1345 5259 1471 5314 Cor.
1505 5274 1626 5325 xm,
1656 5258 1741 5312 1‘2.
1820 5257 1862 5289 ⁸⁷
1915 5254 2028 5309 Jer.
2060 5270 2112 5318 ν,
2147 5255 2200 5318 5,
2231 5253 2286 5307 4.

677 5405 762 5477 (l)
799 5413 884 5476 Τῷ
937 5408 1302 5473 διδασκάλῳ.
1365 5406 1599 5476 Legebat
1627 5405 1941 5477 Corderius,
1968 5402 2080 5477 fro?)
2109 5401 2189 5477 διτ

621 5473 914 5544 δασκάλου,
941 5482 1102 5534 vertit
1126 5480 1304 5533 enim:
1330 5473 1552 5530 dixerim
1580 5478 1758 5546 utique
1786 5476 1849 5529 de
1888 5473 2190 5528 istiusmodi

622 5571 673 5623 pl
686 5564 958 5623 weeptorc.

697 5612 986 5689 (2"Codex
1028 5616 1339 5689 vaticanus,
1382 5616 1479 5689 τῆς
1508 5612 2201 5689 ψυχῆςηριῖιιίιοΑ-καρ-

622 5684 712 5759 δίᾴ
740 5689 939 5759 Φαραὼ
981 5688 1392 5759 ἐσκληρωμένη,
1432 5684 1773 5756 ὥστεαύτὴν
1805 5686 1898 5739 ἐπὶ
1927 5684 1994 5737 τὰ
2024 5686 2202 5748 ἀπαγ-

620 5757 921 5829 γελλόμενα
949 5758 1189 5812 ἐστάναι.

2361 5399 2446 5484 (5)
2485 5397 2666 5453 Codex
2696 5390 3077 5456 Scorialensis,
3109 5381 3454 5455 ὀνομάζεται,
3493 5378 3587 5432 καὶ
3612 5376 3673 5430 τὸ
3706 5393 3877 5452 μεγα-

2299 5471 2458 5609 λεῗῖἳ
2477 5538 2535 5593 ιη
2563 5536 2755 5609 codice
2776 5531 3041 5609 ‘iatiranr
3065 5523 3335 5609 emittitur
3363 5518 3873 5609 sestertium?!

2305 5586 2759 5681 ιρέίιίιίζάπξτοῦ
2792 5601 2924 5681 Θεοῦ
2945 5599 3124 5681 λαλεῖν
3151 5590 3513 5681 abelox/139)!)
3542 5586 3871 5644 Scoriaiensi

2308 5660 2457 5735 ὲῐρῖέέι
2475 5660 2654 5742 θεοῦ,
2687 5684 2739 5730 et
2761 5688 2860 5744 pro
2886 5670 3066 5722 λαλεῖν
3099 5666 3326 5720 habetur
3349 5660 3557 5716 λαϐεῖν.
