4296 6288
507 391 613 446 555

1991 382 2315 440 ORIGENIS

3669 385 3774 446 335

508 515 655 560 ctam
680 505 734 558 lu
767 502 986 557 Christo
1007 500 1155 563 Jesu,
1190 498 1276 553 cui
1300 506 1383 552 est
1413 498 1589 552 honor
1622 507 1674 553 et
1703 498 1990 568 imperium
2028 500 2080 551 in
2112 505 2145 560 Α

2185 495 2280 550 stat
2318 496 2748 569 καταργήσαντα
2779 496 2869 551 τδν
2914 496 3145 571 ἄρχοντα
3180 498 3275 552 τοῦ
3320 467 3511 563 αἰῶνος
3560 501 3771 569 τούτου,

508 596 725 650 secula.
766 594 959 647 Amen.

2189 588 2285 642 καὶ
2318 590 2746 661 καταργήσαντα
2772 588 2870 660 τὴν
2900 591 3193 662 ἁμαρτίαν,
3223 591 3432 664 δυνηθῶ
3464 598 3771 669 προσκυνῆ-

507 700 597 738 σαι
644 685 734 738 τὸν
774 682 906 735 Θεὸν
947 678 1153 743 ἐνθάδε,
1204 679 1298 731 καὶ
1336 675 1474 749 μετὰ
1518 675 1676 730 τοῦτο
1715 676 2073 747 προσκυνήσω
2110 674 2169 727 ὲν
2194 677 2257 745 τῇ
2287 677 2356 746 γῇ
2386 678 2451 747 τῇ
2483 676 2634 748 ἁγίᾳ.
2671 677 2734 729 Εἰ
2778 677 2889 748 γὰρ
2920 679 3304 748 προσκυνήσας
3346 697 3432 743 τις
3475 681 3544 734 τὰ
3583 682 3774 740 εἴδωλα

505 780 565 832 ἐν
594 780 659 848 τῇ
691 779 759 847 γῇ
792 778 856 846 τῇ
894 773 1025 844 ἁγίᾳ
1063 770 1400 842 ἀπελήλυθεν
1436 772 1516 833 εἰς
1544 770 1644 841 τὴν
1669 770 1782 839 θγῆν
1808 771 1909 841 τὴν
1947 767 2269 839 ἀλλοτρίαν,
2308 770 2693 840 προσκυνήσας
2733 787 2819 833 τις
2870 769 2962 822 ἰὸν
3009 769 3140 822 Θεὸν
3183 773 3240 823 ὲν
3282 774 3346 843 τῇ
3392 774 3463 843 γῇ
3508 776 3572 844 τῇ
3614 774 3744 828 ἀλλο

504 866 650 940 τρίᾳ,
681 864 1038 917 ἀπελεύσεται
1054 861 1146 914 ἐ.πί
1162 860 1258 932 τήν
1288 860 1391 930 γῆν
1420 859 1520 928 τὴν
1548 857 1710 926 ἁγίαν
1741 858 1798 910 ὲν
1826 854 2048 927 Χριστῷ
2097 858 2272 927 Ἰησοῦ
2293 874 2306 887 ⁸
2336 850 2381 925 ᾧ
2412 859 2445 927 ή
2481 855 2606 923 δόξα
2632 857 2806 911 καὶτὸ
2827 860 3025 929 κράτος
3049 861 3131 923 εἰς
3166 862 3293 924 τοὺς
3312 860 3530 924 αἰῶνας.
3574 863 3770 936 Ἀμήν.

1054 964 1339 1019 IIOMILIA
1376 960 1514 1016 VIII.

925 1057 1118 1129 (Juxta
1155 1055 1535 1124 Hieronymum
1570 1050 1656 1122 γ.)

893 1160 967 1215 De
997 1175 1062 1214 eo
1087 1159 1231 1228 quod
1262 1156 1523 1225 scriptum
1555 1164 1639 1208 est

725 1253 828 1319 Qui
860 1252 979 1323 fecit
1012 1261 1204 1303 terram
1235 1249 1290 1301 in
1316 1246 1631 1317 fortitudine
1656 1262 1753 1299 sua
1781 1246 1848 1299 ”.

2777 948 3072 1000 ΟΜΙΛΙΑ
3115 950 3194 1002 Η’.

2862 1018 2956 1078 Εἰς
3006 1018 3067 1070 τό
3086 1035 3099 1049 ο

2187 1108 2402 1181 Κύριος
2428 1110 2462 1160 ό
2493 1106 2753 1181 ποιήσας
2791 1106 2905 1181 τὴν
2949 1108 3074 1181 γῆξ
3110 1109 3185 1181 ἐνί
3232 1109 3303 1178 τῇ
3342 1111 3516 1181 ἰσχύϊ
3542 1111 3763 1168 αὐτοῦ’

2256 1177 2421 1301 μέχρι
2450 1176 2540 1229 τοῦ
2566 1194 2578 1207 ’
2624 1176 2967 1246 Ἐμωράνθή
2992 1176 3111 1244 πᾶς
3147 1176 3457 1248 ἄνθρωπος·
3478 1181 3598 1236 ἀπὸ
3620 1181 3767 1252 τνώα

2332 1267 2431 1301 we.

2332 1267 2431 1312 ως.

1665 1341 2021 1418 Interprete
2149 1342 2572 1420 Hieronymo.

579 1452 629 1505 Ι.
672 1449 805 1503 Tres
838 1443 1244 1518 quodammodo
1277 1442 1507 1495 virtutes
1535 1454 1822 1493 assumens
1848 1439 2083 1509 prophe-

505 1550 582 1607 ta,
609 1540 1004 1601 fortitudinem,
1032 1535 1351 1604 sapientiam
1378 1543 1540 1600 atque
1568 1527 1945 1598 prudentiam;
1965 1528 2087 1581 uni-

503 1635 700 1701 cuique
724 1646 910 1686 earum
942 1628 1157 1698 propria
1180 1626 1338 1696 170
1353 1640 1516 1694 opera
1545 1623 1842 1687 distribuit,
1867 1620 2085 1677 fortitu-

2239 1441 2416 1525 ,Τρεῖς
2449 1441 2611 1495 οἰονεὶ
2641 1443 2843 1515 ἀρετὰς
2892 1445 3222 1518 παραλαϐὼν
3264 1448 3291 1499 ὁ
3339 1448 3623 1520 προφήτης
3668 1448 3760 1502 τοῦ

2185 1531 2341 1597 Θεοῦ,
2390 1534 2543 1603 ἰσχὺν
2578 1533 2764 1600 αὑτοῦ,
2796 1536 2891 1589 καὶ
2921 1536 3018 1608 τὴν
3063 1538 3252 1608 σοφίαν
3289 1536 3475 1603 αὑτοῦ,
3527 1540 3619 1592 καὶ
3662 1538 3761 1609 τὴν

2187 1624 2445 1694 φρόνησιν
2483 1622 2670 1690 αὐτοῦ,
2705 1626 2911 1700 ἑκάστῃ
2940 1627 3118 1682 αὐτῶν
3156 1629 3354 1682 οἰκεῖόν
3386 1647 3437 1683 τι
3478 1628 3658 1700 ἔργον,
3691 1633 3758 1701 τῇ

503 1725 620 1778 dini
652 1736 875 1789 terram,
924 1719 1198 1789 sapientire
1228 1717 1413 1771 orbem
1445 1724 1737 1799 terrarum,
1786 1712 2087 1784 prudentia:

2190 1715 2286 1786 μὲν
2316 1715 2461 1785 ἰσχύῖ
2482 1715 2579 1787 τὴν
2604 1716 2730 1787 γῆν*
2772 1719 2824 1769 Ὁ
2847 1718 3107 1785 ποιήσας
3131 1720 3247 1787 τὴν
3272 1719 3388 1789 γῆν
3408 1721 3477 1773 ἐν
3498 1719 3572 1788 τῇ
3596 1723 3766 1790 ἰσχύι·

502 1813 727 1870 caelum.
769 1809 912 1863 Audi
942 1807 1140 1879 quippe
1187 1806 1482 1876 Scriptura:
1508 1806 1753 1860 ordinem
1782 1821 1795 1858 :
1830 1802 2083 1859 Dominus
2115 1868 2145 1881 _

2185 1805 2371 1860 αὐτοῦ
2392 1821 2405 1836 ’
2437 1809 2501 1879 τῇ
2533 1803 2586 1860 δὲ
2624 1808 2783 1880 σοφίᾳ
2810 1808 2906 1879 τήν
2929 1806 3248 1881 οἰκουμένην
3266 1828 3279 1841 ’
3325 1810 3389 1865 '0
3413 1810 3760 1879 ἀνορθώσας

501 1902 593 1973 qui
625 1901 746 1970 fecit
781 1908 973 1953 terram
1017 1897 1070 1951 in
1105 1896 1420 1966 fortitudine
1446 1911 1562 1961 sua,
1608 1903 1657 1948 et
1690 1894 1854 1949 erexit
1903 1893 2076 1947 orbem

491 1987 557 2049 in
585 1992 848 2064 sapientia
882 2006 1016 2055 sua,
1059 1999 1107 2043 et
1141 1990 1196 2042 in
1245 2005 1344 2043 sua
1389 1987 1671 2057 prudentia
1711 1986 1946 2040 extendit
1973 2001 2076 2039 cce-

499 2086 630 2141 lum.
657 2083 723 2137 Et
748 2098 847 2138 nos
877 2082 1042 2153 igitur
1069 2080 1122 2134 in
1151 2089 1334 2135 nostra
1364 2087 1504 2133 terra
1529 2078 1753 2147 (dictun
1779 2077 2078 2147 estquippe

501 2173 566 2228 ad
595 2171 763 2226 Adam
804 2188 817 2224 :
857 2169 1021 2223 Terra
1067 2167 1144 2239 es)
1194 2168 1560 2223 necessariam
1617 2166 1884 2223 habemus
1922 2167 2077 2222 forti-

501 2263 741 2317 tudinem
775 2260 890 2327 Dei,
925 2259 1064 2337 qnia_
1094 2260 1302 2329 absque
1331 2273 1395 2313 ea
1440 2258 1779 2326 impossibile
1811 2269 1896 2313 est
1919 2258 2076 2313 nobis

500 2353 725 2421 exsequi
753 2352 898 2421 quod
929 2350 1081 2406 carni
1124 2357 1407 2420 repugnet.
1467 2350 1601 2405 Cum
1631 2361 1811 2404 autem
1843 2350 2075 2404 mortit‘t-

498 2447 621 2493 cata
649 2438 849 2493 fuerint
878 2436 1124 2492 membra
1153 2452 1318 2507 super
1349 2445 1571 2505 terram,
1600 2446 1728 2492 tunc
1750 2448 1943 2508 parent
1974 2438 2077 2503 spi-

501 2532 640 2586 ritus
672 2529 960 2585 voluntati.
1000 2527 1281 2599 Siquidem
1310 2528 1466 2599 juxta
1492 2530 1836 2600 Apostolum,
1881 2529 2074 2598 spiritu

500 2636 650 2693 gesta
677 2621 860 2676 carnis
902 2620 1321 2675 mortitleantur.
1365 2619 1623 2673 Dominus
1659 2636 1790 2690 ergo
1821 2621 1910 2689 qui
1953 2621 2074 2688 fecit

500 2723 698 2767 terram
743 2713 797 2765 in
832 2711 1147 2781 fortitudine
1172 2727 1289 2763 sua.
1333 2708 1390 2762 Si
1410 2719 1594 2763 autem
1621 2718 1679 2764 et
1707 2710 1774 2764 ad
1800 2711 1941 2765 hanc
1974 2720 2078 2762 tor-

499 2819 621 2858 rsm
658 2802 866 2862 venias,
899 2811 954 2855 et
986 2799 1299 2855 consideres
1329 2798 1380 2852 id
1412 2800 1557 2868 quod
1588 2798 1642 2853 in
1680 2797 1784 2854 Job
1811 2799 2075 2869 scriptum

498 2903 584 2948 est
603 2894 671 2957 ⁸ο,
702 2892 856 2960 juxta
886 2890 1335 2945 emendatissima
1359 2900 1537 2943 tamen
1558 2891 1910 2960 exemplaria,
1939 2906 2078 2960 quo-

500 2983 662 3037 modo
695 2983 957 3047 statuerit,
974 2995 1095 3035 eam
1135 2995 1300 3050 super
1334 2981 1589 3048 nihilum,
1640 2981 1885 3037 invenies
1917 2981 2077 3036 forti-

500 3074 744 3130 tudinem
809 3073 860 3126 in
917 3072 1202 3127 medietate
1252 3072 1435 3127 mundi
1495 3081 1650 3127 terrae
1682 3073 1874 3128 libram
1911 3074 2079 3128 susti-

499 3182 649 3222 nere.
708 3164 933 3221 Veniam
970 3180 1098 3219 vero
1130 3164 1197 3218 ad
1227 3165 1412 3221 orbem
1442 3171 1733 3228 terrarum,
1769 3166 1860 3235 qui
1892 3164 2078 3221 Graece
2104 3207 2145 3263 ο

497 3256 788 3329 οἰκουμένη
837 3265 1210 3326 nuncupatur,
1261 3256 1314 3311 id
1360 3263 1475 3320 est,
1531 3257 1880 3311 inhabitants.
1946 3256 2074 3313 Scio

498 3348 738 3405 animam
790 3361 967 3402 meam
1014 3345 1406 3410 inhabitatam,
1456 3346 1571 3402 scio
1613 3347 1850 3401 animam
1896 3362 2074 3403 meam

499 3441 792 3495 desertam.
840 3436 897 3492 Si
923 3437 1068 3493 enim
1096 3452 1202 3491 non
1228 3437 1391 3492 habet
1415 3436 1584 3491 Deum
1614 3438 1858 3503 Patrem;
1888 3439 1935 3494 si
1967 3455 2075 3494 non

501 3530 665 3584 habet
705 3527 902 3583 Filium
953 3527 1222 3581 dicentem
1254 3526 1296 3557 ⁶¹
1333 3544 1346 3580 :
1387 3524 1496 3596 Ego
1527 3536 1577 3581 et
1611 3525 1772 3580 Pater
1809 3529 2076 3582 veniemus

499 3622 570 3674 ad
613 3637 728 3675 eam
753 3659 769 3681 ,
802 3629 859 3674 et
885 3620 1211 3674 mansionem
1255 3618 1396 3687 apud
1424 3634 1539 3672 eam
1567 3619 1860 3687 faciemus;
1890 3621 1934 3674 si
1968 3636 2076 3675 non

502 3709 667 3764 habet
698 3706 961 3778 Spiritum
990 3716 1266 3772 sanctum,
1300 3708 1481 3760 anima
1513 3708 1727 3761 deserta
1752 3717 1851 3764 est.
1902 3707 2075 3762 Habi-

501 3810 614 3855 tata
637 3809 816 3855 autem
849 3807 972 3863 est,
999 3799 1218 3868 quando
1243 3799 1402 3867 plena
1436 3809 1518 3853 est
1549 3797 1693 3865 Deo;
1727 3801 1948 3870 quando
1977 3802 2074 3854 ha-

498 3893 589 3947 bet
615 3891 891 3945 Christum
929 3899 984 3944 et
1010 3889 1272 3959 Spiritum
1298 3898 1571 3945 sanctum.
1597 3888 1796 3945 Verum
1830 3891 1945 3945 haec
1969 3889 2075 3945 dif-

502 3982 736 4037 I'erenter
776 3990 830 4035 et
876 3981 1022 4036 varie
1065 3982 1120 4034 in
1164 3979 1462 4050 Scripturis
1490 3983 1766 4045 dicuntur,
1807 3981 1861 4035 in
1894 3982 2077 4036 anima

502 4073 742 4127 hominis
784 4071 997 4127 Patrem
1022 4112 1037 4137 ,
1066 4080 1121 4126 et
1151 4070 1346 4126 Filium
1369 4113 1384 4138 ,
1427 4081 1482 4128 et
1520 4070 1779 4141 Spiritum
1827 4086 2074 4127 sanctum

502 4165 853 4219 commorari.
910 4162 1046 4218 Nam
1079 4173 1133 4219 et
1158 4162 1325 4218 David
1377 4165 1430 4217 in
1458 4164 1669 4233 psalmo
1715 4164 2077 4219 confessionis

499 4269 614 4316 tres
656 4261 880 4330 spiritus
927 4260 1187 4330 postulat,
1218 4259 1405 4314 dicens
1436 4259 1479 4290 “
1512 4277 1525 4312 :
1560 4256 1766 4326 Spiritu
1795 4255 2078 4325 principali

501 4354 760 4422 confirma
807 4369 906 4405 me.
960 4349 1227 4420 Spiritum
1270 4358 1469 4403 rectum
1500 4348 1690 4401 innova
1718 4349 1773 4400 in
1796 4348 2076 4400 visceribus

504 4447 655 4500 meis.
706 4443 968 4513 Spiritum
994 4450 1233 4495 sanctum
1269 4456 1330 4492 ne
1352 4440 1562 4507 auferas
1597 4456 1631 4492 a
1657 4454 1760 4491 me.
1821 4438 1925 4503 Qui
1951 4446 2079 4492 sunt

2181 1896 2295 1965 τὴν
2319 1896 2680 1969 οἰκουμένην
2711 1899 2782 1951 ἐν
2810 1893 2883 1967 τῇ
2912 1900 3100 1969 σοφίᾳ
3134 1901 3320 1955 αὑτοῦ
3340 1914 3353 1932 ⁶
3391 1904 3456 1972 τῇ
3500 1904 3758 1973 φρονήσει

2176 1983 2268 2040 τὸν
2299 1985 2547 2060 οὐρανόν⁶
2587 1989 2697 2042 Καὶ
2728 1986 2801 2057 τῇ
2831 1986 3118 2057 φρονήσει
3151 1990 3335 2043 αὑτοῦ
3362 1988 3620 2054 ἐξέτεινε
3651 1988 3758 2043 τὸν

2177 2080 2458 2148 οὐρανόν.
2484 2080 2595 2132 Καὶ
2611 2081 2770 2150 ἡμεῖς
2792 2080 2847 2134 δὲ
2870 2081 3005 2151 πρὸς
3040 2079 3135 2152 τὴν
3157 2077 3434 2151 ἡμετέραν
3467 2080 3572 2150 γῆν
3596 2080 3757 2148 (λέλε-

2177 2185 2303 2221 κται
2331 2168 2439 2241 γὰρ
2469 2170 2606 2242 πρὸς
2636 2171 2726 2223 τὸν
2750 2170 2939 2241 Ἀδὰμ,
2965 2169 3054 2240 Γῆ
3088 2170 3172 2242 εἷ)
3206 2172 3393 2241 χρείαν
3430 2171 3624 2242 ἔχομεν
3654 2171 3754 2240 τῆς

2180 2259 2360 2331 ἰσχύος
2400 2258 2494 2313 τοῦ
2527 2258 2693 2313 Θεοῦ’
2731 2260 2901 2332 χωρὶς
2946 2259 3004 2313 δὲ
3042 2255 3144 2331 τῆς
3175 2258 3455 2330 δυνάμεως
3494 2258 3589 2311 τοῦ
3619 2257 3753 2311 Θεοῦ

2175 2353 2272 2424 οὐχ
2322 2347 2424 2406 οἷοί
2453 2352 2516 2405 τέ
2542 2354 2709 2424 ἐσμεν
2736 2352 3043 2407 ἐπιτελέσαι
3074 2351 3268 2416 ταῦτα,
3302 2353 3401 2405 ὅσα
3430 2352 3490 2404 οὐ
3526 2350 3668 2406 κατὰ
3693 2349 3757 2405 τδ

2177 2445 2431 2516 φρόνημά
2462 2447 2577 2500 ἐστι
2604 2442 2703 2517 τῆς
2731 2447 2950 2517 σαρκός.
2996 2446 3396 2518 Νεκρωθέντων
3426 2445 3482 2497 δὲ
3511 2444 3618 2498 τῶν
3655 2462 3754 2515 με·-

2175 2534 2283 2589 λῶν
2313 2537 2422 2589 τῶν
2453 2537 2547 2590 ἐπὶ
2572 2537 2673 2606 τῆς
2706 2537 2828 2606 γῆς,
2863 2536 3013 2589 ἔσται
3038 2534 3099 2588 τὸ
3127 2534 3269 2589 κατὰ
3300 2533 3359 2588 τὸ
3388 2535 3632 2605 βούλημα
3658 2534 3753 2589 τοῦ

2177 2624 2484 2695 πνεύματος
2506 2643 2521 2656 ·
2568 2626 2688 2678 ἐπεὶ
2720 2625 2797 2696 τῷ
2830 2625 3100 2697 πνεύματι
3131 2627 3188 2679 αἰ
3221 2625 3447 2697 πράξεις
3485 2626 3582 2697 τῆς
3617 2642 3754 2695 σαρ-

2176 2714 2270 2777 κὸς
2309 2714 2452 2769 κατὰ
2484 2714 2575 2769 τὸν
2591 2713 2907 2769 Ἀπόστολον
2943 2710 3311 2770 θανατοῦντατ.
3352 2716 3566 2783 Κύριος
3595 2711 3687 2769 οὖν
3719 2717 3755 2769 ὁ

2177 2803 2438 2871 ποιήσας
2475 2803 2590 2872 τὴν
2623 2802 2758 2874 γῆν.
2796 2805 2858 2857 Εἰ
2889 2804 3115 2858 δύνασαι
3152 2804 3278 2858 ἰδεῖν
3311 2805 3369 2857 τὸ
3409 2807 3465 2858 ὲν
3496 2804 3575 2876 τῷ
3632 2805 3752 2858 Ἰὼδ

2176 2896 2577 2969 γεγραμμένον,
2613 2896 2688 2960 ὡς
2730 2898 2786 2949 ὲν
2816 2900 2929 2961 τοῖς
2961 2896 3367 2969 ἀκριϐεστέροις
3401 2896 3752 2969 ἀντιγράφοις

2176 2989 2429 3061 εὕρομεν,
2457 2989 2538 3041 ὅτι
2568 2988 2793 3059 ἔστησεν
2822 2988 2990 3059 αὐτὴν
3020 2990 3106 3042 ἐπ’
3130 2989 3324 3052 οὐδενὶ,
3352 2986 3572 3056 δψειὸτι
3609 2987 3753 3060 ἰσχύϊ

2177 3076 2312 3131 Θεοῦ
2346 3076 2490 3131 κατὰ
2526 3076 2588 3130 τὸ
2625 3074 2936 3147 μεσώτατον
2979 3080 3175 3130 κεῖται.
3229 3079 3497 3148 Ἔρχομαι
3529 3077 3623 3131 καὶ⁵
3659 3078 3754 3132 ἐπὶ

2177 3170 2277 3241 τὴν
2318 3168 2661 3238 οἰκουμένην.
2696 3163 2827 3220 Οἶδα
2853 3166 3028 3239 ψυχὴν
3059 3167 3398 3240 οἰκουμένην*
3431 3163 3548 3221 οἶδα
3576 3168 3752 3240 ψυχὴν

2179 3258 2401 3331 ἔρημον.
2448 3258 2510 3311 Εἰ
2536 3256 2645 3326 γὰρ
2668 3257 2768 3309 οὐκ
2794 3255 2906 3325 ἔχει
2938 3256 3031 3309 τὸν
3055 3256 3208 3321 Θεὺν,
3242 3257 3341 3310 οὐκ
3362 3256 3589 3328 ἔχειτὸν
3616 3259 3752 3328 Χρι-

2179 3351 2325 3414 στδν,
2356 3350 2448 3414 τὸν
2471 3349 2694 3402 εἰπόντα
2713 3365 2724 3377 ·
2768 3347 2909 3418 Ἐγὼ
2942 3348 3040 3403 καὶ
3070 3351 3101 3401 ὁ
3129 3348 3331 3416 Πατήρ
3355 3366 3474 3418 μου
3499 3350 3751 3402 ἐλευσό-

2173 3445 2325 3513 μεθα
2355 3440 2503 3510 πρὸς
2533 3439 2738 3506 αὐτὸν,
2772 3439 2871 3492 καί
2912 3442 3114 3508 μονὴν
3142 3440 3278 3507 παρ’
3315 3439 3474 3505 αὐτῷ
3504 3441 3751 3508 ποιησό-

2173 3532 2324 3599 μεθα
2343 3546 2357 3560 ο
2388 3531 2437 3583 εἰ
2467 3531 2567 3582 οὐκ
2597 3529 2709 3601 ἔχει
2738 3528 2800 3582 τὸ
2818 3528 3042 3600 Πνεῦμα
3073 3530 3132 3583 τὸ
3165 3529 3317 3598 ἅγιον
3349 3530 3515 3602 ψυχὴ,
3549 3530 3753 3602 ἔρημός

2178 3624 2347 3676 ἐστιν.
2377 3621 2681 3691 Οἰκουμένη
2705 3622 2762 3673 δέ
2787 3623 2951 3686 ἐστιν,
2975 3621 3065 3674 ὅτε
3093 3621 3447 3693 πεπλήρωται
3478 3621 3634 3686 Θεοῦ,
3664 3622 3752 3675 ὅτε

2176 3712 2290 3784 ἔχει
2330 3714 2422 3766 τὸν
2468 3713 2720 3784 Χριστὸν,
2768 3714 2855 3767 ὅτε
2885 3711 3110 3784 Πνεῦμα
3139 3714 3292 3782 ἅγιόν
3323 3715 3470 3767 ἐστιν
3499 3717 3554 3767 ὲν
3588 3714 3747 3785 αὐτῇ.

2178 3803 2364 3857 Ταῦτα
2383 3804 2440 3857 δὲ
2470 3803 2728 3866 ποικίλως
2752 3804 2846 3857 καὶ
2874 3804 3146 3875 διαφόρως
3170 3805 3228 3857 ὲν
3253 3809 3370 3869 ταῖς
3389 3804 3633 3876 Γραφαῖς
3658 3803 3748 3857 λέ-

2177 3912 2332 3963 γεται
2360 3894 2421 3947 τὸ
2450 3889 2588 3947 εἶναι
2615 3893 2703 3946 τὸν
2714 3894 2952 3966 Πατέρα,
2980 3896 3072 3947 καὶ
3100 3895 3188 3947 τὸν
3218 3894 3364 3958 Υἰὸν,
3396 3895 3492 3948 καὶ
3515 3895 3575 3948 τὸ
3600 3895 3752 3964 ἅγιον

2177 3982 2400 4053 Πνεῦμα
2426 3984 2484 4035 ὲν
2515 3984 2580 4052 τῇ
2615 3981 2706 4035 τοῦ
2737 3982 3024 4054 ἀνθρώπου
3053 3982 3220 4054 ψυχῇ.
3255 3984 3312 4037 Ὀ
3340 3982 3468 4052 γοῦν
3499 3983 3664 4039 Δαὸὶδ
3694 3987 3750 4037 ὲν

2176 4074 2254 4145 τῷ
2299 4073 2497 4144 ψαλμῷ
2556 4075 2655 4145 τῆς
2704 4074 3141 4146 ὲξομολογήσεως
3201 4075 3326 4147 περὶ
3386 4072 3591 4128 τούτων
3640 4074 3748 4128 τῶν

2178 4168 2502 4237 πνευμάτων
2533 4167 2672 4219 αἰτεῖ
2696 4167 2786 4220 τὸν
2817 4168 3026 4237 πατέρα
3055 4168 3259 4235 λέγων*
3299 4167 3591 4235 Πνεύματι
3616 4167 3751 4235 ἠγε-

2171 4256 2399 4327 μονικῷ
2439 4257 2727 4325 στήριξόν
2765 4274 2868 4327 με·
2912 4257 3154 4324 Πνεῦμα
3195 4255 3368 4320 εὐθὲς
3404 4257 3751 4325 ἐγκαίνισον

2176 4348 2247 4401 ἐν
2289 4348 2415 4414 τοῖς
2452 4347 2724 4418 ἐγκὰτοις
2763 4363 2916 4411 μου·
2969 4345 3068 4398 καὶ
3101 4346 3164 4396 τὸ
3199 4344 3441 4411 Πνεῦμα
3472 4343 3536 4395 τὸ
3577 4343 3749 4411 ἅγιόν
3836 4354 3839 4357 ’

2179 4455 2295 4491 σου
2322 4438 2408 4507 μὴ
2440 4438 2776 4502 ἀντανέλῃς
2819 4436 2920 4488 ἀπ’
2964 4433 3130 4501 ἐμοῦ.
3167 4431 3298 4484 Τίνα
3332 4432 3399 4484 τὰ
3429 4433 3554 4503 τρία
3589 4432 3749 4485 πνεύ-

507 4538 596 4594 isti
635 4549 744 4592 tres
776 4534 1040 4605 spiritus?
1092 4530 1416 4597 Principalis
1451 4530 1708 4597 spiritus,
1760 4528 1917 4582 Pater
1950 4539 2073 4594 est;
2107 4530 2145 4583 Ι]

2184 4546 2329 4598 ματα
2360 4526 2586 4605 amicat;
2634 4525 2706 4577 Τὸ
2747 4523 3124 4594 ήγεμονικὺνό
3164 4520 3373 4592 Πατὴρ,
3424 4522 3480 4575 τὸ
3524 4522 3679 4586 esse;
3718 4524 3748 4575 ό

508 4627 731 4698 spiritus
760 4635 962 4691 rectus,
990 4623 1272 4687 Christus;
1304 4620 1530 4689 spiritus
1559 4629 1804 4685 sanctus,
1839 4618 2076 4689 Spiritus

509 4728 730 4774 sanctus
754 4730 855 4773 est.
898 4716 1022 4772 Haec
1051 4717 1116 4772 ad
1148 4712 1524 4786 probationem
1553 4713 1677 4781 ejus
1706 4711 1782 4765 rei
1814 4710 2075 4774 diximus,

509 4808 655 4878 quod
703 4807 977 4861 habitatus
1024 4804 1173 4859 orbis
1200 4812 1471 4857 terrarum
1501 4801 1555 4855 in
1585 4800 1848 4869 sapientia
1879 4797 1973 4853 Dei
2000 4797 2078 4853 fa-

514 4901 752 4956 bricatus
781 4899 869 4952 sit.
918 4896 1193 4964 Sapientia
1217 4894 1406 4964 quippe
1430 4891 1786 4947 autiliabitur
1811 4893 1961 4962 justo
1983 4907 2074 4943 su-

510 5008 603 5063 per
626 4998 801 5045 decem
835 4995 1141 5057 potestatem
1189 4985 1398 5038 habenti
1440 4984 1694 5037 civitates.
1747 4980 2073 5050 Sapientiam

511 5094 687 5141 autem
715 5092 761 5137 et
790 5079 1129 5149 disciplinam
1169 5079 1261 5148 qui
1286 5076 1491 5145 objicit,
1522 5072 1712 5144 infelix
1737 5082 1836 5139 est,
1869 5082 1919 5125 et
1945 5088 2074 5126 cana

583 5204 628 5234 ”
656 5199 855 5255 Jercm.
892 5213 948 5261 ι,
987 5194 1072 5249 12.
1149 5194 1194 5225 θ’
1232 5191 1354 5247 Job.
1386 5207 1509 5246 xxv:
1533 5231 1549 5255 ,
1584 5189 1634 5243 7.

588 5317 664 5380 tl)
703 5311 815 5367 Καί
868 5309 934 5362 τὸ
977 5306 1219 5380 Πνεῦμα
1252 5304 1319 5380 τὸ
1356 5303 1544 5380 ἅγιον.
1586 5302 1797 5380 Sensus
1840 5298 2076 5380 postulat

514 5369 789 5440 addi'haee
825 5380 986 5433 verba
1010 5395 1026 5454 _:
1059 5369 1371 5454 τὸξΠ-νεῦμα
1404 5369 1577 5454 ἅγιον..
1634 5369 2073 5454 Legelintnetiant

517 5455 895 5519 Hieronymus,
940 5449 1033 5501 καὶ
1080 5440 1399 5519 τὸ-Πνεῦμα
1438 5443 1499 5495 τὸ
1549 5440 1729 5519 ἅγιον,
1763 5441 1823 5519 τί)
1855 5440 2076 5519 Πνεῦμα

517 5525 690 5591 ἅγιον,
720 5512 802 5576 uti
837 5510 978 5591 patet
1012 5533 1074 5570 ex
1122 5517 1240 5591 ejus
1278 5510 1735 5591 interpretatione.
1789 5510 2077 5591 Sequentis

516 5578 749 5663 phrasis,
780 5578 952 5642 ταῦτα
997 5590 1076 5663 εἰς
1124 5578 1187 5663 τί)
1220 5578 1578 5663 ,παρ-αστῆσαι
1618 5582 1741 5663 "cfp:
1756 5578 2077 5663 οἰκουμέγην

516 5648 614 5715 οὐκ
646 5648 815 5721 ἄλλως
845 5648 1131 5726 γινομένην
1156 5654 1188 5725 ἢ
1217 5657 1272 5707 ὲν
1298 5648 1363 5724 τῇ
1395 5648 1553 5723 σοφίᾳ
1584 5648 1683 5726 του
1703 5650 1856 5726 Θεοῦ,
1884 5648 1989 5726 incl
2013 5664 2077 5700 or

520 5719 891 5798 interpretatio
916 5719 1125 5798 videtur
1158 5719 1245 5778 illa
1276 5719 1439 5791 quam
1460 5719 1599 5798 ipss.
1635 5722 1782 5798 Regii
1816 5719 2075 5798 exhibent

519 5811 572 5859 et
603 5788 834 5860 in'textu
873 5797 1152 5865 sequimur
1178 5813 1190 5849 :
1223 5810 1253 5847 ιι
1281 5788 1429 5848 textu
1454 5790 1642 5847 Graeco
1679 5788 2071 5861 aliquantulum

2180 4614 2433 4686 Χριστὸς,
2467 4614 2561 4667 καί
2591 4613 2652 4664 τὺ
2690 4609 2915 4681 Πνεῦμα
2946 4610 3007 4662 τὸ
3053 4611 3204 4678 ἅγιον
3245 4611 3345 4683 (Ι).
3376 4610 3559 4665 Ταῦτα
3584 4613 3664 4675 εἰς
3687 4612 3749 4665 τὸ

2182 4706 2531 4780 παραστῆσαι
2559 4706 2656 4777 τὴν
2689 4705 3012 4775 οἰκουμένην
3041 4705 3140 4758 οὐκ
3177 4704 3350 4768 ἄλλως
3380 4705 3667 4777 γινομένην
3713 4705 3746 4776 ἢ

2180 4801 2239 4852 ὲν
2265 4800 2331 4869 τῇ
2362 4795 2522 4868 σοφίᾳ
2545 4795 2636 4848 τοῦ
2671 4794 2804 4848 Θεοῦ
2825 4811 2837 4823 ·
2893 4796 2954 4850 Ἠ
2982 4794 3093 4863 γὰρ
3123 4795 3310 4863 σοφία
3333 4793 3630 4864 ,ϐοηθήσει
3672 4795 3749 4860 τῷ

2183 4885 2352 4956 σοφῷ
2399 4885 2476 4956 (2)
2510 4884 2661 4953 ὑπὲρ
2695 4883 2841 4938 δέκα
2873 4883 3347 4949 ἐξουσιάζοντας,
3397 4884 3536 4949 τοὺς
3568 4883 3747 4948 ὄντας

2181 4980 2251 5032 ὲν
2273 4978 2348 5048 τῇ
2373 4978 2562 5032 πόλει.
2589 4976 2815 5045 Σοφίαν
2839 4975 2907 5029 δὲ
2929 4977 3027 5030 καί
3053 4975 3328 5030 παιδείαν
3342 4978 3375 5028 ό
3394 4971 3745 5038 ἐξουθενῶν,

2183 5071 2569 5138 ταλαίπωρος,
2613 5070 2711 5123 καί
2750 5066 2896 5137 κενὴ
2930 5070 2965 5137 ἠ
2995 5069 3166 5135 ἐλπίς
3204 5066 3412 5135 αὐτοῦ,
3443 5068 3540 5122 καὶ
3568 5068 3621 5120 οἰ
3649 5067 3748 5121 κό-

1711 5188 1753 5219 ⁶¹
1795 5187 1952 5242 Joan.
1991 5203 2100 5251 xw,
2131 5185 2221 5241 25.
2299 5188 2343 5218 “
2382 5185 2584 5240 Psalm.
2616 5202 2680 5249 ι,
2708 5184 2808 5248 ιι,
2838 5183 3055 5248 12,15.

2184 5298 2384 5352 recedit
2426 5299 2591 5352 altera
2640 5299 2818 5360 lectio,
2846 5313 2967 5365 quae
3013 5298 3065 5350 in
3101 5298 3373 5366 prioribus
3418 5295 3744 5349 etlitionihus

2183 5380 2456 5437 comparet
2497 5387 2508 5421 :
2552 5370 2677 5422 Iltec
2711 5369 2780 5420 ad
2813 5368 3172 5437 probationem
3216 5368 3327 5432 ejus
3372 5367 3447 5420 rei
3489 5367 3742 5437 diximus,

2181 5435 2323 5517 quod
2344 5438 2612 5491 habitatus
2644 5448 2724 5491 est
2752 5435 2892 5490 orbis
2926 5445 3186 5489 terrarum
3216 5438 3271 5489 in
3298 5437 3557 5505 sapientia
3583 5435 3747 5503 fabri-

2183 5520 2352 5561 cautis
2378 5523 2515 5560 eum.

2256 5576 2333 5643 (2)
2377 5575 2552 5644 ’Υπὲρ
2591 5576 2733 5630 δέκα
2777 5573 3260 5640 ἑξουσιάζοντας,
3295 5574 3436 5642 τοὺς
3467 5574 3645 5641 ὄντας
3674 5574 3744 5625 ἐν

2182 5645 2257 5714 τῇ
2298 5646 2483 5700 πόλει.
2537 5646 2727 5700 Melius
2765 5645 2990 5715 Vulgata
3024 5663 3037 5698 :
3071 5660 3227 5712 super
3261 5645 3435 5698 decem
3481 5646 3740 5713 principes

2181 5718 2446 5776 civitatis;
2482 5718 2583 5780 rel,
2623 5728 2680 5770 ut
2709 5716 3033 5769 Cortlerius:
3064 5730 3218 5783 super
3238 5717 3409 5770 decem
3436 5724 3739 5784 potestatem

2182 5787 2445 5854 habentes,
2470 5788 2562 5855 qui
2584 5788 2687 5841 sint
2719 5787 2771 5838 in
2801 5787 3028 5840 civitate.
