4296 6288
465 395 566 453 εόἳ

1642 392 1707 447 ΙΝ
1747 391 2090 448 JEREMIAM
2127 392 2406 447 HOMILIA
2447 392 2577 448 V'lll.

463 523 565 565 ποι
604 509 788 565 αὐτοῦ
828 509 902 580 (ἰ)
941 508 1204 578 ἀνόητοι,
1236 511 1330 563 καὶ
1356 510 1630 579 ἄχρηστα
1661 511 1733 564 τὰ
1763 512 1905 579 ἔργα
1936 511 2040 562 αὑ-
2069 513 2112 569 Α
2144 527 2159 560 s

2006 528 2040 548 ι-
2069 513 2112 569 Α
2144 527 2258 578 spes
2287 511 2397 579 ejus
2429 525 2446 562 .'
2474 518 2522 562 et
2558 506 2759 559 Iuberes
2789 505 2899 573 ejus
2930 505 3200 561 inscnsati.
3227 513 3273 556 et
3301 502 3514 556 inutilia
3548 520 3702 571 operit

463 601 592 666 τοῦ,
621 601 784 672 φησὶν
815 604 846 672 ή
890 601 1086 670 Σοφία,
1122 605 1154 673 ή
1199 603 1644 673 ἐπιγεγραμμένη
1678 602 2037 672 Σολομῶντος.

462 690 562 746 Διά
589 692 768 758 τοῦτο,
797 693 897 762 ὅση
925 692 1179 764 δύναμις,
1197 694 1316 749 ἐπεὶ
1342 690 1658 765 ἀνορθόῦται
1687 695 1717 763 ὴ
1745 693 2036 763 οἰκουμένη

465 784 524 835 ὲν
546 784 613 854 τῇ
647 781 807 854 σοφίᾳ
836 781 931 834 τοῦ
960 782 1116 846 Θεοῦ,
1157 782 1456 857 βουλόμεθα
1483 784 1539 836 δὲ
1570 785 1662 837 καὶ
1695 786 1847 838 αὐτοὶ
1881 786 2038 854 ἀνορ-

463 873 709 945 θωθῆναι
744 876 776 946 ή
787 873 903 944 μῶν
935 874 1033 946 τὴν
1070 875 1389 945 οἰκουμένην
1418 875 1556 946 τάχα
1599 875 1896 928 πεσοῦσαν·
1943 875 2038 927 πέ-

463 983 648 1020 πτωκε
669 964 778 1037 γὰρ
805 965 942 1034 αὕτη
966 967 999 1035 ἡ
1031 967 1322 1036 οἰκουμένη
1349 968 1508 1036 ἡνίκα
1540 968 1878 1038 ἡμάρτομεν,
1912 968 2038 1035 ήσε-

461 1054 731 1123 ϐήσαμεν,
767 1054 1121 1125 ἠδικήσαμεν,
1157 1057 1250 1108 καὶ
1282 1055 1458 1108 δέεται
1501 1056 1868 1126 ἁνορθώσεως.
1906 1055 2036 1119 Θεὸς

458 1137 556 1196 οὖν
603 1143 631 1195 ὁ
681 1142 994 1214 ἀνορθώσας
1041 1145 1139 1214 τὴν
1183 1145 1507 1216 οἰκουμένην
1563 1145 1743 1198 ἐστίν·
1778 1147 1825 1196 εἰ
1869 1145 1925 1197 δὲ
1963 1145 2035 1216 μὴ

459 1233 702 1287 τοιοῦτον
737 1232 1029 1302 λαμϐάνεις
1066 1235 1147 1299 τὸ,
1197 1233 1510 1304 ἀνορθώσας
1557 1234 1652 1306 τὴν
1693 1235 2032 1305 οἰκουμένην,

459 1323 597 1376 ἀλλά
626 1322 925 1394 κοινότερον
957 1325 1153 1395 νοήσας
1191 1324 1286 1394 τὴν
1315 1325 1656 1394 οἰκουμένην,
1695 1324 1845 1396 ζήτει
1876 1326 2036 1379 πόθεν

461 1412 775 1485 ἀνορθώσας
797 1413 914 1466 ἐστὶ
937 1414 1033 1484 τὴν
1056 1415 1397 1485 οἰκουμένην·
1422 1414 1573 1485 ζήτει
1597 1416 1695 1486 τῆς
1719 1417 2036 1488 οἰκουμένης

463 1504 686 1569 πτῶσιν,
711 1505 796 1559 ἵνα
820 1505 993 1576 εὑρὼν
1015 1507 1185 1577 αὐτῆς
1210 1507 1306 1577 τὴν
1331 1508 1555 1571 πτῶσιν,
1593 1508 1706 1578 ἴδῃς
1735 1509 1902 1578 αὐτῆς
1939 1507 2035 1579 τήν

462 1593 778 1666 ἁνόρθωσιν.
813 1594 882 1647 Ei
905 1612 989 1659 τις
1012 1592 1106 1649 οὖν
1142 1599 1288 1650 ἐστιν
1316 1599 1373 1650 ὲν
1406 1601 1469 1668 τῇ
1503 1599 1792 1669 οἰκουμένῃ
1827 1599 1996 1668 ταύτῃ
2017 1615 2031 1629 ·

464 1687 580 1759 [ἐὰν
606 1687 778 1752 οὕτως
811 1689 1021 1759 νοήσεις
1048 1688 1145 1758 τὴν
1176 1689 1546 1762 οἰκουμένην,]
1569 1691 1726 1759 δῆλον
1755 1692 1835 1743 ὅτι
1867 1691 2033 1742 δεῖται

459 1781 560 1850 τῆς
619 1781 988 1852 ἀνορθώσεως·
1041 1781 1212 1843 οὐδεὶς
1263 1781 1320 1834 δὲ
1369 1782 1443 1852 μὴ
1499 1781 1678 1835 πεσὼν
1725 1781 1894 1835 δεῖται
1938 1783 2034 1851 τῆς

458 1871 826 1943 ἀνορθὼσεως.
855 1872 1022 1940 Δῆλον
1052 1873 1130 1925 ὅτι
1164 1872 1450 1926 πέπτωκεν
1479 1874 1708 1936 ἕκαστος
1736 1872 1840 1926 τῶν
1875 1875 1932 1926 ἐν
1965 1876 2030 1942 τῇ
2065 1849 2107 1902 Β

455 1963 751 2035 οἰκουμένῃ
788 1963 894 2016 ἀπὸ
929 1965 1221 2033 ἁμαρτίας.
1259 1965 1368 2017 Καὶ
1408 1963 1609 2035 Κύριός
1636 1965 1780 2015 ἐστιν
1821 1966 1848 2016 ὁ
1875 1965 2035 2033 ἀνορ-

459 2049 570 2106 θῶν
597 2052 723 2113 τοὺς
764 2051 1261 2121 κατερραγμένους,
1308 2053 1402 2104 καὶ
1445 2050 1794 2120 ὑποστηρίζει
1835 2053 2038 2113 πάντας

458 2145 588 2205 τοὺς
613 2141 1069 2204 καταπίπτοντας.
1110 2143 1197 2195 Ἐν
1228 2141 1307 2211 τῷ
1347 2141 1518 2212 Ἀδὰμ
1557 2141 1755 2204 πάντες
1801 2141 2037 2210 ἀποθνή-

462 2247 676 2295 σκουσι,
716 2231 808 2284 καὶ
847 2231 988 2284 οὕτω
1033 2232 1316 2285 πέπτωκεν
1357 2234 1390 2301 ή
1425 2232 1734 2302 οἰκουμένη,
1757 2232 1847 2283 καὶ
1873 2231 2036 2284 δεῖται

462 2320 837 2394 ἀνορθώσεως,
877 2323 960 2376 ἵνα
995 2324 1050 2375 έν
1079 2321 1158 2393 τῷ
1199 2322 1418 2394 Χριστῷ
1464 2323 1662 2385 πάντες
1696 2321 2038 2392 ζωοποιηθῶ-

461 2431 550 2468 σιν
569 2431 582 2445 ·
620 2414 761 2468 ὥστε
790 2413 949 2484 διχῶς
982 2415 1297 2475 ἀποδέδωκα
1325 2416 1394 2474 τὰ
1417 2416 1544 2486 περί
1571 2414 1671 2484 τῆς
1698 2415 2035 2484 οἰκουμένης·

460 2507 539 2576 πῆ
578 2505 676 2577 μὲν
704 2507 796 2561 ὲπί
832 2506 927 2562 ἕνα
971 2506 1197 2560 ἕκαστον
1231 2497 1462 2572 δεικνὺς,
1510 2505 1626 2568 πῶς
1655 2494 1866 2576 ’ἑκάστη
1896 2505 2038 2576 ψυχὴ

460 2600 580 2670 ἤτοι
622 2599 912 2670 οἰκουμένη
954 2600 1123 2663 ἐστὶν,
1169 2601 1200 2669 ἦ
1252 2599 1488 2670 ἕρημος·
1527 2599 1603 2668 πῆ
1641 2598 1696 2650 δὲ
1741 2601 1826 2651 ἐπ’
1870 2598 2038 2668 αὐτῆς

463 2689 665 2758 στήσας
698 2687 786 2740 τὸν
815 2687 970 2755 λόγον
1006 2688 1104 2758 τῆς
1128 2687 1471 2758 οἰκουμένης.

532 2779 641 2832 Καὶ
667 2778 738 2831 ἐν
779 2776 852 2846 τῇ
896 2776 1187 2846 φρονήσει
1216 2777 1401 2831 αὐτοῦ
1434 2775 1690 2841 ἐξέτεινε
1724 2777 1829 2830 τὸν
1859 2779 2034 2845 οὐρα-

460 2869 590 2921 νόν.
627 2869 699 2920 Οὐ
729 2867 1062 2937 συντυχικῶς
1082 2867 1178 2939 τὴν
1201 2869 1460 2938 φρόνησιν
1488 2867 1796 2939 παρέλαϐον
1821 2869 1913 2922 ἐπὶ
1943 2867 2036 2921 τοῦ

459 2959 687 3032 οὐρανοῦ
709 2977 720 2989 ·
756 2961 1007 3030 εὑρήσεις
1034 2961 1140 3030 γάρ
1163 2961 1218 3012 ὲν
1247 2962 1365 3023 ταῖς
1397 2961 1721 3031 παροιμίαις
1750 2959 1963 3030 λεχθέν·
1984 2961 2036 3012 '0

462 3048 608 3114 Θεὸς
623 3049 691 3101 ἐν
710 3047 782 3116 τῇ
798 3049 981 3116 σοφίᾳ
1001 3048 1357 3118 ἐθεμελίωσε
1383 3047 1496 3114 τὴν
1516 3046 1650 3116 γῆν,
1669 3048 1956 3117 ἡτοίμασε
1971 3045 2039 3100 δὲ

461 3140 754 3208 οὐρανοὺς
767 3141 836 3193 ἐν
849 3138 1155 3209 φρονήσει.
1175 3141 1361 3194 Ἔστιν
1376 3135 1468 3193 οῦν
1489 3157 1570 3203 τις
1599 3141 1857 3212 φρόνησις
1879 3139 2033 3205 Θεοῦ,

462 3232 530 3303 ἦν
561 3248 650 3302 μοι
693 3232 840 3303 ζήτει
875 3233 932 3285 ὲν
962 3231 1181 3304 Χριστῷ
1229 3232 1401 3302 Ἰησοῦ
1422 3250 1434 3264 ·
1467 3233 1641 3286 πάντα
1671 3232 1780 3303 γὰρ
1815 3233 1912 3284 ὅσα
1940 3231 2032 3285 τοῦ

461 3321 620 3386 θεοῦ,
651 3322 873 3377 τοιαῦτα
905 3325 961 3376 ἐν
994 3323 1140 3394 αὐτῷ
1176 3325 1354 3377 ἐστιν·
1389 3326 1416 3378 ὁ
1443 3324 1674 3394 Χριστός
1713 3324 1827 3376 ἐστι
1876 3323 2035 3392 σοφία

463 3413 556 3466 τοῦ
609 3414 764 3479 Θεοῦ,
822 3413 984 3476 αὐτὸς
1039 3413 1262 3486 δύναμις
1309 3416 1465 3480 Θεοῦ,
1514 3414 1677 3479 αὐτὸς
1725 3415 2035 3487 δικαιοσύνη

464 3506 619 3570 Θεοῦ,
675 3507 835 3570 αὐτὸς
887 3507 1178 3577 ἁγιασμὸς,
1207 3507 1370 3571 αὐτὸς
1423 3507 1814 3576 ἀπολύτρωσις,
1875 3507 2036 3572 αὐτὸς

461 3596 718 3666 φρόνησίς
738 3598 852 3650 ἐστι
873 3597 1026 3652 Θεοῦ.
1063 3599 1220 3652 Ἀλλὰ
1240 3598 1299 3650 τὸ
1325 3598 1422 3670 μὲν
1444 3598 1799 3670 ὑποκείμενον
1819 3598 1876 3650 ἓν
1898 3601 2032 3664 ἐστι,

463 3692 580 3752 ταῖς
614 3689 671 3742 δὲ
721 3689 983 3754 ἐπινοίαις
1038 3690 1104 3744 τὰ
1153 3690 1320 3743 πολλά
1361 3690 1598 3762 ὀνόματα
1638 3690 1730 3744 ἐπὶ
1767 3690 2038 3767 διαφόρων

460 3780 596 3832 ἐστί.
655 3781 760 3834 Καὶ
807 3781 868 3833 οὐ
917 3781 1079 3834 ταύτὸ
1162 3785 1300 3844 νοεῖς
1343 3783 1471 3853 περὶ
1517 3781 1608 3835 τοῦ
1651 3781 1908 3855 Χριστοῦ,
1946 3783 2033 3843 ὅτε

461 3873 600 3934 νοεῖς
623 3871 785 3924 αὑτὸν
821 3872 1031 3940 σοφίαν,
1073 3873 1166 3925 καὶ
1195 3874 1282 3931 ὅτε
1313 3876 1451 3937 νοεῖς
1483 3874 1644 3929 αὑτὸν
1667 3873 2030 3946 δικαιοσύνην.

466 3963 594 4015 Ὅτε
627 3962 726 4032 μὲν
762 3963 871 4035 γὰρ
899 3962 1108 4032 σοφίαν,
1139 3963 1239 4034 τὴν
1272 3967 1580 4037 ἐπιστήμην
1604 3967 1897 4040 λαμϐάνεις
1928 3969 2035 4022 τῶν

463 4053 623 4106 θείων
655 4054 749 4107 καὶ
785 4053 1166 4126 ἀνθρωπίνων·
1201 4055 1288 4115 ὅτε
1325 4055 1380 4107 δὲ
1417 4057 1788 4128 δικαιοσύνην,
1818 4059 1916 4129 τὴν
1941 4059 2034 4112 τοῦ

465 4145 583 4198 κατ’
623 4143 778 4210 ἀξίαν
819 4145 1225 4218 ἀπονεμητικὴν
1266 4146 1490 4218 δύναμιν
1521 4150 1577 4200 έν
1606 4149 1683 4218 τῷ
1711 4151 1906 4202 παντί·
1944 4151 2036 4203 καὶ

461 4236 550 4289 ὅτε
609 4237 898 4308 ἀγιασμὸν,
955 4237 1046 4288 τὸν
1092 4238 1498 4308 περιποιητικὸν
1554 4238 1645 4290 τοῦ
1699 4238 1887 4308 ἁγίους
1943 4257 2036 4309 γε·

462 4327 650 4380 νέσθαι
731 4328 857 4391 τοὺς
927 4327 1279 4394 πιστεύοντας
1344 4330 1434 4382 καὶ
1509 4328 1894 4400 ἀνακειμένους
1959 4329 2038 4401 τῷ

462 4417 605 4489 Θεῷ·
640 4418 715 4489 (2)
751 4418 919 4483 οὕτως
954 4415 1046 4472 οῦν
1091 4421 1184 4473 καὶ
1212 4420 1468 4491 φρόνησιν
1495 4420 1656 4474 αὐτὸν
1692 4423 1920 4491 νοήσεις,
1955 4422 2036 4474 ὅτι

449 4513 726 4582 ἐπιστήμη
773 4510 920 4563 ἐστὶν
960 4509 1186 4578 ἀγαθῶν,
1222 4509 1317 4574 καὶ
1348 4511 1533 4564 κακῶν
1575 4512 1670 4564 καὶ
1709 4509 2026 4583 οὐδετέρων.

450 4604 605 4658 Ἐπεὶ
627 4600 721 4657 οὖν
745 4604 1038 4676 χωρίζεται
1063 4603 1138 4675 (5)
1165 4606 1275 4668 τοῖς
1297 4606 1353 4659 έν
1375 4605 1588 4676 οὐρανῷ
1610 4604 1970 4669 κατοικοῦσιν,
1995 4603 2028 4676 ἦ

459 4692 570 4754 τοῖς
596 4691 688 4744 τὸν
712 4691 959 4764 οὐράνιον
995 4693 1278 4764 ἄνθρωπον
1312 4693 1558 4769 φοροῦσι,
1593 4695 1926 4767 χωρίσαντος
1965 4695 2034 4750 τὰ

460 4780 604 4836 κακά
620 4782 728 4836 ἀπὸ
751 4782 858 4836 τῶν
881 4783 1118 4853 ἀγαθῶν,
1141 4784 1226 4838 ἴνα
1251 4786 1445 4856 μηκέτι
1472 4769 1762 4858 μολύνηται
1785 4790 1989 4853 ἐκεῖνος
2007 4791 2035 4843 ὁ

459 4871 686 4944 οὐρανὸς
716 4873 802 4927 διὰ
832 4874 892 4942 τὸ
927 4877 993 4945 τῇ
1035 4877 1289 4947 φρονήσει
1316 4877 1408 4930 τοῦ
1441 4877 1572 4931 Θεοῦ
1600 4878 1916 4943 ἐκτετάσθαι
1945 4880 2036 4934 τὸν

460 4961 682 5031 οὐρανόν
701 4978 716 4994 ·
755 4963 892 5033 μήτε
913 4963 940 5015 ὁ
962 4961 1187 5027 δίκαιος,
1221 4964 1296 5019 ὢν
1323 4967 1549 5039 οὐρανὸς
1573 4966 1724 5037 (ἔστι
1759 4969 1867 5040 γὰρ
1893 4970 1984 5033 καὶ
2005 4972 2033 5023 ὁ

459 5051 664 5118 δίκαιος
701 5054 947 5125 οὐρανὸς,
983 5054 1059 5122 ὡς
1097 5057 1460 5128 παραστήσω)
1501 5058 1712 5129 εἴρηται
1735 5076 1748 5090 ·
1785 5063 1880 5115 καί
1916 5060 2032 5129 ἐξέτ-

459 5159 599 5197 τεινε
638 5145 731 5199 τὸν
781 5145 1007 5218 οὐρανὸν
1039 5150 1104 5220 τῇ
1145 5149 1402 5221 φρονήσει
1440 5128 1632 5218 αὐτοῦξ
1658 5152 1782 5222 Πῶς
1812 5150 1904 5207 οὖν
1939 5159 2030 5226 ὲκτ

461 5239 694 5294 τείνεται
735 5243 764 5294 ὁ
807 5241 1034 5314 οὐρανὸς
1079 5244 1424 5317 ὲκτεινούσης
1465 5247 1625 5300 αὑτὸν
1658 5247 1758 5318 τῆς
1805 5247 2025 5319 σοφίας;

461 5329 710 5401 δηλοῦται
750 5332 830 5399 δὲ,
878 5335 953 5398 ὡς
984 5338 1018 5406 ἡ
1062 5335 1221 5406 σοφία
1247 5337 1494 5402 ἐκτείνει,
1530 5340 1588 5390 ὲν
1628 5338 1737 5409 τῷ·
1787 5333 2026 5414 Ἐπειδὴ

2138 603 2250 670 ejus
2286 603 2360 667 “,
2407 603 2484 655 ait
2514 599 2808 670 Sapientia,
2839 614 2960 666 qua:
3007 598 3160 650 titulo
3207 597 3521 651 inscribitur
3550 593 3705 650 Salo-

2139 696 2335 749 monis.
2365 693 2586 755 Idcirco,
2616 701 2877 760 quantum
2901 703 3211 758 possumus,
3248 685 3524 756 [quoniam
3557 687 3706 742 orbis

2139 799 2404 840 terrarum
2424 784 2475 837 in
2494 783 2754 851 sapientia
2775 779 2988 833 Domini
3007 775 3278 848 erigitur],
3295 777 3539 831 laborare
3561 779 3706 832 nita-

2143 895 2266 933 mur
2294 887 2347 930 et
2378 879 2498 945 ipsi,
2553 886 2610 930 ut
2659 874 2893 927 habitata
2937 873 3114 924 anima
3152 881 3337 924 nostra
3375 887 3402 922 a
3443 871 3703 938 sapientia

2140 969 2229 1022 Dei
2275 970 2532 1038 erigatur.
2573 966 2778 1020 Cecidit
2822 964 3039 1032 quippe,
3081 973 3132 1015 et
3168 963 3232 1016 de
3258 961 3472 1014 sublimi
3501 965 3706 1016 corruit

2136 1061 2477 1114 venientibus
2493 1058 2648 1111 nobis
2664 1058 2714 1110 in
2737 1056 2913 1109 locum
2935 1057 3094 1109 istum
3120 1054 3483 1109 miseriarum.
3500 1053 3708 1108 Cecidit

2142 1153 2378 1206 habitata
2405 1152 2583 1205 anima
2610 1159 2793 1204 nostra
2822 1158 3104 1218 postquam
3128 1147 3494 1216 peccavimus,
3525 1147 3708 1216 inique

2143 1242 2394 1304 fecimus,
2447 1241 2647 1310 injuste
2675 1241 2902 1310 egimus.
2960 1240 3121 1306 impie
3156 1239 3455 1308 gessimus,
3506 1248 3557 1292 et
3587 1249 3707 1307 post

2140 1329 2354 1380 ruinam
2403 1327 2604 1397 indiget
2649 1327 2938 1380 crcctione.
3004 1325 3057 1379 Si
3107 1337 3286 1380 autem
3330 1342 3434 1379 non
3482 1327 3563 1380 vis
3605 1328 3705 1381 ista

2137 1417 2406 1470 sententia
2427 1416 2641 1480 adduci,
2668 1428 3012 1468 communem
3039 1414 3204 1466 totius
3227 1412 3376 1467 orbis
3397 1427 3707 1481 quaeramus

2136 1511 2371 1575 ruinam,
2406 1518 2528 1578 post
2559 1525 2743 1564 casum
2784 1509 2902 1576 ejus
2937 1507 3089 1576 171
3130 1516 3526 1575 consequenter
3563 1504 3706 1560 Deus

2135 1603 2346 1672 erigens
2375 1603 2718 1670 praedicatur.
2741 1599 3060 1668 Quicunque
3089 1607 3171 1654 est
3195 1598 3248 1650 in
3274 1599 3382 1652 isto
3404 1598 3556 1659 orbe,
3583 1606 3706 1651 ante

2136 1694 2462 1748 erectionem
2517 1694 2732 1747 cecidit.
2775 1692 2830 1745 Si
2874 1701 3054 1745 autem
3089 1692 3318 1757 cecidit,
3364 1706 3706 1758 consequor»

2143 1794 2222 1838 ter
2251 1783 2540 1853 erigendus
2578 1782 2697 1847 fuit,
2730 1797 2889 1835 neruo
2921 1783 3120 1850 quippe
3142 1784 3257 1835 sine
3287 1797 3416 1836 casu
3451 1781 3704 1835 subleva-

2139 1885 2243 1929 tur.
2274 1872 2331 1926 Si
2364 1881 2544 1926 autem
2570 1883 2782 1926 erectus
2806 1882 2908 1936 est,
2930 1873 3207 1925 videamus
3236 1887 3358 1940 quae
3388 1872 3543 1924 ruina
3568 1886 3676 1939 pra:
3695 1905 3707 1912 -

2138 1965 2384 2020 cesserit.
2449 1961 2648 2016 Omnes
2683 1963 2991 2016 corruimus
3041 1978 3135 2031 per
3183 1973 3458 2030 peccatum
3495 1963 3546 2014 in
3575 1961 3707 2016 orbe

2139 2067 2430 2110 terrarum.
2489 2054 2591 2109 Est
2629 2053 2890 2108 Dominus
2921 2054 3014 2123 qui
3046 2054 3204 2123 erigit
3229 2055 3413 2118 elisos,
3453 2055 3706 2109 etcleva-

2141 2146 2216 2198 vit
2239 2160 2339 2198 nos
2356 2146 2620 2213 jaccntes.
2663 2143 2718 2196 In
2753 2143 2923 2196 Adam
2963 2159 3153 2199 omnes
3200 2146 3497 2211 morimur,
3545 2157 3709 2216 atque

2141 2238 2213 2290 ita
2250 2236 2458 2290 corruit
2487 2236 2636 2290 orbis
2671 2245 2961 2302 terrarum,
2999 2244 3050 2289 et
3077 2235 3279 2305 indiget
3323 2238 3615 2304 ercctione,
3650 2247 3708 2294 ut

2141 2329 2194 2382 in
2232 2328 2449 2382 Christo
2493 2341 2682 2382 omnes
2711 2327 3068 2384 viviticcmur.
3134 2327 3296 2398 Igitur
3327 2329 3592 2398 duplicem
3626 2332 3710 2385 in-

2143 2414 2411 2469 tellectum
2440 2414 2506 2470 de
2533 2415 2663 2469 orbe
2687 2416 3009 2471 tradidimus
3042 2437 3054 2470 :
3078 2434 3266 2483 unum,
3301 2420 3571 2488 quomodo
3595 2421 3710 2476 sin-

2139 2504 2276 2573 gula:
2301 2503 2528 2569 animae,
2583 2515 2674 2558 aut
2703 2504 2954 2560 habitata:
2979 2506 3108 2570 sint,
3149 2517 3239 2560 aut
3269 2507 3496 2562 deserta:
3527 2525 3538 2559 :
3577 2510 3709 2563 alte—

2141 2615 2282 2665 rum,
2307 2597 2582 2670 quomodo
2615 2599 2902 2654 universus
2940 2591 3088 2656 orbis
3113 2602 3317 2671 pariter
3345 2601 3617 2656 ceciderit.

2207 2781 2262 2837 ἓ.
2303 2780 2369 2834 Et
2398 2781 2451 2834 in
2479 2796 2574 2833 sua
2601 2779 2885 2849 prudentia
2916 2779 3148 2833 extendit
3179 2769 3387 2835 caelum.
3439 2778 3556 2832 Non
3595 2780 3687 2833 for-

2141 2875 2277 2928 tuitu
2310 2873 2572 2941 sapientia
2599 2872 2651 2924 in
2680 2872 2804 2927 cteli
2833 2871 3144 2926 ostensione
3168 2879 3444 2939 assmnpta
3469 2879 3553 2924 est
3587 2890 3598 2925 :
3626 2875 3708 2923 ii:-

2137 2967 2320 3022 venies
2354 2974 2407 3020 et
2433 2966 2484 3019 in
2511 2964 2819 3018 Proverbiis
2844 2965 3046 3017 dictum
3077 2962 3120 2993 “
3157 2981 3169 3016 :
3207 2962 3463 3016 Dominus
3493 2964 3707 3032 supiem

2140 3061 2216 3114 tia
2267 3060 2506 3126 fundarit
2556 3067 2786 3120 terram,
2829 3056 3146 3124 prwpararit
3195 3054 3348 3108 ctelos
3403 3058 3705 3125 prudentia.

2141 3150 2235 3204 Est
2264 3163 2392 3219 ergo
2424 3149 2605 3217 aliqua
2642 3145 2924 3216 prudentia
2957 3143 3078 3208 Dei,
3112 3160 3272 3213 quam
3309 3146 3435 3198 nolo
3475 3153 3534 3199 ut
3557 3155 3703 3201 extra

2139 3243 2416 3298 Christum
2468 3239 2735 3308 requiras.
2795 3234 2989 3290 Omnia
3039 3235 3237 3305 quippe
3289 3251 3410 3303 qua:
3447 3244 3575 3290 sunt
3613 3234 3704 3290 Dei

2136 3331 2389 3387 Christus
2437 3339 2520 3385 est
2568 3348 2580 3383 :
2625 3329 2743 3398 ipse
2777 3327 3039 3396 sapientia
3085 3325 3225 3394 ejus,
3270 3326 3382 3394 ipse
3427 3326 3708 3390 fortitudo,

2139 3420 2254 3489 ipse
2272 3417 2652 3479 sanctiﬁcatio,
2679 3415 3042 3486 ipsejustitia,
3071 3415 3185 3484 ipse
3219 3416 3481 3470 sanctitas
3510 3426 3562 3470 et
3586 3419 3709 3470 red-

2137 3513 2358 3580 emptio,
2397 3511 2530 3580 ipse,
2560 3518 2617 3564 ut
2646 3509 2712 3563 ad
2746 3524 2986 3579 praesens
3025 3509 3261 3572 veniam,
3287 3508 3448 3561 etiam
3473 3508 3710 3576 pruden-

2141 3600 2236 3654 tia.
2278 3599 2384 3655 Sed
2411 3615 2535 3658 cum
2565 3599 2636 3653 sit
2671 3614 2838 3655 unum
2867 3600 2919 3653 in
2957 3598 3254 3668 subjacenti
3275 3637 3290 3661 ,
3321 3612 3419 3666 pro
3453 3597 3709 3652 varietate

2138 3705 2396 3748 sensuum
2433 3689 2664 3744 diversis
2696 3689 2977 3744 vocabulis
3021 3696 3384 3758 nuncupatur,
3433 3685 3590 3740 Aliud
3631 3688 3708 3741 si-

2138 3780 2658 3852 gniﬁcatsapientia,
2677 3779 3063 3849 aliudjustitia.
3087 3778 3314 3844 Quando
3329 3777 3473 3831 enim
3499 3777 3710 3846 sapien-

2139 3875 2210 3928 tia
2241 3875 2461 3939 dicitur,
2489 3873 2776 3942 disciplina
2813 3873 2916 3926 ista
2947 3871 3252 3928 divinarum
3298 3885 3478 3923 rerum
3511 3869 3703 3922 huma-

2139 3982 2442 4036 uarumque
2489 3965 2794 4030 institutio;
2843 3962 3064 4032 quando
3105 3959 3350 4030 justitia,
3385 3960 3708 4014 distributor

2135 4067 2190 4112 et
2211 4058 2377 4126 judex
2406 4056 2727 4110 meritorum
2759 4052 3115 4124 signiﬁcatur.
3170 4053 3396 4120 Quando
3423 4057 3704 4122 sanctitas,

2139 4149 2230 4202 illa
2259 4149 2430 4202 virtus
2459 4146 2790 4200 describitur
2815 4161 2936 4216 qua:
2961 4147 3242 4199 credentes
3269 4145 3378 4199 Deo
3407 4145 3566 4199 cmcit
3588 4161 3707 4199 san-

2138 4248 2274 4294 ctos.
2313 4238 2389 4292 Ita
2409 4251 2539 4308 ergo
2572 4237 2704 4290 mihi
2735 4247 2789 4292 et
2813 4237 3097 4308 prudentia
3129 4238 3247 4308 ejus
3275 4240 3587 4308 intelligitur
3610 4240 3708 4293 do-

2138 4331 2310 4384 ctrina
2331 4339 2384 4384 ct
2405 4329 2799 4384 demonstratio
2830 4330 3092 4385 bonarum
3125 4346 3188 4384 ac
3209 4331 3472 4384 malarum
3499 4347 3703 4396 rerum,

2136 4421 2250 4476 sive
2275 4433 2626 4486 neutraruni,
2661 4431 2824 4491 atque
2868 4423 2920 4476 in
2965 4423 3108 4478 hunc
3150 4423 3368 4478 modum
3399 4423 3706 4480 extendisse

2137 4527 2283 4565 nunc
2316 4511 2513 4566 dicitur
2539 4511 2734 4568 coelum
2761 4513 2813 4568 in
2839 4514 3142 4586 prudentia.
3209 4513 3494 4579 Quomodo
3524 4522 3704 4569 autem

2133 4602 2457 4656 extendatur
2525 4603 2755 4670 caelum,
2817 4605 3139 4659 extendente
3183 4620 3306 4658 eum
3355 4605 3636 4672 prudentia
3685 4625 3698 4662 :

2135 4695 2273 4748 Audi
2305 4696 2553 4766 quoniam
2603 4697 2811 4750 ertendi
2849 4696 3028 4758 verba,
3067 4708 3110 4749 et
3153 4712 3254 4749 non
3302 4697 3602 4754 intendistis
3633 4701 3698 4755 ⁸⁵.

2135 4787 2344 4845 Asserit
2388 4787 2590 4857 quippe
2619 4787 2990 4842 extensionem
3035 4787 3327 4861 quamdam
3363 4805 3482 4846 esse
3511 4791 3705 4846 verbo-

2137 4892 2256 4930 rum
2291 4877 2542 4931 similiter
2571 4886 2630 4930 ut
2653 4893 2798 4931 nunc
2821 4876 3020 4947 dicitur
3054 4867 3206 4944 cinli,
3235 4878 3390 4947 juxta
3420 4880 3549 4934 illud
3573 4898 3705 4951 quo-

2136 4983 2242 5039 que
2274 4969 2415 5038 quod
2451 4969 2503 5021 in
2541 4969 2648 5022 alio
2691 4969 2810 5021 loco
2855 4969 3114 5041 scriptum
3155 4981 3238 5025 est
3267 4971 3311 5002 °°
3340 4991 3353 5025 :
3389 4970 3490 5036 Qui
3518 4982 3703 5026 exten-

2134 5059 2212 5112 dit
2237 5058 2421 5112 cazlum
2445 5070 2500 5112 ut
2519 5057 2726 5128 pellem.
2750 5057 3065 5126 Extenditur
3083 5069 3261 5114 autem
3285 5060 3463 5113 anima
3492 5069 3701 5127 nostra,

2135 5167 2257 5224 quae
2297 5153 2446 5220 prius
2472 5149 2648 5215 fuerat
2684 5159 2992 5220 contracta,
3029 5161 3088 5206 ut
3124 5152 3296 5221 possit
3338 5167 3505 5220 capax
3542 5151 3702 5224 172

2133 5264 2254 5306 esse
2289 5246 2569 5317 sapientiae
2597 5243 2709 5298 Dei.
2750 5241 2949 5298 Verum
2982 5255 3040 5299 ut
3067 5244 3132 5299 ad
3162 5244 3494 5314 propositum
3521 5259 3704 5298 rever.

2133 5356 2316 5400 tamur
2339 5383 2353 5406 ,
2386 5339 2625 5394 diximus
2657 5333 2800 5405 quod
2845 5335 3131 5404 prudentia
3153 5337 3350 5392 cmlum
3379 5335 3580 5390 factum
3608 5336 3702 5408 sit,

533 5422 579 5456 “
616 5424 792 5482 Eccle.
829 5442 936 5492 νιι,
965 5428 1067 5494 2ος
1104 5428 1234 5500 Sap.
1271 5446 1353 5496 ιιι,
1388 5431 1474 5487 Η.
1551 5431 1777 5493 “Prov-
1813 5451 1894 5502 ιιι,
1929 5437 2022 5494 19..
2090 5439 2135 5473 ⁸⁸
2173 5436 2229 5492 Ρι

1339 5471 1353 5496 ι
1388 5431 1474 5487 “-
1551 5432 1596 5464 “
1618 5431 1777 5493 Prov-
1813 5451 1894 5502 ιιι,
1929 5437 2022 5494 19..
2090 5439 2135 5473 ⁸⁸
2173 5436 2332 5492 Prov.
2365 5448 2405 5499 ι,
2434 5432 2524 5487 24.
2602 5429 2646 5461 ⁸³
2675 5427 2817 5484 Psal.
2845 5444 2958 5496 cui,
2985 5428 3035 5483 5.

536 5539 610 5676 (ιγ
643 5539 923 5608 Ἆνόητοι.
956 5543 1312 5601 Scribendum
1345 5547 1554 5603 videtur
1583 5550 1852 5626 ἀνόνητοι.

536 5607 592 5674 (2
648 5609 848 5676 Οὕτως
875 5609 988 5666 οὖν
1029 5615 1127 5668 καί
1161 5616 1478 5676 φρόνησιν.
1511 5629 1614 5676 etc.
1652 5621 1705 5676 In
1731 5625 1852 5676 codt

505 5607 610 5687 "(ei
648 5607 988 5692 Oﬁng'oﬁr
1029 5615 1127 5692 ora}
1161 5616 1478 5692 ςρρᾷνησιν,
1509 5607 1623 5692 οῑο.
1652 5612 1705 5678 Ιιι
1731 5607 1888 5681 codd.
1925 5623 2032 5680 Re-

469 5679 569 5768 giis
601 5679 1227 5768 \'.ersiogﬂieronylrni‘sie
1269 5679 1430 5768 habet
1457 5679 1580 5768 'V_Ita
1605 5705 1654 5750 et
1693 5679 2031 5768 prudentiain

471 5747 580 5816 ἐξίοι
622 5747 852 5820 intellige
872 5766 989 5804 cum
1011 5747 1258 5810 doctrina
1283 5766 1357 5810 est
1375 5767 1440 5812 el
1463 5747 2031 5828 αρηιοὶέεῆῶῖοἰᾶὂᾱᾱὲ

2351 5567 2400 5605 e.

2128 5570 2278 5744 mng
2293 5561 2486 5673 εξΕπεὶ
2517 5615 2632 5675 οὖν
2664 5619 2762 5673 καί
2790 5616 3106 5691 χωρίζεται,
3128 5630 3253 5682 etc.,
3275 5635 3445 5690 usque
3479 5620 3703 5684 ειιΙ,πῶς

2128 5689 2220 5744 οὖν
2281 5690 2548 5744 κτείνεται
2579 5693 2606 5744 ὁ
2638 5691 2884 5744 οὐρανός.
2920 5689 3100 5744 omisit
3137 5689 3473 5744 interpretari
3506 5687 3703 5744 Hiero-

2127 5689 2220 5748 οὖν
2253 5687 2548 5746 ἐκτείνεται
2579 5693 2606 5745 ὁ
2638 5687 2884 5772 οὐρανός,
2920 5689 3100 5745 omisit
3137 5687 3473 5761 interpretari
3506 5687 3706 5747 Hiero-

2131 5778 2344 5836 nymus.
