4296 6288
458 411 626 468 ’δόθη

1979 410 2303 467 OBlGENlS

3651 403 3763 469 5-ῑῆ

491 535 546 583 et
585 541 731 581 nunc
777 524 1114 580 aibrmamus
1161 539 1260 582 eos
1309 526 1405 596 qui
1454 528 1735 583 caelestem
1789 527 2068 583 hominem
2100 535 2139 591 Α

2178 528 2474 594 efferet-roa-
2501 530 2745 598 λόγους,
2788 525 2888 579 καὶ
2937 525 3010 579 οὺ
3050 522 3421 592 προσείχετε.
3455 520 3564 575 Καὶ
3607 521 3761 593 λέγει,

495 625 734 689 portant,
766 631 890 675 esse
916 617 1185 673 ctelestes.
1230 615 1288 671 Si
1316 617 1462 673 enim
1493 619 1561 674 ad
1587 627 1903 689 peccatores
1934 619 2072 674 dici-

493 720 581 766 tur
631 729 648 766 :
702 708 865 765 Terra
918 710 1080 777 estis,
1128 719 1183 765 et
1219 711 1277 764 in
1320 718 1518 765 terram
1564 712 1710 765 ibitis
1763 712 1846 779 °";
1902 726 2073 782 quare

490 815 598 856 non
651 800 862 855 dicatur
913 800 979 855 ad
1026 800 1274 871 justum,
1328 802 1488 871 cujus
1537 813 1620 857 est
1678 818 1907 872 regnum
1956 817 2062 858 cm-

490 893 700 950 lorum:
749 892 962 947 Coalum
1025 908 1119 960 es,
1184 902 1238 947 et
1289 892 1344 947 in
1398 893 1597 951 coelum
1657 893 1796 949 ibis?
1865 892 2075 950 Dicitur

488 986 539 1038 ei
587 983 680 1053 qui
727 992 913 1054 portat
964 985 1256 1054 imaginem
1314 983 1528 1045 choici,
1584 985 1636 1039 id
1691 994 1774 1040 est
1828 986 2071 1042 terreni:

490 1074 654 1130 Terra
707 1091 797 1140 ea,
858 1085 907 1130 et
954 1076 1008 1129 in
1062 1086 1262 1130 terram
1319 1074 1459 1143 ibis;
1527 1086 1859 1146 quapropter
1906 1076 2069 1133 coele-

466 1164 555 1220 ἐιί
577 1206 592 1229 ,
628 1173 682 1223 et
712 1164 804 1234 qui
836 1164 1127 1236 imaginem
1159 1164 1400 1220 caelestis
1434 1174 1657 1234 portat,
1694 1180 1842 1219 nunc
1870 1180 2067 1221 conves

486 1257 568 1311 nit
592 1256 697 1312 dici
721 1275 734 1311 :
765 1256 976 1314 Caelum
1004 1272 1083 1321 es,
1114 1266 1170 1311 et
1200 1256 1254 1311 in
1279 1256 1477 1321 uelum
1502 1255 1655 1311 ibis?»
1680 1254 2071 1327 Unusquisque

487 1355 669 1402 autem
699 1356 971 1411 nostrum,
1003 1355 1101 1401 aut
1127 1346 1368 1402 coelestia
1392 1345 1533 1401 facta
1558 1346 1741 1410 habet,
1773 1354 1871 1401 aut
1899 1356 2068 1403 terre-

487 1454 559 1493 na
586 1456 599 1493 :
628 1439 670 1494 si
705 1449 921 1494 terrena
947 1439 1093 1494 facta
1124 1448 1287 1506 sunt,
1316 1440 1382 1494 ad
1414 1447 1702 1508 cognatam
1730 1439 1834 1494 sibi
1864 1447 2066 1495 terram

486 1529 764 1585 deducunt
790 1546 916 1586 eum
948 1530 1043 1600 qui
1077 1531 1414 1596 thesaurizat
1441 1544 1506 1585 ea
1531 1530 1583 1583 in
1609 1538 1772 1595 terra,
1798 1540 1852 1586 et
1879 1546 1982 1589 non
2012 1534 2066 1587 in

485 1622 648 1677 caelo.
698 1622 938 1678 Rursum
968 1623 1082 1677 haec
1113 1638 1233 1693 qua:
1251 1622 1407 1691 juxta
1437 1623 1689 1677 virtutem
1721 1633 1873 1694 gesta
1919 1633 2065 1691 sunt,

486 1715 979 1769 thesaurizaturem
1010 1729 1169 1769 suum
1201 1715 1266 1766 ad
1295 1712 1632 1783 pmpinquas
1664 1714 1768 1771 sibi
1801 1714 2064 1770 cmlorum

483 1803 736 1874 regiones
769 1805 1098 1861 subvehunt.

2171 619 2394 674 ἔκτασίν
2428 635 2553 674 τινα
2600 614 2739 672 εἶναι
2775 616 2978 685 λόγωψ
3014 615 3186 679 οὕτως
3220 612 3516 668 ἐκτείνεται
3547 615 3577 667 ὁ
3602 614 3763 686 οὑραρ.

2172 711 2280 774 νός·
2319 711 2413 764 καὶ
2444 712 2502 763 ὲν
2533 709 2612 780 τῷ
2647 715 2727 781 ργ¹
2759 707 2977 776 λέγεται
3005 703 3251 776 Ψαλμῷ·
3299 704 3617 758 Ἐκτείνωον
3650 702 3767 758 τὸν.

2172 800 2432 870 οὐρανὸν
2481 801 2627 855 ὡσεὶ
2677 799 2895 869 δέρῤιν.
2938 796 3265 852 Ἑκτείνεται
3307 795 3364 850 δὲ
3400 796 3494 849 καὶ
3536 797 3567 866 ἡ
3611 794 3765 877 ψυχὴξ

2175 892 2329 964 MV
2362 893 2625 964 πρότερον
2663 888 3033 961 συνεσταμένη
3074 888 3172 958 (1),
3215 888 3302 941 ἵνα
3338 886 3535 958 δυνηθῇ
3569 884 3753 957 χωρῆ-

2178 1002 2268 1040 σαι
2305 984 2403 1058 τὴν
2428 985 2618 1055 σοφίαν
2653 982 2749 1047 τοῦ
2786 982 2943 1037 Θεοῦ.
2992 979 3153 1035 Ἀλλὰ
3176 980 3286 1051 γάρ
3313 981 3407 1033 ἐπὶ
3433 977 3493 1031 τὸ
3536 975 3759 1047 προκείε

2178 1092 2337 1148 μενον
2371 1073 2775 1147 ἐπανέλθωμεν.
2818 1072 3107 1142 Ἐλέγομεν
3141 1069 3215 1139 (2)
3252 1068 3379 1140 περὶ
3416 1067 3510 1122 τοῦ
3539 1066 3630 1120 τὸν
3661 1065 3759 1120 οὑε

2178 1168 2340 1241 ρανὸν
2378 1169 2435 1222 ἐν
2479 1168 2737 1239 φρονήσει
2764 1164 3063 1233 γεγονέναι,
3097 1162 3191 1216 καί
3234 1176 3416 1231 φαμεν
3458 1160 3540 1212 ὅτι
3579 1160 3628 1212 οἱ
3667 1157 3761 1211 τὸν

2176 1260 2429 1332 οὐράνιον
2455 1257 2740 1330 ἄνθρωπον
2767 1254 3079 1327 φοροῦντες,
3117 1254 3213 1308 καὶ
3246 1251 3398 1306 αὑτοί
3428 1253 3564 1304 εἰσιν
3593 1250 3760 1321 οὐρα-

2175 1354 2285 1418 νός.
2319 1354 2383 1408 Εἰ
2411 1352 2522 1425 γὰρ
2564 1351 2701 1425 πρὸς
2736 1350 2829 1404 τὸν
2863 1348 3242 1421 ἁμαρτάνοντα
3267 1347 3517 1415 λέγεται’
3557 1341 3648 1411 Γῆ
3683 1336 3755 1406 εἷ,

2174 1444 2273 1501 καὶ
2303 1447 2390 1511 εὶς
2420 1443 2539 1513 γῆν
2560 1442 2870 1509 ἁπελεύσῃ
2890 1459 2903 1472 ·
2924 1440 3062 1513 πρὸς
3083 1440 3176 1494 τὸν
3199 1439 3404 1493 δίκαιον
3425 1437 3525 1489 οὐκ
3569 1434 3634 1487 ἄν
3672 1435 3763 1485 λεε

2184 1526 2440 1606 κθείῃ,οῦ
2457 1533 2653 1604 ἐστινὴ
2694 1532 2941 1603 βασιλεία
2968 1532 3077 1586 τῶν
3110 1529 3377 1606 οὐρανῶν,
3410 1526 3650 1600 Οὐρανὸς
3683 1521 3763 1595 εἴ,

2174 1626 2269 1678 καὶ
2300 1625 2380 1687 εἰς
2409 1621 2636 1693 οὐρανὸν
2662 1620 2975 1693 meum;
3017 1623 3055 1693 ἢ
3084 1620 3172 1674 διὰ
3218 1620 3317 1690 μὲν
3343 1617 3432 1672 τὸν
3460 1616 3641 1688 χοῖκὸν
3670 1615 3761 1669 λεη

2169 1714 2428 1785 χθήσεται
2459 1712 2538 1784 τῷ
2566 1710 2818 1782 φοροῦντι
2839 1711 2937 1783 τὴν
2964 1711 3149 1765 εἰκόνα
3169 1708 3265 1763 τοῦ
3290 1708 3505 1779 χοϊκοῦ’
3555 1706 3646 1775 Γῆ
3679 1702 3753 1771 εἴ,

2173 1786 2273 1863 καὶ
2295 1807 2382 1872 εἰς
2409 1805 2528 1875 γῆν
2549 1805 2883 1872 ἁπελεύσῃ·
2907 1802 2996 1856 διὰ
3012 1802 3068 1856 δὲ
3091 1801 3182 1855 τὸν
3203 1800 3469 1871 οὐράνιον,
3505 1798 3644 1852 ἐπὰν
3661 1815 3758 1867 φο-

488 1897 661 1972 ρήσεις
706 1900 803 1972 τὴν
837 1901 1020 1955 εἰκόνα
1059 1900 1152 1954 τοῦ
1183 1902 1534 1974 ἐπουρανίου,
1580 1903 1764 1957 οὑκέτι
1797 1903 2028 1976 ἁρμόσει
2060 1900 2344 1971 λέγεσθαι·
2376 1900 2617 1972 Οὐρανὸς
2658 1895 2728 1965 εἴ,
2775 1900 2870 1952 καὶ
2893 1900 2972 1961 εἰς
2996 1895 3220 1967 οὐρανὸν
3248 1891 3554 1961 (incitatio-9;
3587 1891 3768 1945 "Exut-~

487 2006 612 2057 στος
661 1990 754 2049 οὖν
792 1995 949 2068 ἡμῶν
986 1995 1100 2067 ἔχει
1148 1995 1284 2067 ἔργα
1320 1998 1549 2068 οὑράνια
1585 2000 1679 2052 κα)⁸
1714 1999 1932 2068 ἐπίγεια
1955 2018 1969 2030 ·
2010 1998 2229 2067 ὲπίγειά
2263 2000 2411 2052 ἐστιν
2454 1996 2612 2068 ἔργα,
2655 1995 2691 2050 ἃ
2728 1994 2822 2047 ἐπὶ
2850 1992 2947 2065 τὴν
2973 1988 3210 2060 συγγενῆ
3238 1988 3419 2048 αὑτοῖς
3447 1985 3549 2055 γῆν
3591 1982 3756 2036 κατά-

482 2100 571 2154 γει
605 2085 703 2145 τὸν
742 2085 1134 2157 θησαυρίζοντα
1174 2086 1314 2140 αὐτὰ
1353 2089 1445 2142 ἐπὶ
1485 2089 1585 2160 τῆς
1610 2090 1733 2160 γῆς,
1758 2092 1852 2144 καὶ
1883 2090 1957 2162 μὴ
1996 2087 2391 2161 θησαυρίζοντα
2429 2091 2497 2145 ὲν
2522 2086 2766 2159 οὑρανῷο
2813 2085 2974 2141 πάλιν
3007 2084 3087 2155 (5)
3117 2083 3238 2137 ἐπεὶ
3269 2081 3340 2135 τὰ
3377 2078 3613 2149 συγγενῆ
3644 2077 3754 2143 τοῖς

483 2180 669 2253 ἔργοις
693 2179 894 2253 χωρία,
927 2179 997 2234 τὰ
1041 2182 1099 2233 ὲν
1133 2180 1211 2252 τῷ
1250 2181 1486 2254 οὐρανῷ,
1534 2185 1726 2253 ἀνάγει
1767 2184 1857 2238 τὸν
1897 2182 2293 2255 θησαυρίζοντα
2342 2183 2405 2237 ὲν
2450 2180 2687 2256 οὐρανῷ,
2713 2180 2803 2235 τὸν
2822 2178 3127 2254 φορέσαντα
3146 2175 3243 2246 τὴν
3268 2174 3450 2228 εἰκόνα
3476 2170 3569 2226 τοῦ
3594 2171 3754 2222 ὲπουο

485 2273 692 2346 ρανίου,
726 2271 796 2327 τὰ
824 2272 1176 2344 πραττόμενα
1201 2274 1320 2327 κατ’
1355 2273 1581 2345 ἀρετήν,

557 2369 612 2422 '5.
677 2368 742 2423 Et
785 2369 970 2438 iunxit
1024 2386 1037 2422 :

486 2477 562 2516 re
590 2461 656 2515 ".
690 2460 1004 2517 Istiusmodi
1031 2462 1333 2533 disputatio
1362 2475 1414 2519 et
1445 2464 1498 2518 in
1535 2464 1746 2533 psalmo
1779 2478 1955 2535 nuper
1985 2463 2069 2517 ine

484 2555 639 2620 cidit,
675 2563 730 2610 et
758 2553 963 2610 dictum
991 2562 1076 2610 est
1102 2570 1133 2610 a
1166 2554 1327 2610 nobis
1353 2555 1628 2625 quomodo
1652 2554 1797 2610 Deus
1820 2553 2069 2609 eduxerit

487 2646 662 2702 nubes
708 2645 777 2701 ab
819 2654 1066 2701 extremo
1093 2652 1271 2700 terrae.
1302 2642 1456 2710 Quod
1484 2645 1703 2714 quidem
1745 2660 1892 2701 nunc
1920 2646 2068 2713 cogi-

484 2752 610 2797 mur
660 2746 1003 2801 retractare,
1048 2748 1108 2791 ut
1137 2737 1193 2790 bi
1243 2737 1336 2805 qui
1381 2736 1704 2802 audierunt,
1751 2736 2069 2806 plenissime

485 2844 610 2899 quae
651 2827 831 2888 sciunt
857 2827 1317 2891 reminiseantur,
1348 2836 1401 2880 et
1446 2825 1499 2880 hi
1531 2827 1621 2896 qui
1657 2843 1765 2882 non
1807 2827 2068 2883 interfue—

487 2925 636 2981 runt,
685 2915 955 2969 autnbliti
991 2925 1137 2980 sunt,
1186 2925 1392 2970 textum
1431 2917 1700 2972 sermonis
1745 2927 2066 2989 agnoscant,

491 2992 650 3072 quem
685 3016 844 3072 tunc,
881 3015 1042 3076 prout
1066 3007 1374 3073 voluimus,
1399 3008 1770 3064 exhibuimus.
1818 3007 2067 3066 Diximus

490 3106 671 3162 autem
720 3108 942 3154 sanctos
971 3115 1092 3154 esse
1120 3100 1313 3155 nubes.
1366 3099 1577 3155 Etenim
1627 3101 1733 3157 hoc
1764 3102 1908 3171 quod
1931 3102 2075 3160 scri-.

487 3202 640 3268 ptum
667 3199 749 3245 est
778 3191 824 3222 "
855 3208 868 3245 :
912 3189 1117 3245 Veritus
1141 3201 1233 3246 tua
1264 3209 1426 3264 usque
1450 3192 1520 3246 ad
1553 3193 1734 3262 nubes,
1760 3208 1866 3248 non
1892 3202 2069 3264 potest

489 3270 681 3350 referri
711 3282 777 3336 ad
806 3282 1135 3339 inanimales
1166 3284 1342 3341 nubes
1375 3303 1388 3340 :
1419 3285 1512 3340 sed
1542 3285 1743 3340 veritas
1771 3285 1866 3341 Dei
1891 3301 2068 3356 usque

488 3373 558 3429 ad
588 3374 712 3439 illas
736 3374 905 3429 nubes
944 3385 1048 3439 est,
1079 3391 1200 3446 quae
1230 3378 1462 3431 audiunt
1486 3377 1804 3431 mandatum
1829 3375 2064 3443 Domini,

489 3474 544 3519 ct
583 3474 853 3519 noverunt
901 3481 1011 3535 quo
1033 3467 1242 3535 pluvias
1271 3466 1539 3533 deferant,
1584 3481 1639 3523 et
1686 3484 1716 3522 a
1743 3469 1944 3539 quibus
1971 3484 2065 3524 eas

489 3554 848 3625 suspendant.
880 3554 957 3611 De
980 3556 1064 3612 his
1089 3557 1327 3613 nubibus
1369 3557 1573 3613 dictum
1599 3568 1682 3614 est
1702 3558 1747 3590 ⁷⁰
1779 3558 1888 3614 :Et
1911 3575 2063 3613 man»

489 3650 628 3706 dabo
657 3649 881 3705 nubibus
917 3651 1055 3717 meis
1076 3666 1138 3704 ne
1165 3650 1353 3720 pluunt
1397 3667 1554 3720 super
1583 3667 1700 3705 eam
1726 3652 1965 3706 imbrem.
1992 3653 2067 3707 De

492 3743 581 3801 his
609 3743 755 3799 enim
788 3759 910 3813 quae
936 3758 1002 3797 ex
1028 3744 1199 3798 denso
1228 3758 1352 3798 aere
1398 3742 1655 3798 dicuntur
1685 3752 1967 3810 constare,
2016 3745 2062 3799 si
2094 3712 2139 3773 Ο

491 3852 602 3897 non
630 3836 798 3896 fuerit
825 3835 1030 3905 pluvia,
1064 3848 1172 3888 non
1200 3834 1455 3905 praecepit
1482 3832 1625 3890 Deus
1654 3850 1723 3889 ne
1748 3835 1937 3904 pluant
1970 3849 2062 3890 su-

492 3945 590 3999 per
636 3930 884 3994 vineam,
932 3935 1026 3984 aut
1074 3942 1460 3998 quamcunque
1503 3927 1780 3998 regionem
1811 3926 2063 3994 imbrem,

492 4023 587 4079 sed
611 4022 834 4081 omnino
868 4034 973 4075 non
1000 4029 1284 4090 apparent,
1308 4029 1368 4075 ut
1390 4020 1446 4075 in
1474 4020 1633 4077 tertio
1660 4018 1972 4090 Regnorum
1997 4021 2066 4083 li-~

490 4112 591 4167 bro
617 4112 847 4183 legimus
873 4114 916 4145 τί
953 4131 973 4167 ι
1003 4113 1223 4182 quando
1249 4112 1303 4166 in
1333 4121 1578 4182 tempore
1603 4110 1868 4168 siccitatis
1893 4114 2069 4171 nubes

492 4204 642 4259 nulla
670 4204 940 4272 apparuit,
979 4212 1033 4258 et
1054 4211 1243 4274 postea
1266 4202 1424 4274 juxta
1464 4204 1805 4275 prophetiam
1830 4203 1962 4262 Elia:
1982 4203 2070 4260 fu—

491 4305 630 4350 turae
660 4294 854 4363 pluviae
886 4294 1100 4365 signum
1154 4295 1207 4351 in
1264 4294 1492 4364 vestigio
1524 4295 1762 4352 hominis
1789 4305 2068 4354 ostensum

491 4394 595 4450 est,
646 4396 812 4455 atque
838 4387 911 4439 ita
951 4394 1073 4454 post
1102 4386 1306 4447 nubem
1337 4386 1719 4454 conglobatam
1771 4389 1944 4443 imber
1973 4389 2072 4444 de-

492 4481 710 4537 scendit
755 4479 823 4533 ad
867 4488 1061 4532 terras.
1119 4477 1246 4533 Istis
1286 4493 1414 4532 vero
1446 4481 1606 4548 quasi
1644 4480 2073 4536 subsistentibus

496 4573 740 4628 nubibus
781 4570 1003 4640 jubetur
1050 4567 1289 4637 pluviam
1333 4569 1649 4637 continere,
1692 4586 1817 4625 cum
1853 4570 2076 4640 indigna

496 4661 664 4714 fuerit
704 4661 885 4714 anima
932 4660 1108 4714 imbre
1154 4658 1394 4725 caelesti,
1443 4670 1498 4714 et
1523 4658 1724 4723 dicitur
1759 4678 1780 4734 :1
1807 4658 2075 4714 Maudabo

497 4752 721 4806 nubibus
753 4770 815 4806 ne
845 4754 1033 4822 pluant
1067 4771 1224 4825 super
1249 4769 1367 4808 eam
1394 4752 1631 4821 imbrem.
1678 4752 1757 4810 lta
1780 4753 2076 4824 unusquis-

497 4859 606 4915 que
638 4854 952 4898 sanctorum
995 4847 1170 4909 nubes~
1206 4856 1307 4902 est.
1356 4845 1568 4918 Moyses
1614 4847 1786 4902 nubes
1829 4853 1989 4914 erat,
2020 4854 2075 4902 et

498 4937 656 5011 quasi
673 4937 847 5005 nubes
865 4938 1187 5010 loquebatur
1206 4942 1250 4972 τ’
1271 4958 1283 4994 :
1304 4940 1547 5005 Attende,
1564 4939 1772 5007 mlum,
1794 4951 1842 4998 et
1863 4941 2079 5018 loquar,

1095 2366 1338 2422 Educeus
1371 2370 1529 2425 nubes
1575 2370 1641 2424 ab
1678 2380 1911 2425 extremo
1963 2380 2069 2426 ter-
2104 2376 2139 2430 1]

2240 2368 2353 2424 Καὶ
2401 2365 2669 2437 ἀνήγαγε
2714 2361 2976 2431 νεφέλας
3022 2356 3092 2423 ἐξ
3142 2355 3404 2426 ἐσχάτου
3444 2351 3556 2419 τῆς
3602 2350 3756 2421 γῆς’-

2171 2463 2315 2535 ἆπερ
2356 2461 2515 2534 χρεία
2544 2458 2693 2523 ἐστὶν
2724 2451 3115 2517 ὲπαναλαὸεἶν,
3155 2452 3265 2512 τοῖς
3309 2448 3407 2519 μὲν
3443 2446 3636 2500 εἰδόσιν

2167 2532 2533 2621 ἐπιτράνωσιν
2565 2548 2658 2601 καὶ
2691 2545 2998 2615 ὑπόμνησιν
3029 2540 3139 2593 τῶν
3176 2536 3510 2610 εἰρημένων·
3546 2537 3657 2598 τοῖς
3696 2532 3763 2599 ὃὲε

2169 2640 2639 2713 ἐπιλαϐομένοιςῆ
2674 2636 2748 2710 μὴ
2783 2633 3309 2708 παρατετυχηκόσιν,
3344 2631 3424 2693 εἰς
3454 2630 3757 2699 σαφήνειαν

2168 2733 2380 2799 τούτου,
2424 2734 2533 2785 εἴτε
2566 2726 3086 2800 άποκαμπτομένου,
3122 2724 3216 2778 καὶ
3263 2720 3498 2793 φανεροῦ
3528 2718 3761 2791 γενομέ-.

2168 2844 2281 2890 νου,
2298 2824 2407 2878 εἴτε
2428 2820 2713 2876 οὐπώποτε
2744 2818 3052 2890 νοουμένου.
3075 2813 3320 2884 Δέγομεν
3340 2813 3393 2865 δὲ
3419 2813 3544 2875 τοὺς
3566 2810 3759 2879 ἁγίους,

2168 2914 2306 2972 εἶναι
2335 2915 2582 2984 νεφέλας.
2614 2912 2686 2966 Τὸ
2709 2911 2837 2983 γὰρ,
2864 2911 2937 2965 Ἡ
2958 2905 3209 2974 ἀλήθειά
3236 2922 3352 2958 σου
3381 2902 3491 2967 ἕως
3519 2900 3640 2955 τῶν
3664 2917 3755 2955 νεα

2167 3007 2388 3081 galior,
2417 3008 2478 3069 οὐ
2511 3005 2730 3059 δύναται
2759 2999 3125 3073 ἀναφέρεσθαι
3151 2997 3244 3051 ἐπὶ
3274 2995 3373 3071 τὰς
3403 2992 3645 3063 ἀψύχους
3675 3008 3755 3044 νε-

2168 3102 2370 3172 φέλας·
2419 3097 2554 3153 ἀλλὰ
2582 3100 2616 3169 ἡ
2653 3095 2875 3167 ἀλήθεια
2906 3090 3000 3145 τοῦ
3034 3088 3169 3142 Θεοῦ
3216 3087 3320 3149 ἓως
3363 3084 3469 3138 τῶν
3515 3082 3760 3153 νεφελῶν.

2169 3196 2337 3259 ἐστιν,
2378 3193 2581 3252 αἵτινες
2625 3186 2913 3242 ἀκούουσιν
2961 3181 3181 3251 ἐντολῆς
3224 3176 3358 3232 Θεοῦ
3407 3176 3502 3230 καὶ
3545 3175 3753 3233 οἴδασιν

2168 3283 2272 3338 ποῦ
2325 3282 2703 3354 ἐκπέμπουσιν
2748 3277 2940 3342 ὑετὸν,
2983 3274 3077 3329 καὶ
3125 3270 3232 3327 ἀπὸ
3271 3270 3430 3323 τίνων
3466 3266 3541 3337 (4)
3595 3266 3761 3336 κομί-ι.

2171 3392 2334 3436 σωσιν
2351 3393 2364 3405 ·
2391 3374 2467 3439 ὡς
2491 3373 2667 3439 οὑσῶν
2694 3372 2804 3444 γὰρ
2836 3368 3097 3440 νεφελῶν,
3124 3365 3210 3433 αἷς
3241 3367 3542 3423 ἐντέλλεται
3567 3370 3595 3422 ό
3620 3365 3759 3437 Θεὸς)

2173 3468 2247 3541 μὴ
2296 3467 2511 3540 βρέχειν
2542 3467 2577 3539 ἢ
2623 3464 2860 3538 βρέχειν,
2905 3462 3248 3534 γέγραπταιο
3299 3459 3431 3528 Ταῖς
3472 3459 3754 3530 νεφέλαις

2168 3558 2524 3629 ἐντελοῖδιιαι
2550 3557 2658 3612 τοῦ
2685 3557 2772 3628 μὴ
2800 3556 3017 3625 βρέξαι
3044 3554 3135 3609 ἐπ’
3166 3553 3353 3608 αὐτὸν
3390 3555 3587 3607 ὑετόν.
3633 3552 3757 3606 Ἐπὶ

2175 3653 2271 3725 μὲν
2297 3648 2390 3706 οὖν
2418 3651 2621 3706 τούτων
2654 3649 2915 3721 νεφελῶν,
2944 3648 3039 3703 ἐὰν
3072 3647 3147 3721 μὴ
3176 3648 3330 3711 ὑετὸς
3357 3642 3413 3720 ᾖ,
3442 3647 3543 3700 οὑκ
3580 3644 3755 3699 ἐπέλ-

2169 3744 2318 3799 λεται
2342 3747 2370 3799 ό
2396 3745 2527 3808 Θεὸς
2549 3746 2669 3808 ταῖς
2691 3741 2942 3812 νεφέλαις
2966 3739 3060 3794 τοῦ
3093 3738 3167 3811 μὴ
3193 3738 3404 3810 βρέχειν
3432 3738 3522 3791 ἐπὶ
3548 3735 3636 3789 τὸν
3662 3737 3764 3806 ἁμ-

2172 3835 2387 3889 πελῶνα
2433 3834 2467 3905 ἢ
2505 3834 2602 3906 τὴν
2644 3831 2827 3905 χώραν
2869 3832 3021 3885 ὑετὸν
3041 3870 3055 3896 ,
3100 3829 3177 3902 (5)
3227 3829 3361 3884 ἀλλὰ
3392 3829 3485 3882 τοῦ
3532 3828 3667 3891 ὅλως
3694 3825 3763 3880 οὑ.

2170 3926 2421 3997 φαίνεται
2455 3925 2674 3997 νεφέλη,
2715 3924 2791 3989 ὡς
2819 3925 2878 3979 ὲν
2917 3926 2981 3996 τῇ
3014 3923 3173 3996 τρίτῃ
3199 3923 3309 3976 τῶν
3328 3921 3626 3976 Βασιλειῶν
3660 3919 3759 3989 γέ-

2170 4036 2445 4092 γραπται·
2481 4019 2608 4073 ὅταν
2638 4016 2788 4090 παρὰ
2814 4017 2904 4071 τὸν
2932 4016 3124 4089 καιρὸν
3154 4016 3252 4087 τῆς
3276 4016 3536 4089 ἀϐροχίας
3557 4011 3755 4085 νεφέλη

2171 4114 2269 4171 οὑκ
2299 4113 2580 4184 ἐφαίνετο·
2632 4110 2794 4182 ἡνίκα
2824 4109 2882 4163 δὲ
2916 4108 3061 4164 κατὰ
3099 4107 3189 4162 τὸν
3224 4107 3380 4176 λόγον
3421 4107 3521 4176 τῆς
3550 4119 3733 4177 προφη

2171 4205 2322 4271 τείας
2371 4205 2466 4260 τοῦ
2530 4205 2708 4259 Ἠλίου
2743 4204 2967 4277 ἔμελλεν
3025 4205 3054 4256 ό
3101 4201 3254 4266 ὑετὸς
3296 4201 3558 4270 γίνεσθαι,
3614 4201 3763 4269 ἴχνος

2173 4296 2343 4370 ἐφάνη
2377 4296 2605 4368 νεφέλης
2635 4298 2711 4361 ὡς
2746 4299 2890 4368 ἴχνος
2924 4295 3136 4366 ἀνδρὸς,
3178 4293 3272 4346 καὶ
3316 4291 3530 4360 ἐγένετο
3560 4292 3767 4367 νεφέλη¹

2175 4388 2402 4442 ποιοῦσα
2426 4388 2518 4444 τὸν
2552 4388 2735 4441 ὑετόνο
2767 4387 2843 4449 ὡς
2869 4388 2925 4439 δὲ
2948 4382 3307 4454 ὑπαρχουσῶν
3345 4383 3441 4452 μὲν
3470 4380 3576 4433 τῶν
3605 4396 3755 4448 νεφε-

2175 4479 2303 4546 λῶν,
2331 4479 2702 4548 κελευομένων
2726 4477 2783 4530 se
2812 4476 2886 4548 μὴ
2912 4475 3048 4542 ὕειν,
3073 4475 3201 4528 ὅταν
3223 4471 3415 4537 ἀναξία
3439 4475 3472 4544 ἡ
3495 4471 3638 4543 ψυχὴ
3662 4470 3765 4531 τοῦ,

2175 4570 2331 4625 ὑετοῦ
2359 4571 2621 4642 τυγχάνῃ,
2647 4568 2864 4638 λέγεται
2887 4566 2977 4620 τό·
3016 4565 3148 4633 Ταῖς
3176 4565 3459 4635 νεφέλαις
3481 4566 3759 4622 anuos-

2171 4682 2279 4734 μαι
2308 4663 2416 4718 τοῦ
2446 4662 2532 4734 μὴ
2557 4661 2772 4730 βρέξαι
2800 4660 2892 4714 ἐπ’
2930 4658 3117 4716 αὐτὸν
3152 4659 3348 4714 ὑετόν.
3383 4659 3591 4714 Οὐκοῦν
3631 4658 3762 4713 ἐκα-

2181 4772 2303 4820 στος
2344 4754 2452 4810 τῶν
2483 4754 2653 4825 ἁγίων
2685 4752 2881 4825 νεφέλη
2912 4752 3048 4806 ὲστί.
3080 4752 3287 4824 Μωσῆς
3324 4747 3632 4824 νεφέλη’ἦν,
3666 4752 3762 4805 καὶ

2178 4849 2255 4915 ὼς
2290 4847 2484 4922 νεφέλη
2527 4847 2712 4917 ἔλεγε*
2755 4848 3048 4916 Πρόσεχε,
3078 4843 3317 4913 οὐρανέ,
3349 4846 3446 4900 καὶ
3484 4843 3757 4910 λαλήσω,

2178 4939 2278 5015 καὶ
2316 4938 2581 4994 ἀκουέτω
2615 4936 2693 5008 γῆ
2719 4935 2961 5006 ῥήματα
2987 4934 3285 5005 στόματός
3308 4950 3459 5003 μουο
3500 4931 3759 5002 προσδο-
3818 4974 3828 4981 .

498 5039 549 5085 et
581 5028 768 5084 audiat
794 5036 937 5083 terra
966 5047 1255 5085 sermonem
1281 5048 1346 5087 ea:
1384 5048 1470 5086 ore
1496 5049 1628 5087 meo.
1689 5031 2075 5106 Exspectentur
2105 5057 2139 5116 η

2179 5031 2383 5088 κὰσθω
2402 5031 2482 5099 ὼς
2507 5028 2679 5096 ὑετὸς
2705 5027 2772 5082 τὸ
2793 5022 3143 5096 ἀπόφθεγμά
3161 5042 3298 5095 μου,
3327 5020 3763 5116 viaticam-ﬁmi

505 5121 662 5193 173
682 5130 738 5174 ut
756 5120 938 5181 pluvia
956 5123 1109 5177 verba
1135 5139 1268 5178 mea.
1292 5122 1349 5178 Si
1371 5139 1480 5180 non
1506 5123 1698 5181 fuisset
1715 5126 1911 5192 nubes,
1934 5142 2075 5181 nuu-

500 5226 664 5291 quam
693 5210 961 5270 dixisset:
995 5211 1380 5283 Exspectentur
1439 5225 1495 5271 ut
1537 5215 1716 5287 pluuia
1754 5215 1908 5271 verba
1936 5232 2073 5283 mea,

2180 5126 2263 5193 ὡς
2287 5123 2508 5193 δρόσος
2533 5120 2605 5177 τὰ
2626 5116 2868 5191 ῥήματά
2881 5136 3021 5189 μου.
3053 5117 3140 5180 Ὠς
3166 5113 3366 5187 νεφέλη
3393 5111 3559 5181 λέγει’
3601 5111 3761 5168 Ὠσεί

2185 5216 2400 5288 ὄμϐρος
2435 5214 2528 5289 ἐπ’
2570 5212 2884 5284 ἄγρωστιν,
2914 5211 3018 5287 καὶ
3045 5208 3188 5267 ὡσεὶ
3227 5202 3467 5275 νιφετὸς
3497 5203 3595 5258 ἐπὶ
3623 5202 3761 5273 χόρ-

571 5350 616 5383 ⁶⁷
657 5350 794 5408 Gen.
829 5365 911 5416 ιιι,
934 5350 1016 5406 l9.
1091 5350 1137 5383 ⁸⁸
1154 5349 1302 5408 Psal.
1332 5367 1553 5418 cxxxw,
1580 5351 1632 5408 7.
1708 5353 1752 5385 “
1775 5351 1921 5421 Psal.
1946 5369 2110 5421 xxxv,

2183 5393 2195 5409 .
2274 5354 2320 5386 ⁷ο
2341 5352 2465 5409 lsai.
2495 5367 2551 5417 ν,
2566 5352 2620 5407 6.
2697 5347 2827 5404 τιιιι
2855 5347 2988 5418 Reg.
3010 5359 3168 5417 mn.
3205 5342 3487 5397 "Denter.
3513 5340 3762 5407 xxxud.

573 5465 647 5540 (ι)
710 5464 1155 5540 Σωεσταμένη.
1225 5464 1584 5540 βετίὶιείιιιιιιιη
1638 5466 2074 5540 συνεσταλμένη,

503 5539 581 5593 uti
606 5536 783 5610 liquet
810 5550 875 5610 ex
903 5536 1351 5610 interpretatione
1369 5536 1714 5610 HierOnymi.

578 5606 653 5676 (2)
692 5606 830 5690 Περὶ
860 5605 976 5690 ’τοῦ
1006 5605 1128 5690 Δτόν
1168 5608 1428 5690 adpare!
1467 5609 1537 5664 ἐν
1577 5605 2079 5690 ἐρροιςήσειθγεγο-

2181 5465 2384 5520 malum
2406 5467 2497 5519 sit.
2824 5487 2828 5491 ·

2254 5536 2331 5611 (ᾗ)
2377 5536 2564 5611 ﬂaret.
2599 5533 3118 5611 Legendumeigm

2254 5537 2308 5603 (5
2384 5536 2564 5592 Ἐπεί.
2599 5536 3050 5607 ιιεεεηόιιιηηεῐς·
3106 5600 3118 5611 _

2253 5536 2331 5679 μί
2369 5607 2731 5678 Κομίσωσιν.
2771 5604 3012 5676 Legebat
3055 5598 3418 5673 Hieronymus
3470 5598 3767 5670 xpsudcw-

503 5675 692 5749 νένιιι.
737 5676 909 5749 liecte
942 5675 1317 5749 interpretatio
1348 5675 1658 5749 Hieronymi
1707 5680 1761 5734 in
1794 5675 2078 5737 codicibus
2186 5675 2291 5749 cui.

502 5761 639 5819 mss.
664 5745 844 5819 habet.
868 5745 1311 5819 quodipr’udentia
1332 5750 1521 5804 caelum
1544 5745 1748 5819 factum
1769 5751 1861 5814 sit,
1894 5752 2078 5807 minus

505 5818 642 5879 bene
676 5816 729 5870 in
758 5816 912 5869 libris
940 5818 1121 5882 editis,
1152 5819 1291 5888 quod
1318 5816 1600 5889 prudentia
1622 5819 1780 5889 hujus
1811 5822 1997 5876 seaculi
2023 5824 2076 5876 iu

2184 5747 2332 5873 (HAS)
2373 5747 2562 5830 ’ᾼλλὰ
2585 5745 2712 5804 τοῦ.
2748 5742 3063 5817 Legendum
3093 5740 3329 5812 videtur,
3361 5740 3494 5798 ἀλλὰ
3523 5739 3645 5809 τεοῦ,
3677 5739 3760 5796 νει

2286 5835 2442 5873 αγου.

2286 5835 2442 5891 αχου.
