4296 6288
1732 86 1763 94 ——

423 343 544 400 341

1609 335 1678 390 IN
1714 329 2059 392 )EBEMIAM
2090 329 2376 388 HOMILI’A
2416 328 2553 387 Vill.

3570 322 3684 378 363

416 475 576 513 τογ’
608 457 697 512 ὅτι
725 457 912 526 ὄνομα
935 456 1157 525 Κυρίου
1184 453 1467 512 ἐκάλεσα.
1494 452 1680 520 Οὕτως
1711 454 1786 517 ὡς
1817 453 2008 523 νεφέλη
2040 456 2086 515 Α
2110 488 2112 496 ι

1977 469 2008 523 η
2040 456 2086 515 Α
2110 460 2160 505 et
2189 451 2506 506 descendant
2542 457 2609 503 ut
2644 464 2737 501 ras-
2766 445 2971 516 eloquia
3000 461 3141 500 mea.
3183 440 3353 513 Quasi
3388 442 3561 498 nubes
3588 441 3673 496 di-

416 548 531 603 καὶ
577 544 802 611 Ἡσαΐας
837 548 989 616 λέγει
1009 565 1023 579 ·
1055 549 1285 612 Ἄκουε,
1318 547 1553 615 οὐρανέ,
1587 547 1682 600 καὶ
1717 542 2008 608 ὲνωτΙζου,

411 636 529 710 τῆ,
567 636 659 692 ὅτι
685 641 901 708 Κύριος
929 638 1219 707 estatinae.
1260 638 1370 692 Καὶ
1400 638 1700 709 ἐπειδήπερ
1730 637 1823 689 καὶ
1850 634 2010 699 αὐτὸς

407 723 492 800 ἦν
544 728 767 799 νεφέλη,
802 728 955 797 ἔλεγε
993 727 1050 781 δὲ
1089 727 1315 796 νεφέλας
1361 727 1486 790 τοὺς
1531 724 2009 798 ωμπροφητεύον-

404 835 525 883 τας
574 819 651 891 (1)
690 817 904 884 αὐτῶν,
942 818 1037 872 καί
1079 835 1212 890 φησι
1243 816 1599 888 προφητεύων
1621 833 1638 848 ο
1672 815 1804 882 Ταῖς
1833 811 2008 882 νεφέ-

400 913 573 976 λαις
599 909 950 979 ἐντελοῦμαι
982 907 1087 962 τοῦ
1113 907 1200 977 μὴ
1232 906 1447 975 βρέξαι
1475 910 1563 974 εις
1588 905 1774 961 αὐτόν
1807 905 2006 960 ὑετόν.

484 1175 568 1228 El
590 1172 649 1227 δὲ
681 1172 930 1245 νενόηται
957 1174 1089 1245 ἡμῖν
1113 1170 1258 1234 τινες
1281 1169 1418 1224 εἰσιν
1450 1170 1508 1225 αἱ
1539 1169 1780 1238 νεφέλαι,
1807 1170 2005 1241 ἴδωμεν

406 1265 553 1329 πῶς
575 1267 605 1317 6
629 1264 762 1329 Θεὸς
782 1265 997 1333 ἀνάγων
1026 1265 1144 1317 ἐστὶ
1165 1262 1395 1332 νεφέλας
1412 1261 1476 1326 ἐξ
1493 1260 1721 1332 ἐσχάτου
1753 1263 1853 1333 τῆς
1880 1263 2002 1334 γῆς·

405 1358 552 1422 πῶς
576 1359 672 1412 ἀπ’
702 1358 929 1428 ἐσχάτου
959 1357 1063 1428 τῆς
1104 1358 1244 1427 γῆςς
1277 1356 1446 1428 Φησὶν
1477 1361 1507 1411 6
1544 1356 1733 1427 Σωτήρ
1753 1371 1768 1387 ⁵
1817 1358 1878 1412 '0
1914 1357 2007 1412 θέ-

400 1452 557 1504 λων
584 1450 655 1502 ἐν
685 1449 827 1519 ὑμῖν
857 1445 1012 1503 εἶναι
1040 1448 1291 1516 πρῶτος,
1334 1448 1507 1504 ἔσται
1548 1445 1790 1501 πάντων
1824 1449 2006 1518 ἐσχα-

402 1559 553 1608 τος.
599 1542 863 1616 Ἐτήρησε
905 1542 983 1617 (‘2)
1015 1539 1220 1611 ταύτην
1251 1540 1350 1612 τὴν
1393 1539 1610 1611 ἐντολὴν
1641 1538 1871 1606 Παῦλος,
1908 1540 2003 1594 καὶ

402 1627 487 1703 ἦν
540 1631 768 1702 ἔσχατος
805 1633 863 1685 ὲν
903 1630 1078 1703 τούτῳ
1115 1630 1193 1702 τῷ
1229 1632 1448 1703 κόσμῳο
1500 1632 1578 1685 διό
1623 1648 1754 1703 φησι
1777 1648 1792 1663 ⁸
1842 1630 2003 1687 Δοκῶ

402 1722 538 1793 γὰρ
584 1721 674 1776 ὅτι
726 1721 871 1787 Θεὸς
915 1720 1074 1792 ἡμᾶς
1113 1722 1259 1790 τοὺς
1296 1724 1678 1790 ἀποστόλους
1707 1724 2002 1791 ἐσχάτους

2099 544 2268 598 -cebat
2307 559 2320 596 :
2363 540 2431 596 Ut
2468 539 2659 596 imbres
2707 553 2862 606 super
2911 552 3158 607 gramen,
3204 544 3261 590 ut
3298 533 3477 604 pluvia
3522 547 3677 603 super

2111 632 2323 701 fenum,
2362 631 2489 702 quia
2535 645 2722 683 nomen
2765 626 2976 681 Domini
3012 625 3268 680 invocavi.
3310 622 3571 676 Similiter
3621 630 3678 675 et

2109 721 2277 778 lsaias
2303 730 2362 777 ut
2389 721 2562 777 nubes
2587 719 2909 790 loquebatur
2934 718 2955 749 '
2963 717 2983 749 ³
3016 734 3030 771 :
3060 715 3227 778 Audi,
3257 713 3463 778 caelum,
3502 722 3552 767 et
3578 727 3677 765 au—

2109 814 2254 868 ribus
2288 813 2512 884 percipe,
2544 821 2706 877 terra,
2745 808 2993 880 quoniam
3035 805 3292 860 Dominus
3337 802 3540 858 locutus
3574 811 3672 857 est.

2109 903 2176 959 Et
2200 905 2328 974 quia
2374 904 2488 972 ipse
2531 903 2703 957 nubes
2745 910 2880 967 erat,
2917 898 3136 955 sciebat
3166 897 3303 952 alias
3331 895 3503 949 nubes
3528 909 3676 948 com-

2091 997 2492 1066 ‘prophetantes
2522 995 2646 1059 sibi,
2696 993 2819 1049 ideo
2851 992 3157 1049 vaticinans
3185 990 3366 1045 aiebat
3406 988 3447 1020 ⁷⁸
3480 1006 3492 1042 :
3523 986 3677 1040 Men-

2106 1086 2243 1140 dabo
2275 1084 2494 1139 nubibus
2528 1085 2657 1139 meis
2684 1099 2748 1140 ne
2779 1082 2964 1153 pluant
2995 1096 3152 1152 super
3181 1096 3296 1135 eam
3328 1077 3567 1133 imbrem.

2177 1177 2232 1231 ι.
2275 1175 2331 1229 Si
2361 1184 2540 1230 autem
2565 1175 2676 1244 jam
2728 1172 3019 1229 didicimus
3049 1171 3157 1240 qui
3178 1179 3319 1225 sntit.
3350 1168 3550 1233 nubes,
3594 1166 3676 1220 vi-

2106 1269 2331 1325 deamus
2372 1267 2644 1338 quomoJo
2679 1265 2821 1321 Deus
2870 1264 3065 1319 educat
3112 1262 3291 1317 nubes
3323 1260 3391 1315 ab
3430 1268 3674 1314 extremo

2106 1366 2280 1413 terra.
2319 1357 2412 1413 Ait
2447 1355 2695 1411 Salvator
2722 1357 2767 1388 ⁷⁸
2801 1373 2813 1411 :
2849 1353 2953 1419 Qui
2986 1352 3096 1408 uult
3137 1352 3193 1406 in
3234 1350 3377 1405 vobis
3422 1365 3531 1404 esse
3562 1349 3675 1420 pri-

2103 1467 2239 1519 mus,
2265 1451 2335 1505 sit
2363 1450 2596 1504 onmium
2634 1448 2970 1504 novissimus.
3020 1444 3267 1500 Servavit
3308 1443 3411 1497 boe
3450 1441 3674 1497 utenda-

2102 1551 2215 1598 tum
2249 1539 2472 1605 Paulus,
2517 1551 2571 1595 et
2611 1538 2715 1593 fuit
2754 1536 3084 1592 novissimus
3111 1536 3164 1589 in
3200 1535 3303 1589 hoc
3326 1534 3561 1605 mundo,
3594 1531 3675 1586 di—

2101 1648 2231 1689 cens
2255 1633 2300 1665 ⁷⁶
2334 1648 2352 1686 :
2392 1630 2531 1687 Puto
2563 1631 2702 1685 enim
2733 1628 2872 1683 Deus
2921 1644 3013 1682 nos
3059 1625 3321 1697 apostolos
3365 1624 3673 1679 novissimos

2100 1722 2347 1788 ostendit,
2379 1723 2532 1792 quasi
2569 1721 2951 1790 martiﬁcatos;
2997 1719 3123 1790 quia
3155 1717 3509 1788 spectaculum
3542 1714 3675 1786 facti

400 1784 761 1879 ἆθίέδειξεν,
919 1784 1362 1880 ἐπιθανατίους,
1394 1814 1491 1873 ότι
1521 1784 1765 1883 θέατρον
2030 1784 2074 1840 Β

1974 1784 1999 1855 λ
2030 1784 2074 1840 Β
2100 1831 2281 1873 sumus
2301 1784 2356 1869 in
2384 1784 2479 1868 ltoc
2499 1814 2692 1869 munda
2713 1784 2763 1869 et
2793 1811 2991 1884 angelis
3009 1784 3071 1865 iet
3100 1784 3420 1866 hominibus.
3458 1805 3517 1861 Si
3547 1784 3670 1877 quis

402 1905 613 1972 θημεν
645 1905 728 1971 τῷ
769 1907 996 1976 κόσμῳ,
1036 1906 1136 1959 καὶ
1180 1906 1476 1976 ἀγγέλοις,
1514 1907 1614 1962 καὶ
1649 1906 1993 1977 ἀνθρώποις.

400 1991 493 2046 Et
523 2011 603 2057 τις
633 1991 727 2048 οὖν
759 1997 874 2048 ἐστι
896 1996 1081 2067 τηρῶν
1109 1997 1208 2068 τὴν
1241 1997 1334 2050 τοῦ
1358 1998 1610 2069 Σωτῆρος
1633 1999 1868 2070 ἐντολὴν,
1901 1999 1998 2053 καὶ

403 2084 716 2154 γενόμενος
742 2085 965 2154 ἔσχατος
990 2087 1067 2150 ὡς
1092 2089 1230 2158 πρὸς
1250 2086 1343 2140 τὸν
1369 2086 1480 2156 βίον
1502 2085 1712 2151 τοῦτον,
1728 2083 1881 2150 οὗτος
1910 2088 1998 2157 γί-

405 2189 576 2227 νεται
610 2174 827 2244 νεφέλη,
871 2176 966 2227 καὶ
998 2175 1187 2244 ἀνάγει
1227 2175 1452 2243 νεφέλας
1491 2177 1522 2229 6
1565 2175 1718 2239 Θεὸς,
1759 2178 1859 2230 οὐκ
1890 2177 1998 2232 ἀπὸ

403 2260 538 2314 ⁸’δῶν
563 2260 792 2333 πρώτων
822 2264 922 2333 τῆς
952 2264 1075 2333 γῆς,
1108 2263 1208 2316 οὐκ
1236 2262 1345 2316 ἀπὸ
1386 2264 1664 2323 ὑπατικῶν
1693 2266 1881 2335 ἀνάγει
1905 2283 1996 2319 νε-

402 2351 612 2422 φέλας,
644 2354 743 2407 οὐκ
771 2354 880 2409 ἀπὸ
914 2355 1232 2426 ἡγουμένων
1258 2355 1451 2423 ἀνάγει
1482 2357 1729 2426 νεφέλας,
1760 2358 1860 2412 οὐκ
1888 2359 1996 2413 ἀπὸ

402 2442 722 2498 πλουσίων·
757 2444 1049 2513 Μακάριοι
1076 2447 1187 2515 τὰρ
1225 2450 1280 2500 ol
1330 2449 1576 2517 πτωχοὶ,
1612 2448 1701 2502 ὅτι
1742 2449 1994 2519 ὑμετέρα

398 2536 591 2590 ἐστὶν
625 2538 666 2605 ἠ
708 2537 994 2600 ,Βασιλεία
1032 2538 1142 2592 τοῦ
1188 2539 1357 2593 Θεοῦ.
1406 2541 1568 2611 Ὁρᾷς
1605 2541 1720 2605 πῶς
1746 2540 1854 2595 ἀπὸ
1882 2525 1991 2597 τῶν

404 2623 660 2695 ἐσχάτων
693 2627 882 2695 ἀνάγει
910 2629 940 2681 6
970 2627 1123 2692 Θεὸς,
1159 2628 1255 2682 καὶ
1288 2632 1661 2700 σωματοποιεῖ
1689 2630 1788 2696 τάς
1830 2633 1987 2702 νεφέ-

400 2717 546 2783 λαςς
578 2716 679 2770 Διὰ
715 2715 895 2782 τοῦτο,
935 2720 983 2771 εἰ
1025 2719 1323 2790 βουλόμεθα
1361 2721 1610 2790 γενέσθαι
1646 2722 1884 2792 νεφέλαι,
1903 2726 1986 2794 ἐφ’

401 2806 480 2870 ἀς
515 2806 706 2877 φθάνει
737 2811 771 2880 ὴ
810 2808 1036 2881 ἀλήθεια
1073 2810 1166 2864 τοῦ
1204 2812 1361 2877 Θεοῦ,
1396 2812 1611 2885 ἔσχατοι
1654 2815 1867 2881 πάντων
1896 2832 1988 2884 γε-

322 2975 337 2989 .
400 2894 653 2989 νώμεθα,
684 2901 778 2953 καὶ
809 2900 1051 2971 εἴπωμεν
1086 2902 1266 2973 ἔργοις
1295 2904 1390 2957 καὶ
1433 2904 1667 2960 διαθέσει
1700 2907 1792 2960 τόο
1828 2907 1987 2963 Δοκῶ

399 2989 523 3057 γὰρ
551 2988 640 3042 ὅτι
673 2993 706 3043 ὀ
732 2990 878 3057 Θεὸς
901 2990 1061 3060 ἡμᾶς
1090 2992 1232 3059 τοὺς
1266 2994 1648 3063 ἀποστόλους
1688 2998 1985 3067 ἐσχάτους

2097 1922 2228 1978 ergo
2255 1916 2498 1970 sanctus,
2526 1904 2842 1961 custodiens
2884 1910 3208 1972 praeceptum
3237 1898 3559 1964 Salvatoris,
3589 1897 3672 1952 fa-

2096 2010 2214 2056 ctus
2238 2000 2402 2055 fuerit
2429 2000 2484 2052 in
2517 1998 2619 2052 bac
2644 1996 2755 2050 vita
2784 1994 3139 2059 novissimus,
3180 1992 3283 2049 iste
3306 1990 3364 2044 lit
3394 1991 3586 2056 nubes,
3619 1996 3674 2042 et

2095 2090 2277 2145 educit
2325 2088 2589 2143 Dominus
2629 2086 2800 2142 nubes
2846 2101 2952 2140 non
2997 2099 3026 2138 a
3066 2083 3259 2152 primis
3284 2091 3464 2144 terrae,
3494 2096 3600 2135 non
3640 2097 3668 2133 τι

2084 2182 2432 2260 consulibus,
2460 2196 2567 2236 non
2603 2195 2634 2234 a
2652 2179 2951 2249 iudicibus.
2984 2191 3091 2230 non
3125 2192 3154 2232 a
3182 2175 3439 2229 divitibus
3469 2192 3483 2230 :
3513 2173 3663 2228 Beati

2094 2272 2232 2327 enim
2271 2288 2523 2342 pauperes
2545 2313 2559 2338 ,
2604 2270 2853 2340 quoniam
2893 2277 3118 2322 vestrum
3155 2276 3233 2323 est
3270 2282 3485 2336 regnum
3518 2266 3672 2321 caelo-

2095 2377 2212 2415 rum
2250 2361 2315 2415 ⁷⁷.
2352 2358 2516 2414 Vides
2555 2357 2830 2427 quomodo
2872 2356 2942 2410 ab
2983 2355 3242 2411 extremis
3288 2355 3484 2410 educat
3528 2352 3671 2408 Deus

2093 2452 2196 2506 bas
2220 2465 2513 2521 corporeas
2536 2449 2800 2504 nebulas?
2821 2447 3114 2517 Proliterea
3140 2447 3188 2502 si
3219 2447 3469 2502 volumus
3499 2446 3672 2501 nubes

2090 2542 2229 2606 fieri,
2267 2542 2334 2596 ad
2367 2556 2505 2610 quas
2535 2539 2817 2610 perveniat
2854 2539 3056 2593 veritas
3086 2537 3201 2605 Dei,
3236 2537 3518 2591 novissimi
3553 2551 3672 2591 om-

2088 2634 2240 2689 nium
2274 2632 2491 2696 ﬁamus,
2522 2641 2574 2684 et
2611 2639 2719 2684 tam
2749 2628 2944 2683 aﬂ'ectu
2982 2643 3146 2698 quam
3176 2642 3339 2698 opere
3368 2628 3615 2681 dicamus
3652 2644 3667 2682 :

2088 2722 2226 2777 Puto
2250 2723 2386 2776 enim
2411 2736 2504 2774 nos
2533 2719 2670 2775 Deus
2710 2719 2976 2789 apostolos
3011 2719 3318 2773 novissimos
3340 2718 3566 2772 ostendit
3597 2717 3662 2770 ".

2086 2812 2242 2881 Quod
2286 2812 2333 2866 si
2379 2826 2485 2866 non
2521 2810 2623 2864 sint
2669 2809 2971 2879 apostolus,
3008 2809 3136 2864 licet
3169 2817 3346 2863 tamen
3381 2809 3513 2861 mihi
3551 2807 3668 2863 ﬁeri

2085 2914 2428 2965 extremum,
2490 2909 2552 2955 ut
2611 2899 2848 2954 educens
2897 2899 3069 2953 nubes
3124 2898 3268 2953 Deus
3315 2899 3383 2953 ab
3420 2907 3665 2954 extremo

2087 3004 2245 3058 terrae
2298 2995 2494 3048 educat
2547 3005 2653 3045 me.
2707 2989 2777 3044 Et
2829 2990 3043 3061 fulgura
3084 2990 3138 3044 in
3179 2990 3414 3060 pluviam
3449 2991 3572 3061 fecit
3598 2992 3663 3043 ⁷⁸.

398 3081 709 3146 ἀπέδειξε*
741 3081 842 3136 κάν
865 3082 938 3155 μὴ
961 3084 1258 3156 ἀποστόλῳ,
1285 3085 1398 3139 ἀλλ’
1423 3086 1599 3152 ἔξεστί
1619 3106 1706 3159 μοι
1731 3090 1983 3158 γενέσθαι
2010 3111 2055 3169 ο
2087 3132 2094 3143 .

1968 3110 2055 3169 ιο
2087 3089 2258 3143 Aiunt
2302 3084 2632 3140 naturalium
2665 3098 2956 3139 causarum
2992 3091 3342 3146 scrutatores,
3388 3083 3516 3151 quia
3561 3081 3664 3136 l'ul-

400 3170 644 3242 ἐσχάτῳ,
675 3172 762 3226 ἵνα
784 3175 812 3226 6
836 3172 968 3238 Θεὸς
1000 3174 1216 3243 ἀνάγων
1246 3176 1471 3245 νεφέλας
1501 3178 1595 3232 ἀπ’
1629 3180 1857 3249 ἐσχάτου
1885 3181 1984 3252 τῆς

398 3263 511 3334 γῆς
536 3262 786 3337 ἀναγάγῃ
814 3281 902 3335 με.
930 3265 1038 3319 Kal
1073 3266 1385 3335 ἀστραπὰς
1402 3271 1489 3334 εις
1511 3268 1690 3323 ὑετὸν
1712 3269 1981 3338 ἐποίησε.

398 3352 676 3421 Λέγουσιν
718 3357 767 3408 οἱ
810 3355 941 3428 περὶ
985 3356 1159 3411 ταῦτα
1209 3357 1391 3425 δεινοὶ,
1432 3359 1514 3412 ὅτι
1556 3361 1832 3432 ήγένεσις
1876 3362 1985 3417 τῶν

398 3446 705 3518 ἀστραπῶν
737 3448 844 3500 ἀπὸ
865 3448 1102 3517 νεφελῶν
1133 3449 1342 3518 γίνεται
1375 3450 1631 3523 ἀλλήλαις
1661 3455 1986 3527 προστρισο-

403 3536 611 3605 μένων·
658 3538 795 3609 ὅπερ
834 3537 943 3610 γὰρ
982 3540 1266 3611 συμϐαίνει
1310 3542 1440 3614 περὶ¹
1482 3543 1608 3606 τοὺς
1651 3545 1983 3616 πυροϐόλους

399 3625 590 3691 λίθους
626 3628 719 3682 ἐπὶ
751 3629 871 3700 γῆς,
901 3631 991 3684 ἵνα
1018 3630 1111 3684 δύο
1155 3631 1318 3687 λίθων
1348 3635 1838 3704 προσκρουσάντων
1870 3637 1983 3709 πῦρ

2092 3195 2223 3251 gura
2262 3194 2328 3234 ex
2372 3177 2600 3232 nubium
2650 3175 2931 3231 collisione
2973 3184 3319 3244 generentur.
3371 3174 3424 3227 in
3458 3189 3662 3228 morem

2090 3270 2302 3325 silicum
2330 3268 2635 3327 duriorum,
2668 3279 2807 3335 quos
2837 3279 2961 3319 eum
3001 3265 3356 3333 comploseris
3392 3264 3516 3331 sibi,
3553 3281 3664 3319 Ille-

2088 3361 2212 3417 dius
2256 3376 2322 3415 ex
2371 3358 2456 3415 bis
2501 3357 2732 3412 elabitur
2778 3356 2950 3425 ignis;
2983 3364 3147 3424 atque
3176 3357 3247 3411 ita
3289 3371 3412 3411 cum
3455 3355 3666 3424 fulgure

2088 3450 2293 3520 pariter
2340 3457 2395 3503 et
2442 3447 2686 3501 tonitrua
2731 3445 2970 3514 mugire;
3010 3446 3250 3501 tonitruo
3291 3446 3499 3500 scilicet
3526 3444 3674 3500 soni-

2089 3553 2204 3596 tum
2256 3539 2529 3594 indicante
2577 3553 2927 3604 concussum,
2970 3546 3026 3592 et
3063 3536 3274 3608 fulgure
3312 3538 3528 3592 excussi
3582 3538 3665 3592 lu-

2089 3636 2253 3690 minis
2280 3633 2604 3688 claritatem.

400 3720 634 3793 γενηθῇ,
666 3721 822 3777 τοῦτο
862 3723 1106 3793 γίνεσθαι
1147 3726 1242 3780 καὶ
1279 3727 1371 3780 ἐπὶ
1418 3726 1526 3782 τῶν
1563 3729 1799 3798 νεφελῶν
1844 3749 2004 3802 φασι·
2065 3727 2553 3804 προσκρουομένων
2602 3724 2710 3779 τῶν
2761 3724 2995 3793 νεφελῶν
3040 3723 3180 3778 κατά
3219 3723 3344 3787 τοὺς
3392 3724 3662 3794 χειμῶνας

398 3812 613 3881 γίνεται
648 3815 682 3884 ἡ
719 3814 1006 3887 ἀστραπήσ
1051 3816 1131 3871 διὸ
1157 3817 1232 3878 ὼς
1280 3818 1483 3871 ἐπίπαν
1533 3821 1567 3891 ἡ
1605 3822 1858 3894 ἀστραπὴ
1898 3823 2011 3891 ἅμα
2067 3824 2259 3896 βροντῇ
2306 3821 2551 3890 γίνεται,
2602 3819 2700 3889 τῆς
2743 3819 2839 3889 μὲν
2885 3816 3112 3888 βροντῆς
3157 3815 3524 3886 ἓμφαινούσης
3572 3818 3660 3874 τὸν

397 3898 539 3976 ἦχον
564 3903 656 3958 τοῦ
697 3907 1077 3978 συγκρουσμοῢ
1109 3908 1216 3962 τῶν
1262 3910 1519 3979 νεφελῶν,
1554 3911 1655 3982 τῆς
1686 3913 1744 3966 δὲ
1775 3913 2063 3986 ἀστραπῆς
2095 3914 2371 3985 γεννώσης
2403 3912 2463 3964 τὸ
2494 3911 2629 3980 φῶς.

474 3997 543 4049 Ei
574 3997 834 4067 νενόηκας
864 3998 925 4050 τὸ
954 3998 1323 4069 παράδειγμα,
1355 4000 1432 4054 ἴδε
1469 4018 1558 4072 μοι
1590 4005 1684 4057 καὶ
1713 4004 1813 4075 τὴν
1853 4021 1978 4074 νοη-

398 4082 504 4154 τὴν
529 4083 779 4155 νεφέλην.
813 4086 1020 4157 Μωσῆς
1050 4086 1244 4158 νεφέλη
1274 4084 1362 4159 ἦν,
1409 4089 1613 4159 Ἰησοῦς
1639 4093 1669 4144 6
1696 4092 1790 4145 τοῦ
1823 4094 1977 4164 Ναυῆ

400 4172 601 4245 νεφέλη
628 4170 716 4245 ἦν’
743 4168 900 4229 αὗται
925 4175 990 4247 δὴ
1013 4175 1292 4247 ὁμιλοῦσιν
1314 4177 1589 4249 ἀλλήλαις,
1623 4183 1715 4234 καὶ
1742 4184 1850 4237 ἀπὸ
1871 4184 1979 4238 τῶν

401 4264 577 4335 λόγων
626 4266 805 4321 αὐτῶν
860 4268 1116 4341 ἀστραπὴ
1168 4270 1401 4338 γίνεται.
1464 4272 1728 4345 Ἱερεμίας
1777 4276 1977 4348 νεφέλη

2151 4006 2203 4059 5.
2246 4004 2302 4057 Si
2338 4002 2647 4056 intellexisti
2680 3999 3012 4069 exemplum,
3052 3999 3336 4054 considera
3374 4017 3519 4054 nunc
3550 4018 3624 4056 nu

2080 4097 2175 4152 bes
2203 4093 2514 4149 rationales.
2547 4091 2760 4162 Moyses
2805 4091 2976 4144 nubes
3012 4100 3125 4145 erat
3154 4110 3167 4146 :
3202 4090 3360 4148 Jesus
3388 4091 3535 4148 Nave
3564 4111 3654 4147 nu-

2080 4185 2178 4239 bes
2217 4193 2334 4237 erat
2371 4200 2384 4236 :
2422 4180 2513 4235 isti
2549 4181 2593 4235 si
2630 4195 2815 4237 secum
2850 4179 3174 4249 loquantur,
3216 4197 3282 4235 ex
3313 4183 3653 4238 sermonibus

2079 4291 2270 4332 eorum
2310 4274 2552 4344 fulgura,
2577 4272 2798 4327 micant.
2843 4270 3107 4328 Jeretnias
3147 4283 3201 4328 et
3234 4273 3444 4328 Batuclt
3485 4277 3651 4330 nubes

523 4359 739 4465 Bapobx
776 4361 974 4432 νεφέλη
1018 4356 1109 4433 ἦν·
1150 4362 1485 4432 διαλέγονται
1528 4367 1665 4438 πρὸς
1695 4368 1975 4440 ἀλλήλους,
2010 4383 2094 4465 Β(

1960 4411 1975 4436 ,
2010 4410 2052 4465 D
2079 4375 2255 4430 erant,
2301 4363 2731 4421 sermocinemur
2773 4361 3026 4425 invicem,
3065 4372 3119 4417 et
3151 4362 3401 4417 videbitis
3433 4363 3652 4418 rutilare

398 4444 567 4520 ἦλθεν
599 4452 633 4521 ἡ
661 4452 914 4524 ἀστραπὴ
952 4456 1060 4509 ἀπὸ
1089 4456 1198 4510 τῶν
1236 4457 1408 4527 λόγων
1459 4458 1719 4531 Ἰερεμίου
1751 4462 1974 4517 καὶτῶν
2010 4444 2050 4465 ν
2081 4459 2094 4513 l

1951 4481 1974 4517 ν
2010 4444 2050 4465 ν
2081 4459 2312 4526 fulgura.
2364 4454 2526 4509 Potes
2575 4464 2630 4507 et
2671 4461 2727 4507 tu
2774 4453 2888 4524 ipse
2918 4454 2984 4508 de
3014 4453 3309 4524 Scripturis
3353 4454 3554 4511 sanctis
3596 4456 3647 4509 in

398 4537 573 4607 λόγων
598 4539 829 4611 Βαρούχ.
858 4541 1063 4607 Οὕτως,
1085 4545 1132 4596 εἰ
1161 4543 1405 4609 δύνασαι,
1430 4546 1703 4616 συνάγαγε
1731 4547 1837 4601 ἀπὸ
1864 4547 1970 4602 τῶν

401 4629 636 4701 Γραφῶν
673 4632 795 4684 τινα
842 4634 1044 4705 τρόπον
1078 4635 1332 4708 ἀστραπὴ
1374 4636 1624 4709 ἔρχεταιο
1673 4638 1768 4694 καὶ
1798 4641 1857 4693 ἐν
1902 4643 1967 4711 τῇ

400 4718 573 4791 Καινῇ
600 4721 851 4795 Διαθήκη
893 4723 1101 4789 Παῦλος
1144 4726 1245 4780 καὶ
1278 4726 1562 4791 Σιλουανδς
1607 4728 1701 4783 δύο
1747 4730 1969 4800 νεφέλαι

399 4803 557 4879 ἦσαν·
591 4809 755 4883 ἦλθον
803 4814 897 4868 ἐπὶ
943 4816 1004 4868 τὸ
1046 4817 1195 4884 αὐτὸ,
1228 4818 1448 4887 γέγονεν
1489 4821 1522 4891 ἡ
1553 4821 1653 4891 τῆς
1685 4823 1971 4895 ἐπιστολῆς

400 4898 670 4972 ἀστραπή.
706 4901 1044 4970 ’Ἀστραπὰς
1061 4900 1176 4959 οὖν
1190 4908 1224 4959 ὀ
1240 4904 1384 4972 Θεὸς
1400 4909 1487 4973 εις
1501 4907 1679 4962 ὑετὸν
1696 4909 1963 4977 ἐποίησε,
2012 4915 2018 4920 ”

401 4990 495 5043 καὶ
525 4990 819 5063 ἐξήγαγεν
851 4993 1110 5063 ἀνέμους
1140 4995 1209 5050 ἐκ
1240 4997 1558 5066 θησαυρῶν
1584 4999 1787 5054 αὐτοῦ.
1824 5001 1964 5072 Ὅρα

402 5076 472 5144 ὥς
501 5075 646 5136 οὗτοι
686 5085 735 5136 οἱ
779 5083 966 5156 ἄνεμοι
1001 5087 1060 5140 έν
1087 5085 1377 5159 θησαυροῖς
1415 5091 1571 5142 εἰσιν·
1609 5091 1642 5162 ἦ
1694 5091 1811 5163 οὐχὶ
1838 5091 1965 5161 φαι-

403 5185 544 5226 νεται
572 5174 605 5244 ἠ
647 5174 852 5229 τούτων
885 5176 1048 5246 φύσις
1076 5178 1343 5259 πνεόντων
1371 5180 1465 5232 ἐπὶ
1491 5180 1594 5252 γῆς
1624 5181 1742 5237 τινα
1764 5181 1964 5255 τρόπον

404 5260 714 5333 opinata;
747 5267 860 5323 ἀλλ’
899 5268 1007 5323 εισι
1037 5257 1182 5333 τινες
1220 5271 1435 5342 ἀνέμων
1473 5272 1754 5347 θησαυροὶ,
1798 5290 1961 5330 πνευ-

2078 4551 2225 4604 hunc
2263 4546 2483 4601 modum
2526 4544 2768 4599 invenire
2816 4560 3121 4600 concursus
3162 4561 3228 4598 ex
3271 4544 3470 4614 quibus
3509 4545 3661 4615 ignis

2075 4640 2369 4695 emittatur.
2402 4635 2472 4691 Ut
2503 4646 2683 4691 autem
2713 4637 2779 4690 ad
2815 4634 3022 4690 Novum
3050 4634 3452 4691 Testamentum
3490 4636 3649 4710 175

2072 4729 2391 4793 veniamus,
2419 4724 2620 4780 Paulus
2647 4734 2699 4779 et
2728 4723 2995 4797 Sylvanus
3028 4725 3148 4780 duze
3178 4726 3348 4781 nubes
3390 4725 3442 4780 in
3480 4744 3643 4781 unum

2076 4825 2466 4881 convenerunt,
2497 4826 2551 4872 et
2590 4832 2717 4871 ecce
2768 4825 2935 4871 totum
2984 4817 3246 4871 mundum
3279 4819 3521 4888 epistola:
3546 4834 3643 4874 eo-

2074 4928 2193 4967 rum
2239 4911 2449 4977 fulgore
2482 4909 2804 4964 illuminant.
2855 4905 3097 4979 Fulgura
3137 4910 3191 4964 in
3233 4910 3467 4980 pluviam
3495 4910 3641 4979 fecit,

2069 5017 2120 5062 et
2166 5007 2348 5062 eduxit
2385 5015 2562 5062 ventos
2618 5003 2680 5057 de
2730 5004 2987 5058 thesauris
3036 5007 3146 5059 suis
3199 5009 3265 5061 "°.
3321 5007 3533 5075 Ergone
3584 5008 3636 5061 bi

2070 5097 2214 5151 venti
2254 5097 2348 5167 qui
2398 5109 2563 5165 super
2612 5102 2809 5149 terram
2862 5097 3091 5166 perflant
3126 5099 3180 5151 in
3231 5097 3500 5154 thesauris
3542 5098 3634 5152 Dei

2069 5195 2216 5251 sunt,
2250 5197 2302 5242 et
2338 5202 2447 5241 non
2475 5187 2666 5240 borum
2689 5195 2772 5241 est
2799 5197 2993 5243 natura
3023 5189 3329 5254 manifesta,
3361 5191 3635 5259 quomodo

2066 5285 2121 5331 ct
2150 5290 2257 5346 qua
2298 5277 2510 5331 ratione
2539 5277 2871 5334 subsistant?
2910 5278 3014 5334 Sed
3046 5289 3173 5334 sunt
3201 5279 3422 5351 quidam
3451 5291 3638 5336 vento-

465 5419 511 5453 ⁷³
545 5418 673 5501 158;
682 5439 721 5486 ι.
753 5423 809 5501 ξε
848 5423 1099 5501 __"f_ib1d-
1133 5424 1186 5490 5.
1213 5425 1265 5480 6ο
1344 5428 1389 5461 ⁷⁸
1426 5428 1592 5494 Marc.
1627 5449 1703 5501 Ix,
1737 5432 1827 5491 54.
1904 5431 1951 5462 ’⁸
1986 5427 2161 5490 lCor.

1934 5431 1951 5462 '
1986 5427 2015 5490 1
2041 5427 2169 5489 Cor.
2197 5446 2269 5498 ιν,
2299 5433 2353 5488 9.
2428 5432 2470 5463 "
2489 5430 2621 5487 Luc.
2650 5447 2724 5498 vt,
2755 5431 2845 5489 20.
2923 5432 3002 5486 ⁷⁸1
3024 5433 3149 5490 Cor.
3183 5449 3258 5501 tv,
3287 5435 3340 5491 9.
3419 5435 3630 5494 "Paul.

400 5502 611 5557 cnuv,
640 5491 693 5546 7.
765 5492 811 5524 “
848 5493 979 5548 ibid.
1017 5493 1068 5548 7.

468 5634 544 5722 ll?
581 5634 807 5722 εἰπεῖν·
850 5635 1399 5722 δοιίβεμιάειοηξθιὺτῷ.

468 5702 542 5774 (3)
594 5705 893 5775 Ἐ’τήρησε.
936 5706 1011 5764 Ita
1035 5710 1160 5782 legit
1185 5702 1563 5818 Hieroltvmus;
1589 5723 1960 5800 atCorderius

2064 5645 2335 5722 ξστήριξε,
2368 5647 2527 5702 vertit
2557 5649 2723 5719 cnim,
2755 5647 3114 5717 conﬁrmavit;
3135 5649 3253 5722 ejus
3282 5653 3446 5710 editio
3469 5653 3641 5710 babe-

2066 5716 2157 5771 bat
2182 5716 2472 5789 ἐστήρησε.
