4296 6288
518 348 624 404 5-53

1995 344 2320 404 ORIGENIS

3647 341 3753 406 544

517 479 637 518 rum
675 465 939 532 thesauri,
976 465 1218 521 thesauri
1244 463 1553 533 spirituum,
1596 464 1823 533 spiritus
1862 463 2087 533 sapien-
2114 471 2164 529 Α
2193 481 2213 535 ε,

2058 493 2087 507 -
2114 471 2164 529 Α
2193 462 2379 535 μάτων
2408 459 2704 533 θησαυροὶ,
2747 462 2960 531 πνεῦμα
2987 460 3175 530 σοφίας
3211 462 3295 533 (Ι)
3327 459 3422 512 καὶ
3463 458 3749 527 συνέσεως,

519 556 604 610 tiae
640 567 691 610 et
717 557 1039 617 intellectus.
1067 556 1291 625 spiritus
1326 555 1536 611 consilii
1576 564 1629 608 et
1657 554 1892 617 virtutis,
1922 554 2088 622 spiri-

516 655 606 701 tus
644 648 881 702 scientiae
914 655 966 700 et
997 647 1229 716 pietatis,
1262 646 1486 715 spiritus
1527 645 1738 700 timoris
1781 644 1895 708 Dei,
1936 644 2090 701 forti-

518 736 755 796 tudinis.
793 745 845 790 et
875 736 1202 802 dilectionis,
1252 744 1306 789 et
1347 735 1649 789 charitatis.
1690 733 1850 788 Potes
1885 743 1937 788 et
1975 736 2091 802 ipse

517 823 584 877 de
623 822 919 892 Scripturis
958 822 1062 878 hos
1107 832 1299 878 ventos
1351 838 1711 894 congregare,
1760 832 1815 877 et
1859 823 2087 880 istorum

517 896 802 982 spirituum
858 912 1103 968 invenire
1154 913 1459 967 thesauros.
1517 912 1615 967 Ubi
1655 921 1783 967 sunt
1828 910 1915 966 isti
1968 910 2089 967 the-

515 1004 702 1058 sauri?
743 1001 940 1072 Utique
977 1004 1032 1058 in
1078 1019 1144 1059 eo
1178 1003 1231 1057 in
1270 1019 1379 1072 quo
1411 1003 1650 1057 thesauri
1691 1010 1818 1058 sunt
1850 1002 2090 1058 scientias

514 1094 836 1148 altscnnditi.
871 1092 926 1147 in
956 1092 1177 1149 Christo
1211 1095 1392 1148 sedem
1428 1093 1649 1148 habent.
1683 1092 1811 1147 inde
1836 1093 2090 1149 oriuntur

512 1184 568 1238 Ιι.
603 1183 859 1254 spiritus,
890 1194 951 1239 ut
988 1186 1130 1240 alius
1158 1186 1374 1256 sapiens
1405 1186 1472 1240 sit
1496 1227 1509 1250 ,
1553 1186 1693 1240 alius
1721 1185 1914 1248 ﬁdelis,
1947 1184 2089 1241 alius

510 1277 799 1344 eruditus,
841 1287 895 1332 et
950 1277 1090 1333 alius
1141 1278 1286 1332 aliud
1331 1279 1600 1333 donorum
1650 1278 1741 1333 Dei
1790 1277 2085 1347 possideat.

514 1367 623 1420 Alii
666 1368 805 1422 enim
833 1384 924 1438 per
963 1367 1222 1438 Spiritum
1265 1369 1425 1422 datur
1466 1385 1633 1423 sermo
1665 1369 1960 1437 sapientiai,
1991 1366 2086 1421 alii

513 1477 683 1515 sermo
720 1462 955 1517 scientia:
985 1462 1147 1531 juxta
1189 1462 1426 1516 eumdem
1479 1462 1768 1531 Spiritum,
1806 1460 1903 1515 alii
1956 1461 2085 1531 ﬁdes

513 1554 567 1607 iu
590 1553 768 1607 eodem
802 1551 1005 1622 Spiritu
1038 1552 1078 1584 "
1091 1594 1103 1605 .
1538 1546 1539 1549 “

586 1727 641 1783 6.
684 1724 887 1779 Eduxit
918 1741 1047 1790 ergo
1079 1726 1237 1780 nubes
1268 1726 1331 1780 ab
1377 1734 1607 1780 extremo
1636 1734 1823 1792 terra,
1868 1726 2084 1796 fulgura

2189 550 2406 623 πνεῦμα
2438 550 2632 622 βουλῆς
2659 551 2754 605 καὶ
2787 550 2987 620 ἰσχύος,
3025 548 3241 618 πνεῦμα
3270 547 3522 616 γνώσεως
3543 549 3636 602 καὶ
3661 550 3753 602 εὐ-

2189 643 2422 707 σεϐείας,
2453 640 2855 712 πνεῦμαφόὸου
2888 638 3046 703 Θεοῦ,
3085 636 3302 717 πνεῦμα
3329 638 3626 708 δυνάμεως,
3658 636 3753 697 καὶ

2187 735 2425 804 ἀγάπης,
2460 733 2552 786 καὶ
2593 730 2990 804 σωφρονισμοῦ·
3036 731 3131 784 καὶ
3175 730 3401 783 δύνασαι
3444 729 3603 792 αὐτὸς
3645 729 3750 787 ἀπὸ

2186 822 2295 877 τῶν
2321 820 2553 894 Γραφῶν
2582 824 2903 889 αυναγαγεῖν
2950 821 3074 882 τοὺς
3121 818 3352 889 ἀνέμους
3383 817 3620 880 τούτους.
3672 819 3755 883 Tu

2187 911 2470 982 πνεύματα
2514 912 2683 967 ταῦτα
2723 914 2780 965 ἐν
2828 912 3117 983 θησαυροῖς
3162 912 3344 963 ἐστιν’
3392 910 3441 962 οἱ
3488 906 3752 980 θησαυροὶ

2183 1003 2328 1067 τίνες
2356 1003 2526 1068 είσίν;
2572 1005 2658 1057 Ἐν
2689 996 2733 1072 ᾧ
2765 1005 2902 1057 εἰσιν
2930 1005 2979 1056 oi
3016 1002 3280 1073 θησαυροὶ
3309 1001 3410 1070 τῆς
3444 1000 3630 1069 σοφίας
3660 1000 3751 1052 καὶ

2185 1091 2437 1161 γνώσεως
2482 1093 2809 1164 ἀπόκρυφοι.
2857 1086 3017 1147 οὗτοι
3056 1094 3104 1146 οἱ
3143 1093 3405 1163 θησαυροὶ
3437 1095 3493 1145 ὲν
3534 1084 3752 1163 Χριστῷ

2184 1185 2320 1237 εἰσιν
2339 1200 2352 1214 ·
2384 1183 2592 1237 ἐκεῖθεν
2620 1180 2712 1238 οὖν
2737 1184 2985 1256 ἔρχονται
3011 1186 3060 1238 οἱ
3088 1184 3285 1256 ἄνεμοι
3302 1179 3466 1247 οὗτοι,
3499 1183 3567 1247 τά
3594 1183 3752 1236 πνεύ-

2189 1291 2333 1345 ματα
2358 1275 2552 1341 ταῦτα,
2583 1275 2649 1328 ἵν’
2675 1279 2703 1329 6
2739 1276 2837 1347 μέν
2866 1293 2949 1340 τις
3042 1276 3224 1345 σοφὸς,
3256 1278 3285 1331 6
3315 1275 3371 1328 δὲ
3400 1275 3607 1338 πιστὸς,
3637 1277 3665 1328 6
3694 1275 3751 1335 δέ

2184 1382 2267 1430 τις
2364 1365 2500 1436 ἔχων
2529 1366 2748 1434 γνῶσιν,
2775 1368 2805 1425 ό
2832 1366 2889 1419 δέ
2919 1384 3002 1433 τις
3036 1365 3321 1432 ὁτιποτοῦν,
3344 1364 3622 1427 ἀναλαϐὼν
3652 1366 3750 1435 χά-

2190 1470 2362 1524 ρισμα
2381 1454 2535 1507 Θεοῦ·
2561 1448 2635 1523 ’ᾮ
2650 1454 2766 1523 μὲν
2795 1454 2902 1523 γὰρ
2919 1454 3017 1515 διὰ
3042 1455 3148 1508 τοῦ
3165 1456 3507 1524 Πνεύματος
3530 1453 3753 1506 δίδοται

2183 1547 2363 1613 λόγος
2382 1545 2620 1613 σοφίαςο
2633 1544 2799 1612 ἄλλῳ
2813 1544 2880 1598 δὲ
2891 1546 3072 1616 λόγος
3088 1545 3359 1615 γνώσεως
3370 1545 3515 1599 κατὰ
3533 1543 3596 1598 τὸ
3609 1542 3756 1611 αὑτῷ

2184 1635 2424 1704 Πνεῦμα
2441 1652 2455 1679 ε
2477 1634 2652 1703 ἑτέρῳ
2679 1636 2882 1701 πίστις
2912 1635 2981 1688 ἐν
3009 1634 3089 1700 τῷ
3116 1635 3275 1701 αὐτῷ
3298 1637 3612 1704 Πνεύματι.

2267 1724 2581 1794 Ἀνήγαγεν
2614 1722 2708 1778 οὖν
2743 1722 3005 1793 νεφέλας
3053 1725 3123 1790 ἐξ
3171 1725 3436 1795 ἐσχάτου
3472 1725 3581 1794 τῆς
3619 1726 3753 1795 γῆς,

516 1818 572 1869 in
619 1816 851 1885 pluviam
884 1817 1028 1887 fecit,
1076 1817 1258 1872 eduxit
1289 1827 1461 1871 ventos
1487 1817 1550 1870 de
1581 1817 1838 1871 thesauris
1868 1818 2001 1882 suis,
2035 1825 2089 1871 et
2118 1822 2159 1876 Β
2187 1831 2212 1868 λ

2060 1825 2089 1871 ιι
2118 1822 2159 1876 Β
2187 1815 2287 1868 καὶ
2324 1816 2634 1884 ἀστραπὰς
2680 1818 2767 1881 είς
2810 1816 2988 1871 ὑετὸν
3017 1815 3285 1884 ἐποίησε,
3320 1817 3419 1870 καὶ
3462 1816 3756 1887 ἐξήγαγεν

512 1909 670 1975 juxta
712 1908 1140 1963 misericordiam
1178 1908 1269 1962 Dei
1312 1909 1376 1962 ad
1427 1911 1524 1962 hos
1552 1907 1833 1962 thesauros
1860 1921 1960 1961 nos
1993 1922 2084 1960 oe-

513 2015 778 2055 cursuros
823 2015 1128 2069 speramus.
1167 1999 1233 2053 Et
1274 1998 1399 2068 quia
1441 1999 1624 2068 plures
1652 2009 1780 2052 sunt
1818 1997 2081 2060 thesauri,

514 2087 655 2144 forte
680 2089 837 2158 juxta
869 2091 1114 2145 ordinem
1144 2089 1539 2160 resurgentium
1569 2088 1671 2143 erit
1705 2097 1758 2142 et
1790 2088 2001 2156 requies
2029 2087 2082 2140 iu

515 2181 793 2236 thesauris
845 2179 961 2235 Dei.
1014 2180 1170 2247 Quod
1221 2189 1400 2234 autem
1451 2180 1575 2233 dico
1622 2178 1932 2243 istiusmodi
1977 2187 2081 2238 ρει.

516 2270 865 2327 Resurrectio
927 2280 1268 2327 mortuorum
1320 2272 1374 2324 in
1427 2270 1752 2339 quibusdam
1804 2268 2085 2325 ordinibus

516 2363 701 2417 futura
742 2372 844 2418 est.
891 2364 982 2417 Ait
1031 2366 1229 2434 quippe
1269 2363 1561 2433 Apostolus
1592 2364 1636 2395 δ’
1669 2381 1682 2416 :
1726 2361 2086 2431 Unusquisque

516 2463 695 2508 autem
739 2463 984 2525 resurget
1024 2457 1078 2508 in
1120 2470 1217 2508 suo
1243 2455 1447 2520 ordine,
1487 2463 1541 2510 et
1584 2469 1690 2507 non
1732 2461 1791 2506 ut
1827 2453 1954 2507 libet
1990 2452 2088 2506 mi-

515 2557 736 2601 scentur
778 2547 999 2602 ordines
1042 2547 1441 2616 resurgentium
1476 2565 1489 2600 :
1526 2546 1665 2600 alius
1705 2545 1841 2600 ordo
1881 2545 1984 2599 erit
2029 2544 2082 2602 in

516 2635 610 2690 illo
640 2645 692 2690 et
721 2635 773 2689 in
807 2636 900 2690 illo
934 2637 1195 2690 thesauro
1222 2635 1349 2703 Dei;
1380 2644 1435 2690 et
1463 2636 1604 2690 alius
1642 2635 1775 2689 ordo
1803 2635 1856 2688 in
1892 2634 1999 2688 alio
2033 2642 2086 2688 ct

514 2725 570 2778 in
615 2724 723 2778 alio
769 2724 1026 2778 thesauro
1066 2723 1181 2778 Dei.
1228 2723 1321 2778 isti
1378 2738 1568 2779 omnes
1629 2723 1870 2778 thesauri
1916 2738 2083 2778 unum

516 2814 718 2870 habent
758 2815 1105 2880 thesaurum,
1142 2814 1198 2868 in
1240 2832 1340 2885 quo
1381 2823 1503 2868 sunt
1547 2815 1778 2868 thesauri
1816 2814 2088 2884 sapientiae

514 2916 567 2960 et
587 2907 820 2960 scientite
850 2906 1143 2961 absconditi
1165 2906 1231 2960 ⁸³.
1268 2904 1333 2958 Ει
1352 2905 1624 2975 quomodo
1651 2905 1901 2975 possideo
1923 2920 2085 2959 unam

522 3005 579 3051 et
644 2997 1097 3066 pretiosissimam
1163 2998 1509 3067 margaritam
1566 3012 1659 3066 per
1714 2997 1897 3066 plures
1953 2997 2087 3052 alias

516 3088 874 3160 margaritas;
918 3089 998 3144 sic
1037 3090 1198 3145 venio
1228 3089 1294 3144 ad
1331 3090 1649 3143 thesaurum
1684 3090 2084 3155 thesaurorum,

2187 1906 2443 1976 ἀνέμους
2483 1908 2552 1961 ἐκ
2589 1907 2906 1976 θησαυρῶν
2944 1909 3152 1965 αὐτοῦ·
3202 1909 3295 1972 καὶ
3342 1911 3504 1979 ἡμεῖς
3545 1909 3632 1962 διὰ
3662 1908 3754 1966 τὸν

2188 1999 2320 2051 Θεὸν
2349 2000 2441 2052 ἐπὶ
2469 2000 2594 2063 τοὺς
2627 1999 2933 2072 θησαυροὺς
2968 2000 3192 2064 τούτους
3234 2000 3524 2072 ἐλπίζομεν
3554 2019 3753 2064 καταντ-

2188 2090 2467 2160 τήςεσθαι.
2501 2092 2611 2149 Καὶ
2637 2092 2741 2145 εἰσί
2761 2109 2903 2156 τινες
2929 2092 3112 2145 πολλοὶ
3135 2091 3416 2164 θησαυροί·
3448 2092 3588 2163 τάχα
3616 2093 3756 2146 κατά

2190 2182 2443 2254 τάγματα
2475 2183 2605 2238 ,τῶν
2649 2184 3020 2254 ἀνισταμένων
3061 2183 3273 2238 έσονται
3323 2183 3660 2248 ἀναπαύσεις
3699 2184 3763 2249 ἐν.

2191 2277 2299 2337 τοῖς
2330 2274 2623 2345 θησαυροῖς
2653 2274 2745 2329 τοῦ
2786 2273 2940 2330 Θεοῦ.
2973 2276 3037 2328 Ὃ
3061 2274 3118 2328 δὲ
3143 2275 3285 2343 λέγω
3320 2274 3557 2329 τοιοῦτόν
3586 2278 3755 2339 ἐστιν.

2205 2367 2268 2421 Ἠ
2299 2367 2591 2432 ἀνάστασις
2622 2367 2731 2422 τῶν
2759 2368 2967 2436 νεκρῶν
3000 2370 3056 2421 ἐν
3087 2367 3327 2440 τάγμασι
3366 2368 3592 2435 γίνεται.
3622 2367 3759 2438 Φησὶ

2190 2456 2299 2531 γάρ
2331 2457 2680 2521 ’Δπόστολοςστ
2705 2459 3004 2524 ’Ἕκαστος
3028 2456 3096 2510 δὲ
3126 2457 3196 2511 ἐν
3223 2457 3302 2522 τῷ
3336 2457 3460 2524 ίδίῳ
3490 2457 3754 2526 τάγματι,

2191 2549 2301 2602 Καὶ
2319 2549 2440 2602 ἐπεὶ
2467 2548 2540 2619 μὴ
2566 2548 2641 2611 ὡς
2656 2547 2813 2619 ἔτυχε
2829 2564 2892 2600 συ
2900 2546 3010 2618 μφύ
3019 2563 3166 2619 ρεται
3182 2546 3251 2600 τὰ
3266 2548 3541 2618 τάγματα,
3563 2549 3679 2602 τόδε
3699 2548 3758 2609 τὸ

2192 2639 2375 2708 τάγμα
2409 2638 2558 2691 ἔσται
2593 2637 2650 2690 ἐν
2665 2638 3215 2710 τινιθησαυρῷθεοῦ,
3243 2640 3336 2692 καὶ
3353 2639 3469 2693 τόδε
3500 2640 3560 2692 τὸ
3576 2640 3759 2710 τάγμα

2192 2733 2250 2784 ἐν
2283 2729 2452 2802 ἐτέρῳ
2488 2729 2941 2807 θησαυρῷοθεοῦ,
2987 2732 3083 2789 καὶ
3120 2731 3300 2804 τρίτον
3343 2731 3528 2801 ἓτερον
3573 2732 3759 2803 τάγμα

2193 2821 2342 2876 ἔσται
2392 2823 2449 2875 ἐν
2482 2820 2624 2892 ἄλλῳ
2670 2821 2946 2894 θησαυρῷ.
2982 2816 3144 2882 Οὗτοι.
3191 2822 3438 2893 μέντοιγε
3472 2822 3670 2885 πάντες
3709 2822 3758 2876 oi

2195 2908 2455 2981 θησαυροὶ
2481 2909 2579 2963 ἕνα
2608 2909 2788 2979 ἔχουσι
2829 2910 3100 2984 θησαυρὸν
3138 2914 3195 2965 ἐν
3226 2905 3269 2978 ᾧ
3303 2910 3636 2976 κατοικοῦσι,
3679 2910 3760 2964 διὸ

2194 3002 2346 3072 παρὰ
2373 3000 2451 3072 τῷ
2481 3000 2677 3070 Παύλῳ
2702 3000 2975 3059 λέλεκται·.
3015 3003 3108 3054 Ἐν
3131 2994 3175 3069 ᾧ
3203 3005 3435 3058 εἰσιννοὶ
3461 3000 3753 3069 θησαυροὶ

2196 3091 2295 3144 καὶ
2326 3090 2436 3159 τῆς
2467 3090 2686 3158 σοφίας
2711 3090 2810 3143 καὶ
2839 3088 2949 3157 τῆς
2969 3088 3244 3158 γνώσεως
3267 3091 3620 3158 ἀπόκρυφοι.
3649 3089 3760 3142 Καὶ

516 3187 572 3235 et
616 3177 901 3233 Dominum
940 3181 1304 3245 dominorum,
1331 3187 1385 3233 et
1416 3180 1615 3250 Regem
1647 3197 1859 3250 regum,
1893 3180 1981 3235 ubi
2009 3180 2092 3234 di»
2120 3171 2162 3227 C
2194 3179 2212 3233 ί

2057 3182 2092 3233 i--
2120 3171 2162 3227 (ἶ
2194 3179 2383 3251 ὥσπερ
2425 3180 2640 3251 κτῶμαι
2679 3180 2768 3232 τὸν
2810 3179 2907 3233 ἕνα
2951 3180 3243 3252 πολύτιμον
3288 3180 3628 3253 μαργαρίτην
3666 3180 3753 3233 διὶι

515 3285 657 3340 gnus
684 3269 840 3326 fuero
888 3271 1168 3341 spiritibus
1203 3272 1257 3325 in
1295 3270 1390 3326 Dei
1433 3271 1705 3326 thesauris
1740 3286 2087 3326 commoran—

520 3361 684 3416 tibus.
726 3361 924 3415 Eduxit
948 3362 1090 3416 enim
1119 3372 1294 3417 ventos
1325 3363 1389 3416 de
1420 3362 1682 3416 thesauris
1705 3363 1838 3416 suis.
1966 3342 1977 3353 ’

2195 3271 2304 3325 τῶν
2332 3271 2539 3326 πολλῶν
2571 3270 2943 3344 μαργαριτῶν,
2969 3271 3140 3336 οὕτως
3167 3272 3394 3344 ἔρχομαι
3416 3273 3507 3324 ἐπὶ
3533 3271 3625 3335 τὸν
3657 3270 3755 3342 θη-

2197 3363 2394 3435 σαυρὸν
2431 3362 2540 3416 τῶν
2573 3362 2878 3434 θησαυρῶν,
2914 3363 3002 3417 τὸν
3031 3363 3233 3436 Κύριον
3260 3362 3365 3423 τῶν
3405 3364 3628 3434 κυρίων,
3663 3364 3754 3418 τὸν

516 3452 751 3510 Βασιλέα
771 3455 879 3507 τῶν
919 3453 1201 3523 βασιλέων,
1234 3454 1368 3507 ἐπὰν
1386 3454 1629 3524 γένωμαι
1662 3452 1810 3522 ἄξιος
1832 3450 1938 3506 τῶν
1960 3453 2283 3524 πνευμάτων
2310 3454 2417 3507 τῶν
2443 3453 2550 3507 ἀπὸ
2581 3451 2866 3524 θησαυρῶν
2888 3454 2981 3507 τοῦ
2994 3453 3147 3507 Θεοῖν
3167 3452 3444 3523 Ἐξήγαγε
3475 3454 3582 3526 γὰρ
3617 3453 3737 3518 dre;

510 3562 667 3616 μους
697 3545 766 3599 ἐκ
797 3544 1114 3614 θησαυρῶν
1139 3544 1343 3601 αὑτοῦ.

588 3641 642 3711 7.
684 3638 996 3711 ΙηῙαιιιαιαε
1037 3648 1113 3693 est
1152 3640 1321 3694 omnis
1360 3640 1514 3695 homo
1554 3639 1618 3694 ab
1664 3640 1882 3695 scientia
1913 3640 1978 3693 “.
2031 3638 2085 3695 Si

517 3731 697 3789 omnis
731 3731 897 3789 homo
939 3728 1240 3785 iul‘atuatus
1274 3738 1357 3784 est
1402 3729 1473 3784 ab
1523 3729 1771 3796 scientia,
1801 3738 1855 3785 et
1887 3728 2089 3784 Paulus

519 3822 687 3877 homo
730 3831 833 3886 est,
880 3820 1085 3877 Paulus
1127 3820 1429 3890 infatuatus
1477 3830 1561 3876 est
1604 3821 1673 3882 ab
1713 3821 1960 3877 scientia.
2007 3819 2091 3874 Ea:

520 3922 669 3980 parte
703 3914 1079 3983 cognoscimus,
1127 3923 1173 3966 et
1203 3927 1268 3966 ex
1308 3922 1457 3981 parte
1497 3913 1864 3982 prophetamus
1898 3913 1962 3964 ⁸⁵.
2008 3910 2091 3965 Ιη-

520 4005 763 4060 fatuatus
806 4005 876 4057 ab
915 4004 1163 4067 scientia,
1208 4003 1399 4058 ridens
1428 4019 1524 4073 per
1557 4005 1858 4073 speculum,
1897 4003 2086 4061 videns

519 4098 577 4152 in
608 4097 913 4164 aenigmate,
940 4094 1341 4164 portiunculam
1368 4092 1659 4164 quamdam
1698 4095 1912 4159 ridens,
1948 4103 2001 4151 et
2039 4095 2086 4155 si

520 4190 604 4246 sic
627 4189 842 4259 expedit
857 4187 1054 4254 dicere,
1079 4189 1250 4257 ipsius
1272 4201 1489 4256 quoque
1506 4187 1862 4257 portiunculae
1880 4194 2087 4256 partem

525 4281 684 4352 175
699 4282 976 4335 minimam
991 4293 1403 4348 recognoscens.
1421 4278 1737 4333 Econtrario
1748 4286 1924 4333 autem
1944 4277 2094 4331 intel-

521 4371 645 4441 ligis
662 4371 790 4440 quid
821 4370 927 4424 sit:
955 4366 1263 4435 Infatuatus
1282 4376 1359 4419 est
1381 4368 1549 4420 omnis
1576 4365 1638 4419 ab
1670 4367 1906 4419 scicntia.
1931 4366 2094 4420 Com—

2278 3637 2615 3708 Ἒμωράνθη
2637 3637 2755 3704 πᾶς
2780 3637 3088 3706 ἅνθρωπος
3111 3635 3228 3691 ἀπὸ
3248 3635 3539 3707 γνώσεως.
3568 3636 3629 3688 Et
3652 3636 3758 3699 πᾶς

2194 3730 2477 3800 ἅνθρωπος
2508 3729 2792 3802 ἐμωράνθη
2823 3727 2932 3782 ἀπὸ
2957 3727 3228 3797 γνώσεως,
3272 3729 3336 3781 ἐκ
3365 3727 3563 3799 μέρους
3593 3726 3757 3796 γινὼ-

2195 3838 2360 3885 σκων,
2417 3821 2511 3874 καὶ
2567 3823 2631 3875 ἐκ
2680 3821 2876 3893 μέρους
2921 3818 3297 3891 προφητεύων,
3334 3818 3621 3891 ἐμωράνθη
3652 3817 3759 3872 άπδ

2196 3910 2468 3980 γνώσεως,
2499 3911 2566 3964 δι’
2596 3911 2861 3982 ἐσόπτρου
2896 3910 3107 3981 βλέπων
3140 3912 3196 3964 ἐν
3220 3911 3520 3981 αἰνίγματι,
3546 3909 3758 3980 βλέπων

2196 4003 2671 4075 πολλοστημόριον,
2708 4003 2821 4066 καὶ,
2857 4003 2904 4055 εί
2943 4001 3089 4056 ἐστιν
3135 4003 3328 4065 εἰπεῖν,
3364 4002 3761 4073 άπειροστημό-

2196 4112 2307 4168 ριον
2331 4094 2541 4164 βλέπων
2564 4097 2657 4149 καὶ
2682 4093 3112 4164 καταλαμϐάνων
3132 4092 3236 4146 τῶν
3263 4094 3619 4165 πραγμάτων.
3665 4093 3758 4146 Ἐκ

2191 4184 2286 4239 τοῦ
2308 4184 2546 4245 ἐναντίου
2574 4184 2632 4245 δὲ
2658 4185 2866 4254 νοήσεις
2878 4181 2951 4253 (2)
2970 4182 3047 4235 τό·
3067 4181 3396 4250 Ἐμωράνθη
3418 4180 3534 4247 πᾶς
3550 4181 3761 4249 ἂνθρω-

2195 4292 2310 4343 πος
2338 4274 2457 4330 ἀπὸ
2487 4274 2776 4344 γνώσεως.
2815 4274 3001 4326 Ἔστιν
3039 4273 3403 4343 ἁμαρτήματα
3427 4270 3524 4340 τῆς
3561 4271 3757 4341 Ἰερου-

2201 4369 2402 4440 σαλὴμ,
2446 4369 2818 4441 ἁμαρτήματα
2863 4366 2958 4420 καὶ
3000 4365 3265 4435 Σοδόμων,
3311 4362 3445 4417 ἀλλὰ
3478 4362 3759 4431 συγκρίσει

518 4458 805 4527 paratione
828 4462 1174 4525 peccatorum
1206 4452 1562 4519 Hierusalem,
1597 4452 1955 4508 Sodomorum
1973 4469 2109 4522 pecs
2128 4452 2170 4504 D
2197 4472 2214 4507 ιτ

2062 4452 2170 4515 εει)
2197 4455 2306 4509 τῶν
2353 4455 2610 4526 χειρόνων
2656 4454 3065 4526 ἁμαρτημάτων
3108 4454 3205 4524 τῆς
3257 4450 3626 4523 Ἰερουσαλὴμ,
3679 4451 3758 4503 δι-

522 4557 703 4602 catum
733 4545 941 4615 justitia
972 4551 1074 4599 est.
1110 4541 1420 4611 Justiﬁcata
1445 4551 1521 4595 est
1542 4544 1700 4607 enim,
1736 4543 1833 4604 ait,
1857 4542 2089 4598 Sodoma

524 4652 590 4694 ea:
626 4646 693 4690 te.
725 4635 1013 4703 Quomodo
1054 4650 1183 4705 ergo
1229 4648 1338 4686 non
1386 4632 1585 4687 habent
1616 4633 1882 4701 justitiam
1919 4631 2090 4686 Sodo-

529 4742 744 4781 morum
797 4737 1017 4796 peccata
1060 4742 1158 4795 per
1200 4741 1279 4785 se,
1314 4723 1405 4778 sed
1431 4723 1496 4778 ad
1539 4723 1879 4778 collationem
1923 4724 2094 4792 majo-

528 4834 650 4874 rum
683 4816 946 4871 scelerum
987 4817 1357 4885 justilirantur
1394 4835 1407 4870 :
1449 4816 1527 4875 sic
1564 4814 1869 4876 econtrario
1919 4818 2094 4872 scien-

528 4913 601 4966 tia
662 4908 816 4962 Pauli
861 4908 928 4962 ad
972 4908 1117 4962 illam
1159 4909 1432 4963 ccelestem
1475 4907 1776 4972 scientiam,
1826 4907 1891 4962 ad
1939 4907 2089 4960 illum

525 5007 966 5057 consummatum
1028 4999 1353 5056 intellectum
1385 4999 1617 5058 stultitia
1648 5007 1965 5067 reputatur:
2001 4996 2096 5051 Id-

523 5095 667 5149 circo
710 5092 1008 5162 infatuatus
1061 5101 1134 5143 est
1186 5091 1354 5150 omnis
1390 5091 1544 5145 homo
1579 5091 1644 5144 ab
1684 5090 1922 5149 scientia.
1967 5089 2096 5147 Tale

524 5185 779 5256 quiddam
816 5183 1170 5239 Ecclesiastes
1195 5183 1428 5237 arbitror
1455 5182 1862 5254 deprehendens
1901 5182 2095 5238 ell‘atus

522 5284 611 5332 est
642 5277 729 5330 “z
762 5275 911 5340 Dixi,
948 5274 1156 5344 sapiens
1188 5274 1417 5341 eﬂieiar;
1457 5283 1505 5327 et
1555 5275 1670 5343 ipsa
1700 5274 1960 5345 elongauit
1987 5291 2041 5328 se
2063 5291 2095 5327 a

2194 4545 2451 4616 καιοσύνη
2479 4546 2594 4599 ἐστὶ
2615 4545 2682 4599 τὰ
2710 4546 2956 4617 Σοδόμων
2979 4547 3197 4617 άμαρτή
3207 4559 3368 4616 ματα·
3421 4541 3758 4610 Ἐδικαιώθη

2197 4635 2330 4705 γὰρ,
2362 4635 2513 4706 φησὶ,
2538 4634 2773 4704 Σόδομα
2786 4636 2854 4690 ἐκ
2883 4636 3021 4690 σοῦ.
3045 4638 3254 4706 ’Ὠσπερ
3284 4629 3378 4688 οῦν
3409 4633 3529 4704 οὐχὶ
3558 4633 3763 4688 δικαιο-

2199 4725 2333 4796 σύνη
2361 4727 2430 4780 τὰ
2462 4726 2706 4797 Σοδόμων
2727 4728 3115 4799 ἁμαρτήματα,
3140 4728 3275 4781 ἀλλὰ
3302 4727 3503 4799 ἀδικία,
3527 4728 3603 4790 ὡς
3631 4726 3764 4797 πρὸς

2197 4818 2296 4890 τὴν
2343 4818 2563 4872 πλείονα
2593 4820 2650 4873 δὲ
2681 4819 2890 4875 ἀδικίαν
2921 4822 3234 4894 δικαιοσύνη
3263 4821 3411 4875 ἐστίν
3436 4839 3449 4853 ·
3486 4819 3659 4884 οὕτως
3698 4822 3762 4871 ἐκ

2197 4909 2291 4963 τοῦ
2326 4910 2565 4963 ἐναντίου
2601 4909 2853 4983 γνῶσιςὴ
2878 4908 3014 4967 οὖσα
3047 4913 3244 4983 Παύλῳ
3272 4913 3490 4982 γνῶσις.
3522 4912 3597 4973 ὡς
3627 4909 3762 4979 πρὸς

2194 5002 2292 5075 τὴν
2339 5002 2535 5072 γνῶσιν
2576 5005 2789 5077 ἐκείνην
2818 5005 2915 5078 τὴν
2944 5002 3107 5061 οὖσαν
3140 5009 3197 5060 ἐν
3230 5008 3342 5069 τοῖς
3386 5005 3651 5075 οὐρανοῖς,
3686 5000 3764 5062 ὡς

2197 5092 2335 5165 πρὸς
2377 5093 2476 5165 τὴν
2516 5092 2721 5147 τελείαν
2761 5094 2979 5162 γνῶσιν,
3037 5093 3214 5165 μωρία
3260 5091 3396 5144 ἐστί.
3444 5088 3547 5142 Διά
3590 5085 3764 5140 τοῦτο

2194 5182 2500 5253 ἑμωράνθη
2521 5184 2639 5252 πᾶς
2652 5184 2958 5253 ἄνθρωπος
2983 5184 3101 5243 ἀπὸ
3116 5181 3410 5247 γνώσεως.
3428 5178 3677 5232 Τοιοῦτόν
3687 5194 3759 5242 τι,

2197 5272 2370 5346 οἶμαι,
2396 5275 2822 5349 Μταλαμὸάνων
2841 5279 2870 5330 6
2906 5273 3335 5347 Ἐκκλησιαστὴς
3354 5272 3560 5340 ἐλεγεψ
3578 5267 3756 5337 Elim.

593 5453 639 5485 ⁸⁸
679 5451 700 5505 1
731 5452 858 5508 Cor.
892 5468 992 5520 xu,
1024 5450 1078 5505 8.
1153 5451 1200 5483 ⁸³
1238 5451 1255 5505 l
1292 5451 1419 5505 Cor.
1455 5468 1543 5517 xv,
1578 5451 1669 5506 23.
1744 5451 1789 5481 ⁸³
1827 5450 2040 5505 Coloss.
2076 5465 2132 5517 tt,
2168 5449 2222 5504 3.

2076 5465 2132 5517 It,
2168 5449 2222 5504 3.
2296 5450 2343 5482 ⁸³
2378 5450 2576 5506 Jerem.
2640 5468 2695 5517 χ,
2760 5451 2843 5503 ll.
2919 5450 2963 5482 ⁸⁸
3003 5447 3024 5501 1
3062 5448 3187 5521 Cpr.
3219 5463 3338 5514 xm,
3371 5448 3423 5503 9.
3498 5447 3544 5479 ⁸⁸
3584 5447 3758 5518 Eccle.

522 5537 622 5587 vu,
649 5523 741 5578 26.

598 5678 675 5746 (l)
713 5680 955 5751 Πνεῦμα
971 5681 1209 5751 σοφίας.
1251 5677 1308 5733 lu
1334 5693 1481 5751 mss.
1506 5677 1685 5751 Regiis
1721 5679 2090 5751 interpretatio

598 5700 675 5746 ιι)
713 5700 869 5734 uret)
894 5700 951 5734 ια
971 5700 1209 5748 σοφίας.
1251 5700 1308 5733 ιιι
1342 5700 1473 5733 mss.
1508 5700 1653 5747 negti

526 5746 837 5819 Hieronymi
867 5700 1034 5802 habet.
1066 5768 1077 5802 :
1113 5748 1343 5801 thesauri
1367 5748 1660 5815 supieutia‘.

2270 5676 2344 5742 (2)
2382 5673 2654 5741 Νοήσεις.
2698 5672 3112 5742 llieronymiana
3137 5672 3315 5726 versio
3339 5672 3389 5726 iu
3418 5687 3549 5727 mss.
3578 5671 3756 5735 habet,

2109 5786 2116 5793 .
2190 5758 2248 5798 ut
2273 5741 2606 5815 intelligens.
2639 5743 2942 5811 Legcudum
2978 5741 3132 5807 forte,
3163 5742 3439 5811 intelliges.
