4296 6288
624 374 728 453 sat

2074 389 2394 448 ORIGEMS

3774 400 3876 458 359.

628 527 750 572 nus,
793 509 1101 564 maledictus
1131 507 1281 559 homo
1318 507 1409 574 qui
1455 522 1557 559 non
1594 506 1821 562 audierit
1851 507 2003 562 verba
2024 506 2204 563 Testa-
2232 515 2275 572 Α
2306 526 2324 560 2

2186 537 2204 548 -
2232 515 2275 572 Α
2306 506 2563 572 κοῦντας
2587 504 2967 575 Ἰερουσαλήμ
2983 523 2996 536 ·
3018 484 3115 560 καὶ
3132 507 3284 574 ἐρεῖς
3299 507 3448 579 πρὸς
3458 511 3680 579 αὺτούς
3699 531 3712 545 ·
3738 517 3879 572 Τάδε

627 600 791 656 menti
817 600 993 668 Imjus,
1031 596 1170 667 quod
1200 595 1448 650 mandavi
1475 598 1714 665 patribus
1742 602 1924 655 vestris
1961 600 2025 652 ’⁷.
2067 599 2203 665 Quis

627 691 804 758 magis
837 689 987 742 audit
1029 686 1190 740 verba
1231 689 1562 753 testamenti,
1600 692 1740 759 quod
1788 691 2062 744 mandavit
2103 707 2199 759 pa-

625 780 837 835 tribus?
859 777 970 831 Nos
998 777 1089 845 qui
1123 777 1176 830 in
1201 775 1423 832 Christo
1454 780 1747 844 credimus,
1775 797 1843 835 an
1876 782 1952 835 illi
1977 782 2069 849 qui
2102 796 2200 835 nec

620 870 790 939 Moysi
837 868 1213 933 crediderunt,
1259 869 1386 921 dum
1441 869 1494 922 in
1528 868 1745 924 Christo
1787 885 1894 923 non
1932 869 2202 924 credunt?

617 959 689 1021 ad
721 972 860 1026 quos
894 955 1147 1010 Salvator
1175 956 1251 1009 ait
1280 955 1327 994 ⁸⁸
1364 974 1378 1010 :
1422 955 1481 1009 Si
1524 957 1801 1010 crederetis
1843 956 2036 1026 Jloysi,
2087 973 2199 1010 cre-

617 1049 810 1111 deretis
842 1049 1019 1117 utique
1059 1055 1109 1099 et
1137 1047 1304 1109 milii;
1342 1047 1406 1101 de
1440 1063 1520 1100 me
1551 1048 1691 1101 enim
1727 1048 1815 1101 ille
1853 1049 2086 1116 scripsit.
2138 1046 2198 1102 Si

614 1148 792 1193 autem
842 1139 1032 1192 litteris
1086 1137 1234 1191 illius
1277 1152 1380 1190 non
1424 1139 1673 1202 creditis,
1718 1139 1978 1206 quomodo
2029 1139 2196 1193 verbis

616 1232 743 1291 meis
782 1230 1037 1284 credituri
1075 1228 1239 1282 estis?
1276 1228 1462 1298 Itaque
1500 1230 1575 1283 illi
1603 1229 1773 1301 Moysi
1810 1246 1916 1285 non
1946 1230 2194 1285 credide—

615 1332 777 1389 runt;
821 1338 919 1376 nos
947 1336 1072 1375 vero
1114 1321 1395 1375 credentes
1435 1321 1487 1373 in
1521 1321 1743 1375 Christo
1778 1322 2052 1377 credimus
2093 1320 2197 1377 Te-

616 1422 906 1475 stamento,
949 1413 1091 1483 quod
1141 1413 1395 1467 traditum
1450 1422 1534 1467 est
1576 1429 1670 1483 per
1713 1412 1977 1485 Moysem,
2027 1424 2082 1470 et
2124 1414 2193 1470 ad

618 1522 717 1560 nos
756 1506 953 1560 dicitur
981 1521 1049 1558 nc
1088 1505 1358 1559 maledicti
1401 1505 1597 1560 ﬁamus
1633 1522 1651 1559 :
1682 1505 1996 1559 Haledictus
2038 1507 2192 1561 homo

613 1597 705 1667 qui
726 1612 825 1649 non
844 1597 1072 1649 audierit
1097 1595 1251 1649 verba
1271 1593 1591 1650 Testameuti
1609 1596 1764 1666 hujus
1785 1597 1920 1668 quod
1944 1598 2193 1652 mandaui

612 1688 852 1755 patribus
873 1688 1079 1742 vestris.
1108 1686 1246 1757 Ergo
1271 1687 1346 1740 illi
1372 1687 1641 1742 maledicti
1661 1698 1821 1752 sunt;
1849 1703 2024 1758 neque
2041 1688 2189 1742 enim

614 1778 1328 1834 aualieruntTi-stamentum
1358 1779 1501 1847 quod
1533 1779 1809 1834 mandavit
1842 1778 1982 1835 Deus
2020 1780 2189 1850 patri—

2302 595 2463 665 λέγει
2474 597 2686 662 Κύριος
2702 597 2734 648 ὁ
2752 594 2896 660 Θεὸς
2910 593 3165 662 Ἰσραήλ’
3195 595 3652 667 Ἐπικατάρατος
3664 601 3880 672 ἄνθρω-

2302 702 2414 752 πος
2430 686 2497 752 ὃς
2512 688 2621 739 οὐκ
2632 687 2952 739 ἀκούσεται
2970 685 3088 739 τῶν
3104 688 3300 755 λόγων
3321 686 3421 756 τῆς
3457 692 3776 762 Διαθήκης,
3803 691 3878 766 ἧς

2298 774 2687 844 ἐνετειλάμην
2701 775 2824 840 τοῖς
2835 775 3134 844 πατράσιν
3147 775 3433 845 ὐμῶν.Τίς
3445 780 3677 850 μάλιστα
3688 785 3876 840 ἀκούει

2300 866 2406 918 τῶν
2445 865 2619 934 λόγων
2658 867 2757 937 τῆς
2789 866 3084 938 Διαθήκης,
3112 864 3181 941 ἦς
3204 870 3502 924 ἐνετείλατο
3532 875 3560 925 6
3595 873 3729 939 Θεὸς
3763 879 3875 941 τοῖς

2297 955 2599 1028 πατράσιν;
2621 952 2772 1029 τΑρά
2792 975 2854 1025 γε
2881 959 2930 1010 οἱ
2957 958 3301 1024 πιστεύοντες
3324 960 3411 1014 ἐπ’
3438 960 3616 1024 αὑτὸν,
3644 961 3677 1033 ἢ
3706 963 3753 1016 οἱ
3782 982 3877 1038 μη.

2297 1044 2484 1116 δαμῶς
2510 1046 2586 1116 (1)
2618 1044 2894 1098 πιστεύειν
2913 1046 3381 1117 ἀποδεικνύμενοι,
3410 1051 3474 1104 ἐκ
3500 1050 3592 1103 τοῦ
3619 1051 3692 1122 μή
3722 1069 3875 1108 πεπιο

2298 1136 2580 1190 στευκέναι
2612 1136 2706 1188 ἐπὶ
2748 1137 2838 1190 τὸν
2879 1135 3080 1208 Κύριον
3108 1154 3122 1204 ;
3154 1140 3290 1210 Φησὶ
3324 1139 3434 1213 γὰρ
3462 1143 3490 1194 6
3523 1138 3708 1214 Σωτὴρ
3733 1144 3870 1215 πρὸς

2295 1228 2555 1291 ἐκείνουςο
2574 1230 2646 1283 El
2659 1228 3001 1282 ἐπιστεύετε
3015 1228 3234 1295 Μωσεῐ,
3249 1230 3592 1286 ἐπιστεύετε
3608 1232 3684 1287 ἂν
3700 1234 3827 1302 ἐμοί
3848 1251 3863 1267 ο

2296 1317 2427 1384 περὶ
2452 1317 2560 1388 γὰρ
2574 1316 2720 1386 ἐμοῦ
2736 1317 2969 1383 ἐκεῖνος
2987 1317 3271 1388 ἔγραψεν.
3300 1323 3370 1374 El
3401 1319 3468 1374 δὲ
3485 1322 3609 1388 τοῖς
3638 1322 3868 1378 ἐκεινου

2295 1406 2718 1478 ῃοάμμασιτεοὺ
2734 1411 3067 1475 πιστεύετε,
3081 1410 3206 1478 πῶς
3216 1411 3338 1478 τοῖς
3355 1413 3518 1482 ἐμοῖς
3526 1416 3756 1484 ρημασι
3775 1431 3870 1469 πι-

2292 1500 2601 1562 στεύσετε;
2622 1500 2829 1553 Οὐκοῦν
2859 1503 3054 1557 ἐκεῖνοι
3082 1504 3161 1566 εἰς
3187 1504 3392 1557 Μωσέα
3416 1505 3475 1557 οὐ
3504 1507 3869 1560 πεπιστεύκα-

2294 1605 2399 1649 σιψ
2442 1590 2602 1659 ἡμεῖς
2633 1589 2690 1642 δὲ
2732 1590 3075 1655 πιστεύοντες
3119 1593 3200 1654 εἰς
3242 1594 3494 1665 Χριστὸν,
3544 1594 3870 1665 πιστεύομεν

2291 1682 2357 1753 τῇ
2392 1680 2634 1753 Διαθήκῃ
2666 1683 2731 1757 τῇ
2760 1680 2849 1735 διὰ
2880 1682 3144 1746 Μωσέως,
3173 1684 3267 1736 καὶ
3312 1684 3445 1755 πρὸς
3474 1686 3620 1754 ἡμᾶς
3651 1686 3871 1753 λέγεται

2291 1771 2375 1831 ἵνα
2407 1770 2480 1842 μὴ
2506 1772 2802 1843 κατάρατοι
2842 1771 3125 1843 γενώμεθα
3144 1789 3155 1802 ·
3187 1775 3651 1843 Ἐπικατάρατος
3705 1781 3739 1831 ὀ
3764 1777 3871 1830 άν-

616 1870 739 1935 bus,
761 1872 814 1923 in
838 1871 922 1924 die
951 1887 1053 1941 qua
1073 1870 1254 1924 eduxit
1269 1886 1355 1923 eos
1378 1869 1441 1923 de
1463 1879 1605 1924 terra
1620 1871 1863 1941 zEgypti,
1895 1871 1958 1924 de
1975 1849 2189 1939 fort-nace
2221 1849 2261 1902 Β
2291 1865 2312 1916 6

2169 1888 2189 1924 ε
2221 1849 2261 1902 Β
2291 1865 2527 1930 θρωπος
2559 1861 2628 1928 ὃς
2659 1864 2770 1916 οὐκ
2798 1864 3120 1918 ἀκούσεται
3152 1863 3271 1917 τῶν
3295 1867 3492 1934 λόγων
3518 1867 3628 1934 τῆς
3654 1871 3865 1936 Διαθή-

614 1958 785 2028 ferrea
809 1960 888 2026 ”;
931 1961 1166 2013 maxime
1190 1960 1344 2032 juxta
1372 1962 1756 2031 intelligentem
1791 1963 1841 2016 id
1866 1960 2025 2030 179
2045 1960 2186 2027 quod

612 2049 872 2118 scriptum
906 2060 989 2105 est
1022 2050 1074 2104 in
1104 2049 1330 2105 Joannis
1361 2050 1704 2123 Apocalypsi,
1739 2053 1867 2121 quia
1908 2052 2061 2107 locus
2095 2051 2186 2107 ubi

609 2140 904 2195 cruciﬁxus
932 2150 1010 2194 est
1032 2140 1555 2205 Dominus,voectur
1573 2142 1927 2211 spiritualiter
1950 2140 2186 2197 Sodoma

607 2239 662 2285 et
684 2229 967 2302 Egyptus.
991 2230 1046 2284 Si
1075 2231 1220 2286 enim
1248 2232 1602 2302 spiritualiter
1623 2233 1890 2304 Aigyptus
1912 2234 2183 2304 quispiam

607 2326 940 2386 nominatur,
961 2333 1139 2378 etnon
1160 2334 1245 2378 est
1266 2324 1529 2396 Egyptus
1548 2325 1845 2380 secundum
1880 2325 2187 2395 intelligen-

608 2415 738 2470 tiam
758 2416 1113 2485 corporalem,
1135 2415 1276 2469 haud
1295 2416 1520 2469 dnhium
1541 2425 1625 2469 est
1641 2415 1769 2484 quin
1788 2415 1832 2470 si
1854 2414 2184 2469 intellexeris

607 2506 897 2578 Egyptum
922 2508 1281 2575 spiritualem,
1311 2516 1365 2562 et
1393 2506 1594 2561 exieris
1622 2507 1687 2561 de
1716 2521 1802 2569 ea,
1830 2514 1883 2559 tu
1920 2507 1996 2561 sis
2032 2521 2185 2576 egre-

2288 1970 2421 2020 κης,
2466 1949 2542 2023 ἧς
2587 1953 2975 2024 ἐνετειλάμην
3001 1955 3127 2022 τοῖς
3147 1956 3463 2025 πατράσιν.
3511 1959 3735 2011 Ἐκεῖνοι
3770 1956 3865 2016 οὖν

2288 2043 2472 2115 ἔχουσι
2513 2045 2580 2097 τὸ
2623 2046 3014 2117 ἐπικατάρατοι
3047 2042 3212 2101 εἶναι·
3245 2048 3306 2102 οὐ
3352 2049 3459 2121 γὰρ
3496 2051 3734 2120 ιήκουσαν
3762 2053 3861 2123 τῆς

2285 2136 2559 2209 Διαθήκης
2595 2133 2664 2209 ἦς
2702 2138 3002 2214 ἐνετείλατο
3029 2141 3070 2193 ~6
3107 2140 3239 2206 Θεὸς
3269 2144 3380 2205 τοῖς
3418 2142 3684 2212 πατράσιν
3706 2160 3718 2174 ν
3759 2144 3864 2197 Ἐν

2284 2227 2495 2298 ἡμέρᾳ.
2532 2229 2716 2307 φησὶν,
2753 2223 2794 2307 ᾗ
2836 2229 3143 2301 ἀνήγαγον
3177 2233 3399 2299 αὐτοὺς
3441 2233 3509 2286 ἐκ
3546 2233 3659 2303 γῆς
3691 2237 3864 2304 AW-

2287 2326 2460 2381 πτου,
2491 2314 2561 2368 ἐκ
2592 2313 2701 2384 τῆς
2727 2318 2984 2388 καμίνου
3011 2320 3124 2391 τῆς
3149 2320 3423 2401 σιδηρᾶς-ξ
3454 2326 3549 2379 καὶ
3575 2327 3721 2397 ἡμᾶς
3754 2328 3870 2402 ἔξήο

2286 2418 2459 2472 γαγεν
2498 2406 2526 2458 6
2554 2405 2688 2470 Θεὸς
2716 2407 2781 2460 ἐκ
2810 2411 2909 2480 τῆς
2949 2410 3247 2484 Αἰγύπτου,
3279 2413 3343 2466 ἐκ
3376 2414 3476 2485 τῆς
3504 2418 3735 2488 καμίνου
3768 2405 3881 2491 τῆς-

2292 2494 2515 2568 σιδηρᾶς
2550 2497 2646 2569 (2),
2682 2499 2917 2569 μάλιστα
2945 2504 3086 2558 κατὰ
3117 2504 3209 2557 τὸν
3238 2506 3505 2577 νοήσαντα
3530 2508 3590 2562 τὸ
3619 2526 3865 2583 γεγραμ-

600 2599 760 2654 dicns
805 2615 871 2652 ex
921 2607 1064 2653 terra
1105 2597 1352 2669 Egypti,
1394 2599 1460 2653 de
1496 2596 1714 2652 fornace
1741 2595 1946 2658 ferrea,
1996 2605 2049 2650 et
2087 2595 2180 2650 tibi
2287 2613 2296 2665 ι

2168 2595 2180 2649 i
2287 2596 2445 2665 μένον
2480 2596 2538 2650 ἐν
2560 2597 2624 2666 τῇ
2663 2595 3027 2664 Ἀποκαλύψει
3071 2596 3335 2663 Ἰωάννου,
3366 2599 3447 2651 ὅτι
3480 2600 3508 2650 6
3540 2599 3704 2662 τόπος
3725 2600 3860 2652 ὅπου

601 2689 815 2743 dicatur
862 2705 875 2742 :
926 2688 1118 2741 Audite
1163 2705 1333 2741 vocem
1377 2703 1567 2751 meam,
1605 2697 1652 2739 et
1681 2678 1840 2754 facile
1869 2686 2029 2754 juxta
2072 2685 2183 2739 lucc
2281 2688 2297 2738 ι

2170 2702 2183 2737 :
2281 2688 2310 2738 6
2352 2685 2557 2755 Κύριος
2603 2685 2782 2739 αὐτῶν
2826 2686 3147 2767 ἐσταυρώθη
3191 2689 3433 2755 καλεῖται
3479 2690 3866 2762 πνευματικῶς-

606 2780 803 2833 omnia.
852 2778 1051 2832 Deinde
1078 2778 1430 2846 repromissio
1463 2775 1551 2829 Dei
1579 2776 1753 2830 estad
1788 2776 2092 2840 audientes,
2134 2776 2180 2829 si
2280 2777 2302 2829 Ξ

2166 2776 2180 2828 i
2280 2776 2487 2847 Σόδομα
2518 2779 2613 2831 καὶ
2640 2778 2932 2849 Αἴγυπτος.
2968 2783 3031 2834 Εἰ
3057 2782 3167 2855 γὰρ
3198 2782 3584 2855 πνευματικῶς
3617 2785 3859 2839 καλεῖται

604 2871 830 2924 fecerint
859 2884 1195 2938 quaecunque
1220 2868 1532 2938 pratceperit
1557 2866 1819 2922 Dominus
1840 2867 2028 2922 dicens
2061 2885 2075 2921 :
2109 2865 2179 2921 Et
2281 2868 2300 2919 Λ

2164 2876 2179 2921 ι
2281 2866 2554 2936 Αἴγυπτος
2578 2886 2590 2899 ο
2641 2870 2741 2925 οὐκ
2766 2870 2879 2925 ἔστι
2906 2872 2963 2924 δέ
2997 2871 3136 2944 αὕτη
3170 2873 3501 2944 ἡΑἴγυπτος
3543 2878 3575 2947 ή
3615 2893 3860 2946 πνευμαρ

601 2959 748 3013 eritis
783 2958 906 3010 mihi
939 2959 988 3010 in
1028 2959 1298 3026 papulum,
1345 2966 1395 3010 et
1439 2972 1531 3027 ego
1561 2972 1648 3010 ero
1678 2955 1820 3010 vobis
1862 2957 1914 3010 in
1946 2955 2113 3010 Deum
2136 2956 2176 3010 ¹.
2277 2973 2297 3007 οι

2162 2996 2176 3010 .
2277 2956 2446 3021 τικῶς
2492 2957 2797 3031 καλουμένη
2838 2959 3139 3029 Αἴγυπτος·
3201 2961 3433 3032 αἰσθητὴ
3489 2963 3627 3034 γάρ·
3677 2961 3856 3033 δῆλον,

603 3043 723 3102 Non
755 3047 935 3101 omnis
960 3047 1051 3115 qui
1082 3061 1139 3100 se
1178 3045 1434 3115 populum
1467 3045 1560 3100 Dei
1590 3044 1722 3099 dicit
1759 3061 1902 3112 esse,
1946 3046 2180 3115 populus
2280 3048 2299 3100 ἓ

2163 3062 2180 3100 i
2280 3048 2382 3113 ὅτι,
2434 3048 2528 3103 ἐὰν
2573 3051 2771 3125 νοήσῃς
2809 3051 2906 3128 τὴν
2950 3053 3331 3122 πνευματικῶς
3378 3052 3716 3126 καλουμένην
3763 3054 3859 3107 Ατ-

602 3136 696 3191 Dei
735 3146 837 3193 est.
887 3135 1198 3191 Judmorum
1232 3138 1461 3207 populus
1494 3139 1752 3208 populum
1794 3154 1854 3192 se
1894 3137 2178 3193 venditans
2205 3182 2247 3239 Ο
2281 3158 2298 3208 1

2160 3154 2178 3193 3
2205 3182 2247 3239 Ο
2281 3157 2507 3239 γυπτον,
2540 3142 2634 3239 καὶ
2659 3141 2885 3239 ἐξέλθῃς
2912 3144 3030 3239 ἀπ’.
3046 3145 3248 3239 αὐτῆς·
3283 3146 3346 3198 σὺ
3385 3141 3437 3239 5—!
3461 3148 3490 3198 6
3521 3144 3748 3239 ἐξελθών
3792 3148 3856 3239 ἐκ

602 3228 694 3283 Dei
726 3228 925 3282 meruit
969 3228 1192 3294 audire,
1231 3230 1354 3297 quia
1380 3246 1497 3287 uou
1523 3229 1746 3298 populus
1789 3244 1934 3282 meus
1962 3245 2085 3293 vos,
2125 3238 2179 3283 et

598 3319 802 3375 dictum
838 3327 921 3373 est
947 3318 1013 3372 ad
1041 3334 1164 3373 eum
1204 3337 1217 3373 :
1262 3319 1382 3373 Non
1412 3320 1633 3387 populus
1667 3336 1831 3373 meus.
1867 3319 1931 3373 Et
1957 3335 2173 3374 rursum

597 3410 700 3465 iste
726 3410 957 3479 populus
984 3419 1209 3465 vocatus
1242 3423 1326 3466 est
1356 3412 1587 3482 p0pulus
1624 3428 1637 3465 :
1688 3409 1802 3481 Ipsi
1836 3412 1975 3464 enim
2012 3427 2176 3466 temu-

596 3499 697 3556 lati
726 3511 848 3554 sunt
898 3517 1016 3565 me,
1066 3501 1242 3570 inquit
1285 3503 1305 3533 ’
1332 3543 1347 3568 ,
1380 3518 1537 3571 super
1584 3518 1686 3567 non
1720 3502 1908 3557 Deum.
1950 3501 2025 3556 De
2068 3502 2176 3557 illis

594 3590 725 3644 dicit
760 3608 773 3644 :
806 3590 1157 3644 lrritaverunt
1201 3608 1279 3645 me
1308 3593 1361 3645 in
1401 3593 1559 3645 idolis
1612 3593 1756 3657 suis,
1794 3604 1843 3646 et
1878 3609 1970 3663 ego
2014 3609 2179 3646 temu-

596 3681 747 3736 labor
778 3700 864 3738 eos
904 3700 1058 3753 super
1102 3699 1203 3736 non
1244 3694 1463 3754 gentem.
1507 3682 1570 3736 In
1603 3693 1805 3753 gentem
1842 3693 2017 3738 autem
2048 3684 2178 3738 iusi-

593 3777 817 3844 pieutem
848 3775 1073 3830 irritabo
1100 3793 1204 3831 eos.

2283 3230 2387 3301 γῆς
2418 3230 2720 3299 Αἰγύπτου,
2751 3234 2843 3285 καὶ
2869 3233 2933 3284 ἐκ
2971 3232 3070 3302 τῆς
3101 3232 3333 3303 καμίνου
3364 3233 3462 3302 τῆς
3493 3231 3735 3302 σιδηρᾶς,
3764 3232 3858 3285 καὶ

2283 3321 2500 3390 λέγεται
2544 3324 2681 3394 πρός
2711 3340 2797 3376 σε’
2840 3324 3157 3378 Ἀκούσατε
3187 3323 3337 3377 κατὰ
3369 3322 3563 3376 πάντα
3590 3322 3708 3375 ὅσα
3750 3321 3859 3375 ἐὰν

2281 3413 2674 3483 ἐνετειλάμην
2702 3415 2862 3485 ὑμῖν.
2899 3417 2973 3469 ’Ἡ
3022 3434 3079 3468 τε
3109 3414 3405 3483 ἐπαγγελία
3447 3413 3539 3467 τοῦ
3566 3412 3700 3466 Θεοῦ
3741 3415 3856 3466 ἐστι

2283 3503 2418 3575 πρὸς
2460 3505 2586 3569 τοὺς
2619 3504 2934 3570 ἀκούοντας,
2983 3505 3077 3558 ἐὰν
3123 3505 3424 3575 ποιήσωσιν
3449 3503 3484 3557 ’ὰ
3520 3501 3854 3564 ἐντέταλται,

2281 3593 2511 3661 λέγουσα
2538 3612 2551 3625 ·
2587 3595 2698 3650 Καὶ
2745 3594 2962 3650 ἔσεσθέ
2991 3612 3091 3664 μοι
3137 3596 3224 3660 εις
3248 3592 3421 3657 λαὸν,
3457 3593 3618 3663 κάγὼ
3643 3592 3857 3661 ἔσομαι

2282 3686 2427 3756 ὑμῖν
2463 3689 2550 3752 εὶς
2593 3689 2759 3741 Θεόν.
2800 3688 2874 3740 υύ
2918 3689 3024 3749 πᾶς
3055 3687 3083 3738 6
3121 3686 3293 3754 λέγων
3331 3687 3359 3738 6
3385 3685 3512 3749 λαὸς
3539 3681 3677 3738 εἶναι
3698 3682 3855 3748 Θεοῦ,

2283 3778 2409 3842 λαός
2442 3781 2555 3832 ἐστι
2596 3778 2751 3831 Θεοῦ·
2790 3779 2984 3830 ἐκεῖνοι
3010 3773 3102 3830 οὖν
3147 3779 3197 3830 οἱ
3225 3777 3680 3847 ἐπαγγειλάμενοι
3711 3773 3851 3830 εἶναι

594 3865 721 3930 λαὸς
769 3866 939 3933 Θεοῦ,
990 3870 1072 3921 Οὐ
1113 3868 1263 3933 λαός
1295 3884 1414 3935 μου
1451 3868 1640 3935 ὑμεῖς,
1691 3868 1927 3937 ἥκουσαν
1978 3870 2034 3920 ἐν
2079 3866 2182 3938 τῷ·
2223 3869 2377 3921 Διότι
2423 3871 2493 3922 οὐ
2536 3870 2684 3936 λαός
2722 3887 2838 3940 μου
2871 3868 3060 3937 ὑμεῖς,
3091 3868 3184 3922 καὶ
3207 3868 3413 3941 ἐρρήθη
3445 3869 3580 3939 πρὸς
3608 3868 3699 3920 τὸν
3728 3867 3854 3920 λαὸν

596 3961 823 4020 ἐκεῖνον,
848 3961 931 4013 οὐ
959 3958 1109 4025 λαός
1135 3975 1285 4028 μου*
1335 3960 1431 4013 καὶ
1484 3958 1679 4014 πάλιν’
1704 3955 1892 4024 Οὗτος
1928 3961 1961 4011 ό
2001 3957 2151 4023 λαὸς
2188 3958 2418 4028 ἐκλήθη
2475 3957 2548 4009 οὐ
2584 3954 2752 4019 λαός.
2794 3953 2873 4021 (5)
2924 3957 3104 4011 Αὐτοὶ
3156 3959 3264 4029 γὰρ
3307 3958 3740 4027 παρεζήλωσάν
3777 3976 3856 4027 με

592 4048 685 4102 ἐπ’
723 4051 794 4101 οὐ
837 4049 1003 4102 Θεοῦ.
1050 4051 1185 4121 Περὶ
1221 4049 1442 4102 ἐκείνων
1484 4048 1541 4114 δέ
1586 4047 1763 4117 λέγει’
1821 4045 2204 4117 Παρὼργισάν
2248 4063 2326 4115 με
2367 4047 2436 4100 ἐν
2485 4048 2608 4114 τοῖς
2653 4046 2919 4114 εἰδώλοις
2965 4044 3181 4112 αὐτῶν,
3238 4046 3401 4117 κάγὼ
3447 4046 3852 4117 παραζηλώσω

591 4141 814 4207 αὐτοὺς
844 4141 934 4195 ἐπ’
964 4145 1073 4196 οὐκ
1103 4142 1280 4199 ἔθνει.
1326 4143 1444 4196 Ἐπ’
1474 4144 1630 4209 ἔθνει
1655 4144 1928 4217 ἀσυνέτῳ
1955 4140 2250 4213 παροργιῶ
2273 4144 2515 4211 αὐτούς.

664 4233 717 4287 5.
759 4230 870 4288 Nos
907 4232 1070 4303 igitur
1118 4234 1171 4287 in
1214 4236 1472 4304 populum
1515 4234 1608 4290 Dei
1666 4234 1789 4302 lacti
1838 4250 2027 4290 sumus
2056 4276 2070 4300 ,
2118 4243 2175 4288 et

594 4325 953 4379 annuutiatur
975 4325 1183 4392 iustitia
1219 4326 1442 4394 populo,
1475 4327 1569 4394 qui
1609 4337 1862 4382 nascetur
1898 4328 1965 4381 de
1999 4325 2171 4396 genti-

594 4415 717 4468 bus.
761 4414 865 4468 Iste
897 4416 1040 4466 enim
1070 4415 1306 4483 populus
1337 4417 1518 4469 subito
1562 4419 1805 4483 nascitur
1837 4437 1849 4471 :
1880 4426 1933 4483 et
1957 4418 2009 4470 in
2044 4432 2171 4485 pro-

594 4502 756 4569 pheta
798 4502 1057 4568 scriptum
1113 4510 1196 4554 est
1244 4518 1255 4553 :
1300 4500 1355 4554 Si
1413 4512 1539 4555 nata
1582 4513 1659 4556 est
1712 4521 1833 4572 gens
1881 4507 1938 4557 in
1987 4505 2164 4560 semel.

2345 4228 2653 4305 Γεγόναμεν
2694 4230 2786 4288 οὖν
2816 4235 2973 4305 ἡμεῖς
3003 4233 3082 4305 τῷ
3123 4233 3242 4305 Θεῷ
3278 4236 3358 4297 εἰς
3391 4233 3539 4297 λαὸν,
3579 4235 3672 4288 καὶ
3714 4236 3744 4304 ή
3774 4233 3853 4287 δι-

2274 4323 2535 4396 καιοσύνη
2566 4325 2659 4376 τοῦ
2690 4322 2824 4377 Θεοῦ
2860 4322 3249 4390 ἁναγγέλλεται
3291 4320 3367 4390 τῷ
3398 4320 3512 4389 λαῷ
3545 4320 3624 4389 τῷ
3654 4321 3850 4391 τεχθη-

2275 4417 2486 4486 σομένῳ
2514 4414 2592 4485 τῷ
2619 4415 2725 4468 ἀπὸ
2757 4415 2865 4466 τῶν
2897 4412 3093 4466 ἐθνῶν·
3125 4405 3279 4473 οὗτος
3307 4411 3414 4482 γὰρ
3451 4413 3479 4463 6
3516 4411 3641 4475 λαὸς
3672 4413 3849 4465 τίκτε-

2273 4492 2363 4557 ται
2396 4504 2605 4573 ἀθρόως
2624 4520 2637 4534 ·
2668 4504 2762 4557 καὶ
2794 4504 2852 4555 ἐν
2889 4502 2966 4572 τῷ
2994 4501 3248 4574 προφήτῃ
3274 4500 3332 4554 δὲ
3361 4501 3572 4574 εἴρηται
3591 4520 3604 4533 ³
3632 4505 3702 4557 Et
3727 4504 3849 4558 ἐτέ-

588 4591 824 4659 Quando
849 4591 1096 4645 Salvator
1126 4590 1369 4645 ascendit
1399 4593 1466 4647 ad
1500 4596 1700 4658 cados,
1731 4603 1784 4649 et
1821 4596 2167 4657 crediderunt
2198 4604 2239 4671 β
2271 4615 2284 4666 ς

2147 4604 2167 4649 ι
2198 4604 2239 4671 p
2271 4599 2384 4666 χθη
2414 4592 2588 4658 ἔθνος
2612 4594 2699 4658 εὶς
2727 4591 2889 4657 ἅπαξ
2906 4609 2920 4622 ο
2954 4591 3147 4661 ἐτέχθη
3169 4590 3227 4644 δὲ
3268 4592 3418 4656 ἔθνος
3450 4595 3528 4659 εἰς
3559 4594 3724 4661 ἅπαξ,
3757 4597 3843 4651 ὅτε

593 4697 700 4737 una
756 4683 842 4736 die
883 4681 1124 4751 quinque
1169 4681 1372 4747 millia,
1416 4692 1471 4738 et
1517 4684 1620 4738 alia
1677 4685 1856 4741 addita
1892 4695 2021 4743 sunt
2066 4687 2168 4742 tria

595 4772 784 4835 millia,
831 4789 957 4826 vere
1002 4782 1131 4835 tunc
1176 4774 1276 4830 fuit
1326 4791 1551 4831 cernere
1602 4778 1859 4847 p0pulum
1910 4778 1962 4832 iu
2000 4779 2167 4834 semel

593 4876 779 4918 natum
804 4881 1056 4923 sermone
1090 4871 1202 4933 Dei,
1236 4880 1290 4925 et
1321 4882 1540 4942 repente
1572 4875 1833 4941 sterilem,
1871 4875 2169 4944 parturien-

592 4964 735 5021 tem,
782 4956 848 5011 ad
887 4972 1050 5026 quam
1094 4959 1292 5020 dicitur
1325 4962 1345 4993 ³
1378 4981 1391 5017 :
1428 4961 1635 5027 Ltetare
1682 4966 1877 5025 sterilis
1914 4980 2031 5035 qua:
2063 4981 2165 5018 non

586 5052 755 5117 paris,
784 5065 993 5119 erumpe
1017 5060 1064 5104 et
1088 5053 1261 5117 clama
1287 5068 1404 5123 quae
1427 5070 1527 5107 non
1558 5056 1813 5124 parturis,
1837 5057 1960 5124 quia
1986 5054 2159 5121 plures

586 5136 691 5206 ﬁlii
746 5140 964 5194 deserta:
1008 5143 1177 5211 magis
1219 5159 1377 5212 quam
1420 5144 1532 5214 ejus
1594 5161 1711 5215 qua:
1756 5145 1907 5199 liabet
1966 5147 2156 5201 virum.

587 5226 809 5282 Deserta
838 5227 1075 5284 Ecclesia
1107 5245 1137 5284 a
1162 5230 1296 5301 lege,
1333 5232 1542 5287 deserta
1579 5248 1608 5286 a
1649 5232 1755 5287 Deo
1780 5242 1914 5288 erat.
1943 5233 2159 5289 Habens

590 5328 773 5403 autem
813 5321 985 5375 virum
1024 5320 1304 5394 Synagoga
1341 5324 1533 5396 legem,
1583 5326 1816 5381 habebat
1862 5336 1918 5381 et
1962 5326 2153 5385 Deum.

595 5434 854 5571 "regem
890 5453 966 5504 τι,
998 5439 1051 5507 2,
1079 5440 1131 5495 5.
1207 5442 1253 5474 ⁸⁸
1285 5440 1441 5497 Joan.
1472 5460 1525 5510 ν,
1558 5442 1645 5499 46.
1723 5445 1769 5478 ⁵⁸
1808 5444 2006 5501 Jercm.
2037 5463 2114 5512 χι,
2145 5449 2198 5502 4.

787 5623 1376 5705 ζιζηδᾳμῷςηξιςςοὶιιιι,
1396 5631 1756 5705 Hieronymus
1788 5637 2028 5693 Μωῦσεῖ.

667 5691 774 5770 (2)-
787 5693 894 5746 Kal
922 5691 1077 5815 τηιάςξ
1099 5691 1389 5779 ἐξῄῖναγεν
1416 5706 1448 5755 o’
1473 5693 1615 5770 Θεὸς
1634 5705 1701 5758 ἐκ
1722 5705 1831 5773 τῆς
1847 5691 2165 5775 Αἰγύπτου,

600 5761 677 5816 ἐκ
704 5777 807 5816 της
837 5779 948 5816 καί(
978 5783 1085 5816 νου
1118 5786 1225 5816 τηρ
1252 5770 1517 5816 σιδηηῆρ-
1551 5773 1670 5816 "non
1696 5778 1873 5816 ηιιιὶιιίι
1912 5778 2165 5816 "inrtnn’-

669 5780 677 5813 ε
704 5777 807 5826 της
837 5770 1085 5841 καμίνου
1118 5770 1225 5837 τῆς
1252 5770 1518 5841 σιδηρᾶς.
1551 5773 1670 5831 "me
1696 5770 1878 5831 omisit
1912 5770 2169 5846 l'lict'ulty;

2270 4671 2665 4755 ἐπιδεδήμηκεν
2687 4685 2716 4736 6
2748 4683 2958 4756 Σωτὴρ,
2988 4683 3082 4736 καὶ
3118 4682 3440 4736 ἐπίστευσαν
3465 4687 3522 4738 ἐν
3548 4689 3644 4759 μιᾷ
3667 4688 3849 4761 ἡμέρᾳ

2269 4774 2502 4848 χιλιάδες
2535 4774 2714 4839 πέντε,
2743 4774 2837 4828 καὶ
2867 4773 3272 4849 προσετέθησαν
3299 4774 3432 4847 ἄλλῃ
3461 4777 3646 4850 ήμὲρᾳ.
3671 4779 3845 4849 χιλιά-

2266 4868 2354 4931 δες
2378 4869 2544 4939 τρεῖς.
2578 4866 2689 4920 Καὶ
2716 4866 2862 4919 ἐστιν
2900 4865 3025 4919 ἰδεῖν
3056 4865 3175 4918 ὅλον
3207 4865 3334 4919 λαὸν
3360 4868 3672 4938 τικτόμενον
3702 4869 3842 4937 λόγῳ

2268 4959 2423 5021 Θεοῦ,
2467 4959 2559 5013 καὶ
2590 4958 2802 5029 ἁθρόως
2844 4957 3135 5010 τίκτουσαν
3164 4957 3261 5029 τὴν
3303 4958 3540 5029 στείραν,
3570 4961 3668 5028 τὴν
3707 4958 3842 5029 πρό-

2267 5066 2420 5123 τερον
2454 5050 2515 5103 ού
2553 5048 2838 5113 τεκοῦσαν,
2873 5047 3008 5119 πρὸς
3053 5047 3119 5117 ἣν
3148 5047 3391 5117 λέγεται·
3428 5044 3804 5115 Εὐφράνθητι
3825 5089 3840 5111 ,

2266 5144 2473 5212 στείρα
2503 5144 2540 5211 ἡ
2574 5146 2645 5197 οὐ
2688 5143 3006 5196 τίκτουσα·
3029 5139 3227 5209 ῥῆξον
3260 5139 3359 5193 καὶ
3383 5139 3626 5205 βόησον
3656 5141 3694 5208 η
3727 5142 3839 5194 οὐκ

2264 5236 2584 5301 ὠδίνουσα,
2616 5236 2706 5289 ὅτι
2743 5236 2943 5289 πολλὰ
2972 5234 3045 5287 τὰ
3075 5231 3254 5287 τέκνα
3288 5231 3399 5299 τῆς
3435 5229 3656 5300 ἐρήμου
3683 5232 3840 5302 μᾶλ-
3873 5279 3877 5282 .

2263 5332 2378 5384 λον
2401 5329 2438 5397 ἢ
2464 5327 2574 5397 τῆς
2588 5329 2854 5398 ἐχούσης
2869 5328 2975 5381 τὸν
2993 5324 3198 5393 ἄνδρα.
3229 5325 3364 5396 Ἕρη
3374 5341 3469 5394 μος
3487 5322 3625 5396 αὕτη
3648 5326 3836 5397 νόμου,

2317 5448 2332 5479 ¹
2373 5445 2570 5501 Jerem.
2608 5463 2683 5511 xu,
2717 5450 2770 5502 4.
2885 5449 2904 5477 ²
2945 5440 3164 5499 Deuter.
3195 5457 3367 5507 χχχιι,
3400 5441 3490 5495 21.
3600 5443 3620 5474 ⁸
3660 5445 3834 5499 Gaiat.

2274 5652 2424 5774 mli?)
2469 5706 2549 5760 Οὐ
2594 5705 2759 5770 λαός.
2802 5704 2874 5756 Οὐ
2911 5701 3039 5757 illud
3075 5700 3128 5755 in
3169 5701 3496 5774 Hieronymo
3543 5715 3649 5756 non
3692 5714 3833 5756 com-

2275 5787 2441 5848 parci.
