4296 6288
286 243 387 302 355

1427 223 1494 280 ΙΝ
1525 216 1869 279 JEREMIAM
1906 215 2188 273 llOMlLlA
2230 214 2327 269 IX.

3413 206 3519 272 ιιι

285 359 474 431 ιρημος
515 352 657 423 αὕτη
695 348 828 405 Θεοῦ
858 344 947 423 ἦν.
980 349 1224 418 Ἕχουσα
1251 345 1307 399 δὲ
1337 344 1502 416 ἄνδρα
1532 343 1624 396 τὸν
1652 342 1835 413 νόμον,
1866 346 1913 402 Α
1939 337 1981 404 Q

1822 380 1835 404 ,
1866 346 1913 402 Α
1939 337 2077 404 Quid
2109 350 2240 406 ergo
2270 332 2552 404 pollicetur
2586 330 2771 386 Deus?
2798 328 2966 385 Eritis
2996 331 3124 386 mihi
3157 331 3211 385 in
3240 326 3518 402 populum,

290 449 450 516 ὶκεινη
472 448 504 515 ἡ
538 442 830 517 συναγωγὴ
852 441 1120 495 λέλεκται.
1144 438 1209 491 Tl
1230 433 1322 492 οὖν
1350 453 1439 507 μοι
1454 433 1843 504 ἐπαγγέλλεται

297 536 449 599 ὁΘεός
466 552 479 597 ς
496 533 756 588 Ἕσεσθέ
769 548 871 602 μοι
886 534 975 597 εὶς
992 529 1167 592 λαὸν,
1190 528 1350 597 κάγὼ
1367 526 1578 595 ἔσομαι
1598 524 1739 594 ὑμῖν
1758 526 1846 591 εἰς

307 627 442 681 Θεὸν.
461 612 577 679 Οὐκ
600 624 716 677 ἔστι
743 623 960 677 πάντων
989 621 1140 687 Θεὸς,
1165 619 1278 673 ἀλλ’
1299 619 1332 690 ἢ
1355 618 1576 672 ἐκείνων
1594 612 1676 680 οἷς
1700 615 1847 687 χαρί-

308 716 423 780 ζεται
447 713 644 767 ἑαυτόν
662 730 675 743 ·
705 713 893 784 ὥσπερ
922 712 1210 783 ἐχαρίσατο
1228 708 1417 762 ἑαυτὸν
1442 707 1520 778 τῷ
1536 707 1846 777 πατριάρχῃ

306 807 476 876 ἐκείνῳ,
524 801 569 874 ᾧ
600 801 783 858 εἶπεν·
826 804 965 875 Ἐγὼ
1008 803 1153 870 Θεὸς
1181 802 1321 868 σός·
1354 802 1449 854 καὶ
1481 799 1639 853 πάλιν
1665 797 1808 865 ἄλλῳ
1828 814 1840 827 ·

311 893 418 964 Ἐγὼ
438 896 669 964 ἔσομαί
691 911 808 949 σου
835 894 978 959 Θεός
997 910 1011 923 ⁸
1039 892 1135 961 καὶ
1168 892 1295 963 περὶ
1327 891 1525 963 ἑτέρων
1551 907 1564 920 ’
1594 891 1848 958 Ἕσομαι

284 985 461 1039 αὐτῶν
507 986 676 1052 Θεὸς.
715 985 851 1038 Πότε
879 979 971 1038 οὖν
1004 980 1112 1055 ἆρα
1145 984 1306 1054 ἡμεῖς
1336 980 1786 1050 ὲπιτυγχάνομεν,
1819 978 1848 1031 ὃ

241 1083 245 1086 ’
280 1076 387 1131 καθ’
410 1077 652 1131 ἕκαστον
677 1076 838 1144 λέγω,
872 1078 952 1139 εις
978 1076 1039 1128 τὸ
1066 1076 1155 1128 τὸν
1184 1073 1315 1127 Θεὸν
1340 1068 1481 1125 εἶναι
1509 1070 1664 1141 ήμῶν
1685 1070 1844 1135 Θεόν;

278 1171 333 1222 ει
358 1168 413 1222 δὲ
437 1168 626 1232 θέλεις
655 1168 844 1239 μαθεῖν
869 1168 1030 1221 τίνων
1072 1167 1218 1219 ἐστὶν
1246 1167 1274 1218 ὁ
1304 1163 1465 1226 Θεὸς,
1499 1164 1593 1216 nul.
1623 1164 1726 1216 τίνι
1752 1178 1851 1231 χα-

277 1257 485 1331 ρίζεται
550 1260 645 1332 τὴν
690 1260 881 1315 ἑαυτοῦ
915 1258 1234 1328 ἐπίκλησιν·
1274 1255 1444 1326 Ἐγὼ,
1490 1256 1654 1327 φησὶ,
1707 1253 1850 1320 Θεὸς

287 1351 560 1422 Ἀϐραὰμ,
604 1352 746 1419 Θεὸς
792 1350 1021 1415 Ἰσαὰκ,
1058 1348 1202 1414 Θεὸς
1233 1347 1455 1402 Ἰακώϐ.
1490 1348 1599 1401 Καὶ
1631 1345 1848 1418 διηγού-

276 1459 432 1513 μενος
466 1445 538 1499 τὸ
556 1443 799 1499 τοιοῦτον
827 1443 855 1494 ὁ
885 1442 1077 1511 Σωτήρ
1106 1455 1290 1511 φησιν·
1330 1440 1391 1492 '0
1417 1438 1560 1503 Θεὸς
1580 1440 1691 1492 οὐκ
1718 1439 1849 1492 ἔστι

1945 438 1994 482 et
2024 442 2115 496 ego
2157 443 2244 479 ero
2275 423 2417 478 vobis
2448 424 2502 476 in
2547 421 2734 476 Deum.
2783 421 2900 476 Non
2934 430 3019 477 est
3055 423 3301 477 omnium
3330 414 3515 491 Deus,

1947 518 2041 572 sed
2083 530 2272 570 eorum
2323 522 2530 567 tantum
2587 512 2785 582 quibus
2831 526 2890 565 se
2934 511 3160 581 largitus
3199 524 3319 574 est,
3378 527 3516 581 quo-

1946 607 2108 662 modo
2157 605 2478 676 patriarchae
2525 603 2600 658 illi
2638 601 2706 656 ad
2751 618 2913 672 quem
2963 603 3100 656 dixit
3129 601 3152 634 '*
3194 619 3209 657 :
3248 602 3359 673 Ego
3400 620 3518 658 sum

1948 699 2087 753 Deus
2133 707 2290 761 tuus;
2329 705 2384 749 et
2426 709 2642 748 rursum
2685 693 2777 746 alii
2824 711 2836 745 :
2889 691 2999 761 Ego
3049 691 3188 745 Deus
3238 707 3326 745 ero
3378 691 3518 746 Deus

1950 798 2109 853 tuus;
2158 800 2369 841 necnon
2412 786 2478 838 de
2519 785 2687 839 aliis:
2725 782 2868 846 Ero,
2917 782 3092 851 inquit
3135 783 3196 849 ⁵,
3259 782 3397 836 Deos
3429 800 3519 836 eo-

1948 897 2089 934 rum.
2149 877 2387 932 Putasne
2439 874 2733 944 aliquando
2788 874 3208 943 consequimur,
3274 873 3325 927 id
3375 874 3520 941 quod

1947 986 2042 1040 per
2075 969 2320 1039 singulos
2368 966 2510 1029 dico,
2553 974 2613 1019 ut
2653 965 2795 1019 Deus
2842 964 3085 1018 omnium
3118 965 3209 1018 ﬂat
3244 962 3387 1018 Deus
3419 978 3522 1018 no-

1951 1061 2096 1116 ster?
2120 1058 2175 1114 Si
2200 1070 2378 1113 autem
2415 1058 2495 1112 vis
2524 1057 2735 1127 plenius
2759 1057 2968 1111 discere
2990 1070 3223 1125 quorum
3258 1056 3330 1108 sit
3357 1054 3523 1122 Deus,

1950 1160 2003 1207 et
2033 1151 2231 1221 quibus
2262 1148 2582 1203 vocabulum
2626 1148 2711 1202 sui
2755 1147 2997 1201 nominis
3040 1145 3342 1214 largiatur:
3374 1143 3519 1214 Ego,

1950 1242 2130 1311 inquit
2159 1242 2181 1273 ⁸
2204 1281 2219 1306 ,
2264 1239 2401 1292 Deus
2443 1238 2745 1304 Abraham,
2791 1249 2838 1291 et
2881 1236 3023 1289 Deus
3059 1235 3252 1299 Isaac,
3302 1243 3351 1288 et
3382 1233 3525 1290 Deus

1948 1330 2148 1396 Iacob;
2183 1332 2343 1401 idque
2375 1331 2552 1399 ipsum
2588 1343 2865 1398 exponens
2890 1327 3139 1381 Salvator
3169 1326 3245 1379 ait
3274 1326 3295 1357 '
3334 1342 3348 1380 :
3381 1324 3525 1380 Deus

1950 1436 2124 1481 autem
2180 1440 2281 1478 non
2335 1434 2409 1477 est
2446 1432 2798 1484 mortuorum,
2844 1419 2933 1473 sed
2979 1419 3232 1472 rivorum.
3273 1415 3407 1483 Quis
3441 1424 3525 1471 est

270 1509 525 1603 νεκρῶν,
559 1535 722 1589 ἀλλὰ
755 1531 1004 1594 ζώντων.
1028 1509 1132 1594 -Τίς
1225 1529 1445 1601 νεκρός;
1506 1527 1564 1580 Ὀ
1591 1528 1851 1598 ἁμαρτω·
1951 1536 1966 1573 ι

1829 1555 1851 1565 -
1951 1515 2238 1573 mortuus?
2289 1513 2483 1584 Utique
2523 1522 2807 1585 peccator,
2855 1511 2946 1580 qui
2986 1525 3094 1564 non
3137 1509 3299 1565 habet
3340 1509 3525 1563 dicen—

269 1601 382 1689 λὸς,
414 1628 444 1679 ὁ
497 1626 573 1697 μὴ
604 1626 742 1696 ἔχων
781 1624 871 1678 τὸν
902 1623 1148 1678 εἰπόντα’
1209 1621 1354 1692 Ἐγώ
1392 1623 1508 1689 ειμι
1557 1620 1596 1685 ἠ
1632 1618 1772 1688 ζωή·
1822 1619 1851 1670 ὁ
1882 1688 1919 1697 _
1954 1619 1965 1664 l

1827 1619 1919 1697 ὁ⁸
1954 1619 2058 1664 ιειιι
2111 1625 2124 1660 :
2171 1605 2331 1675 180
2374 1604 2483 1675 Ego
2535 1622 2652 1658 sum
2702 1605 2807 1657 vita
2848 1602 2892 1667 ⁸,
2954 1602 3045 1672 qui
3105 1601 3266 1655 habet
3309 1609 3523 1655 mortua

268 1714 407 1785 ἔχων
432 1688 609 1790 νεὸςέὰ
633 1688 797 1788 ἔργα,
839 1716 1061 1787 μηδέπω
1106 1688 1438 1786 μετανοήσας
1477 1710 1584 1765 ἀπὸ
1612 1711 1720 1763 τῶν
1766 1729 1850 1763 νε-
1882 1688 1924 1743 Β
1951 1716 1964 1752 ί

1827 1741 1850 1751 -
1882 1688 1924 1743 Β
1951 1715 2149 1770 Opera,
2195 1697 2287 1766 qui
2328 1697 2556 1751 necdum
2600 1693 2969 1764 pmnitcnliam
3012 1693 3118 1762 egit
3161 1691 3230 1745 ab
3267 1691 3523 1759 cperihus

268 1781 418 1876 atpth
450 1781 648 1878 ἔργων,
668 1781 795 1878 ιπερὶ
815 1781 1076 1878 (τιν-φησιν
1167 1781 1486 1868 Ἀπόστολος
1504 1822 1516 1834 ·
1541 1802 1637 1870 Μὴ
1665 1801 1851 1855 πάλιν
1950 1810 1964 1847 ι

1830 1818 1851 1845 ν-
1950 1791 2181 1847 mortuis
2220 1809 2233 1844 :
2266 1788 2333 1841 de
2359 1803 2468 1856 quo
2488 1786 2778 1855 Apostolus
2808 1784 2925 1838 ait‘
2947 1801 2974 1836 ς
3011 1781 3134 1835 Non
3167 1797 3375 1835 rursum
3403 1781 3526 1849 fun-

265 1871 553 1964 θὲμέλιὲλῷ·
590 1871 1095 1965 καταδαλλόρενοι
1131 1895 1449 1966 μετανοίας
1479 1892 1597 1946 ἀπὸ
1625 1889 1853 1958 νεκρῶν
1951 1901 1961 1934 ι

1826 1907 1853 1940 ν·
1951 1884 2258 1935 damentum
2287 1877 2534 1945 iacientes
2559 1875 2871 1943 poenitentia:
2902 1872 2964 1924 ab
2996 1871 3236 1940 operibus
3281 1873 3522 1925 mortuis.

262 1961 491 2055 ἔργων.
531 1989 593 2039 Εἰ
618 1987 792 2039 τοίνυν
821 1988 849 2038 ὁ
874 1961 1003 2049 Θεὸς
1029 1961 1273 2038 οὐκνέστι
1300 1982 1508 2053 νεκρῶν
1539 1981 1692 2046 Θεὸς,
1718 1978 1854 2032 ἀλλὰ

1834 1978 1854 2031 ι
1958 1969 2015 2024 Si
2040 1982 2171 2039 ergo
2199 1967 2341 2021 Deus
2369 1982 2475 2019 non
2507 1976 2588 2018 est
2617 1963 2758 2017 Deus
2799 1971 3160 2049 mortuorlum,
3208 1961 3302 2015 sed
3348 1963 3530 2016 viven-

256 2049 524 2139 {th-vtw‘l,
575 2076 667 2127 καὶ
701 2075 921 2145 οἴδαμεν
960 2076 1045 2137 τίς
1090 2075 1235 2126 ἐστιν
1274 2075 1302 2126 ὁ
1335 2049 1478 2136 (diu,
1512 2072 1594 2124 ὅτι
1629 2071 1659 2122 ὁ
1707 2069 1858 2121 πολι-

1833 2097 1858 2107 -
1957 2058 2115 2120 tium,
2145 2063 2198 2108 et
2221 2054 2423 2108 scimus
2451 2066 2572 2106 esse
2607 2051 2873 2103 viventem
2899 2064 3022 2102 eum
3049 2049 3143 2117 qui
3175 2058 3529 2102 conversatur

259 2163 573 2233 τευόμενος
609 2163 748 2216 κατὰ
780 2163 1030 2233 Χριστὸν,
1065 2163 1158 2216 καὶ⁸
1209 2162 1384 2231 μένων
1429 2161 1543 2231 μετ’
1573 2159 1738 2213 αὐτοῦ
1757 2174 1772 2190 ο
1799 2153 1851 2204 εἰ

1837 2153 1851 2204 ἱ
1960 2145 2014 2200 in
2043 2143 2290 2207 Christo,
2334 2151 2393 2195 ut
2422 2142 2512 2194 ﬁat
2547 2140 2815 2210 particeps
2851 2139 2991 2207 cjus,
3017 2145 3072 2192 et
3107 2137 3153 2191 si
3182 2137 3434 2191 volumus
3474 2145 3533 2192 ut

263 2230 586 2322 βουλὸμεθα
616 2254 702 2307 ἵνα
725 2230 882 2325 ήμῶν
969 2255 999 2307 ὸ
1025 2252 1178 2318 Θεὸς,
1201 2230 1597 2321 ἀποταξώμεθα
1623 2251 1737 2313 τοῖς
1764 2247 1857 2319 ερ-
1957 2266 1959 2278 ί

1834 2276 1857 2288 -
1957 2245 2011 2293 ει
2049 2236 2193 2290 Deus
2224 2242 2404 2289 noster
2441 2234 2532 2298 sit,
2578 2231 2951 2285 renuntiemus
2983 2230 3238 2300 operibus
3283 2230 3530 2295 mortuis,

265 2358 388 2411 γοις
427 2321 532 2412 τῆς
562 2321 1021 2414 νεκρότητοςξὶνα
1047 2341 1143 2413 τὴν
1164 2339 1495 2410 ἐπαγγελίαν
1527 2338 1690 2392 αὐτοῦ
1723 2338 1860 2408 πλη·
1960 2348 1961 2351 ‘

1836 2366 1860 2377 -
1960 2337 2020 2383 ut
2076 2325 2517 2396 pollicitationem
2576 2337 2731 2376 suam
2784 2322 2837 2374 in
2892 2321 3047 2377 nobis
3112 2321 3380 2391 compleat
3445 2321 3532 2374 di-

272 2409 433 2506 ρώσῃ
462 2409 558 2503 τὴν
583 2409 867 2502 λέγουσαψ
896 2433 1003 2488 Kal
1025 2409 1141 2501 crio
1166 2409 1381 2495 ἔσομαι
1407 2429 1550 2499 ὑμῖν
1573 2431 1660 2495 εὶς
1689 2427 1857 2492 Θεὸν,
1960 2438 1968 2470 ε

1841 2466 1857 2492 ,
1960 2433 2089 2474 cens
2122 2417 2207 2471 ‘°:
2245 2415 2315 2468 Et
2353 2430 2439 2467 ero
2478 2412 2621 2467 vobis
2670 2413 2724 2464 in
2777 2410 2971 2476 Deum,
3015 2420 3073 2465 ut
3111 2421 3343 2464 statuam
3376 2409 3534 2478 jura—

273 2521 442 2589 ὅπως
470 2521 677 2589 στήσω
712 2521 818 2577 τὸν
847 2523 1032 2591 ὅρκον
1056 2538 1198 2591 μου,
1240 2520 1314 2574 ὃν
1343 2518 1550 2590 ὤμοσα
1587 2518 1712 2582 τοῖς
1742 2529 1857 2569 ⁴ιτα--

275 2609 499 2676 τράσιν
533 2609 718 2680 ὑμῶν,
768 2610 873 2665 τοῦ
924 2609 1134 2664 δοῦναι
1176 2607 1379 2673 αὐτοῖς
1430 2606 1548 2677 γῆν
1588 2606 1862 2674 ,ῥέουσαν

278 2701 439 2772 γάλα
471 2703 567 2756 καὶ
593 2702 752 2772 μέλι.
789 2703 956 2772 Τήρει
1001 2695 1130 2770 γὰρ,
1167 2701 1249 2753 ὅτι
1290 2699 1470 2767 λέγει’
1504 2695 1717 2762 Στήσω
1755 2694 1862 2748 τὸν

263 2768 465 2861 ¹δρκον
489 2768 629 2864 μού,
664 2793 737 2848 ὃν
771 2768 977 2863 ὤμοσα
1014 2768 1146 2858 τοῖς
1188 2788 1489 2857 πατράσιν
1537 2786 1725 2857 ὑμῶν,
1753 2785 1862 2840 τοῦ

1838 2785 1862 2836 ῦ
1962 2778 2170 2843 uestris,
2205 2776 2333 2827 dare
2373 2772 2485 2826 illis
2531 2780 2725 2824 terram
2752 2770 3001 2838 ﬂuentem
3032 2769 3116 2821 lae
3152 2778 3200 2821 et
3246 2769 3366 2823 mel.
3410 2768 3534 2824 Haec

279 2858 506 2939 δοῦναι*
527 2858 731 2951 αὐτοῖς
759 2858 876 2954 Triv-
898 2883 1167 2952 ῥέουσαν
1204 2881 1356 2952 γάλα
1386 2879 1484 2933 καὶ
1521 2879 1689 2948 μέλι·
1723 2877 1860 2949 αὕτη
1963 2885 1975 2922 4

1836 2894 1860 2949 η
1963 2869 2107 2924 enim
2140 2881 2245 2920 non
2269 2873 2353 2918 est
2383 2873 2524 2917 terra
2560 2876 2722 2931 quam
2753 2860 3028 2929 pollicitus
3056 2867 3139 2914 est
3174 2858 3314 2914 Deus
3334 2899 3349 2925 ,
3394 2869 3532 2914 terra

281 2976 389 3046 γὰρ
420 2977 525 3031 οὐκ
549 2950 880 3047 ἐστινὴ-γῆ,
900 2950 984 3046 ⁷ἣν
1011 2950 1374 3045 ἐπηγγείλατο
1402 2973 1431 3024 ὁ
1467 2969 1599 3033 Θεὸς
1638 2969 1865 3040 ῥέουσαν
1897 3037 1931 3047 _
1966 2962 1977 3015 l

1837 2984 1865 3021 ν
1897 3037 1931 3047 _
1966 2959 2141 3015 ﬂuens
2169 2958 2251 3011 lac
2277 2966 2331 3011 et
2358 2954 2462 3008 mel
2494 2971 2506 3006 :
2548 2953 2640 3007 sed
2683 2952 2785 3006 ista
2826 2959 2906 3006 est
2934 2958 3076 3004 terra
3109 2950 3176 3004 de
3200 2967 3306 3021 qua
3341 2950 3533 3006 Salva-

281 3037 422 3135 τάλα
457 3068 550 3121 και
579 3066 721 3139 μέλι,
747 3037 865 3120 tu"
902 3037 1116 3136 ιὲςεινηζ
1133 3037 1265 3134 napi.
1291 3056 1359 3134 ἧς
1397 3037 1673 3114 ἐδίδασκέν
1700 3062 1729 3112 ὸ
1758 3060 1866 3112 Σω-
1890 3037 1934 3097 C
1966 3062 1977 3106 ι

1841 3085 1866 3105 μ
1890 3037 1934 3097 C
1966 3062 2052 3107 tor
2085 3050 2270 3105 docuit
2294 3048 2480 3103 dicens
2507 3047 2548 3078 ¹¹
2588 3064 2600 3098 :
2646 3044 2794 3098 Beati
2811 3045 2988 3107 mites,
3014 3043 3261 3112 quoniam
3286 3043 3389 3112 ipsi
3412 3059 3537 3114 pos-

283 3159 386 3230 τὴρ
417 3158 626 3227 λέγων·
662 3159 947 3229 Μακάριοι
966 3161 1020 3212 ol
1054 3155 1281 3225 πραεῖς,
1319 3151 1407 3206 ὅτι
1442 3149 1613 3204 αὐτοὶ
1650 3152 1865 3218 κληρο-
1970 3163 1979 3198 ι

769 3159 1020 3229 ιιάριοιοι
1054 3155 1281 3225 πραεῖς,
1319 3151 1407 3206 ὅτι
1442 3149 1613 3204 αὐτοὶ
1650 3152 1865 3218 κληρο-
1970 3141 2211 3199 sidebunt
2251 3150 2465 3194 terram.

284 3250 631 3319 νομήσουσι
661 3248 776 3319 τὴν
801 3248 933 3320 γῆν.

354 3305 492 3395 hirta
538 3340 675 3412 πρὸς
710 3305 779 3394 τὰ
809 3305 1180 3411 ἒπροειρημένα
1213 3337 1318 3391 ὑπὸ
1359 3336 1453 3391 τοῦ
1486 3335 1691 3408 Κυρίου
1729 3333 1864 3387 ἀπο·
2035 3321 2050 3373 έ

1841 3362 1864 3372 -
2035 3319 2089 3373 4.
2130 3315 2331 3371 Deinde
2359 3313 2425 3368 ad
2465 3313 2581 3366 hazc
2623 3323 2746 3380 qua:
2790 3307 3001 3362 dixerat
3045 3306 3222 3375 Deus,
3267 3305 3537 3378 Propheta

284 3430 532 3503 κρίνεται
650 3398 986 3503 ίΙροφήτης,
1015 3398 1151 3501 τέρὸς
1197 3429 1276 3482 τὸυ
1334 3398 1793 3496 Ἐπικατάρατος
1833 3427 1868 3478 ό
1967 3428 1980 3465 ι

1844 3427 1868 3478 τι
1967 3409 2280 3480 respondit,
2325 3406 2377 3460 id
2423 3413 2506 3459 est
2545 3404 2612 3458 ad
2660 3401 2714 3456 id
2766 3401 2910 3471 quod
2966 3401 3041 3455 ait
3094 3402 3136 3432 ¹¹
3172 3417 3186 3453 :
3224 3398 3540 3452 Maledictus

286 3489 630 3589 ἄνθρωπος,
695 3489 934 3585 ὅς’ὁὺέέ
961 3489 1286 3576 άκὸύοέται
1333 3518 1452 3572 τῶν
1506 3489 1703 3588 λόγων
1967 3503 1982 3557 Ῐ

1846 3536 1867 3581 :-
1967 3503 2119 3557 homo
2168 3500 2258 3570 qui
2306 3513 2409 3551 non
2438 3495 2664 3549 audierit
2709 3492 2862 3547 verba
2895 3490 3210 3545 Testamen.‘i
3258 3489 3413 3558 hujus
3442 3495 3542 3542 :et

286 3577 589 3679 Διαύήκης
617 3577 628 3586 ι
653 3577 905 3680 ταύτης·
972 3610 1066 3665 καὶ
1124 3610 1287 3683 φησι·
1349 3609 1461 3663 Kal
1520 3577 1865 3674 daexpwnr".
1970 3613 1982 3650 ε

1848 3577 1865 3664 ,
1970 3595 2101 3651 dicit
2132 3611 2147 3648 :
2183 3589 2248 3645 Et
2304 3588 2578 3659 respondi,
2620 3595 2669 3640 et
2699 3585 2814 3638 dixi
2849 3600 2868 3637 :
2913 3582 3075 3645 Fiat,
3117 3582 3358 3635 Domine.
3402 3577 3544 3645 Quid

291 3705 387 3757 καὶ
433 3671 607 3759 ira}
661 3671 926 3765 Γένοιτο,
977 3671 1196 3770 Κύριεί
1218 3700 1291 3754 τι·
1352 3698 1620 3764 Γένοιτο,
1658 3671 1868 3763 imple;
1970 3702 1987 3743 ε

1850 3709 1868 3759 ;
1970 3695 2053 3743 est
2096 3683 2242 3755 quod
2278 3682 2352 3735 ait
2384 3699 2396 3733 :
2437 3678 2586 3742 Fiat,
2635 3676 2851 3731 Domine
2874 3677 2900 3730 ἵ
2939 3672 3137 3744 Utique
3169 3672 3222 3724 id
3250 3671 3392 3739 quod
3421 3684 3546 3739 pro-

1961 2518 2191 2563 mentum
2236 2523 2403 2560 meum
2429 2546 2444 2572 ,
2490 2505 2627 2575 quod
2661 2504 2842 2572 juravi
2900 2502 3140 2571 patribus
3182 2501 3364 2554 vestris
3406 2501 3536 2554 dare

1958 2598 2068 2653 illis
2109 2608 2303 2651 terram
2348 2596 2596 2664 ﬂuentem
2628 2592 2713 2646 lac
2758 2603 2806 2644 et
2845 2590 2964 2646 mel.
3006 2591 3247 2645 Observa
3284 2589 3416 2659 quid
3448 2589 3537 2643 di-

1962 2699 2098 2745 cat:
2137 2686 2384 2742 Statuam
2431 2685 2831 2754 juramenlum,
2886 2682 3025 2752 quod
3067 2682 3251 2750 jnravi
3293 2681 3534 2750 patribus

305 3792 770 3862 Ἐπικατάρατος
809 3793 877 3861 ὃς
917 3795 1026 3848 οὐκ
1066 3792 1304 3861 ἐμμένει
1354 3790 1479 3857 τοῖς
1514 3791 1718 3857 λόγοις
1760 3785 1870 3855 τῆς

294 3885 592 3953 Διαθῴιης
611 3886 850 3953 ταύτης.
869 3887 977 3941 Καὶ
995 3879 1124 3937 εἶπε
1147 3884 1360 3950 Κύριος
1391 3882 1538 3950 πρὸς
1550 3879 1628 3950 μέ
1651 3897 1664 3910 ·
1714 3877 1871 3933 Ἀνά-

296 3980 474 4044 τνωθι
502 3975 645 4042 τοὺς
670 3977 891 4045 λόγους
916 3974 1167 4039 τούτους
1179 3975 1246 4029 ἐν
1266 3973 1519 4026 πόλεσιν
1546 3969 1750 4024 Ἰούδα.
1772 3967 1870 4020 καὶ

296 4065 520 4130 ἔξωθεν
558 4063 961 4134 Ἰερουσαλήμ.
998 4062 1107 4116 Καὶ
1148 4064 1260 4123 τοῖς
1300 4058 1405 4124 ἔξω
1433 4055 1872 4126 ἀναγινώσκομεν

300 4161 419 4224 τοὺς
445 4159 641 4228 λόγους
687 4157 781 4211 τοῦ
824 4154 983 4221 Θεοῦ,
1032 4152 1497 4225 προσκαλούμενοι
1548 4148 1743 4210 αὐτοὺς
1783 4147 1874 4199 ἐπὶ

304 4251 597 4324 σωτηρίαν,
629 4249 772 4315 τοὺς
803 4248 1024 4318 λόγους
1042 4242 1154 4314 τῆς
1174 4242 1465 4310 Διαθήκης
1496 4240 1745 4324 ταύτης·
1778 4234 1875 4324 καὶ

304 4322 595 4410 ποιήσατε
616 4337 860 4403 αὐτοὺς,
891 4335 990 4390 καὶ
1008 4336 1121 4388 οὐκ
1155 4332 1472 4398 ἐποίησαν.
1495 4326 1603 4382 Kal
1622 4322 1751 4379 εἷπε
1764 4323 1878 4377 Κύ-

302 4444 424 4496 ριος
434 4428 690 4498 ,πρὸςμέ
702 4425 926 4495 Εὐρέθη
938 4424 1279 4493 σύνδεσμος
1289 4421 1358 4475 ἐν
1367 4417 1660 4486 ἀνδράσιν
1676 4413 1876 4477 Ἰούδα,

307 4523 400 4576 καὶ
416 4524 492 4576 ἐν
510 4521 636 4586 τοῖς
649 4519 1030 4574 κατοικοῦσιν
1054 4511 1454 4583 Ἰερουσαλήμ.
1477 4507 1682 4565 Οὐκοῦν
1719 4523 1882 4561 σπου-

309 4610 557 4685 ὃὰσωμεν
592 4612 867 4683 μετανοεῖν
900 4610 990 4663 ἐπὶ
1031 4612 1142 4672 τοῖς
1186 4604 1494 4679 εἰρημένοις
1527 4601 1884 4672 ἁμαρτήμασι

314 4706 434 4775 περὶ
466 4702 676 4775 ἀνδρῶν
704 4702 893 4765 Ἰούδα,
920 4700 1138 4764 εἰδότες,
1154 4700 1233 4752 ὅτι
1264 4695 1430 4766 ἐσμὲν
1442 4696 1490 4746 οἱ
1507 4693 1696 4763 ἄνδρες
1711 4690 1882 4744 Ἰούδα

315 4792 395 4849 διὰ
417 4795 511 4850 τὸν
539 4792 772 4864 Χριστὸν
811 4790 979 4844 Ἰούδα
1006 4785 1449 4861 προφητευθέντα
1478 4783 1571 4837 καὶ
1598 4780 1875 4852 λεχθέντα·

323 4886 526 4954 μήποτε
554 4883 662 4954 γὰρ
689 4881 810 4934 ἐπεὶ
836 4882 893 4932 ὲν
925 4881 1054 4950 ἡμῖν
1086 4879 1220 4930 εἰσιν
1255 4872 1564 4947 ἁμαρτωλοί
1589 4888 1753 4931 τινες,
1786 4869 1881 4922 καὶ

322 4975 466 5052 lupa
497 4973 587 5027 τὸν
614 4971 773 5046 ὀρθὸν
799 4970 957 5038 λόγον
999 4967 1343 5044 πράττοντες,
1375 4963 1465 5016 διὰ
1493 4959 1648 5013 τοῦτο
1674 4959 1824 5027 λέγει
1854 4958 1883 5010 ὁ
1905 5006 1928 5038 ρ

323 5048 602 5136 Προφήτης
620 5080 633 5094 ο
656 5061 885 5131 Εὑρέθη
908 5057 1246 5125 σύνδεσμος
1262 5055 1331 5108 ἐν
1349 5050 1639 5119 ἀνδράσιν
1669 5048 1889 5120 Ἰούδας

326 5156 415 5209 καὶ
446 5157 517 5210 ὲν
545 5154 670 5221 τοῖς
710 5150 1095 5208 κατοικοῦσιν
1157 5140 1581 5214 Ἰερουσαλήμ·
1609 5142 1737 5196 ὅταν
1776 5140 1885 5210 γὰρ

326 5244 511 5319 εὑρεθῇ
542 5246 598 5300 ἐν
623 5262 734 5299 τισι
758 5245 853 5317 (ὡς
868 5237 1291 5314 χρηματίζουσιν
1318 5236 1367 5287 οἱ
1389 5232 1497 5286 ἀπὸ
1520 5235 1619 5310 τῆς
1660 5230 1887 5302 Ἐκκλη-

330 5335 500 5410 σὶας,)
534 5337 826 5407 σύνδεσμος
852 5332 1082 5395 ἀδικίας,
1114 5329 1208 5383 καὶ
1247 5324 1539 5395 σύνδεσμος
1566 5330 1674 5391 τῶν
1703 5326 1879 5397 ἁμαρ·

402 5540 421 5571 ⁸
457 5539 589 5595 Gen.
627 5554 755 5597 xvn.
792 5538 838 5589 Ι.
914 5535 934 5567 ⁸
974 5532 1142 5586 Exod.
1205 5545 1327 5583 uix
1363 5529 1414 5594 5,
1463 5538 1519 5605 4,
1601 5554 1620 5591 ο
1657 5538 1831 5608 Exod.
1870 5542 1953 5587 ιιι,
1985 5522 2042 5600 6.
2088 5516 2132 5598 .'
2171 5513 2302 5567 Luc.

422 5608 503 5644 ιη..
561 5624 610 5644 ν.
669 5609 695 5644 ι
749 5607 779 5644 ιι
879 5606 917 5637 ιι
962 5601 1148 5644 “nun-
1184 5600 1313 5644 v-1-
1392 5604 1431 5634 ι·
1480 5618 1494 5644 ι
1701 5635 1748 5644 -.
1810 5606 1845 5644 ς
1949 5592 1993 5626 ¹³
2034 5582 2246 5644 ιϋιιΙ-ῧο

1810 5606 1842 5626 ρ

879 5606 917 5637 ¹¹
962 5601 1149 5657 Matth.
1184 5615 1235 5666 ν,
1266 5600 1314 5654 ι.
1392 5604 1431 5634 ¹¹
1468 5600 1771 5707 ιὲΐεηιῗῄ,
1810 5606 1866 5664 5,

510 5652 521 5663 .
561 5624 635 5671 ιι,
666 5609 717 5669 ι,
748 5607 798 5661 5.

1972 3774 2245 3832 nuntiavit
2280 3771 2423 3826 Deus
2453 3788 2465 3824 :
2500 3767 2813 3822 Maledictus
2859 3766 3010 3817 homo
3042 3763 3132 3832 qui
3175 3776 3277 3813 non
3317 3759 3546 3814 audierit

1971 3867 2121 3921 verba
2174 3860 2485 3918 Testamenli
2527 3858 2704 3928 hujus.
2734 3854 2803 3908 Et
2847 3853 2982 3905 dixit
3021 3850 3275 3905 Dominus
3311 3850 3380 3903 ad
3414 3866 3493 3902 me
3525 3865 3545 3905 :

1972 3955 2105 4024 Lege
2144 3954 2297 4006 verba
2338 3951 2443 4004 ista
2484 3948 2541 4000 in
2586 3946 2790 4000 civitate
2818 3940 2984 4006 Juda,
3016 3949 3064 3994 et
3111 3949 3261 3994 extra
3291 3939 3547 3994 Hierusa-

1974 4045 2075 4098 lem
2105 4043 2178 4107 ".;
2218 4040 2379 4094 etiam
2424 4037 2510 4091 his
2544 4035 2638 4104 qui
2680 4032 2810 4087 loris
2849 4040 2976 4085 sunt
3007 4031 3237 4101 legimus
3268 4031 3428 4085 verba
3464 4029 3550 4083 di-

1977 4134 2122 4196 vina,
2160 4134 2516 4199 provocantes
2540 4139 2635 4178 eos
2667 4123 2733 4177 ad
2756 4121 3008 4178 salutem.
3047 4120 3212 4174 Verba
3229 4119 3549 4173 Testamenti

1977 4222 2156 4292 hujus,
2204 4229 2253 4274 et
2284 4218 2441 4289 facile
2484 4214 2600 4281 illa,
2639 4222 2688 4268 et
2729 4212 2868 4266 dixit
2897 4209 3154 4265 Dominus
3190 4209 3260 4262 ad
3293 4225 3372 4262 me
3398 4224 3417 4262 :
3452 4207 3550 4261 ln-

1981 4322 2131 4367 venta
2156 4318 2232 4364 est
2264 4306 2532 4377 colligatio
2558 4305 2612 4359 in
2637 4303 2761 4358 viris
2789 4299 2958 4367 Iuda,
2992 4311 3041 4355 et
3087 4301 3139 4353 in
3181 4297 3545 4353 habitantibus

1985 4403 2318 4460 Hierusalem
2361 4399 2425 4453 “.
2466 4397 2524 4454 Si
2571 4398 2974 4469 peccaverimus
3023 4408 3144 4458 nos,
3195 4392 3288 4462 qui
3332 4401 3550 4462 propter

1981 4497 2261 4555 Christum
2301 4491 2400 4548 viri
2437 4490 2574 4547 Iuda
2617 4504 2898 4555 vocamur,
2931 4495 2985 4542 et
3024 4485 3224 4539 inventi
3255 4483 3456 4537 fuerint
3493 4483 3548 4535 in

1984 4589 2140 4645 nobis
2197 4585 2324 4642 nodi
2368 4591 2736 4653 peccatorum,
2780 4586 2836 4634 et
2867 4578 2934 4632 de
2975 4575 3132 4630 nobis
3167 4569 3368 4629 dieitur
3403 4589 3418 4626 :
3452 4570 3548 4625 ln-

1984 4692 2133 4737 renta
2169 4687 2243 4733 est
2270 4676 2537 4746 colligatio
2576 4675 2629 4727 in
2658 4673 2784 4725 viris
2818 4667 2852 4721 J
2860 4668 2989 4732 uda,
3023 4666 3154 4720 etin
3191 4664 3550 4718 habitantibus

1987 4769 2343 4827 Hierusalem.
2374 4766 2510 4822 Cum
2542 4766 2595 4819 in
2631 4760 2870 4817 Ecclesia
2904 4757 2998 4813 Dei
3027 4757 3162 4812 tales
3200 4765 3325 4812 sunt
3357 4754 3409 4808 in
3432 4755 3553 4826 qui-

1989 4862 2092 4916 bus
2133 4857 2433 4928 reperiatur
2464 4855 2691 4922 laqueus
2729 4848 3053 4918 iniquitatis,
3088 4856 3141 4902 et
3170 4847 3386 4900 vincula
3429 4860 3553 4914 pcc‘

1992 4951 2128 5014 cati,
2160 4950 2213 5004 in
2256 4956 2466 5002 tantum
2513 4953 2573 4998 ut
2617 4943 2670 4996 id
2713 4942 2856 5010 quod
2895 4939 2962 4993 de
3008 4947 3290 5008 peccatore
3334 4936 3551 4997 dicitur,

1990 5042 2070 5097 eis
2115 5041 2293 5095 valeat
2317 5038 2650 5092 convenire:
2692 5029 2926 5084 Vinculis
2966 5038 3296 5096 jeccatorum
3338 5040 3555 5079 suorunt

1993 5143 2341 5200 unusquisque
2378 5124 2754 5192 constringitur
2797 5122 2861 5185 η,
2903 5129 3032 5174 tunc
3077 5119 3206 5172 dicit
3234 5114 3378 5168 Deus
3416 5130 3432 5167 :
3464 5111 3557 5166 ln-

1993 5231 2145 5279 venta
2175 5229 2252 5274 est
2285 5216 2552 5287 colligatio
2596 5215 2651 5268 in
2712 5214 2836 5268 viris
2880 5209 3044 5265 Iuda.
3089 5207 3287 5262 Verum
3321 5220 3428 5258 non
3473 5203 3557 5257 iu-

1997 5314 2242 5369 venietur
2282 5306 2551 5377 colligatio
2590 5306 2646 5358 in
2690 5305 2862 5358 nobis.
2902 5301 3185 5368 Quomodo
3235 5309 3413 5351 autem
3446 5307 3557 5347 non

2341 5528 2428 5574 xx,
2464 5512 2553 5577 38,
2628 5511 2649 5541 ⁸
2687 5508 2842 5563 Joan.
2880 5520 2952 5565 ιιι,
2981 5502 3102 5577 ἑδε-
3147 5499 3167 5531 ⁹
3190 5496 3373 5569 llebr.
3401 5509 3475 5564 τι,
3506 5494 3561 5552 1.

2326 5581 2368 5612 ¹⁵
2393 5570 2608 5635 ιιιιιιξν.
2686 5582 2727 5611 ¹⁸
2769 5577 2924 5630 Prov.
2956 5588 3007 5634 \',
3039 5570 3131 5625 ‘22.
