4296 6288
601 284 710 342 555

2062 290 2389 352 ORIGENIS

3768 319 3875 378 358

604 400 916 457 invenietur
957 399 1230 470 colligatio
1272 399 1327 454 in
1378 399 1569 464 nobis,
1614 401 1665 456 si
1717 414 1893 471 usque
1920 402 1991 458 ad
2038 403 2183 461 hanc
2206 407 2256 468 Α
2280 425 2300 459 ἰ

2174 421 2183 456 ε
2206 407 2256 468 Α
2280 407 2541 480 ’πημάτων
2570 410 2684 483 (ὡς
2710 412 2777 469 ἂν
2808 416 3123 489 ἐφαρμόσαι
3155 421 3248 475 ἐπὶ
3283 425 3377 478 τις
3419 426 3744 500 ἁμαρτωλῶ
3772 435 3836 492 τό
3854 438 3870 471 λ

606 491 801 549 horam
835 491 1105 562 coliigatio
1130 490 1184 544 in
1220 489 1548 559 quibusdam
1573 491 1698 546 est?
1726 489 1831 547 Sed
1872 492 2013 548 solve
2036 508 2190 549 0mm

604 585 873 641 vinculum
953 582 1251 664 iniquitatis
1283 623 1299 648 ,
1359 583 1585 639 dissolve
1654 583 1999 654 obligatione;
2075 586 2187 640 vio-

605 675 869 731 lentarum
917 673 1434 740 commutationum,
1491 690 1695 728 omnem
1750 677 2188 746 conseriptionem

603 767 840 837 iniquam
901 764 1124 834 dissipa.
1182 764 1394 836 Frange
1448 767 1798 821 esurientibus
1851 782 2039 836 panem
2100 776 2189 823 tu-

602 876 696 912 um
754 858 820 912 “.
901 855 1126 912 Inventa
1196 866 1281 912 est
1360 873 1490 929 ergo
1572 859 1845 930 colligatio
1920 860 1973 914 in
2054 862 2187 918 viris

600 948 760 1010 Juda,
793 948 846 1002 in
880 947 1253 1003 habitantibus
1286 947 1645 1003 Hierusalem.
1683 948 1932 1004 Conversi
1967 960 2092 1005 sunt
2112 953 2187 1006 ad

606 1041 762 1111 181
806 1040 1117 1109 iniquitates
1145 1049 1359 1108 patrum
1403 1055 1624 1093 suorum
1660 1041 1903 1109 priorum
1934 1043 1999 1097 ¹⁷,
2044 1044 2188 1098 Con-

605 1132 747 1187 versi
781 1142 908 1187 sunt
936 1133 1004 1187 ad
1039 1131 1378 1200 iniquitates.
1411 1129 1683 1197 Quorum?
1704 1130 1822 1186 Non
1856 1133 1936 1187 ait
1970 1133 2187 1203 simpli-

602 1225 760 1288 citer,
786 1235 1024 1294 patrum,
1068 1224 1163 1279 sed
1210 1238 1336 1278 cum
1378 1220 1770 1286 additamenta,
1819 1236 2034 1290 patrum
2064 1240 2189 1278 suo-

604 1334 725 1372 rum
756 1318 1012 1387 priorum.
1051 1316 1302 1371 Diximus
1326 1315 1442 1371 haec
1463 1316 1529 1371 de
1550 1315 1709 1370 nobis
1732 1314 1861 1379 dici,
1893 1325 1947 1371 et
1978 1316 2062 1371 bis
2091 1317 2186 1387 qui

604 1405 658 1459 in
691 1406 849 1460 nobis
881 1413 1010 1460 sunt
1035 1415 1371 1476 peccatores.
1396 1402 1690 1470 Quomodo
1714 1405 1877 1476 igitur
1908 1405 2003 1475 qui
2044 1406 2187 1460 inter

603 1512 705 1551 nos
730 1506 858 1551 sunt
885 1505 1220 1567 peccator-es,
1256 1498 1507 1553 conversi
1535 1497 1742 1551 suntad
1759 1497 2071 1566 iniquitates
2093 1513 2185 1567 pa—

605 1596 773 1655 trum,
801 1597 855 1644 et
879 1600 1095 1660 patrum
1133 1606 1356 1646 suorum
1399 1589 1686 1660 priorum?
1718 1589 1971 1658 Dupliees
2019 1589 2187 1643 habe-

604 1698 728 1737 mus
760 1695 961 1752 patres,
994 1692 1049 1737 et
1075 1699 1181 1737 una
1213 1683 1423 1753 species
1445 1690 1528 1737 est
1546 1682 1913 1751 pessimorum
1940 1689 2181 1750 patrum.

2289 501 2523 598 Σαραῖς
2661 503 2780 559 τῶν
2819 506 3038 565 ἑαυτοῦ
3070 512 3371 582 ἁμαρτιῶν
3405 517 3663 591 ἕκαστος
3694 530 3862 598 σφίγξ

2288 593 2528 662 γεταιο)
2576 592 2726 663 λέγει
2763 599 2792 650 ὁ
2823 598 2985 665 Θεόςο
3031 602 3261 673 eapse"
3284 606 3638 680 σύνδεσμος
3670 592 3876 672 Mt.

2280 680 2506 749 δράσιν
2569 684 2783 741 Ἰούδα.
2823 688 2982 742 Ἀλλά
3032 691 3105 762 μὴ
3162 693 3411 767 εὑρεθείη
3464 698 3764 773 σύνδεσμος
3815 706 3875 759 ἐν

2292 774 2607 870 quiving
2637 778 2694 831 δὲ
2725 780 2823 851 οὐχ
2862 780 3174 853 εὑρίσκεται
3212 785 3506 859 σύνδεσμος
3540 793 3602 846 ἐν
3636 798 3798 865 ἡμῖνὃ
3834 801 3866 870 ἢ

2292 867 2386 918 καὶ
2406 868 2483 937 (1)
2507 869 2665 941 μέχρι
2693 871 2787 925 τοῦ
2815 872 2972 944 δεῦρό
2997 877 3112 929 ἐστι
3140 877 3431 948 σύνδεσμος
3455 882 3512 935 ἐν
3534 890 3674 949 τισι;
3701 907 3720 938 ι
3750 867 3869 946 Aris

2283 954 2483 1009 πάντα
2509 957 2859 1028 σύνδεσμον
2891 961 3131 1028 ἀδικίας
3150 1001 3165 1027 ,
3210 962 3421 1018 διάλυε
3461 970 3871 1039 στραγγαλιὰς

2278 1047 2500 1111 ,ϐιαίων
2509 1051 3051 1121 συναλλαγμάτων,
3068 1054 3278 1110 πᾶσαν
3289 1072 3372 1110 συ
3378 1056 3649 1128 γηοαςρὴν
3660 1059 3871 1115 ἄδικον

2282 1136 2530 1194 διὰσπα.
2546 1141 2873 1211 Διάθρυπτε
2886 1145 3161 1200 πεινῶντι
3180 1146 3288 1200 τὸν
3301 1148 3482 1217 ἄρτον
3497 1166 3631 1207 σου.
3652 1152 3863 1223 Εὑρέθη

2278 1227 2377 1286 οὖν
2400 1233 2693 1306 σύνδεσμος
2708 1239 2765 1290 ὲν
2787 1238 3040 1311 ἀνδράσιν
3056 1240 3247 1303 Ἰούδα,
3271 1243 3365 1303 καὶ
3381 1244 3440 1295 ὲν
3458 1247 3569 1308 τοῖς
3593 1243 3869 1298 κατοικοῦ-

2286 1338 2370 1374 σιν
2384 1322 2754 1398 Ἰερουσαλήμ.
2785 1321 3279 1401 Ἑπεστράςρησαν
3297 1331 3373 1404 (2)
3405 1333 3504 1386 ἐπὶ
3521 1335 3870 1401 τὰςάδικιαο

2285 1413 2404 1466 τῶν
2425 1415 2696 1484 πατέρων
2720 1418 2921 1473 αὐτῶν
2944 1420 3062 1475 τῶν
3084 1422 3386 1492 προτέρων
3406 1442 3420 1455 ⁸
3447 1426 3867 1498 ἐπεστράφησαν

2278 1505 2377 1557 ἐπὶ
2403 1504 2503 1569 τὰς
2531 1506 2762 1571 ἀδικίας.
2801 1508 2974 1564 Τίνων
3005 1512 3153 1581 λέγει
3196 1512 3383 1578 ἅπλῶς
3410 1515 3530 1569 τῶν
3564 1517 3867 1586 autem;

2286 1596 2382 1660 Τίς
2407 1598 2441 1667 ἠ
2485 1597 2793 1670 προσθήκη,
2825 1600 3301 1672 ἐπεστράφησαν
3341 1604 3441 1659 ἐπὶ
3486 1606 3590 1672 τὰς
3631 1607 3870 1675 ἀδικίας

2284 1686 2403 1741 τῶν
2453 1687 2724 1758 πατέρων
2770 1692 2973 1746 αὐτῶν
3017 1692 3137 1748 τῶν
3183 1690 3483 1764 προτέρων
3499 1708 3519 1760 ;
3578 1692 3870 1769 Ἐλέγομεν

608 1774 886 1844 Siquidem
918 1782 1212 1844 antequam
1242 1774 1613 1839 crederemus,
1637 1772 1887 1827 diabolus
1907 1781 2063 1840 pater
2087 1787 2181 1826 no-
2214 1772 2256 1830 B
2283 1795 2304 1830 σι

2174 1799 2181 1812 ·
2214 1772 2256 1830 Β
2283 1777 2455 1832 ταῦτα
2484 1774 2740 1847 λέγεσθαι
2775 1782 2912 1853 πρὸς
2941 1784 3108 1853 ἡμᾶς,
3144 1785 3238 1837 καὶ
3276 1778 3403 1848 τοὺς
3434 1788 3492 1838 ὲν
3522 1786 3655 1856 ἡμῖν
3688 1789 3870 1859 ἀμαρ-

602 1876 718 1920 ster
748 1866 868 1931 fuit,
902 1874 962 1920 ut
990 1879 1173 1920 sermo
1199 1866 1546 1936 evangelicus
1575 1864 1830 1928 ostendit,
1861 1864 2050 1919 dicens
2078 1863 2123 1895 ¹⁸
2163 1873 2179 1916 'z

616 1955 717 2012 Vos
740 1960 805 2011 de
830 1966 979 2027 patre
1012 1955 1216 2011 Zabqu
1246 1958 1360 2010 uati
1382 1957 1528 2011 estis.
1570 1955 1706 2010 Cum
1731 1963 1911 2009 autem
1942 1953 2183 2008 credidi-

600 2066 751 2116 mus,
791 2050 919 2104 facti
955 2066 1148 2106 sumus
1181 2051 1274 2104 lilii
1307 2050 1420 2105 Dei.
1456 2048 1513 2103 Si
1542 2063 1674 2119 ergo
1701 2056 1828 2117 post
1851 2047 1967 2102 haec
1993 2061 2185 2116 pecca-

600 2143 873 2205 verimus,
916 2143 1291 2196 convertimur
1329 2141 1397 2195 ad
1444 2140 1768 2210 iniquitates
1810 2148 2025 2210 patrum
2073 2155 2184 2194 non

600 2234 938 2305 simpliciter,
972 2234 1066 2290 sed
1095 2243 1312 2303 patrum
1352 2233 1623 2303 priorum.
1674 2230 1759 2286 Ad
1802 2230 2183 2301 probationem

599 2338 781 2384 autem
841 2329 1011 2398 hujus
1062 2328 1176 2394 rei,
1210 2329 1340 2397 quia
1388 2328 1633 2398 duplices
1680 2327 1948 2383 habemus
1979 2337 2182 2398 patres,

601 2423 808 2477 utimur
833 2431 888 2476 et
916 2420 1084 2475 David
1115 2420 1451 2485 testimonio,
1486 2420 1540 2473 in
1569 2419 1990 2490 quadragesimo
2017 2433 2188 2489 quar-

601 2522 657 2567 to
685 2514 917 2582 psalmo,
944 2513 1024 2567 ita
1048 2512 1281 2568 dicentis
1312 2513 1355 2545 ¹⁹
1382 2529 1396 2565 :
1424 2512 1590 2576 Audi,
1617 2511 1755 2581 ﬁlia,
1783 2520 1832 2566 et
1861 2511 1996 2579 vide,
2030 2520 2081 2566 et
2094 2512 2188 2565 in-

600 2606 740 2660 rlina
782 2622 967 2660 aurem
993 2613 1159 2672 tuam,
1189 2616 1237 2659 et
1270 2604 1576 2659 obliviscere
1601 2604 1854 2675 populum
1900 2612 2048 2660 tuum
2072 2647 2088 2672 ,
2133 2614 2186 2661 et

597 2699 811 2753 domum
834 2699 1006 2767 patris
1040 2697 1140 2750 tui.
1167 2694 1335 2761 Quasi
1365 2704 1518 2765 pater
1549 2695 1754 2765 quippe
1787 2694 1952 2764 coepit
1978 2712 1992 2747 :
2018 2695 2183 2763 Audi,

604 2788 740 2859 filia.
767 2788 908 2859 Ergo
939 2787 1187 2857 duplices
1217 2787 1392 2841 noStri
1432 2795 1614 2855 patres
1644 2792 1793 2840 sunt.
1835 2783 1941 2840 Sed
1984 2785 2183 2840 oblivi-

603 2898 792 2948 scere,
829 2880 1027 2951 inquit,
1083 2878 1304 2933 domum
1364 2879 1534 2948 patris
1586 2878 1663 2933 tui
1705 2877 1926 2948 prioris.
1973 2876 2032 2933 Si
2079 2879 2185 2950 ἰδία

600 2985 691 3029 tur
736 2975 940 3029 oblitus
974 2973 1197 3028 domum
1244 2972 1416 3041 patris
1464 2973 1537 3026 tui
1584 2971 1785 3043 prioris
1823 2986 2019 3027 rursus
2067 2972 2187 3026 fue-

607 3067 686 3121 ris
719 3066 785 3120 ad
815 3075 1034 3135 peccata
1060 3078 1382 3128 conversus,
1411 3062 1648 3117 incidisti
1678 3063 1733 3116 in
1770 3062 1821 3116 id
1851 3062 1996 3132 quod
2036 3077 2183 3118 nunc

596 3158 800 3214 d'citur
847 3164 1155 3228 peccatum.
1188 3156 1439 3211 Conversi
1467 3162 1593 3208 sunt
1631 3154 1701 3206 ad
1729 3153 2036 3223 iniquitates
2081 3169 2181 3224 pa-
2207 3181 2256 3243 ο

598 3259 738 3304 trum
763 3265 979 3302 suorum
1001 3249 1258 3317 priorum.
1300 3246 1626 3300 Dicebamus
1665 3244 1869 3300 dudum
1913 3243 2180 3301 Zabulum

598 3352 809 3414 patrem
838 3351 1085 3396 nostrum
1133 3338 1324 3404 fuisse,
1358 3344 1654 3406 antequam
1700 3335 1845 3393 Deus
1887 3336 2067 3392 factus
2112 3338 2183 3393 sit

597 3444 771 3504 pater,
799 3433 847 3487 si
875 3442 1055 3487 tamen
1089 3446 1235 3486 nunc
1257 3446 1366 3485 non
1394 3429 1659 3483 habemus
1702 3427 1866 3482 etiam
1912 3427 2180 3485 Zabulum

598 3534 849 3596 patrem:
879 3522 1024 3593 quod
1060 3522 1222 3577 etiam
1252 3526 1316 3576 ile
1358 3519 1587 3575 Joannis
1631 3518 1863 3589 epistola
1914 3521 2182 3590 approba-

598 3630 743 3680 mus,
776 3614 828 3668 in
873 3629 981 3683 qua
1018 3612 1089 3666 ita
1121 3611 1379 3667 scribitur
1407 3609 1452 3641 '°
1503 3626 1517 3662 :
1558 3606 1742 3662 Omnis
1785 3608 1875 3677 qui
1910 3616 2181 3678 peccatum

597 3709 730 3779 facit
767 3722 833 3761 ex
866 3704 1070 3759 Zabulo
1113 3712 1269 3756 natus
1297 3711 1395 3755 est.
1432 3699 1620 3755 Toties
1653 3715 1716 3754 ex
1749 3698 1955 3754 Zabulo
1998 3699 2183 3754 nasci-

599 3818 745 3867 mur,
796 3800 1011 3870 quoties
1064 3810 1379 3867 peccamus.
1433 3792 1628 3849 Infelix
1673 3794 1777 3847 iste
1817 3792 1911 3861 qui
1965 3806 2180 3860 semper

596 3899 883 3963 generatur
916 3906 947 3945 a
978 3888 1204 3943 Zabulo.
1233 3885 1581 3954 Rursumque
1613 3883 1843 3937 multum
1872 3881 2062 3936 beatus
2085 3881 2180 3951 qui

598 3996 815 4050 semper
841 3998 904 4036 ex
944 3981 1054 4035 Deo
1090 3979 1356 4035 nascitur.
1393 3974 1579 4046 Neque
1620 3974 1765 4030 enim
1797 3974 1963 4029 semel
2001 3972 2177 4028 dicam

2284 1868 2562 1934 τάνοντας.
2588 1869 2713 1936 Πῶς
2740 1866 2833 1925 οὖν
2859 1872 2909 1925 οἱ
2930 1875 2989 1926 ὲν
3015 1873 3147 1944 ἡμῖν
3171 1874 3577 1945 ἁμαρτάνοντες
3596 1877 3868 1947 ἐπεστρά-

2285 1978 2464 2033 φησαν
2494 1962 2596 2016 οὐκ
2631 1963 2723 2016 ἐπὶ
2750 1962 2851 2027 τὰς
2885 1965 3097 2028 ἀδικίας
3138 1964 3245 2019 τῶν
3277 1965 3548 2037 πατέρων,
3588 1966 3725 2020 ἀλλὰ
3755 1967 3865 2022 τῶν

2284 2053 2538 2126 πατέρων
2567 2055 2677 2108 τῶν
2709 2056 3020 2128 προτέρων;
3054 2054 3282 2128 Μήποτε
3320 2054 3413 2112 οὗν
3444 2058 3607 2111 διττοί
3638 2061 3773 2113 εἰσιν
3812 2060 3864 2113 oi

2284 2145 2525 2216 πατέρες
2552 2145 2730 2217 ἡμῶν,
2766 2147 2861 2201 καὶ
2898 2147 3014 2201 ἐστι
3044 2149 3143 2219 μὲν
3174 2150 3233 2202 ὲν
3275 2151 3406 2221 ἡμῖν
3436 2148 3574 2213 εἶδος
3613 2150 3867 2222 πατέρων

2282 2235 2346 2290 τὸ
2365 2241 2547 2308 χεῖρον
2564 2255 2579 2268 ο
2607 2238 2735 2311 πρὶν
2752 2240 3042 2293 πιστεῦσαι
3067 2240 3197 2313 γὰρ,
3221 2243 3328 2295 υἱοὶ
3350 2237 3385 2312 ἦ
3394 2258 3510 2312 μεν,
3536 2241 3654 2313 φέρ’
3673 2243 3866 2306 εἰπεῖν,

2276 2328 2377 2387 τοῦ
2399 2331 2675 2395 διαϐόλου,
2704 2331 2799 2396 οὓς
2818 2333 3093 2386 δείκνυσιν
3122 2337 3150 2386 6
3173 2334 3327 2402 λόγος
3354 2337 3382 2388 6
3407 2334 3762 2403 εὐαγγελικὸς
3782 2332 3869 2388 λιδ-

2280 2439 2397 2492 γων
2412 2441 2426 2455 ·
2458 2424 2653 2494 Ὑμεῖς
2675 2425 2745 2478 ἐκ
2767 2425 2874 2479 τοῦ
2897 2425 3179 2479 διαϐόλου
3197 2418 3336 2480 ἐστέ
3354 2441 3368 2457 ·
3393 2428 3481 2480 ὅτε
3500 2427 3555 2480 δὲ
3572 2425 3867 2481 πεπιστεύι

2280 2532 2479 2587 καμεν,
2502 2516 2806 2587 γεγόναμεν
2821 2516 2927 2569 υἱοὶ
2947 2517 3103 2570 Θεοῦ.
3140 2517 3306 2570 Ἑπὰν
3328 2514 3419 2572 οὖν
3441 2520 3864 2591 ἁμαρτάνωμεν,

2286 2608 2689 2680 ὲπιστρέφομεν
2722 2609 2814 2660 ἐπὶ
2851 2607 2951 2672 τὰς
2988 2608 3200 2672 ἀδικίας
3238 2611 3340 2679 οὐχ
3374 2610 3709 2677 ἁπαξαπλῶς
3757 2608 3866 2663 τῶν

2285 2698 2558 2770 πατέρων,
2613 2698 2755 2753 ἀλλὰ
2787 2699 2897 2753 τῶν
2936 2701 3221 2773 προτέρων
3266 2701 3536 2773 πατέρων.
3570 2703 3666 2765 Εἰς
3703 2701 3762 2755 δὲ
3805 2699 3867 2755 τὸ

2286 2789 2658 2862 παραστῆσαι,
2700 2792 2782 2844 ὅτι
2810 2790 2978 2844 διττοὶ
3007 2791 3163 2862 ἡμῶν
3196 2793 3330 2845 εἰσιν
3360 2795 3407 2844 οἱ
3448 2792 3697 2863 πατέρες,
3735 2792 3867 2863 χρήι

2288 2898 2452 2954 σομαι
2498 2885 2682 2954 ῥητοῖς
2721 2884 2829 2937 ἀπὸ
2874 2883 2970 2937 τοῦ
3020 2884 3102 2954 μδ’
3131 2883 3367 2956 ψαλμοῦ,
3413 2883 3585 2945 οὕτως
3616 2883 3860 2953 ἔχουσινι

2291 2979 2603 3042 Ἄκουσον,
2629 2980 2900 3048 θύγατερ,
2920 2979 3017 3032 καὶ
3038 2979 3145 3042 ἴδε,
3163 2979 3259 3033 καὶ
3281 2978 3493 3032 κλῖνον
3507 2976 3572 3029 τὸ
3594 2972 3703 3041 οὖς
3722 2992 3859 3040 σου,

2284 3064 2384 3119 καὶ
2425 3064 2713 3118 ἐπιλάθου
2749 3063 2857 3118 τοῦ
2897 3065 3068 3119 οἴκου
3112 3064 3219 3126 τοῦ
3246 3063 3468 3134 πατρός
3497 3080 3632 3119 σου.
3667 3065 3855 3138 Πατὴρ

2280 3155 2430 3225 λέγει
2460 3154 2534 3225 (5)
2557 3170 2573 3185 ο
2601 3154 2923 3210 Ἑπιλάθου
2955 3150 3063 3210 τοῦ
3097 3155 3267 3209 οἴκου
3309 3154 3415 3209 τοῦ
3445 3156 3669 3222 πατρός
3714 3171 3851 3211 σου.

2292 3246 2383 3308 Ὠς
2411 3243 2520 3315 γὰρ
2565 3243 2745 3315 πατὴρ
2777 3244 2956 3313 λέγει’
2988 3245 3302 3309 Ἄκουσον,
3337 3245 3608 3313 θύγατερ.
3646 3246 3856 3300 Οὐκοῦν

2281 3335 2448 3389 διττοὶ
2468 3337 2518 3389 οἱ
2545 3334 2779 3405 πατέρες
2799 3334 2954 3405 ἡμῶν
2975 3335 3101 3388 εισι.
3122 3333 3285 3387 Ἀλλὰ
3310 3335 3565 3388 ἐπιλάθου
3586 3336 3680 3388 τοῦ
3707 3336 3854 3388 οἴκου

2281 3426 2375 3479 τοῦ
2405 3426 2610 3497 πατρός
2635 3441 2727 3479 σου
2748 3423 2842 3477 τοῦ
2871 3424 3155 3496 προτέρου.
3178 3424 3326 3489 Ἐὰν,
3350 3424 3736 3495 ἑπιλαθόμενός
3763 3441 3858 3480 σου

2280 3516 2375 3570 τοῦ
2417 3516 2568 3570 οἴκου
2606 3516 2701 3570 τοῦ
2748 3516 3050 3590 προτέρου,
3094 3517 3256 3571 πάλιν
3294 3517 3629 3590 ἐπιστρέψῃς
3673 3520 3764 3572 ἐπὶ
3789 3517 3860 3572 τὰ

2282 3609 2683 3680 ἁμαρτήματα,
2724 3608 2785 3661 οὐ
2823 3608 3130 3680 πεποίηκας
3163 3611 3233 3662 τὰ
3273 3608 3541 3678 λεγόμενα
3577 3608 3652 3680 (4)
3678 3607 3862 3664 ἐνθάδε

2286 3701 2502 3772 ἁμαρτή
2511 3717 2674 3771 ματαο
2705 3698 3212 3769 Ἐπεστράφησαν
3235 3700 3333 3753 ἐπὶ
3357 3699 3463 3766 τὰς
3486 3699 3722 3767 ἀδικίας
3746 3698 3865 3755 τῶν

2286 3792 2558 3861 πατέρων
2582 3792 2776 3846 αὐτῶν
2811 3793 2932 3847 τῶν
2963 3793 3284 3862 προτέρων.
3316 3790 3541 3861 Ἔλεγον
3559 3835 3573 3859 ,
3602 3794 3681 3847 ὅτι
3709 3793 3803 3848 καὶ
3835 3796 3864 3847 6

2280 3885 2529 3949 διάϐολος
2569 3885 2831 3958 πρότερον
2877 3881 2947 3958 ἦν
2997 3887 3152 3958 ἡμῶν
3204 3888 3420 3958 πατὴρ,
3462 3887 3590 3959 πρὶν
3641 3887 3866 3959 γένηται

2287 3977 2445 4049 ἡμῶν
2477 3981 2504 4032 ὁ
2531 3980 2663 4043 Θεὸς
2691 3981 2872 4052 πατήρ
2898 3997 2912 4013 ·
2943 3980 2998 4033 εῐ
3014 3996 3076 4049 γε
3093 3980 3186 4036 καὶ
3218 3982 3312 4036 νῦν
3343 3982 3442 4037 οὐκ
3483 3983 3626 4037 ἔστιν
3655 3981 3809 4054 ἡμῶν
3836 3985 3868 4039 6

593 4073 804 4142 justum
843 4087 913 4127 ex
941 4070 1050 4125 Deo
1081 4081 1293 4137 natum,
1319 4070 1410 4125 Sed
1449 4084 1541 4138 per
1565 4066 1778 4138 singula
1807 4066 2024 4121 virtutis
2050 4080 2180 4136 ope-

596 4182 659 4221 ra
690 4181 903 4236 semper
929 4166 1115 4235 justus
1156 4162 1403 4219 nascitur
1444 4177 1509 4216 ex
1565 4160 1694 4215 Deo.
1734 4158 1848 4215 Hoc
1899 4168 2077 4214 autem
2120 4167 2179 4213 ut

2292 4070 2537 4136 διάϐολος
2584 4073 2807 4145 πατήρο
2853 4075 2992 4144 ὅπερ
3037 4075 3460 4145 παραστήσομεν
3504 4074 3598 4126 καὶ
3631 4073 3739 4127 ἀπὸ
3770 4073 3868 4143 τῆς

2300 4156 2544 4221 Ἰωάννου
2577 4163 2868 4235 καθολικῆς
2895 4163 3233 4233 Ἐπιστολῆς,
3252 4166 3309 4217 ὲν
3397 4163 3723 4234 γέγραπται·
3743 4162 3870 4230 Πᾶς

596 4260 811 4330 plenius
841 4258 1010 4327 possit
1048 4256 1289 4327 probari,
1320 4254 1481 4310 etiam
1530 4253 1597 4308 de
1646 4251 1953 4307 Salvatoris
2002 4250 2176 4306 nostri
2289 4292 2292 4311 .

2168 4250 2176 4304 ί
2289 4263 2323 4316 ό
2354 4259 2540 4314 ποιῶν
2567 4257 2682 4325 τὴν
2715 4257 3008 4326 ἁμαρτίαν
3043 4255 3113 4307 ἐκ
3155 4254 3260 4307 τοῦ
3300 4253 3581 4307 διαϐόλου
3619 4254 3864 4323 γεγένη-

594 4348 913 4418 quotidiana
939 4347 1219 4401 nativitate
1245 4345 1526 4410 dicamus,
1571 4342 1778 4412 liquido
1817 4340 1871 4395 id
1914 4341 1969 4394 in
2011 4341 2176 4411 justis

2173 4377 2176 4391 ι
2289 4369 2406 4406 ται.
2446 4352 2511 4405 El
2549 4351 2656 4413 πᾶς
2691 4351 2720 4402 6
2757 4347 2925 4401 ποιῶν
2973 4345 3069 4414 τὴν
3119 4342 3395 4412 ἁμαρτίαν
3446 4345 3509 4395 ἐκ
3554 4343 3649 4395 τοῦ
3687 4342 3869 4396 διαϐό-

594 4440 906 4495 obtinentes
951 4429 1095 4506 quod
1141 4437 1193 4488 in
1242 4434 1473 4487 Domino
1504 4435 1874 4503 praecesserit.
1925 4431 2175 4490 Salvator
2286 4440 2290 4491 ἶ

2171 4452 2175 4465 '
2286 4440 2378 4493 λου
2413 4438 2704 4508 γεγένηται
2733 4438 2830 4507 (5),
2862 4434 3026 4487 οἱονεὶ
3056 4432 3384 4496 τοσαυτάκις
3413 4434 3476 4486 ἐκ
3498 4431 3593 4486 τοῦ
3622 4434 3867 4487 διαϐόλου

598 4543 782 4587 uoster
810 4528 1068 4601 splendor
1097 4534 1179 4580 est
1210 4523 1417 4595 gloriae,
1444 4524 1699 4592 splendor
1735 4532 1914 4578 autem
1944 4538 2051 4577 non
2084 4540 2164 4578 se-
2206 4527 2249 4580 D
2277 4546 2294 4598 γ

2153 4553 2164 4566 -
2206 4527 2249 4580 D
2277 4525 2643 4598 γεγενήμεθα,
2683 4526 2872 4588 ὁσάκις
2914 4518 3320 4594 ἁμαρτάνομεν.
3367 4519 3726 4593 Ταλαίπωρος
3760 4516 3849 4574 οὖν

597 4623 704 4676 mel
728 4622 988 4683 nascitur,
1013 4630 1066 4674 et
1089 4617 1342 4686 deinceps
1365 4612 1565 4668 desinit
1593 4613 1743 4669 nasci
1776 4631 1789 4667 :
1816 4612 2171 4683 quotiescun-
2277 4634 2293 4670 ι

2157 4643 2171 4654 -
2277 4611 2429 4681 οὗτός
2459 4619 2605 4670 ἐστιν
2634 4615 2693 4679 ὃς
2720 4615 2805 4669 ἀεὶ
2838 4613 3094 4683 γεννᾶται
3131 4613 3196 4666 ὲκ
3224 4610 3316 4665 τοῦ
3344 4610 3591 4666 διαϐόλου
3611 4628 3624 4642 °
3667 4609 3853 4682 ὥσπερ

594 4727 705 4782 que
728 4725 908 4769 ortum
936 4710 1099 4767 fuerit
1122 4711 1328 4773 lumen,
1357 4721 1421 4761 ex
1448 4718 1561 4777 quo
1584 4705 1842 4776 Splendor
1865 4705 2060 4772 oritur,
2088 4714 2172 4760 ιο·
2276 4725 2290 4761 ι

2155 4735 2172 4746 -
2276 4708 2440 4764 πάλιν
2482 4706 2750 4779 μακάριος
2775 4705 2805 4760 ό
2847 4704 2935 4759 ἀεὶ
2974 4702 3308 4776 γεννώμενος
3338 4703 3443 4758 ὑπὸ
3477 4703 3571 4758 τοῦ
3599 4701 3760 4758 Θεοῦο
3790 4702 3851 4754 οὐ

671 4875 714 4908 ³³
742 4873 828 4929 Isa
875 4889 1024 4941 mn,
1051 4873 1106 4939 6,
1138 4875 1191 4930 7.
1270 4877 1311 4909 ι’
1343 4875 1675 4957 Jer.xr,10.
1754 4874 1796 4906 ³⁸
1817 4872 1975 4930 Joan.
2013 4889 2147 4942 vni,
2183 4874 2271 4930 44.
2353 4876 2367 4905 ¹

1817 4872 1975 4930 Joan.
2013 4889 2147 4942 vni,
2183 4874 2271 4930 44.
2353 4875 2396 4907 ³³
2443 4872 2647 4929 Psalm.
2682 4887 2830 4937 xuv,
2868 4871 2957 4924 ll.
3032 4870 3079 4903 ²⁰
3111 4868 3131 4923 1
3160 4867 3318 4926 Joan.
3349 4885 3430 4936 ιιι,
3457 4869 3509 4923 8.

667 5015 855 5091 (υςΗ
878 5014 998 5069 καί.
1032 5014 1275 5091 Legebat
1309 5014 1692 5091 Hieronymus,
1719 5017 1768 5091 εζ
1790 5014 1906 5071 καί.

666 5084 744 5158 (2)
760 5084 1275 5170 Ἐπεστράφςᾱσαις,
1297 5095 1434 5170 etei
1459 5084 2054 5170 Hieronymiananquam
2066 5086 2168 5170 .hic

593 5155 811 5223 damus,
842 5155 1062 5226 reliqua?
1091 5157 1327 5211 humilia:
1351 5155 1744 5226 interpretatio,
1774 5157 1841 5212 ad
1873 5155 2034 5226 ﬁnem
2065 5155 2166 5210 ho-

594 5228 758 5283 milize
779 5242 937 5282 nonae
955 5224 1206 5295 Origenis
1236 5226 1287 5280 in
1315 5224 1513 5282 lsaiam
1537 5227 1589 5281 in
1618 5226 1828 5281 Merlini
1850 5225 2167 5295 exterisque

596 5297 781 5353 latinis
810 5294 1144 5352 editionibus
1172 5297 1426 5365 adjuncta
1466 5306 1568 5358 est,
1600 5298 1692 5353 ubi
1722 5297 2019 5367 legitimam
2042 5294 2165 5350 Ori-

630 5369 839 5422 enianae
869 5368 1041 5435 ipsius
1072 5368 1125 5421 in
1158 5367 1349 5421 Isaiam
1387 5368 1624 5423 homilize
1658 5366 2161 5437 interpretationem

594 5384 715 5489 Foco
740 5454 841 5489 suo
870 5438 1193 5489 deturbavit.
1222 5447 1275 5489 et
1300 5452 1398 5489 cur
1435 5439 1781 5489 intercideret
1810 5453 1990 5489 caussa
2035 5435 2158 5489 fuit.

616 5435 715 5491 nco
740 5454 841 5493 suo
870 5438 1194 5502 deturbavit,
1222 5447 1275 5491 et
1300 5452 1398 5490 cur
1435 5439 1781 5493 intercideret
1804 5435 1990 5492 causae
2035 5435 2158 5490 fuit.

596 5505 671 5561 Ea
705 5523 898 5577 nempe
926 5509 992 5562 ad
1022 5524 1220 5562 nonam
1248 5508 1300 5560 in
1332 5504 1624 5561 Jeremiam
1653 5508 1933 5561 homiliam
1961 5506 2164 5577 adjice-

596 5589 655 5629 re
678 5592 736 5631 se
761 5587 960 5645 putans
998 5578 1252 5632 incautus
1291 5586 1342 5630 et
1373 5592 1563 5644 parum
1599 5586 1838 5632 attentus
1884 5576 2161 5641 librarius,

596 5646 664 5717 ad
694 5661 891 5699 nonam
917 5648 969 5717 in
1000 5646 1190 5702 lsaiam
1236 5648 1512 5705 homiliam
1547 5648 1793 5703 attexuit.
1827 5647 2168 5717 Atquerhinc

594 5714 756 5766 etiam
785 5716 1050 5783 suspicari
1075 5732 1387 5786 possumus,
1417 5732 1604 5770 verum
1636 5733 1757 5773 esse
1787 5728 1842 5772 et
1870 5714 2166 5787 genuinum

2274 5014 2625 5073 homiliarum
2648 5014 2704 5069 in
2733 5012 3027 5070 Jeremiam
3056 5012 3514 5085 ordinem,‘q_uem
3546 5004 3842 5085 tenuimus.

2276 5087 2378 5147 Hic
2408 5087 2525 5157 ipse
2573 5100 2737 5154 porro
2769 5099 2925 5139 error
2956 5084 3233 5205 geminum
3287 5074 3627 5135 bibliothecae
3666 5074 3847 5146 Regia:

2268 5157 2514 5205 'mdicem
2552 5156 2857 5205 occunarit.
2890 5173 2908 5205 ι
2944 5152 2965 5204 l
2993 5168 3207 5205 umms.

2273 5152 2514 5214 'codicem
2552 5152 2857 5225 occuparit.
2890 5173 2908 5205 ›
2944 5152 3207 5207 Ηυετιιιε.

2272 5236 2278 5241 ’
2344 5247 2423 5318 (5)
2457 5244 2661 5318 Πατὴρ
2693 5244 2874 5316 λέγει·
2917 5242 3238 5318 Ἐπινζᾴλθου
3267 5238 3373 5294 τοῦ
3404 5237 3573 5291 οἷκον
3594 5235 3701 5289 τοῦ
3739 5251 3844 5290 aa-

2268 5312 2415 5387 τρός
2433 5332 2570 5372 σου.
2602 5312 2729 5371 Haec
2747 5312 2856 5370 non
2885 5315 3047 5369 vertit
3076 5312 3455 5381 Hieronymus.
3756 5364 3759 5367 λ

2341 5407 2417 5480 (4)
2442 5410 2525 5462 Οὐ
2553 5408 2887 5480 πεποίηκας
2914 5403 3328 5480 τὰὴλ-εγόμενα.
3378 5398 3613 5470 Legebat
3652 5394 3844 5453 Hiero-

2266 5473 2486 5551 nymus,
2513 5473 2805 5540 πέπτωκας
2837 5479 2917 5538 εἰς
2945 5474 3014 5527 τά
3047 5473 3335 5542 λεγόμενα.

2342 5571 2492 5642 (5)Ει
2518 5568 2637 5642 πᾶς
2667 5572 2700 5623 ό
2726 5566 2912 5642 παρειῶν
2941 5566 3055 5642 τὴν
3082 5563 3375 5642 ἁμαρτίαν
3397 5562 3465 5642 ex
3496 5559 3603 5614 τοῦ

2272 5629 2384 5696 λου
2401 5629 2743 5710 ’γεγένήταα
2771 5629 2898 5693 Haec
2925 5629 3131 5691 omissa
3158 5629 3288 5688 sunt
3314 5634 3369 5689 in
3401 5629 3844 5703 interpretatione

2276 5711 2714 5781 Hicronymiana.
