4296 6288
443 268 550 326 557

1630 260 1699 315 1N
1737 257 2084 315 JEREMIAM
2127 257 2416 314 il‘OMiLIA
2454 257 2522 312 Χ.

3601 266 3707 322 558

442 383 553 454 γὰρ
584 377 728 447 ἅπαξ
752 377 873 452 ἐρῶ
893 378 985 434 τὸν
1020 380 1228 436 δίκαιον
1261 379 1590 451 γεγενῆσθαι
1615 380 1720 435 ὑπὸ
1740 381 1839 435 τοῦ
1875 379 2034 443 Θεοῦ,
2067 430 2069 439 λ

2139 380 2242 434 ties
2264 377 2439 433 oritur
2461 386 2516 433 et
2541 376 2795 448 splendor
2824 378 2984 449 182
3008 379 3212 451 gloria.
3239 379 3490 440 Salvator
3521 395 3710 442 noster

449 473 566 530 ἀλλ’
594 471 683 525 ἀεὶ
708 469 1003 540 γεννᾶσθαι
1042 472 1166 525 καθ’
1192 471 1436 544 ἑκάστην
1468 472 1669 545 πρᾶξιν
1708 472 1938 544 ἀγαθὴν,
1973 475 2030 526 ἐν

459 560 501 640 ᾖ
534 565 694 634 γεννᾷ
718 561 805 615 τὸν
836 561 1046 617 δίκαιον
1072 564 1109 617 6
1137 563 1289 627 Θεός.
1333 563 1458 617 Ἐὰν
1498 561 1592 620 οῦν
1635 566 1911 636 ἐπιστήσω
1951 580 2032 617 σοι

466 658 565 712 Eni.
607 655 691 708 τοῦ
720 655 999 727 Σωτῆρος,
1044 657 1126 709 ὅτι
1165 656 1286 727 οὐχὶ
1327 656 1619 729 ἐγέννησεν
1652 644 1680 711 6
1718 657 1909 729 Πατὴρ
1939 656 2033 710 τὸν

478 749 612 808 Υὶὸν,
638 749 725 800 καὶ
752 747 1026 802 ἀπέλυσεν
1052 749 1215 803 αὐτὸν
1244 749 1273 801 6
1298 749 1486 822 Πατὴρ
1510 750 1619 803 ἀπὸ
1643 749 1740 820 τῆς
1766 746 2034 818 γενέσεως

477 837 640 901 αὐτοῦ,
675 837 789 891 ἀλλ’
818 838 910 892 ἀεὶ
937 841 1100 910 γεννᾷ
1126 840 1306 907 αὐτὸν,
1336 841 1670 912 παραστήσω
1700 840 1795 893 καὶ
1822 841 1913 893 ἐπὶ
1937 838 2032 895 τοῦ

472 929 659 983 δικαίου
692 930 1092 1001 παραπλήσιον.
1130 931 1355 1002 Ἴδωμεν
1387 930 1445 984 δὲ
1486 931 1569 994 τίς
1616 930 1773 1002 ἡμῶν
1816 932 1961 983 ἐστιν
2006 931 2035 982 6

463 1019 673 1092 Σωτήρ·
706 1021 1046 1092 ἀπαύγασμα
1066 1022 1221 1093 δόξης
1240 1038 1253 1053 ·
1290 1023 1350 1076 τὸ
1382 1021 1722 1090 ἀπαύγασμα
1748 1020 1849 1089 τῆς
1878 1019 2035 1091 δόξης

2131 469 2398 540 sapientia
2420 476 2509 524 est
2532 467 2647 524 Dei.
2679 467 2957 539 Sapientia
2997 485 3127 526 vero
3164 474 3419 542 splendor
3445 486 3529 533 est
3568 478 3710 534 lucis

2135 570 2368 616 aeternae.
2400 559 2457 614 Si
2486 559 2648 630 igitur
2673 558 2926 615 Salvator
2948 576 3164 632 semper
3189 568 3449 632 nascitur,
3470 580 3524 625 et
3549 570 3713 624 idcir-

2136 667 2201 707 co
2227 651 2356 706 dicit
2378 651 2421 683 ³³
2456 669 2470 705 :
2511 657 2649 705 Ante
2684 667 2862 706 omnes
2905 652 3062 706 colles
3087 667 3299 722 generat
3329 672 3435 721 me,
3478 675 3606 725 non,
3651 672 3711 715 ut

2138 743 2359 813 quidam
2384 743 2526 797 male
2552 743 2756 813 legunt.
2785 745 3066 813 generavit.
3099 744 3157 800 Si
3200 762 3415 816 semper
3448 764 3512 803 ex
3552 749 3713 807 Patre

2139 833 2384 887 nascitur
2418 833 2702 899 Dominus,
2739 835 2902 888 etiam
2939 844 2996 887 tu
3035 834 3090 888 in
3133 835 3547 891 similitudinem
3592 839 3712 907 ejus

2140 933 2348 979 tantum
2374 924 2681 994 adoptionis
2706 926 2958 994 spiritum
2988 926 3218 995 habens,
3247 943 3461 997 semper
3483 932 3711 1001 genera—

2136 1013 2214 1068 ris
2237 1029 2266 1067 a
2294 1013 2405 1067 Deo
2440 1029 2535 1083 per
2572 1016 2815 1085 singulos
2854 1016 3178 1082 intellectus,
3204 1035 3301 1089 per
3326 1022 3537 1091 singula
3577 1036 3710 1091 ope-

448 1112 567 1181 ούχὶ
595 1111 747 1179 ἅπαξ
776 1111 1130 1184 γεγέννηται,
1171 1112 1267 1166 xui.
1292 1112 1413 1184 οὐχὶ
1438 1113 1717 1182 γεννᾶται”
1750 1109 1887 1166 ἀλλὰ
1915 1110 2038 1164 ὅσον

2138 1116 2222 1170 ra,
2264 1116 2318 1161 et
2341 1106 2572 1162 eiiieeris
2609 1110 2754 1162 ﬁlius
2794 1109 2887 1164 Dei
2929 1110 2982 1164 in
3021 1111 3243 1175 Christo
3281 1112 3448 1179 Jesu,
3502 1116 3588 1170 cui
3628 1127 3713 1172 est

446 1203 563 1256 ἐστὶ
593 1204 673 1273 (Ι)
709 1202 772 1256 τὸ
816 1204 933 1273 φῶς
980 1206 1262 1276 ποιητικὸν
1305 1204 1401 1258 τοῦ
1441 1204 1911 1274 ἀπαυγάσματος,
1947 1202 2040 1256 ἐπὶ

2140 1198 2313 1268 gloria
2349 1207 2403 1253 et
2439 1200 2725 1269 imperium
2764 1202 2822 1255 in
2865 1204 3061 1258 sarcula
3087 1207 3436 1263 saeculorum.
3480 1207 3673 1261 Amen.

450 1293 708 1346 ⁴τοσοῦτον
737 1297 988 1362 γεννᾶται
1012 1296 1075 1349 τὸ
1105 1295 1447 1364 ἀπαύγασμα
1471 1294 1569 1365 τῆς
1601 1293 1757 1364 δόξης
1787 1291 1881 1345 τοῦ
1909 1291 2064 1346 Θεοῦ.
2105 1293 2163 1346 '0
2189 1292 2380 1366 Σωτὴρ
2408 1295 2564 1366 ἡμῶν
2602 1298 2763 1366 σοφία
2795 1300 2912 1353 ἐστὶ
2943 1299 3035 1353 τοῦ
3075 1302 3228 1357 Θεοῦ.
3265 1304 3420 1357 Ἔστι
3461 1304 3519 1357 δὲ
3553 1307 3586 1375 ἡ
3626 1320 3716 1358 σο-

453 1381 555 1449 φία
580 1382 918 1453 ἀπαύγασμα
944 1384 1119 1452 φωτὸς
1151 1384 1342 1437 ἀϊδίου.
1369 1383 1432 1435 Ei
1461 1377 1553 1437 οὖν
1583 1384 1612 1435 6
1639 1381 1828 1454 Σωτὴρ
1856 1383 1944 1435 ἀεὶ
1971 1385 2246 1452 γεννᾶται,
2284 1386 2377 1439 καὶ
2404 1385 2495 1439 διὰ
2527 1387 2685 1441 τοῦτο
2734 1388 2881 1458 λέγει
2902 1408 2916 1421 ⁸
2950 1392 3071 1460 Πρὸ
3099 1392 3167 1447 δὲ
3194 1395 3436 1449 πάντων
3466 1395 3714 1462 ﬂow-(7w

452 1470 642 1540 γεννᾷ
666 1490 763 1542 με,
790 1473 914 1544 οὐχὶ
944 1473 1020 1536 δὲ,
1050 1473 1163 1545 Πρὸ
1191 1473 1248 1526 δὲ
1272 1473 1487 1526 πάντων
1520 1472 1721 1543 βουνῶν
1751 1472 2073 1543 reri-51mins
2095 1463 2184 1545 με,
2215 1474 2373 1539 ἀλλὰ,
2404 1475 2518 1548 Πρὸ
2538 1476 2755 1531 πάντων
2780 1478 2983 1547 βουνῶν
3018 1483 3200 1551 γεννᾷ
3229 1502 3316 1555 με,
3351 1486 3446 1539 καὶ
3478 1487 3565 1541 ἀεὶ
3594 1506 3715 1556 γεν-

452 1566 619 1619 νᾶται
640 1566 669 1616 6
697 1566 887 1637 Σωτὴρ
918 1565 1024 1619 ὑπὸ
1055 1564 1147 1618 τοῦ
1174 1564 1417 1636 Πατρόςο
1448 1564 1619 1628 οὕτως
1647 1565 1743 1627 καὶ
1775 1565 1864 1629 σὺ,
1895 1565 1989 1618 ἐὰν
2014 1564 2146 1638 ἔχῃς
2175 1565 2237 1619 τὸ
2265 1567 2367 1638 τῆς
2392 1568 2665 1632 υἱοθεσίας
2712 1571 2930 1642 πνεῦμα
2949 1611 2964 1635 ,
3009 1575 3095 1627 ἀεὶ
3128 1578 3293 1647 γεννᾷ
3327 1593 3386 1630 σε
3415 1579 3473 1631 ὲν
3504 1579 3652 1651 αὐτῷ
3680 1583 3715 1637 6

450 1660 590 1723 Θεὸς
621 1660 743 1714 καθ’
772 1659 1002 1714 ἕκαστον
1031 1659 1210 1732 ἔργον,
1248 1658 1371 1713 καθ’
1395 1659 1622 1714 ἕκαστον
1646 1659 1936 1732 διανόημα,
1982 1660 2078 1714 καὶ
2111 1661 2450 1733 γεννώμενος
2468 1662 2649 1729 -οῦτως
2673 1664 2796 1738 γίνῃ
2834 1668 2922 1721 ἀεὶ
2968 1667 3306 1740 γεννώμενος
3340 1673 3456 1736 υίὸς
3482 1674 3615 1729 Θεοῦ
3649 1677 3711 1732 ὲν

450 1752 677 1824 Χριστῷ
719 1752 915 1824 Ἰησοῦ,
947 1746 991 1822 ᾧ
1022 1757 1169 1808 ἐστιν
1194 1756 1228 1826 ἡ
1253 1753 1380 1818 δόξα
1402 1753 1576 1809 καὶτὸ
1599 1755 1798 1826 κράτος
1825 1757 1903 1819 εἰς
1923 1757 2049 1819 τοὺς
2078 1756 2278 1821 αίῶνας
2313 1757 2422 1810 τῶν
2456 1757 2691 1814 αἰώνων.
2740 1762 2931 1833 Ἀμήν.

1058 1849 1368 1903 OMIAIA
1415 1852 1472 1904 I'.

1136 1981 1229 2043 Είς
1260 1980 1355 2034 τόδ

439 2101 767 2185 “We”
789 2119 915 2185 Im:
941 2104 1273 2185 mea}?
1314 2104 1654 2185 γνώσεμιειν
1691 2107 1854 2185 μέχρι
1887 2103 2027 2185 ,τρῖς

525 2168 836 2243 Συνάξατε
871 2168 1069 2225 πάντα
1102 2172 1174 2243 td
1205 2168 1396 2243 θηρίαΔ
1418 2168 1531 2227 τοῦ
1565 2168 1903 2243 ἀκοὸῦξόιαὶ
1932 2174 2036 2226 ἐλ-

528 2238 800 2293 θέτωσαν
826 2240 1186 2309 καταφαγεῖν
1213 2238 1421 2296 αὐτοῦ.

2736 1853 3019 1909 HOMILIA
3055 1856 3126 1911 Χ.

2511 1944 2701 2016 (Juxta
2731 1945 3113 2017 Hieronymum
3146 1947 3338 2021 VIII

2546 2035 2619 2090 De
2640 2051 2706 2089 eo
2728 2039 2873 2106 quod
2897 2039 3157 2106 scriptum
3179 2048 3263 2093 est
3290 2056 3304 2092 :

2140 2125 2340 2201 Notum
2368 2127 2455 2201 {ac
2470 2127 2597 2180 mihi
2617 2126 2858 2201 Domin_e,
2875 2139 2923 2182 et
2942 2145 3273 2198 cognoscam;
3301 2148 3471 2201 usque
3494 2133 3560 2186 ad
3582 2148 3715 2188 eum

2207 2197 2393 2335 quqq:
2416 2197 2469 2249 in
2509 2210 2617 2264 quo
2640 2198 2714 2252 ait
2742 2215 2757 2251 :
2787 2197 2905 2266 Ite,
2941 2197 3250 2268 congregem
3288 2197 3469 2257 omnes
3510 2201 3711 2258 bestius

1737 2381 1976 2445 Eodem
2028 2381 2407 2457 interprete.

525 2503 590 2556 Εί
622 2499 754 2555 Θεοῦ
786 2500 944 2569 λόγιά
969 2502 1116 2555 ἐστιν
1146 2502 1204 2555 ἐν
1239 2502 1407 2574 νόμῳ,
1442 2503 1538 2558 καὶ
1578 2504 1902 2575 προφήταις,
1934 2504 2039 2557 Εὑ-

451 2592 727 2664 αγγελίοις
756 2610 814 2646 τε
837 2592 932 2647 καὶ
963 2594 1302 2662 ἀποστόλοις,
1333 2594 1516 2666 δεήσει
1544 2594 1634 2648 τὸν
1658 2593 2036 2666 μαθητευόμε-

452 2701 548 2738 νον
579 2683 712 2738 Θεοῦ
739 2685 939 2751 λογίοις
977 2685 1293 2740 διδάσκαλον
1325 2686 1727 2758 ἐπιγράφεσθαι
1768 2687 1899 2740 Θεόν
1920 2704 1932 2717 ·
1975 2687 2035 2741 Ὀ

413 2762 419 2766 ’
454 2775 564 2847 γάρ
591 2774 889 2829 διδάσκων
916 2775 1229 2845 ἄνθρωπον
1266 2776 1512 2846 γνῶσιν,
1544 2779 1572 2830 ὁ
1596 2778 1728 2842 Θεός
1761 2780 1928 2843 ἐστιν,
1959 2778 2036 2844 ὡς

456 2868 551 2919 καὶ
582 2868 639 2919 ὲν
665 2867 929 2936 ψαλμοῖς
956 2868 1280 2940 γέγραπται.
1314 2869 1424 2922 Καὶ
1453 2870 1481 2922 6
1514 2870 1703 2940 Σωτὴρ
1733 2870 1791 2923 δὲ
1823 2888 2030 2942 μαρτυ-

455 2959 545 3028 pe!
578 2956 652 3027 μὴ
691 2956 797 3010 δεῖν
843 2958 1241 3028 ἐπιγράφεσθαί
1282 2977 1403 3014 τινα
1449 2959 1763 3014 διδάσκαλον
1804 2962 1897 3014 ἐπὶ
1928 2961 2029 3032 τῆς

2213 2505 2266 2557 i.
2312 2503 2369 2558 Si
2414 2503 2506 2558 Dei
2532 2504 2746 2576 eloquia
2771 2511 2900 2559 sunt
2922 2502 2977 2557 in
2998 2503 3119 2575 lege
3138 2512 3193 2559 et
3208 2504 3505 2575 prophetis.
3531 2504 3712 2559 Evan-

2135 2594 2289 2664 geliis
2309 2603 2360 2648 et
2385 2595 2668 2663 apostolis,
2694 2594 3248 2663 oportetdiscipulum
3279 2595 3371 2648 Dei
3400 2595 3712 2648 divinorum

2134 2696 2446 2736 sermonum
2498 2683 2818 2751 magistrum
2872 2681 3041 2736 Deum
3083 2686 3373 2739 ascribere.
3421 2684 3526 2748 Qui
3562 2686 3710 2739 enim

2133 2771 2276 2824 docet
2302 2771 2559 2825 hominem
2586 2774 2863 2827 scientiam
2901 2773 2966 2839 ”,
2997 2776 3294 2831 secundum
3331 2775 3700 2838 Psalmistam,

2135 2859 2279 2917 Deus
2318 2871 2419 2918 est.
2473 2863 2720 2919 Salvator
2763 2881 2982 2934 quoque
3023 2866 3269 2935 perhibet
3306 2866 3707 2933 testimonium,

2133 2952 2342 3007 nullum
2367 2955 2564 3009 debere
2593 2970 2757 3024 super
2791 2965 2965 3011 terras
3018 2957 3334 3025 magistrum
3377 2958 3716 3026 nuncupari,

451 3046 591 3116 γῆς,
625 3048 823 3115 λέγων·
865 3049 975 3104 Καὶ
1003 3051 1171 3120 ὑμεῖς
1195 3051 1281 3121 μὴ
1317 3052 1618 3120 καλέσητε
1656 3052 2031 3108 διδάσκαλον

2129 3037 2316 3095 dicens
2338 3055 2351 3091 :
2370 3040 2439 3094 Et
2467 3056 2554 3094 vos
2584 3040 2742 3094 nolite
2770 3057 2957 3097 vocare
2978 3044 3288 3115 magistrum
3308 3060 3466 3113 super
3490 3053 3711 3107 terram.

451 3139 551 3192 ἐπὶ
583 3138 691 3206 τῆς
726 3140 868 3210 γῆς·
910 3137 997 3207 εἷς
1033 3141 1142 3211 γάρ
1171 3143 1340 3196 ἐστιν
1382 3140 1549 3213 ὑμῶν
1575 3146 1609 3197 ὁ
1640 3143 2025 3213 διδάσκαιος,

452 3232 487 3281 ὀ
518 3227 722 3297 Πατὴρ
758 3232 791 3283 ό
836 3231 906 3283 ἐν
944 3230 1068 3297 τοῖς
1094 3232 1389 3300 οὐρανοῖς.
1422 3232 1671 3288 Διδάσκει
1718 3227 1873 3299 οὗτος
1906 3236 2026 3307 ἤτοι

2134 3128 2275 3184 L’nus
2306 3132 2494 3201 quippe
2538 3140 2612 3184 est
2653 3132 2903 3202 magister
2942 3141 3136 3199 vester,
3168 3133 3330 3187 Pater
3358 3134 3449 3203 qui
3484 3135 3539 3188 in
3568 3134 3716 3190 catis

2130 3229 2205 3275 est
2235 3220 2312 3287 “;
2344 3221 2503 3307 Pater
2541 3231 2721 3276 autem
2752 3223 2842 3292 qui
2887 3233 2969 3278 est
3001 3223 3055 3277 in
3085 3225 3265 3289 caelis,
3295 3225 3506 3280 erudiet
3534 3226 3719 3281 homi-

454 3315 576 3372 καθ’
612 3320 793 3383 αὐτὸν,
824 3320 857 3392 ἢ
884 3320 969 3374 διὰ
998 3320 1091 3374 τοῦ
1121 3321 1379 3393 Χριστοῦ,
1413 3323 1447 3394 ἢ
1476 3326 1533 3378 ὲν
1563 3324 1702 3395 ἁγίῳ
1729 3326 2023 3398 Πνεύματι,
2056 3318 2069 3369 ⁴

2131 3333 2228 3374 nes
2254 3318 2370 3372 sive
2396 3334 2493 3388 per
2521 3334 2600 3383 se,
2628 3320 2742 3374 sive
2765 3335 2861 3389 per
2883 3318 3106 3383 Filium,
3157 3318 3270 3373 sive
3309 3334 3400 3388 per
3438 3317 3709 3390 Spititum

450 3407 490 3479 ἢ
519 3407 609 3462 διά
638 3409 873 3472 Παύλου,
901 3410 1228 3483 φέρέἱπεϊν,
1264 3412 1296 3483 ἢ
1321 3412 1409 3466 διὰ
1440 3413 1671 3487 Πέτρου,
1707 3415 1738 3488 ἢ
1771 3415 1859 3469 διά
1884 3432 2029 3481 τινος

450 3498 562 3554 τῶν
588 3499 760 3555 ἄλλων
791 3501 990 3569 ἁγίων·
1038 3503 1195 3572 μόνον
1227 3502 1361 3556 Θεοῦ
1395 3504 1609 3576 πνεῦμα
1642 3505 1737 3559 καὶ
1768 3506 1903 3560 Θεοῦ
1940 3505 2029 3559 λό-

452 3606 549 3660 γος
581 3592 934 3665 ὲπιδημείτω,
972 3593 1065 3645 καὶ
1100 3593 1414 3647 διδασκέτω.
1453 3594 1638 3649 Ταῦτά
1678 3613 1768 3667 μοι
1806 3597 1942 3666 πρὸς
1974 3596 2028 3651 τί

453 3681 704 3754 cfp-qut;
761 3684 1088 3757 Ἐπειδήπερ
1112 3687 1277 3757 φησιν
1308 3687 1336 3739 6
1366 3689 1650 3759 προφήτης
1669 3705 1687 3719 ο
1719 3688 2030 3758 Γνώρισόν

444 3791 571 3846 μοι,
605 3775 799 3839 Κύριε,
843 3776 941 3831 καὶ
982 3778 1308 3847 ’βιώσομαιο
1357 3779 1417 3831 οὐ
1447 3779 1554 3851 γὰρ
1591 3778 1890 3851 γνώσομαι,
1935 3780 2028 3835 ἐὰν

453 3865 533 3935 μὴ
570 3865 633 3918 σύ
665 3883 753 3935 μοι
797 3867 1090 3941 γνωρίσῃς.
1136 3868 1263 3922 Ἐὰν
1294 3869 1351 3923 δὲ
1379 3870 1734 3943 γνωρίζοντός
1776 3889 1867 3925 σου
1903 3872 2027 3943 ἐμοὶ

449 3952 588 4021 γνῶ,
615 3954 735 4007 τότε
764 3955 964 4028 ὅψομαι
991 3956 1058 4010 τὰ
1082 3957 1481 4029 ἐπιτηδεύματα
1509 3959 1708 4024 αὐτῶν,
1734 3961 1827 4014 καὶ
1850 3963 2031 4032 νοήσω

448 4044 480 4098 ὃ
536 4046 765 4111 ἕκαστος
815 4050 1065 4121 πράττει,
1115 4048 1211 4102 καὶ
1260 4049 1418 4112 ποίας
1470 4050 1586 4102 ἐστὶ
1635 4054 2024 4124 προαιρέσεως.

448 4136 640 4190 Ταῦτα
667 4138 696 4190 6
724 4139 1039 4209 Προφήτης.
1081 4140 1145 4192 Εἰ
1184 4139 1240 4192 δὲ
1271 4141 1301 4192 6
1329 4138 1520 4210 Σωτὴρ
1559 4140 1617 4191 ὲν
1645 4140 1722 4209 τῷ
1744 4141 2025 4213 Προφήτῃ.

451 4225 652 4296 ἴδωμεν
680 4225 804 4282 τίνα
828 4229 974 4298 λέγει
988 4246 1001 4261 ⁸
1023 4231 1262 4301 Ἐ’γὼὼς
1276 4230 1724 4299 ἀρνίονᾶκακον
1736 4232 2031 4301 ἀγόμενον

449 4318 558 4373 δοῦ
582 4319 846 4384 θύεσθαι,
869 4325 979 4377 οὐκ
994 4322 1204 4393 ἔγνων.
1236 4324 1353 4376 Ἐπ’
1374 4321 1476 4392 ἐμὲ
1495 4323 1851 4392 ἐλογίσθη-το
1868 4327 2031 4394 λογι-

448 4405 611 4475 σμὸν
624 4410 923 4478 λέγον-τεςν
943 4412 1138 4477 Δεῦτε,
1152 4411 1249 4465 καὶ
1268 4411 1613 4483 ἐμϐάλωμεν
1628 4412 1910 4480 ξύλονεὶς
1923 4413 2031 4469 τὸν

451 4495 638 4562 ἄρτον
650 4499 857 4564 αὑτοῦ,
877 4500 973 4554 καὶ
1003 4501 1372 4571 smptu-er
1385 4502 1572 4556 αὐτὸν
1608 4503 1726 4557 ἀπὸ
1760 4502 1871 4574 τῆς
1895 4501 2031 4563 (dm-

450 4604 589 4642 των-
612 4590 795 4643 καὶτὸ
818 4588 1194 4662 Μομααὺτοῦ
1210 4596 1282 4648 οὺ
1298 4593 1383 4663 μὴ
1396 4593 1645 4665 μνησθῇ
1660 4595 1769 4650 ἔτι.
1794 4595 1882 4659 Ὦς
1896 4613 2029 4668 φησι

448 4680 543 4731 καὶ
576 4681 609 4732 6
645 4650 934 4753 προφήτης
970 4677 1212 4749 Ἡσαΐας,
1250 4650 1482 4757 Χριστὸς
1505 4650 1587 4750 ’ὥς
1613 4650 2026 4758 ’πρόϐατόνιέπὶ
2060 4650 2103 4704 D

452 4771 665 4841 σφαγὴν
698 4772 861 4844 ἤχθη,
899 4774 993 4827 καὶ
1025 4774 1100 4838 ὡς
1126 4775 1296 4846 ἀμνὸς
1335 4776 1576 4830 ἐναντίον
1616 4776 1710 4829 τοῦ
1741 4777 2027 4850 κείραντος

450 4856 683 4928 ἄφωνος,
713 4862 882 4926 οὕτως
905 4864 1004 4916 οῦκ
1036 4865 1237 4935 ἀνοίγει
1258 4866 1319 4920 τὸ
1342 4867 1518 4938 στόμα
1540 4868 1723 4922 αὐτοῦ.
1749 4869 1901 4922 Ἔκεῖ
1927 4869 2029 4941 μὲν

449 4942 543 5000 οὖν
570 4949 697 5021 περὶ
723 4950 895 5005 αὑτοῦ·
923 4950 1158 5018 ’Ἡσαΐας
1184 4955 1348 5024 λέγει,
1406 4957 1639 5011 ἐνταῦθα
1660 4959 1719 5012 δὲ
1736 4961 1766 5012 6
1792 4960 2026 5030 Χριστὸς

451 5039 582 5109 περὶ
617 5040 803 5099 αὐτοῦ.
859 5043 1019 5113 Ἐγὼ,
1058 5047 1241 5116 φησιν,
1272 5047 1351 5112 ὡς
1389 5049 1599 5115 ἀρνίον
1649 5050 1876 5106 ἄκακον
1922 5052 2022 5106 ἐπὶ

447 5132 697 5201 σφαγὴν
731 5135 1025 5205 ἀγόμενον
1053 5136 1159 5191 τοῦ
1190 5139 1479 5195 θύσεσθαι
1509 5144 1621 5198 οὐκ
1662 5145 1871 5215 ἔγνων.
1908 5147 2024 5201 Οὐκ

448 5217 574 5275 εἶπε
617 5223 671 5276 τί
726 5227 827 5279 οὐκ
874 5226 1033 5296 ἔγνω.
1085 5228 1158 5282 Oi)
1216 5229 1325 5302 γὰρ
1376 5233 1626 5304 εἴρηκεν
1690 5236 1805 5291 Οὐκ
1850 5237 2022 5308 ἔγνων

450 5316 617 5370 κακά.
649 5317 999 5392 Οὐκοεῖρηκεν
1015 5338 1029 5351 °
1055 5323 1171 5375 Οὐκ
1188 5322 1358 5392 ἔγνων
1384 5324 1580 5393 ἀγαθά.
1605 5326 1745 5382 Οὔτε
1762 5330 1985 5403 είρηκεν
2005 5347 2018 5360 ·

525 5456 568 5526 ξ¹
597 5453 756 5510 Prov.
788 5473 905 5526 vm,
934 5458 1026 5515 25.

452 5523 501 5556 ’⁸
528 5524 632 5579 Isa.
669 5541 785 5593 un,
823 5526 882 5581 7.

2132 3417 2402 3475 sanctum;
2430 3418 2482 3463 et
2509 3416 2566 3463 ut
2594 3409 2658 3462 ad
2688 3409 2897 3463 minora
2924 3410 3225 3471 veniamus,
3249 3410 3428 3465 ει,όί
3451 3426 3545 3479 ρξε’
3567 3410 3714 3466 Pau-

2128 3499 2262 3563 lum,
2293 3514 2383 3568 per
2406 3497 2650 3563 Petrum,
2677 3514 2771 3569 per
2803 3500 2970 3555 alium
3014 3503 3310 3570 quemlibet
3342 3500 3655 3556 sanctorum
3688 3517 3714 3554 ε
3778 3564 3785 3569 ,

2131 3599 2338 3645 tantum
2383 3589 2475 3644 Dei
2534 3591 2795 3660 spiritus,
2845 3602 2897 3646 et
2947 3591 3040 3647 Dei
3087 3609 3265 3647 sermo
3301 3593 3594 3646 descendat
3650 3599 3711 3646 et

2128 3682 2340 3737 doceat.
2377 3679 2487 3737 Cur
2516 3682 2630 3737 hate
2655 3682 3212 3739 diximus?Videlicet
3237 3683 3363 3752 quia
3388 3681 3658 3747 Propheta
3688 3697 3712 3734 :.

2131 3771 2332 3827 Notum
2359 3772 2446 3842 fac
2471 3772 2620 3838 mihi,
2648 3774 2744 3839 ait,
2775 3773 3015 3839 Domine,
3052 3782 3102 3827 et
3144 3786 3474 3842 cognoscant.
3516 3767 3713 3839 Neque

2128 3865 2270 3921 enim
2300 3865 2441 3919 scire
2466 3880 2710 3935 possum,
2736 3866 2839 3921 nisi
2865 3875 2919 3920 tu
2947 3865 3080 3918 mihi
3114 3863 3456 3918 revelaveris.
3487 3861 3581 3917 Sin
3606 3877 3708 3917 au-

2130 3965 2265 4022 tem,
2299 3958 2708 4011 demonstrante
2756 3966 2830 4022 te,
2864 3964 3051 4024 potero
3081 3969 3244 4008 nosse
3296 3955 3438 4023 quod
3486 3956 3713 4019 nescio,

2128 4058 2260 4103 tunc
2292 4047 2484 4100 videbo
2508 4047 2870 4115 cogitationes
2892 4044 3253 4114 singulorum,
3278 4056 3333 4100 et
3376 4062 3713 4115 cognoscam

2129 4141 2257 4212 quid
2286 4140 2666 4209 unusquisque
2693 4146 2845 4207 gerat
2867 4145 2921 4191 et
2960 4138 3114 4205 cujus
3140 4138 3211 4193 sit
3242 4140 3555 4192 voluntatis.
3582 4138 3715 4192 "me

2129 4232 2420 4301 Propheta.
2452 4228 2658 4283 Deinde
2682 4229 2961 4282 videamus
2999 4227 3127 4296 quid
3173 4225 3420 4287 Salvator
3464 4228 3715 4295 loquitur

2130 4321 2184 4375 in
2209 4321 2476 4390 Propheta
2501 4321 2545 4352 ’⁵
2573 4338 2587 4373 :
2628 4318 2736 4389 Ego
2762 4327 2819 4371 ut
2846 4334 3010 4388 agnus
3038 4319 3281 4371 innocens
3303 4318 3492 4371 ductus
3514 4317 3583 4370 ad
3604 4317 3707 4370 im-

2130 4412 2457 4477 molandum,
2500 4422 2549 4466 et
2575 4410 2897 4465 nesciebam.
2919 4409 3208 4464 Adversum
3234 4426 3313 4463 me
3339 4396 3706 4479 cogitaverunt

2129 4504 2409 4560 consilium
2434 4505 2661 4559 dicentes
2688 4520 2707 4558 :
2741 4502 2938 4571 Venite,
2978 4505 3257 4559 mittamus
3286 4502 3484 4572 lignum
3513 4503 3567 4555 in
3605 4517 3707 4569 pa-

2132 4612 2247 4650 nem
2274 4595 2409 4664 ejus,
2439 4604 2489 4649 et
2526 4603 2856 4649 conteremus
2890 4610 3006 4647 eum
3041 4611 3074 4647 a
3107 4605 3249 4647 terra
3285 4592 3605 4655 viventium,
3653 4598 3710 4644 et

2133 4700 2316 4738 nomen
2339 4684 2454 4751 ejus
2481 4699 2583 4736 non
2622 4682 3004 4736 memorabitur
3024 4680 3270 4750 amplius.
3298 4678 3464 4733 Isaias
3484 4693 3713 4748 quoque

2133 4777 2277 4846 quod
2305 4775 2555 4831 Christus
2584 4786 2643 4829 ut
2663 4775 2780 4829 ovis
2806 4775 2870 4828 ad
2899 4773 3175 4828 victimam
3204 4773 3400 4828 ductus
3430 4772 3586 4843 183
3609 4773 3701 4841 sit,

2133 4875 2186 4922 et
2210 4876 2271 4921 ut
2302 4882 2474 4937 agnus
2509 4881 2693 4921 coram
2739 4864 2992 4919 tondente
3018 4880 3077 4919 se
3116 4865 3233 4920 sine
3279 4880 3432 4930 voce,
3477 4866 3558 4919 sic
3593 4879 3705 4918 non

2134 4959 2346 5030 aperuit
2371 4973 2434 5013 os
2460 4974 2642 5013 suum.
2680 4957 3009 5013 Pronuntiari
3038 4967 3093 5013 et.
3123 4957 3194 5012 ibi
3242 4957 3460 5027 quidem
3506 4956 3596 5010 ille.
3636 4956 3705 5009 de

2130 5054 2387 5121 Christo,
2432 5054 2523 5109 hic
2565 5069 2705 5109 vero.
2732 5054 2797 5108 de
2825 5069 2883 5109 se
2926 5054 3041 5124 ipse
3075 5053 3326 5110 Christus
3366 5071 3380 5108 :
3434 5053 3573 5121 Ego.
3616 5050 3701 5103 in-
3736 5105 3747 5117 ,

2129 5150 2246 5219 quit
2272 5149 2338 5214 “,
2364 5157 2425 5202 ut
2447 5163 2613 5218 agnus
2641 5146 2886 5200 innocens
2913 5147 3102 5201 ductus
3130 5147 3200 5201 ad
3239 5144 3622 5200 immolandum
3651 5152 3701 5195 rt

2130 5237 2443 5293 nesciebam.
2476 5235 2584 5291 Nec
2598 5236 2751 5289 addit
2777 5251 2897 5304 quae
2919 5251 3025 5290 non
3050 5235 3380 5306 cognoverit.
3410 5231 3527 5286 Non
3556 5232 3706 5285 enim

2129 5328 2264 5384 dixit
2292 5346 2306 5382 :
2333 5327 2452 5382 Non
2478 5327 2704 5397 cognovi
2741 5327 2916 5393 mala,
2956 5342 3063 5380 non
3106 5326 3333 5398 cognovi
3372 5326 3547 5387 bona,
3591 5336 3705 5377 non

1105 5463 1151 5493 ’³
1182 5460 1378 5515 larem.
1416 5478 1497 5531 xt,
1525 5465 1610 5535 l8;
1643 5483 1738 5533 xu,
1774 5467 1834 5524 9.
1907 5468 1952 5499 ³³
1981 5465 2069 5521 Ps:

2172 5480 2329 5531 xcut,
2369 5465 2458 5520 1-0.
2535 5465 2583 5497 ’⁵
2618 5463 2807 5519 Matth.
2842 5480 3000 5531 χχιιι,
3028 5466 3081 5522 8.
3157 5468 3202 5499 "
3225 5465 3425 5521 Jerem.
3478 5481 3583 5532 tu,
3613 5461 3708 5520 19.

529 5638 607 5703 (ι)
657 5639 830 5693 Ἀλλὰ
870 5641 1021 5696 ὅσον
1065 5643 1199 5712 ἐπί,
1247 5652 1350 5700 etc.
1394 5644 1572 5718 Minus
1613 5660 1749 5722 bene
1789 5653 2024 5718 reddidit
2061 5651 2069 5706 l

2129 5666 2209 5706 me
2237 5650 2415 5706 locum
2441 5646 2823 5721 iiicronymns.
