4296 6288
572 255 679 310 539

2040 250 2365 308 ORIGENIS

3716 255 3826 311 560

567 366 797 436 cognovi
826 363 1261 436 peccatum,sive
1285 359 1609 430 injustitiam
1633 374 1647 426 ;
1675 310 1862 415 vertlnn
1888 359 2144 430 simplici-
2171 371 2220 425 Α
2249 361 2263 413 t

2132 389 2144 402 -
2171 371 2220 425 Α
2249 360 2362 414 Οὐκ
2388 358 2559 428 ἔγνων
2591 359 2887 432 ἁμαρτίαν·
2926 359 3062 413 ἀλλὰ
3104 360 3318 426 ἁπλῶς·
3357 362 3470 418 Οὐκ
3509 362 3694 432 ἔγνων.
3735 367 3828 422 Σοὶ

570 468 688 512 ter:
716 458 833 511 Non
859 455 1108 526 cognovi.
1142 451 1260 506 Tibi
1295 451 1459 521 igitur
1493 450 1800 520 dereliquit,
1837 459 1895 504 ut
1925 464 2142 520 quaeras

569 550 713 619 quod
741 547 1009 602 nescierit.
1035 544 1173 613 Lege
1198 543 1520 612 Apostolum
1541 541 1584 573 ³⁷
1620 559 1633 595 :
1665 541 1791 608 Qui,
1820 557 1938 594 cum
1964 555 2143 610 pecca-

573 655 679 698 tum
703 660 806 696 non
829 641 1172 710 cognovisset,
1198 654 1291 704 pro
1315 638 1462 691 nobis
1482 647 1753 706 peccatum
1775 638 1918 706 fecit.
1947 636 2145 693 Pecca-

570 745 681 790 tum
717 734 916 802 quippe
946 746 1129 797 nosse,
1159 746 1387 800 peccare
1412 741 1499 786 est
1525 750 1538 785 :
1576 740 1633 785 ut
1656 731 1925 801 justitiam
1955 745 2139 794 nosse,

565 828 706 896 juste
728 835 811 881 est
832 837 1014 892 agere.
1048 821 1124 874 Ex
1161 837 1271 891 quo
1302 821 1649 877 manifestum
1683 830 1766 876 est
1787 837 1911 876 eum
1936 822 2028 892 qui
2052 822 2143 891 ju-

567 915 766 970 stitiam
804 911 1100 981 praedicat,
1140 919 1195 965 et
1232 924 1340 965 non
1381 911 1491 982 agit
1523 911 1697 979 juste,
1739 910 1952 966 nescire
1977 910 2140 980 justi-

565 1005 719 1059 tiam.

636 1094 691 1147 2.
732 1093 1020 1147 Adversum
1053 1108 1132 1146 me
1159 1093 1522 1162 cogitaverunt
1560 1092 1845 1147 consilium
1873 1094 2101 1149 dicentes
2120 1109 2140 1148 :

575 1184 781 1249 Venite,
816 1185 1094 1237 mittamus
1121 1183 1321 1253 lignum
1352 1183 1407 1235 in
1439 1199 1627 1252 panem
1648 1183 1781 1252 ejus.
1803 1184 2139 1239 Cruciiixum

563 1292 683 1331 esse
715 1292 745 1330 a
773 1275 977 1329 ludatis
1008 1272 1297 1328 Dominum
1347 1274 1479 1328 nulli
1516 1275 1744 1329 dubium
1778 1285 1881 1341 est,
1916 1284 1975 1331 et
2014 1292 2139 1331 cum

566 1370 669 1422 hoc
697 1376 807 1421 tota
844 1367 1092 1420 libertate
1125 1365 1502 1435 praedicamus,
1533 1367 1809 1435 quomodo
1834 1367 2140 1436 aptabimus

564 1459 613 1511 ei
646 1458 788 1528 quod
819 1457 1024 1511 dicitur
1059 1472 1071 1507 :
1106 1456 1396 1509 Adversum
1442 1472 1520 1510 me
1557 1458 1917 1527 cogitaverunt
1962 1461 2132 1513 consi-

563 1550 695 1605 lium
720 1551 975 1616 dicentes,
1007 1548 1111 1603 hoc
1143 1549 1285 1618 quod
1319 1547 1559 1603 inferunt
1585 1568 1597 1603 :
1637 1548 1838 1613 Venite,
1870 1551 2138 1605 mittamus

564 1642 767 1713 tignum
800 1643 855 1695 in
880 1658 1066 1712 panem
1097 1630 1232 1708 ejus,
1264 1640 1446 1693 nimiae
1477 1638 1807 1695 difﬁcultatis
1834 1650 1935 1695 est.
1974 1641 2138 1697 Panis

569 1731 688 1788 Jesn
719 1749 830 1803 quo
862 1733 1154 1797 nutrimur,
1192 1746 1373 1786 sermo
1406 1730 1525 1801 ejus
1560 1732 1966 1800 interpretatur.
2000 1729 2137 1797 Quia

565 1825 732 1895 igitur
754 1824 988 1878 docente
1014 1838 1079 1877 eo
1106 1823 1397 1877 voluerunt
1425 1822 1644 1890 quidam
1693 1822 2006 1877 scandalum
2039 1839 2137 1892 po.

568 1928 697 1970 nere
736 1915 997 1971 doctrinae
1046 1913 1188 1983 ejus,
1242 1912 1620 1983 cruciﬁgentes
1675 1928 1801 1967 eum
1850 1913 2135 1969 dixerunt:

577 2005 776 2072 Venite,
805 2007 1080 2060 mittamus
1112 2004 1313 2074 tignum
1345 2003 1397 2056 in
1429 2019 1617 2073 panem
1649 2003 1786 2071 ejus.
1827 2002 1963 2063 Cum
1992 2005 2137 2059 enim

561 2100 730 2155 verbo
766 2097 894 2153 Jesu
933 2106 987 2153 et
1022 2097 1324 2167 disciplinae
1367 2096 1486 2166 ejus
1514 2095 1864 2165 conjungitur
1893 2095 2136 2164 Magistri

562 2189 867 2255 erucitixio,
897 2189 950 2241 in
983 2202 1176 2255 panem
1208 2186 1413 2256 lignum
1446 2186 1695 2240 mittitur.
1723 2185 1790 2239 Et
1819 2186 1891 2240 illi
1915 2187 2136 2256 quidem

562 2280 885 2336 insidiantes
911 2280 1136 2334 dicunt:
1172 2276 1373 2342 Venite,
1406 2278 1680 2331 mittamus
1725 2277 1923 2347 lignum
1954 2278 2010 2330 in
2038 2288 2136 2346 pa-

565 2387 682 2426 nem
712 2372 848 2442 ejus.
902 2370 1014 2442 Ego
1049 2386 1181 2423 vero
1208 2368 1529 2424 admirabile
1575 2369 1831 2438 quiddam
1883 2367 2133 2424 inferam.

561 2462 793 2533 Lignum
824 2461 1052 2517 missum
1082 2460 1135 2513 in
1165 2475 1359 2530 panem
1392 2459 1532 2529 ejus,
1557 2474 1750 2528 panem
1785 2458 1912 2514 fecit
1943 2460 2135 2515 molio-

561 2571 695 2609 rem.
732 2553 1047 2622 Exemplhm
1077 2552 1260 2622 accipe
1288 2552 1355 2606 de
1387 2550 1503 2622 lege
1530 2550 1721 2621 Moysi.
1749 2550 1899 2605 Sicut
1929 2551 2134 2621 lignum

561 2645 707 2716 quod
742 2645 972 2699 missum
1006 2654 1090 2696 εει
1132 2641 1184 2694 in
1217 2655 1460 2693 amaram
1493 2654 1711 2708 aquam,
1746 2638 1873 2693 fecit
1898 2640 2133 2704 dulcem,

561 2739 644 2793 sic
676 2737 880 2807 lignum
914 2733 1188 2804 passionis
1222 2726 1447 2796 Christi,
1489 2733 1714 2786 missum
1750 2731 1804 2786 in
1837 2733 2134 2786 doctrinam

561 2830 705 2898 ejus,
740 2828 866 2883 l‘ecit
887 2841 1083 2897 panem
1112 2825 1257 2879 illius
1289 2823 1602 2878 dulciorem.
1637 2823 1774 2878 Ante
1805 2823 1949 2878 enim
1973 2840 2134 2894 quam

564 2919 951 2973 immitteretur
996 2917 1199 2986 lignum
1246 2914 1299 2967 in
1340 2929 1533 2983 panem
1589 2914 1730 2983 ejus,
1762 2916 1980 2985 quando
2013 2924 2137 2969 tan-

2243 447 2337 505 οὖν
2365 451 2751 506 καταλέλοιπεν
2772 451 3046 516 ἐξετάζειν
3069 452 3123 505 τί
3146 451 3245 508 οὐκ
3276 454 3438 523 ἔγνω·
3471 455 3565 510 καὶ
3590 457 3824 528 μάνθανε

2242 544 2297 598 τί
2338 547 2439 599 οὐκ
2479 546 2621 614 ἔγνω
2665 545 2774 600 ἀπὸ
2809 545 2936 599 τοῦ’
2978 546 3090 600 Τὸν
3132 545 3219 617 μὴ
3265 549 3488 617 γνόντα
3510 549 3826 621 ἁμαρτίαν,

2244 637 2397 706 ὑπὲρ
2427 637 2591 706 ἡμῶν
2639 637 2930 707 ἁμαρτίαν
2960 637 3241 704 ἐποίησε*
3272 637 3473 707 γνῶναι
3505 639 3614 713 γὰρ
3647 642 3829 715 ἁμαρ-

2243 729 2362 782 τίαν
2390 729 2699 800 ἀμαρτῆσαί
2725 730 2890 781 ἐστιν·
2909 727 2984 791 ὼς
3009 725 3212 796 γνῶναι
3236 726 3602 799 δικαιοσύνην,
3627 730 3827 784 δικαιο-

2246 820 2525 891 πραγῆσαί
2566 821 2733 873 ἐστιν.
2789 819 2848 872 Ὀ
2888 817 3019 886 γοῦν
3068 818 3424 887 ἀπαγγέλλων
3463 819 3530 872 τὰ
3574 820 3703 890 περὶ
3746 821 3826 874 δι-

2244 912 2553 982 καιοσύνης,
2581 912 2673 964 καὶ
2705 912 2779 983 μὴ
2812 910 3237 983 δικαιοπραγῶν,
3259 911 3358 964 οὐκ
3385 910 3524 979 ἔγνω
3551 910 3823 967 δικαιοσύ-

2243 1021 2360 1075 νην.
3528 1058 3533 1062 _

2326 1097 2451 1149 Ἐπ’
2486 1095 2592 1165 ἐμὲ
2631 1096 2956 1166 λογίσαντο
2996 1095 3294 1165 λογισμόν
3327 1095 3591 1164 πονηρὸν
3616 1096 3819 1166 λέγον-

2242 1203 2363 1252 τες·
2383 1187 2579 1250 Δεῦτε,
2602 1188 2701 1240 καὶ
2725 1185 3071 1256 ἐμϐάλωμεν
3091 1186 3283 1251 ξύλον
3292 1190 3378 1253 εὶς
3396 1187 3503 1241 τὸν
3518 1187 3696 1255 ἄρτον
3712 1190 3812 1241 ai-

2242 1277 2367 1333 τοῦ.
2391 1280 2511 1331 Ὀτι
2536 1278 2636 1348 μὲν
2652 1277 3003 1348 ἐσταύρωσαν
3025 1278 3187 1332 αὐτὸν
3222 1278 3464 1333 Ἰουδαῖοι
3485 1278 3642 1348 δῆλον
3664 1278 3820 1332 τοῦτό

2242 1369 2378 1433 ἐστι,
2410 1369 2504 1422 καὶ
2534 1369 2814 1440 παρῤησίᾳ
2839 1369 2996 1422 τοῦτο
3028 1368 3395 1440 κηρύσσομεν.
3432 1369 3556 1433 Πῶς
3579 1369 3638 1425 δὲ
3665 1368 3822 1423 τοῦτο

2242 1458 2574 1530 ὲφαρμόσεις
2595 1458 2672 1529 τῷ
2691 1475 2704 1488 ·
2747 1441 3127 1527 Ἐλογίσαντο
3154 1460 3248 1512 ἐπ’
3269 1459 3374 1529 ἐμὲ
3397 1459 3692 1529 λογισμὸν
3716 1459 3820 1513 ,ιέέ

2242 1566 2466 1620 γοντες·
2492 1551 2688 1615 Δεῦτε,
2706 1550 2806 1605 καὶ
2820 1549 3167 1621 ἐμϐάλωμεν
3190 1551 3379 1616 ξύλον
3400 1554 3487 1617 είς
3513 1551 3623 1605 τὸν
3638 1551 3822 1620 ἄρτον

2240 1642 2446 1708 αὐτοῦ,
2482 1641 2790 1714 ἔργον”ὲστὶ
2822 1643 3029 1713 νοῆσαι.
3070 1643 3129 1696 '0
3151 1642 3245 1695 τοῦ
3282 1628 3457 1714 Ἰησοῦ
3490 1643 3652 1714 ἄρτος
3679 1644 3707 1696 ὁ
3732 1642 3820 1697 λό-

2241 1750 2335 1801 γος
2369 1733 2514 1784 ἐστὶν
2541 1733 2599 1785 ἐν
2631 1726 2676 1800 ᾧ
2714 1731 3047 1803 τρεφόμεθα.
3098 1733 3251 1786 Ἐπεὶ
3274 1733 3454 1786 τοίνυν
3479 1733 3820 1797 διδάσκοντος

2241 1821 2404 1875 αὐτοῦ
2427 1823 2484 1874 ὲν
2501 1820 2576 1892 τῷ
2592 1821 2705 1893 λαῷ
2720 1822 2992 1893 ἠθέλησαν
3008 1825 3069 1876 τὸ
3094 1823 3386 1877 σκάνδαλον
3413 1825 3469 1877 ἐν
3485 1827 3548 1895 τῇ
3566 1825 3821 1878 διδασκα-

2240 1912 2330 1984 λίᾳ
2352 1913 2516 1966 αὐτοῦ
2545 1915 2875 1986 προσθεῖναι,
2903 1915 2991 1968 διὰ
3010 1915 3104 1968 τοῦ
3135 1915 3443 1986 σταυρῶσαι
3466 1916 3626 1970 αὑτὸν
3640 1912 3813 1969 εἶπον·

2241 2002 2420 2056 Δεῦτε
2444 2005 2545 2057 καὶ
2576 2004 2922 2075 ἐμϐάλωμεν
2949 2005 3141 2070 ξύλον
3153 2009 3240 2072 εἰς
3261 2006 3367 2059 τὸν
3395 2005 3576 2074 ἄρτον
3607 2006 3812 2062 αὐτοῦ.

2243 2093 2409 2146 Ὅταν
2421 2094 2528 2165 γὰρ
2543 2092 2620 2163 τῷ
2633 2093 2774 2165 λόγῳ
2787 2094 2886 2164 τῆς
2901 2094 3074 2166 Ἰησοῦ
3086 2094 3427 2159 διδασκαλίας
3440 2078 3816 2167 προσάπτηται

2240 2182 2299 2236 τὸ
2335 2184 2643 2255 σταυρῶσαι
2681 2185 2774 2238 τὸν
2813 2184 3151 2250 διδάσκαλον,
3197 2186 3277 2249 είς
3325 2185 3415 2239 τὸν
3457 2187 3621 2258 ἄρτον
3651 2186 3816 2240 αὑτοῦ

2242 2276 2395 2342 ξύλον
2438 2279 2793 2350 ἐμϐέϐληται.
2853 2280 3076 2332 Ἐκεῖνοι
3114 2278 3213 2349 μὲν
3261 2277 3320 2344 ἐξ
3364 2278 3655 2349 ἐπιϐουλῆς
3690 2279 3815 2349 βου-

2239 2368 2562 2440 λευσάμενοι
2591 2369 2926 2439 λεγέτωσαν·
2962 2371 3162 2434 Δεῦτε,
3195 2368 3297 2423 καὶ
3326 2368 3672 2439 ἐμϐάλωμεν
3710 2369 3816 2434 ξύ-

2238 2465 2354 2516 λον
2386 2465 2477 2529 είς
2516 2461 2624 2516 τόν
2669 2463 2853 2531 ἄρτον
2895 2462 3112 2517 αὐτοῦ’
3162 2459 3272 2528 ἐγὼ
3298 2460 3354 2514 δὲ
3391 2460 3817 2533 παραδοξότερον

2239 2551 2368 2622 ἐρῶ.
2404 2546 2476 2603 Τὸ
2514 2550 2667 2616 ξύλον
2710 2550 2978 2623 ἐμϐληθὲν
3008 2551 3089 2614 είς
3114 2550 3202 2603 τὸν
3227 2546 3391 2620 ἄρτον
3420 2548 3605 2613 αὐτοῦ,
3634 2551 3817 2622 κρείτ-

2177 2650 2185 2667 ‘
2238 2656 2363 2693 τονα
2398 2640 2488 2693 τὸν
2520 2640 2682 2711 ἄρτον
2715 2640 3000 2712 πεποίηκε.
3036 2634 3390 2711 Παράδειγμα
3416 2640 3678 2711 λαμϐάνω
3710 2637 3818 2694 ἀπὸ

2236 2728 2332 2784 τοῦ
2374 2724 2618 2795 Μωσέως
2651 2726 2837 2802 νόμου.
2889 2731 2962 2783 Τὸ
2988 2728 3142 2795 ξύλον
3179 2729 3372 2800 βληθὲν
3409 2732 3490 2794 είς
3520 2728 3583 2783 τὸ
3623 2730 3816 2802 πικρὸν

2240 2821 2384 2894 ὕδωρ
2412 2821 2666 2894 εποίησεν
2692 2822 2824 2877 αὐτὸ
2854 2821 3024 2891 γλυκύ
3045 2840 3058 2853 ⁸
3095 2823 3266 2887 οὕτως
3298 2822 3361 2875 τὸ
3393 2822 3548 2889 ξύλον
3585 2821 3677 2874 τοῦ
3709 2821 3815 2876 ’πά-ι

2238 2913 2364 2980 θους
2417 2913 2591 2986 Ἰησοῦ
2631 2915 2863 2988 Χριστοῦ
2901 2915 3053 2969 ἐλθὸν
3097 2918 3178 2978 εἰς
3223 2915 3318 2969 τὸν
3358 2915 3516 2983 λόγον
3547 2914 3813 2983 πεποίηκέ

564 3011 847 3066 tummodo
888 3011 1044 3079 panis
1078 3016 1216 3075 erat,
1252 3018 1304 3064 et
1355 3025 1463 3063 non
1495 3017 1613 3063 erat
1659 3009 1886 3078 lignum,
1925 3008 1977 3061 in
2015 3008 2128 3060 uni-
2165 3022 2206 3079 ρ
2237 3024 2260 3059 τ

2116 3037 2128 3047 -
2165 3022 2206 3079 C
2237 3007 2328 3060 τὸν
2362 3007 2525 3078 ἄρτον
2552 3005 2716 3060 αὐτοῦ
2756 3005 3109 3079 γλυκύτερον.
3141 3006 3278 3079 Πρὶν
3305 3004 3435 3078 ἔλθῃ
3466 3004 3594 3074 γοῦν
3620 3006 3699 3068 εἰς
3723 3002 3812 3057 τὸν

566 3116 777 3154 versam
809 3108 1008 3155 terram
1044 3114 1152 3153 non
1178 3098 1382 3154 exierat
1410 3112 1577 3154 sonus
1603 3099 1722 3166 ejus
1749 3114 1761 3149 :
1794 3105 1981 3166 postea
2009 3109 2137 3149 vero
2240 3099 2262 3151 ti

2115 3109 2137 3149 3
2240 3097 2403 3170 ἄρτον
2441 3097 2605 3152 αὑτοῦ
2628 3099 2688 3152 τὸ
2726 3097 2900 3163 ξύλον,
2928 3099 3015 3151 ὅτε
3042 3098 3205 3170 ἄρτος
3236 3098 3394 3168 μόνος
3419 3092 3508 3168 ἦν,
3538 3095 3632 3148 καὶ
3659 3094 3811 3159 ξύλον

564 3207 728 3261 quam
766 3193 1061 3262 assumpsit
1107 3191 1477 3247 fortitudinem
1509 3206 1605 3260 per
1645 3190 1874 3259 lignum,
1918 3195 2046 3241 tunc
2078 3186 2136 3241 in
2239 3207 2260 3242 ε

2117 3202 2136 3241 ι
2239 3190 2340 3242 οὐκ
2372 3185 2440 3260 ἦν
2486 3191 2544 3242 ὲν
2572 3192 2638 3261 τῇ
2671 3189 2987 3262 διδασκαλίᾳ
3025 3188 3212 3251 αὐτοῦ,
3246 3190 3324 3252 είς
3361 3189 3539 3241 πᾶσαν
3571 3185 3667 3256 τὴν
3708 3178 3813 3255 γῆν

565 3283 880 3338 universum
924 3284 1106 3339 orbem
1147 3283 1419 3354 passionis
1465 3282 1585 3352 ejus
1627 3278 2018 3334 disseminatus
2054 3285 2140 3332 est
2239 3296 2261 3333 o

2118 3285 2140 3331 t
2239 3279 2337 3333 οὐκ
2375 3278 2653 3351 ἐξῆλθενιό
2686 3278 2920 3350 φθόγγος
2960 3279 3151 3334 αὑτοῦ·
3195 3278 3307 3332 ἀλλ’
3347 3278 3467 3332 ἐπεὶ
3511 3272 3809 3349 προσέλαϐε

2236 3369 2463 3441 δύναμιν
2488 3373 2516 3424 ὁ
2542 3372 2705 3442 ἄρτος
2740 3371 2829 3426 διὰ
2855 3371 2946 3426 τοῦ
2981 3370 3136 3437 ξύλου
3172 3370 3263 3425 τοῦ
3293 3370 3575 3442 βληθέντος
3605 3369 3687 3433 εἰς
3716 3368 3813 3422 αύ-

2238 3460 2350 3525 τὺν,
2384 3460 2474 3514 διὰ
2499 3460 2657 3515 τοῦτο
2681 3462 2710 3514 ὁ
2732 3461 2888 3531 λόγος
2912 3463 3011 3533 τῆς
3032 3461 3373 3525 διδασκαλίας
3401 3452 3560 3516 αὑτοῦ
3591 3459 3814 3531 νενέμη-

2236 3571 2327 3607 ται
2383 3553 2458 3624 (1)
2501 3554 2627 3626 ὅλην
2681 3554 2782 3628 τὴν
2824 3552 3179 3626 οἰκουμένην,
3244 3554 3337 3609 καὶ
3373 3555 3495 3608 τότε
3547 3555 3609 3608 τὸ
3657 3552 3810 3619 ξύλον

2239 3645 2504 3718 σύμϐολον
2525 3643 2593 3720 ἦν
2614 3647 2707 3702 τοῦ
2738 3640 2942 3712 πάθους
2977 3647 3172 3720 Ἰησοῦ,
3193 3640 3261 3702 δι’
3281 3642 3341 3702 οὗ
3367 3646 3427 3701 τὸ
3453 3645 3645 3718 πικρὸν
3668 3644 3813 3715 ὕδωρ

2237 3737 2410 3806 γλυκὺ
2443 3739 2650 3808 γίνεται
2669 3756 2684 3770 ο
2726 3737 2839 3809 ὲγὼ
2866 3739 2974 3811 γὰρ
3006 3738 3168 3808 λέγω,
3199 3739 3279 3792 ὅτι
3311 3739 3340 3790 ό
3369 3737 3531 3808 νόμος
3558 3735 3632 3808 μὴ
3657 3731 3812 3790 νοού-

2240 3836 2398 3898 μενος
2428 3830 2619 3901 πικρὸν
2644 3830 2785 3904 ὕδωρ
2815 3832 2981 3884 ἐστίν.
3022 3830 3146 3883 Ἐὰν
3176 3829 3231 3882 δὲ
3265 3828 3391 3900 ἔλθῃ
3421 3828 3482 3881 τὸ
3515 3827 3667 3895 ξύλον
3706 3827 3811 3897 ’.Ιη-

2238 3920 2355 3985 σοῦ,
2381 3922 2475 3976 καὶ
2506 3925 2538 3994 ἡ
2571 3923 2889 3979 διδασκαλία
2918 3922 3012 3977 τοῦ
3041 3922 3294 3995 Σωτῆρός
3335 3940 3434 3994 μου
3473 3921 3805 3992 ὲπιδημήσῃ,

2236 4012 2583 4083 γλυκὰζεται,
2638 4014 2732 4069 καὶ⁸
2781 4015 2995 4087 ἥδιστος
3040 4015 3248 4084 γίνεται
3290 4015 3318 4067 ὁ
3363 4013 3604 4077 Μωσέως
3647 4004 3808 4083 νόμος

2238 4107 2741 4178 ἀναγινωσκόμενος
2821 4107 2915 4161 καὶ¹
2982 4105 3397 4176 γινωσκόμενος.
3465 4099 3631 4156 Εἶπον
3680 4095 3806 4156 οῦν*

2236 4195 2434 4263 Δεῦτε,
2460 4196 2559 4250 καί
2580 4186 2926 4266 ἐμϐάλωμεν
2940 4196 3131 4261 ξύλον
3146 4197 3233 4260 είς
3261 4193 3370 4246 τὸν
3391 4191 3572 4260 ἄρτον
3598 4184 3803 4244 αὐτοῦ.

2306 4285 2537 4355 Λέγουσι
2567 4287 2625 4340 δὲ
2655 4286 2749 4340 καὶ
2782 4287 2869 4339 τό·
2917 4285 3313 4352 Ἐκτρίψωμεν
3335 4280 3521 4334 αὐτὸν
3551 4279 3665 4332 ἀπὸ
3694 4277 3807 4348 γῆς

566 3388 766 3429 sermo.
787 3375 845 3427 In
874 3374 1032 3444 cujus
1062 3373 1232 3444 ﬁgura
1260 3382 1313 3429 et
1342 3389 1480 3443 aqua
1511 3373 1567 3427 in
1582 3370 1762 3425 Veteri
1789 3368 2137 3425 Testamento

566 3456 632 3517 ad
671 3471 871 3516 tactum
905 3461 1036 3533 ligni
1070 3462 1245 3518 dulcis
1292 3461 1480 3517 effecta
1512 3469 1612 3515 est.
1676 3459 1787 3530 Ego
1813 3459 2014 3529 quippe
2046 3458 2136 3512 aio

566 3555 736 3620 legem
779 3569 886 3607 non
925 3554 1275 3618 intellectam,
1310 3568 1555 3607 amaram
1593 3566 1791 3621 aquam
1825 3565 1966 3605 esse.
1997 3548 2134 3604 Cum

564 3656 745 3701 autem
784 3645 991 3701 venerit
1028 3647 1234 3717 lignum
1267 3644 1397 3702 Jesu
1441 3644 1676 3709 Christi,
1707 3652 1761 3699 et
1801 3657 1983 3698 sermo
2011 3640 2134 3695 Sal-

563 3738 767 3794 vatoris
808 3738 914 3792 mei
955 3737 1299 3793 descenderit
1342 3736 1395 3791 in
1438 3751 1590 3799 eam,
1630 3743 1760 3789 tunc
1799 3732 2133 3799 dulcoratur,

562 3836 618 3881 et
654 3830 710 3881 tit
749 3827 1058 3882 suavissimi
1099 3828 1341 3896 saporis,
1378 3824 1652 3881 intellecta
1689 3823 1891 3894 pariter
1921 3830 1974 3877 et
1997 3821 2135 3877 lecta

563 3916 649 3970 lex
673 3917 863 3987 Moysi.
891 3917 1152 3973 Dixerunt
1174 3918 1368 3989 igitur:
1407 3915 1605 3982 Venite,
1631 3916 1905 3970 mittamus
1934 3912 2137 3986 lignum

565 4007 620 4061 in
642 4025 823 4076 panem
853 4010 985 4078 ejus.

640 4290 865 4362 1845.
894 4289 1067 4344 Etiam
1097 4290 1201 4346 hoc
1227 4292 1431 4346 addunt
1456 4306 1468 4342 :
1494 4288 1562 4346 Et
1595 4301 1925 4346 conteramus
1958 4306 2075 4345 eum
2098 4307 2131 4344 a

564 4389 707 4434 terra
731 4381 1032 4444 viventium,
1057 4390 1104 4432 et
1132 4395 1316 4433 nomen
1338 4381 1451 4449 ejus
1475 4398 1578 4435 non
1614 4382 1994 4437 memorabitur
2016 4396 2132 4435 am-
2163 4349 2208 4404 θ
2237 4373 2260 4436 ζ

2106 4410 2132 4421 -
2163 4349 2208 4404 D
2237 4349 2484 4441 ζώντων,
2523 4376 2619 4431 καὶ
2658 4376 2724 4430 τὸ
2764 4376 2949 4445 ὄνομα
2976 4349 3162 4427 aurai}
3293 4368 3379 4440 μὴ
3420 4367 3667 4438 μνησθῇ
3695 4368 3799 4421 ἑτι.

561 4475 724 4547 ptius.
742 4472 833 4528 Sic
854 4473 997 4526 enim
1019 4471 1167 4525 illum
1190 4471 1596 4540 interfecerunt,
1618 4475 1776 4544 quasi
1797 4490 1994 4530 nomen
2010 4473 2130 4544 ejus

565 4569 781 4638 penitus
827 4566 1186 4622 eradicarent.
1243 4561 1346 4618 Sed
1370 4561 1529 4619 Jesus
1562 4566 1664 4620 scit
1692 4582 1862 4638 quare
1898 4576 1952 4622 et
1987 4580 2120 4635 quo-

565 4659 731 4714 modo
768 4659 1053 4712 moriatur.
1094 4655 1321 4725 Propter
1343 4654 1485 4726 quod
1515 4655 1591 4709 ait
1618 4657 1665 4688 ”
1697 4675 1711 4712 :
1748 4658 1872 4714 Nisi
1903 4672 2128 4731 granum

565 4748 815 4819 frumenti
849 4748 1036 4801 cadens
1058 4747 1114 4800 in
1134 4756 1327 4800 terram
1354 4753 1621 4798 mortuum
1654 4745 1835 4815 fuerit,
1856 4765 1960 4803 non
1989 4743 2128 4801 mul-

564 4852 675 4895 tum
707 4837 935 4906 fructum
967 4838 1140 4905 a/fert.
1194 4836 1338 4908 Ergo
1364 4851 1515 4891 mors
1541 4834 1667 4891 Jesu
1699 4835 1934 4906 Christi,
1975 4839 2128 4910 spica

532 4926 824 4982 'fiumcnti
853 4924 992 4978 facta
1027 4934 1128 4988 est,
1157 4925 1461 4994 septuplum
1499 4933 1551 4979 et
1582 4925 1754 4981 multo
1782 4929 2017 4998 amplius
2042 4943 2130 4982 re-

563 5019 797 5075 stituens
831 5031 992 5085 quam
1045 5013 1222 5069 fuerat
1255 5016 1604 5071 seminatum.
1657 5015 1952 5086 Fingamus
1979 5018 2123 5072 enim

564 5110 838 5181 paulisper
887 5122 992 5162 non
1049 5105 1217 5160 fuisse
1250 5121 1372 5159 eum
1403 5104 1756 5172 cruciﬁxum,
1801 5120 1976 5174 neque
2008 5116 2128 5175 post

562 5211 791 5257 mortem
823 5200 888 5254 ad
923 5198 1127 5252 inferos
1165 5195 1510 5251 descendisse
1544 5212 1556 5249 :
1586 5196 1832 5265 sequitur
1862 5204 1921 5249 ut
1947 5192 2123 5250 solum

562 5306 790 5362 granum
824 5297 1038 5344 maneat
1079 5286 1357 5351 frumenti,
1405 5294 1459 5340 et
1482 5285 1637 5339 multi
1682 5300 1790 5339 non
1826 5294 2127 5339 nascuntur

561 5396 624 5435 ex
661 5396 748 5434 eo.
789 5378 1023 5433 Attende
1043 5377 1326 5445 diligenter
1352 5373 1567 5443 eloquia
1591 5373 1794 5439 divina,
1829 5371 1959 5441 quid
1986 5371 2041 5426 in
2066 5388 2126 5429 se

631 5527 674 5559 "
707 5524 748 5578 ιι
770 5524 896 5579 Cor.
931 5539 985 5589 ν,
1009 5521 1100 5576 2|.
1176 5519 1222 5552 “
1243 5518 1400 5574 Joan.
1431 5532 1529 5584 ιιι,
1550 5517 1642 5572 24.

632 5660 710 5727 (ι)
749 5660 975 5716 Iluetius
1009 5659 1354 5719 scribendum
1385 5664 1559 5737 putat,
1585 5655 1654 5710 δι’
1688 5655 1851 5726 ὅλην..

2237 4467 2423 4531 Οῦτως
2444 4467 2605 4520 αὐτὸν
2627 4456 2970 4531 ἀπέκτειναν,
3003 4465 3079 4529 ὡς
3107 4460 3515 4534 ἔξαφανίζοντες
3543 4460 3708 4513 αὐτοῦ
3744 4459 3805 4513 τὸ

2236 4558 2425 4629 ὄνομα.
2482 4550 2640 4611 ‘Am
2686 4556 2891 4628 Ἰησοῦς
2925 4553 3033 4610 οἶδε
3067 4555 3183 4619 πῶς
3210 4554 3562 4625 ἀποθνήσκει,
3595 4553 3689 4605 καὶ
3719 4551 3804 4606 διὰ

2233 4649 2322 4715 τί;
2368 4647 2459 4701 Διό
2488 4663 2681 4719 φησιν·
2734 4646 2868 4701 Ἐὰν
2891 4646 2978 4716 μὴ
3001 4647 3223 4707 κόκκος
3251 4643 3358 4699 τοῦ
3395 4643 3569 4697 σίτου
3599 4640 3805 4695 πεσὼν

2232 4742 2319 4806 εὶς
2355 4738 2469 4808 τὴν
2497 4736 2615 4810 γῆν
2641 4735 2936 4808 ἀποθάνῃ,
2960 4735 3143 4804 αὐτὸς
3173 4736 3361 4805 μόνος
3382 4735 3570 4804 μένεν
3598 4733 3707 4786 ἐὰν
3737 4730 3815 4799 δὲ¹

2230 4828 2524 4901 ἀποθάνῃ,
2572 4832 2771 4886 πολὺν
2811 4828 3045 4900 καρπὸν
3084 4829 3247 4899 φέρει
3265 4844 3279 4857 ·
3320 4824 3460 4879 ὥστε
3499 4826 3527 4876 ὁ
3575 4822 3801 4882 θάνατος

2229 4922 2321 4977 τοῦ
2367 4916 2541 4994 Ἰησοῦ
2589 4923 2789 4995 στάχυς
2833 4922 2980 4977 σίτου
3019 4921 3247 4992 γίνεται,
3285 4916 3452 4973 ποιῶν
3496 4910 3804 4967 πολλαπλα-

2232 5015 2382 5069 σίονα
2406 5016 2497 5068 καὶ
2529 5014 2790 5087 πολύχουν
2823 5015 2883 5069 τὸ
2921 5011 3288 5086 ἐσπαρμένον.
3345 5006 3487 5060 Ὢσεὶ
3518 5003 3638 5058 καθ’
3670 5000 3802 5055 ὑπεὶ-

2230 5108 2378 5162 θεσιν
2411 5107 2486 5179 μὴ
2516 5107 2844 5180 ἔσταύρωτο,
2893 5107 3029 5179 μηδὲ
3060 5105 3329 5174 τεθνήκει,
3369 5099 3577 5170 ἔμεινεν
3609 5095 3674 5149 ἂν
3706 5091 3803 5164 μό-

2231 5212 2318 5259 νος
2350 5198 2379 5249 ὁ
2409 5193 2605 5260 κόκκος
2633 5194 2728 5250 τοῦ
2764 5196 2932 5261 σίτου,
2972 5195 3067 5249 καὶ
3104 5192 3285 5247 πολλοὶ
3316 5191 3416 5245 οὐκ
3456 5185 3696 5257 ἐγίνοντο
3741 5180 3802 5248 ἐξ

2230 5287 2416 5341 αὐτοῦ.
2448 5287 2691 5361 Πρόσχες
2721 5284 2813 5343 οὖν
2841 5287 3004 5342 αὑτοῦ
3044 5289 3111 5358 τῇ
3145 5284 3307 5351 λέξει,
3347 5284 3396 5335 εί
3427 5279 3501 5352 μὴ
3527 5275 3682 5330 τοῦτο
3712 5275 3800 5345 βε·

2232 5375 2485 5448 ϐούληται
2510 5377 2680 5447 λέγων
2701 5396 2714 5410 ·
2761 5379 2823 5433 '0
2855 5378 3073 5443 κόφινος
3105 5373 3209 5429 τοῦ
3237 5374 3413 5427 σίτου
3443 5368 3550 5423 ἐὰν
3574 5366 3661 5438 μὴ
3698 5380 3803 5420 πεο
