4296 6288
640 336 763 393 ᾟϐὖ

1978 402 1983 405 _
2068 422 2072 424 γ
2099 344 2422 403 υιιιιιιειιιε

3796 360 3895 418 ὅθί

656 464 990 530 bellatorem,
1022 472 1070 517 et
1108 463 1342 532 judicent
1366 504 1378 526 ,
1408 472 1457 515 et
1483 464 1812 532 prophetam,
1853 475 1900 519 et
1940 468 2220 534 arbitrum,
2250 479 2296 534 Α
2330 486 2352 539 ρ

2207 511 2220 534 ,
2250 479 2296 534 Α
2330 470 2446 539 ρίου
2475 469 2555 522 ἔτι
2594 471 2648 521 ἐν
2687 469 2889 535 αὐτοῖς,
2920 474 3039 526 ἐπεὶ
3071 477 3389 548 πεπλήρωτο
3420 480 3508 531 τό·
3547 480 3772 549 Ἀφελεῐ
3787 487 3895 537 Κιτι-

650 568 702 610 et
731 557 988 611 seniorem
1013 555 1543 624 quinquagenarium,
1578 564 1628 608 et
1650 557 2022 611 admirabilem
2047 549 2221 612 consi-

2312 579 2447 628 ριος
2477 561 2594 614 ἀπὸ
2629 559 2736 628 τῆς
2781 561 3063 629 Ἰουδαίας
3090 567 3187 619 καί
3213 569 3329 621 ἀπὸ
3356 568 3465 636 τῆς
3502 570 3895 642 Ἰερουσαλὴμ

649 648 895 701 liatorem
915 685 930 709 ,
959 655 1006 698 et
1037 647 1322 715 sapientem
1352 647 1697 700 architectum
1718 687 1731 708 ,
1758 657 1806 701 et
1842 648 2219 717 intelligentem
2321 656 2345 705 ι.

2195 665 2219 702 rt
2321 655 2609 722 ἰσχύοντα
2646 654 2742 708 καί
2771 655 3128 723 ἰσχύουσαν,
3149 660 3417 728 γίγαντα,
3451 662 3549 715 καὶ
3578 665 3891 733 ίσχύοντα,

649 740 969 793 auditorem.
1024 736 1144 791 Jam
1179 752 1288 793 non
1323 747 1408 793 est
1436 739 1576 806 apud
1624 753 1720 793 eos
1751 740 1845 808 qui
1877 741 2048 810 possit
2070 740 2219 796 dice-

648 846 709 886 re
754 847 767 883 :
820 827 988 894 Quasi
1034 829 1243 898 sapiens
1298 829 1615 882 architectus
1666 828 2067 899 fundamentum
2123 848 2218 900 po-

645 922 731 975 sui
756 921 822 975 ³⁸.
877 919 1247 990 Migraverunt
1289 921 1358 975 ab
1386 922 1469 976 eis
1499 922 1819 986 architecti,
1862 932 2125 976 venerunt
2148 923 2215 977 ad

648 1011 945 1068 Ecclesiam
970 1050 987 1074 ,
1039 1020 1340 1083 posuerunt
1381 1010 1793 1065 fundamentum
1841 1009 2024 1067 Jesum
2058 1010 2218 1065 Chri-

645 1115 814 1161 stum.
870 1102 1008 1160 lluic
1036 1103 1467 1159 sonertedtllcant
1485 1103 1798 1173 quicunque
1822 1112 1946 1172 post
1976 1118 2071 1158 eos
2097 1116 2216 1157 cre-

642 1198 919 1254 didernnt.

2319 746 2418 800 καὶ
2475 746 2789 813 ἄνθρωπον
2840 749 3243 817 πολεμιστὴν,
3278 751 3376 804 καὶ
3426 750 3744 823 δικαστὴν,
3792 758 3892 812 καὶ

2318 835 2653 905 προφήτην,
2684 838 2782 891 καὶ
2818 838 3189 909 στοχαστὴν,
3217 841 3314 894 καὶ
3336 846 3758 915 πρεσϐύτερον,
3791 851 3892 905 καί

2322 928 2843 998 πεντηκόνταρχον
2872 928 2969 1001 (1),
3005 930 3103 984 καὶ
3148 933 3491 1001 θαυμαστὸν
3520 937 3889 1005 σύμϐουλον,

2321 1017 2420 1072 καί
2459 1018 2656 1087 σοφὸν
2681 1019 3090 1088 ἀρχιτέκτονα,
3127 1023 3225 1076 καὶ
3264 1024 3521 1079 συνετὸν
3563 1027 3885 1095 ἀκροατήν.

2321 1109 2519 1162 Οὐκέτι
2544 1110 2660 1163 ἐστὶ
2679 1110 2807 1181 παρ’
2836 1111 3017 1175 αὐτοῖς
3042 1112 3336 1185 δυνάμενος
3364 1117 3554 1169 εἰπεῖν’
3580 1118 3673 1184 Ὡς
3696 1119 3887 1187 σοφὸς

2320 1200 2681 1270 ἀρχιτέκτων
2709 1200 2983 1270 θεμέλιον
3010 1202 3260 1259 τέθεικα.
3300 1206 3621 1278 Μετέϐησαν
3654 1210 3701 1262 οἱ
3731 1210 3887 1282 ἀρχι-

638 1293 911 1356 τέκτονες,
945 1286 1107 1362 ἧλθον
1152 1288 1245 1341 ἐπὶ
1277 1287 1375 1358 τὴν
1419 1286 1764 1359 Ἐκκλησίαν,
1804 1286 2006 1358 ἔθηκαν
2039 1286 2131 1340 τὸν
2170 1285 2419 1357 θεμέλιον
2465 1290 2671 1357 Ἰησοῦν
2706 1289 2958 1362 Χριστόν.
3007 1290 3194 1363 Τούτῳ
3244 1294 3650 1367 ὲπῳκοδομοῦσι
3702 1298 3796 1352 καὶ
3835 1293 3883 1350 οἱ

642 1389 762 1461 μετ’
793 1386 1053 1449 ἐκείνους.

710 1479 764 1533 5.
818 1476 1048 1533 infame
1083 1492 1214 1548 ergo
1252 1476 1341 1531 ille
1363 1476 1599 1547 populus
1626 1476 1917 1532 derelictus
1944 1485 2067 1530 est:
2101 1478 2213 1530 Ad-

637 1571 833 1625 ducam
866 1571 1055 1640 quippe
1088 1568 1232 1622 mala
1257 1584 1414 1637 super
1438 1568 1795 1621 inhabitantes
1825 1566 2090 1622 Anathoth
2111 1608 2126 1633 ,
2154 1568 2210 1620 in

637 1676 777 1715 anno
806 1660 1126 1715 uisitationis
1149 1675 1347 1714 eorum.
1375 1656 1566 1713 Justus
1592 1674 1665 1725 es,
1694 1657 1936 1724 Domine,
1971 1657 2094 1727 quia
2114 1672 2210 1710 ea:-

637 1752 833 1807 cusabo
863 1768 945 1806 me
971 1751 1112 1822 apud
1139 1760 1208 1807 te.
1278 1750 1646 1806 Verumtamen
1682 1748 1891 1820 judicia
1922 1748 2111 1819 loquar
2134 1751 2204 1803 ad

638 1854 708 1899 te.
732 1843 873 1910 Quid
896 1852 973 1898 est
1001 1842 1139 1913 quod
1167 1844 1254 1897 eia
1274 1850 1609 1912 peccatorum
1624 1849 1965 1911 prosperatar
1987 1835 2014 1889 ?
2034 1839 2208 1894 Abun-

638 1934 894 1987 davernnt
944 1936 1154 1997 omnes,
1207 1931 1298 2001 qui
1350 1941 1649 2000 spreverunt
1702 1937 2086 1985 contemnentes
2134 1928 2203 1984 ³⁷.

624 2021 958 2090 Quaeramus
1003 2038 1072 2077 an
1102 2023 1278 2077 bonus
1307 2021 1381 2077 sit
1408 2020 1587 2083 Deus,
1635 2022 1728 2090 qui
1758 2020 1930 2093 legem
1975 2021 2207 2093 prophe-

631 2124 827 2184 tasque
852 2113 1081 2184 largitus
1110 2120 1214 2178 est,
1231 2111 1475 2167 videntes
1503 2112 1647 2166 viam
1666 2110 1960 2183 impiorum
1984 2128 2205 2184 prospe-

618 2205 766 2270 rari,
794 2213 847 2260 et
876 2204 1011 2260 nihil
1040 2218 1135 2259 eos
1159 2204 1227 2259 ab
1255 2217 1323 2258 eo
1355 2217 1453 2273 pro
1473 2203 1668 2258 merito
1692 2205 1984 2259 sustinere.
2018 2203 2204 2258 Abun-

629 2300 898 2353 daverunt
923 2298 1071 2351 enim
1093 2309 1285 2350 omnes
1305 2294 1398 2365 qui
1422 2304 1744 2364 spreverunt
1768 2303 2200 2360 contemnentes,

616 2387 668 2443 ii
699 2387 794 2458 qui
842 2387 1128 2442 adversum
1166 2385 1518 2441 Conditorem
1568 2386 1776 2443 rabidis
1817 2386 2069 2443 faucibus
2123 2387 2204 2441 la-

627 2489 808 2546 trant,
857 2479 950 2549 qui
992 2493 1120 2535 eum
1152 2477 1483 2548 blasphemis
1522 2478 1869 2534 sermonibus
1903 2478 2202 2534 criminan-

618 2581 739 2627 tur.
779 2571 1214 2635 Abundaverunt,
1249 2570 1484 2640 plantati
1507 2579 1664 2637 sunt,
1701 2579 1751 2626 et
1781 2571 2013 2626 radicem
2044 2571 2202 2625 mise-

628 2675 790 2730 runt;
820 2673 1222 2735 procreaverunt
1250 2664 1391 2733 ﬁlios
1418 2672 1468 2718 et
1500 2664 1735 2734 fecerunt
1763 2664 1989 2733 fructus.
2016 2662 2200 2728 Quan-

628 2769 715 2815 tos
738 2756 949 2814 fructus
979 2756 1218 2812 Marcion
1252 2756 1379 2811 fecit
1403 2770 1700 2826 procreans
1741 2753 1884 2810 tllios
1914 2754 2201 2811 inﬁdelita-

606 2847 732 2903 'tis‘l
755 2856 990 2918 quantos
1026 2846 1331 2902 Basilides?
1355 2856 1589 2917 quantos
1621 2845 1977 2902 Valentinus?
2004 2845 2081 2901 De
2115 2847 2200 2902 his

622 2939 825 3009 quippe
845 2954 927 2994 vae
950 2938 1256 3008 prophetat,
1289 2937 1476 2993 dicens
1497 2936 1542 2969 ³⁸
1562 2943 1581 2990 :'
1603 2935 2018 2991 Procreaverunt
2036 2937 2196 3006 filios,

624 3040 674 3082 et
695 3028 936 3097 '[ecerunt
964 3030 1219 3098 fructum.
1251 3025 1424 3096 Prope
1448 3043 1502 3080 es
1534 3036 1590 3080 tu
1615 3029 1698 3080 ori
1731 3042 1933 3092 eorum,
1962 3039 2011 3080 et
2049 3026 2198 3097 longe

2402 1471 2490 1525 Ἐν
2524 1470 2666 1542 λιμῷ
2690 1466 2782 1525 οὖν
2808 1475 2837 1526 ὁ
2869 1472 2996 1538 λαδς
3020 1477 3225 1541 ἐκεῖνος
3252 1478 3794 1553 ἐγκαταλελειμμένα
3817 1486 3887 1536 εἰ·

2318 1562 2422 1614 σίν·
2454 1561 2680 1627 Ἐπάξω
2704 1561 2815 1633 γὰρ
2846 1563 2939 1617 ἐπ’
2972 1567 3194 1634 αὐτοὺς
3210 1568 3385 1633 κακὰ,
3407 1571 3510 1625 ἐπὶ
3532 1572 3674 1638 τοὺς
3696 1590 3887 1628 κατοι-

2315 1652 2577 1720 κοῦντας
2616 1654 2885 1718 Ἀναθὼθ,
2909 1657 2979 1710 ἐν
3001 1659 3255 1725 ἐνιαυτῷ
3274 1661 3649 1731 ἐπισκέψεως
3667 1666 3886 1720 αὐτῶν.

2303 1744 2544 1808 Δίκαιος
2556 1739 2628 1808 εἴ,
2638 1746 2831 1817 Κύριε,
2846 1744 2935 1799 ὅτι
2958 1746 3412 1820 ἀπολογήσομαι
3431 1752 3582 1821 πρὸς
3599 1753 3697 1808 σέ.
3712 1755 3889 1825 Πλὴν

2313 1832 2568 1903 κρίματα
2581 1850 2701 1902 μου
2720 1834 2974 1902 λαλήσω
2993 1838 3145 1905 πρὸς
3170 1839 3264 1894 σέ.
3299 1843 3359 1895 Τί
3380 1841 3468 1894 ὅτι
3500 1844 3637 1910 ὁδὸς
3653 1845 3890 1901 ἀσεϐιῐν

2312 1922 2643 1979 εὐοδοῦταν
2679 1923 3026 1993 εὐθήνησαν
3046 1926 3268 1995 πάντες
3291 1933 3343 1984 οἱ
3366 1932 3721 2000 ἀθετοῦντες
3751 1936 3887 1990 ἀθε-

2305 2017 2534 2088 τήματα
2567 2017 2674 2090 (2);
2705 2018 2828 2071 Ἔτι
2860 2018 3146 2099 ζητοῦμεν,
3177 2023 3225 2075 εί
3256 2023 3458 2092 ἀγαθὸς
3486 2026 3514 2077 ὁ
3550 2025 3680 2090 Θεὸς
3711 2028 3879 2093 ἐστιν,

2304 2109 2394 2164 τὸν
2434 2110 2597 2180 νόμον
2633 2109 2726 2162 καὶ
2758 2111 2885 2174 τούς
2911 2112 3193 2184 προφήτας
3220 2113 3487 2179 δεδωκὼς,
3516 2116 3770 2188 ὁρῶντες,
3798 2120 3881 2173 ὅτι

2303 2202 2420 2266 ὁδὸς
2446 2200 2659 2256 ἀσεϐῶν
2693 2200 2989 2283 εὐοδοῦται,
3023 2204 3115 2256 καὶ
3159 2205 3219 2258 οὐ
3246 2205 3463 2270 κολάζει
3488 2210 3614 2271 τοὺς
3642 2210 3876 2274 ἀσεϐεῖς.

2303 2292 2621 2365 Εὐθήνησαν
2646 2291 2847 2356 πάντες
2874 2295 2924 2346 οἱ
2948 2292 3264 2360 ἀθετοῦντες
3282 2296 3619 2370 άθετήματα.
3650 2300 3812 2354 Αὐτοὶ
3828 2304 3877 2355 οί

2303 2383 2446 2438 κατὰ
2466 2382 2562 2437 τοῦ
2597 2384 2938 2457 Δημιουργοῦ
2972 2384 3237 2454 λέγοντες,
3265 2387 3672 2461 δυσφημοῦντες
3692 2393 3876 2458 αὐτὸν,

2301 2475 2679 2545 εὐθήνησαν,
2704 2477 3142 2546 ἐφυτεύθησαν,
3174 2481 3272 2535 καὶ
3309 2482 3723 2554 ἐρῤιζώθησαν,
3757 2487 3882 2543 bes-

2302 2569 2676 2637 κνοποίησαν
2713 2567 2790 2640 (⁸5)
2823 2572 3072 2637 καρπόν.
3115 2571 3284 2635 Πόσος
3311 2575 3520 2646 καρπὸς
3556 2578 3878 2650 Μαρκίωνος

2300 2660 2803 2731 τεκνοποιήσαντος,
2842 2658 3008 2724 πόσος
3038 2660 3369 2726 Βασιλείδου,
3398 2664 3562 2730 πόσος
3591 2667 3876 2722 Οὐαλεντί-

2301 2766 2431 2817 νου;
2460 2749 2629 2817 Τοῦτο
2654 2750 2762 2824 γάρ
2794 2752 2909 2804 ἐστι
2932 2751 2992 2804 τὸ
3022 2752 3149 2821 περὶ
3174 2751 3279 2804 τῶν
3301 2753 3515 2809 ἀσεϐῶν
3544 2760 3878 2829 προφητευό-

2304 2858 2463 2914 μενον
2490 2844 2587 2897 καὶ
2630 2842 2918 2913 λεγόμενον
2965 2844 3024 2897 ὲν
3059 2844 3162 2916 τῷ·
3220 2844 3727 2914 Ἐτεκνοποίησαν
3769 2851 3870 2906 καὶ

2297 2934 2596 3001 ἐποίησαν
2616 2934 2865 3002 καρπόν.
2902 2933 3117 3003 Ἐτγὺς
3140 2934 3198 2987 ετ
3224 2933 3306 2988 σὺ
3323 2935 3429 2989 τοῦ
3447 2937 3743 3005 στόματος
3764 2943 3873 2994 αὐ-

2298 3025 2437 3091 τῶν,
2451 3025 2647 3094 πόρρω
2663 3024 2731 3077 δὲ
2749 3024 2868 3079 ἀπὸ
2885 3023 3003 3078 τῶν
3016 3025 3253 3094 νεφρῶν
3270 3024 3487 3080 αὐτῶν.
3519 3027 3874 3098 Ὀνομάζουσι

622 3139 657 3174 ιι
707 3121 911 3176 renibus
954 3135 1162 3173 eorum.
1208 3115 1506 3170 Nominant
1543 3116 1729 3172 lesum
1761 3125 1816 3172 et.
1853 3131 1960 3171 non
1995 3116 2195 3174 habent
2222 3132 2266 3193 ο
2298 3134 2318 3173 1

2175 3124 2266 3193 ιο
2298 3117 2359 3173 τὸ
2403 3115 2578 3187 Ἰησοῦ
2615 3115 2804 3187 ὄνομα,
2840 3116 2941 3170 οὐκ
2967 3115 3147 3187 ἔχουσι
3178 3117 3235 3170 δὲ
3269 3116 3360 3171 τὸν
3403 3116 3628 3189 Ἰησοῦνο
3663 3119 3725 3172 οὐ
3762 3120 3871 3192 γὰρ

619 3226 780 3279 eum;
827 3226 1004 3282 neque
1045 3210 1189 3264 enim
1238 3209 1390 3263 illum
1438 3207 1767 3263 conﬁtentur
1798 3216 1860 3263 ιιι
1887 3206 2189 3264 Christum.

621 3302 693 3359 Ει
723 3313 802 3371 tu,
833 3302 1073 3369 Domine,
1120 3302 1261 3357 nosti
1282 3342 1297 3368 ,
1328 3311 1379 3357 et
1404 3301 1643 3372 probasti
1671 3316 1762 3354 cor
1783 3316 1954 3354 meum
1984 3301 2039 3353 in
2068 3316 2194 3354 cou-

616 3407 798 3466 spectu
842 3404 950 3450 tuo.
1003 3393 1298 3465 'Sanctiﬁca
1330 3395 1453 3449 illos
1482 3395 1538 3448 in
1572 3394 1658 3447 die
1695 3391 2074 3461 interfectionis
2099 3408 2191 3446 eo-

617 3504 736 3541 rum
758 3486 826 3544 ”.
893 3485 1035 3554 Quid
1071 3486 1266 3542 faciam
1300 3494 1374 3542 ἰιι
1402 3485 1506 3541 hoc
1531 3482 1840 3555 exponam?
1897 3479 2191 3539 Tormenta

619 3580 1289 3651 lseesanctiticationem
1323 3586 1480 3634 vocat
1499 3577 1806 3647 eorumqui
1841 3584 2186 3647 torquentur.

601 3672 904 3741 Sancti/ica
918 3673 1117 3744 quippe
1133 3687 1240 3736 eos,
1256 3671 1357 3736 ait,
1373 3672 1441 3725 in
1455 3671 1541 3724 die
1561 3671 1943 3740 interfectionis
1972 3686 2151 3729 eorum
2167 3687 2187 3736 ;

613 3766 667 3820 id
697 3774 801 3831 est,
833 3780 929 3835 per
965 3767 1069 3820 hoc
1107 3764 1252 3833 quod
1290 3762 1550 3818 interﬁcis
1593 3777 1711 3826 eos,
1751 3762 2032 3817 sanctitica
2069 3775 2184 3817 eos.

611 3858 782 3926 Quem
818 3861 959 3913 enim
993 3857 1169 3928 diligit
1201 3856 1477 3921 Dominus,
1507 3854 1761 3924 corripit;
1811 3853 2049 3925 ﬂagellat
2086 3870 2186 3908 au-

595 3959 716 4004 .tem
748 3963 953 4003 omnem
977 3948 1152 4018 filium
1186 3963 1338 4020 quem
1382 3947 1568 4017 recipit
1591 3946 1660 3999 ⁸ο.

681 4039 735 4097 6.
778 4040 1058 4114 Quousque
1109 4040 1304 4113 lugebit
1353 4049 1520 4105 terra,
1565 4048 1615 4094 et
1655 4030 1834 4109 {eumn
1874 4054 2024 4092 omne
2067 4038 2184 4108 agri

610 4144 811 4191 arescet
860 4152 895 4189 a
934 4134 1145 4190 malitia
1188 4135 1551 4191 habitantium
1608 4132 1664 4187 in
1712 4132 1965 4187 terra“?
2014 4129 2183 4197 Quasi

604 4228 813 4284 animal
839 4228 912 4283 sit
936 4236 1103 4294 terra,
1127 4227 1208 4282 sic
1238 4243 1385 4283 nunc
1408 4226 1651 4298 loquitur
1680 4226 1964 4296 propheta,
1994 4225 2182 4281 dicens

592 4317 793 4389 lugere
834 4332 955 4372 eam
994 4317 1216 4386 quando
1258 4317 1389 4372 mali
1420 4324 1551 4372 sunt
1582 4316 1939 4383 habitatores,
1975 4317 2069 4387 qui
2124 4317 2179 4371 in

605 4427 669 4466 ea
696 4419 1126 4466 commorantur.
1154 4406 1255 4462 Per
1283 4423 1730 4479 unumquemque
1757 4411 1900 4464 enim
1930 4419 2178 4465 nostrum

2299 3206 2648 3279 ὁμολογοῦσιν
2666 3206 2826 3261 αὐτὸν
2854 3206 2926 3270 ὡς
2956 3208 3081 3278 χρή.
3099 3208 3207 3261 Καὶ
3230 3208 3332 3272 σὺ,
3350 3209 3542 3277 Κύριε,
3564 3207 3873 3279 γινώσκεις

2292 3313 2390 3367 με,
2407 3292 2563 3363 εἶδές
2581 3314 2678 3368 με,
2692 3296 3056 3366 ἐδοκίμασας
3075 3299 3191 3367 τὴν
3203 3299 3452 3368 καρδίαν
3461 3319 3579 3371 μου
3594 3302 3870 3357 ἐναντίον

2295 3390 2719 3460 σου.⁹Ἀτνισον
2737 3389 2960 3456 αὐτοὺς
2972 3392 3058 3456 είς
3074 3390 3300 3459 ἡμέραν
3315 3392 3517 3463 σεσαγῆ
3523 3414 3554 3461 ς
3568 3393 3784 3459 αὐτῶν.
3804 3396 3833 3448 Ἰ
3853 3394 3872 3448 ί

2296 3481 2509 3552 ποιήσω
2536 3481 2625 3535 ἵνα
2647 3481 2821 3535 ταῦτα
2851 3481 3169 3550 σαφηνίσω;
3201 3482 3311 3546 Τάς
3332 3482 3578 3548 κολάσεις
3603 3485 3871 3557 ἁγνισμὸν

2295 3570 2442 3639 λέγει
2468 3570 2576 3624 τῶν
2620 3570 3012 3642 κολαζομένων
3064 3573 3354 3641 ’Ἄγνισον
3388 3574 3499 3647 γὰρ
3534 3575 3752 3642 αὐτοὺς
3783 3579 3872 3642 εἰς

2296 3662 2544 3732 ⁵ἡμέραν,
2592 3663 2747 3735 φησὶ,
2799 3660 3036 3731 σφαγῆς
3072 3662 3291 3717 αὐτῶν·
3336 3663 3424 3717 διὰ
3468 3665 3561 3718 τοῦ
3598 3666 3870 3738 σφαγῆναι

2294 3754 2488 3818 αὐτοὺς
2545 3754 2763 3823 ἅγνισον
2817 3752 3034 3816 αὐτούς.
3098 3755 3198 3806 Ὃν
3254 3753 3366 3826 γὰρ
3415 3755 3617 3824 ἀγαπᾷ
3662 3757 3871 3825 Κύριος

2293 3848 2575 3902 παιδεύειο
2590 3846 2875 3919 μαστιγοῖ
2890 3845 2958 3900 δὲ
2982 3845 3177 3902 πάντα
3197 3847 3331 3903 υἱὸν
3360 3848 3432 3903 ὃν
3453 3849 3866 3920 παραδέχεται.

2367 4047 2518 4114 Ἕως
2567 4047 2711 4100 πότε
2745 4045 3031 4113 πενθήσει
3076 4048 3115 4116 ή
3147 4047 3245 4118 γῆ,
3287 4048 3385 4102 καὶ
3427 4053 3459 4103 ό
3502 4053 3713 4120 χόρτος
3759 4052 3868 4106 τοῦ

2289 4140 2474 4211 ἀῃοοῦ
2502 4138 2945 4208 ξηρανθήσεται
2980 4140 3098 4195 ἀπὸ
3134 4142 3348 4207 κακίας
3376 4141 3495 4195 τῶν
3518 4145 3866 4198 κατοικούν-

2288 4248 2406 4285 των
2435 4231 2505 4284 ἐν
2546 4228 2742 4298 αὐτῇ;
2778 4230 3033 4301 Ὠσπερεὶ
3073 4229 3320 4300 ἐμψύχου
3351 4230 3449 4301 τῆς
3484 4231 3586 4301 γῆς
3624 4232 3723 4303 (4),
3771 4233 3867 4286 καὶ

2289 4321 2520 4376 ἐνταῦθα
2548 4320 2853 4389 διαλέγεται
2870 4322 2899 4372 ὁ
2928 4321 3232 4391 προφήτης,
3258 4318 3430 4386 λέγων
3462 4320 3561 4390 τὴν
3590 4322 3694 4390 γῆν
3737 4340 3865 4376 πεν..

2288 4412 2401 4465 θεῖν
2432 4410 2519 4463 διὰ
2563 4410 2662 4480 τὴν
2710 4409 2907 4461 κακίαν
2950 4406 3058 4460 τῶν
3098 4406 3484 4459 ἐπιϐαινόντων
3534 4409 3621 4460 ἐπ’
3667 4409 3860 4479 αὐτήν.

601 4513 772 4568 terra,
803 4511 901 4558 aut
927 4500 1141 4555 laetatur
1172 4499 1229 4554 in
1257 4499 1550 4556 virtutibus
1592 4490 1929 4567 accolarum,
1960 4510 2061 4556 aut
2092 4502 2178 4557 lu-
2211 4493 2255 4548 Ι)
2285 4504 2297 4556 l

2164 4532 2178 4542 -
2211 4493 2255 4548 Ῑ)
2285 4500 2421 4556 Καθ’
2449 4500 2679 4552 ἕκαστον
2706 4492 2797 4550 οὖν
2829 4493 2984 4566 ἡμῶν
3010 4496 3043 4565 ἡ
3088 4494 3161 4564 γῆ
3189 4494 3306 4565 ἦτοι
3348 4493 3534 4548 πενθεί
3563 4495 3595 4567 ἢ
3630 4496 3860 4568 εὐφραί-

608 4607 697 4665 get
734 4598 787 4652 in
815 4596 978 4651 vitiis.
1013 4592 1074 4650 Si
1111 4601 1291 4649 autem
1323 4601 1505 4656 terra,
1538 4602 1939 4664 consequenter
1972 4603 2026 4648 et
2061 4595 2175 4648 ele-
2284 4610 2304 4644 ν

2163 4620 2175 4635 .
2284 4607 2452 4644 νεται.
2496 4590 2567 4642 Ἦ
2610 4587 2719 4659 γὰρ
2748 4584 2934 4640 πενθεῖ
2974 4582 3083 4639 ἀπὸ
3118 4585 3318 4649 κακίας
3360 4584 3470 4639 τῶν
3509 4586 3859 4641 ἐνοικούντων

612 4698 790 4742 menta
841 4698 1056 4755 caetera,
1096 4701 1164 4743 ex
1207 4686 1409 4759 quibus
1457 4693 1513 4739 et
1556 4698 1718 4755 aqua,
1744 4685 1797 4740 id
1817 4694 1921 4749 est,
1950 4685 2175 4755 angelus
2282 4686 2308 4738 ὲ

2162 4702 2175 4740 ι
2282 4686 2340 4738 ἐν
2367 4682 2574 4753 αὐτῇ,ἢ
2599 4677 2942 4751 εὐφραίνεται
2963 4678 3072 4731 ἀπὸ
3089 4677 3472 4750 χρηστότητος.
3491 4680 3605 4749 Ἐφ’
3630 4680 3858 4734 ἑκάστου

611 4778 704 4846 qui
735 4793 898 4846 super
924 4793 1119 4847 aquam
1144 4776 1480 4834 constitutus
1506 4783 1606 4831 est.
1643 4774 1828 4845 Neque
1849 4778 1991 4831 enim
2018 4777 2174 4830 aliter
2281 4792 2307 4827 ο

2155 4793 2174 4830 r
2281 4770 2373 4828 οὖν
2399 4772 2556 4846 ἡμῶν
2583 4770 2714 4826 αὐτὸ
2744 4769 2806 4823 τὸ
2836 4771 3094 4841 στοιχεῖον
3122 4769 3156 4840 ἦ
3185 4769 3553 4840 εὐφραίνεται,
3581 4771 3613 4842 ἦ
3647 4771 3851 4825 πενθεῖ.

1816 4915 1862 4946 ³⁸
1889 4914 2017 4970 Ibid.
2055 4917 2109 4972 ει.
2207 4917 2252 4947 ³⁸
2282 4914 2415 4970 ibid.
2447 4912 2501 4966 5.
2577 4912 2621 4943 ⁸⁰
2655 4909 2818 4965 llebr.
2855 4926 2955 4975 xu,
2984 4910 3038 4965 6.
3165 4909 3207 4940 “
3239 4907 3439 4963 ιρι-ειη.
3469 4923 3570 4973 χιι,
3598 4911 3648 4963 4.

673 4914 911 4972 “lCor.
955 4931 1037 4983 ιιι,
1063 4917 1150 4972 10.
1236 4915 1499 4973 "Jercm.
1533 4931 1629 4981 ιιι,
1664 4916 1710 4969 l.

2352 5055 2443 5126 (ι),
2474 5053 2742 5126 Ὡσπερεί
2782 5052 3064 5126 ἐμψύχου
3091 5049 3203 5126 τῆς
3245 5048 3378 5126 γῇς,
3412 5058 3523 5126 etc.
3569 5047 3705 5103 Cum
3741 5059 3854 5126 tero

2283 5118 2727 5179 ram'inanimam
2755 5118 2878 5178 esse
2903 5118 3128 5177 deﬁniat
3149 5118 3260 5175 hoc
3286 5119 3405 5173 loco
3433 5118 3716 5190 Origenes,
3741 5120 3854 5173 ani-

2281 5202 2482 5249 matam
2525 5201 2706 5248 autem
2754 5208 2863 5246 non
2905 5193 3062 5246 aliter
3103 5191 3208 5245 dici
3241 5205 3402 5260 posse
3429 5204 3591 5260 quam
3627 5203 3724 5260 per
3756 5204 3857 5243 an-

2281 5264 2484 5332 gelum,
2503 5273 2763 5334 tanquam
2792 5262 3022 5334 fortnam
3042 5257 3410 5334 assistentem,
3434 5257 3540 5314 non
3559 5257 3857 5334 informat;-

2282 5328 2423 5394 tem:
2466 5328 2599 5389 satis
2619 5328 2751 5389 inde
2775 5333 3043 5387 evincitur
3069 5330 3333 5399 nonrhuic
3360 5344 3484 5399 eum
3514 5328 3730 5399 penitus
3757 5329 3856 5399 ad-

2284 5402 2507 5459 haesisse
2555 5402 2748 5466 errori,
2778 5417 2958 5470 quem,
2995 5399 3051 5470 ei_
3087 5398 3352 5470 objiciunt
3392 5397 3855 5470 llier‘onymusqin

2273 5473 2518 5541 epistolis
2562 5473 2627 5527 ad
2647 5467 2915 5541 Avitum,
2942 5479 2991 5524 et
3023 5467 3468 5541 Paniniacliiutn,_
3505 5476 3561 5522 et
3586 5467 3850 5541 Justinia-

2272 5536 2378 5598 nus
2419 5542 2471 5596 in
2503 5542 2731 5611 epistola
2770 5539 2838 5592 ad
2865 5537 3098 5611 Menam,
3133 5548 3278 5611 astra
3310 5536 3561 5592 videlicet
3594 5552 3702 5591 non
3729 5539 3847 5611 ani-

2264 5614 2419 5666 mata
2455 5605 2630 5666 solum
2658 5624 2800 5673 esse,
2824 5608 2917 5662 sed
2951 5621 3175 5675 peccare
3205 5605 3368 5659 etiam
3406 5621 3666 5676 posse,ac
3699 5607 3846 5662 salu-

2275 5686 2382 5735 tem
2413 5690 2742 5750 exspectare.
2795 5678 2900 5731 Sed
2932 5678 3046 5731 haec
3074 5676 3143 5729 in
3180 5677 3512 5745 Origeninnis
3541 5676 3846 5730 accuratius

2263 5748 2578 5805 versamus.
2613 5748 2877 5802 Ηυετιυε.

672 5056 751 5127 (ι)
791 5055 899 5111 Καὶ
921 5056 1322 5139 πρεσϐύτερον
1347 5055 1446 5139 καὶ
1472 5058 2018 5139 πεντηκόνταρχον.
2043 5054 2181 5139 ΔΗίιξς

603 5142 890 5199 rouymus,
924 5136 974 5181 et
1012 5128 1267 5180 seniorem
1300 5128 1811 5249 quinquagenarium
1839 5141 1857 5179 :
1887 5128 1940 5181 id
1977 5134 2080 5189 est,
2118 5134 2178 5180 ut

603 5199 766 5249 habet
801 5198 939 5249 idem
969 5195 1329 5249 Hieronvmus
1363 5198 1417 5249 in
1491 5199 1671 5249 ulaata
1698 5213 1712 5249 :
1740 5195 2041 5249 Princinem
2087 5211 2178 5247 su-

603 5195 766 5254 habet
801 5198 939 5252 idem
969 5195 1329 5267 Hieronymus
1363 5195 1671 5267 ianulgata
1698 5213 1712 5249 :
1740 5195 2041 5266 Principem
2086 5211 2179 5267 su-

600 5286 694 5391 ᾔειν
717 5268 1123 5339 quinquaginta.
1172 5264 1374 5320 Gallice
1413 5264 1707 5333 diceretur,
1758 5264 2175 5336 cinquanlenier.

653 5353 865 5391 uanus.

653 5353 1012 5480 ιίιὲἷιῖῗάντες
1053 5408 1107 5480 ot
1142 5405 1492 5470 ἀθετοῦντες
1522 5406 1874 5476 ἀθετήματα.
1912 5404 2176 5480 Hierony-

600 5473 762 5534 mus:
799 5477 991 5533 Omnes
1016 5475 1107 5546 qui
1126 5486 1428 5546 spreverunt
1460 5473 1868 5540 contemnentes,
1903 5474 2063 5544 cujus
2090 5473 2171 5526 in-

600 5547 1005 5618 terpretationis
1032 5545 1297 5601 rationem
1333 5546 1670 5602 eonnninis‘ci
1703 5546 2017 5616 neutiquam
2048 5558 2173 5611 pos—

599 5632 751 5756 suig.)
788 5683 922 5756 Ρρει
971 5687 1392 5756 ἐτεκνοποίησαν
1431 5688 1734 5741 addentium
1769 5690 1850 5742 est
1886 5699 1944 5740 ut
1996 5680 2167 5736 infra:

596 5754 692 5807 καὶ
718 5754 1000 5825 ἐποίησαν.
1277 5754 1285 5756 “
1326 5782 1329 5783 ν
