4296 6288
444 291 544 350 5ϋῦ
1622 293 1686 348 IN
1724 294 2070 350 JEREMIAM
2112 296 2140 350 li

1982 295 2070 350 AM
2112 296 2397 352 HOMlLIA
2434 294 2499 354 Χ.
3577 306 3678 360 566

450 416 511 468 Εί
537 413 596 466 δὲ
639 413 674 482 ἡ
718 409 806 480 γῆ,
850 409 982 478 τάχα
1021 408 1114 460 καὶ
1165 407 1231 459 τὰ
1281 406 1444 459 λοιπὰ
1491 412 1755 479 στοιχεῖα·
1814 408 2013 479 ὁμοίως
2041 416 2088 472 Α
2118 426 2146 479 p

1979 425 2013 471 ις
2041 416 2088 472 Α
2118 426 2341 479 possum
2381 420 2650 482 lugentem
2694 423 2893 467 terram
2925 429 3212 484 erpellere,
3242 434 3335 472 seu
3371 416 3675 476 lmtantem:

456 504 587 574 ὲρῶο
627 503 715 556 καὶ
738 501 895 570 ὕδωρ,
928 500 1022 551 καὶ
1046 501 1074 552 ὁ
1107 498 1202 552 ἐπὶ
1225 496 1318 550 τοῦ
1347 497 1533 561 ὓδατος
1556 500 1887 570 τεταγμένος
1912 500 2012 568 ἄγ-

455 596 625 664 γελος,
671 593 751 644 ἵνα
790 589 1134 661 διηγήσωμαι
1175 588 1270 642 καὶ
1302 588 1401 659 τὴν
1445 590 1549 659 γῆν
1588 590 1922 643 πενθοῦσαν·
1954 591 2015 643 ab

456 684 560 755 γὰρ
584 682 735 736 τοῦτο
761 683 822 735 τὸ
853 681 1010 751 σῶμα
1033 685 1066 752 η
1108 681 1181 751 γῆ
1212 680 1400 734 πενθεῖ
1422 681 1531 734 ἀπὸ
1560 681 1666 735 τῶν
1697 684 2014 735 κατοικούν-

451 793 555 830 των
585 776 643 827 ὲν
673 774 835 845 αὐτῇ,
878 774 1014 827 ἀλλὰ
1062 774 1172 829 νόει
1221 790 1311 843 μοι
1353 772 1487 843 πρὸς
1535 776 1599 843 τῇ
1643 771 1881 836 διατάξει
1921 772 2016 826 τοῦ

450 866 642 928 παντὸς
667 864 997 934 τεταγμένον
1017 863 1134 917 τινὰ
1170 863 1244 933 (1)
1282 863 1509 931 ἄγγελον
1537 864 1628 916 ἐπὶ
1663 863 1758 934 τῆς
1777 864 1901 934 γῆς,
1925 863 2019 917 καὶ

447 956 599 1009 ἄλλον
643 955 977 1025 τεταγμένον
1017 955 1108 1006 ἐπὶ
1145 953 1254 1006 τῶν
1301 953 1530 1014 ὑδάτων,
1581 953 1676 1005 καὶ
1728 952 1884 1006 ἄλλον
1928 953 2020 1004 ἐπὶ

443 1046 536 1099 τοῦ
565 1045 749 1118 ἀέρος,
775 1047 871 1099 καὶ⁸
899 1045 1156 1116 τέταρτον
1185 1044 1276 1096 ἐπὶ
1302 1043 1396 1096 τοῦ
1426 1045 1614 1115 τιτυρός⁶
1649 1043 1820 1106 οὕτως
1846 1041 2019 1096 ἀνάϐα

449 1152 536 1209 μοι
567 1139 646 1209 τῷ
678 1137 822 1208 λόγῳ
853 1139 946 1191 ἐπὶ
975 1138 1074 1208 τὴν
1120 1135 1360 1201 διάταξιν
1392 1139 1572 1190 πᾶσαν
1601 1135 1700 1207 τὴν
1733 1138 1790 1190 έν
1841 1136 2018 1200 ζώοις,

444 1229 544 1300 τὴν
575 1229 634 1281 ὲν
665 1231 870 1297 φυτοῖς,
904 1226 999 1298 τὴν
1030 1229 1088 1280 ὲν
1119 1227 1515 1298 τοῖςιούρανοῖς,
1549 1227 1790 1297 ἄστροις.
1815 1227 2018 1294 Ἀγγε-

445 1319 536 1382 λός
562 1337 647 1383 τις
685 1319 961 1380 τέτακται,
991 1318 1085 1370 xal.
1112 1318 1204 1369 ἐπὶ
1229 1315 1324 1369 τοῦ
1357 1316 1533 1386 ἡλίου,
1565 1317 1658 1368 καὶ
1687 1317 1778 1368 ἐπὶ
1807 1317 1901 1386 τῆς
1935 1333 2023 1368 σε-

446 1406 635 1479 λήνης,
666 1407 822 1470 ἄλλος
861 1409 954 1460 καὶ
981 1407 1074 1458 ἐπὶ
1100 1405 1208 1458 τῶν
1241 1407 1475 1476 ἄστρων·
1511 1401 1654 1459 οὗτοι
1686 1406 1748 1477 δὴ
1776 1407 1826 1458 oi
1857 1405 2024 1474 ἆγγε⁴

447 1498 532 1551 λοι
560 1498 676 1569 μεθ’
704 1492 779 1553 ὧν
810 1499 996 1570 ὲσμεν,
1025 1497 1147 1550 ὅσον
1179 1497 1344 1568 ἐσμὲν
1365 1497 1456 1548 ἐπὶ
1485 1496 1606 1566 γῆς,
1640 1497 1758 1568 ἦτοι
1791 1497 1987 1567 εὐφραί
2006 1529 2022 1537 ι

449 1605 650 1654 νονται,
702 1590 735 1662 ἢ
783 1590 1070 1643 πενθοῦσιν
1111 1590 1194 1657 ἐφ’
1227 1589 1379 1658 ἡμῖν,
1430 1587 1556 1639 ὅταν
1600 1587 2017 1657 ἀμαρτάνωμεν.

450 1682 679 1745 Πενθεῖ,
726 1681 910 1752 φησιν,
965 1683 1004 1750 ἡ
1049 1679 1122 1750 γῆ
1163 1678 1278 1733 ἀπὸ
1321 1676 1439 1730 τῶν
1483 1678 1916 1731 κατοικούντων
1954 1677 2022 1729 ἐν

2117 516 2216 556 nec
2264 518 2458 557 sensus
2502 501 2714 570 recipit,
2764 512 2823 556 ut
2867 503 3183 558 insensibile
3234 522 3431 575 corpus
3478 509 3681 564 sentire

2117 593 2423 655 credamus,
2471 592 2572 645 nisi
2605 600 2662 646 ut
2694 591 3062 661 intelligamus
3097 595 3350 651 omnibus
3390 602 3552 652 rebus
3583 613 3681 651 an-

2119 681 2265 752 gelos
2297 682 2615 750 praesidere,
2648 692 2757 736 tam
2795 693 2952 740 terrae
2990 695 3043 739 et
3073 701 3249 754 aquae,
3285 703 3448 756 quam
3488 690 3600 743 aeri
3629 700 3684 742 ct

2119 773 2264 842 igni,
2311 773 2359 826 id
2405 781 2487 828 est
2527 775 2818 844 principari
2867 776 3181 838 elementis,
3236 787 3290 830 et
3341 778 3444 832 hoc
3495 779 3684 834 ordine

2120 862 2400 929 pervenire
2443 860 2513 915 ad
2555 863 2738 916 omnia
2781 862 3035 916 animalia
3061 905 3077 930 ,
3123 865 3189 918 ad
3233 879 3395 919 omne
3441 882 3684 936 germen,

2121 953 2188 1006 ad
2227 953 2345 1020 ipsa
2373 966 2593 1022 quoque
2638 961 2786 1008 astra
2821 954 3082 1008 coelestia.
3107 953 3263 1010 Alius
3290 957 3514 1024 angelus
3541 973 3680 1026 prae-

2121 1043 2332 1112 positus
2369 1052 2451 1097 est
2493 1043 2689 1097 terris:
2725 1052 2887 1114 atque
2925 1045 2998 1098 ita
3031 1059 3221 1099 omnes
3263 1046 3299 1098 ii
3342 1046 3518 1116 angeli
3564 1065 3688 1102 cum

2122 1134 2320 1203 quibus
2354 1149 2637 1189 versamur
2685 1135 2740 1188 in
2782 1143 2946 1198 terra,
2996 1138 3231 1207 gaudent
3279 1139 3500 1208 quando
3545 1141 3690 1209 juste

2125 1224 2371 1292 agimus;
2399 1224 2617 1293 quando
2643 1226 3006 1294 peccavimus,
3046 1228 3250 1298 lugent.
3298 1226 3520 1298 Lugebit
3549 1239 3692 1285 terra

2123 1314 2187 1365 ab
2233 1315 2472 1366 omnibus
2517 1315 2937 1370 inhabitantibus
2983 1320 3036 1370 in
3077 1335 3157 1372 ea.
3218 1318 3420 1376 Eodem
3467 1324 3692 1378 nomine

2123 1404 2372 1472 angelum
2442 1415 2597 1460 terrae
2661 1409 2934 1476 appellant
2981 1425 3090 1479 quo
3154 1410 3267 1478 ipsa
3319 1424 3687 1484 nuncupatur.

2123 1495 2407 1560 Quomodo
2454 1497 2597 1551 enim
2639 1497 2743 1553 hoc
2778 1500 2925 1568 quod
2971 1515 3134 1554 manu
3183 1501 3386 1558 factum
3431 1513 3514 1559 est
3563 1521 3688 1560 eum

2123 1586 2510 1652 maledicatur,
2553 1587 2897 1643 maledicitur
2947 1597 3001 1643 et
3052 1589 3166 1659 ipse
3206 1592 3300 1660 qui
3349 1590 3479 1647 fecit
3534 1594 3689 1661 illud,

2125 1693 2233 1732 non
2275 1679 2418 1747 quod
2467 1679 2816 1734 maledictum
2863 1681 2936 1736 sit
3001 1682 3146 1751 quod
3189 1685 3372 1738 anima
3415 1700 3481 1740 ac
3527 1701 3690 1741 sensu

451 1771 622 1841 αὐτῇ.
667 1747 1001 1842 ὐμωνύμως
1028 1747 1146 1824 εἷπε
1176 1769 1267 1822 τὸν
1285 1768 1513 1836 ἄγγελον
1537 1767 1637 1836 γῆν
1666 1768 1802 1836 αὐτῇ
1831 1769 1897 1836 τῇ
1925 1768 2018 1836 γῇ.
2053 1747 2097 1801 Β
2127 1785 2147 1823 ε

2005 1805 2018 1818 .
2053 1747 2097 1801 Β
2127 1779 2309 1832 caret,
2362 1771 2455 1824 sed
2503 1771 2646 1825 idem
2690 1771 2890 1826 dicitur
2937 1747 3280 1840 maledictus,
3330 1777 3424 1846 qui
3474 1780 3693 1834 assistet

453 1864 662 1935 Ὠσπερ
703 1863 811 1934 γὰρ
839 1863 900 1916 τὸ
942 1862 1314 1934 χειροποίητον
1357 1857 1752 1930 ὲπικατάρατον
1785 1857 1916 1910 αὐτὸ
1962 1858 2023 1910 τὸ

451 1956 676 2026 ἄψυχον,
709 1956 821 2009 ἀλλ’
854 1955 1068 2026 εἴρηται
1092 1953 1466 2024 χειροποίητον
1493 1951 1555 2004 τὸ
1578 1950 2021 2021 προσκαθεζόμε-

450 2063 540 2099 νον
570 2045 648 2116 τῷ
676 2045 868 2115 ἀψύχῳ
899 2045 1192 2114 ἀγάλματι,
1224 2044 1319 2094 καὶ
1355 2039 1690 2112 χρηματίζον
1723 2039 1917 2108 ὲκείνῳ
1943 2038 2021 2109 τῷ

448 2139 676 2208 ὀνόματι
694 2154 707 2167 ι
734 2135 903 2199 οὔτως
935 2135 998 2204 δὴ
1021 2133 1131 2205 ὲρῶ
1151 2134 1244 2187 καὶ
1272 2133 1376 2202 γῆν
1407 2131 1658 2200 λέγεσθαι
1686 2130 1776 2184 τὸν
1800 2132 1892 2184 ἐπὶ
1921 2131 2025 2201 γῆς

449 2229 786 2298 τεταγμένον
814 2225 1061 2294 ἄγγελον,
1088 2225 1180 2277 καὶ
1211 2223 1354 2295 ὓδωρ
1383 2221 1634 2290 λέγεσθαι
1661 2222 1751 2274 τὸν
1777 2222 1870 2274 ἐπὶ
1899 2221 2025 2274 ὓδα-

448 2335 544 2381 τος
569 2317 898 2387 τεταγμένον
925 2315 1172 2384 ἄγγελον,
1203 2313 1323 2368 καθ’
1369 2313 1398 2366 ὃ
1427 2312 1706 2366 λέλεκται·
1745 2331 1763 2363 ι
1804 2312 2025 2366 Είδοσάν

453 2425 516 2460 σε
558 2406 747 2472 ὕδατα,
769 2407 797 2458 ὁ
818 2405 969 2470 Θεὸς,
997 2403 1206 2457 εἴδοσάν
1233 2419 1292 2455 σε
1323 2402 1510 2466 ὕδατα,
1534 2402 1627 2456 καὶ
1655 2401 2024 2473 ἐφοϐήθησαν,

451 2498 548 2552 καὶ
580 2495 954 2567 ἐταράχθησαν
983 2495 1226 2549 ἄϐυσσοι.
1260 2492 1469 2562 Πλῆθος
1486 2493 1651 2563 ἤχους
1677 2492 1886 2545 ὑδάτων
1910 2509 2024 2561 φω-

449 2591 549 2662 νὴν
581 2589 786 2644 ἔδωκαν
819 2591 874 2641 αἱ
904 2586 1144 2655 νεφέλαι·
1195 2587 1287 2639 καὶ
1317 2585 1426 2656 γὰρ
1454 2583 1522 2637 τὰ
1558 2582 1684 2654 βέλη
1714 2600 1806 2636 σου
1839 2583 2026 2636 διαπο-

457 2681 720 2752 ρεύονται.
756 2699 774 2730 ι

530 2792 548 2823 ι
591 2769 1046 2841 Ἐγκαταλέλοιπα
1086 2770 1177 2822 τὸν
1206 2764 1352 2822 οἶκόν
1384 2785 1505 2838 μου,
1541 2768 1730 2839 ἀφῆκα
1765 2769 1866 2842 τὴν
1893 2769 2025 2841 κλη-

457 2865 710 2935 ρονομίαν
757 2880 878 2934 μου.
918 2861 1135 2916 Ἔδωκα
1174 2859 1272 2931 τὴν
1311 2861 1672 2932 ἠγαπημένην
1712 2858 1888 2932 ψυχήν
1923 2874 2023 2931 μου

453 2959 534 3019 εις
559 2959 746 3026 χεῖρας
775 2953 982 3026 ἐχθρῶν
1025 2953 1214 3022 αὐτῆς.
1259 2970 1276 3002 ι
1320 2951 1421 3004 Ἴδε
1473 2968 1563 3021 μοι
1607 2949 1700 3002 τὸν
1747 2953 1804 3003 ὲν
1843 2954 2022 3023 μορφῇ

2124 1859 2424 1914 insensibili
2465 1861 2795 1928 simulacro,
2833 1863 3024 1918 eodem
3060 1873 3288 1920 vocatus
3328 1867 3550 1922 nomine
3581 1884 3693 1938 quo

2122 1960 2347 2006 vocatur
2379 1953 2430 2006 id
2461 1953 2605 2020 quod
2639 1953 3005 2008 manufactum
3037 1965 3120 2010 est
3147 1975 3159 2010 :
3187 1958 3266 2011 sic
3293 1966 3348 2011 et
3376 1974 3523 2014 nunc
3552 1969 3692 2014 terra

2127 2041 2424 2110 appellatur
2479 2041 2526 2095 is
2574 2042 2798 2110 angelus
2845 2042 2939 2111 qui
2999 2044 3320 2112 praepositus
3369 2054 3451 2099 est
3516 2055 3692 2100 terrae.

2126 2129 2238 2186 Nec
2264 2130 2370 2186 hoc
2413 2139 2623 2184 tantum
2671 2131 2908 2200 accipias
2950 2132 3004 2186 in
3037 2140 3211 2199 terra;
3253 2142 3307 2186 et
3348 2148 3503 2204 aqua;
3532 2135 3694 2188 etiam

2127 2222 2354 2292 angelus
2413 2222 2531 2291 ejus
2583 2223 2849 2277 vocabula
2915 2233 3284 2294 nuncupatur,
3345 2226 3502 2295 juxta
3565 2227 3694 2282 illud

2128 2317 2275 2386 quod
2315 2316 2369 2370 in
2413 2317 2521 2370 alio
2563 2317 2682 2372 loco
2725 2318 2922 2372 dicitur
2951 2319 3035 2372 ης
3080 2318 3330 2375 Viderunt
3363 2331 3412 2376 te
3440 2339 3612 2394 aquaz,
3645 2335 3694 2377 et

2129 2409 2448 2468 timuerunt;
2489 2409 2714 2465 turbata:
2755 2419 2877 2463 sunt
2917 2411 3111 2481 abyssi.
3168 2413 3458 2468 Multitudo
3489 2418 3694 2470 sonitus

2127 2516 2386 2570 aquarum
2420 2517 2593 2554 vocem
2629 2501 2882 2556 dederunt
2922 2503 3102 2571 nubes,
3127 2507 3316 2559 etenim
3347 2509 3558 2576 sagittte
3590 2520 3695 2564 tute

2128 2593 2469 2648 transierunt.

2198 2749 2250 2802 7.
2291 2747 2557 2818 Dereliqui
2602 2749 2817 2803 domum
2872 2766 3062 2815 meam,
3117 2749 3297 2804 dimisi
3335 2750 3694 2806 haereditate»:

2128 2852 2314 2892 meam.
2354 2837 2485 2891 Dedi
2518 2839 2766 2892 dilectam
2808 2841 3042 2896 animam
3085 2856 3250 2893 meam
3281 2842 3334 2894 in
3368 2857 3553 2896 manus
3593 2845 3698 2895 iui-

2125 2930 2377 2983 micorum
2403 2930 2515 2998 ejus
2535 2929 2600 2983 ⁴³.
2651 2929 2784 2986 Vide
2823 2932 2954 2984 mihi
2988 2948 3112 2987 eum
3153 2933 3243 3003 qui
3285 2933 3338 2988 in
3383 2933 3557 2992 forma
3598 2932 3694 2992 Dei

451 3046 587 3099 Θεοῦ
636 3046 948 3117 ὑπάρχοντα
989 3044 1116 3098 ὅντα
1145 3045 1202 3096 έν
1238 3045 1350 3106 τοῖς
1399 3043 1665 3114 οὐρανοῖς.
1709 3041 1816 3096 Ἴδε
1859 3040 2024 3097 αὐτοῦ
2052 3083 2094 3142 C
2129 3037 2147 3076 ί

1999 3019 2094 3142 5C
2129 3021 2458 3077 consistebat
2506 3021 2560 3076 in
2608 3022 2780 3077 cwlis.
2829 3019 2962 3078 Vide
3014 3023 3235 3079 domum
3275 3026 3429 3097 ejus,
3468 3028 3695 3084 thronos

2129 3122 2178 3142 nl
2212 3115 2454 3142 ηυληιιηυ.
2500 3129 2745 3142 ηιιηιςη..Λ
2788 3114 3010 3142 ..Ξ-...ιρυι
3069 3114 3124 3142 οι
3161 3126 3336 3142 una...“
3375 3119 3454 3142 -.:-
3490 3121 3690 3142 -l:_--:,|

451 3139 542 3191 τὸν
583 3134 728 3191 οἰκον
769 3135 1182 3208 ὑπερουράνιον.
1228 3136 1292 3188 El
1339 3133 1516 3204 βούλει
1558 3135 1652 3188 καὶ
1697 3133 2023 3206 ὑψηλότερον

456 3229 604 3291 ἰδεῖν,
630 3230 731 3294 ὅτι,
769 3228 909 3298 Ἐγὼ
947 3229 1016 3280 ἐν
1041 3225 1122 3292 τῷ
1164 3227 1377 3294 Πατρί’
1408 3225 1484 3279 ῐδε
1513 3225 1676 3278 αὐτοῦ
1705 3221 1852 3279 οἷκον
1897 3226 2024 3280 ὄντα

451 3320 542 3372 τὸν
582 3320 736 3372 Θεὸν.
788 3317 1123 3372 Καταλείπει
1153 3317 1244 3369 τὸν
1278 3316 1496 3388 Πατέρα
1539 3317 1633 3370 καὶ
1680 3317 1776 3388 τὴν
1806 3317 2017 3388 μητέρα

451 3410 549 3481 τὴν
577 3412 686 3464 ἄνω
722 3409 1096 3484 Ἰερουσαλὴμ,
1125 3409 1218 3462 καὶ
1262 3407 1478 3479 ἔρχεται
1516 3410 1596 3471 εἰς
1625 3408 1716 3462 τὸν
1745 3405 2020 3478 περίγειον

450 3502 634 3564 τόπον,
662 3502 753 3554 καὶ
781 3501 965 3572 φησίνο
1013 3499 1506 3569 Ἐγκαταλέλοιπα
1540 3499 1648 3553 τὸν
1675 3501 1844 3554 οἶκόν
1869 3517 2011 3569 μουο

449 3595 657 3664 ἀφῆκα
687 3595 800 3664 τὴν
836 3596 1238 3663 κληρονομίαν
1268 3611 1407 3663 μου.
1468 3595 1679 3665 Ἐκείνη
1728 3595 1835 3668 γὰρ
1868 3587 1936 3666 ἦν
1985 3598 2019 3667 ἡ

448 3687 784 3758 κληρονομία
823 3686 1009 3752 αὐτοῦ,
1047 3687 1114 3740 τὰ
1147 3684 1320 3756 χωρία
1345 3683 1414 3737 τὰ
1455 3685 1594 3756 μετὰ
1617 3685 1724 3739 τῶν
1752 3685 2017 3755 ἀγγέλων,

449 3780 482 3849 ή
513 3778 666 3843 τάξις
701 3781 734 3850 ὴ
771 3777 907 3848 μετὰ
948 3777 1057 3830 τῶν
1097 3777 1266 3845 ἁγίων
1296 3775 1596 3848 δυνάμεων.
1643 3776 1870 3831 Ἔδωκα
1907 3777 2022 3845 τὴν

450 3871 839 3940 ἠγαπημένην
853 3867 1062 3938 ψυχήν
1076 3886 1195 3938 μου
1218 3871 1304 3934 εις
1324 3867 1526 3938 χεῖρας
1549 3867 1778 3938 ἐχθρῶν
1799 3867 2014 3938 αὐτῆς.

448 3961 768 4034 Παρέδωκεν
796 3960 957 4013 αὐτοῦ
997 3960 1096 4031 τὴν
1125 3959 1302 4030 ψυχὴν
1329 3961 1410 4022 εἰς
1431 3959 1532 4023 τὰς
1562 3962 1750 4031 χεῖρας
1780 3959 1889 4013 τῶν
1931 3961 2020 4031 ἑχ-

449 4051 592 4123 θρῶν
615 4051 714 4120 τῆς
740 4049 938 4122 ψυχῆς,
966 4051 1046 4114 είς
1072 4054 1258 4121 χεῖρας
1310 4049 1578 4105 Ἰουδαίων
1622 4051 1733 4104 τῶν
1760 4054 2019 4106 ἀποκτει-

445 4143 652 4198 νάντων
676 4144 858 4208 αὑτὸν,
888 4145 968 4206 είς
995 4145 1180 4214 χεῖρας
1200 4141 1473 4214 ἀρχόντων
1497 4143 1871 4213 συναχθέντων
1896 4146 2018 4198 κατ’

446 4236 635 4301 αὐτοῦ,
695 4239 778 4300 είς
809 4239 994 4309 χεῖρας
1036 4234 1331 4306 βασιλέωνο
1365 4234 1440 4304 (2)
1487 4225 1627 4288 δτέ.
1672 4236 2018 4306 παρέστησαν

446 4326 494 4377 οι
520 4324 755 4392 βασιλεῖς
778 4327 875 4397 τῆς
899 4326 1022 4396 γῆς,
1056 4327 1150 4380 καὶ
1176 4327 1225 4379 al
1259 4325 1521 4398 αρχοντες
1554 4325 1894 4397 συνήχθησαν
1923 4328 2016 4380 ἐπὶ

445 4417 507 4470 τὺ
547 4418 678 4471 αὐτὸ
719 4418 860 4472 κατὰ
913 4419 1003 4472 τοῦ
1051 4419 1279 4492 Κυρίου,
1325 4418 1418 4471 καὶ
1461 4419 1603 4472 κατὰ
1643 4417 1738 4471 τοῦ
1777 4417 2011 4489 Χριστοῦ

447 4507 630 4564 αὐτοῦ.
669 4527 688 4560 ι

527 4599 811 4670 Ἑγενήθη
856 4601 897 4668 ἡ
928 4601 1288 4669 κληρονομία
1313 4616 1432 4669 μου
1461 4599 1589 4669 ἐμοὶ
1631 4601 1711 4666 ὠς
1752 4599 1909 4654 λέων
1943 4598 2013 4652 ἐν

446 4691 660 4762 δρυμῷ.
692 4691 840 4763 Αὕτη
877 4692 968 4745 ἐπὶ
1003 4692 1106 4761 γῆς
1147 4691 1478 4762 κληρονομία
1506 4691 1692 4758 αὐτοῦ,
1718 4693 1782 4761 ἢν
1817 4692 2012 4764 κεκλη-

2129 3122 2183 3168 et
2210 3115 2456 3169 excelsas
2498 3129 2747 3184 quasque
2788 3114 3031 3170 virtutes.
3069 3114 3127 3169 Si
3159 3126 3340 3172 autem
3375 3119 3457 3174 vis
3487 3121 3692 3190 aliquid

2121 3206 2411 3262 sublimius
2446 3206 2746 3276 intelligere
2780 3218 2999 3277 propter
3030 3209 3133 3263 hoc
3164 3211 3308 3278 quod
3346 3212 3420 3264 ait
3452 3212 3497 3242 “
3533 3232 3545 3266 :
3579 3212 3694 3284 Ego

2122 3299 2174 3350 in
2201 3297 2385 3362 Patre,
2417 3309 2468 3353 et
2504 3299 2666 3354 Pater
2695 3299 2751 3352 in
2777 3315 2892 3363 me;
2927 3301 3049 3354 vide
3086 3300 3307 3354 domum
3336 3302 3454 3371 ejus
3479 3301 3691 3359 Patrem

2123 3387 2314 3445 Deum.
2343 3390 2620 3461 Relinquit
2637 3389 2853 3444 Patrem
2881 3405 3062 3456 suum,
3086 3402 3139 3445 et
3160 3400 3386 3447 matrem
3411 3409 3566 3449 suam
3587 3410 3695 3449 ca:-

2121 3481 2308 3536 lestem
2345 3480 2707 3539 Hierusalem.
2726 3482 2976 3551 venitque
3001 3481 3056 3535 in
3078 3481 3234 3554 187
3258 3483 3401 3538 hunc
3418 3491 3692 3538 terrenum

2122 3570 2322 3635 locum,
2355 3581 2409 3627 et
2431 3573 2507 3626 ait
2535 3590 2550 3626 :
2584 3573 2790 3644 Reliqui
2821 3575 3034 3626 domum
3073 3588 3263 3639 meam,
3308 3575 3487 3628 dimisi
3522 3575 3691 3628 haere—

2121 3663 2341 3717 ditatem
2375 3680 2563 3718 meam.
2595 3663 2688 3719 Illa
2709 3671 2825 3719 erat
2851 3663 3140 3718 liaareditas
3167 3663 3284 3731 ejus
3315 3661 3690 3732 possessiones

2121 3754 2396 3824 angelicae,
2429 3764 2484 3810 et
2514 3762 2824 3812 sanctarum
2857 3754 2992 3810 ordo
3040 3753 3322 3808 virtutum.
3376 3751 3511 3805 Dedi
3552 3753 3690 3806 dile-

2121 3855 2260 3899 ctam
2294 3847 2527 3900 animam
2557 3861 2726 3898 meam
2756 3843 2812 3898 in
2849 3860 3036 3898 manus
3069 3842 3400 3894 inimicorum
3436 3859 3686 3896 meorum.

2121 3937 2368 3992 Tradidit
2402 3937 2640 3991 animam
2677 3949 2831 3990 suam
2863 3934 2916 3988 in
2951 3948 3147 3988 manus
3178 3933 3522 3988 inimicorum
3554 3950 3686 3989 suo-

2120 4039 2266 4091 rum,
2311 4027 2364 4079 in
2402 4040 2597 4079 manus
2629 4021 2941 4078 Judteorum
2984 4023 3418 4080 interﬁcientium
3449 4041 3595 4091 cum,
3633 4026 3685 4077 in

2119 4126 2318 4168 manus
2369 4108 2676 4180 principum
2722 4117 3170 4180 congregatarum
3204 4113 3491 4167 adversum
3520 4129 3597 4174 se,
3634 4114 3685 4164 in

2119 4217 2316 4257 manus
2357 4216 2568 4272 regum,
2614 4201 2871 4270 quoniam
2912 4202 3192 4255 astiterunt
3232 4218 3374 4271 reges
3417 4213 3588 4266 terra,
3639 4217 3685 4257 et

2117 4298 2378 4367 principes
2417 4303 2760 4348 convenerunt
2806 4295 2861 4347 in
2901 4309 3063 4348 unum
3101 4296 3348 4352 adversus
3382 4295 3684 4364 Dominum,

2044 4415 2088 4471 υ
2118 4398 2170 4444 et
2199 4389 2447 4443 adversus
2471 4385 2739 4440 Christum
2771 4386 2882 4455 ejus
2905 4387 2970 4442 ".

2186 4589 2240 4643 8.
2284 4587 2456 4642 Facta
2496 4595 2571 4639 est
2621 4587 2900 4640 ltwreditas
2947 4602 3060 4640 mea
3116 4586 3271 4662 mihi.
3312 4587 3446 4642 sicut
3501 4588 3578 4644 (eo
3629 4591 3682 4644 in

2116 4681 2252 4734 silva
2274 4679 2342 4733 ".
2376 4679 2482 4734 Ista
2521 4692 2642 4747 quae.
2683 4693 2846 4746 super
2886 4685 3084 4730 terram
3113 4685 3229 4730 erat
3258 4677 3541 4733 haereditas
3565 4681 3683 4747 ejus

447 4783 766 4855 ρονόμηκεν,
803 4781 1146 4853 ὲπεθηριὼθη
1177 4782 1312 4854 πρὸς
1349 4783 1531 4849 αὐτὸν,
1575 4783 1669 4836 καὶ
1706 4783 1927 4851 γέγονεν
1973 4784 2006 4854 ἡ
2117 4788 2143 4842 q

1984 4784 2006 4854 η
2117 4785 2281 4842 quam
2322 4769 2423 4824 sibi
2455 4768 2689 4837 elegerat
2715 4769 2768 4821 in
2808 4767 3228 4836 possessionem,
3258 4784 3377 4838 qum
3407 4785 3532 4839 pars
3562 4773 3680 4841 ejus

445 4873 776 4946 κληρονομία
837 4872 1100 4935 Ἰουδαῖοι,
1171 4872 1594 4943 ὲξαγριωθέντες
1665 4875 1783 4925 κατ’
1841 4873 2006 4926 αὐτοῦ
2113 4867 2141 4921 fl

1983 4873 2006 4926 ὖ
2113 4867 2310 4933 fuerat,
2336 4861 2555 4917 efferata
2587 4868 2671 4916 est
2692 4861 2955 4915 adversus
2987 4874 3134 4922 eum,
3163 4868 3215 4912 et
3243 4858 3381 4914 facta
3409 4871 3492 4914 est
3519 4862 3679 4916 luere-

442 4967 517 5032 ὡς
540 4968 675 5022 λέων
720 4970 776 5020 ἒν
814 4965 1026 5038 δρυμῷ.
1057 4965 1133 5016 Ob
1169 4963 1478 5034 θαυμαστὸν
1509 4967 1556 5018 εί
1577 4965 1698 5018 τότε
1730 4967 1945 5033 ἐγένετο
1973 4969 2005 5039 ἡ
2111 4958 2138 5012 d

1979 4969 2005 5039 ἡ
2111 4958 2255 5012 ditas
2284 4955 2422 5024 ejus,
2467 4953 2517 5007 id
2566 4960 2649 5006 est
2693 4949 2887 5016 Judaei,
2936 4950 3092 5018 quasi
3141 4949 3225 5003 leo
3269 4953 3322 5004 in
3368 4951 3522 5005 silva.
3566 4951 3675 5006 Nec

443 5060 770 5131 κληρονομία
820 5058 986 5112 αὐτοῦ
1039 5057 1114 5120 ὡς
1148 5055 1283 5109 λέων
1312 5058 1369 5110 ὲν
1407 5056 1620 5128 δρυμῷ.
1674 5055 1789 5110 Νῦν
1833 5056 1910 5110 ἔτι
1946 5060 2004 5110 ὲν
2112 5064 2139 5103 li

1977 5075 2004 5110 ν
2112 5045 2418 5103 mirandum
2459 5053 2541 5098 est
2583 5043 2628 5097 si
2675 5051 2784 5096 tam
2827 5040 2964 5094 truci
3001 5041 3192 5096 bellua:
3219 5051 3530 5110 comparata
3560 5044 3626 5096 sit
3661 5063 3673 5096 :

441 5151 627 5224 δρυμῷ
649 5151 862 5213 λέοντές
898 5152 1002 5204 εἱσι
1030 5147 1480 5219 καταθεματίζειν
1521 5147 1596 5219 (5)
1645 5147 1888 5212 θέλοντες
1915 5147 2006 5201 τὸν
2113 5154 2137 5191 Il

1979 5165 2006 5201 ν
2113 5152 2287 5208 usque
2338 5137 2402 5189 ad
2449 5143 2764 5204 praesentem
2804 5131 2946 5185 diem
2996 5131 3180 5185 leones
3231 5143 3358 5186 sunt
3409 5131 3462 5185 in
3516 5132 3675 5209 silva,

510 5307 554 5338 δ’
583 5304 726 5361 Psal.
755 5321 939 5373 Lxxvt,
971 5305 1057 5361 17.
1132 5305 1176 5336 ⁸³
1199 5301 1396 5359 Jerem.
1420 5319 1522 5380 an,
1551 5303 1601 5358 7.
1677 5303 1723 5337 “
1751 5303 1908 5360 Joan.
1940 5315 1996 5365 ι,
2023 5299 2112 5356 58.
2188 5295 2206 5325 ⁸

1420 5319 1522 5380 an,
1551 5303 1601 5358 7.
1677 5303 1723 5337 “
1751 5303 1908 5360 Joan.
1940 5315 1996 5365 ι,
2023 5299 2112 5356 58.
2188 5294 2234 5325 ⁸⁸
2257 5291 2460 5346 Psalm.
2491 5304 2554 5355 ιι,
2589 5288 2644 5341 2.
2721 5286 2766 5318 ⁵⁸
2802 5284 2912 5340 Jer.
2934 5284 3107 5351 xn,.,8.

401 5458 406 5462 '
441 5446 588 5524 mn)
623 5430 989 5524 Τεταγμέἱροτς
1009 5445 1160 5513 τινά,
1179 5407 1285 5503 etc.
1315 5437 1698 5524 Ιαξθιίθ’ῐη]ιᾳιιει
1716 5448 1998 5524 Origenes,

1983 5488 1998 5513 ,
2179 5432 2768 5524 (ξηίαξαθςματίτειγ-
2809 5430 3034 5524 Feste
3063 5444 3400 5524 citatas";
3413 5428 3673 5524 P“'1‘.’.‘f°'

440 5498 656 5587 ιίδῖῘίιῄ
667 5498 883 5570 asta;
898 5498 1134 5584 cum;
1147 5498 1423 5573 ἠἰὶῐπίῗέῐ
1437 5498 1776 5587 agrian"
1793 5498 1998 5582 ἰῗόἱὶῧῑῖ
2109 5526 2136 5582 ι]

1979 5498 1998 5574 ί
2109 5498 2299 5587 pudi'at
2319 5498 2667 5587 “Steplianus,
2714 5500 2968 5587 romani,
3003 5500 3268 5587 Πολυβῦ,
3509 5514 3671 5587 quam

442 5570 509 5641 η
538 5585 590 5639 in
613 5584 776 5641 Num.
913 5570 918 5571 ί
1113 5570 1126 5584 ’
1301 5570 1310 5572 ’
1347 5570 1362 5573 ἡ
1387 5570 1402 5572 ﬁ
1520 5570 1604 5582 ’”’
2109 5570 2293 5635 attulit
2319 5570 2577 5628 Erasmus
2621 5573 2675 5626 in
2707 5570 3149 5641 Adnotationibus
3182 5571 3238 5624 in
3283 5570 3476 5625 Matth.
3521 5584 3671 5634 mn,

511 5655 588 5724 (2)
630 5639 775 5711 ’ότᾷ
821 5653 1178 5728 Hieronymus
1211 5656 1415 5724 legebat
1445 5661 1544 5727 ὅτι,
2112 5649 2202 5712 74,
2230 5659 2502 5717 quamque
2531 5645 2764 5713 plurima
2797 5639 3125 5710 exemplaria
3160 5649 3572 5712 repraesentant,
3621 5653 3676 5698 et

4217 2461 4227 2562 ἔ

4221 2563 4227 2612 ἰ

4219 2755 4229 3004 i

4223 3005 4229 3084 ἴ

4235 3768 4241 3850 i

4235 3876 4241 3966 ὲ

4237 4039 4243 4117 Ι

4237 4168 4243 4272 i

4239 4291 4245 4386 γ
