4296 6288
597 404 702 458 571

2064 407 2385 464 ()RIGENIS

3712 406 3836 472 ’572

600 523 728 579 Plus
755 540 784 578 a
816 522 1160 601 tne.cxigilur
1180 535 1342 588 quam
1372 535 1402 573 a
1430 520 1695 588 diacono;
1731 524 1852 592 plus
1878 541 1907 579 a
1930 525 2162 583 diacono
2192 536 2237 590 Α
2267 545 2296 581 ιι

2136 542 2162 581 ο
2192 536 2237 590 Α
2267 528 2450 582 πλεῖον
2497 529 2827 584 ἁπαιτείται.
2883 531 2977 585 Διὰ
3018 532 3172 587 τοῦτο
3217 534 3247 587 ὸ
3295 532 3725 605 πεπιστευμένος
3767 536 3832 588 τὰ

601 630 763 682 quam
790 630 817 668 a
852 614 1006 667 laico.
1039 610 1139 675 Qui
1175 624 1303 664 vero
1333 612 1499 667 latius
1531 611 1787 669 Ecclesiae
1817 631 1995 670 arcem
2023 618 2165 672 obti-

601 716 711 769 net,
751 722 848 776 pro
874 705 1020 758 omni
1075 702 1312 759 Ecclesia
1375 706 1559 762 reddet
1607 709 1893 764 rationem.
1944 710 2166 781 Propter

601 797 703 850 ltoc
742 794 1022 864 apostolus
1054 793 1258 849 Paulus
1305 795 1577 863 (videlicet
1628 806 1688 851 ut
1728 799 1775 854 is
1814 801 1902 854 cui
1951 800 2165 856 fuerant

601 886 767 939 multa
799 885 1115 953 commissa)
1149 885 1327 939 aiebat
1349 886 1395 918 ⁸³
1431 905 1443 939 :
1476 885 1564 941 Sic
1603 904 1695 941 nos
1725 891 1986 944 existimet
2012 891 2162 946 homo

597 986 651 1026 ut
684 976 957 1030 ministros
988 975 1210 1043 Christi,
1236 985 1287 1030 et
1306 977 1690 1044 dispensatores
1715 993 2163 1036 sacramentorum

593 1069 709 1125 Dei.
744 1068 849 1123 Hic
861 1069 981 1139 jam
1000 1071 1256 1140 qttteritur
1283 1072 1422 1124 inter
1452 1071 1841 1140 dispensatores
1885 1083 1944 1126 ut
1987 1074 2161 1142 ﬁdelis

592 1168 710 1236 quis
742 1166 1058 1220 inveniatur.
1103 1164 1160 1219 In
1199 1174 1406 1220 tantum
1455 1181 1637 1220 rarum
1685 1176 1769 1221 est
1811 1167 2012 1221 bonum
2050 1169 2160 1222 dis-

590 1265 932 1326 pensatorem
978 1255 1243 1322 invenire,
1287 1264 1345 1310 ut
1383 1254 1562 1323 Jesus,
1588 1257 1682 1326 qui
1719 1265 2011 1326 antequam
2049 1259 2158 1311 ori-

593 1355 779 1400 rentur
819 1362 880 1401 ea
923 1362 1045 1416 quae
1092 1356 1249 1400 erant
1294 1346 1475 1402 futura
1520 1357 1864 1419 cognoverat,
1907 1349 2157 1418 loquere-

590 1447 678 1492 tur
704 1438 751 1470 "
779 1456 792 1491 :
829 1438 960 1502 Quis
986 1447 1141 1506 putas
1168 1448 1244 1493 est
1279 1438 1451 1508 ﬁdelis
1482 1438 1822 1509 dispensator
1844 1449 1893 1495 et
1924 1442 2154 1509 sapiens,

587 1544 737 1599 quem
763 1529 1037 1584 constituit
1066 1528 1317 1583 Dominus
1346 1546 1502 1598 super
1533 1531 1797 1599 familiam
1826 1548 2000 1597 suam,
2029 1533 2156 1586 dare

586 1622 640 1673 in
674 1630 898 1687 tempore
934 1621 1136 1674 cibaria
1180 1620 1438 1674 conservis
1478 1621 1634 1675 suis?
1660 1622 1724 1675 Et
1748 1632 1870 1692 post
1896 1624 2153 1692 pusillum

586 1718 845 1765 causatus
871 1709 939 1764 de
970 1707 1296 1778 quibusdam
1336 1709 1803 1778 dispensatoribus
1835 1713 2038 1781 intulit,
2072 1715 2154 1768 di-

587 1815 719 1855 cens
742 1801 786 1832 ⁸⁷
809 1819 821 1853 :
851 1798 912 1854 Si
943 1810 1117 1854 autent
1144 1802 1362 1872 incipiat
1390 1805 1561 1855 malus
1590 1818 1765 1857 servus
1793 1803 1964 1858 dicere
1990 1820 2009 1858 :
2036 1804 2153 1860 Μο-

587 1899 742 1943 ratur
776 1889 1020 1945 dominus
1051 1906 1193 1945 meus
1221 1892 1424 1955 venire;
1459 1903 1511 1945 et
1545 1891 1705 1961 190
1728 1894 1937 1961 coeperit
1956 1894 2153 1949 ccedere

583 1996 757 2035 servos
786 1989 835 2033 et
864 1980 1110 2047 ancillas,
1137 1991 1185 2036 et
1217 1980 1500 2048 comedere,
1521 1992 1568 2036 et
1601 1983 1789 2047 bibere,
1807 1993 1855 2037 et
1878 1983 2150 2051 inebriari,

582 2073 722 2125 venit
759 2071 1018 2125 Dominus
1046 2073 1182 2126 serui
1214 2073 1361 2125 illius
1402 2075 1456 2126 in
1491 2074 1578 2128 die
1603 2091 1708 2144 qua
1742 2092 1841 2129 non
1870 2085 2064 2145 sperat,
2100 2087 2152 2131 et

580 2164 712 2217 hora
731 2178 833 2232 qua
861 2162 1046 2229 nescit,
1067 2171 1117 2216 et
1138 2164 1329 2218 dividit
1352 2165 1528 2230 illum,
1555 2174 1603 2218 et
1634 2175 1834 2233 partem
1858 2167 2003 2220 illius
2030 2183 2150 2222 cum

579 2252 882 2322 inﬁdelibus
921 2253 1090 2323 ponit.
1138 2252 1265 2311 llaec
1301 2256 1355 2309 in
1400 2270 1466 2310 eo
1516 2257 1662 2326 quod
1713 2257 1971 2328 scriptum
2020 2268 2144 2314 est:

581 2347 725 2402 Cleri
749 2361 930 2401 eorum
955 2362 1059 2400 non
1087 2348 1372 2416 proderunt
1404 2347 1501 2401 eis.

649 2436 706 2493 4.
748 2435 1040 2494 Videamus
1062 2447 1243 2493 autem
1274 2447 1327 2494 et
1364 2438 1587 2508 reliquis
1630 2439 1992 2495 necessariam
2026 2455 2148 2496 cor-

581 2529 903 2600 reptionem,
955 2545 1141 2601 quam,
1185 2539 1244 2585 ut
1281 2531 1414 2585 mihi
1444 2532 1676 2597 videtur,
1709 2531 1763 2585 in
1803 2532 1995 2586 morali
2027 2532 2146 2587 loco

576 2625 839 2681 debemus
877 2625 1120 2695 accipere
1154 2644 1166 2678 :
1204 2624 1607 2696 Confundimini
1651 2643 1683 2679 a
1722 2624 2034 2695 gloriatione
2063 2641 2147 2679 ve-

576 2727 713 2782 stra,
765 2718 832 2770 ab
886 2717 1160 2785 opprobrio
1208 2719 1261 2771 in
1311 2726 1590 2786 conspectu
1640 2715 1852 2769 Domini
1872 2715 1939 2768 ⁵⁸.
1979 2715 2145 2771 Multa

579 2815 709 2863 sunt
762 2807 817 2861 in
880 2807 1080 2875 quibus
1130 2808 1424 2875 gloriantes
1477 2806 1846 2876 insipientiam
1902 2816 2143 2863 nostram

579 2897 938 2953 ostendimus.
976 2895 1132 2952 Verbi
1168 2899 1339 2968 gratia
1375 2916 1389 2952 :
1419 2899 1465 2954 si
1496 2899 1589 2968 qui
1630 2899 1682 2952 in
1715 2899 1898 2954 multis
1932 2914 2146 2969 posses-

579 2988 826 3045 sionibus
856 2988 1181 3059 gloriantur,
1213 2991 1346 3046 dicit
1379 2991 1464 3046 eis
1496 3009 1508 3044 :
1544 2990 1946 3069 Confundimini
1972 3010 2005 3049 a
2032 2994 2144 3064 glo-

580 3080 807 3134 riatione
831 3093 1020 3135 vestra.
1057 3080 1115 3136 Si
1149 3081 1243 3151 qui
1272 3081 1577 3152 gloriantur
1610 3082 1665 3137 in
1703 3083 1917 3152 generis
1948 3084 2145 3139 nobili-

2272 619 2481 690 μεγάλα
2500 622 2529 673 ὁ
2555 621 2894 685 ’Δπόστολος,
2937 623 3224 687 Ἀκούετε,
3248 626 3411 696 φησίν
3429 642 3442 656 ·
3465 625 3654 692 οὕτως
3679 625 3834 697 ἡμᾶς

2262 708 2583 781 λογιζὲσθω
2627 711 2936 781 ἄνθρωπος
2965 715 3045 780 ὡς
3073 715 3371 782 ὑπηρέτας
3398 716 3680 783 Χριστοῦ,
3731 718 3832 771 καὶ

2263 803 2616 872 οἰκονόμους
2634 804 2981 873 μυστηρίων
3006 805 3172 860 Θεοῦ.
3222 806 3282 858 Ὁ
3313 805 3380 858 δὲ
3410 805 3626 860 λοιπὸν
3646 805 3828 874 ζητεῖ-

2261 907 2356 944 ται
2396 891 2467 944 ἐν
2505 890 2628 958 τοῖς
2672 895 3023 962 οἰκονόμοις,
3068 894 3168 946 ἵνα
3207 894 3419 959 πιστός
3458 911 3547 959 τις
3588 893 3824 963 εὑρεθῇ.

2261 981 2370 1035 Καὶ
2401 981 2558 1035 οὓτωι
2600 983 2821 1037 σπάνιόν
2856 988 3001 1037 ἐστιν
3031 984 3312 1054 εὑρεθῆναι
3336 984 3609 1055 οἰκονόμον
3635 985 3826 1039 πιστὸν

2267 1072 2584 1126 stabulor
2629 1074 2835 1145 Ἰησοῦς
2863 1076 2891 1128 ὁ
2920 1073 3073 1139 εἰδὼς
3106 1076 3171 1130 τὰ
3195 1075 3369 1129 πάντα
3402 1075 3822 1147 πρὶν-γενέσεως

2259 1164 2436 1217 αὐτῶν
2457 1164 2623 1233 λέγει·
2655 1167 2749 1231 Τίς
2772 1166 2888 1234 ἄρα
2913 1167 3083 1220 ἐστὶν
3105 1170 3138 1221 ό
3167 1167 3382 1233 πιστὸς
3401 1168 3702 1235 οἰκονόμος
3720 1167 3820 1220 καί

2257 1255 2560 1324 φρόνιμος,
2591 1254 2665 1308 ὂν
2690 1256 3056 1324 καταστήσει
3081 1260 3114 1309 ὁ
3150 1256 3353 1324 κύριος
3373 1254 3558 1309 αὐτοῦ
3587 1255 3682 1308 ἐπὶ
3710 1255 3821 1324 τῆς

2257 1348 2449 1413 οὶκίας
2490 1346 2697 1411 αὑτοῦ,
2740 1346 2968 1400 διδόναι
3012 1348 3083 1400 ἐν
3122 1345 3304 1414 καιρῷ
3347 1345 3412 1399 τὸ
3458 1345 3821 1414 σιτομέτριον

2256 1436 2379 1503 τοῖς
2408 1438 2648 1503 δούλοις
2673 1439 2895 1502 αὐτοῦ;
2929 1434 3061 1491 Εἶτα
3107 1436 3378 1508 μέμφεταί
3422 1446 3579 1499 τινας
3619 1435 3828 1489 οίκονόοο

2259 1541 2411 1596 μους,
2441 1526 2536 1579 καὶ
2567 1523 2735 1593 λέγει·
2950 1524 3020 1579 δὲ
3043 1524 3292 1593 ἄρξηται
3329 1527 3362 1578 ό
3395 1524 3579 1590 κακὸς
3604 1523 3825 1589 δοῦλος

2253 1614 2470 1684 λέγειν’
2514 1612 2772 1683 Χρονίζει
2795 1632 2912 1684 μου
2952 1618 2985 1669 ό
3031 1617 3233 1683 κύριος
3259 1614 3557 1684 ἔρχεσθαι·
3590 1614 3689 1668 καὶ
3719 1614 3823 1682 ἆρ-

2257 1702 2430 1771 ξηται
2460 1703 2704 1757 τύπτειν
2730 1704 2871 1769 τοὺς
2910 1704 3295 1770 συνδούλους
3322 1704 3532 1767 αὐτοῦ,
3572 1702 3671 1757 καί
3717 1702 3824 1768 τὰς

2255 1792 2598 1860 παιδίσκας,
2640 1795 2869 1849 ἐσθίειν
2907 1811 2990 1858 τε,
3030 1795 3129 1850 καί
3155 1796 3370 1859 πίνειν,
3402 1797 3500 1849 καὶ
3529 1796 3824 1865 μεθύσκε-

2183 1859 2226 1914 B
2254 1888 2394 1939 σθαι
2411 1901 2424 1914 ·
2456 1859 2589 1953 ἣξει
2618 1887 2653 1938 ό
2678 1886 2880 1955 κύριος
2903 1885 3007 1940 τοῦ
3029 1885 3253 1940 δούλου
3278 1886 3512 1940 ἐκείνου
3634 1886 3822 1955 ἡμέρᾳ

2250 1968 2292 2046 ᾖ
2316 1976 2387 2028 οὐ
2413 1974 2739 2043 προσδοκᾷ,
2774 1976 2874 2030 καὶ
2892 1976 2963 2030 ἐν
2987 1974 3108 2044 ὥρᾳ
3130 1971 3170 2048 ᾗ
3190 1978 3263 2030 οὐ
3291 1976 3585 2046 γινώσκει,
3608 1978 3705 2031 καὶ
3736 1976 3821 2029 δι·-

2253 2067 2573 2137 χοτομήσει
2603 2067 2807 2133 αὐτὸν,
2855 2068 2953 2121 καί
2992 2069 3061 2122 τὸ
3082 2067 3262 2137 μέρος
3298 2069 3483 2123 αὑτοῦ
3514 2068 3665 2138 μετὰ
3700 2066 3820 2121 τῶν

2250 2158 2522 2212 ἀπίστων
2553 2157 2745 2225 θήσει.
2775 2158 2956 2213 Ταῦτα
2990 2159 3089 2231 μὲν
3115 2161 3195 2224 εἰς
3226 2160 3286 2213 τό
3305 2178 3317 2191 ·
3375 2163 3439 2214 Oi
3472 2160 3686 2230 κλῆροι
3713 2161 3821 2214 αὑ-

2251 2248 2369 2301 τῶν
2405 2251 2517 2303 οὐκ
2553 2249 2982 2319 ὠφελήσουσιν
3010 2252 3250 2317 αὐτούς.

2323 2445 2551 2516 Ἴδωμεν
2578 2443 2635 2498 δὲ
2681 2445 2774 2497 καὶ
2808 2444 2932 2513 ἑξῆς
2960 2442 3246 2515 ἐπίπληξιν
3285 2441 3586 2510 ἀναγκαίαν
3620 2443 3686 2514 ἢν
3717 2459 3817 2495 κα-

2246 2537 2336 2591 λὸν
2377 2538 2456 2599 εἰς
2497 2536 2586 2589 τὸν
2628 2535 2816 2605 ἠθικὸν
2860 2536 3024 2588 τόπον
3064 2533 3345 2589 ἀναλαϐεῖν
3376 2533 3673 2600 λέγουσαν
3716 2536 3815 2587 Αί-

2246 2629 2552 2697 σχύνθητε
2585 2628 2701 2681 ἀπὸ
2737 2626 3087 2695 καυχήσεως
3120 2623 3304 2694 ὑμῶν,
3332 2623 3447 2679 ἀπὸ
3472 2623 3810 2691 ὀνειδισμοῦ

2244 2717 2521 2771 ἐναντίον
2548 2718 2787 2785 Κυρίου.
2829 2718 2982 2770 Ἔστι
3014 2715 3136 2770 τινὰ
3168 2719 3225 2768 ὲν
3257 2710 3339 2779 οἷς
3365 2713 3695 2785 καυχώμεθα
3725 2713 3815 2768 διὰ

2245 2813 2344 2882 τὴν
2391 2809 2596 2878 ἄνοιαν,
2632 2810 2733 2864 οὐκ
2776 2805 2924 2863 οὖσιν
2966 2809 3284 2880 καυχήσεως
3325 2807 3526 2873 ἀξίοις*
3579 2800 3688 2859 οἷον
3721 2805 3814 2859 ἐὰν

2245 2902 2584 2974 καυχήσηται
2617 2919 2719 2966 τις,
2747 2902 2827 2955 ὅτι
2854 2900 3106 2965 πλούσιός
3137 2902 3272 2964 ἐστι,
3296 2899 3390 2952 καὶ
3424 2897 3593 2953 πολλὰ
3618 2898 3820 2968 κέκτη-

2244 3008 2357 3056 ται,
2384 2990 2577 3060 λέγοιτ’
2607 2991 2675 3045 ἂν
2708 2991 2844 3063 πρὸς
2877 2990 3036 3044 αὐτόν
3059 3006 3071 3019 ·
3107 2989 3485 3057 Αἰσχύνθητε
3518 2986 3636 3041 ἀπὸ
3664 3002 3808 3039 καυ-

2245 3082 2479 3152 χήσεως
2523 3082 2709 3154 ὑμῶν.
2767 3082 2892 3135 Ἐὰν
2925 3080 3267 3152 καυχήσηταί
3299 3095 3379 3142 1t;
3432 3078 3523 3129 ἐπὶ
3562 3074 3809 3146 εὐγενείᾳ

577 3179 712 3240 tate,
744 3171 945 3227 dicitur
997 3171 1067 3227 ad
1115 3185 1255 3227 eos:
1299 3171 1701 3243 Coufundimini
1746 3189 1778 3226 a
1829 3173 2213 3244 gloriationec
2246 3192 2273 3229 1

2110 3191 2145 3229 te
2169 3184 2213 3244 (ς
2246 3173 2418 3248 ταύτῃ
2449 3177 2515 3246 τῇ
2549 3174 2726 3239 ἐκτὸς,
2771 3171 3092 3244 λεχθήσεται
3125 3171 3261 3242 πρὸς
3309 3167 3498 3221 αὐτόν·
3549 3168 3806 3234 Αἰσχύν-

578 3270 769 3315 vestra.
801 3259 858 3315 Si
882 3262 975 3332 qtti
1007 3261 1322 3333 jactabundi
1351 3261 1610 3318 incedunt
1651 3277 1815 3332 super
1854 3263 2138 3334 pretiosis-

578 3353 734 3408 simis
756 3353 1017 3419 vestibus,
1045 3368 1209 3423 super
1226 3353 1387 3409 domo
1416 3353 1602 3409 multis
1631 3362 1892 3410 exornata
1913 3355 2138 3421 divitiis,

576 3444 753 3501 aliena
779 3452 862 3502 est
894 3444 1094 3514 quippe
1132 3459 1161 3498 a
1194 3444 1514 3515 gloriatione
1554 3454 1891 3512 sanctorum,
1940 3446 2141 3502 dicitur

576 3534 645 3590 ad
676 3550 771 3590 eos
800 3554 812 3590 :
839 3533 1241 3604 Confundimini
1284 3552 1318 3588 a
1361 3535 1673 3606 gloriatione
1719 3546 1908 3592 vestra.
1938 3535 2139 3593 Verum

575 3629 680 3683 ltoc
710 3643 900 3698 parum
931 3633 1035 3683 est.
1069 3627 1210 3683 Audi
1239 3627 1368 3698 quid
1403 3629 1661 3699 loquatur
1683 3629 1736 3683 in
1758 3627 1992 3685 Ieremia
2023 3645 2140 3687 ser-

574 3734 666 3775 mo
698 3720 938 3785 divinus,
974 3719 1174 3790 jubens
1206 3727 1267 3773 ut
1294 3734 1363 3774 ne
1401 3720 1455 3774 in
1496 3720 1763 3792 sapientia
1786 3721 2016 3793 'quidem
2047 3739 2141 3780 no-

574 3820 687 3867 stra
717 3811 1055 3882 gloriemur:
1091 3808 1174 3865 Ne
1217 3810 1490 3882 glorietur,
1528 3813 1703 3883 inquit
1722 3814 1790 3877 δ’,
1833 3817 2040 3884 sapiens
2082 3819 2138 3869 in

573 3904 835 3972 sapientia
862 3921 979 3971 sua,
1006 3920 1096 3958 nec
1121 3903 1275 3973 fortis
1314 3904 1371 3958 in
1406 3905 1716 3974 fortitudine
1736 3923 1855 3972 sua,
1884 3923 1974 3962 nec
1997 3909 2138 3963 dives

573 3996 631 4047 in
664 3994 864 4048 divitiis
895 3997 1042 4059 suis;
1083 3997 1173 4049 sed
1216 3995 1272 4050 in
1302 3996 1405 4051 isto
1434 3996 1690 4066 glorietur
1724 3999 1814 4069 qui
1855 3999 2135 4069 gloriatur,

573 4082 860 4155 intelligere
891 4095 939 4139 et
958 4088 1098 4156 _scire
1134 4087 1259 4157 quia
1295 4105 1386 4160 ego
1430 4105 1544 4145 sum
1579 4088 1857 4144 Dominus.
1892 4087 1984 4145 Vis
2018 4091 2137 4161 glo.

570 4175 725 4239 riari,
769 4188 823 4230 et
853 4176 1244 4247 gloriabundus
1276 4196 1383 4234 non
1411 4179 1600 4235 audire
1627 4202 1640 4235 :
1672 4180 2069 4251 Confundimini
2105 4199 2138 4236 ιι

569 4267 888 4339 gloriatione
930 4272 1145 4325 vestra?
1182 4269 1429 4325 Gloriare
1459 4279 1518 4325 ut
1535 4273 1811 4341 apostolus
1832 4272 2054 4341 Paulus,
2084 4283 2139 4330 et

570 4359 660 4415 dic
683 4361 728 4391 '°
759 4379 772 4414 :
803 4358 940 4413 Mihi
979 4371 1155 4414 autem
1185 4361 1320 4413 absit
1355 4362 1597 4431 gloriari,
1636 4364 1740 4417 nisi
1765 4364 1820 4417 in
1846 4381 1995 4419 cruce
2026 4366 2137 4419 Do.

569 4451 703 4505 mini
735 4449 838 4502 mei
857 4447 988 4502 Jesu
1016 4448 1234 4514 Christi,
1265 4464 1355 4515 per
1381 4466 1532 4517 quem
1558 4451 1685 4502 nti/ti
1719 4452 1943 4506 mundus
1970 4457 2140 4507 cruci.

2240 3271 2380 3336 θητε
2408 3266 2526 3321 ἀπὸ
2564 3263 2916 3335 καυχήσεως
2952 3261 3137 3332 ὑμῶν.
3181 3262 3306 3314 Ἐὰν
3349 3256 3687 3330 καυχήσηται
3724 3275 3806 3322 τις

2240 3358 2333 3411 ἐπὶ
2353 3355 2669 3426 πολυτελείᾳ
2691 3355 2937 3426 ἱματίων,
2955 3354 3048 3407 ὲπὶ
3067 3352 3323 3423 οἰκοδομῇ
3351 3351 3526 3414 οἰκίας
3541 3349 3806 3411 πλουσίως

2240 3428 2776 3518 κατεσκευασμένης,
2807 3443 3060 3516 ἀλλοτρία
3077 3443 3222 3497 ἐστὶν
3247 3445 3280 3513 ἠ
3316 3442 3579 3513 καύχησις
3605 3440 3809 3510 καυχή-

2242 3557 2377 3604 σεως
2392 3541 2579 3608 ἁγίων·
2601 3537 2680 3591 διὸ
2693 3536 3011 3608 λεχθήσεται
3028 3535 3163 3605 πρὸς
3182 3535 3271 3587 τὸν
3285 3532 3540 3587 τοιοῦτον·
3556 3532 3809 3599 Αίσχύνυ

2242 3630 2523 3703 (incedere
2562 3627 2918 3702 καυχήσεως
2949 3626 3128 3699 ὑμῶν.
3162 3627 3361 3683 Ἀκουε
3397 3624 3489 3681 τοῦ
3516 3624 3675 3696 λόγου
3714 3622 3810 3679 τοῦ

2240 3726 2517 3797 προφήτου
2553 3723 2814 3794 Ἰερεμίου
2849 3721 3158 3784 κελεύοντος
3189 3721 3333 3791 ἡμᾶς
3369 3718 3444 3789 μὴ
3475 3717 3801 3788 καυχᾶσθαν

2238 3818 2405 3886 Μηδὲ
2424 3820 2456 3871 ό
2477 3816 2660 3884 σοφὸς
2687 3814 2785 3867 ἐπὶ
2813 3812 2888 3881 τῇ
2908 3813 3095 3882 σοφίᾳ
3109 3810 3315 3874 αὑτοῦ,
3332 3808 3489 3879 μηδὲ
3513 3813 3545 3863 ό
3560 3808 3810 3878 ἰσχυρὸς

2238 3908 2308 3960 ὲν
2328 3906 2403 3975 τῇ
2426 3907 2594 3975 ισχύτ
2609 3904 2815 3968 αὑτοῦ,
2832 3902 2987 3972 μηδὲ
3009 3905 3042 3957 ό
3060 3904 3353 3969 πλούσιος
3377 3903 3448 3957 ἐν
3469 3901 3549 3968 τῷ
3571 3904 3812 3969 πλούτῳ

2239 3997 2448 4061 αὐτοῦ,
2475 3994 2637 4049 ἀλλὰ
2668 3995 2737 4048 ἐν
2761 3996 2948 4062 τούτῳ
2985 3994 3305 4065 καυχάσθω
3347 3997 3381 4048 ό
3405 3992 3807 4064 καυχώμενος,

2239 4088 2474 4144 συνιεῖν
2488 4086 2587 4142 καὶ
2615 4085 2952 4157 γινώσκειν,
2979 4087 3068 4140 ὅτι
3094 4086 3208 4156 ἐγώ
3225 4089 3339 4156 εὶμι
3364 4089 3596 4155 Κύριος.
3622 4085 3809 4150 Θέλεις

2239 4179 2567 4251 καυχᾶσθαι,
2603 4179 2697 4232 καὶ
2727 4177 3078 4249 καυχώμενος
3123 4178 3196 4249 μὴ
3242 4178 3493 4243 ἀκοῦσαι,
3548 4179 3811 4248 Αἰσχύν-

2238 4275 2379 4340 θητε
2412 4270 2531 4325 ἀπὸ
2582 4268 2934 4336 καυχήσεως
2977 4268 3173 4338 ὑμῶν;
3205 4268 3493 4340 Καύχησαι
3526 4269 3601 4333 ὡς
3651 4269 3810 4322 Ἀπό-

2241 4366 2442 4429 στολος,
2490 4365 2583 4418 καὶ
2612 4363 2734 4417 εἰπέ
2754 4379 2768 4393 ο
2818 4362 2977 4431 Ἐμοὶ
3008 4361 3075 4414 δὲ
3097 4360 3182 4431 μὴ
3214 4361 3441 4431 γένοιτο
3470 4360 3807 4430 καυχᾶσθαι

2239 4460 2292 4512 εὶ
2314 4456 2400 4526 μὴ
2428 4456 2498 4509 ἐν
2526 4454 2607 4521 τῷ
2630 4454 2870 4523 σταυρῷ
2889 4454 2995 4508 τοῦ
3017 4453 3235 4520 Κυρίου
3255 4451 3423 4521 ἡμῶν
3459 4450 3662 4520 Ἰησοῦ
3684 4453 3810 4519 Χρι-

565 4542 709 4609 fixus
731 4546 831 4608 est,
862 4550 912 4594 et
933 4556 1025 4611 ego
1053 4540 1268 4593 mundo.
1304 4537 1400 4594 Vis
1428 4540 1668 4609 gloriari,
1695 4551 1748 4598 et
1776 4558 1882 4597 non
1909 4544 2133 4598 audire:
2168 4522 2212 4576 θ
2238 4564 2261 4600 c

2118 4562 2133 4598 :
2168 4522 2212 4576 θ
2238 4522 2411 4607 στοῦ,
2461 4543 2534 4597 δι’
2567 4539 2639 4598 οὗ
2684 4522 2812 4612 ἐμοὶ
2855 4544 3081 4610 κόσμος
3118 4541 3498 4609 ἐσταύρωται,
3528 4536 3688 4608 κάγὼ
3727 4536 3807 4602 τῷ

571 4632 970 4703 Confundimini
1014 4649 1046 4686 a
1092 4630 1407 4703 gloriatione
1448 4634 1662 4686 vestra?
1710 4634 1848 4688 Audi
1903 4632 2134 4690 Paulum

573 4723 915 4793 gloriantem,
945 4735 998 4780 et
1026 4725 1177 4780 disce
1205 4723 1335 4795 quid
1366 4722 1606 4794 loquitur
1628 4724 1669 4756 ⁶¹
1702 4743 1714 4778 :
1750 4724 1993 4780 Libenter
2020 4726 2135 4795 glo-

643 4881 691 4952 ’ἔ
723 4879 745 4952 Al
776 4880 902 4936 Cor.
926 4884 1091 4952 ινδ.
1166 4882 1214 4915 ⁸⁸
1254 4881 1387 4937 Luc.
1427 4897 1526 4945 xu,
1558 4881 1645 4937 42.
1720 4884 1765 4916 ⁸⁷
1807 4883 1939 4939 ibid.
1966 4886 2059 4950 45,
2093 4885 2182 4943 ιθ.
2273 4888 2320 4920 ³⁸

1166 4882 1214 4915 ⁸⁸
1254 4881 1387 4937 Luc.
1427 4897 1526 4945 xu,
1558 4881 1645 4937 42.
1720 4884 1765 4916 ⁸⁷
1807 4883 1939 4939 ibid.
1966 4886 2059 4950 45,
2093 4885 2182 4943 ιϐ.
2273 4888 2320 4920 ⁸⁸
2355 4886 2554 4944 Jerem.
2588 4903 2686 4952 su,
2717 4888 2803 4941 l5.

568 4966 645 5016 νι,
674 4950 762 5005 li.
839 4951 881 4981 ⁶¹
922 4949 966 5007 ll
999 4950 1127 5006 Cor.
1156 4967 1255 5019 ιιι,
1286 4954 1340 5009 9.

566 5113 720 5189 serit,
755 5121 1100 5189 certumnon
1125 5115 1327 5189 habeo.
1345 5114 1401 5189 Id
1439 5132 1569 5172 vero
1590 5115 1978 5189 Hieronymum
2007 5135 2139 5177 con-

564 5183 797 5259 vertisse
813 5184 1115 5259 _ver_isi_mile
1155 5194 1238 5259 est
1266 5186 1331 5241 ad
1365 5184 1671 5242 Romanum
1703 5183 2012 5258 pontiﬁcem
2043 5192 2139 5259 (ut

566 5253 687 5330 ejus
717 5253 1172 5330 verba‘indicant)
1200 5270 1359 5330 quem
1384 5272 1659 5330 su_mmum
1684 5253 2019 5330 sacerdotem
2041 5253 2139 5330 ap-

566 5321 731 5394 pellat
769 5321 918 5393 praef.
950 5324 1008 5397 _in_
1050 5321 1307 5397 syangu.
1339 5326 1403 5379 ad
1440 5325 1756 5397 Damasum,
1787 5337 1842 5384 et
1868 5329 1934 5384 de
1976 5321 2136 5397 cujus

566 5393 831 5464 potestate
854 5394 1042 5450 multis
1057 5393 1278 5450 disserit
1297 5395 1350 5449 in
1377 5396 1534 5465 epist.
1559 5399 1626 5452 ad
1651 5393 1899 5453 eumdem
1921 5393 2136 5463 :Quan-

565 5479 733 5532 quant
753 5466 936 5538 igitur,
967 5465 1166 5538 inquit,
1203 5466 1280 5538 tui
1312 5481 1391 5518 me
1423 5476 1613 5521 terreat
1647 5469 1975 5538 magnitudo,
2000 5469 2139 5538 invi-

569 5542 646 5586 tat
670 5544 843 5607 t_amen
872 5534 1196 5607 humanitas.
1213 5535 1267 5607 :4
1289 5543 1502 5607 pastore
1521 5534 1826 5607 praesidium
1849 5538 1958 5607 ovis
1981 5537 2138 5607 ﬂagi-

568 5610 641 5673 to,
667 5603 895 5671 facessat
932 5606 1131 5661 invidia
1159 5620 1176 5658 :
1200 5601 1428 5659 Romani
1449 5601 1703 5673 culminis
1732 5606 1938 5659 recedat
1975 5601 2139 5659 ambi-

567 5671 640 5723 tio
665 5689 682 5723 :
709 5688 825 5744 cunt
850 5691 1145 5731 successore
1166 5676 1448 5744 piscatoris
1479 5685 1527 5728 et
1553 5675 1817 5744 discipulo
1854 5676 2024 5729 crucis
2053 5676 2134 5728 lo-

564 5755 724 5823 quor.
759 5741 880 5823 ligo.
902 5744 1105 5823 nullum
1125 5741 1399 5823 primum,
1440 5745 1542 5823 nisi
1584 5741 1854 5823 Qltristunt
1896 5762 2131 5823 sequens,

565 5810 881 5868 beatitudini
916 5821 1040 5878 tute,
1083 5810 1145 5866 id
1177 5821 1254 5865 est
1291 5811 1553 5866 cathedra:
1586 5814 1753 5877 Petri,
1777 5810 2135 5870 communione

2237 4637 2462 4704 κόσμῳ.
2486 4633 2668 4698 Θέλεις
2696 4632 3001 4704 καυχᾶσθαι
3029 4632 3114 4684 ἵνα
3138 4630 3212 4702 μὴ
3231 4629 3489 4702 ἐλεγχθῇς
3511 4647 3523 4660 ·
3554 4630 3809 4699 Αἰσχύν-

2238 4731 2379 4794 θητε
2421 4726 2540 4781 ἀπὸ
2565 4725 2915 4795 καυχήσεως
2945 4723 3143 4794 ὑμῶν;
3192 4724 3389 4778 Ἀκουε
3432 4722 3643 4776 Παύλου
3677 4737 3809 4774 καυ-

2903 4887 2949 4918 ⁸⁹
2985 4885 3095 4943 Jer.
3134 4902 3209 4952 Ix,
3236 4883 3330 4951 23,
3357 4884 3443 4938 24.
3543 4884 3589 4916 ⁸⁸
3628 4881 3803 4938 Galat.

2244 5123 2531 5177 consocior.
2563 5119 2733 5190 Super
2753 5120 2902 5173 illam
2941 5128 3142 5190 petram
3166 5116 3487 5186 aediﬁcatam
3513 5108 3807 5190 Ecclesium

2243 5194 2371 5247 scio.
2394 5180 2698 5261 Quicunque
2734 5200 2887 5244 extra
2909 5180 3044 5243 hunc
3065 5180 3486 5261 dontum'agnum
3501 5180 3803 5261 comederit,

2242 5248 2496 5333 profanus
2529 5248 2627 5333 est:
2659 5259 2719 5333 Si
2756 5261 2955 5333 quisin
2978 5275 3105 5333 arca
3139 5255 3254 5333 Noe
3277 5248 3380 5333 non
3405 5252 3585 5333 fuerit,
3616 5248 3805 5333 petith

2245 5318 2490 5403 regnante
2506 5330 2727 5403 diluuia.
2763 5318 2971 5403 Similia
3005 5328 3165 5382 habet
3191 5318 3587 5403 AmbroSiaster
3703 5318 3809 5403 2.5

2240 5387 2410 5468 Epist.
2441 5401 2457 5454 Ι
2489 5402 2555 5454 ad
2584 5399 2760 5453 Tim.:
2793 5398 2858 5453 Ut
2883 5406 3170 5468 cunctatus
3195 5394 3420 5468 mundus
3452 5391 3668 5468 Deisit,
3701 5387 3805 5468 Ec-

2240 5461 2400 5524 clesia
2431 5479 2605 5523 tamen
2635 5469 2819 5538 domus
2844 5469 2957 5538 ejus
2987 5466 3220 5538 dicatur,
3265 5462 3414 5538 cujus
3442 5461 3595 5514 hodie
3610 5467 3807 5538 _rec_tor

2237 5549 2314 5593 est
2345 5538 2624 5592 Damasus.
2655 5528 2959 5591 Romanum
2992 5536 3172 5590 itidem
3205 5528 3514 5603 pontiﬁcem
3547 5547 3576 5584 a
3610 5528 3806 5603 Bullno

2238 5608 2824 5688 designari_probabile_
2858 5618 2958 5687 est,
2989 5620 3127 5688 Icum
3163 5600 3240 5658 ait
3268 5603 3321 5688 in
3354 5600 3800 5688 ἰηιειρεθξαιξςιειξθ

2240 5671 2576 5748 ltomilieel‘i
2609 5676 2858 5748 Origeuis
2884 5679 2953 5748 in
2984 5673 3219 5730 Genes.:
3258 5671 3379 5726 Non
3413 5671 3619 5748 deficiet
3657 5671 3806 5748 prin-

2238 5764 2354 5816 ceps
2375 5763 2440 5800 ea:
2463 5746 2628 5816 Juda,
2652 5744 2803 5799 id'est
2836 5746 2920 5798 ltic
2952 5749 3041 5814 qui
3064 5753 3180 5813 post
3223 5744 3650 5816 resurrectionem
3690 5744 3803 5793 eius

2239 5810 2488 5885 (Christi)
2529 5815 2880 5868 lfcclcsiarum
2914 5810 3152 5884 princeps
3176 5814 3473 5869 ordinatur.
3506 5810 3766 5865 ΙΙυιι-ιιυες
