4296 6288
445 368 559 425 377)

1605 365 1671 418 IN
1708 361 2054 420 JEBEMIAM
2088 356 2374 415 llOMlLlA
2410 354 2501 410 XI.

3591 350 3713 407 δτι

446 489 717 563 χωμὲνου,
768 487 859 542 καὶ
905 488 1163 557 μάνθανε,
1212 488 1341 540 ὅταν
1391 487 1560 561 Myrr
1604 485 1851 543 Ἥδιστα
1905 480 2019 538 οὖν
2044 488 2089 546 Α
2121 499 2142 534 r

2001 501 2019 523 ρ
2044 488 2089 546 Α
2121 482 2298 534 riabor
2324 480 2381 532 in
2417 473 2818 547 inﬁrmitatibus
2858 472 3006 536 meis,
3039 480 3094 525 nt
3125 469 3370 524 inhabitet
3396 468 3463 522 inv
3483 484 3564 523 me
3591 469 3697 522 vin-

450 580 822 651 καυχήσομιιι
846 579 920 633 ἐν
947 578 1080 645 ταῖς
1103 579 1443 644 ἀσθενείαις
1466 594 1607 647 μου,
1642 578 1742 631 ἵνα
1765 577 2020 641 ἐπισκη-

448 671 607 739 νώσῃ
634 671 726 724 ἐπ’
748 669 857 738 ἐμὲ
880 672 920 739 ὴ
951 669 1204 739 δύναμις
1234 670 1340 725 τοῦ
1383 667 1660 738 Χριστοῦ.
1706 668 1905 721 Ἄκουε
1932 660 2021 719 οἶα

448 763 707 833 καυχᾶται
729 762 908 833 καυχή
919 779 1080 833 ματα·
1098 757 1197 815 Ἐν
1219 762 1428 827 κόποις
1446 758 1901 829 περισσοτέρως.
1924 757 2021 820 Τίς

441 853 661 907 δύναται
693 854 859 925 ἡμῶν
907 852 1070 907 τοῦτο
1104 854 1319 919 είπείν;
1369 852 1463 904 Ἐν
1499 847 1799 920 φυλακαᾶν
1838 850 2019 916 ὑπερ-

439 947 805 1011 ϐαλλόντως,
838 945 909 999 ἐν
930 943 1207 1010 θανάτοις
1229 941 1545 1008 πολλάκις*
1577 940 1694 996 ὑπὸ
1730 938 2022 994 Ἰουδαίων

436 1036 722 1105 πεντάκις
736 1035 1191 1106 τεσσαράκοντα
1204 1035 1363 1103 παρὰ
1374 1035 1522 1103 μίαν
1541 1032 1777 1087 ἔλαϐον·
1798 1029 1923 1097 τρίς
1935 1028 2023 1096 ἐῤ‹

427 1127 786 1196 ραϐδίσθην,
804 1126 966 1191 ἅπαξ
984 1125 1334 1193 ἐλιθάσθην,
1348 1124 1476 1193 τρὶς
1484 1121 1848 1192 ἐναυάγησα.
1876 1121 2022 1175 Μαν-

434 1217 675 1290 θάνομεν
689 1219 763 1291 (1)
780 1214 873 1272 οὖν
891 1219 986 1272 καὶ
998 1218 1317 1289 καυχήσεων
1333 1214 1472 1271 εἶναι
1485 1214 1766 1286 διαφοράς·
1779 1212 1854 1277 ῶς
1869 1227 2019 1276 τινας

441 1310 542 1379 μὲν
569 1311 866 1381 καυχήσεις
897 1304 1034 1363 εἶναι
1068 1306 1329 1378 αἰσχύνης
1360 1305 1538 1370 ἀξίας,
1578 1305 1661 1373 ἐφ’
1692 1299 1774 1367 οἷς
1821 1302 2018 1371 λέγοιτ’

438 1400 506 1453 ἂν
535 1402 710 1454 ἐκεῖνο
730 1399 791 1454 τὸ
812 1399 1184 1455 ἀποστολικόψ
1210 1398 1317 1452 Καὶ
1339 1398 1378 1465 ἡ
1403 1395 1553 1461 δόξα
1572 1396 1642 1450 ἐν
1659 1393 1737 1462 τῇ
1754 1395 2016 1463 αἰσχύνῃ

436 1490 658 1545 αὐτῶν.
689 1492 803 1561 Ἐφ’
824 1487 907 1556 οἷς
929 1490 1036 1544 ἔδει
1062 1490 1258 1553 αὐτοὺς
1286 1486 1657 1559 αἰσχύνεσθαι,
1691 1487 1785 1540 ἐπὶ
1810 1485 2018 1549 τούτοις

436 1582 639 1637 οἴονται
667 1581 1006 1649 δοξάζεσθαι.

510 1675 664 1729 Μετά
712 1674 885 1728 ταῦτα
937 1674 1136 1745 ἴδωμεν
1181 1674 1249 1727 τὰ
1297 1674 1425 1746 περὶ
1467 1672 1562 1726 τοῦ
1615 1670 2011 1744 περιζώματος.

442 1765 589 1820 Τάδε
606 1767 717 1840 γὰρ
734 1766 895 1837 λέγει
915 1768 1150 1834 Κύριος·
1173 1764 1396 1831 Βάδιζε,
1424 1766 1523 1820 καὶ
1547 1763 1765 1833 κτῆσαι
1784 1760 2017 1827 σεαυτῷ

435 1856 725 1927 περίζωμα
741 1857 977 1921 λινοῦν,
995 1858 1093 1911 καὶ
1110 1858 1351 1925 περίθου
1368 1858 1501 1926 περὶ
1524 1856 1853 1925 τὴνζόσφύν
1870 1871 2009 1918 σου,

436 1947 537 2001 καὶ
564 1948 633 2001 ἐν
650 1948 821 2002 ὕδατι
848 1947 1134 2016 διελεύσῃ
1164 1947 1261 2018 (2).
1294 1949 1402 2002 Kal
1444 1944 1795 2015 ἐκτησάμην
1815 1945 1882 1999 τὸ
1912 1961 2014 1998 πει

425 2032 650 2104 ρίζωμα
702 2036 855 2089 κατὰ
903 2036 1012 2090 τὸν
1058 2038 1240 2105 λόγον
1286 2036 1529 2104 Κυρίου,
1555 2035 1654 2088 καὶ
1697 2034 2016 2101 περιέθηκα

431 2123 573 2190 περὶ
605 2122 721 2191 τὴν
753 2125 955 2194 ὀσφύν
977 2144 1126 2194 μου·
1163 2127 1261 2181 καὶ
1286 2126 1538 2195 ἐγενήθη
1579 2127 1763 2195 λόγος
1791 2124 2013 2191 Κυρίου

431 2211 589 2281 πρὸς
612 2213 693 2283 μὲ
724 2214 918 2284 λέγων
939 2232 953 2246 ·
982 2215 1137 2270 Λάϐε
1184 2215 1250 2270 τὸ
1291 2214 1583 2285 περίζωμα
1609 2213 1675 2267 τὸ
1719 2215 1853 2282 περὶ
1901 2212 2015 2281 τὴν

338 2360 351 2365 ἡ
430 2304 639 2371 ὀσφύν
672 2319 810 2371 σου,
860 2306 960 2360 καὶ
987 2305 1303 2374 ἀνάστηθι,
1330 2306 1428 2360 καὶ
1470 2305 1735 2371 βάδισοις
1765 2303 1865 2357 ἐπὶ
1908 2304 2016 2358 τὸν

428 2394 771 2464 Εὐφράτην,
812 2396 913 2449 καὶ
934 2395 1324 2464 κατάκρυψον
1353 2396 1500 2450 αὺτύ
1528 2395 1657 2450 ἐκεῖ
1675 2395 1746 2449 ἐν
1770 2394 1845 2463 τῇ
1874 2412 2012 2462 τρυ-

424 2481 614 2555 ιιςιίίᾷ
654 2485 764 2555 τῆς
817 2486 1055 2556 πέτρας.
1111 2488 1265 2541 Μετά
1311 2487 1525 2560 ἡμέρας
1582 2486 1734 2551 τινὰς
1787 2486 2006 2558 ἔρχεται

429 2581 569 2641 εκεῖ,
606 2579 698 2632 καὶ
738 2579 983 2651 εὑρίσκει
1028 2579 1358 2650 διασεσηπὸς
1400 2577 1558 2631 τοῦτο
1588 2576 1650 2630 τὸ
1697 2577 2007 2648 περίζωμα.

432 2668 542 2722 Καὶ
569 2668 817 2741 ἐπιφέρει
835 2671 864 2722 ὁ
887 2668 1088 2740 Κύριος
1107 2668 1282 2732 διδοὺς
1305 2666 1558 2740 ἀφορμὴν
1577 2667 1677 2739 τῆς
1710 2667 2006 2739 ἑρμηνείας

430 2760 526 2812 τοῦ
578 2759 979 2832 περιζώματος,
1028 2760 1233 2829 λέγων·
1277 2758 1554 2828 Καθάπερ
1603 2756 1890 2815 κολλᾶται
1939 2759 2005 2813 τὸ

432 2849 722 2920 περίζωμα
753 2852 905 2920 πρὸς
936 2851 1051 2922 τὴν
1085 2851 1286 2921 ὀσφὺν
1322 2849 1429 2905 τοῦ
1454 2849 1785 2920 ἀνθρώπου,
1819 2850 2007 2916 οὕτως

425 2940 742 3010 ἑκόλλησα
767 2941 920 3011 πρὸς
950 2941 1212 3013 ἐμαυτὸν
1238 2941 1345 2996 τὸν
1387 2936 1556 2997 οἷκον
1585 2942 1692 2997 τοῦ
1734 2941 2004 3009 Ἰσραὴλ,

430 3033 531 3085 καὶ
573 3031 770 3087 πάντα
793 3031 901 3087 τὸν
925 3029 1091 3087 οἷκον
1131 3032 1336 3097 Ἰούδα,
1360 3034 1552 3103 φησιν
1582 3036 1616 3088 ό
1634 3035 1869 3102 Κύριος·
1898 3033 2005 3087 τοῦ

2125 583 2210 626 tus
2248 568 2470 625 Christi.
2509 567 2646 622 Audi
2684 580 2805 637 quae
2836 564 2945 621 sint
2983 562 3168 634 gloria:
3207 562 3263 614 in
3297 561 3496 631 quibus
3520 575 3582 617 se
3615 562 3696 614 vir

2123 660 2312 718 eiii-rat
2329 663 2373 694 "
2402 679 2413 712 :
2447 657 2512 712 In
2551 656 2817 710 laboribus
2848 654 3201 708 abundanter.
3231 648 3367 717 Quis
3392 651 3494 705 hoc
3516 659 3697 721 potest

2122 751 2343 806 dicere?
2393 749 2460 804 In
2498 748 2796 804 carceribus
2844 761 3007 816 supra
3057 743 3291 807 modum,
3341 743 3395 795 in
3441 741 3696 796 mortibus

2121 858 2290 912 serpe;
2322 859 2355 895 a
2392 840 2597 896 Iudicis
2640 838 2917 909 quinquies
2958 835 3327 905 quadragenas
3373 848 3482 886 una
3524 835 3697 888 minus

2122 932 2336 1002 accepi;
2367 941 2446 986 ter
2474 932 2635 1001 virgis
2665 945 2835 986 ctesus
2869 942 3024 991 sum;
3054 924 3211 979 sentel
3243 922 3516 994 lapidatus
3545 940 3696 988 sum;

2124 1031 2204 1077 ter
2242 1022 2586 1092 naufragium
2623 1034 2810 1089 passus
2853 1033 2990 1071 sum.
3039 1015 3324 1073 Discamus
3365 1013 3698 1072 diferentias

2123 1112 2444 1183 gloriarum,
2469 1119 2525 1165 et
2551 1109 2850 1165 nonnullos
2873 1122 2997 1163 esse
3024 1106 3119 1177 qui
3156 1122 3322 1178 super
3342 1106 3430 1163 his
3456 1105 3697 1179 glorien-

2123 1213 2232 1269 tur,
2269 1219 2392 1274 qua:
2428 1203 2628 1258 rubore
2658 1202 2821 1272 digna
2861 1208 3010 1265 sunt,
3050 1215 3283 1270 quorum
3314 1200 3486 1273 gloria
3522 1212 3606 1257 est
3639 1201 3693 1255 iu

2118 1294 2445 1351 confusione
2469 1294 2533 1347 “.
2583 1294 2642 1349 In
2686 1293 2773 1347 his
2813 1291 3015 1363 quippe
3051 1292 3372 1362 gloriantur,
3420 1307 3545 1364 qua
3569 1307 3694 1348 cum

2121 1383 2351 1452 faciunt,
2386 1385 2619 1441 latebras
2656 1394 2712 1440 et
2744 1392 2953 1442 secreta
2982 1383 3326 1455 perquirunt.

2188 1674 2242 1727 5.
2284 1670 2411 1727 Post
2435 1672 2549 1726 haec
2577 1670 2988 1726 consideremus
3016 1660 3157 1741 quid.
3175 1674 3243 1727 de
3271 1670 3536 1726 cinctorio
3558 1686 3697 1741 prat-

2119 1772 2335 1832 ceptum
2368 1761 2544 1818 sit“:
2577 1759 2706 1815 IIwc
2736 1761 2866 1815 dicit
2907 1761 3166 1816 Dominus
3199 1777 3218 1815 :
3259 1759 3387 1817 Vide
3425 1773 3473 1817 et
3517 1764 3697 1833 accipe

2118 1854 2214 1909 tibi
2242 1854 2553 1908 ciuctorium
2579 1852 2795 1915 lineum,
2838 1861 2889 1906 et
2928 1852 3201 1906 circumda
3233 1852 3439 1907 luntbos
3472 1862 3612 1916 tuos.
3644 1865 3693 1908 et

2115 1960 2207 2012 per
2249 1958 2444 2012 aquam
2483 1959 2589 1997 non
2630 1942 2903 1997 transibis.
2945 1941 3016 1996 Et
3048 1945 3229 2012 accepi
3266 1943 3580 1997 ciuctorium
3611 1961 3696 1999 ss-

2116 2036 2346 2090 cundum
2366 2035 2579 2090 verbum
2613 2033 2823 2088 Domini
2855 2032 3010 2104 191
3041 2035 3110 2087 ad
3149 2050 3230 2087 me
3258 2035 3434 2089 dicens
3459 2051 3478 2089 :
3506 2037 3693 2106 Arcipc

2116 2125 2429 2178 ciuctorium
2471 2123 2611 2194 quod
2651 2125 2796 2177 circa
2846 2122 3053 2176 lumbos
3101 2131 3223 2178 tuos
3253 2134 3351 2189 est,
3382 2134 3433 2180 et
3461 2126 3588 2180 uade
3620 2126 3694 2181 ad

2117 2214 2465 2284 Euphratem,
2489 2222 2538 2268 et
2561 2213 2819 2269 absconde
2854 2212 2990 2269 illud
3020 2215 3074 2268 in
3113 2231 3337 2270 caverna
3360 2230 3539 2286 pett-te.
3562 2216 3693 2275 Post.

2114 2304 2233 2360 dies
2261 2304 2411 2359 venit
2448 2303 2728 2374 propheta,
2770 2311 2824 2357 et
2859 2303 3068 2372 accepit
3108 2304 3432 2360 ciuctorium
3464 2306 3532 2361 de
3570 2307 3691 2362 loco

2114 2396 2208 2451 ubi
2236 2394 2507 2452 infoderat
2534 2395 2687 2461 illud,
2713 2405 2767 2450 et
2788 2408 2914 2449 ecce
2937 2404 3364 2465 computruerat,
3389 2398 3532 2467 quod
3555 2399 3688 2454 nulli

2113 2490 2237 2545 usui
2274 2497 2437 2545 esset.
2474 2488 2541 2544 Et
2572 2505 2639 2543 ne
2678 2490 2803 2560 quis
2826 2489 2985 2559 juxta
3025 2490 3362 2546 voluntatem
3403 2492 3570 2546 animi
3602 2492 3690 2548 sui

2109 2580 2176 2634 de
2205 2581 2308 2635 hoc
2333 2581 2452 2636 loco
2490 2580 2596 2635 sibi
2626 2590 2980 2650 praesumeret
3015 2581 3368 2648 intellectum,
3410 2584 3546 2640 dans
3581 2585 3691 2643 Do-

2109 2670 2291 2725 minus
2317 2670 2750 2740 interpretationi
2778 2670 3145 2738 occasionem,
3171 2674 3377 2730 addidit
3397 2675 3585 2735 dicens
3603 2677 3685 2730 "z

2109 2759 2261 2815 Sicut
2282 2762 2422 2815 enim
2442 2762 2675 2817 adhazret
2697 2764 3015 2819 ciuctorium
3035 2767 3180 2820 circa
3205 2765 3407 2823 lumbos
3435 2768 3683 2834 hominis,

2107 2852 2186 2905 sic
2222 2850 2548 2922 agglutinavi
2589 2853 2658 2906 ad
2684 2871 2764 2908 me
2797 2855 3011 2909 domum
3046 2855 3238 2922 Israel,
3277 2867 3325 2912 et
3352 2873 3558 2913 onmem
3584 2863 3685 2914 do-

2107 2959 2250 2997 mum
2281 2940 2449 3011 Juda,
2482 2953 2539 2997 ut
2571 2945 2753 3013 ﬁerent
2789 2947 2917 3001 mihi
2943 2948 2998 3001 in
3031 2948 3285 3017 populum
3322 2952 3677 3014 nominatum,

2105 3044 2154 3086 et
2186 3035 2239 3087 in
2270 3034 2700 3099 exsultationem.
2731 3047 2779 3091 et
2815 3038 3059 3108 gloriam,
3099 3053 3145 3094 et
3190 3056 3293 3095 non
3330 3041 3681 3097 obaudierunt

430 3123 707 3194 γενέσθαι
733 3140 836 3193 μοι
862 3126 950 3190 εις
994 3124 1148 3178 λαὸν
1182 3125 1542 3195 ὀνομαστὸν,
1588 3125 1687 3180 καὶ
1731 3127 1820 3192 είς
1858 3125 2004 3180 καύ-
2032 3160 2078 3222 C
2110 3139 2126 3175 ι

1982 3154 2004 3164 -
2032 3160 2078 3222 C
2110 3139 2209 3178 me.
2244 3123 2412 3195 Igitur
2435 3127 2695 3197 propheta
2729 3130 2781 3183 in
2808 3131 2929 3185 loco
2963 3147 3060 3201 pro
3092 3131 3204 3187 Deo
3230 3134 3548 3204 accipiatur,
3576 3136 3678 3190 cir-

430 3231 615 3286 κημα,
660 3215 756 3270 καὶ
785 3219 870 3282 εὶς
913 3216 1122 3280 δόξαν
1166 3218 1263 3271 καὶ
1302 3219 1415 3272 οὑκ
1457 3216 1833 3284 εἰσήκουσαν
1860 3236 1980 3287 μου

425 3304 640 3360 οὐκοῦν
682 3308 711 3362 ὁ
754 3308 1041 3379 προφήτης
1078 3308 1200 3361 ἀντὶ
1231 3306 1325 3361 τοῦ
1362 3307 1497 3362 Θεοῦ
1542 3308 2004 3381 περιλαμϐάνεται

426 3396 765 3469 περιζωννὺς
804 3399 934 3470 περὶ
963 3398 1062 3470 τὴν
1095 3400 1264 3468 ὀσφὺν
1297 3400 1462 3454 αὑτοῦ
1495 3400 1558 3453 τὸ
1608 3400 1900 3474 περίζωμα
1942 3402 2004 3455 τὸ

427 3488 625 3553 λινοῦν,
652 3489 728 3552 ὼς
773 3492 804 3543 ὁ
839 3490 975 3554 Θεὸς
1010 3491 1101 3544 τὸν
1136 3491 1290 3546 λαόν·
1341 3493 1684 3562 Ἐκόλλησα
1713 3493 1824 3564 τὰρ
1854 3495 2004 3563 πρὸς

422 3579 705 3649 ἐμαυτὸν,
736 3581 891 3651 φησὶ,
933 3580 1149 3636 τοῦτον
1177 3582 1284 3651 τὸν
1320 3582 1496 3648 λαὸν,
1531 3584 1724 3652 φησὶν
1765 3587 1797 3638 ό
1835 3584 1998 3650 Θεὸς,

421 3672 520 3724 καὶ
561 3671 724 3727 οἱονεὶ
756 3669 1043 3744 περίζωμα
1073 3676 1102 3728 ὀ
1148 3673 1276 3738 λαὸς
1318 3675 1526 3743 γίνεται
1556 3675 1651 3730 τοῦ
1701 3676 1859 3733 Θεοῦ.
1902 3678 2002 3733 Διὰ

419 3758 479 3812 τί
529 3760 588 3813 δὲ
630 3761 918 3833 περίζωμα
950 3764 1161 3831 γίνεται
1212 3762 1305 3818 τοῦ
1359 3764 1493 3820 Θεοῦ
1529 3767 1657 3838 περὶ
1688 3767 1787 3839 τὴν
1830 3769 2000 3839 ὀσφὺν

421 3850 590 3902 αὑτοῦ
617 3890 632 3914 ,
685 3852 714 3903 ὁ
759 3852 1057 3924 δυνάμενος
1106 3854 1497 3924 ἀναγινώσκειν
1555 3857 1646 3911 τὸν
1709 3858 1996 3932 Ἰεζεκιὴλ,

423 3939 520 3990 καὶ
560 3940 704 4011 ὁρῶν
743 3942 835 3997 τὸν
876 3943 1008 3997 Θεὸν
1062 3943 1137 4014 τῷ
1190 3945 1334 4017 λόγῳ
1375 3947 1537 4001 οἱονεὶ
1593 3950 1998 4019 σωματοποιοῦ-

427 4045 609 4097 μενον,
665 4033 762 4085 καὶ
817 4033 941 4087 τινα
1002 4034 1102 4105 μὲν
1158 4036 1359 4106 τρόπον
1407 4035 1573 4089 αὐτοῦ
1628 4037 1696 4091 τὰ
1756 4040 1864 4092 ἀπὸ
1902 4041 1999 4111 τῆς

423 4117 624 4187 ὀσφύος
665 4120 815 4175 κάτω
864 4122 982 4176 ἐστὶ
1015 4122 1147 4195 πῦρ,
1181 4125 1246 4179 τὰ
1291 4124 1347 4178 δὲ
1385 4126 1491 4179 ἀπὸ
1534 4128 1633 4198 τῆς
1670 4128 1871 4196 ὀσφύος
1903 4130 1999 4185 καὶ

423 4210 536 4264 ἄνω
572 4214 720 4266 ἐστὶν
765 4214 1045 4287 ἤλεκτρον,
1086 4218 1419 4289 ἐρευνήσατο
1464 4219 1540 4291 (5)
1582 4220 1673 4273 τὸν
1714 4221 1870 4290 λόγον
1912 4223 1999 4277 διὰ

423 4300 476 4352 τί
504 4302 566 4356 τὸ
606 4303 758 4358 κάτω
784 4305 878 4359 τοῦ
911 4307 1046 4361 Θεοῦ
1080 4308 1192 4380 πῦρ
1229 4311 1366 4364 ἐστι.
1403 4309 1486 4364 Τὰ
1516 4311 1624 4365 ἀπὸ
1666 4313 1864 4382 ὀσφύος
1906 4315 1998 4368 καὶ

422 4393 690 4460 γενέσεως
721 4397 1044 4469 πράγματα,
1078 4400 1251 4455 ταῦτα
1283 4401 1393 4475 πῦρ
1418 4404 1553 4456 ἐστι.
1579 4402 1765 4458 Πάντα
1790 4403 1897 4477 γὰρ
1927 4405 1996 4459 τὰ

2106 3215 2374 3269 cumduns
2413 3216 2627 3271 lumbos
2672 3234 2804 3273 suos
2846 3220 3168 3277 ciuctorium
3227 3223 3453 3290 lineum,
3506 3226 3559 3281 id
3599 3235 3684 3282 est

2103 3308 2364 3377 populum
2410 3309 2573 3365 Deus.
2617 3310 2957 3382 Agglutinavi
2985 3316 3195 3385 quippe,
3240 3317 3336 3383 ait,
3371 3319 3440 3372 ad
3478 3334 3559 3372 me
3583 3319 3680 3374 do-

2104 3415 2249 3453 mum
2282 3398 2489 3465 Israel;
2523 3410 2577 3457 ct
2611 3404 3017 3472 quodammodo
3042 3407 3365 3464 ciuctorium
3396 3408 3490 3464 Dei
3514 3411 3678 3464 homo

2099 3488 2283 3557 justus
2331 3490 2582 3547 emeitur.
2628 3493 2850 3560 Quaeres
2900 3512 3064 3566 quam
3116 3499 3187 3553 ob
3234 3500 3496 3556 causam?
3536 3498 3679 3569 Lego

2103 3578 2439 3637 Eeechielem
2469 3585 2535 3650 “,
2571 3594 2626 3639 et
2664 3586 2900 3654 intelligo
2930 3589 3207 3655 quomodo
3246 3589 3386 3645 Deus
3431 3589 3679 3645 videatur

2103 3672 2157 3727 in
2187 3690 2433 3744 corpore,
2477 3685 2532 3731 et
2577 3680 2933 3748 quamobrem
2968 3696 2998 3734 a
3025 3681 3226 3736 lumbis
3257 3680 3378 3750 ejus
3406 3697 3579 3752 usque
3606 3683 3676 3739 ad

2102 3764 2265 3834 pedes
2297 3767 2438 3836 ignis
2476 3779 2750 3839 appareat,
2800 3780 2853 3826 et
2899 3788 2930 3826 a
2965 3771 3165 3828 lumbis
3202 3786 3376 3842 usque
3412 3772 3478 3828 ad
3513 3786 3678 3845 caput

2100 3857 2358 3911 electrum
2403 3867 2581 3913 :tunc
2633 3861 2838 3928 poteris
2886 3861 3051 3916 etiam
3104 3862 3389 3932 praesentis
3439 3864 3675 3935 scriptu-

2100 3964 2175 4002 ra:
2215 3950 2456 4005 invenire
2500 3952 2789 4016 rationem,
2845 3953 3200 4022 quamobrem
3249 3953 3532 4012 inferiores
3579 3956 3672 4012 Dei

2098 4047 2283 4106 partes
2309 4038 2477 4107 igneae
2500 4047 2647 4092 sunt.
2673 4038 2851 4095 Ilertes
2879 4043 3244 4110 generatione,
3275 4054 3328 4100 et
3358 4045 3525 4101 lumbi
3551 4046 3673 4114 igne

2099 4135 2415 4181 censentur.
2447 4124 2643 4182 Omnia
2672 4128 2871 4198 quippe
2909 4146 3031 4200 qua:
3050 4148 3116 4186 ex
3142 4134 3292 4188 coitu
3319 4146 3372 4190 et
3399 4137 3673 4205 voluptate

2100 4225 2251 4282 sunt,
2290 4218 2532 4289 indigent
2554 4221 2898 4292 purgatione,
2931 4230 2987 4277 et
3016 4223 3131 4293 ipsa
3152 4227 3401 4297 purgatio
3429 4226 3669 4282 immista

2096 4314 2180 4362 est
2208 4309 2496 4378 supplicio.
2529 4308 2605 4365 Ea
2649 4326 2778 4365 vero
2813 4327 2937 4382 qua:
2965 4330 2995 4367 a
3032 4316 3254 4370 renibus
3288 4316 3341 4370 in
3386 4316 3669 4388 superiora

2097 4409 2455 4473 consurgunt,
2481 4409 2535 4458 et
2565 4401 2806 4460 libidinis
2839 4419 3003 4475 opera
3036 4422 3137 4463 sua
3166 4408 3367 4464 virtute
3388 4418 3670 4467 transcen-

423 4485 481 4537 ὲν
504 4485 715 4554 γενέσει
737 4488 930 4562 χρῄζει
954 4492 1048 4544 eo}
1090 4494 1388 4565 καθαρσίου
1423 4494 1520 4549 τοῦ
1548 4495 1656 4550 ἀπὸ
1681 4495 1773 4550 τοῦ
1797 4498 1987 4564 πυρός’
2021 4501 2065 4558 D
2095 4489 2119 4544 d

1973 4516 1987 4530 -
2021 4501 2065 4558 ι)
2095 4489 2253 4556 dunt,
2285 4493 2441 4562 quasi
2470 4492 2718 4564 quaedam
2743 4497 2969 4551 materia
3002 4498 3191 4568 purior
3215 4500 3281 4554 ad
3309 4501 3495 4557 electri
3518 4502 3668 4559 simi-

423 4575 597 4630 πάντα
647 4577 715 4632 τὰ
760 4581 818 4633 ὲν
870 4581 1081 4649 γενέσει
1113 4582 1305 4656 χρῄζει
1336 4585 1437 4656 τῆς
1481 4587 1774 4652 κολάσεως.
1812 4587 1892 4643 Τὰ
1937 4589 1995 4644 δὲ

422 4665 676 4739 ἀνωτέρω
728 4670 829 4740 τῆς
883 4672 1083 4742 ὀσφύος
1137 4675 1550 4749 ὑπερϐεϐηκότα
1601 4678 1700 4750 τὴν
1757 4678 1991 4747 γένεσιν,

420 4757 589 4813 ταῦτά
620 4760 767 4814 ἐστιν
795 4761 895 4834 ὅλη
925 4764 1001 4828 ὡς
1040 4766 1098 4818 ὲν
1132 4765 1321 4838 κόσμῳ
1368 4767 1755 4842 καθαριωτάτη
1792 4772 1885 4825 καὶ
1911 4789 1992 4826 τι-

422 4851 687 4922 μιωτάτη
722 4852 939 4921 λέγεται
972 4855 1082 4926 γὰρ
1110 4856 1173 4910 τὺ
1211 4858 1471 4931 ἤλεκτρον
1511 4859 1714 4932 χρυσοῦ
1747 4859 1883 4916 εἶναι
1907 4880 1993 4917 τι-

422 4941 814 5015 μαλφέστερον.
867 4945 1019 4999 Ἐπεὶ
1059 4941 1151 5000 οὖν
1181 4948 1258 5019 (4)
1289 4950 1695 5022 παραδείγμασι
1727 4952 1926 5023 χρῆται
1953 4956 1986 5025 ή

419 5029 630 5104 Γραφὴ,
664 5035 751 5089 ἵνα
779 5036 961 5108 διδάξῃ
1007 5037 1102 5091 τοῦ
1134 5038 1268 5093 Θεοῦ
1307 5040 1367 5093 τὸ
1401 5042 1561 5113 σῶμα
1603 5042 1682 5112 τῷ
1729 5044 1987 5117 ἀνωτέρω

2094 4580 2378 4638 litudinem
2407 4583 2738 4640 referuntur.
2776 4585 2988 4643 Dicitur
3015 4591 3215 4660 quippe
3242 4590 3500 4648 electrum
3531 4609 3669 4653 auro

2094 4690 2218 4731 esse
2245 4677 2560 4745 pretiosius.
2588 4678 2729 4746 Quid
2762 4682 2926 4751 igitur
2953 4685 3217 4754 exemplis
3240 4684 3521 4758 Scriptura
3555 4689 3666 4744 uti-

2096 4778 2205 4830 tur,
2235 4776 2295 4821 ut
2316 4771 2569 4824 ostendat
2598 4786 2896 4842 supernum
2923 4771 3017 4827 Dei
3047 4789 3245 4843 corpus
3269 4791 3390 4833 esse
3415 4780 3667 4849 magniﬁ-

2097 4875 2244 4924 cum,
2288 4869 2341 4915 et
2386 4860 2614 4918 inferius
2659 4864 2864 4922 vilius?
2914 4865 3122 4923 Idcirco
3172 4886 3317 4925 nunc
3362 4871 3665 4927 introduxit

2096 4951 2388 5009 Dominum
2433 4972 2498 5011 ex
2529 4958 2653 5029 igne
2681 4967 2734 5013 et
2765 4959 2965 5014 electro
2990 4961 3401 5019 subsistentem.
3441 4962 3519 5017 Ex
3551 4980 3662 5033 quo

2094 5046 2471 5116 unusquisque
2487 5057 2730 5103 nostrum
2750 5050 2905 5119 juxta
2926 5053 3207 5109 exordium
3227 5056 3527 5110 nativitatis
3549 5071 3662 5110 sua:

489 5189 616 5275 ς-ιι
640 5193 768 5249 Cor.
806 5210 883 5261 χι,
907 5199 998 5263 23,
1023 5197 1115 5260 2t,
1144 5198 1234 5252 25.
1313 5197 1359 5228 “
1395 5196 1629 5268 Philipp.
1662 5214 1743 5262 ιιι,
1777 5200 1862 5256 19.
1939 5202 1984 5233 εί
2021 5201 2131 5258 Jer.
2161 5218 2285 5269 xm,
2330 5204 2380 5270 l,
2411 5205 2467 5271 2,
2499 5206 2551 5270 3,
2576 5205 2631 5259 ὁ.
2709 5206 2752 5237 ⁸⁸
2789 5204 2988 5263 Jerem.
3040 5225 3163 5275 XIII,
3218 5211 3299 5265 ll.
3376 5211 3422 5244 “
3461 5209 3657 5267 Eecch.

415 5272 453 5321 ι,
487 5257 579 5313 27.

414 5398 1012 5536 ‘mggvMarBdroysr.
1063 5403 1299 5478 Legebat
1350 5403 1711 5481 Hieronymus
1739 5427 1752 5464 :
1783 5409 1987 5480 μανθά-

368 5578 387 5591 ..
453 5536 713 5618 ’(ῗλιίαὶ
755 5541 1026 5618 cuidam
1064 5544 1368 5618 5(8J8L'L0’n.
1409 5545 1567 5618 Lege,
1607 5551 1702 5607 καὶ
1728 5552 1787 5606 ὲν
1831 5552 1983 5607 ὕδατι

412 5604 770 5695 ρύεδιελεέεη.
802 5610 1162 5695 llierpnynius
1187 5634 1201 5669 :
1236 5604 1424 5695 Etl'per
1447 5604 1775 5695 άῆιὶξιὴῑηοή
1805 5604 1982 5678 trans?

2086 5416 2207 5492 dem
2228 5417 2509 5474 recidunt:
2528 5433 2652 5492 nam
2671 5418 2718 5473 si
2741 5418 2919 5492 cinctu
2938 5419 3214 5475 revinctus
3231 5434 3430 5492 aquam
3445 5421 3656 5492 subeat,

2087 5486 2269 5558 subire
2287 5487 2768 5558 quoquegcinctum
2793 5489 2972 5558 ipsum
2995 5504 3218 5545 necesse
3256 5486 3359 5544 est.
3390 5486 3652 5551 Hunnus.

2152 5556 2230 5648 sit
2282 5554 2713 5648 ἰξεείέντὶσατρε
2742 5554 3496 5648 ἓςξςιεειξιὲξξιθκῖλσάεῳο-

2155 5625 2232 5701 μ)
2257 5627 2444 5701 ’Ἐπεί
2471 5625 2617 5701 οὖν.Δ
2642 5625 2879 5701 Legebat
2909 5625 3272 5701 Hieronymus
3296 5647 3313 5687 :
3343 5628 3407 5685 Τί
3436 5625 3548 5687 οῦν.
3586 5666 3657 5678 -

415 5669 1268 5779 i¥:.;nl;xx'2.“0':l'SIEiEljfﬁﬁaE.
1306 5669 1978 5779 vnlgii"f"tf¢"{{{éﬁiiu
2082 5693 2111 5779 ξι

1955 5712 1978 5747 n
2082 5669 2230 5779 nni-7i
2256 5669 2539 5779 legenvduvm'
2572 5669 2879 5755 Maii}?
3248 5671 3312 5756 τέ
3340 5669 3651 5779 κατοὲίρω.

414 5757 517 5797 non
546 5745 735 5814 inferas
769 5750 925 5814 illud,
982 5755 1123 5821 quml
1159 5754 1391 5815 Hebraeis
1409 5745 1976 5830 ἰῖοὶίεὸῆξὶιλιιὲἑῖῗοῖ

2084 5766 2238 5821 lion.
2279 5765 2513 5823 ΡΑτιιοι..
