4296 6288
555 413 664 471 ³τῦ
1758 433 1766 439 ·
2034 429 2161 484 om.

2205 414 2361 488 ENlS
3688 450 3804 505 s76

554 528 633 584 ad-
651 528 831 598 ignem
862 527 1122 596 refertur;
1145 529 1302 600 juxta
1319 533 1562 589 studium
1588 552 1718 592 vero
1744 547 1797 591 et
1814 536 2136 606 profectum,

2204 600 2212 619 ι
2242 546 2380 604 εἶναι
2420 548 2763 625 τιμιώτερον,
2805 557 2900 610 καὶ
2937 557 2997 611 τὸ
3029 557 3187 628 σῶμα
3224 559 3301 631 τῷ

558 618 653 674 Dei
684 634 884 691 corpus
909 619 1141 676 ellieitur
1172 622 1305 678 illud
1338 615 1613 695 superius,
1643 628 1775 683 illud
1813 645 1880 683 ex
1908 630 2130 697 electro,

556 704 629 759 ab
650 704 773 775 igne
798 707 976 775 nobis,
1014 723 1043 762 a
1066 710 1266 777 poenis,
1315 727 1346 766 a
1386 715 1653 781 cruciatu,
1692 717 2129 774 abscedentibus.

3343 563 3634 635 κατωτέρω
3663 560 3802 619 εἶναι

2240 644 2645 717 ὑποδεέστερον,
2677 645 2767 700 διὰ
2793 647 2950 702 τοῦτο
2975 652 3233 722 εἰσήγαγε
3260 651 3351 705 τὸν
3376 653 3509 706 Θεὸν
3537 656 3601 708 ἐκ
3632 655 3803 725 πυρὸς

2238 739 2333 791 καὶ
2365 736 2626 807 ἠλέκτρου
2661 741 3047 811 συνεστηκότα.
3081 743 3190 795 Καὶ
3222 743 3302 796 ὅτι
3348 744 3509 814 σῶμα
3536 744 3629 798 τοῦ
3665 747 3799 802 Θεοῦ

556 819 649 875 καὶ
680 818 813 874 αὐτὸ
864 823 921 873 ὲν
963 823 1212 891 γενέσει,
1260 827 1369 899 πῦρ
1416 831 1594 898 ἐστιν,
1642 831 1868 896 ἕκαστος
1913 833 2069 904 ήμῶν
2095 833 2200 890 οὐκ
2235 834 2402 904 ἐσμεν
2446 832 2510 886 τὸ
2539 833 2819 905 ήλεκτρον·
2861 833 2957 888 ἐὰν
2997 835 3056 888 δέ
3098 835 3491 906 ἀναϐαίνωμεν,
3535 838 3627 892 καὶ
3668 856 3803 911 προ-

553 911 840 982 κόπτωμεν
882 911 1125 981 (δυνατὸν
1165 916 1274 988 γὰρ
1324 919 1620 990 μεταϐῆναι
1648 922 1758 975 ἀπὸ
1806 922 1900 975 τοῦ
1953 925 2192 996 σήμερον
2238 918 2378 977 εἶναι
2421 926 2480 977 ἐν
2525 927 2636 987 τοῖς
2682 926 2996 996 κατωτέρω,
3041 925 3181 979 ὥστε
3223 916 3471 995 γενέσθαι
3514 928 3608 983 τοῦ
3662 929 3799 986 Θεοῦ

554 1005 712 1075 σῶμα
729 1004 791 1057 τὸ
823 1005 1126 1077 ἀνωτέρω)·
1151 1009 1409 1080 ἐσόμεθα,
1434 1011 1720 1078 διαϐάντες
1749 1015 1813 1067 τὸ
1834 1015 1965 1086 πῦρ,
1994 1015 2254 1091 ἤλεκτρον
2280 1018 2341 1071 τὸ
2367 1018 2494 1089 περὶ
2528 1018 2589 1070 τὸ
2617 1018 2777 1089 σῶμα
2803 1019 2899 1071 τοῦ
2925 1018 3060 1072 Θεοῦ
3085 1019 3144 1072 τὸ
3171 1019 3520 1093 ὑψηλότερον.

620 1101 675 1157 6.
716 1100 965 1174 Adjunge
999 1119 1132 1177 ergo
1164 1106 1308 1161 circa
1339 1106 1584 1162 lumbum
1620 1118 1772 1165 tuum
1803 1111 2129 1166 cinctorium

549 1195 779 1250 lineum.
824 1195 974 1251 Cur?
1005 1207 1064 1252 ut
1101 1198 1422 1254 ostendatur
1457 1202 1690 1271 populus
1732 1218 1959 1274 regnum
2006 1220 2131 1260 esse

551 1286 668 1342 Dei.
704 1275 1019 1343 Adversum
1037 1304 1132 1344 eos
1159 1290 1360 1361 quippe
1396 1292 1489 1363 qui
1519 1294 1710 1349 volunt
1737 1294 1831 1351 Dei
1870 1311 2130 1352 accusare

549 1368 1217 1449 providentiamfresistit
1238 1391 1293 1437 et
1312 1384 1548 1454 protegit
1583 1384 1675 1439 D'ei
1707 1387 1793 1441 sui
1819 1402 2007 1457 opera,
2029 1403 2129 1443 nec

548 1474 684 1531 sinit
707 1477 909 1546 aliquid
936 1477 1196 1534 indecens
1217 1478 1286 1533 de
1314 1480 1598 1550 majeSIate
1621 1481 1743 1551 ejus
1763 1483 1995 1539 narrari.
2019 1482 2126 1538 Sed

549 1584 676 1625 cum
701 1571 1129 1640 peccaverimus,
1151 1580 1209 1625 ut
1230 1571 1553 1627 cinctorium
1585 1573 1715 1627 illud
1743 1576 2004 1644 propheta
2031 1575 2121 1630 de-

550 1660 755 1730 posuit,
806 1667 862 1714 et
905 1660 1103 1730 abjeeit
1134 1661 1267 1716 illud
1306 1662 1360 1716 in
1401 1660 1731 1732 Euphratem
1775 1664 2022 1732 ﬂuvium,
2066 1674 2126 1720 ut

550 1754 751 1809 ibidem
776 1761 1265 1823 computreseeret;
1291 1757 1369 1810 sic
1399 1764 1454 1810 et
1482 1770 1585 1811 nos
1616 1756 1838 1827 abjiciet
1870 1772 1901 1813 a
1928 1758 2127 1815 lumbis

552 1846 668 1902 suis
698 1845 855 1917 192
890 1846 1055 1909 Deu‘s,
1097 1854 1152 1901 et
1178 1845 1450 1917 projeetos
1476 1848 1748 1919 relinquet
1781 1849 1849 1903 ad
1881 1847 2130 1920 Euphra-
2158 1842 2201 1898 Β

550 1947 658 1994 tem
686 1937 912 1993 ﬂuvium
940 1936 1366 2009 Mesopotamiae,
1399 1939 1490 1994 ubi
1517 1939 1727 2011 Assyrii
1750 1934 2001 1995 habitant
2024 1941 2125 1995 ini-

550 2030 682 2086 mici
710 2029 899 2095 Israel,
932 2031 1023 2086 ubi
1054 2029 1374 2102 Babylonii;
1401 2039 1453 2086 et
1486 2031 1559 2087 ibi
1588 2040 1988 2102 putreseemus.
2014 2032 2127 2088 Cur

548 2122 694 2177 enim
731 2122 895 2177 tantis
921 2121 974 2175 in
1006 2129 1119 2176 toto
1147 2120 1280 2176 orbe
1298 2120 1612 2177 ﬂuminibus
1634 2122 2038 2192 pransi-missis,
2059 2123 2128 2178 de

545 2211 735 2268 Judara
756 2212 827 2268 ad
852 2210 1184 2283 Euphratem
1212 2211 1479 2282 propheta
1505 2213 1912 2282 transmittitur,
1939 2214 2043 2270 nisi
2067 2223 2128 2270 ut

549 2315 950 2362 sacramentum
967 2306 1125 2375 juxta
1146 2304 1255 2358 vim
1281 2303 1523 2360 nominis
1543 2304 1737 2360 doceat
1760 2306 2127 2362 intellectum?

546 2394 680 2454 Post
714 2398 830 2452 haec
860 2396 1153 2465 quaerimus
1188 2409 1359 2464 quare
1387 2395 1715 2451 cinctorium
1744 2397 1949 2453 lincunt
1976 2398 2127 2452 dica-

545 2496 660 2543 tur.
686 2486 883 2542 Linum
909 2502 974 2541 ex
1010 2495 1152 2541 terra
1175 2485 1420 2540 nascitur
1450 2503 1465 2540 :
1488 2500 1613 2540 nam
1637 2500 1762 2542 cum
1795 2494 1981 2543 semen
2006 2486 2126 2557 ejus

547 2580 605 2635 in
643 2579 869 2634 humum
921 2578 1085 2633 fuerit
1130 2577 1424 2648 abjeetum,
1479 2579 1718 2649 primum
1777 2579 1832 2633 in
1882 2581 2128 2650 gramine

550 2671 804 2740 pullulat.
835 2670 1054 2734 deinde,
1087 2678 1147 2723 ut
1184 2670 1394 2724 inﬁnita
1433 2679 1774 2739 prmleream,
1812 2672 2126 2726 demessum

546 2762 875 2817 transfertur
906 2762 1153 2822 domum,
1190 2760 1444 2828 pectitur,
1481 2761 1714 2827 lavatur,
1752 2749 1965 2826 teritur,
2000 2770 2127 2815 tuu-

548 2853 719 2918 ditur,
748 2861 803 2906 et
825 2851 1051 2929 ingenti,
1082 2858 1142 2903 ut
1165 2850 1235 2904 ita
1266 2849 1467 2915 dicam,
1505 2866 1668 2921 opera
1692 2853 1985 2915 excutitur,
2017 2868 2128 2922 quo

549 2945 657 3000 tale
681 2943 858 2998 [latex
882 2958 992 3014 quo
1017 2943 1192 3013 possit
1210 2943 1534 2998 cinctorium
1561 2944 1839 3012 componi,
1865 2951 1958 2998 aut
1980 2942 2126 2998 aliud

548 3036 680 3108 quid
715 3036 769 3091 in
796 3051 929 3092 usus
952 3036 1293 3092 necessarios
1317 3035 1584 3105 coaptari.
1616 3035 1683 3091 Et
1711 3052 1812 3092 nos
1846 3050 1977 3106 ergo
2004 3035 2127 3091 uui-

547 3130 693 3184 versi
721 3129 816 3199 qui
850 3129 1251 3199 generationem
1286 3128 1549 3183 habemus
1573 3142 1640 3182 ex
1670 3136 1835 3192 terra,
1865 3138 1923 3182 ut
1953 3128 2124 3183 linum

547 3218 692 3291 quod
729 3218 783 3273 in
818 3217 1142 3273 cinctorium
1174 3216 1267 3273 Dei
1308 3217 1561 3287 pectitur,
1598 3218 1767 3272 multa
1805 3233 1935 3273 cura
1980 3217 2124 3272 iudi-

549 3326 762 3382 gemus,
795 3318 855 3365 ut
883 3319 1186 3381 peetamur,
1221 3318 1282 3364 ut
1309 3309 1575 3376 lavemur,
1611 3318 1671 3364 ut
1696 3310 1934 3365 colorem
1966 3319 2124 3365 terrae

548 3402 892 3470 abjiciamus.
932 3401 1086 3457 Alius
1120 3400 1319 3471 quippe
1356 3400 1508 3455 color
1537 3401 1901 3470 generationis
1930 3400 1983 3455 in
2011 3401 2123 3456 lino

548 3502 668 3559 est;
693 3492 833 3548 alius
862 3507 987 3546 cum
1016 3491 1181 3547 fuerit
1209 3506 1371 3560 opera
1404 3490 1717 3546 mundatus.
1744 3491 2123 3547 Geuerationis

551 3585 704 3640 color
744 3585 1029 3639 obscurior
1067 3591 1170 3646 est,
1214 3590 1269 3638 et
1303 3583 1531 3653 nigrior,
1559 3583 1738 3653 operis
1766 3593 1949 3639 autem
1982 3585 2123 3640 luci-

548 3673 690 3728 dior.
722 3669 853 3726 Tale
879 3671 1009 3741 quld
1042 3672 1098 3725 in
1143 3671 1371 3726 exordio
1411 3671 1593 3726 evenit
1621 3689 1635 3726 :
1666 3672 1807 3742 nigri
1838 3673 1983 3728 enim
2028 3689 2122 3729 su-

550 3780 673 3819 mus
702 3763 922 3834 quando
945 3776 1349 3832 regeneramur,
1373 3762 1591 3831 quando
1625 3762 1916 3827 credimus,
1949 3779 2125 3833 quan-

550 3858 620 3907 do
646 3855 701 3908 in
730 3855 1073 3909 canticorum
1101 3851 1329 3907 Cantica
1355 3851 1590 3906 dicimus
1606 3852 1650 3883 ⁸⁷
1681 3869 1697 3906 :
1733 3850 1908 3922 Nigra
1935 3869 2052 3905 sum
2073 3860 2124 3907 et

551 3946 807 4011 speciosa.
838 3943 1188 4014 Aitliiopibus
1221 3943 1453 3998 similem
1480 3941 1744 3998 habemus
1771 3943 2008 3998 animam
2041 3943 2124 3998 in-

553 4037 805 4090 decorem
832 4052 847 4100 ;
892 4037 1167 4091 abluimur
1208 4044 1269 4090 ut
1298 4035 1496 4091 ﬁamus
1526 4035 1764 4102 candidi,
1798 4042 1860 4089 ut
1892 4035 2121 4090 nitorem

454 4140 457 4143 ·
550 4125 647 4196 qui
680 4125 838 4181 nobis
867 4125 1063 4181 insitus
1098 4141 1167 4181 ex
1208 4135 1405 4182 natura
1449 4141 1559 4183 non
1605 4125 1802 4192 fuerat,
1843 4127 2122 4198 diligentia

552 4233 976 4288 consequamur,
1003 4219 1157 4291 juxta
1193 4220 1325 4276 illud
1353 4220 1500 4290 quod
1530 4221 1586 4274 in
1611 4220 1801 4275 eodem
1832 4220 1951 4275 loco
1980 4221 2124 4276 scri-

554 4314 702 4368 bitur
723 4310 767 4346 ⁰⁸
803 4330 816 4366 :
854 4311 986 4377 Quae
1027 4322 1107 4367 est
1144 4314 1251 4368 ista
1301 4330 1419 4385 qua:
1459 4314 1696 4371 ascendit
1741 4312 2027 4368 dealbata?
2069 4321 2125 4368 et

549 4406 850 4461 efﬁciamur
890 4405 1062 4457 linum
1121 4405 1433 4472 candidum,
1485 4420 1793 4476 purumque
1835 4414 1997 4475 aqua.
2046 4405 2123 4460 Ita

552 4513 678 4553 cum
721 4495 870 4565 digni
922 4492 1189 4547 fuerimus
1243 4493 1500 4549 societate
1539 4495 1655 4561 Dei,
1703 4496 1759 4550 in
1801 4496 2123 4549 cinctorium

552 4591 672 4658 ejus
703 4590 989 4659 plicamur,
1037 4598 1212 4655 neque
1242 4584 1312 4638 ab
1344 4599 1411 4639 eo
1439 4586 1728 4656 aliquando
1758 4586 2079 4655 deponimur
2108 4605 2121 4641 :

556 4680 601 4732 si
636 4687 815 4733 tamen
853 4675 1168 4743 candorem,
1203 4686 1366 4745 quem
1388 4672 1550 4729 nobis
1577 4681 1945 4740 concesserat,
1977 4687 2123 4728 sem-

556 4780 654 4836 per
696 4766 1012 4823 habeamus.
1039 4765 1178 4822 Cum
1219 4767 1403 4834 itaque
1425 4761 1619 4831 Judaei,
1647 4773 1703 4820 et
1729 4766 1908 4821 omnis
1927 4763 2124 4818 domus

558 4852 727 4910 Israel
749 4855 954 4927 indigni
977 4858 1289 4912 exstiterint
1319 4855 1452 4923 Deo,
1478 4866 1531 4912 et
1554 4856 1778 4927 projecti
1803 4857 1910 4912 sint
1937 4855 2006 4912 ab
2035 4870 2122 4923 eo,

559 4944 720 5003 nobis
751 4958 852 5015 pro
883 4947 990 5002 illis
1011 4949 1288 5006 accinctus
1317 4958 1422 5005 est.
1447 4945 1634 5019 Neque
1652 4946 1799 5003 enim
1826 4948 2126 5019 putandum

556 5047 644 5094 est
689 5036 1015 5092 cinctorium
1063 5040 1407 5110 abjicientem
1459 5039 1727 5095 mansisse
1774 5041 2067 5095 incinctum
2110 5057 2123 5095 :

557 5128 746 5189 statim
798 5136 860 5183 ut
903 5129 1026 5187 illos
1071 5131 1321 5202 projecit,
1362 5132 1501 5188 alios
1538 5131 1643 5188 sibi
1683 5130 1983 5188 contexuit.
2013 5129 2128 5187 Hoc

556 5224 885 5282 cinctorium
932 5221 1176 5278 Ecclesia
1226 5230 1311 5277 est
1362 5222 1430 5278 de
1475 5221 1726 5293 gentibus
1779 5232 2125 5293 congregata,

559 5332 683 5390 qua:
725 5317 868 5373 scire
917 5313 1095 5378 debet,
1148 5311 1276 5383 quia
1309 5311 1356 5367 si
1410 5311 1684 5381 prioribus
1734 5326 1843 5366 non
1891 5309 2132 5381 pepercit

559 5408 725 5474 Deus,
766 5423 867 5464 nec
899 5404 1004 5462 sibi
1043 5413 1249 5474 parcet,
1293 5403 1337 5458 si
1377 5418 1505 5459 eum
1541 5402 1911 5472 dereliquerit,
1941 5401 1992 5457 si
2020 5416 2129 5455 non

539 5499 724 5557 .fuerit
763 5500 925 5572 digna
967 5498 1157 5553 lumbo
1191 5496 1330 5567 ejus,
1362 5498 1409 5552 si
1441 5511 1550 5551 non
1584 5494 1866 5551 adhaerens
1898 5493 2133 5549 Domino

561 5594 705 5645 imus
732 5590 957 5659 spiritus
990 5588 1154 5643 fuerit
1184 5586 1240 5641 in
1271 5585 1491 5640 Christo
1523 5581 1675 5652 Jesu,
1707 5583 1793 5639 cui
1825 5592 1906 5639 eat
1940 5583 2133 5655 gloria,

565 5689 618 5734 et
654 5676 939 5749 imperium
974 5679 1029 5734 in
1068 5677 1268 5735 saecula
1302 5679 1651 5735 saeculdrum.
1680 5676 1877 5734 Amen.

633 5841 676 5873 "
715 5842 873 5897 Cant.
911 5855 949 5905 ι,
981 5841 1035 5893 4.
1112 5841 1155 5872 ⁸⁸
1195 5840 1352 5896 Cant.
1388 5855 1506 5908 vm,
1538 5840 1593 5895 5.

2310 1112 2489 1185 Κολλᾷ
2520 1110 2613 1168 οῦθ)
2648 1116 2775 1184 περὶ
2806 1115 2903 1187 τὴν
2937 1117 3106 1185 ὀσφὺν
3134 1114 3298 1170 αὐτοῦ
3326 1115 3389 1169 τὸ
3426 1117 3708 1188 περίζωμα
3734 1118 3797 1171 τὸ

2235 1206 2432 1260 λινοῦν.
2474 1208 2593 1261 Ἵνα
2616 1208 2703 1273 τί;
2734 1208 2821 1261 ἵνα
2850 1207 3082 1281 δηλωθῇ,
3109 1209 3189 1262 ὅτι
3219 1209 3248 1262 6
3277 1208 3405 1272 λαὸς
3429 1210 3590 1263 οἱονεὶ
3622 1211 3793 1282 σκέπη

2233 1301 2350 1353 ἐστὶ
2374 1299 2468 1353 τοῦ
2508 1300 2642 1354 Θεοῦ
2662 1317 2676 1330 ·
2715 1301 2850 1372 πρὸς
2886 1301 2993 1373 γὰρ
3026 1302 3152 1364 τοὺς
3188 1300 3539 1372 βουλομένους
3562 1318 3796 1372 κατηγο.

2234 1396 2351 1462 ρεῖν
2390 1391 2485 1446 τοῦ
2527 1391 2663 1445 Θεοῦ
2698 1392 2912 1446 ἵσταται
2948 1394 2977 1445 6
3018 1392 3166 1456 λαὸς,
3212 1392 3307 1446 καὶ
3356 1391 3596 1463 ὡσπερεὶ
3633 1393 3799 1463 ὐπερ-

2232 1484 2452 1550 ασπίζει
2482 1484 2645 1539 αὐτοῦ
2675 1484 2769 1539 καὶ
2795 1485 2895 1538 οὐκ
2922 1486 2988 1554 ἐᾷ
3014 1501 3067 1536 τι
3100 1484 3297 1539 ἄτοπον
3323 1481 3574 1551 λέγεσθαι
3607 1483 3664 1535 ἐν
3690 1485 3801 1546 τοῖς

2234 1577 2363 1648 περὶ
2386 1575 2479 1630 τοῦ
2507 1575 2663 1630 Θεοῦ.
2712 1575 2879 1629 Ἐπὰν
2899 1576 2956 1629 δὲ
2976 1576 3401 1647 ἁμαρτήσωμεν,
3429 1573 3491 1627 τὸ
3511 1572 3798 1645 περίζωμα

2231 1647 2390 1722 τοῦτο
2424 1667 2759 1731 ἀποτίθεται,
2797 1667 2874 1730 ὡς
2911 1669 2940 1720 6
2982 1669 3286 1739 προφήτης,
3320 1647 3423 1720 καί
3452 1666 3800 1730 καταδικάζει.

2233 1760 2365 1813 αὐτὸ
2396 1761 2477 1822 είς
2508 1758 2601 1812 τὸν
2639 1759 2929 1830 Εὐφράτην
2957 1758 3220 1828 ποταμὸν,
3251 1758 3338 1812 ἵνα
3358 1759 3475 1812 ἐκεῖ
3501 1756 3797 1829 διαφθαρῇ·

2228 1851 2403 1916 οὕτως
2424 1854 2454 1905 6
2483 1851 2812 1923 ἁμαρτάνων
2839 1848 3201 1904 ἀποϐάλλεται
3222 1848 3331 1903 ἀπὸ
3359 1848 3458 1919 τῆς
3481 1847 3680 1917 ὀσφύος
3702 1846 3799 1900 τοῦ

2228 1945 2384 2010 Θεοῦ,
2429 1946 2525 2001 καὶ
2567 1942 2850 2014 ἐκϐληθεὶς
2891 1940 3208 1996 ἐκϐάλλεται
3247 1941 3328 2004 είς
3369 1939 3459 1994 τὸν
3506 1940 3800 2012 Εὐφράτην

2228 2039 2492 2108 ποταμὸν,
2528 2036 2618 2089 τὸν
2652 2035 2755 2105 τῆς
2793 2032 3215 2103 Μεσοποταμίας
3248 2032 3511 2102 ποταμὸν,
3573 2031 3708 2085 ὅπου
3749 2032 3800 2085 ot

2240 2130 2515 2202 Ἀσσύριοι
2560 2127 2744 2199 ἐχθροὶ
2780 2125 2858 2196 τῷ
2909 2124 3147 2203 Ἰσραὴλ,
3186 2124 3318 2177 ὅπου
3352 2124 3399 2176 οἱ
3447 2120 3797 2183 Βαϐυλώνιοι,

2229 2224 2325 2278 καὶ
2357 2225 2476 2277 ἐκεῖ
2518 2219 2911 2292 διαφθείρεται.
2955 2218 3160 2270 Ὄντων
3190 2213 3300 2287 γὰρ
3331 2212 3601 2268 τοσούτων
3630 2222 3799 2267 ποτα-

2232 2314 2367 2385 μῶν,
2400 2313 2677 2384 πέμπεται
2700 2311 2730 2363 ὁ
2759 2309 3042 2381 προφήτης
3073 2307 3180 2361 ἀπὸ
3194 2306 3293 2377 τῆς
3329 2304 3587 2368 ἰουδαίας
3607 2305 3687 2368 είς
3709 2303 3800 2356 τὸν

2227 2406 2520 2479 Εὐφράτην
2565 2403 2833 2474 ποταμὸν,
2882 2387 3409 2472 πραγματεύσασθαι
3455 2396 3551 2450 καὶ
3585 2395 3801 2462 ἀπαγα-

2226 2501 2344 2568 γεῖν
2377 2493 2779 2568 περιζωμάτιον
2815 2489 3012 2544 λινοῦν.
3046 2488 3147 2542 Διὰ
3174 2489 3227 2541 τί
3255 2487 3313 2540 δέ
3348 2485 3442 2541 καὶ
3469 2484 3680 2550 λινοῦν;
3715 2485 3797 2537 ὅτι

2225 2584 2325 2654 τὴν
2349 2579 2560 2650 γένεσιν
2580 2576 2692 2647 ἔχει
2719 2575 2827 2630 ἀπὸ
2852 2574 2957 2643 ﬁ;
2975 2589 2989 2602 ·
3018 2573 3184 2641 φυτὸν
3212 2570 3318 2642 γάρ
3343 2572 3489 2622 ἐστιν
3511 2568 3798 2622 ἀνατέλλον

2226 2676 2334 2731 ἀπὸ
2363 2674 2486 2744 γῆς,
2518 2666 2637 2724 εἶτα
2670 2668 2808 2740 μετὰ
2834 2667 2896 2720 τὸ
2918 2663 3301 2737 γεωργηθῆναι
3334 2661 3667 2732 ξαινόμενον,
3702 2659 3799 2714 καὶ⁵

2227 2765 2580 2836 πλυνόμενον,
2611 2762 2707 2815 καὶ
2741 2759 3104 2831 σμηχόμενον,
3137 2753 3234 2810 καὶ
3264 2753 3430 2823 πολλῇ
3459 2750 3691 2823 ἐργασίᾳ
3714 2766 3800 2841 γι-

2226 2858 2472 2928 νόμενον,
2515 2856 2603 2909 ἵνα
2630 2853 2860 2923 γένηται
2900 2848 3140 2904 τοιοῦτον
3184 2846 3324 2901 ὥστε
3357 2843 3609 2913 γενέσθαι
3644 2839 3800 2913 περί-

2227 2951 2463 3025 ζωμα,ἢ
2499 2950 2529 3004 ὅ
2552 2965 2604 3002 τι
2629 2947 2851 3020 δήποτε.
2888 2945 2998 2999 Kal
3028 2945 3189 3014 ἡμεῖς
3220 2937 3314 2995 οῦν
3341 2940 3539 2999 πάντες
3568 2936 3668 3008 τὴν
3707 2934 3798 3003 γέ-

2227 3058 2375 3096 νεσιν
2419 3038 2614 3112 ἔχομεν
2651 3038 2727 3101 ώς
2768 3034 3054 3108 περίζωμα
3096 3032 3190 3086 τοῦ
3229 3030 3382 3085 Θεοῦ.
3432 3028 3542 3083 Καὶ
3585 3027 3798 3112 ἔχοντες

2227 3127 2325 3200 τὴν
2356 3110 2571 3196 γένεσιν
2604 3121 2712 3178 ἀπὸ
2753 3121 2880 3192 γῆς,
2916 3118 3116 3188 πολλῆς
3153 3114 3493 3185 κατασκευῆς
3526 3110 3798 3184 χρῄζομεν

2230 3222 2317 3275 ἵνα
2360 3216 2662 3288 ξανθῶμεν,
2709 3215 2796 3268 ἵνα
2844 3210 3184 3281 πλυνθῶμεν,
3226 3209 3312 3262 ἵνα
3351 3206 3413 3260 τὸ
3461 3203 3657 3275 χρῶμα
3696 3202 3798 3271 τῆς

2228 3313 2334 3385 γῆς
2370 3309 2756 3380 ἀποϐάλωμεν·
2813 3304 2974 3358 Ἀλλο
3003 3302 3113 3371 γὰρ
3150 3301 3211 3354 τὸ
3252 3299 3351 3369 τῆς
3391 3296 3656 3367 γενέσεως
3694 3292 3786 3385 τοῦ

2228 3383 2375 3456 λινοῦ
2420 3398 2638 3472 χρῶμα,
2679 3396 2806 3452 ἄλλο
2842 3395 2905 3449 τὸ
2949 3392 3054 3448 ἀπὸ
3095 3390 3195 3461 τῆς
3240 3388 3520 3462 ἐργασίας.
3573 3386 3647 3439 Τὸ
3693 3383 3791 3456 μὲν

2229 3494 2336 3565 γὰρ
2382 3492 2480 3563 τῆς
2531 3489 2795 3559 γενέσεως
2847 3485 2940 3540 τοῦ
2979 3484 3122 3539 λινοῦ
3174 3482 3373 3556 χρῶμα
3425 3475 3795 3551 μελανώτερόν

2231 3588 2397 3649 ἐστιν,
2425 3582 2532 3637 ἀπὸ
2579 3581 2638 3636 δὲ
2685 3579 2786 3649 τῆς
2836 3577 3099 3650 ἐργασίας
3149 3574 3359 3644 γίνεται
3391 3569 3793 3642 λαμπρότατον.

2230 3673 2485 3731 Τοιοῦτον
2535 3668 2626 3726 οὖν
2678 3688 2729 3724 τι
2789 3669 2883 3723 καὶ
2937 3667 3029 3723 ἐπὶ
3081 3666 3227 3737 ἡμᾶς
3280 3664 3408 3726 τοὺς
3475 3663 3534 3714 ἐν
3587 3658 3798 3728 γενέσει

2231 3765 2444 3836 φθάνει·
2502 3760 2729 3835 μέλανές
2770 3762 2937 3830 ἐσμεν
2982 3755 3124 3811 κατὰ
3154 3754 3253 3825 τὴν
3295 3755 3352 3807 ἐν
3396 3751 3475 3822 τῷ
3521 3747 3799 3803 πιστεύειν

2230 3856 2424 3927 ἀρχήν.
2483 3852 2575 3905 Διὸ
2623 3853 2680 3904 ἐν
2721 3850 2863 3921 ἀρχῇ
2908 3846 3001 3900 τοῦ
3050 3844 3326 3916 ’ᾼσματος
3374 3840 3482 3895 τῶν
3535 3839 3798 3912 ᾀσμάτων
3886 3890 3889 3893 λ

2229 3947 2464 4015 λέγεται·
2517 3939 2786 3998 Μέλαινά
2831 3942 2969 4009 ειμι,
3012 3937 3110 3991 καὶ
3155 3933 3335 4001 καλή.
3387 3933 3497 3987 Καὶ
3561 3931 3798 4000 Αἰθίοψιν

2232 4040 2394 4111 ἡμεῖς
2440 4037 2561 4091 κατ’
2597 4033 2774 4106 ἀρχὰς
2818 4030 2918 4103 τὴν
2958 4029 3138 4101 ψυχὴν
3177 4027 3456 4099 ἐοίκαμεν,
3503 4020 3620 4083 εἶτα
3662 4025 3799 4077 ἀπο-

2232 4126 2573 4203 σμηχόμεθα,
2624 4126 2712 4181 ἵνα
2754 4123 3121 4197 λαμπρότεροι
3167 4118 3474 4191 γενώμεθα,
3525 4117 3663 4172 κατὰ
3702 4116 3796 4169 τό·

2236 4223 2332 4288 Τις
2373 4221 2525 4289 αὕτη
2570 4220 2608 4289 ἠ
2643 4217 3054 4274 ἀναϐαίνουσα
3081 4209 3670 4281 λελευκανθισμένη;
3705 4209 3800 4263 καὶ

2229 4311 2515 4384 γενώμεθα
2560 4309 2739 4384 λινοῦν
2780 4306 3030 4379 λαμπρὸν
3073 4306 3166 4360 καὶ
3218 4303 3474 4374 καθαρόν.
3526 4297 3658 4356 Εἶτα
3703 4300 3798 4353 καὶ

2231 4403 2544 4475 πλεκόμεθα
2576 4402 2668 4455 ἐπὶ
2694 4401 2755 4454 τὸ
2783 4392 3072 4470 περίζωμα
3102 4397 3194 4452 ¹τοῦ
3225 4396 3382 4461 Θεοῦ,
3410 4397 3537 4449 ὅταν
3558 4392 3798 4463 ἀξιῶμεν

2157 4523 2202 4579 D
2232 4495 2520 4551 κολλᾶσθαι
2557 4491 2635 4563 τῷ
2673 4490 2811 4561 Θεῷ.
2861 4491 2975 4543 Οὐκ
3025 4490 3340 4544 ἀποτίθεται
3382 4488 3528 4579 ἡμᾶς
3571 4483 3795 4579 ὀᾲΘεύς.

2243 4586 2499 4640 ’Λπέθετο
2529 4582 2622 4636 τὸν
2656 4582 2871 4652 πρῶτον
2901 4580 3049 4647 λαὸν,
3097 4582 3273 4636 πάντα
3298 4579 3386 4635 τὸν
3418 4574 3563 4632 οἶκον
3609 4574 3795 4641 Ἰούδα,

2231 4677 2439 4733 καὶτὸν
2467 4670 2616 4729 οἷκον
2656 4672 2964 4745 Ἱερουσαλή
2974 4691 3034 4742 μ.
3084 4671 3330 4741 Ἐγένετο
3361 4671 3439 4734 είς
3463 4669 3523 4722 τὸ
3553 4667 3626 4739 μὴ
3655 4683 3799 4737 πρη-

2233 4770 2423 4840 σθῆναι
2455 4766 2555 4821 ἔτι·
2599 4766 2781 4820 οὐκέτι
2809 4764 2917 4837 γὰρ
2945 4764 3141 4828 αὐτοὺς
3170 4762 3583 4835 περιζώννυται.
3625 4759 3801 4829 Ἦμᾶς

2232 4862 2350 4916 ἀντὶ
2382 4861 2603 4915 ἐκείνων
2635 4857 3007 4930 περιεζώσατο
3034 4861 3063 4912 6
3096 4856 3246 4921 Θεός·
3277 4856 3338 4909 οὐ
3372 4854 3481 4926 γὰρ
3515 4849 3802 4907 ἀποϐαλὼν

2232 4953 2292 5008 τὸ
2338 4952 2627 5025 περίζωμα
2663 4950 2846 5022 ἔμεινε
2892 4950 3119 5020 γυμνὸς,
3167 4946 3304 5001 ἀλλὰ
3337 4945 3465 5000 ἄλλο
3513 4942 3801 5013 περίζωμα

2231 5043 2406 5116 ἐαυτῷ
2452 5043 2641 5113 ὕφανε.
2697 5042 2866 5096 Τοῦτο
2905 5040 3192 5113 περίζωμα
3230 5039 3265 5109 ή
3333 5033 3622 5104 Ἐκκλησία
3655 5031 3802 5085 ἐστὶν

2230 5138 2266 5207 ή
2323 5135 2429 5189 ἀπὸ
2478 5133 2586 5187 τῶν
2631 5132 2829 5188 ἐθνῶν·
2885 5133 3008 5203 ἥτις
3057 5131 3209 5196 ἵστω,
3263 5130 3365 5192 ὅτι,
3417 5127 3465 5179 εί
3515 5125 3622 5177 τῶν
3668 5132 3804 5193 προ-

2234 5229 2409 5301 τέρων
2439 5228 2541 5281 οὐκ
2569 5227 2822 5296 ἐφείσατο
2852 5229 2881 5281 6
2924 5226 3078 5290 Θεὸς,
3120 5224 3269 5305 πόσιρ
3294 5219 3453 5274 πλέον
3480 5216 3602 5271 οὐδὲ
3633 5215 3801 5286 αὐτῆς

2231 5318 2649 5391 ἅμαρτανούσης
2683 5318 2947 5389 φείσεται,
3000 5316 3094 5370 ἐὰν
3142 5314 3215 5386 μὴ
3319 5308 3447 5379 ἀξία
3478 5309 3580 5381 τῆς
3604 5307 3801 5377 ὀσφύος

2229 5410 2324 5465 τοῦ
2357 5410 2528 5465 Θεοῦ·
2580 5413 2608 5464 6
2637 5411 2696 5464 δὲ
2748 5407 3085 5480 κολλώμενος
3132 5406 3208 5476 τῷ
3241 5404 3431 5476 Κυρίῳ
3476 5401 3533 5480 ἐγ
3585 5397 3802 5470 πνεῦμά

2227 5502 2375 5557 ἐστιν
2403 5504 2461 5558 ἐν
2493 5501 2712 5574 Χριστῷ
2758 5500 2952 5574 Ἰησοῦ,
2983 5492 3027 5568 ᾧ
3057 5501 3205 5552 ἐστιν
3234 5498 3268 5569 ή
3297 5495 3426 5561 δόξα
3452 5495 3548 5550 καὶ⁹
3576 5492 3638 5548 τὸ
3667 5489 3806 5565 κρά-
3874 5538 3879 5543 .

2231 5620 2326 5671 τος
2358 5602 2438 5670 είς
2464 5602 2589 5666 τοὺς
2622 5600 2823 5665 αἰῶνας
2857 5598 2965 5654 τῶν
2997 5596 3225 5653 αἰώνων.
3281 5595 3475 5667 Ἀμήν.

4178 4638 4186 4729 l
