4296 6288
456 368 591 422 ’377
1647 373 1713 429 IN
1750 371 2099 429 JEREMIAM
2136 372 2395 428 llOMLlA
2439 374 2548 429 XII.
3619 378 3724 434 333

1023 482 1328 538 OMlAlA
1365 486 1465 541 lB'.

1172 596 1276 663 Εις,
1293 599 1375 652 τόο

495 683 599 766 Kal
808 682 970 766 πρός.
986 685 1109 766 τερ-ζ
1133 688 1317 766 λαόνς
1368 688 1510 766 Teios
1551 690 1710 766 λέγει
1753 691 1965 766 Κύριρς·
2015 692 2048 743 ό

558 754 697 835 Θεὸς
730 753 993 835 Ἰσραήξ
1014 755 1144 835 ,Πᾶς
1163 758 1355 835 cio:on
1374 753 2042 835 xanarﬂii_asrat_'oirov-

548 821 713 945 μέχρι
764 823 859 877 τοῦ
878 841 892 856 ο
922 826 1030 880 Kal
1070 821 1438 892 κὰτάξουὶγιν
1466 821 1520 883 (ἦ
1553 821 1844 911 ὀφθαλμοί
1873 828 2042 897 ὑμῶν

584 891 799 945 άκουα.
822 893 909 945 ὅτι
933 899 1248 945 συνετρίϐη
1274 898 1342 945 τὸ
1369 899 1646 945 ποίμνιον
1670 916 1775 945 του
1797 899 2036 945 Κυρίου.

584 891 799 963 agema,
822 893 909 948 ὅτι
933 891 1248 965 συνετρίϐη
1274 898 1342 951 τὸ
1369 891 1646 968 ποίμνιον
1670 891 1775 953 τοῦ
1793 891 2036 966 Κυρίου.

2609 490 2765 562 193
2805 490 3084 547 HOMILIA
3125 491 3238 547 ΧΠ.

2544 603 2732 673 (Juxta
2787 604 3169 674 Hieronymum
3202 602 3284 657 1Χ
3293 605 3338 673 .)’

2154 687 2229 742 De
2259 705 2326 771 eo
2371 693 2514 760 quod
2552 692 2971 771 scriptum_est_:
3013 692 3199 771 Quinis
3252 702 3371 745 uter
3401 693 3720 771 lintptebit‘ur

2221 762 2376 824 vino;
2416 776 2588 831 usque
2610 764 2676 817 ad
2705 764 2835 817 illud
2863 781 2877 816 :
2911 763 2980 816 Et
3005 762 3261 815 deducent
3294 762 3433 815 oculi
3465 766 3620 819 vestri
3640 765 3718 818 ta-

2210 845 2438 899 crymas,
2464 835 2589 902 quia
2613 833 2873 887 contritus
2901 841 2978 887 est
3004 847 3132 901 gres;
3167 832 3452 898 Domini”

1785 994 2024 1055 Eodem
2049 988 2421 1069 interprete.

552 1091 618 1143 Ὃ
668 1090 1060 1162 προστάσσεται
1108 1094 1137 1146 ὁ
1172 1092 1461 1166 Προφήτης
1504 1093 1682 1164 λέγειν
1730 1095 1838 1149 ἀπὸ
1886 1092 2043 1157 Θεοῦ,

476 1179 681 1248 ὀφείλει
700 1180 846 1244 ἄξιον
868 1176 1004 1234 εἶναι
1033 1182 1125 1234 τοῦ
1153 1181 1306 1236 Θεοῦ.
1332 1185 1405 1237 Οὐ
1429 1185 1675 1253 φαίνεται
1705 1184 1782 1247 δὲ,
1800 1184 1881 1236 ὅτι
1899 1180 2045 1235 τοῦτ’

477 1270 627 1337 ἄξιόν
660 1272 777 1325 ἐστι
808 1271 899 1324 τοῦ
932 1271 1089 1336 Θεοῦ,
1126 1274 1394 1343 μενόντων
1427 1273 1582 1344 ἡμῶν
1618 1274 1708 1326 ἐπὶ
1737 1270 1831 1326 τοῦ
1862 1271 2045 1342 γράμ-

479 1379 650 1433 ματος
671 1379 687 1393 ⁶
721 1360 861 1415 ὥστε
889 1364 1064 1417 εἰπεῖν
1088 1363 1243 1418 ἄλλον
1275 1365 1397 1418 τινὰ
1417 1364 1720 1418 ἀκούσαντα
1742 1363 1834 1417 τοῦ
1868 1363 2046 1435 γράμ-

481 1470 667 1525 ματος,
695 1454 894 1526 Μωρία
928 1456 1045 1508 ἐστὶ
1088 1456 1261 1510 ταῦτα
1301 1456 1368 1511 τὰ
1399 1456 1722 1530 γράμματα.
1768 1455 1938 1508 Τοῦτο
1984 1454 2042 1508 δὲ

476 1546 593 1619 ὲρεῖ
608 1547 853 1620 ψυχικός.
883 1548 1148 1618 Ψυχικὸς
1167 1549 1275 1622 γὰρ
1294 1548 1594 1618 ἅνθρωπος
1623 1552 1694 1603 οὺ
1713 1547 1946 1619 δέχεται
1973 1548 2046 1601 τὰ

2221 1094 2380 1161 Quod
2409 1112 2439 1151 a
2471 1096 2578 1151 Deo
2605 1096 2878 1167 pr0phetae
2901 1090 3123 1165 iubetur
3166 1102 3227 1149 ut
3250 1093 3416 1161 dicat,
3447 1091 3606 1148 debet
3634 1093 3717 1148 di-

2151 1202 2314 1256 gnum
2342 1200 2464 1244 esse
2488 1189 2717 1258 imperio
2752 1189 2866 1243 Dei.
2908 1188 3011 1242 Sed
3045 1202 3152 1242 non
3182 1187 3392 1241 videtur
3417 1186 3639 1257 dignum
3669 1187 3717 1240 si

2151 1292 2469 1332 maneamus
2495 1279 2547 1332 in
2589 1279 2789 1342 littera,
2823 1287 2877 1333 ct
2904 1278 3037 1332 nihil
3062 1277 3225 1331 altius
3251 1276 3629 1346 requiramus,
3662 1275 3718 1328 in

2150 1373 2357 1419 tantum
2391 1375 2449 1420 ut
2476 1368 2520 1427 si
2552 1369 2675 1437 quis
2707 1368 2857 1423 rudis
2881 1367 3097 1421 auditor
3119 1367 3409 1432 exstiterit,
3431 1366 3578 1421 dicat
3601 1365 3721 1420 ine-

2149 1464 2300 1526 ptum
2349 1474 2469 1514 esse
2520 1458 2816 1529 Scripturis
2862 1474 3051 1514 aurem
3096 1460 3549 1522 accommodare,
3578 1466 3716 1512 ctea

2149 1561 2477 1616 cognoscere
2519 1566 2640 1620 quae
2668 1551 2721 1605 in
2752 1548 2833 1604 eis
2872 1548 3207 1605 lectitantur.
3251 1547 3364 1604 Hoc
3398 1558 3483 1604 est
3511 1550 3715 1604 dictum

475 1639 583 1694 τοῦ
610 1640 953 1711 Πνεύματος
973 1638 1080 1695 τοῦ
1117 1640 1284 1695 Θεοῦ·
1307 1641 1499 1711 μωρία
1525 1640 1633 1711 γὰρ
1659 1639 1818 1706 αὐτῷ
1849 1637 2039 1693 ἐστιν.
2073 1655 2116 1710 Β
2147 1653 2171 1690 a

2027 1678 2039 1692 .
2073 1655 2116 1710 Β
2147 1639 2432 1695 animalis:
2463 1641 2724 1695 Animalis
2751 1641 2950 1712 quippe
2974 1642 3128 1695 homo
3158 1657 3261 1694 non
3285 1640 3506 1710 percipit
3522 1656 3583 1693 ea
3601 1654 3718 1710 qua:

442 1782 448 1789 .
479 1729 617 1801 Ὅρα
642 1726 733 1785 οὖν
754 1730 853 1803 τὴν
880 1731 1022 1799 λέξιν
1036 1732 1089 1784 τί
1115 1749 1266 1804 φησι.
1286 1731 1392 1787 Καὶ
1418 1726 1570 1801 ἐρεῖς
1592 1731 1741 1799 πρὸς
1760 1730 1867 1784 τὸν
1892 1728 2049 1783 λαὸν

473 1820 714 1874 τοῦτον·
772 1820 919 1877 Τάδε
969 1823 1131 1893 λέγει
1191 1824 1408 1891 Κύριος
1471 1826 1504 1877 ό
1569 1823 1712 1889 Θεὸς
1777 1819 2039 1890 Ἰσραήλ.

477 1910 655 1977 ’Ἄξιον
686 1910 824 1964 ἔστω
862 1913 1068 1984 Κυρίου
1099 1915 1192 1968 τοῦ
1222 1914 1357 1968 Θεοῦ
1398 1913 1644 1986 Ἰσραήλ·
1676 1908 1802 1979 Πᾶς
1850 1911 2045 1978 ἀσκὸς

471 2001 925 2070 πληρωθήσεται
948 2004 1138 2059 οἴνου.
1175 2007 1280 2059 Καὶ
1308 2006 1501 2069 ἔσται,
1529 2006 1637 2059 ἐὰν
1662 2005 1873 2057 εἴπωσι
1894 2003 2045 2070 πρὸς

470 2089 566 2144 σέ*
585 2091 680 2160 Μὴ
701 2093 947 2162 γνόντες
961 2094 1033 2148 οὐ
1051 2097 1415 2164 γνωσόμεθα,
1441 2095 1529 2148 ὅτι
1554 2093 1671 2160 πᾶς
1683 2092 1875 2159 ἀσκὸς
1888 2096 2044 2161 πλη-

463 2179 800 2247 ρωθήσεται
829 2182 1028 2248 οἵνου;
1073 2184 1185 2237 Καὶ
1226 2184 1275 2237 οἱ
1323 2184 1760 2257 ἀποκρινόμενοι,
1812 2184 1903 2238 ἐπὶ
1950 2182 2042 2237 τοῦ

473 2268 642 2339 ῥητοῦ
672 2269 922 2338 ἑστῶτες,
953 2266 1127 2326 ταῦτά
1158 2290 1309 2342 φασι,
1354 2274 1448 2327 καὶ
1473 2273 1716 2343 λέγουσιν
1746 2273 2042 2338 ἐγνωκέναι

469 2357 555 2411 ὅτι
597 2360 703 2424 πᾶς
746 2358 911 2426 ἀσκὸς
942 2362 1356 2435 πληρωθήσεται
1388 2362 1553 2418 οἴνου.
1587 2364 1740 2418 Εἰσὶν
1764 2359 1858 2418 οὖν
1885 2365 2043 2418 ἀσκοὶ

471 2446 652 2501 ἐλαίου
678 2447 1062 2521 πληρούμενοι,
1094 2452 1127 2523 ἢ
1172 2450 1338 2523 ἄλλης
1369 2453 1543 2525 ὑγρᾶς
1569 2453 1780 2517 οὐσίας.
1804 2452 2043 2508 Ψεύδον-

470 2553 562 2592 ται
606 2537 734 2611 ἄρα·
780 2540 841 2594 οὐ
888 2540 999 2612 γὰρ
1046 2542 1154 2605 πᾶς
1196 2543 1363 2607 ἀσκὸς
1411 2543 1828 2615 πληρωθήσεται
1872 2541 2036 2598 οῖνοιν

471 2631 607 2700 ὅπερ
631 2629 934 2702 διηγήσεως
971 2631 1112 2685 κατὰ
1142 2631 1204 2686 τὸ
1244 2632 1467 2686 δυνατὸν
1512 2634 1643 2704 ἡμῖν
1674 2632 1887 2686 τοιᾶσδε
1918 2631 2041 2686 τεύ-

463 2717 644 2783 ξεται,
670 2721 767 2774 ἐὰν
801 2720 1028 2792 εἰδῶμεν
1056 2721 1156 2786 τὰς
1188 2721 1294 2776 τῶν
1325 2720 1482 2776 οἴνων
1510 2721 1790 2793 διαφορὰς,
1840 2722 1933 2776 καὶ
1970 2722 2038 2776 τὰ

471 2807 736 2882 λεγόμενα
765 2810 893 2883 περὶ
931 2810 1130 2866 αὐτῶν.
1181 2813 1290 2867 Καὶ
1332 2811 1636 2877 ἀκολούθως
1678 2813 1859 2877 αὐτοῖς
1909 2813 2037 2886 περὶ

471 2900 581 2953 τῶν
601 2900 785 2956 ἀσκῶν
814 2902 1077 2974 ὀψόμεθα,
1108 2903 1189 2958 ὃτι
1216 2900 1412 2976 ἀληθές
1432 2905 1547 2958 ἐστι
1577 2902 1651 2957 τὸ’
1681 2902 1807 2971 Πᾶς
1843 2904 2039 2971 ἀσκὸς

472 2995 930 3061 πληρωθήσεται
976 2994 1164 3050 οἴνου.
1211 2995 1337 3049 Εἴτε
1368 2994 1474 3069 γὰρ
1516 2995 1716 3065 ἀγαθός
1744 2997 1826 3060 τίς
1868 2997 2036 3062 ἐστιν,
2063 2978 2108 3037 c

474 3082 541 3135 ἵν’
583 3080 755 3147 οὕτως
790 3083 1165 3155 όνομάσωμεν,
1211 3087 1268 3139 ὲν
1309 3087 1497 3150 ἀσκοῖς
1528 3085 1713 3152 ἀσκὸς,
1751 3085 2040 3159 πληρωθή-

473 3190 622 3227 σεται
659 3174 800 3227 υίνου
832 3175 972 3229 κατὰ
1001 3177 1099 3247 τὴν
1142 3175 1333 3231 ἑαυτοῦ
1367 3177 1692 3248 ἀγαθότητα-
1724 3176 1834 3230 εἴτε
1866 3177 2035 3244 ἐστὶν,

469 3264 546 3329 ὡς
578 3266 636 3318 ἐν
667 3266 948 3337 συγκρίσει
976 3266 1180 3331 ἀσκῶν,
1220 3266 1315 3321 καὶ
1360 3270 1426 3338 τῇ
1458 3268 1636 3339 κρίσει
1671 3268 1738 3341 τῇ
1783 3268 1912 3342 περ).
1942 3269 2041 3324 αὺ-

468 3356 598 3421 τῶν,
635 3356 926 3429 μοχθηρὸς,
962 3360 1056 3412 καὶ
1083 3359 1244 3422 αὐτὸς
1265 3359 1406 3413 κατὰ
1425 3358 1520 3428 τὴν
1545 3358 1841 3432 μοχθηρίαν
1872 3360 2036 3415 αὑτοῦ

468 3446 880 3521 τὸιηρωθήσεται
931 3448 1075 3503 οἴνου
1111 3448 1404 3521 μοχθηροῦ.
1441 3447 1565 3514 Πῶς
1610 3445 1702 3504 οὖν
1748 3449 1897 3504 ἔστιν
1930 3451 2037 3505 ἀπὸ

465 3537 566 3606 τῆς
606 3539 830 3610 Γραφῆς
858 3539 1044 3595 λαϐεῖν
1075 3541 1201 3614 περὶ
1228 3540 1336 3596 τῶν
1371 3542 1641 3613 διαφόρων
1672 3541 1866 3609 οἷνωνς
1901 3543 2036 3617 Περὶ

470 3627 567 3698 μὲν
595 3628 702 3683 τῶν
723 3631 980 3701 χειρόνων
1007 3632 1233 3689 τοιαῦτα
1264 3635 1574 3706 γέγραπται
1605 3650 1619 3667 ο
1660 3635 1759 3690 Ἐκ
1787 3635 1896 3705 γὰρ
1923 3635 2034 3706 ἁμ-

466 3719 652 3777 πέλου
669 3720 950 3796 Σοδόμων
975 3727 1013 3796 ἡ
1038 3727 1305 3797 ἄμπελος
1323 3727 1542 3793 αὐτῶν,
1565 3727 1666 3783 καὶ
1683 3730 1720 3797 ἡ
1743 3729 2034 3798 κληματίς

339 3816 352 3827 ⁸
462 3812 662 3868 αὐτῶν
685 3816 756 3869 ἐκ
778 3818 1101 3886 Γομόρρας.
1148 3817 1214 3873 Ἢ
1232 3819 1514 3889 σταφυλὴ
1537 3818 1733 3875 αὐτῶν
1746 3819 2029 3890 σταφυλὴ

463 3906 673 3975 χολῆς,
703 3908 932 3977 βότρυς
958 3909 1196 3978 πικρίας
1225 3906 1448 3978 αὐτοῖς·
1483 3913 1668 3982 θυμὸς
1693 3912 2032 3980 δρακόντων

462 4002 495 4051 ό
519 3994 682 4065 οἶνος
702 3997 918 4066 αὐτῶν,
951 4000 1049 4053 καὶ
1079 3998 1266 4069 θυμὸς
1296 4000 1559 4055 ἀσπίδων
1584 4003 1857 4069 ἀνίατος.
1894 4005 2031 4076 Περὶ

459 4089 516 4143 δὲ
542 4089 650 4144 τῶν
679 4091 1022 4162 κρειττόνων
1065 4092 1133 4146 Τὸ
1164 4089 1454 4160 ποτήριόν
1477 4105 1594 4146 σου
1624 4095 1933 4162 μεθύσκον
1953 4113 2031 4164 με

459 4181 542 4247 ὡς
583 4180 926 4250 κράτιστον.
964 4183 1130 4254 Καὶή
1159 4182 1321 4252 σοφία
1366 4181 1625 4251 συγκαλεῖ
1650 4184 1741 4237 ἐπὶ
1770 4184 1862 4239 τὸν
1897 4187 2027 4239 ἑαυ-

2146 1735 2267 1780 sunt
2295 1729 2510 1798 spiritus
2537 1729 2657 1784 Dei.
2707 1728 2958 1786 Stultitia
2983 1733 3122 1785 enim
3154 1732 3202 1784 ei
3225 1740 3302 1785 est
3331 1731 3394 1782 ⁷ο.
3450 1728 3717 1783 Conside-

2143 1833 2329 1874 remus
2361 1835 2491 1889 ergo
2519 1819 2613 1875 Dei
2644 1836 2952 1876 sermonem
2980 1821 3109 1891 quid
3135 1821 3323 1890 jubeat
3347 1820 3391 1850 '“
3422 1838 3434 1873 :
3474 1817 3543 1871 Et
3574 1819 3714 1871 dices

2143 1915 2211 1961 ad
2259 1910 2511 1978 populant
2560 1928 2850 1966 sermonem
2898 1914 3094 1967 istum:
3133 1907 3255 1965 Haec
3287 1913 3419 1964 dicit
3462 1909 3713 1962 Dominus

2142 1999 2285 2053 Deus
2310 1994 2505 2055 Israel.
2558 2002 2713 2068 Quod
2759 2003 2893 2056 dicit
2933 2003 3198 2056 Dominus
3227 2002 3369 2055 Deus
3402 2000 3606 2064 Israel,
3633 1999 3717 2051 di-

2144 2107 2308 2162 gnum
2352 2108 2538 2161 quaeso
2586 2095 2658 2147 sit
2700 2093 2932 2148 Domino
2969 2092 3265 2148 Deolsrael
3309 2110 3322 2145 :
3379 2092 3561 2146 Omnis
3603 2100 3716 2143 utcr

2142 2182 2449 2252 implebitur
2474 2186 2612 2239 vino.
2644 2184 2884 2256 Eritque,
2925 2188 2970 2240 si
3001 2185 3230 2239 dixerint
3255 2185 3324 2236 ad
3349 2194 3396 2237 te
3416 2199 3434 2236 :
3461 2180 3710 2251 Nunquid

2143 2290 2505 2349 cognoscentes
2528 2321 2543 2346 ,
2574 2293 2624 2335 et
2654 2297 2757 2335 non
2786 2280 3144 2352 cognoscimus
3165 2319 3180 2345 ,
3222 2279 3347 2349 quia
3396 2276 3565 2329 omnis
3597 2284 3715 2328 uter

2142 2368 2446 2439 implebitur
2471 2370 2590 2425 vino
2623 2372 2669 2403 '"
2701 2372 2724 2424 ?
2780 2369 2902 2425 Ilaec
2945 2369 3367 2439 respondentes,
3418 2365 3469 2441 _si
3503 2373 3712 2418 tantum

2141 2458 2377 2515 litteram
2407 2469 2732 2531 sequuntur,
2768 2469 2823 2515 et
2864 2460 3053 2515 dicunt
3083 2473 3249 2512 nosse
3274 2472 3334 2512 se
3373 2456 3501 2524 quia
3533 2453 3714 2508 omnis

2142 2558 2263 2605 uter
2288 2550 2599 2621 implebitur
2627 2552 2776 2615 vino,
2816 2549 3100 2604 falluntur.
3137 2545 3256 2601 Non
3284 2546 3430 2601 enim
3460 2558 3711 2599 necessa-

2138 2639 2223 2693 rio
2257 2641 2523 2709 sequitur,
2549 2650 2607 2695 ut
2628 2656 2819 2696 omnes
2855 2651 3004 2694 utres
3037 2639 3364 2708 impleantur
3399 2636 3544 2689 vino.
3575 2632 3715 2688 Sunt

2140 2738 2290 2785 utres
2317 2731 2438 2785 oleo
2470 2731 2651 2802 pleni;
2703 2741 2828 2787 sunt
2863 2730 2954 2785 alii
2989 2745 3017 2784 a
3053 2727 3296 2799 qualibet
3324 2726 3581 2797 liquentis
3611 2742 3713 2779 na-

2141 2827 2275 2874 turae
2308 2821 2535 2875 materia
2569 2821 2749 2887 vacui,
2783 2830 2878 2874 aut
2905 2827 3052 2875 certe
3086 2834 3194 2872 non
3224 2815 3392 2887 pleni.
3446 2814 3709 2869 Dominus

2139 2918 2321 2963 autem
2349 2910 2480 2965 dicit
2506 2926 2722 2964 omnem
2756 2919 2931 2964 utrem
2968 2908 3303 2978 implendum
3332 2907 3458 2959 vino
3487 2922 3500 2960 :
3534 2914 3588 2958 et
3614 2918 3712 2971 po.

2138 3002 2298 3072 pulus
2330 3002 2610 3073 respondit
2650 3022 2662 3057 :
2716 3002 2971 3074 Nunquid
3003 3009 3365 3071 cognoscentes
3390 3016 3494 3053 non
3519 3015 3712 3068 cogno-

2139 3094 2353 3155 scimus,
2397 3096 2522 3165 quia
2565 3096 2735 3149 omnis
2763 3105 2878 3149 uter
2901 3092 3207 3164 imptcbitur
3241 3092 3401 3147 vino?
3431 3090 3560 3157 Qua:
3582 3090 3709 3160 qui-

2137 3188 2257 3242 dem
2284 3188 2437 3257 juxta
2465 3196 2836 3257 paupertatem
2871 3187 3072 3257 ingenii
3107 3186 3210 3240 mei
3238 3185 3318 3240 sic
3348 3191 3603 3254 poterunt
3627 3182 3711 3235 in-

2139 3278 2444 3348 terpretari,
2497 3277 2543 3333 si
2567 3278 2721 3347 prius
2748 3277 2854 3331 vini
2881 3275 3216 3330 diderentias
3242 3274 3706 3344 prospexerimus,

2135 3376 2198 3422 ut
2227 3378 2357 3423 tunc
2387 3376 2782 3437 consequenter
2812 3375 3109 3421 tractemus
3130 3405 3144 3429 ,
3197 3380 3381 3418 rerum
3415 3378 3533 3418 esse
3559 3360 3706 3431 quod

2135 3459 2339 3515 dictum
2368 3468 2472 3526 est,
2504 3461 2632 3530 quia
2658 3459 2840 3514 omnis
2875 3467 2996 3513 uter
3025 3456 3338 3527 implebitur
3364 3456 3513 3510 vino.
3580 3450 3707 3508 Sive

2132 3552 2277 3607 enim
2326 3552 2450 3623 quis
2500 3551 2678 3606 bonus
2720 3559 2840 3617 est,
2892 3559 2952 3605 ut
2994 3549 3066 3602 ita
3117 3550 3343 3619 loquar,
3381 3548 3519 3601 inter
3556 3555 3707 3601 utres

2131 3651 2290 3710 uter,
2339 3641 2652 3712 implebitur
2696 3640 2823 3696 vino
2866 3628 3126 3695 bonitatis
3168 3655 3311 3700 suae:
3366 3637 3481 3691 sive
3525 3634 3706 3688 malus

2126 3733 2281 3804 juxta
2328 3734 2431 3789 hoc
2469 3731 2615 3804 quod
2658 3731 2836 3787 malus
2882 3739 3001 3795 est,
3035 3728 3179 3784 malo
3206 3729 3333 3782 vino
3375 3723 3702 3795 implebitur.

2130 3823 2416 3893 Quomodo
2459 3840 2591 3894 ergo
2645 3839 2938 3895 possumus
2986 3822 3053 3876 de
3101 3818 3397 3888 Seripturis
3460 3816 3706 3886 accipere

2128 3914 2461 3971 dill‘erentias
2508 3913 2653 3968 vini?
2706 3910 2880 3982 Super
2911 3911 3054 3964 malo
3087 3908 3215 3963 vino
3258 3907 3361 3962 ista
3390 3906 3700 3977 conscripta

2127 4016 2256 4061 sunt
2279 4004 2325 4036 τ’
2353 4023 2367 4058 :
2395 4003 2471 4057 De
2493 4005 2644 4057 uinea
2671 4002 3054 4065 Sodomorum,
3083 4009 3132 4053 et
3157 3999 3220 4054 de
3247 3997 3563 4062 Comorrlta,
3590 4013 3703 4052 uva:

2126 4111 2307 4150 eorum
2333 4109 2446 4148 uva:
2471 4092 2649 4163 fellis;
2690 4090 2871 4145 botrus
2896 4088 3275 4144 amaritudinis
3318 4095 3371 4145 in
3399 4090 3473 4142 eis
3496 4130 3511 4155 ,
3554 4105 3703 4142 vene-

2127 4201 2254 4240 num
2284 4186 2577 4238 draconum
2606 4183 2785 4236 vinum
2809 4198 3011 4248 eorum,
3037 4190 3087 4235 et
3110 4182 3253 4236 virus
3285 4180 3528 4249 aspidum
3554 4181 3702 4233 insa-

457 4269 559 4339 τῆς
586 4272 836 4343 κρατῆρα
877 4269 1136 4340 λέγουσαν
1185 4274 1446 4336 Ἕλθετε,
1488 4273 1705 4342 φάγετε
1731 4273 1839 4329 τὸν
1882 4274 2028 4341 ἐμὸν
2061 4321 2101 4343 η
2131 4292 2153 4330 τι

2005 4294 2028 4324 ν’
2061 4321 2101 4343 η
2131 4275 2324 4330 nabile.
2386 4275 2460 4330 De
2490 4273 2636 4329 bono
2665 4272 2780 4328 haec
2823 4273 3080 4326 dicuntur
3114 4273 3160 4304 ⁷⁸
3190 4290 3204 4325 :
3238 4270 3396 4326 Calix
3431 4280 3552 4323 tuus
3592 4269 3701 4323 ine-

457 4359 658 4426 ἇρτον,
692 4361 791 4416 καὶ
816 4363 980 4415 πίετε
1016 4359 1183 4416 οἶνον
1208 4362 1280 4416 ὃν
1304 4363 1597 4432 κεκέρακα
1637 4365 1798 4436 ὑμῖν.
1832 4367 2022 4422 Ἔστιν
2058 4358 2101 4376 ”
2132 4366 2153 4420 ι

2003 4384 2022 4422 ν
2058 4358 2101 4376 ⁵’
2132 4366 2310 4420 brians
2355 4379 2515 4435 quam
2561 4361 2851 4433 prccclarus
2876 4371 2952 4416 est
2982 4369 3002 4422 !
3030 4358 3096 4417 Et
3122 4359 3402 4432 Sapientia
3436 4372 3699 4415 convocat

455 4446 549 4505 οὖν
578 4447 721 4517 οἶνος
759 4452 867 4506 ἀπὸ
892 4453 1159 4524 Σοδόμων,
1194 4455 1286 4509 καὶ
1329 4454 1474 4510 ἔστιν
1516 4452 1657 4521 οἶνος
1693 4458 1751 4511 ὃν
1789 4459 1822 4530 ἡ
1864 4460 2023 4530 σοφία

456 4542 693 4616 κίρνησι.
726 4543 838 4598 Καὶ
865 4544 1026 4599 πάλιν
1044 4562 1058 4576 °
1087 4546 1389 4616 Ἀμπελος
1406 4546 1656 4618 ἐγενήθη
1689 4547 1771 4615 τῷ
1796 4549 2026 4620 ἠγαπη-

450 4635 613 4702 μένῳ
652 4635 723 4687 ἐν
758 4632 977 4704 κέρατι,
1004 4636 1076 4690 ἐν
1100 4640 1262 4702 τόπῳ
1292 4639 1454 4693 πίονι
1495 4641 1879 4713 πεφυτευμένη
1919 4642 2023 4697 ὑπὸ

454 4724 546 4776 τοῦ
580 4722 739 4789 Θεοῦ,
797 4727 831 4796 ή
886 4727 1188 4800 καλουμένη
1241 4728 1483 4800 ἄμπελος
1521 4731 1734 4803 Σωρὴκ,
1790 4732 2018 4807 ὲκλεκτή

452 4831 536 4877 τις
570 4811 706 4870 οὖσα
752 4818 847 4870 καὶ
879 4814 1187 4890 θαυμαστή.
1222 4820 1377 4874 Ἐστι
1415 4821 1472 4875 δέ
1521 4838 1604 4885 τις
1642 4822 1735 4875 καὶ
1776 4823 2019 4894 ἄμπελος

451 4905 780 4974 Αἰγυπτίων,
805 4906 872 4977 ἣν
896 4909 1161 4961 πατάσσει
1179 4911 1207 4962 ό
1228 4908 1522 4973 Θεὸς,κατὰ
1541 4909 1600 4963 τὸ
1615 4911 2017 4982 γεγραμμένον,

452 4995 532 5050 ὅτι
593 4998 916 5066 Ἐπάταξεν
952 5003 986 5056 ό
1033 5003 1174 5068 Θεὸς
1219 5002 1289 5055 ὲν
1326 5002 1549 5072 χαλάζῃ
1592 5004 1707 5073 τὴν
1748 5006 2019 5076 ἄμπελον

450 5086 668 5158 αὐτῶν,
705 5090 806 5145 καὶ
836 5088 942 5158 τὰς
969 5092 1341 5162 συκαμίνους
1368 5093 1567 5148 αὐτῶν
1595 5096 1665 5149 ἐν
1688 5094 1909 5167 πάχνη.

517 5390 866 5463 Κατανόησον
895 5388 988 5448 οὖν
1020 5410 1107 5465 μοι
1134 5394 1341 5461 πάντας
1368 5397 1687 5470 ἀνθρώπους
1718 5397 1857 5457 εἶναι
1889 5420 2015 5476 τρο.

447 5482 623 5547 muti»;
654 5485 747 5538 νῦν
790 5488 1129 5560 χωρητικοὺς
1166 5487 1332 5544 οἴνου.
1367 5491 1479 5545 Καὶ
1520 5492 1769 5566 ὀνομάζω
1794 5496 2011 5561 αὐτοὺς,
2062 5546 2067 5551 .

2128 4457 2194 4513 ad
2234 4467 2499 4512 craterem
2544 4470 2729 4521 suum,
2775 4450 2964 4508 dicens
2993 4448 3084 4509 7':
3128 4448 3342 4517 Venite,
3389 4447 3698 4505 manducata

2126 4564 2285 4620 panes
2318 4563 2487 4610 meos,
2519 4555 2568 4600 et
2599 4544 2757 4600 bibite
2800 4546 2975 4600 vinum
3007 4542 3145 4614 quod
3169 4542 3355 4595 miscui
3382 4539 3545 4595 vobis.
3602 4537 3698 4595 Est

2127 4657 2258 4713 ergo
2275 4641 2461 4695 vinum
2481 4638 2549 4693 de
2576 4636 2850 4702 Sodomis,
2875 4645 2928 4690 et
2951 4644 3034 4689 est
3058 4632 3201 4703 quod
3228 4631 3447 4687 miscuit
3471 4626 3696 4700 Sapien—

2126 4735 2222 4791 tia.
2250 4732 2600 4801 Rursumque
2623 4730 2704 4783 "°:
2745 4724 2907 4782 Vinea
2940 4722 3083 4797 facta
3108 4733 3184 4778 est
3223 4724 3410 4777 dilecto
3445 4719 3605 4793 194
3640 4719 3695 4773 in

2126 4842 2313 4891 cornu,
2326 4825 2381 4878 in
2400 4823 2513 4877 loco
2531 4821 2957 4890 uberi,plantata
2977 4837 3004 4869 ιι
3020 4814 3150 4880 Deo,
3164 4832 3285 4885 qua:
3302 4815 3690 4871 rocaturvinca

2128 4918 2319 4982 Sorec,
2348 4917 2515 4971 electa
2544 4915 2792 4985 quaedam
2821 4912 2961 4965 inter
2983 4924 3174 4964 omnes
3203 4910 3410 4971 vineas.
3448 4918 3502 4962 et
3530 4906 3695 4959 mira-

2121 5008 2270 5064 bilis.
2313 5007 2410 5063 Est
2433 5017 2611 5062 autem
2637 5000 2742 5059 alia
2766 5004 2920 5057 vinea
2944 4999 3345 5074 Egyptiorum,
3375 5013 3538 5070 quam
3573 5011 3694 5065 pcr-

2121 5100 2259 5156 cutit
2301 5098 2475 5164 Deus,
2530 5096 2829 5153 secundum
2883 5095 2937 5150 id
2988 5093 3132 5166 quod
3172 5094 3434 5163 scriptum
3488 5086 3687 5144 est":

2118 5192 2393 5248 Percussit
2442 5192 2495 5245 in
2540 5188 2799 5260 grandine
2831 5188 3004 5241 vineas
3034 5202 3235 5253 eorum,
3262 5195 3310 5239 et
3350 5182 3480 5254 ﬁcus
3508 5194 3688 5235 eorum

2119 5285 2175 5341 in
2195 5284 2335 5354 gelu.

2190 5408 2245 5463 2.
2287 5406 2713 5462 Consideremus
2744 5418 2874 5474 ergo
2898 5417 3088 5459 omnes
3114 5399 3365 5457 homines
3393 5392 3689 5465 ﬁguraliter

2121 5515 2351 5572 capaces
2392 5514 2516 5554 esse
2555 5497 2702 5564 viui,
2736 5511 2841 5552 nec
2871 5495 3017 5550 aliud
3055 5493 3136 5549 eis
3163 5503 3457 5564 possumus
3489 5499 3687 5543 nomen

517 5687 780 5771 ‘1’“0'“.
815 5694 1059 5771 xl",
1116 5698 1162 5730 "
1199 5695 1375 5771 [091'-
1412 5717 1473 5762 ιι»
1507 5704 1591 5765 14.
1666 5712 1709 5745 ⁷¹
1734 5711 1848 5770 Jer.
1889 5722 2011 5771 XIII,
2034 5706 2118 5761 l2.
2196 5705 2213 5735 "

1997 5749 2011 5771 ,
2034 5706 2118 5761 12.
2196 5705 2240 5735 τ’
2274 5702 2402 5759 ibid.
2479 5704 2526 5736 ⁷³
2552 5702 2765 5759 Denter.
2798 5718 2969 5771 xxxii,
2995 5699 3082 5757 52.
3160 5698 3207 5734 ⁷⁸
3228 5695 3427 5760 Bsaltn.
3464 5707 3599 5760 χχιι,
3626 5694 3686 5754 5.

445 5754 493 5789 π
534 5756 691 5815 νων·
724 5775 800 5828 ¹²’
829 5761 882 5816 5'
920 5754 1004 5796 ’⁷⁵
1041 5764 1144 5821 ¹⁶²·
1181 5784 1236 5835 ν»
1276 5754 1341 5824 1(
1397 5754 1680 5843 ’τ’ἰίεξίΙηι.
1709 5754 2039 5850 tKiuTii.

4182 372 4188 501 ι

4200 1872 4203 1959 l

4201 2056 4206 2169 τ

4202 2292 4208 2619 1
