4296 6288
557 453 660 511 579

2004 442 2329 503 ORIGENIS

3699 441 3807 500 580

559 572 859 641 imponere,
890 584 1050 640 quam
1080 582 1307 639 capaces
1334 567 1469 632 viui,
1514 583 1681 638 quam
1712 579 1888 624 utrem
1913 608 1928 633 ,
1956 576 2011 623 et
2043 569 2126 623 di-
2155 575 2199 630 Α

2242 565 2367 620 mea:
2385 564 2541 618 τοῦτο
2566 564 2786 629 ἀσκοὺς,
2810 561 2954 635 [καί]
2974 560 3139 631 λέγω,
3162 561 3242 614 ὅτι
3268 561 3297 613 ὁ
3329 558 3427 630 μέν
3472 556 3673 628 φαῦλος
3706 576 3807 613 περ

559 676 686 716 cere
733 662 859 730 quia
905 674 1137 729 nequam
1186 658 1351 713 homo
1384 657 1578 728 plenus
1618 658 1691 713 sit
1714 658 1844 713 vino
1873 662 1941 714 de
1971 657 2131 712 vinea

562 752 922 807 Sodomorum
951 758 1004 804 et
1026 748 1432 821 Egyptiorum,
1473 752 1666 822 plenus
1705 751 1834 805 vino
1878 750 2131 804 inimico-

563 857 683 896 rum
717 839 912 907 Israel;
955 852 1178 896 sanctus
1202 858 1331 898 vero
1350 854 1403 897 et
1425 845 1471 898 is
1497 843 1591 913 qui
1618 844 1672 897 in
1701 841 1994 896 virtutibus
2016 854 2135 909 pro-

561 933 692 999 iicit,
742 933 933 1002 plenus
979 933 1050 988 sit
1092 933 1159 988 de
1187 935 1343 990 vinea
1371 934 1558 1001 Sorec,
1593 935 1721 990 vino
1758 934 1825 989 de
1853 947 1961 1003 quo
1993 931 2133 987 scri-

559 1036 709 1096 ptum
745 1037 831 1081 est
856 1027 902 1059 ⁷⁸
939 1046 952 1081 :
990 1026 1148 1081 Calia:
1195 1037 1316 1081 tuus
1357 1028 1622 1082 inebrians
1658 1043 1817 1096 quant
1843 1025 2133 1096 praeclarus

498 1121 503 1127 ’
555 1129 658 1186 est,
704 1119 837 1174 vino
881 1121 1027 1190 quod
1073 1122 1292 1176 miscuit
1325 1120 1623 1192 Sapientia.
1674 1121 1740 1175 Et
1767 1122 1884 1176 haec
1914 1119 2134 1191 quidem

559 1204 832 1261 intellecta
870 1207 942 1261 ibi
974 1208 1083 1262 siut
1107 1209 1409 1263 secundum
1446 1210 1744 1280 nequitiam
1773 1217 1937 1279 atque
1960 1209 2133 1263 virtu-7

557 1303 688 1350 tem.
736 1295 1121 1366 Agnoscamus
1152 1300 1425 1368 quomodo
1457 1301 1638 1355 omnis
1677 1309 1798 1355 uter
1824 1300 2138 1370 implebitur

557 1386 709 1441 vino.
740 1385 797 1441 Si
832 1397 1013 1442 autem
1043 1390 1286 1460 nequitia
1309 1432 1323 1456 ,
1356 1407 1451 1448 seu
1485 1393 1781 1448 virtutibus
1809 1393 2139 1462 impleantur

560 1486 732 1543 utres,
755 1493 1098 1549 consequens
1128 1484 1220 1536 est
1236 1490 1294 1535 ut
1317 1483 1596 1552 suppliciis
1622 1483 1948 1554 impleantur
1966 1484 2035 1537 ob
2051 1499 2141 1538 ne-

557 1569 811 1637 quitiam,
867 1567 1343 1627 benedictionibus
1384 1573 1455 1627 ob
1502 1573 1783 1628 virtutem.
1837 1572 2141 1628 Exliibeant

563 1674 733 1714 sacra!
755 1659 950 1715 litterae
982 1661 1357 1716 testimonium
1386 1679 1496 1733 quo
1538 1672 1696 1734 pacto
1722 1671 2011 1730 tormenta,
2043 1679 2137 1719 seu

564 1752 1022 1821 repromissiones
1047 1753 1233 1808 vinum
1265 1765 1667 1825 nuncupantur.
1704 1754 1895 1826 Accipe
1924 1756 2140 1809 calicem

564 1842 673 1895 riui
717 1844 846 1896 meri
889 1844 1066 1908 istius,
1109 1855 1158 1898 et
1197 1846 1401 1913 potabis
1430 1863 1604 1901 omnes
1633 1858 1806 1917 gentes
1836 1847 1906 1900 ad
1929 1864 2059 1919 quas
2093 1857 2142 1901 te

562 1934 717 1987 mitto
747 1935 813 1988 τ’.
845 1933 1110 1992 Jeremias
1134 1943 1314 1991 autem
1341 1937 1456 1992 haec
1481 1908 1721 2008 loquiiur
1750 1957 1764 1993 :
1794 1908 1959 2010 super
1987 1939 2134 2009 quod
2171 1908 2213 1963 Β

564 2024 791 2081 infert"
814 2046 827 2080 :
853 2026 919 2080 Et
937 2027 1130 2093 bibent,
1157 2037 1205 2082 et
1231 2030 1457 2095 venient,
1479 2040 1527 2084 ct
1550 2032 1835 2098 insaniant,
1852 2041 1901 2085 et
1922 2031 2131 2085 cadent.

560 2116 734 2186 Igitur
775 2117 1038 2186 supplicia
1074 2118 1127 2171 in
1174 2120 1423 2188 praesenti
1458 2120 1578 2175 loco
1623 2120 1809 2176 viuum
1857 2136 2132 2177 meracum

563 2209 917 2278 nuncupavit.
969 2210 1200 2276 Quidam
1245 2211 1442 2267 bibunt
1485 2229 1701 2269 meraca
1733 2215 1892 2282 vina,
1948 2214 2000 2268 id
2030 2223 2133 2281 cst,

559 2301 797 2355 meracis
837 2302 1175 2357 cruciatibus
1209 2303 1356 2374 digni
1394 2312 1555 2371 sunt;
1595 2305 1687 2360 alii
1711 2315 1891 2361 autem
1944 2306 2139 2360 bibunt

562 2390 827 2461 supplicia
858 2411 871 2459 ;
904 2394 1030 2448 vina
1062 2395 1279 2464 quidem
1309 2412 1417 2451 non
1444 2399 1660 2468 prnitus
1684 2413 1919 2464 meraca,
1949 2398 2040 2454 sed
2071 2414 2138 2453 ex

557 2497 713 2554 parte
735 2486 915 2556 aliqua
948 2494 1243 2555 temperata
1279 2505 1292 2542 :
1319 2486 1477 2543 Catia:
1503 2494 1649 2543 enim
1679 2491 1733 2543 in
1757 2506 1917 2542 manu
1949 2489 2136 2542 Domi-

561 2576 616 2627 ni
660 2574 768 2628 vini
814 2576 944 2629 meri
975 2575 1159 2644 plenus
1193 2577 1381 2643 misto,
1428 2587 1479 2633 et
1529 2579 1803 2633 inclinavit
1854 2593 1919 2632 ex
1959 2579 2054 2632 hoc
2086 2579 2140 2633 in

561 2666 720 2734 illud,
744 2679 1101 2723 verumtamen
1132 2686 1191 2723 en
1224 2670 1330 2739 {rex
1357 2670 1469 2740 ejus
1499 2687 1599 2724 non
1623 2680 1699 2724 est
1724 2671 2029 2731 exinanita;
2059 2671 2140 2723 bi-

563 2759 682 2813 bent
706 2775 770 2810 ea:
796 2776 856 2814 eo
886 2775 1062 2813 omnes
1093 2772 1393 2830 peccatores
1436 2770 1591 2815 terra:
1620 2760 1687 2817 ⁸¹.
1752 2759 1810 2815 Si
1846 2760 1926 2814 vis
1958 2760 2023 2814 ad
2049 2760 2145 2815 be-

568 2848 897 2905 nedictionis
924 2851 1148 2905 calicem
1185 2852 1458 2920 respicere
1482 2867 1644 2916 quem
1675 2851 1870 2906 bibunt
1892 2850 2050 2921 justi,
2079 2850 2146 2902 li-

566 2946 655 2993 cet
686 2939 919 2995 suiliciat
953 2941 1231 3010 sapientia:
1275 2941 1668 3009 testimonium,
1718 2943 1772 2997 in
1800 2958 1911 3012 quo
1945 2942 2021 2996 ait
2045 2940 2090 2973 δ’
2129 2957 2142 2993 :

566 3028 743 3087 Bibite
768 3032 943 3086 vinum
975 3032 1114 3103 quod
1150 3034 1338 3087 miscui
1368 3034 1542 3099 vobis;
1589 3043 1768 3089 tamen
1801 3033 1923 3088 vide
1958 3032 2148 3087 Salva-

568 3133 742 3179 torem
770 3123 816 3155 ⁸³
849 3124 1231 3180 ascendentem
1261 3125 1348 3179 die
1380 3124 1606 3181 Pascha:
1651 3125 1857 3197 grande
1886 3139 2144 3180 ctenacu-

568 3214 686 3269 lum
719 3222 948 3270 stratum
977 3223 1142 3284 atque
1167 3216 1510 3284 mundatum,
1532 3226 1587 3271 et
1616 3225 1864 3287 agentem
1895 3216 2037 3270 diem
2070 3213 2148 3269 τε·
2177 3252 2219 3312 C

569 3313 717 3359 stum
744 3320 870 3360 cum
903 3304 1188 3375 discipulis
1216 3307 1351 3368 suis.
1385 3308 1649 3376 illumque
1670 3306 1751 3362 eis
1773 3305 1995 3360 calicem
2020 3319 2146 3375 pro-

567 3397 950 3469 pinantem,dc
981 3413 1094 3467 quo
1118 3398 1173 3452 in
1199 3397 1492 3469 Evangelio
1519 3397 1663 3468 quod
1696 3397 1977 3452 miscuerit
2000 3412 2147 3462 eum,

569 3500 626 3545 ct
649 3489 722 3544 ita
756 3490 1070 3556 tradiderit;
1127 3487 1286 3546 Jesus
1332 3491 1476 3545 enim
1523 3489 1808 3544 lzetillcaus
1852 3487 2150 3558 discipulos

570 3594 850 3636 meracum
882 3579 962 3635 eis
984 3579 1238 3650 poculum
1253 3582 1538 3670 propinat,
1574 3589 1629 3636 et
1659 3581 1791 3636 dicit
1811 3585 1862 3620 “
1889 3599 1902 3634 ε
1940 3580 2153 3649 Accipi-

573 3683 624 3727 te
653 3682 703 3727 et
730 3672 890 3727 bibite
923 3687 941 3726 :
971 3671 1075 3726 Hic
1112 3682 1189 3728 est
1222 3674 1440 3743 sanguis
1474 3689 1619 3727 meus
1663 3673 1754 3744 qui
1779 3688 1875 3742 pro
1901 3672 2045 3726 vobis
2073 3669 2155 3739 ef-

572 3764 824 3836 fundetur
866 3766 923 3818 in
975 3765 1336 3819 remissionem
1385 3773 1737 3834 peccatorum.
1802 3762 1917 3817 Hoc
1969 3762 2149 3832 facite,

574 3855 987 3925 quotiescunque
1035 3851 1221 3907 bibetis
1242 3894 1258 3919 ,
1303 3853 1357 3907 in
1387 3867 1557 3906 meam
1585 3851 2151 3906 commemorationem.

575 3945 645 4000 Et
675 3946 721 3979 ”
748 3964 762 4001 :
791 3946 955 4001 Amen
978 3947 1096 4001 dico
1118 3946 1285 4013 vobis,
1311 3961 1417 4000 non
1446 3943 1619 3998 bibam
1651 3942 1787 3997 illud
1822 3941 2033 4006 amado,
2061 3939 2158 3994 do-

577 4051 671 4090 nec
696 4036 870 4089 bibam
896 4037 1035 4090 illud
1071 4037 1338 4092 vobiscum
1382 4051 1570 4089 novum
1619 4034 1674 4088 in
1722 4048 1880 4104 regno
1906 4031 2024 4086 Dei.
2066 4029 2158 4085 Vi-

576 4124 674 4179 des
706 4124 931 4179 calicem
976 4126 1100 4179 novi
1150 4123 1501 4181 testamenti?
1554 4120 1715 4177 Vides
1770 4121 1994 4177 calicem
2030 4135 2150 4189 sup-

576 4215 869 4287 pliciorum
918 4232 1080 4288 quem
1113 4232 1280 4287 supra
1313 4215 1671 4286 exposuimus
1691 4256 1705 4281 ,
1734 4212 1847 4268 vini
1884 4211 2017 4267 meri
2046 4211 2160 4282 ple-

579 4321 710 4363 num
754 4307 916 4361 esse?
964 4304 1054 4360 Est
1089 4312 1144 4359 ct
1178 4304 1321 4360 alius
1365 4304 1529 4370 calix,
1575 4302 1669 4374 qui
1714 4318 1813 4372 pro
1840 4314 2163 4370 compensa-

577 4402 728 4456 tione
764 4400 1032 4454 bonorum
1086 4406 1328 4462 actuum,
1357 4412 1454 4452 seu
1480 4396 1747 4450 malorum
1778 4393 1874 4447 tibi
1903 4392 2163 4447 miscetur

582 4491 742 4563 195
758 4488 1078 4545 ettraditur.
1103 4486 1345 4556 lutellige
1364 4486 1510 4545 enim
1547 4485 1679 4539 mihi
1703 4499 1797 4538 eos
1825 4482 1918 4552 qui
1950 4483 2164 4551 penitus

580 4597 614 4637 a
655 4582 854 4651 pietate
890 4577 1202 4643 discedunt,
1236 4584 1291 4631 et
1320 4590 1383 4629 ex
1419 4574 1569 4629 omni
1598 4581 1752 4643 parte
1793 4571 2045 4641 religioni
2064 4569 2161 4624 ad-
2192 4598 2236 4652 Β

581 4679 901 4737 versantur,
939 4671 992 4725 in
1024 4679 1237 4725 tantum
1259 4675 1319 4721 ut
1349 4662 1599 4728 fortuitu,
1627 4673 1683 4718 et
1709 4660 1975 4732 pecudum
2008 4673 2160 4714 more

582 4760 792 4823 vivant,
826 4762 1074 4817 bibentes
1108 4759 1331 4816 calicem
1360 4755 1472 4811 vini
1500 4754 1658 4822 meri,
1685 4769 1850 4825 quem
1891 4753 1959 4806 de
2007 4749 2159 4805 Jere-

587 4851 712 4907 mia:
733 4851 871 4906 libro
923 4854 1291 4923 protulimus:
1339 4865 1437 4906 eos
1468 4863 1598 4903 vero
1644 4846 1740 4918 qui
1777 4859 1883 4899 non
1946 4843 2162 4913 penitus

589 4951 955 5005 recesserunt,
986 4943 1079 4997 scd
1106 4958 1228 4998 cum
1256 4943 1365 4997 sint
1390 4946 1723 5011 peccatores,
1756 4946 1809 4990 et
1840 4933 2043 5004 indigni
2068 4932 2161 5000 ju-

585 5034 842 5092 dicentur
869 5035 1037 5089 calice
1070 5034 1194 5088 novi
1223 5031 1554 5088 Testamenti
1579 5071 1596 5098 ,
1655 5037 1709 5083 et
1766 5025 1968 5081 faciant
2019 5039 2163 5094 saepe

588 5127 731 5184 bona
764 5141 950 5198 opera,
976 5141 1117 5195 saepe
1155 5124 1452 5188 contraria,
1476 5122 1723 5177 bibentes
1751 5118 1977 5174 calicem
2012 5129 2163 5170 mero

588 5222 838 5277 mistum.
869 5218 1154 5273 Inclinat-it
1179 5220 1323 5271 enim
1345 5216 1571 5270 Deusex
1599 5215 1696 5268 Iwc
1734 5212 1788 5265 in
1815 5209 1973 5264 illud.
2021 5207 2161 5274 Quid

588 5312 842 5384 estquod
874 5313 989 5367 ait:
1019 5324 1083 5364 ea:
1117 5310 1212 5363 hoc
1255 5310 1309 5362 in
1356 5307 1490 5362 illud
1514 5309 1540 5362 7
1577 5306 1692 5359 Duo
1740 5302 1930 5373 pocula
1985 5301 2163 5354 video.

663 5432 710 5465 ⁷⁸
727 5430 927 5487 Psalm.
954 5444 1089 5492 xx”,
1113 5429 1163 5482 5.
1240 5428 1287 5459 τ’
1306 5425 1504 5480 .lerem.
1541 5439 1667 5487 xxv,
1705 5422 1786 5476 l3.

1864 5418 1910 5450 ⁸ο
1953 5417 2080 5471 ibid.
2116 5415 2202 5468 l6.
2278 5413 2321 5445 ⁶¹
2362 5411 2566 5465 l’salm.
2605 5422 2788 5471 Lxxlv,
2821 5403 2876 5459 9.
2953 5402 2999 5434 ⁸⁸
3037 5398 3195 5453 Prov.
3230 5411 3307 5460 Ix,
3340 5393 3393 5449 ὃ.

2230 657 2515 730 πλήριιιται
2546 655 2689 709 οίνου
2711 654 2969 726 ἀμπέλων
2997 652 3267 723 Σοδόμων,
3291 649 3640 720 πεπλήρωται
3661 651 3808 705 οἴνου

2231 749 2551 818 Αἰγυπτίου,
2587 748 2682 800 καὶ
2723 745 2865 799 οίνου
2900 744 3006 799 τῶν
3039 741 3249 815 ἐχθρῶν
3279 738 3373 795 τοῦ
3422 738 3656 814 Ἰσραήλ·
3684 745 3713 796 ό
3746 744 3805 797 δὲ

2234 838 2387 909 ἀγιος
2421 839 2516 892 καὶ
2540 838 2891 910 ὠφελημένος
2928 835 3286 907 πεπλήρωται
3311 835 3455 889 οίνου
3487 833 3594 887 ἀπὸ
3622 835 3806 903 ἀμπέ-

2233 929 2326 981 λου
2351 928 2566 1001 Σωρὴκ,
2597 929 2690 982 καὶ
2721 926 2864 980 οἴνου
2900 927 3026 998 περὶ
3053 919 3114 979 οὐ
3144 925 3450 997 γέγραπται
3471 941 3485 954 ’
3528 923 3597 979 Τὸ
3622 922 3806 991 ποτή-

2228 1023 2365 1089 ριόν
2392 1036 2507 1074 σου
2535 1019 2845 1090 μεθῦσκον
2871 1021 2951 1086 ὡς
2986 1017 3324 1088 κράτιστον.
3361 1017 3471 1072 Καὶ
3504 1017 3662 1071 πάλιν
3702 1034 3807 1070 πε-

2236 1110 2519 1182 πλήρωται
2559 1109 2706 1165 οίνου
2737 1113 2765 1165 ὁ
2797 1110 2972 1180 ἅγιος,
3023 1110 3115 1178 ἀφ’
3148 1102 3209 1162 οὖ
3254 1109 3514 1181 ἐκέρασεν
3551 1109 3802 1180 ήησοφία.

2237 1201 2425 1256 Ταῦτα
2458 1201 2554 1272 μὲν
2582 1197 2674 1255 οὖν
2699 1202 2924 1256 νοείσθω
2955 1220 3043 1273 μοι
3067 1200 3209 1256 κατὰ
3246 1201 3345 1272 τὴν
3378 1199 3575 1253 κακίαν
3595 1200 3687 1254 καὶ
3708 1200 3806 1270 τὴν

2237 1296 2460 1370 ἀρετὴν,
2492 1296 2579 1349 ἵνα
2608 1293 2858 1367 θεωρηθῇ
2886 1294 2966 1348 τό·
3002 1296 3116 1357 Πᾶς
3138 1293 3303 1356 ἀσκὸς
3322 1291 3466 1345 οίνου
3487 1289 3806 1362 πληροῦται·

2239 1390 2288 1441 εἰ
2314 1387 2371 1439 δέ
2393 1387 2474 1440 δεῖ
2498 1385 2624 1439 ἰδεῖν
2652 1385 2745 1438 καὶ
2775 1382 2874 1446 τὰς
2908 1383 2996 1436 διὰ
3034 1382 3132 1454 τὴν
3167 1380 3363 1436 κακίαν
3385 1381 3479 1433 καὶ
3500 1378 3567 1432 δι’
3589 1379 3808 1450 ἀρετὴν,

2240 1478 2488 1540 κολάσεις
2520 1476 2617 1546 μὲν
2681 1476 2780 1541 τάς
2820 1474 2910 1529 διὰ
2957 1475 3056 1545 τὴν
3090 1472 3308 1537 κακίαν,
3339 1469 3588 1538 εὐλογίας
3614 1469 3672 1523 δέ
3717 1469 3813 1523 καὶ

2241 1567 2572 1638 ἐπαγγελίας
2598 1566 2695 1632 τὰς
2723 1567 2810 1620 διὰ
2837 1566 2934 1638 τὴν
2969 1564 3169 1637 ἀρετήν
3189 1580 3202 1594 ο
3236 1563 3677 1634 παραστήσωμεν
3704 1560 3813 1614 ἀπὸ

2239 1658 2348 1711 τῶν
2378 1656 2537 1726 ἱερῶν
2565 1656 2930 1726 γραμμάτων,
2951 1654 3073 1707 τίνα
3099 1653 3298 1725 τρόπον
3323 1640 3380 1705 ἀί
3408 1651 3679 1715 κολάσεις,
3719 1650 3813 1705 καὶ

2242 1750 2299 1802 αἱ
2327 1747 2648 1816 ἐπαγγελίαι
2678 1746 2841 1799 οἱονεὶ⁸
2868 1745 2942 1817 (l)
2974 1745 3218 1813 λέγεται·
3253 1741 3407 1797 Λάϐε
3439 1742 3504 1795 τὸ
3533 1741 3816 1811 ποτήριον

2243 1839 2348 1894 τοῦ
2373 1839 2541 1893 οἴνου
2563 1838 2668 1891 τοῦ
2696 1836 2956 1905 ἀκράτου
2982 1837 3217 1898 τούτου,
3249 1834 3349 1888 καὶ
3369 1832 3594 1899 ποτιεῖς
3620 1831 3816 1885 πάντα

2240 1928 2312 1983 τὰ
2341 1929 2508 1995 ἔθνη,
2546 1926 2695 1995 πρὸς
2735 1924 2774 1980 ἁ
2823 1924 2938 1994 ἐγὼ
2973 1921 3358 1988 ἐξαποστελῶ
3404 1936 3478 1975 σε
3517 1920 3665 1988 πρὸς
3708 1921 3816 1974 αὑ-

2240 2023 2401 2088 τούς.
2438 2022 2704 2093 Ἱερεμίας
2733 2018 2907 2072 ταῦτα
2938 2017 3105 2084 λέγει,
3199 2014 3472 2086 ἐπιφέρειο
3509 2012 3619 2067 Καὶ
3650 2014 3819 2065 πίον-

2242 2132 2335 2168 ται
2368 2113 2465 2166 καὶ
2508 2110 2911 2181 ὲξεμέσονται,
2949 2107 3047 2162 καὶ
3083 2104 3546 2176 έκμανήσονται,
3582 2103 3679 2156 καί
3709 2120 3814 2157 πε-
3914 2140 3915 2143 η

2244 2205 2517 2260 σοῦνται.
2572 2201 2778 2257 Οὐκοῦν
2822 2200 2922 2263 τὰς
2964 2198 3214 2260 κολάσεις
3262 2196 3545 2266 ὠνόμασεν
3584 2193 3820 2249 ἐνταῦθα

2245 2290 2385 2349 οἶνον
2415 2293 2675 2365 ἄκρατον,
2714 2291 2772 2343 ὃν
2804 2289 3047 2342 πίνουσιν
3089 2286 3137 2339 oi
3171 2283 3409 2356 ἀκράτου
3440 2281 3606 2344 οίνου,
3638 2280 3818 2334 τουτέο

2248 2403 2363 2439 στιν
2393 2385 2630 2457 ἀκράτου
2675 2379 2949 2442 κολάσεως
2994 2377 3153 2444 ἄξιοι·
3205 2374 3314 2427 εἰσὶ
3350 2372 3407 2426 δὲ
3454 2371 3548 2426 καὶ
3590 2371 3737 2426 ἄλλοι
3767 2369 3819 2424 οἱ

2248 2478 2493 2538 πίνοντες
2529 2473 2749 2528 κόλασιν
2779 2471 2880 2524 οὐκ
2916 2467 3172 2539 ἄκρατον,
3208 2463 3342 2519 ἀλλὰ
3374 2461 3815 2534 κεκερασμένην·

2247 2568 2538 2637 Ποτήριον
2580 2565 2689 2636 γὰρ
2731 2564 2799 2617 ἐν
2841 2560 2992 2632 χειρί
3021 2558 3241 2627 Κυρίου
3285 2553 3545 2624 ἀκράτου
3593 2552 3823 2620 πλῆρες

2249 2660 2617 2730 κερὰσματος
2636 2674 2650 2688 ο
2678 2656 2920 2710 ἔκλινεν
2946 2652 3014 2704 ἐκ
3034 2649 3251 2703 τούτου
3290 2648 3377 2713 είς
3414 2644 3610 2697 τοῦτο·
3657 2640 3822 2708 πλὴν

2250 2757 2282 2808 ὀ
2315 2751 2555 2821 τρυγίας
2594 2746 2777 2802 αὑτοῦ
2810 2747 2921 2799 οὐκ
2951 2740 3300 2807 ἐξεκενώθη·
3332 2737 3567 2790 «torrat.
3600 2731 3824 2798 πάντες

2249 2841 2303 2892 οἱ
2335 2835 2664 2906 ἁμαρτωλοὶ
2709 2832 2820 2901 τῆς
2854 2829 2980 2902 γῆς.
3012 2831 3076 2884 Ei
3118 2828 3291 2891 θέλεις
3324 2825 3418 2879 καὶ
3447 2830 3705 2895 ποτήριον
3740 2821 3825 2874 εὐ-

2249 2928 2433 2998 λογίας
2464 2927 2590 2980 ἰδεῖν
2618 2925 2648 2979 ὃ
2678 2925 2922 2977 πίνουσιν
2961 2922 3011 2974 οἱ
3048 2920 3266 2983 δίκαιοι,
3293 2918 3453 2990 ἤρκει
3483 2916 3580 2988 μὲν
3615 2909 3706 2967 οὖν
3733 2912 3827 2966 καὶ

2251 3021 2312 3074 τὸ
2330 3022 2429 3091 τῆς
2461 3019 2669 3087 σοφίας,
2693 3018 2777 3087 ἐφ’
2809 3009 2853 3083 ᾧ
2877 3014 3052 3083 ἔλεγεο
3091 3013 3261 3066 Πίετε
3285 3007 3442 3064 οἶνον
3472 3007 3544 3061 ὃν
3571 3005 3826 3072 ἐκέρασα

2252 3112 2415 3182 ὑμῖν
2455 3111 2531 3164 ἴδε
2563 3110 2619 3163 δέ
2657 3127 2746 3181 μοι
2792 3108 2886 3161 καλ⁵
2929 3107 3021 3160 τὸν
3070 3105 3298 3175 Σωτῆρα
3348 3100 3483 3172 πρὸς
3529 3097 3591 3151 τὺ
3635 3096 3825 3165 Πάσχα

2253 3201 2611 3256 ἀναϐαίνοντα
2662 3200 2741 3261 εἰς
2789 3195 3055 3264 ἀνώγαιον
3122 3193 3268 3264 μέγα
3331 3187 3672 3261 ἐστρωμένον
3737 3190 3823 3241 καὶ

2252 3291 2689 3363 κεκοσμημένον,
2732 3289 2825 3342 καὶ
2859 3285 3182 3358 ἐορτάζοντα
3217 3280 3354 3353 μετά
3402 3278 3507 3331 τῶν
3543 3271 3822 3347 μαθητῶν,

2254 3385 2347 3439 καὶ
2376 3383 2585 3437 διδόντα
2621 3383 2804 3444 αὐτοῖς
2834 3379 2896 3433 τὸ
2929 3378 3206 3448 ποτήριον,
3242 3372 3369 3444 περὶ
3408 3362 3467 3423 οὗ
3492 3368 3846 3439 γέγραπται,’

2251 3477 2349 3547 οὐχ
2387 3476 2468 3528 ὅτι
2501 3472 2764 3544 ἐκέρασεν
2789 3469 2892 3541 (2),·
2930 3470 2958 3521 ό
3000 3464 3207 3538 Ἰησοῦς
3232 3463 3339 3535 γὰρ
3371 3458 3673 3532 εὐφραίνων
3703 3457 3829 3547 τούς

2261 3546 2511 3639 μαθητὰς
2554 3563 2780 3636 ἀκράτῳ
2808 3559 3114 3631 εὐφραίνει,
3147 3556 3240 3610 καὶ
3288 3555 3434 3624 λέγει
3467 3552 3677 3613 αὐτοῖς·
3712 3546 3831 3603 Διί-

2254 3660 2402 3721 ϐετε,
2421 3658 2604 3711 πίετε.
2634 3654 2818 3709 Τοῦτό
2839 3669 2959 3723 μου
2975 3650 3108 3705 ἐστὶ
3127 3648 3193 3702 τὸ
3212 3643 3379 3717 alga,
3413 3645 3478 3698 τὸ
3501 3641 3652 3712 ὑπὲρ
3670 3640 3835 3712 ὑμῶν

2253 3748 2664 3817 ἐκχυνόμενον
2685 3746 2774 3811 είς
2801 3742 3022 3812 ἄφεσιν
3043 3736 3359 3809 ἁμαρτιῶν.
3397 3734 3578 3788 Τοῦτο
3597 3730 3835 3796 ποιεῖτε,

2256 3837 2470 3905 ὁσάκις
2491 3837 2600 3891 ἐὰν
2618 3836 2848 3901 πίνητε,
2869 3833 2956 3897 εὶς
2979 3827 3095 3896 τὴν
3119 3825 3274 3897 ἐμὴν
3296 3821 3639 3892 ἀνάμνησιν
3657 3834 3671 3847 ·
3702 3817 3795 3872 καί
3816 3835 3831 3850 ο

2270 3929 2449 3999 Ἀμὴν
2479 3930 2635 3998 λέγω
2662 3926 2836 3997 ὑμῖν-⁸
2881 3925 2955 3978 οὐ
2979 3920 3064 3992 μὴ
3099 3920 3212 3973 πίω
3238 3915 3384 3972 αὐτὸ
3411 3913 3529 3969 ἀπὸ
3562 3911 3669 3967 τοῦ
3697 3911 3833 3972 νῦν,

2257 3998 2368 4088 ἕως
2386 3998 2531 4075 αὐτὸ
2547 4018 2660 4071 πίω
2678 4018 2806 4086 μεθ’
2829 4013 2996 4085 ὑμῶν
3012 4010 3223 4065 καινὸν
3237 4008 3307 4061 ἐν
3334 4005 3409 4075 τῇ
3422 4002 3711 4070 βασιλείᾳ
3729 3998 3839 4055 τοῦ

2261 4111 2430 4167 Θεοῦ.
2481 4110 2643 4182 Ὁρᾷς
2663 4108 2763 4179 τὴν
2785 4103 3135 4182 ἐπαγγελίαν,
3162 4099 3222 4153 τδ
3249 4098 3507 4170 ποτήριον
3525 4094 3623 4166 τῆς
3646 4092 3836 4182 καινῆς

2259 4200 2524 4273 διαθήκης
2543 4173 2755 4261 ὀύσανξ
2797 4173 2960 4265 Ὁρᾷς
2996 4189 3097 4253 τὰς
3126 4187 3379 4250 κολάσεις
3414 4184 3672 4254 ποτήριον
3688 4173 3834 4273 οἴνου

2261 4269 2523 4364 ἀκράτου;
2544 4291 2637 4344 καὶ
2651 4287 2778 4342 ἀλλο
2791 4281 2928 4348 εἶδος
2944 4281 3217 4342 κολάσεως
3237 4277 3492 4364 ποτήριον
3509 4269 3835 4364 κεκερασμέ-

2262 4361 2374 4446 νον,
2395 4381 2536 4434 ὥστε
2551 4377 2764 4447 ἐκάστῳ
2793 4367 3235 4446 κιρνᾶσθαικατά
3250 4366 3347 4438 τὴν
3375 4363 3530 4428 ἀξίαν
3552 4361 3654 4430 τῆς
3670 4373 3834 4430 χρησ⁴

2263 4476 2365 4545 τῆς
2395 4471 2644 4543 πράξεως
2676 4462 3127 4536 ἀναμεμιγμένης
3162 4458 3411 4531 μοχθηρᾷ
3438 4452 3634 4545 πράξει
3730 4449 3840 4503 πίε·

2268 4540 2375 4620 ται.
2401 4540 2528 4616 Non
2554 4560 2611 4613 δέ
2636 4575 2725 4630 μοι
2744 4556 2871 4620 τούς
2899 4555 2997 4627 μὲν
3021 4553 3197 4624 πάντη
3220 4547 3530 4620 ἀλλοτρίους
3546 4543 3644 4614 τῆς
3663 4540 3842 4595 θεοσε-

2265 4656 2441 4718 ϐείας,
2470 4653 2564 4707 καὶ
2594 4648 2857 4722 μηδαμῶς
2882 4644 3245 4718 προσέχοντας
3266 4641 3469 4702 αὐτοῖς,
3493 4635 3608 4690 ἀλλ’
3627 4632 3701 4722 ως
3727 4631 3846 4685 ι’τυ-

2262 4763 2325 4818 χε
2356 4717 2865 4807 ζῶνταςξπίνοντας
2885 4717 2977 4788 τδν
3003 4733 3239 4804 ἄκρατον
3270 4725 3431 4793 οἶνον,
3457 4723 3585 4796 περὶ
3615 4717 3676 4776 οὐ
3704 4737 3845 4790 παρ-

2262 4813 2496 4907 εθέμεθα
2534 4832 2603 4886 τὰ
2649 4829 2756 4884 ἀπὸ
2802 4826 2896 4880 τοῦ
2944 4823 3235 4898 Ἱερεμίουο
3270 4822 3395 4884 τοὺς
3440 4818 3496 4871 δὲ
3547 4815 3622 4887 μὴ
3664 4813 3839 4907 πάντη

2265 4904 2610 4989 ἀποστάντας
2641 4923 2736 4977 καὶ
2764 4918 3143 4991 ἁμαρτωλοὺς.
3178 4914 3290 4968 ἀλλ’
3326 4913 3510 4977 ἀξίους
3533 4908 3609 4979 (ὃ)
3636 4904 3729 4958 τοῦ
3763 4919 3851 4954 πο-

2264 5020 2455 5094 τηρίου
2511 5017 2609 5088 τῆς
2659 5012 2853 5082 καινῆς
2901 5008 3202 5080 διαθήκης,
3269 5000 3555 5094 ποιοῦντας
3613 4994 3701 5094 ὁτὲ
3754 4991 3852 5061 μὲν

2265 5086 2654 5185 χρηστοτέρας,
2682 5104 2772 5158 ὁτέ
2801 5102 2858 5156 δὲ
2882 5100 3134 5164 ἐναντίας
3165 5095 3407 5168 πράξεις,
3430 5087 3571 5145 οἶνον
3596 5086 3848 5185 πίνοντας

2266 5177 2507 5276 ἀκράτου
2541 5177 2907 5270 κεράσματος.
2955 5194 3200 5246 Ἕκλινε
3244 5187 3353 5257 γὰρ
3388 5187 3416 5238 ό
3454 5181 3588 5276 θεὸς
3618 5177 3853 5276 eae—tet?-

2271 5269 2376 5349 του
2407 5295 2494 5358 εὶς
2526 5269 2720 5345 τοῦτο.
2762 5283 2940 5353 Πλὴν
2974 5286 3006 5337 ό
3035 5279 3278 5351 τρυτίας
3303 5273 3488 5330 αὐτοῦ
3517 5273 3627 5325 οὐκ
3654 5269 3854 5333 ἐξεκε-

3467 5391 3512 5422 ⁸³
3551 5388 3686 5444 Luc.
3722 5400 3832 5440 nn
3849 5428 3865 5453 ,

598 5502 683 5559 ιε.
727 5480 1040 5555 ἐἴλιξὶιῖιῖέ
1065 5480 1215 5560 ἐξέτι,
1247 5496 1338 5561 27,
1368 5496 1473 5561 98;
1512 5498 1529 5548 l
1562 5480 1690 5548 Cor.
1746 5506 1822 5553 χι,
1853 5489 1944 5542 25.
2018 5487 2063 5518 ⁸⁸
2107 5484 2200 5538 Mal

2242 5484 2296 5537 Ιι.
2323 5496 2475 5546 sxvt,
2511 5480 2601 5533 29.

673 5597 748 5733 μ)
793 5596 1005 5660 Οίονεί,
1041 5595 1158 5664 lege
1181 5584 1357 5655 οἶνος.⁴

696 5667 753 5733 2)
797 5670 918 5733 Οὐχ
941 5666 1031 5719 ὅτι
1054 5664 1357 5733 ἐκέρασεν.

696 5651 753 5734 2')
797 5670 918 5735 Οὐχ
941 5651 1031 5719 ὅτι
1054 5651 1363 5733 ἐὶἱέρασεισ.
1405 5660 1545 5735 Lege
1570 5659 1623 5713 in
1648 5656 1897 5712 versione
1918 5651 2184 5721 Hieronyo

608 5721 790 5789 Iniuria
817 5758 828 5787 :
858 5721 983 5787 Non
1010 5721 1475 5803 quod'miscncrit.

2285 5576 2488 5631 calices
2515 5559 2791 5644 prop‘onit,
2841 5576 3147 5644 meracum,
3180 5552 3867 5644 nti-stuntLetmnoviutes-t-a-

2288 5646 2459 5701 menti
2482 5660 2498 5709 ;
2518 5632 2579 5696 et
2608 5632 2842 5710 priorem
2872 5635 3090 5710 quidem
3135 5632 3346 5710 impiis,
3368 5632 3864 5710 postremum

2291 5694 2673 5779 ctisrn'ii—stu'm
2707 5708 2774 5762 iis
2798 5694 2988 5779 quiiin
3036 5703 3121 5755 via
3141 5694 3382 5779 :‘vi'rtutis
3415 5694 3666 5758 titubant,
3693 5699 3747 5746 ct
3778 5694 3864 5743 iu-

681 5766 790 5789 ηιΙΙΙίι
818 5777 828 5787 υ
858 5766 899 5787 ὧν
915 5766 983 5787 ’1η
1010 5766 1148 5803 Ἷιιυιι
1183 5766 1475 5785 υισουιιισιιο

681 5805 759 5874 (3)
809 5805 961 5874 1511‘
988 5804 1220 5867 ἀξίους.
1256 5799 1494 5854 Omnino
1526 5796 1809 5874 legendum
1834 5792 2190 5867 ἀναξίουςκιιι

2295 5766 2633 5851 certopassu
2666 5766 3107 5847 progrediuntur.
3141 5766 3404 5824 HUBTlUS.

610 5861 791 5930 innuit
825 5861 1209 5940 ilicronvmus,
1242 5878 1296 5922 et
1346 5883 1541 5921 sensus
1576 5869 1842 5935 postulat;
1892 5875 2000 5917 trcs
2044 5861 2188 5914 enim
