4296 6288
459 338 557 395 581

1629 336 1691 392 IN
1723 337 2068 393 JEliEMlAM
2107 336 2391 393 llOMllJA
2426 338 2536 393 λη.

3514 368 3537 401 ι
3593 345 3701 399 38?.

460 453 638 523 νώθη.
676 453 800 508 Νόει
835 468 923 524 μοι
956 454 1017 507 τὸ
1048 456 1304 526 ποτήριον
1334 455 1443 509 τῶν
1477 457 1694 526 ἀγαθῶν
1727 475 1821 511 σου
1854 458 2032 531 ἔργων
2062 467 2103 522 Α
2137 458 2156 512 l

2006 478 2032 512 ν
2062 467 2103 522 Α
2137 458 2421 514 Inclinat-it
2460 478 2526 515 ex
2561 461 2653 514 hoc
2687 463 2740 515 in
2780 460 2946 520 illud.
2981 469 3330 516 verumtamen
3380 462 3487 532 [rex
3532 463 3701 533 ipsius

465 549 524 600 ἐν
556 549 620 619 τῇ
654 547 753 617 μιᾷ
784 545 927 616 χειρὶ
952 543 1046 598 τοῦ
1076 545 1210 598 Θεοῦ
1229 563 1243 576 ·
1279 548 1328 599 εἰ
1356 546 1412 600 δὲ
1442 546 1599 617 βούλε
1635 547 2029 621 τολμηρότερόν

471 655 537 708 με
580 638 779 700 εἰπεῖν,
832 636 971 689 ἔστω
1016 637 1074 689 ὲν
1107 637 1171 708 τῇ
1203 636 1352 708 δεξιᾷ
1381 637 1527 709 χειρὶ
1551 638 1645 692 τοῦ
1677 637 1811 692 Θεοῦ
1839 639 1900 693 τὸ
1934 657 2030 693 πο-

464 729 641 799 τήριον
665 727 773 781 τὶν
801 726 1053 797 χρηστῶν
1089 726 1286 798 ἔργων,
1320 728 1379 781 ὲν
1409 731 1475 800 τῇ
1507 729 1769 801 ἀριστερᾷ
1794 729 1851 782 δὲ
1885 731 2028 802 χειρὶ

460 816 549 872 τοῦ
573 815 709 870 Θεοῦ
747 816 810 870 τὸ
845 818 1101 890 ποτήριόν
1133 835 1225 872 σου
1251 817 1360 871 τῶν
1397 819 1616 891 ἀμαρτη
1626 820 1829 890 μάτων.
1862 822 2029 874 Ὅταν

457 904 546 961 οὖν
577 907 780 979 μέλλῃς
814 908 1136 975 κολάζεσθαι
1158 908 1247 962 διὰ
1271 909 1341 963 τὰ
1364 911 1758 982 ἁμαρτήματα,
1787 912 1911 964 ἐπεὶ
1937 912 2031 964 καὶ

457 998 799 1071 χρηστότερά
843 1015 927 1052 σοι
969 998 1107 1070 ἔργα
1145 1001 1457 1072 γεγένηται,
1495 1002 1748 1073 ποτήριον
1783 1003 1841 1054 ὲν
1888 1003 2032 1073 χειρὶ

458 1089 656 1161 Κυρίου
684 1090 832 1143 ἐστὶν
856 1090 1002 1143 οῐνου
1031 1090 1271 1162 ἀκράτου
1299 1091 1506 1164 πλῆρες
1528 1092 1878 1162 κεράσματος
1896 1109 1909 1122 ο
1937 1093 2031 1145 καὶ

456 1177 663 1232 ἔκλινεν
694 1180 760 1232 ὲκ
790 1178 977 1233 τούτου
1018 1181 1098 1243 είς
1134 1179 1312 1244 τοῦτο,
1355 1182 1421 1234 ὲκ
1447 1181 1541 1233 τοῦ
1573 1181 1632 1231 ὲν
1673 1182 1738 1250 τῇ
1773 1181 2034 1253 ἀριστερᾷ

456 1272 537 1335 εἰς
563 1271 627 1324 τὸ
661 1272 720 1324 ὲν
752 1274 818 1343 τῇ
843 1271 1015 1343 δεξιᾷ.
1054 1272 1191 1326 Οὖτε
1219 1273 1327 1344 γὰρ
1358 1273 1517 1343 μόνον
1542 1271 1764 1326 δύνασαι
1795 1275 1939 1325 πιεῖν
1971 1273 2032 1327 τὸ

457 1358 564 1412 τῶν
603 1359 822 1428 ἀγαθῶν
856 1363 1130 1432 ποτήριον,
1159 1362 1234 1425 ὡς
1265 1363 1324 1415 ού
1365 1362 1522 1432 μόνον
1561 1361 1742 1431 ἀγαθά
1771 1362 1909 1434 ἔργα
1937 1381 2032 1416 πε-

460 1448 699 1521 ποιηκώς
720 1467 731 1480 ·
779 1450 901 1504 οὔτε
925 1452 1147 1506 δύνασαι
1178 1456 1321 1506 πιεῖν
1348 1453 1504 1525 μόνον
1543 1454 1603 1506 τὸ
1629 1453 1737 1507 τῶν
1779 1455 2031 1528 ἁμαρτη-

2132 546 2334 605 ηοηέεῑ
2384 555 2674 608 exinanim.
2732 552 3117 608 Animadverte
3158 554 3381 609 calicem
3428 555 3699 611 bonorum

2129 659 2357 714 cperunt
2398 647 2449 698 in
2485 661 2591 700 una
2627 662 2791 701 manu
2830 646 3065 703 Domini.
3114 649 3212 703 Sin
3260 656 3441 702 autem
3500 648 3702 718 pateris

2130 736 2332 805 aliquid
2360 752 2447 791 me
2469 738 2734 793 audacius
2767 738 2967 805 dicere,
2994 738 3066 793 sit
3100 739 3153 792 in
3187 739 3375 793 dextra
3396 754 3558 793 manu
3580 737 3702 808 ejus

2131 828 2270 882 calix
2300 828 2587 893 virtutum,
2620 830 2692 881 sit
2731 829 2783 881 in
2814 830 3038 884 sinistra
3066 829 3342 884 vitiorum.
3373 828 3509 884 Cum
3539 829 3705 899 igitur

2131 920 2362 988 cmperis
2393 930 2613 987 propter
2645 932 2867 988 peccata
2928 920 3213 987 torqueri,
3261 919 3389 990 quia
3451 928 3506 975 et
3561 920 3704 976 bona

2133 1023 2295 1077 opera
2320 1007 2516 1071 fecisti,
2549 1010 2689 1064 calix
2725 1010 2777 1063 in
2807 1025 2971 1063 manu
3000 1009 3218 1065 Domini
3269 1018 3353 1066 est
3401 1010 3512 1064 vini
3565 1010 3704 1065 meri

2132 1099 2325 1169 plenus
2361 1101 2544 1167 misto,
2585 1110 2640 1154 et
2666 1101 2952 1155 inclinavit
2980 1117 3047 1156 cx
3076 1102 3181 1157 hoc
3210 1101 3265 1156 in
3292 1102 3425 1158 illud
3451 1121 3464 1158 :
3496 1102 3550 1158 id
3575 1110 3661 1158 est
3680 1143 3698 1167 ,

2133 1191 2201 1246 de
2229 1206 2295 1245 eo
2318 1193 2410 1262 qui
2436 1200 2555 1246 erat
2583 1193 2635 1245 in
2672 1191 2898 1247 dextera
2924 1233 2940 1259 ,
2975 1195 3029 1247 in
3068 1194 3221 1248 illum
3246 1195 3340 1262 qui
3370 1194 3425 1249 in
3479 1193 3702 1253 sinistra

2134 1279 2530 1334 continebatur.
2562 1278 2748 1349 Neque
2792 1281 2936 1334 enim
2975 1290 3126 1350 potes
3170 1280 3440 1337 bonorum
3489 1290 3701 1337 tantum

2133 1370 2357 1425 calicem
2393 1370 2610 1433 bibere,
2651 1371 2807 1440 quasi
2848 1371 2991 1425 bona
3035 1373 3413 1429 tantummodo
3464 1374 3699 1440 feceris;

2131 1475 2312 1531 neque
2344 1477 2562 1518 rursum
2591 1472 2935 1531 peccatorum
2968 1472 3202 1529 tantum,
3224 1464 3353 1535 quia
3369 1472 3423 1519 et
3438 1465 3579 1521 bona
3602 1465 3701 1522 ali-

464 1543 647 1612 μάτων
685 1546 975 1616 ποτήριον,
1016 1546 1229 1619 χρηστά
1260 1547 1369 1620 γάρ
1413 1566 1494 1601 σοι
1537 1548 1846 1620 πέπρακταί
1888 1566 2026 1604 τινα.
2132 1568 2160 1624 q

2013 1591 2026 1603 .
2132 1553 2351 1624 quando
2375 1554 2613 1624 gessisti.
2637 1553 2844 1610 Idcirco
2865 1555 3144 1610 inclinavit
3164 1571 3232 1610 ex
3253 1557 3356 1611 boc
3389 1557 3445 1611 in
3471 1556 3623 1623 illud,
3643 1566 3704 1614 ut

460 1633 559 1686 Διά
586 1632 743 1688 τοῦτο
765 1634 973 1690 ἔκλινεν
995 1638 1060 1690 ὲκ
1086 1637 1278 1692 τούτου
1305 1640 1384 1703 είς
1406 1638 1582 1692 τοῦτο.
1612 1640 1768 1693 Κατὰ
1792 1639 1889 1712 τὴν
1909 1641 2032 1695 ἀνα-
2130 1641 2150 1713 j

2009 1671 2032 1691 ,-
2130 1641 2287 1713 juxta
2332 1644 2831 1712 compensationem
2872 1657 3099 1713 operum
3136 1650 3357 1698 tuorum
3408 1643 3705 1698 misceatur

459 1721 641 1792 λογίαν
672 1724 781 1779 τῶν
818 1724 994 1797 ἔργων
1047 1745 1143 1801 σου
1190 1729 1441 1799 κιρνᾶται
1475 1746 1557 1782 σοι
1593 1730 1622 1783 ό
1654 1728 1825 1801 θυμὸς
1862 1732 1953 1784 καὶ
1993 1733 2029 1803 ἡ
2135 1743 2154 1788 t

2007 1733 2029 1803 ἡ
2135 1734 2232 1788 tibi
2264 1733 2592 1804 supplicium
2629 1734 2906 1804 aquatius,
2937 1749 3031 1790 seu
3069 1734 3339 1789 meracius
3364 1774 3380 1800 ,
3422 1740 3479 1788 et
3502 1748 3703 1791 secun-

458 1813 696 1879 κόλασις,
726 1817 812 1871 ἵνα
831 1818 950 1889 ήτοι
978 1818 1330 1892 ὑδαρέστερον
1350 1822 1412 1874 τὸ
1433 1822 1531 1892 τῆς
1562 1820 1833 1885 κολάσεως
1924 1839 2028 1886 σοι,
2060 1822 2104 1877 Β
2131 1825 2154 1879 d

2013 1862 2028 1886 ,
2060 1822 2104 1877 Β
2131 1825 2259 1879 dum
2293 1824 2487 1879 merita
2517 1832 2643 1890 tua;
2675 1825 3224 1880 autobtundaturira:
3239 1824 3435 1880 divinae
3458 1825 3702 1892 aculeus,

458 1904 490 1973 ἦ
513 1906 834 1980 δριμύτερον
859 1910 954 1964 καὶ
983 1911 1373 1984 ἐπιπινώτερον
1406 1913 1483 1984 (1)
1502 1930 1516 1942 ’
1550 1911 1692 1965 κατά
1720 1911 1818 1983 τὴν
1845 1913 2022 1966 ἀναλο-
2134 1931 2154 1969 a

2007 1940 2022 1959 ρ
2134 1925 2227 1970 aut
2257 1924 2577 1970 exacuatur.
2611 1914 2666 1969 Si
2699 1930 2825 1969 vero
2853 1916 3027 1971 bonus
3049 1914 3235 1977 fueris.
3258 1926 3311 1969 et
3328 1914 3421 1970 Dei
3451 1916 3703 1970 mandata

449 2003 577 2071 γίαν
604 2003 734 2073 γὰρ,
766 2002 840 2066 ὼς
878 2003 1172 2072 προεῖπον,
1203 2002 1310 2056 τῶν
1355 2002 1765 2073 ἁμαρτημάτων
1807 2020 2032 2075 συγκρι-
2138 2024 2145 2061 t

2009 2034 2032 2046 -
2138 2006 2465 2072 servaveris,
2496 2007 2714 2061 attende
2745 2007 2875 2075 quid
2898 2006 3049 2060 dicas
3072 2007 3118 2038 ⁸⁸
3146 2025 3159 2059 :
3190 2005 3423 2060 Calicem
3449 2005 3702 2060 salutaris

449 2094 692 2165 νομένων
719 2098 833 2156 τοῖς
866 2093 1088 2162 ἀγαθοῖς
1120 2093 1446 2164 ἀμϐλύνεταί
1471 2111 1608 2157 πως,
1634 2095 1666 2164 ἢ
1694 2095 1794 2147 οὐκ
1822 2095 2035 2165 ἀμϐλύ·
2136 2119 2145 2149 ι

2009 2127 2035 2138 -
2136 2096 2399 2163 accipiam
2429 2107 2478 2149 et
2527 2113 2713 2151 nomen
2746 2096 2959 2149 Domini
3002 2094 3273 2149 invocabo.
3312 2094 3502 2150 Omnis
3539 2095 3705 2164 igitur

453 2201 605 2238 νεται
631 2186 661 2237 ὁ
687 2184 795 2237 ἀπὸ
824 2184 918 2237 τοῦ
966 2184 1227 2255 ποτηρίου
1267 2185 1366 2255 τῆς
1395 2184 1562 2254 ὀργῆς
1599 2185 1782 2248 ποσῶς
1826 2185 2036 2256 διδομέ-
2136 2201 2149 2238 1

2005 2216 2036 2235 ν-
2136 2195 2277 2251 υιίτ,
2316 2186 2430 2242 sive
2462 2186 2660 2252 bonus,
2692 2187 2807 2242 sive
2838 2187 3035 2252 malus,
3065 2186 3375 2256 implebitur
3401 2186 3527 2241 vino
3564 2202 3701 2256 qua-

455 2293 555 2346 νης
585 2274 659 2346 (2)
685 2275 899 2346 ἑκάστῳ
919 2274 1030 2329 τῶν
1058 2270 1488 2346 ἁμαρτημάτων.
1521 2274 1649 2328 Ἐὰν
1674 2275 1729 2328 δὲ
1754 2275 1918 2340 καλὸς
1943 2278 2036 2332 καὶ
2133 2277 2151 2331 l

2006 2278 2036 2330 ιὶ
2133 2277 2303 2332 litatis
2350 2294 2502 2340 suae,
2543 2294 2642 2333 nec
2690 2279 2870 2333 oleum
2906 2279 3136 2333 mittitur
3186 2279 3238 2332 in
3285 2294 3448 2345 eum,
3487 2279 3702 2334 aliudve

451 2368 656 2436 ἀγαθὸς
684 2365 752 2442 ᾗς
779 2368 917 2432 ὅλος,
959 2366 1164 2435 λέγεις’
1194 2365 1487 2435 Ποτήριον
1519 2368 1817 2435 σωτηρίου
1841 2368 2037 2438 λήψο-
2132 2384 2147 2423 t

1722 2368 1817 2421 ίου
1841 2368 2037 2438 λήψο-
2132 2369 2265 2439 quid
2291 2369 2526 2440 liquens,
2554 2370 2658 2425 nisi
2693 2369 3080 2436 Sodomorum,
3111 2364 3206 2426 aui
3235 2369 3418 2427 Sorec.

448 2479 554 2531 μαι
585 2459 776 2515 καὶτὸ
812 2461 1001 2531 ὄνομα
1033 2462 1257 2529 Κυρίου
1293 2460 1749 2528 ἐπικαλέσομαι.
1780 2462 1894 2526 Πᾶς
1935 2459 2029 2516 οὗν
2058 2463 2258 2526 ἀσκὸς,
2291 2462 2401 2514 εἴτε
2430 2462 2592 2526 καλὸς
2621 2462 2733 2515 εἴτε
2768 2462 3069 2533 μοχθηρὸς,
3103 2459 3527 2531 πληρωθήσεται,
3550 2461 3717 2523 οἴνου,

454 2554 549 2607 καὶ
576 2555 715 2609 κατὰ
743 2555 842 2627 τὴν
870 2555 1282 2626 ἐπιτηδειότητα
1313 2552 1408 2608 τοῦ
1443 2557 1616 2612 ἀσκοῦ
1658 2553 1800 2622 οἶνος
1828 2557 2153 2631 βληθήσεται
2200 2560 2280 2622 είς
2315 2559 2407 2613 τὸν
2451 2558 2618 2612 ἀσκὸν
2646 2557 2788 2611 κοιτά
2821 2557 2910 2611 τὸν
2940 2557 3095 2628 λόγον
3125 2556 3233 2612 τῶν
3264 2556 3497 2611 ἐνταῦθα
3525 2560 3719 2629 ὀνομαο

454 2647 695 2719 ζομένων
734 2647 942 2702 ἀσκῶν.
976 2648 1194 2704 Ἔλαιον
1224 2646 1317 2706 οὖν
1362 2653 1425 2706 οὐ
1459 2651 1709 2723 βάλλεται
1753 2652 1835 2713 είς
1864 2651 1992 2716 τοὺς
2034 2652 2238 2717 ἀσκοὺς
2277 2652 2398 2705 οὐδὲ
2445 2653 2578 2722 ἄλλη
2618 2673 2702 2716 τις
2726 2648 2872 2718 ὑγρὰ
2915 2651 3037 2720 ὕλη.
3079 2649 3216 2704 ἀλλά
3241 2650 3418 2704 πάντα
3448 2651 3615 2706 ἀσκὸν
3641 2652 3719 2707 δει

452 2736 596 2792 οἴνου
628 2738 1000 2811 πληρωθῆναι.

526 2823 658 2884 Εἶτα
691 2830 929 2886 διδάσκει
959 2832 1047 2886 διὰ
1075 2833 1204 2897 τοὺς
1233 2834 1668 2907 ἁμαρτήσαντας,
1724 2842 1848 2898 ὅσον
1876 2843 2019 2898 κατά

454 2922 516 2973 τὸ
570 2922 765 2992 ῥητὸν,
806 2925 864 2977 ὲν
908 2926 974 2995 τῇ
1016 2923 1370 2997 Ἰερουσαλὴμ
1397 2926 1517 2979 τότε
1557 2927 1648 2980 καὶ
1688 2928 1746 2980 ὲν
1794 2927 1860 2996 τῇ
1899 2926 2030 2978 ’1ουο
2135 2939 2150 2995 ι

2007 2952 2030 2966 -
2135 2933 2358 2995 propter
2385 2938 2481 2997 eos
2526 2922 2620 2992 qui
2652 2928 3011 2992 peccaverunt
3070 2919 3122 2972 in
3155 2917 3455 2974 Jerusalem
3484 2956 3498 2977 ,
3551 2923 3605 2970 et
3649 2915 3703 2968 in

452 3014 613 3085 δαία,
676 3016 915 3071 ποταποῦ
965 2994 1107 3071 οἴνου
1161 2994 1342 3087 μέλλει
1395 3018 1632 3089 πληροῦν
1663 3020 1692 3070 ὁ
1722 2994 1858 3081 Θεὸς
1901 3018 2028 3081 τοὺς
2055 3049 2095 3107 c

2009 3035 2095 3107 τε
2131 2994 2319 3071 iudica
2352 2994 2445 3069 illo
2472 3023 2713 3083 tempore
2738 3014 3115 3076 morabantur,
3164 3009 3312 3079 quali
3348 3010 3476 3107 vino
3516 3007 3705 3107 istius:

2206 2833 2263 2889 5.
2302 2831 2506 2889 Deinde
2533 2831 2691 2886 docet
2724 2829 2961 2894 interim,
2997 2837 3057 2883 ut
3089 2827 3319 2881 litteram
3365 2840 3661 2895 sequamur
3685 2865 3701 2889 ,

455 3106 657 3169 ἀσκοὺς
695 3106 919 3172 τούτους
959 3110 1084 3173 τοὺς
1116 3108 1502 3181 ἁμαρτωλούς·
1538 3109 1845 3181 γέγραπται
1884 3108 2022 3180 γάρ·

468 3198 611 3253 Ἐὰν
634 3198 846 3255 sistam
872 3202 1022 3270 πρὸς
1040 3202 1139 3256 σέο
1162 3202 1260 3270 Μὴ
1278 3203 1527 3271 γνόντες
1554 3203 1626 3255 οὐ
1653 3202 2023 3271 γνωσόμεθα,

456 3288 545 3342 ὅτι
585 3287 704 3356 πᾶς
747 3291 938 3358 ἀσκὸς
984 3292 1438 3361 πληρωθήσεται
1475 3292 1676 3357 οινου;
1724 3293 1834 3346 Καὶ
1874 3291 2028 3360 ἐρεῖς

454 3380 604 3447 πρὸς
662 3383 883 3448 αὐτούς
900 3399 914 3413 ·
984 3382 1128 3438 Τάδε
1178 3384 1339 3454 λέγει
1394 3386 1610 3453 Κύριος
1630 3401 1642 3415 ·
1718 3384 1861 3439 Ἰδοὺ
1914 3382 2028 3452 ἐγὼ

454 3470 663 3540 πλη,ρῶ
700 3468 1103 3542 πάνταςτοὺς
1128 3472 1556 3544 κατοικοῦντας
1596 3476 1711 3546 τὴν
1739 3477 1858 3547 γῆν
1885 3477 2027 3531 ταύ-

454 3582 588 3633 την,
629 3566 728 3620 καὶ
779 3567 924 3634 τοὺς
953 3568 1237 3636 ,βασιλεῖς
1276 3569 1417 3636 τοὺς
1453 3569 1823 3639 καθημένους
1860 3569 2030 3637 υἱοὺς

456 3657 560 3711 τοῦ
590 3657 771 3714 Δαυῒδ
800 3659 898 3712 ἐπὶ
929 3662 1146 3729 θρόνου
1176 3662 1383 3725 αὐτοῦ,
1409 3662 1506 3715 καὶ
1536 3662 1678 3728 τοὺς
1712 3662 1904 3731 ἱερεῖς.
1935 3663 2030 3716 Οὐ-

453 3749 602 3815 δενὸς
622 3750 858 3821 φείδεται
884 3754 913 3806 ό
939 3752 1144 3823 μέλλων
1169 3752 1436 3818 κολάζειν.
1464 3756 1580 3808 Οὐκ
1605 3754 1726 3809 ἐπεὶ
1746 3757 2029 3827 προφήτης

454 3859 541 3905 τις
567 3842 955 3914 ἐχρημάτισεν,
984 3843 1098 3914 ἔχει
1135 3844 1192 3898 δὲ
1223 3846 1618 3917 ἁμαρτήματα,
1650 3845 1710 3898 οὐ
1741 3845 2031 3919 πληρωθή-

457 3949 609 3987 σεται
647 3935 755 3988 τῶν
795 3934 1101 4006 λεγομένων
1131 3936 1395 3990 ἀπειλῶν·
1437 3938 1539 3990 οὐκ
1578 3938 1700 3990 ἐπεὶ
1738 3938 1916 4010 ἱερεύς
1946 3954 2030 4001 τις

456 4026 813 4096 ἐχρημάτισε,
855 4028 948 4081 καὶ
979 4024 1159 4092 ἔδοξεν
1189 4027 1462 4098 ὑπεροχὴν
1490 4027 1749 4098 ὀνόματος
1778 4028 1922 4100 ἔχειν
1945 4046 2031 4082 τις⁹

461 4118 733 4188 μιωτέραν
778 4119 931 4191 παρά
958 4119 1049 4173 τὸν
1083 4119 1203 4173 ὅλον
1236 4120 1277 4184 ⁶,
1320 4118 1557 4188 φείδεται
1595 4117 1760 4172 αὑτοῦ
1804 4121 1833 4171 ὁ
1875 4118 2028 4183 Θεὸς,

456 4206 599 4264 ὥστε
623 4209 782 4264 αὑτὸν
809 4211 881 4280 μὴ
906 4209 1236 4280 κολασθῆναι
1258 4210 1670 4281 ἀμαρτήσαντα.
1703 4208 1784 4263 Τὰ
1806 4208 1875 4261 δὲ
1901 4208 2032 4276 περὶ

456 4297 702 4355 ἐκείνων
776 4298 1283 4371 ἀνατετραμμένα,
1360 4300 1523 4370 φησὶν
1585 4302 1616 4354 ὁ
1690 4298 2027 4367 Ἀπόστολος,

454 4384 683 4454 ἐτράφη
728 4384 803 4441 δι’
841 4386 1021 4457 ἡμᾶς,
1064 4391 1154 4455 εὶς
1186 4388 1294 4456 οὓς
1337 4388 1410 4443 τὰ
1447 4388 1592 4458 τέλη
1628 4388 1750 4443 τῶν
1802 4389 2030 4444 αἰώνων

458 4480 853 4547 κατήντησεν.
889 4480 959 4533 Et
986 4498 1069 4545 τις
1117 4477 1208 4535 οὗν
1233 4482 1326 4535 καὶ
1364 4482 1423 4534 ἐν
1449 4483 1657 4545 τούτοις
1683 4483 1795 4545 τοῖς
1824 4481 2028 4553 ἱερεῦσι

458 4573 725 4646 (δείκνυμι
762 4574 818 4628 δὲ
845 4575 973 4638 τοὺς
1014 4574 1415 4646 πρεσϐυτέρους
1450 4575 1629 4646 ἡμᾶς)
1661 4573 1694 4645 ἢ
1728 4575 1787 4627 ὲν
1818 4572 2028 4639 τούτοις

457 4668 561 4730 τοῖς
595 4666 979 4738 περιεστηκόσι
1022 4666 1115 4721 τὸν
1148 4666 1277 4720 λαὸν
1310 4666 1563 4729 Λευΐταις
1606 4666 1781 4738 (λέγω
1810 4667 1868 4721 δὲ
1899 4667 2026 4731 τοὺς

455 4758 762 4831 διακόνους)
788 4758 1113 4830 ἁμαρτάνει,
1144 4757 1255 4823 ἕξει
1284 4757 1490 4828 ταύτην
1516 4757 1615 4829 τὴν
1654 4757 1876 4811 κόλασιν
1898 4773 1909 4784 ·
1950 4757 2027 4821 ὡς

457 4851 615 4906 πάλιν
667 4853 908 4922 εὐλογίαι
947 4852 1093 4916 τινές
1131 4853 1268 4905 εἰσιν
1317 4852 1607 4921 ἱερατικαὶ,
1655 4853 1783 4923 περ),
1818 4845 1893 4907 ὧν
1926 4851 2027 4924 (3),

458 4942 589 4997 Θεοῦ
611 4931 862 5008 διδόντος,
876 4943 936 4997 οὐ
963 4941 1200 5015 μακρὰν,
1223 4942 1360 4997 ἀλλά
1388 4941 1526 5013 μετά
1548 4942 1644 5014 τὴν
1666 4942 1910 5007 ἐξέτασιν
1935 4942 2028 4996 τοῦ

457 5031 614 5103 λόγου
655 5034 751 5089 τοῦ
794 5033 1156 5108 προφητικοῦ,
1207 5033 1466 5105 εἰσόμεθα
1511 5034 2029 5104 ἀναγινωσκομένων

458 5124 563 5179 τῶν
605 5125 896 5197 Ἀριθμῶν.
916 5127 1052 5200 Περὶ
1083 5125 1195 5198 γὰρ
1222 5124 1410 5197 ἱερέων
1436 5125 1553 5179 ἐκεῖ
1575 5142 1698 5179 τινα
1735 5125 1916 5197 μέλλει
1943 5124 2032 5178 λέ-

459 5214 670 5284 γεσθαι.
706 5217 817 5272 Kal
842 5217 985 5285 τοὺς
1011 5217 1186 5287 ἱερεῖς
1211 5212 1326 5283 οὖν,
1368 5216 1467 5270 καὶ
1510 5216 1651 5284 τοὺς
1695 5214 2026 5287 προφήτας,

2129 3107 2277 3163 modi
2324 3115 2475 3162 utres
2510 3104 2768 3175 implendi
2827 3112 2974 3159 sunt.
3017 3102 3278 3172 Sequitur
3320 3100 3466 3156 enim
3500 3100 3587 3155 °':
3643 3098 3707 3155 Si

2133 3198 2364 3253 dixerint
2396 3197 2465 3250 ad
2490 3206 2538 3250 te
2560 3212 2579 3251 :
2609 3194 2863 3267 Nunquid
2888 3203 3251 3264 cognoscentes
3297 3209 3401 3247 non
3429 3192 3706 3263 cognosci-

2127 3306 2265 3353 mus,
2288 3292 2417 3361 quia
2452 3290 2621 3344 omnis
2644 3298 2762 3342 uter
2791 3287 3097 3357 implebitur
3121 3287 3241 3341 vino
3270 3287 3295 3340 7
3319 3286 3472 3341 Dices
3490 3284 3559 3339 ad
3575 3301 3663 3339 eos
3680 3297 3701 3336 :

2132 3385 2261 3441 [hac
2298 3383 2709 3439 dicit’Dominns
2736 3400 2756 3435 .·
2785 3381 2919 3436 Ecce
2950 3397 3043 3452 ego
3073 3382 3263 3450 impleo
3286 3397 3461 3436 omnes
3494 3377 3703 3435 inhabi-

2130 3486 2299 3532 tantes
2316 3486 2511 3531 terram
2541 3477 2721 3541 istam,
2751 3482 2800 3528 et
2822 3490 2983 3545 reges,
3006 3483 3055 3527 et
3074 3473 3214 3544 ﬁlios
3236 3472 3404 3527 David
3421 3472 3511 3543 qui
3526 3471 3707 3525 sedent

2129 3586 2286 3641 super
2305 3568 2479 3625 sedem
2497 3570 2633 3637 ejus,
2654 3577 2704 3623 et
2734 3566 3031 3622 sacerdotes
3057 3567 3326 3621 ebrietate.
3364 3562 3505 3619 Nulli
3531 3561 3706 3633 parcit

2130 3663 2225 3733 qui
2257 3662 2549 3732 puniturus
2585 3669 2671 3715 est
2694 3669 3032 3731 peceatores.
3073 3657 3191 3714 Non
3222 3659 3350 3728 quia
3393 3658 3702 3726 prophetes,

2135 3754 2296 3826 193
2320 3768 2427 3809 non
2464 3753 2592 3823 quia
2625 3754 2883 3808 sacerdos
2902 3753 3028 3823 quis
3049 3762 3275 3806 vocatus
3304 3757 3389 3804 est
3414 3789 3430 3813 ,
3495 3764 3526 3804 a
3574 3764 3706 3819 sup-

2128 3847 2309 3918 pliciis
2338 3845 2682 3902 liberabitur.
2716 3843 2847 3899 Haec
2872 3853 3051 3897 autem
3067 3843 3130 3895 de
3156 3841 3265 3894 illis
3287 3856 3705 3895 conmemoran-

2132 3949 2238 4006 tur,
2269 3946 2328 3992 ut
2369 3936 2445 3991 ait
2479 3935 2774 4004 Apostolus
2795 3936 2841 3967 ⁸⁸
2873 3952 2887 3988 :
2923 3932 3123 4001 scripta
3166 3941 3289 3986 sunt
3328 3941 3542 4001 propter
3570 3946 3663 3985 nos
3685 3971 3701 3995 ,

2131 4029 2185 4083 in
2217 4044 2345 4098 quos
2375 4029 2505 4097 ﬁnes
2536 4025 2851 4081 saeculorum
2876 4025 3208 4079 devenerunt.
3243 4022 3300 4078 Si
3338 4023 3460 4094 quis
3483 4039 3616 4095 ergo
3652 4031 3709 4077 et

2132 4118 2187 4173 in
2211 4119 2296 4174 his
2325 4117 2723 4180 sacerdotibus,
2759 4116 2812 4170 in
2839 4116 2997 4171 nobis
3022 4117 3146 4171 dico
3194 4114 3527 4185 presbyteris
3545 4154 3561 4179 ,
3590 4113 3708 4169 sive

2133 4208 2189 4262 in
2229 4207 2316 4263 his
2355 4207 2449 4278 qui
2481 4206 2840 4260 circumstant
2861 4203 3121 4273 populum
3152 4201 3375 4267 Levitis,
3404 4200 3457 4254 id
3485 4199 3705 4255 estdia-

2133 4298 2392 4364 canibus,
2430 4295 2776 4368 peccaverit,
2834 4294 3126 4351 sustinebit
3178 4292 3505 4363 supplicium
3557 4289 3703 4361 quod

2065 4378 2108 4433 Ῐ)
2135 4408 2283 4447 nunc
2306 4406 2403 4462 per
2433 4388 2756 4461 prophetam
2789 4387 3054 4443 Dominus
3103 4386 3466 4442 comminatur
3493 4402 3508 4440 :
3567 4397 3705 4453 quo-

2134 4484 2297 4539 modo
2348 4482 2656 4539 econtrario
2685 4481 2931 4551 quaedam
2982 4489 3112 4536 sunt
3139 4478 3504 4537 saccrdotales
3538 4476 3704 4530 bene-

2132 4576 2425 4639 dictiones,
2449 4574 2518 4629 de
2545 4573 2747 4644 quibus
2778 4571 2886 4629 Deo
2912 4573 3183 4628 tribuente
3209 4610 3225 4635 ,
3268 4578 3393 4638 post
3419 4568 3581 4623 istius-
3598 4566 3701 4621 loci

2130 4668 2525 4739 expositionem
2544 4708 2560 4733 ,
2588 4682 2712 4721 cum
2741 4667 2809 4721 ad
2840 4664 3202 4719 Numerorum
3232 4662 3430 4717 librum
3476 4652 3697 4716 vetitum

2132 4760 2336 4825 fuerit,
2396 4759 2798 4829 disputabimus
2829 4775 2841 4811 :
2893 4756 2964 4810 ibi
2995 4755 3195 4826 quippe
3231 4755 3298 4812 de
3326 4753 3702 4815 sacerdotibus

2131 4850 2377 4920 quaedam
2408 4849 2612 4918 scripta
2649 4857 2778 4903 sunt
2797 4847 2866 4899 ⁸⁸.
2904 4844 2971 4898 Et
2988 4846 3283 4901 sacerdotes
3308 4846 3494 4916 igitur,
3512 4855 3558 4898 et
3580 4859 3703 4912 pro-

2129 4941 2332 5010 phetas,
2391 4951 2442 4995 et
2489 4938 2712 5003 ludam,
2739 4947 2788 4991 et
2823 4953 2997 4991 omnes
3061 4937 3352 4992 habitantes
3406 4934 3701 4989 Jerusalem

2131 5041 2358 5086 testatur
2387 5031 2527 5086 Deus
2560 5032 2623 5085 de
2655 5032 2773 5085 vino
2819 5029 3151 5083 inebriandos
3181 5070 3194 5092 ,
3237 5037 3286 5082 et
3333 5023 3701 5096 dispergendos

2132 5125 2300 5179 virum
2344 5140 2378 5178 α
2410 5123 2576 5192 fratre
2605 5138 2725 5183 suo,
2757 5135 2807 5175 et
2833 5129 3009 5190 patres
3047 5136 3078 5172 α
3107 5119 3258 5188 ﬁliis.
3289 5118 3421 5184 Quae
3456 5116 3700 5185 quidem,

2136 5226 2196 5272 ut
2224 5216 2357 5270 milii
2384 5215 2620 5278 videtur,
2645 5213 2726 5268 sic
2758 5220 2887 5267 sunt
2934 5209 3275 5279 intelligenda
3305 5226 3319 5262 :
3356 5207 3530 5275 iustos
3580 5205 3703 5276 qui-

505 5295 574 5360 ’⁸⁸
609 5325 755 5384 Psal.
782 5344 906 5395 cxv,
947 5329 1034 5383 15.
1108 5328 1155 5361 ⁸⁷
1192 5327 1393 5384 Jerem.
1424 5341 1547 5392 xm,
1583 5328 1672 5399 12,
1702 5331 1785 5387 15.
1862 5329 1910 5362 ⁸⁸
1951 5327 2120 5384 Ιαοτο
2154 5344 2201 5392 Xa

1391 5371 1393 5380 ,
1424 5341 1547 5392 xm,
1583 5328 1672 5399 12,
1702 5331 1785 5387 15.
1862 5329 1910 5362 ⁸⁸
1951 5327 2120 5384 lCor.
2154 5344 2208 5392 x,
2243 5328 2330 5382 11.
2407 5327 2453 5360 ⁸⁸
2491 5326 2692 5382 Jerem.
2728 5340 2847 5387 xm,
2878 5325 2965 5387 15,
3000 5323 3087 5378 id.

526 5438 601 5510 (1)
652 5441 1128 5511 Ἐπιπινώτερον.
1169 5443 1332 5499 Forte
1369 5444 1651 5517 legendum
1682 5449 2020 5511 ἐπιπονὼτε-
2082 5452 2089 5459 ’

884 5581 1217 5653 διδομένης.
1258 5582 1420 5640 Forte
1446 5584 1725 5664 legendum
1758 5598 1927 5662 πότος
1948 5591 2023 5648 δι-

525 5716 603 5788 (5)
641 5720 781 5788 Περὶ
806 5713 913 5787 ὧν,
941 5729 1045 5777 etc.
1086 5720 1226 5792 Ergo
1272 5728 1548 5797 postquam
1592 5748 1882 5827 Jcrcmiam
1915 5752 2020 5811 ρο-

2128 5447 2258 5521 pulo
2302 5445 2573 5516 exposuit,
2602 5443 2894 5521 conciones
2929 5443 2981 5521 in
3009 5440 3278 5521 Numeros
3325 5437 3534 5504 ltabuit;
3582 5454 3704 5508 qua

2130 5509 2241 5573 non
2273 5509 2464 5570 omnes
2496 5524 2647 5576 Sane,
2680 5513 2766 5567 vel
2811 5530 2918 5567 non
2962 5512 3184 5582 integrae
3211 5509 3277 5564 ad
3312 5523 3702 5582 nospervene~

2129 5599 2281 5642 runt.
2329 5586 2744 5640 Benedictiones
2776 5584 2975 5654 quippe
3001 5580 3500 5654 illaaqsacerdotales
3525 5581 3703 5654 capite

2129 5656 2292 5715 Num.
2322 5665 2475 5710 sexto
2500 5651 2956 5720 continentur,'in
2986 5652 3132 5724 quod
3160 5652 3306 5708 nulla
3333 5651 3581 5725 Origenis
3604 5652 3703 5707 hoc

2132 5727 2282 5783 milia
2304 5732 2497 5781 exstat.
2536 5725 2799 5781 Hunnus.
