4296 6288
596 353 702 410 585

2065 334 2392 392 ORIGENIS

3740 345 3845 401 386

596 469 719 522 dem
741 474 1028 537 congregat
1059 465 1221 539 Diras,
1245 473 1298 519 et
1329 473 1643 536 peccatores
1663 467 1900 532 separat.
1924 456 2158 524 Denique

2220 452 2361 512 ικαὶ
2391 451 2498 505 τὸν
2538 451 2806 517 Ἰούδαν,
2841 452 2938 506 καί
2976 451 3207 521 πάντας
3237 452 3377 521 τοὺς
3421 458 3844 526 κατοικοῦντας

598 561 804 614 idcirco
828 556 1064 627 quandiu
1108 571 1217 609 non
1247 565 1377 611 sunt
1410 552 1671 610 commoti
1704 553 1774 607 ab
1806 550 2016 605 oriente
2065 547 2156 601 bo-

599 650 791 713 miues,
816 663 921 701 non
946 655 1074 701 sunt
1101 646 1358 715 dispersi.
1393 645 1623 711 Quando
1650 653 1834 698 autem
1873 650 2000 697 sunt
2032 640 2164 695 moti

595 744 665 792 ab
690 740 895 792 oriente
924 778 937 800 ,
977 748 1033 792 et
1077 738 1154 793 ait
1196 737 1364 792 homo
1403 739 1471 792 ad
1521 738 1832 807 proximum
1879 749 2039 789 suum
2075 733 2164 786 ’°:

610 826 804 891 Venite,
826 827 1150 896 a'di/icemus
1183 829 1472 891 civitatem,
1505 839 1552 882 el
1585 837 1804 892 turrem,
1838 827 1991 896 cujus
2006 835 2166 894 caput

590 917 850 985 pertingat
880 933 1041 987 usque
1083 919 1150 971 ad
1183 918 1369 971 caelum
1402 936 1418 980 ;
1477 917 1620 973 Deus
1654 918 1868 972 locutus
1908 927 1993 971 est
2018 957 2034 980 ,
2083 915 2167 970 di-

590 1024 721 1064 cens
753 1008 799 1041 ’ί
832 1026 847 1063 :
892 1008 1090 1075 Venite,
1124 1009 1525 1075 descendamus,
1581 1020 1633 1062 et
1666 1008 2053 1078 confundamus
2092 1006 2166 1060 ibi

590 1099 828 1169 linguam
846 1115 1052 1155 eorum.
1074 1095 1138 1150 Et
1164 1107 1288 1169 post
1315 1100 1574 1168 pusillum
1606 1097 1875 1154 subinfert
1911 1116 1924 1153 :
1962 1097 2028 1152 Et
2081 1099 2166 1152 di-

591 1189 778 1255 spersit
807 1206 892 1243 eos
921 1189 1065 1242 Deus
1093 1188 1215 1242 inde
1245 1206 1278 1243 a
1325 1190 1460 1259 [acie
1491 1191 1665 1244 omnis
1702 1201 1879 1245 terrm.
1926 1190 2166 1259 Populus

592 1293 811 1348 quoque
836 1278 1002 1335 lsrael
1022 1288 1315 1350 antequam
1348 1291 1618 1351 peccaret,
1672 1281 1733 1336 in
1758 1280 1944 1336 Iudaea
1998 1290 2118 1337 erat
2146 1300 2162 1348 ;

593 1379 715 1441 post
739 1383 958 1442 peccata
996 1373 1051 1428 in
1113 1374 1429 1428 universum
1476 1373 1663 1427 orbem
1722 1374 2007 1443 dispersus
2055 1382 2160 1431 est.

592 1461 724 1517 Tale
754 1463 887 1518 mihi
913 1464 1174 1533 quiddam
1201 1473 1256 1518 et
1282 1464 1350 1519 de
1380 1464 1537 1519 bonis
1561 1464 1874 1520 hominibus
1900 1465 2161 1535 intelligo.

592 1551 690 1608 Est
721 1554 967 1623 quaedam
1000 1554 1228 1609 ecclesia
1262 1555 1661 1624 primitivorum
1689 1597 1703 1620 ,
1738 1570 1928 1610 eorum
1956 1556 2167 1613 scilicet

592 1645 686 1713 qui
723 1645 1016 1716 conscripti
1040 1656 1169 1701 sunt
1217 1646 1271 1701 in
1298 1647 1632 1710 caelestibus,
1667 1648 1757 1701 ubi
1795 1663 1953 1703 mons
1988 1647 2121 1704 Sion
2146 1686 2162 1713 ,

589 1739 649 1789 et
677 1736 869 1792 civitas
919 1738 1149 1793 viventis
1180 1737 1272 1792 Dei
1322 1737 1658 1792 Hierusalem
1693 1739 1953 1795 caelestis.
2005 1739 2161 1795 Beati

589 1825 687 1893 qui
729 1826 857 1881 illuc
905 1830 1398 1898 congregabantur.
1432 1827 1749 1885 Peccatores
1789 1839 1969 1884 autem
2022 1830 2163 1887 divi-

590 1918 789 1971 dentur
813 1919 883 1973 ab
921 1919 1150 1975 invicem
1180 1961 1195 1985 ,
1229 1930 1289 1974 ut
1316 1920 1481 1975 etiam
1523 1922 1575 1975 in
1609 1922 1713 1975 hoc
1753 1923 2160 1978 excruciatione

588 2010 791 2075 pariter
827 2019 1204 2080 torqueantur.
1238 2011 1362 2067 Scio
1387 2015 1652 2082 quosdam
1682 2030 1837 2086 reges
1865 2057 1879 2082 ,
1933 2031 2029 2072 eos
2062 2019 2157 2089 qui

587 2098 818 2170 imperio
846 2116 947 2158 suo
976 2103 1215 2157 insidiati
1245 2114 1373 2159 sunt
1398 2106 1464 2159 ad
1503 2107 1747 2164 desertas
1798 2110 2009 2166 insulas
2064 2111 2163 2166 dc-

554 2218 563 2221 -
587 2201 809 2261 portare
831 2195 1043 2261 solitos,
1069 2205 1122 2249 ct
1153 2211 1251 2264 pro
1283 2198 1495 2267 magnis
1518 2200 1801 2268 suppliciis
1820 2200 1923 2258 hoc
1946 2202 2157 2273 jubere,

587 2298 659 2338 ne
683 2284 735 2338 in
774 2301 885 2339 uno
912 2286 1032 2340 loco
1062 2289 1238 2343 exsilii
1276 2291 1558 2360 penuriam
1584 2293 1922 2360 sustineant;
1954 2294 2049 2348 sed
2102 2294 2156 2348 in

589 2378 751 2432 aliam
790 2388 998 2448 partem
1037 2382 1188 2436 orbis
1214 2397 1373 2448 uxor,
1410 2383 1464 2437 in
1492 2383 1660 2437 alium
1690 2383 1845 2439 liberi
1896 2386 2158 2443 extermi-

563 2481 802 2532 ~nentnr,
832 2478 892 2526 ut
918 2488 988 2527 ne
1019 2473 1071 2529 in
1093 2474 1492 2531 calamitatibus
1511 2476 1727 2545 quidem
1746 2476 2154 2546 suisperl‘ruan-

534 2590 541 2593 τ
586 2572 676 2618 tur
713 2562 930 2631 solatio,
964 2573 1061 2619 aut
1087 2573 1242 2634 pater
1274 2565 1369 2621 tibi
1392 2606 1407 2627 ,
1449 2575 1544 2620 aut
1569 2578 1741 2621 mater
1761 2568 1905 2634 tilias,
1939 2578 2035 2623 aut
2058 2569 2161 2623 fra-

583 2661 670 2708 ter
694 2654 898 2708 fratris.
929 2652 1105 2708 Simili
1138 2657 1299 2711 modo
1334 2665 1385 2711 et
1437 2666 1688 2727 peccator
1719 2673 1814 2726 per
1863 2661 2158 2728 quamdam

584 2746 1050 2817 dispensationem
1098 2747 1195 2802 Dei
1249 2748 1461 2817 majora
1523 2748 1836 2806 solitudinis
1886 2760 2159 2809 tormenta

586 2840 911 2908 perpetitur,
938 2840 982 2895 si
1012 2840 1163 2896 solus
1191 2840 1244 2895 in
1266 2840 1517 2896 exsilium
1542 2845 1831 2912 relegetur,
1861 2853 1922 2900 ut
1967 2860 2159 2900 emcn-

517 2988 520 2992 Α
584 2930 746 2985 datus
777 2931 829 2985 in
858 2940 1061 2987 statum
1096 2931 1387 3001 pristinum
1420 2934 1626 2987 redeat.
1677 2933 1743 2988 Et
1769 2937 2048 3005 quomodo
2101 2947 2156 2993 tu

585 3021 924 3090 propinquos
953 3023 1036 3076 vel
1066 3022 1267 3078 liberos
1302 3032 1424 3079 tuos
1445 3039 1554 3079 non
1596 3024 1651 3079 in
1682 3025 1808 3081 forti
1842 3028 1976 3093 ictu,
2002 3038 2058 3084 et
2087 3029 2162 3085 ir-

2283 544 2697 613 Ἰερουσωῑὴμ,
2744 544 2910 616 φησιν
2935 549 2965 600 6
3006 546 3156 611 Θεὸς,
3194 546 3404 615 πλη]ιῶ
3441 550 3839 621 μεθύσματος,

2270 635 2369 691 καὶ
2408 635 2773 704 διασκορπιῶ
2810 637 3053 704 αὐτοὺς,
3081 637 3270 707 ἄνδρα
3311 638 3411 693 καί
3440 639 3548 693 τὸν
3574 640 3841 711 ἀδελφὸν

2269 728 2474 792 αὑτοῦ,
2517 729 2613 783 καί
2661 728 2803 796 τοὺς
2832 730 3089 798 πατέρας
3119 731 3337 795 αὐτῶν,
3370 731 3467 786 καί
3499 730 3642 798 τοὺς
3672 733 3842 800 υἱοὺς

2267 817 2466 871 αὐτῶν
2490 818 2561 871 ἐν
2599 818 2681 883 τῷ
2708 818 2887 884 αὐτῷ.
2935 821 3046 874 Kal
3071 819 3242 875 ταῦτα
3280 822 3338 875 δὲ
3367 820 3509 875 οὕτω
3540 824 3837 895 νοήσομεν·

2270 906 2408 969 Τοὺς
2439 908 2538 977 μὲν
2563 907 2800 972 δικαίους
2832 909 3052 978 συνάγει
3082 913 3112 964 6
3150 911 3302 975 Θεὸς,
3332 912 3455 976 τοὺς
3487 912 3545 966 δὲ
3576 915 3839 986 ἁμαρτωο

2268 996 2391 1063 λοὺς
2423 998 2817 1071 διασκορπίζει.
2848 1002 2945 1057 Διὰ
2976 1001 3128 1056 τοῦτο
3157 1005 3250 1058 καὶ¹
3276 1004 3440 1075 ἡνίκα
3468 1005 3571 1077 μὲν
3596 1007 3696 1062 οὐκ
3731 1009 3841 1061 ἐκι-

2267 1090 2455 1144 νοῦντο
2482 1091 2593 1145 ἀπὸ
2632 1092 2904 1147 ἀνατολῶν
2944 1095 2995 1147 oi
3037 1094 3335 1165 ἄνθρωποι,
3369 1097 3468 1150 οὐκ
3517 1082 3837 1173 ὲσκόρπισεν

2266 1182 2464 1245 αὐτοὺς
2512 1184 2541 1236 6
2580 1182 2738 1247 Θεός·
2773 1184 2861 1238 ὅτε
2901 1185 2958 1239 δὲ
2994 1187 3255 1258 ἐκίνησαν
3287 1188 3395 1241 ἀπὸ
3422 1189 3711 1255 ἀνατολῶν,
3745 1193 3839 1246 καὶ

2266 1268 2418 1326 εἶπεν
2446 1272 2728 1346 ἄνθρωπος
2763 1277 2900 1347 πρὸς
2924 1277 3016 1330 τὸν
3043 1277 3266 1349 πλησίον
3293 1278 3480 1344 αὐτοῦ,
3512 1280 3708 1343 Δεῦτε,
3739 1284 3836 1336 καί

2266 1363 2749 1435 οἰκοδομήσωμεν
2788 1366 3023 1433 ἑαυτοῖς
3065 1373 3266 1434 πόλιν,
3318 1371 3418 1424 καὶ
3461 1373 3719 1441 πύργον,
3765 1369 3836 1429 οὗ

2265 1456 2439 1527 ἔσται
2476 1460 2516 1527 ἡ
2553 1459 2790 1529 κεφαλὴ
2831 1460 2942 1527 ἕως
2982 1461 3090 1515 τοῦ
3134 1463 3415 1530 οὐρανοῦ,
3451 1463 3616 1534 φησιν
3646 1467 3675 1518 6
3709 1465 3839 1530 Θεὸς

2232 1596 2237 1603 .
2267 1551 2396 1622 περί
2439 1550 2644 1606 τούτων
2661 1569 2677 1583 ο
2726 1551 2924 1615 Δεῦτε,
2955 1553 3052 1606 καί
3086 1555 3450 1622 καταϐάντες
3491 1557 3840 1627 συγχέωμεν

2264 1641 2464 1697 αὐτῶν
2485 1643 2616 1698 ἐκεῖ
2636 1642 2752 1714 τὴν
2788 1645 3099 1714 γλῶσσαν.
3140 1648 3250 1702 Kal
3280 1651 3558 1720 συγχεῖται
3584 1650 3837 1716 ἕκαστος,

2266 1734 2363 1787 καὶ
2407 1734 2500 1788 ἐπὶ
2549 1730 2678 1789 τινὰ
2713 1737 2812 1808 τῆς
2859 1740 2963 1810 γῆς
3002 1739 3169 1793 τόπον
3212 1741 3676 1812 διασκορπίζεται.
3727 1743 3839 1797 Kal

2194 1790 2237 1845 Β
2262 1827 2292 1878 ὁ
2318 1824 2443 1888 λαὸς
2472 1824 2532 1878 δὲ
2567 1826 2596 1878 6
2640 1825 2735 1880 τοῦ
2766 1790 3015 1901 "lapillo,
3045 1790 3133 1902 μή

2276 1915 2502 1987 Ἰουδαίᾳ
2536 1909 2636 1986 ἦν·
2681 1918 3008 1992 ἁμαρτήσας
3055 1920 3111 1973 δὲ
3156 1920 3599 1993 διασκορπίζεται
3647 1921 3836 1977 ἔπειτα

2260 2006 2368 2059 ἀπὸ
2412 2008 2512 2079 τῆς
2564 2008 2908 2080 οἰκουμένης,
2963 2012 3055 2065 καὶ
3111 2012 3485 2085 διασπείρεται
3536 2014 3832 2085 πανταχοῦ.

2259 2099 2511 2153 Τοιοῦτόν
2552 2101 2605 2154 τί
2639 2118 2728 2171 μοι
2755 2103 2867 2156 νόει
2913 2103 3007 2156 καὶ
3041 2106 3168 2177 περὶ
3202 2104 3417 2159 πάντων
3459 2105 3636 2177 ήμῶν.
3678 2107 3834 2160 Ἔστι

2256 2208 2342 2256 τις
2398 2191 2694 2264 Ἐκκλησία
2734 2194 3092 2265 πρωτοτόκων
3125 2195 3628 2268 ἀπογεγραμμένων
3661 2199 3720 2252 ὲν
3747 2199 3838 2251 ού-

2220 2328 2225 2333 .
2260 2286 2464 2355 ρανοῖς,
2494 2285 2628 2338 ὅπου
2658 2283 2797 2338 Σιὼν
2834 2285 2980 2358 δρος,
3012 2287 3106 2340 καὶ
3138 2287 3294 2352 πόλις
3325 2286 3460 2341 Θεοῦ
3507 2287 3706 2352 ζῶντος
3744 2288 3838 2341 Ἱε-

2261 2374 2547 2447 ρουσαλὴμ
2579 2376 2917 2448 ἐπουράνιος.
2951 2378 3014 2431 Ol
3051 2378 3310 2450 μακάριοι
3341 2380 3460 2432 ἐκεῖ
3486 2378 3842 2450 συναχθήσον-

2255 2485 2368 2533 ται,
2401 2469 2488 2523 ἵνα
2513 2467 2649 2539 ὁμοῦ
2682 2463 2833 2523 ὦσιν.
2893 2468 3054 2523 Ἀλλὰ
3086 2472 3179 2524 καὶ
3204 2472 3263 2523 ὲν
3293 2470 3467 2541 τούτῳ
3495 2470 3833 2535 κολάζονται,

2254 2559 2349 2614 τοῦ
2384 2561 2459 2631 μὴ
2500 2555 2640 2615 εἶναι
2671 2561 2787 2631 μετ’
2816 2560 3058 2633 ἀλλήλων
3087 2563 3137 2615 οἱ
3168 2561 3501 2634 ἁμαρτωλοί.
3531 2556 3664 2618 Οἶδά
3683 2580 3834 2627 τινας

2258 2654 2317 2705 ὲν
2345 2651 2423 2722 τῷ
2463 2651 2564 2724 βίῳ
2598 2653 2774 2725 τούτῳ
2807 2653 2947 2724 ὑπὲρ
2980 2653 3256 2718 κολάσεως
3302 2653 3655 2724 βουλομένους
3687 2655 3835 2725 νήσῳ

2256 2749 2365 2802 τινὶ
2407 2749 2741 2821 παραδοῦναι
2779 2750 2906 2813 τοὺς
2941 2750 3174 2813 οἰκείους
3208 2749 3316 2803 τῶν
3348 2750 3707 2821 λυπησάντων
3736 2748 3834 2819 τὴν

2260 2842 2557 2913 βασιλείαν,
2588 2843 2681 2897 καὶ
2705 2842 3195 2912 διασκορπίσαντας
3222 2840 3454 2895 ἐνταῦθα
3487 2842 3585 2911 μὲν
3615 2840 3714 2911 τὴν
3738 2856 3833 2909 γυ-

2257 2938 2440 2998 ναῖκα,
2466 2934 2700 2989 ἐνταῦθα
2720 2935 2778 2988 δὲ
2797 2934 2888 2987 τὸν
2905 2934 3000 2988 ἕνα
3027 2935 3160 2998 υἱὸν,
3189 2928 3308 2987 εἶτα
3344 2932 3576 3003 ἀλλαχοῦ
3604 2932 3694 2986 τὸν
3713 2932 3831 2986 ἓτε-

2261 3045 2373 3102 ρον,
2414 3029 2501 3082 ἴνα
2540 3028 2674 3100 μηδὲ
2698 3029 2756 3081 ὲν
2785 3030 2850 3099 τῇ
2883 3028 3135 3098 συμφορᾷ
3166 3025 3547 3079 ἀπολαύσωσιν
3575 3025 3608 3094 ἡ
3652 3025 3832 3096 μήτηρ

588 3112 894 3168 rationabili
917 3115 1073 3185 197
1100 3131 1320 3172 coerces
1345 3117 1444 3183 ira,
1478 3118 1571 3173 sed
1597 3133 1694 3188 per
1713 3121 1874 3175 verba
1899 3122 2157 3179 reducere

2220 3139 2226 3195 ς
2257 3120 2352 3174 τοῦ
2388 3120 2525 3186 υίοῦ,
2560 3121 2594 3192 ἢ
2625 3121 2654 3173 6
2682 3120 2907 3190 ἀδελφὸς
2937 3119 3032 3173 τοῦ
3059 3118 3307 3188 ἀδελφοῦ.
3345 3117 3599 3172 Τοιοῦτόν
3638 3134 3689 3168 τι
3721 3116 3830 3169 νόει

584 3202 789 3269 quaeris
812 3204 882 3258 ab
905 3219 1111 3267 errore,
1133 3206 1184 3260 in
1208 3222 1368 3276 quem
1384 3207 1774 3264 incubuerant:
1801 3212 1883 3266 sic
1900 3211 2045 3269 Deus
2060 3229 2155 3269 eos

586 3291 684 3360 qui
713 3307 819 3347 non
843 3303 1092 3362 poterant
1116 3311 1371 3352 sermone
1393 3299 1658 3364 converti,
1678 3300 1955 3359 doloribus
1970 3311 2024 3357 et
2045 3312 2158 3358 tor-

589 3384 789 3436 mentis
816 3384 882 3437 ad
912 3384 963 3439 id
998 3388 1222 3443 retrahit
1248 3390 1391 3459 quod
1422 3388 1663 3456 fuerunt,
1691 3395 1990 3449 secundum
2017 3395 2159 3451 Scri-

589 3487 803 3544 pturam
829 3475 1098 3533 dicentem
1130 3497 1144 3534 :
1176 3479 1278 3534 Per
1299 3497 1503 3536 onmem
1534 3482 1769 3537 dolorem
1803 3494 1855 3539 et
1882 3487 2156 3557 ﬂagellum

583 3565 965 3629 eniendaberis.
1024 3566 1379 3623 Hierusalem.
1426 3570 1496 3625 Ut
1551 3571 1713 3641 igitur
1754 3585 1966 3632 crescat
1999 3576 2158 3634 dolor

586 3672 763 3726 paenae
788 3657 1152 3727 corripientis,
1176 3659 1212 3712 ii
1242 3661 1337 3730 qui
1390 3663 1762 3732 corripiuntur
1811 3667 1890 3722 ab
1922 3669 2156 3726 invicem

585 3756 929 3814 separantur.
949 3746 1084 3803 Nam
1113 3749 1518 3818 quodammodo
1539 3753 1712 3809 levius
1729 3754 1789 3809 lit
1806 3759 2155 3828 supplicium,

586 3837 633 3890 si
666 3838 846 3906 plures
872 3839 926 3893 in
958 3839 1149 3896 eodem
1188 3840 1311 3896 loco
1337 3842 1619 3897 constituti
1639 3885 1656 3913 ,
1687 3846 1893 3902 mutuis
1935 3863 1996 3905 se
2024 3864 2159 3906 con-

588 3930 832 3985 solentur
865 3931 1138 4003 alloquiis.

2263 3215 2356 3268 καὶ
2387 3214 2482 3267 ἐπὶ
2511 3214 2619 3267 τῶν
2655 3213 2872 3267 ἀδίκων.
2901 3210 3233 3282 Πικρότερόν
3270 3226 3415 3273 τινος
3439 3205 3736 3277 γεύσασθαί
3768 3222 3826 3259 σε

2261 3307 2342 3361 δεῖ
2381 3308 2471 3361 τὸν
2505 3306 2825 3379 ἁμαρτωλὸν
2864 3302 3363 3375 διοικονομούμενον
3401 3301 3505 3354 ὑπὸ
3540 3298 3633 3361 τοῦ
3671 3297 3826 3360 Θεοῦ,

2264 3399 2350 3453 ἵνα
2392 3396 2697 3460 παιδευθεὶς
2740 3395 2938 3466 σωθῇς.
2999 3394 3207 3462 Ὠσπερ
3263 3390 3321 3444 δὲ
3372 3389 3491 3459 οὐχὶ
3545 3386 3831 3458 βασανίσαι

2266 3488 2450 3553 ἁπλῶς
2476 3486 2642 3543 θέλων
2672 3484 2764 3538 τὸν
2790 3483 3148 3554 κολαζόμενον
3171 3481 3277 3535 ὑπὸ
3302 3479 3395 3534 σοῦ
3419 3477 3686 3548 οἰκέτηνῆ
3715 3476 3832 3531 υἱὸν

2263 3580 2528 3645 κολάζεις,
2557 3576 2669 3631 ἀλλ’
2704 3577 2795 3630 ῐνα
2820 3578 2931 3639 τοῖς
2959 3574 3141 3637 πόνοις
3166 3573 3326 3627 αὐτὸν
3352 3567 3684 3641 ὲπιστρέψῃς
3701 3583 3715 3597 ·
3744 3564 3826 3620 οὖν

2259 3690 2368 3737 τως
2392 3672 2485 3725 καὶ
2504 3673 2532 3725 6
2558 3669 2690 3732 Θεὸς
2709 3669 2835 3732 τοὺς
2865 3667 2940 3739 μὴ
2970 3665 3394 3738 ἐπιστρέφοντας
3415 3660 3494 3732 τῷ
3521 3661 3685 3731 λόγῳ,
3706 3658 3832 3723 τοὺς

2265 3766 2340 3838 μὴ
2385 3760 2811 3835 θεραπευθέντας
2849 3758 3148 3820 παιδεύσει,
3195 3760 3306 3820 τοῖς
3347 3755 3454 3810 ἀπὸ
3498 3752 3834 3825 μαθημάτων

2261 3858 2461 3920 πόνοις,
2495 3855 2617 3907 ἐπεὶ
2651 3850 2864 3907 παιδεία
2896 3849 3209 3922 περιϐάλλει
3242 3848 3278 3904 ἃ
3312 3846 3646 3920 περιϐάλλει,
3693 3843 3834 3899 κατὰ

2260 3946 2321 4000 τὸ
2348 3943 2666 4015 εἰρημένονο
2708 3941 2814 3995 Διά
2841 3937 3068 4005 παντὸς
3102 3938 3267 4004 πόνῳ
3304 3935 3401 3990 καὶ
3421 3933 3667 4005 μάστιγι
3706 3948 3839 3989 παι.

584 4021 875 4093 δευθήσῃ,
912 4026 1323 4100 Ἰερουσαλήμ.
1356 4030 1453 4085 ⁹Ίν’
1483 4026 1576 4085 οὖν
1599 4032 1809 4106 αὐξήσῃ
1834 4037 1863 4089 ὁ
1898 4038 2167 4097 παιδεύων
2203 4041 2393 4107 πόνος,
2440 4035 2908 4108 διασκορπίζονται
2939 4036 2988 4089 οἱ
3031 4032 3316 4095 πονοῦντες
3345 4031 3439 4085 ἀπ’
3469 4028 3733 4099 ἀλλήλων,
3758 4026 3834 4090 ὼς

590 4119 665 4192 μὴ
695 4117 832 4178 εἶναι
860 4123 976 4195 ἅμα
1000 4125 1147 4180 τόνδε
1173 4128 1268 4181 καὶ
1284 4127 1453 4183 τόνδε.
1491 4128 1703 4184 Ἐλύετο
1722 4131 1831 4203 γὰρ
1850 4131 1918 4187 ἂν
1938 4134 1999 4188 τὸ
2025 4138 2253 4211 σφοδρὸν
2291 4135 2387 4191 τοῦ
2419 4134 2580 4189 πόνου
2605 4131 2697 4187 διὰ
2721 4132 2821 4203 τῆς
2846 4127 3201 4202 παραμυθίας
3246 4125 3365 4191 ἐνὸς
3417 4125 3646 4180 ἑκάστου
3697 4121 3835 4193 πρὸς

583 4212 685 4284 τὴν
713 4213 822 4267 ἀπὸ
854 4213 949 4269 τοῦ
982 4217 1191 4289 ἐτέρου.

656 4310 711 4363 4.
740 4308 797 4364 Si
820 4320 1000 4365 autem
1037 4327 1259 4367 necesse
1294 4321 1381 4367 cst
1405 4313 1569 4368 aliam
1619 4332 1839 4387 quoque
1882 4320 2151 4377 rationem

2220 4334 2230 4376 ι
2328 4323 2394 4377 Εἰ
2419 4320 2477 4375 δὲ
2505 4312 2585 4374 δεῖ
2606 4316 2921 4391 προσθεῖναι
2951 4313 3031 4386 τῷ
3055 4313 3198 4384 λόγῳ
3216 4312 3313 4367 καὶ
3337 4310 3503 4382 ἄλλην
3530 4308 3710 4363 αἰτίαν
3737 4306 3831 4362 τοῦ

586 4400 873 4458 divisionis
899 4400 1172 4455 malorum
1205 4401 1569 4471 introducere,
1603 4407 1765 4461 etiam
1798 4409 1939 4465 hanc
1992 4412 2153 4467 exhi-

586 4492 857 4548 bebimus.
886 4489 1009 4546 Mali
1029 4505 1153 4545 cum
1178 4491 1341 4545 simul
1376 4491 1597 4559 fuerint,
1619 4510 1684 4551 ea
1708 4511 1832 4566 quae
1858 4500 1999 4554 mala
2028 4511 2159 4558 sunt

586 4582 850 4651 cogitant,
876 4593 931 4637 et
963 4581 1018 4637 in
1048 4580 1277 4652 pristina
1319 4581 1561 4649 nequitia
1596 4597 2025 4656 perseverantes,
2060 4606 2160 4646 au-

589 4681 719 4742 gent
739 4685 960 4742 peccata
1005 4675 1284 4745 peccatis;
1340 4675 1615 4744 quomodo
1674 4680 1984 4736 econtrario
2030 4683 2159 4738 boni

587 4778 718 4817 cum
745 4765 908 4819 simul
947 4766 1165 4831 fuerint,
1196 4768 1263 4822 de
1292 4766 1536 4823 honestis
1555 4769 2012 4830 sermocinamur.
2040 4773 2162 4831 Dis-

588 4855 827 4911 solvitur
850 4871 1003 4927 ergo,
1029 4865 1084 4912 et
1119 4859 1185 4912 ad
1214 4859 1444 4913 nihilum
1467 4858 1756 4915 deducitur
1782 4877 2018 4933 nequam
2066 4880 2164 4921 co-

589 4948 813 5020 gitatio,
862 4963 988 5003 cum
1040 4964 1146 5003 non
1199 4950 1450 5006 habuerit
1510 4952 1899 5009 allocutionem
1935 4956 2161 5013 alterius

590 5041 895 5113 nequioris.
931 5040 1140 5097 Idcirco
1164 5058 1262 5112 per
1288 5043 1748 5114 dispensationem
1779 5044 1875 5101 Dei
1904 5047 2161 5117 provide-

588 5145 681 5190 tur
706 5134 975 5205 pessimos
1028 5150 1059 5188 a
1106 5137 1360 5204 pessimis
1392 5138 1656 5206 separari.
1686 5137 1904 5193 Justum
1939 5152 2160 5208 quoque

587 5237 644 5283 et
670 5228 1018 5284 commodum
1048 5237 1150 5288 est.
1183 5238 1244 5284 ut
1271 5245 1302 5284 a
1326 5231 1569 5298 pristinis
1590 5231 1889 5287 sceleribus
1913 5231 2031 5302 ipsa
2068 5246 2160 5286 so-

590 5318 820 5374 litudine
857 5328 911 5374 et
951 5319 1178 5389 penuria
1231 5320 1492 5375 consortii
1531 5320 1828 5389 aliquando
1870 5321 2159 5378 desistant.

592 5407 717 5467 llaec
748 5412 814 5466 de
844 5426 910 5467 eo
939 5411 1086 5482 quod
1111 5411 1313 5466 dictum
1346 5421 1429 5469 est
1460 5414 1542 5466 °’:
1596 5412 1661 5468 Et
1695 5411 1993 5483 dispergam
2018 5411 2161 5480 illos,

592 5503 761 5556 virent
779 5513 827 5557 et
856 5504 1076 5573 fratrem
1106 5502 1241 5572 ejus,
1264 5513 1315 5558 et
1338 5515 1512 5572 patres
1529 5520 1728 5571 eorum,
1747 5515 1796 5559 et
1825 5504 1967 5575 ﬁlios
1982 5521 2161 5559 coruus

2251 4408 2751 4485 διασκορπίζεσθαι,
2768 4407 2861 4459 xal
2892 4405 3049 4459 τοῦτο
3073 4404 3478 4477 παραθήσομαι.
3501 4401 3680 4455 Κακοὶ
3702 4417 3836 4467 συν-

2255 4503 2409 4565 όντες
2476 4498 2726 4571 ἀλλήλοις
2769 4496 2839 4550 τὰ
2891 4494 3039 4550 κακὰ
3091 4494 3351 4549 σκοποῦσι
3399 4493 3493 4548 καὶ
3550 4490 3833 4557 αὔξουσιν·

2255 4595 2445 4666 ὥσπερ
2463 4593 2515 4647 oi.
2543 4591 2737 4661 ἀγαθοὶ
2767 4589 3017 4652 συνόντες
3052 4589 3273 4659 ἀγαθοῖς
3306 4590 3435 4661 περὶ
3458 4588 3678 4659 ἀγαθῶν
3710 4585 3837 4640 σκέ-

2256 4700 2502 4748 πτονται,
2544 4681 2639 4735 καὶ
2677 4678 3089 4748 καταλέγονται.
3141 4679 3252 4732 Kal
3284 4679 3572 4750 διαιρεῖται
3619 4679 3653 4748 ή
3691 4675 3836 4746 κακὴ

2241 4774 2423 4847 βουλὴ
2456 4773 2723 4844 ἰσχύσασα
2753 4770 2856 4825 κᾶν
2890 4769 3027 4841 μετὰ
3057 4772 3281 4842 ὁμοίων,
3312 4772 3401 4824 ὅτε
3428 4767 3841 4841 διασκορπίζον-

2216 4908 2221 4912 .
2256 4884 2349 4921 ται
2374 4864 2617 4937 ἀλλήλων
2637 4863 2687 4915 οἱ
2711 4860 2994 4933 μοχθηροί.
3020 4861 3120 4915 Διὰ
3142 4861 3303 4916 τοῦτο
3326 4861 3600 4929 οἰκονομεῖ
3629 4861 3658 4912 6
3681 4857 3837 4920 Θεὸς,

2262 4957 2336 5029 μὴ
2368 4950 2508 5011 εἶναι
2546 4955 2663 5026 μετ’
2695 4951 2939 5024 ἀλλήλων
2975 4952 3104 5015 τοὺς
3140 4950 3408 5020 φαύλους·
3440 4950 3582 5020 τάχα
3613 4948 3709 5015 καὶ
3734 4948 3840 5001 αὐ·-

2256 5047 2366 5101 τῶν
2394 5045 2658 5118 προνοῶν,
2686 5044 2774 5098 ἵνα
2802 5044 2877 5116 μὴ
2903 5044 3208 5114 συναυξήσῃ
3231 5041 3411 5096 αὐτῶν
3428 5044 3465 5112 ἡ
3488 5040 3677 5103 κακία,
3700 5038 3840 5095 ἀλλὰ
3911 5045 3915 5048 ’

2266 5136 2470 5209 μειωθῇ
2515 5134 2893 5206 διαλελυμένη.
2935 5133 3121 5188 Ταῦτα
3153 5132 3242 5186 διὰ
3281 5133 3374 5186 τό⁶
3421 5129 3692 5199 Σκορπιῶ
3728 5132 3839 5185 αὐ-

2218 5272 2219 5277 η
2264 5229 2426 5296 τοὺς,
2458 5228 2647 5296 ἄνδρα
2674 5227 2772 5281 καί
2799 5226 2907 5282 τὸν
2920 5225 3189 5295 ἀδελφὸν
3213 5223 3419 5289 αὑτοῦ,
3447 5223 3545 5279 καὶ
3563 5223 3704 5291 τοὺς
3730 5241 3843 5278 πα-

2266 5321 2438 5389 τέρας
2464 5317 2811 5395 αῠτῶν,ἢκαί
2837 5318 2980 5384 τοὺς
3007 5317 3176 5383 υἱοὺς
3206 5315 3404 5371 αὐτῶν
3437 5315 3538 5371 ἐπὶ
3576 5316 3643 5371 τὸ
3668 5315 3839 5381 αὐτὸ,

2268 5412 2684 5482 λέγειΚῴιος·
2727 5411 2839 5463 οὐκ
2874 5406 3242 5474 ἐπιποθήσω,
3293 5407 3392 5460 καὶ
3429 5409 3501 5462 οὐ
3538 5407 3839 5477 φείσομαι,

2268 5505 2367 5557 καὶ
2396 5504 2508 5557 οὐκ
2536 5498 2884 5570 οἰκτειρήσω
2908 5495 3026 5554 ἀπὸ
3055 5495 3379 5568 διαφθορᾶς
3410 5496 3627 5553 αὐτῶν.
3686 5567 3701 5577 ⁸
3830 5506 3833 5507 ⁷

594 5593 649 5646 in
679 5595 924 5659 idipsum,
962 5599 1091 5652 dicit
1127 5597 1379 5653 Dominus
1409 5614 1428 5652 :
1451 5596 1573 5652 Non
1627 5601 1918 5670 requiram,
1959 5610 2007 5654 et
2052 5617 2152 5653 non
2192 5615 2428 5668 parcam,
2459 5608 2637 5652 etnon
2667 5598 2948 5651 miserebor
2977 5594 3042 5649 ab
3080 5596 3296 5649 interim
3325 5610 3526 5650 eorum.

631 5756 675 5786 "
714 5755 847 5810 Gen.
882 5771 954 5820 χι,
993 5759 1043 5810 ιι.
1120 5761 1161 5790 θ’
1206 5758 1331 5811 ibid.
1378 5759 1427 5819 7.
1455 5761 1508 5813 9.
1588 5761 1853 5817 "Jcrem.
1893 5779 2009 5826 χιιι,
2040 5749 2127 5815 li.
