4296 6288
437 267 542 329 535

1623 275 1688 332 ΙΝ
1722 277 2062 333 JEllEMIAH
2104 278 2385 334 llOMlLIA
2422 282 2535 337 ΧΗ.

3576 301 3684 355 586

509 390 637 454 Τοῖς
656 388 912 455 τοιούτοις
936 393 1121 462 ῥητοῖς
1145 392 1509 449 ἐπιϐαίνουσιν
1533 398 1581 448 οἰ
1606 396 1713 450 ἀπὸ
1735 397 1843 449 τῶν
1866 397 2013 468 αἰρὲ-
2042 408 2087 461 Α
2185 398 2205 452 ἒ

1975 397 2013 449 Ξ-
2042 408 2087 461 Α
2185 398 2238 452 5.
2265 398 2362 454 llis
2386 409 2439 455 et
2472 400 2781 457 istiusmodi
2815 408 3160 485 sermonibus
3191 411 3430 468 haeretici
3493 429 3671 470 assur-

442 500 582 540 σεων
619 485 694 556 (1)
725 484 999 553 λέγοντεςο
1038 487 1200 558 Ὁρᾷς
1224 489 1313 541 τὸν
1355 490 1695 560 Δημιουργὸν
1726 484 1836 554 οἶός
1871 492 2009 556 ἐστι,

443 578 538 633 καὶ
562 579 649 632 τὸν
668 576 772 631 τῶν
792 578 1090 651 προφητῶν
1118 579 1270 643 Θεὸν,
1295 582 1353 645 ὃς
1376 597 1540 652 φησιν
1561 600 1574 614 -
1603 585 1684 637 Οὐ
1707 584 2007 653 φείσομαι,

440 670 538 725 καὶ
565 672 672 723 οὐκ
701 666 1057 739 οἰκτειρήσω
1099 670 1217 725 ἀπὸ
1264 671 1585 741 διαφθορᾶς
1615 673 1842 738 αὐτῶν;
1885 675 2008 740 Πῶς

436 760 652 814 δύναται
705 755 863 827 οὗτος
922 759 1060 815 εἶναι
1094 762 1326 831 ἀγαθός;
1375 764 1500 817 Ἐὰν
1541 765 1598 818 δὲ
1646 765 1794 819 λάϐω
1828 767 2006 838 παράο

433 851 626 922 δειγμα
661 852 741 924 (2)
764 854 857 908 τὸν
898 856 992 908 ἐπὶ
1019 854 1170 925 καλῷ
1200 853 1278 926 τῷ
1305 855 1469 926 κοινῷ
1496 857 1595 909 οὐκ
1635 859 2008 929 οἰκτειροῦντα

431 942 645 1017 κριτὴν,
688 942 987 1015 δυνήσομαι
1017 945 1125 999 ἀπὸ
1170 946 1266 1000 τοῦ
1308 947 1752 1019 παραδείγματος
1798 951 2003 1011 πεῖσαι,

426 1032 528 1098 ὅτι,
559 1033 772 1089 πολλῶν
798 1035 1130 1107 φειδόμενος,
1169 1037 1229 1090 οὐ
1255 1036 1492 1105 φείδεται
1527 1037 1646 1102 ἐνὸς
1674 1039 1702 1090 ό
1730 1037 1887 1101 Θεός·
1919 1036 2007 1110 λή-

423 1121 601 1194 ψομαι
635 1125 695 1178 δὲ
730 1125 1077 1197 παράδειγμα
1107 1126 1201 1180 καὶ
1238 1126 1476 1200 ἰατρικὸν
1506 1127 1605 1198 ('5),
1643 1127 1857 1191 δεικνὺς
1900 1130 2000 1191 ὅτι,

428 1214 746 1286 φειδόμενος
787 1216 880 1270 τοῦ
909 1217 1031 1270 ὅλου
1083 1216 1355 1289 σώματος,
1406 1219 1467 1272 οὗ
1519 1218 1759 1288 φείδεται
1807 1221 2004 1291 μέλους

426 1307 570 1372 ἑνός.
595 1302 718 1362 Οἷον
736 1325 750 1339 ο
779 1310 958 1363 Ἔστω
978 1310 1205 1383 δικαστῇ
1246 1311 1310 1366 τὸ
1327 1313 1682 1385 προκείμενον
1695 1313 1877 1380 τοῦτο,
1898 1317 2002 1387 τὴν

428 1399 653 1477 εἰρήνην
678 1400 1095 1473 δημιουργῆσαι,
1120 1403 1221 1457 καὶ
1242 1405 1650 1458 κατασκευάσαι
1678 1405 1752 1477 τῷ
1783 1405 1874 1459 ὑπ’
1904 1406 2000 1460 αύ-

428 1493 522 1546 τὸν
540 1471 682 1547 ἔθνει
706 1495 772 1549 τὰ
794 1471 1158 1567 συμφέροντα.
1177 1497 1631 1569 Προσεληλυθέτω
1654 1500 1711 1553 δέ
1721 1471 1803 1566 τις
1826 1519 1996 1575 προσ-

424 1587 691 1656 αγόμενος
737 1589 950 1657 φονεὺς,
977 1588 1178 1660 ὡραῖος
1203 1588 1301 1660 τὴν
1362 1590 1504 1661 ὄψιν,
1534 1591 1633 1645 καὶ
1699 1592 1861 1657 καλὸς
1894 1595 1999 1649 ἰδέ-

429 1676 568 1730 σθαι.
600 1679 801 1750 Μήτηρ
816 1679 1258 1752 προσεληλυθέτω
1297 1682 1563 1749 ἐλεεινοὺς
1606 1686 1992 1759 προσφέρουσα

421 1767 612 1838 λόγους
643 1769 721 1841 τῷ
758 1771 1019 1842 δικαστῇ,
1054 1772 1139 1826 ινα
1167 1773 1362 1845 tmen
1400 1775 1574 1845 αὐτῆς
1613 1776 1675 1829 τὸ
1716 1777 1925 1849 γῆρας’
1957 1781 1991 1851 ἡ

422 1859 558 1932 γυνὴ
579 1860 768 1914 τούτου
794 1861 887 1915 τοῦ
912 1861 1127 1927 ἀναξίου
1150 1864 1438 1937 ἐλεηθῆναι
1461 1866 1845 1938 παρακαλείτω
1865 1870 1991 1940 περὶ

418 1950 586 2006 αὐτοῦ
604 1968 618 1984 ·
652 1953 817 2008 τέκνα
843 1955 1241 2027 περιεστηκότα
1275 1956 1496 2011 δεέσθω.
1547 1959 1672 2012 Ἐπὶ
1700 1960 1910 2027 τούτοις
1938 1961 1992 2015 τί

419 2043 692 2114 συμφέρει
727 2043 806 2114 τῷ
842 2045 1034 2115 κοινῷς
1076 2040 1227 2117 τΑρει
1267 2046 1554 2119 ἐλεηθῆναι
1597 2049 1806 2114 τοῦτον,
1835 2051 1876 2123 ἢ
1915 2052 1990 2123 μὴ

415 2131 738 2203 ἐλεηθῆναι;
781 2133 941 2187 Ἀλλὰ
967 2135 1207 2205 ἐλεηθεὶς
1238 2137 1335 2206 μὲν
1381 2137 1473 2190 ἐπὶ
1506 2137 1575 2191 τὰ
1613 2140 1754 2195 αύτὰ
1791 2143 1990 2195 ἐπανεο

414 2222 670 2278 λεύσεται
689 2241 703 2255 ·
744 2224 817 2295 μὴ
843 2225 1083 2296 ἐλεγχθεὶς
1113 2227 1170 2280 δὲ
1202 2228 1364 2293 αὐτὸς
1393 2230 1490 2301 μὲν
1529 2231 1902 2300 ἀποθανεῖται,
1927 2235 1989 2288 τὸ

412 2313 474 2368 δὲ
502 2314 680 2369 κοινὸν
719 2314 1152 2388 βελτιωθήσεται.
1185 2317 1370 2383 οὕτως
1390 2322 1426 2373 ό
1447 2320 1578 2385 Θεὸς
1612 2322 1707 2376 ἐὰν
1730 2324 1987 2395 -φείσηται

411 2405 509 2460 τοῦ
548 2405 1040 2479 ἁμαρτωλοῦρκαὶ
1068 2409 1266 2481 ἐλεήσῃ
1312 2411 1495 2476 αὐτὸν,
1535 2413 1628 2466 καὶ
1668 2415 1984 2488 οἰκτειρήσῃ

410 2497 489 2562 ὡς
520 2498 595 2570 μὴ
627 2498 850 2553 κολάσαι
874 2500 1033 2553 αὐτόν
1056 2517 1069 2532 υ
1101 2500 1186 2565 τίς
1208 2498 1306 2556 οὖν
1335 2502 1410 2573 (ι)
1446 2504 1854 2577 ἐπιτριϐήσεται
1875 2509 1983 2562 τῶν

412 2587 652 2658 φαύλων,
674 2589 776 2642 καὶ
805 2588 896 2642 διὰ
923 2589 1051 2652 τοὺς
1080 2588 1274 2659 φόϐους
1295 2590 1403 2661 τῶν
1428 2589 1796 2662 κολαστηρίων
1823 2593 1984 2647 παυό-

414 2696 573 2751 μενος
599 2678 707 2732 τῶν
740 2680 1149 2753 ἁμαρτημάτων
1183 2681 1282 2735 ούκ
1319 2684 1745 2755 ἐπιτριϐήσεται,
1779 2685 1840 2737 ού
1870 2684 1983 2755 χεί-

415 2785 521 2840 ρων
554 2769 736 2833 terat;
761 2770 995 2825 Τοιαῦτα
1014 2773 1107 2826 καὶ
1135 2774 1192 2826 ἐν
1222 2777 1341 2836 ταῖς
1357 2773 1700 2846 Ἐκκλησίαις
1723 2775 1980 2847 γινόμενα

409 2862 555 2916 ἐστιν
591 2862 748 2915 ἰδεῖν·
782 2865 1033 2935 Ἦμαρτέ
1056 2882 1158 2929 τις,
1190 2865 1381 2937 ἐδεήθη
1414 2866 1549 2937 μετὰ
1576 2866 1673 2939 τὴν
1705 2869 1978 2940 ἁμαρτίαν

409 2957 537 3028 περὶ
575 2957 873 3020 κοινωνίας.
915 2957 1038 3012 Ἐὰν
1080 2958 1265 3029 τάχιον
1293 2958 1509 3031 ἐλεηθῇ,
1548 2961 1886 3031 ἐπιτρίόεται
1917 2962 1979 3015 τὸ

2108 498 2249 557 gunt
2279 489 2522 545 dicentes
2551 510 2563 545 :
2596 492 2828 548 Videsne
2858 497 3038 567 qualis
3081 501 3151 554 sit
3198 516 3353 557 error
3380 506 3678 576 propheta-

2112 594 2266 647 rum,
2298 592 2352 634 et
2383 581 2515 651 legis
2539 580 2681 638 Deus
2727 585 2857 654 quid
2891 588 3148 658 loquatur
3175 591 3199 644 ?
3239 591 3355 647 Non
3384 611 3600 664 parcam
3628 608 3679 652 et

2110 682 2212 721 non
2234 668 2517 722 miserebor
2545 672 2608 724 ab
2657 673 2876 727 interim
2923 691 3125 731 eorum.
3166 676 3448 744 Quomodo
3502 694 3679 752 potest

2111 756 2211 812 iste
2244 759 2422 814 bonus
2450 776 2569 816 esse
2593 762 2616 814 ?
2647 762 2921 833 Accipiam
2948 782 3082 837 ergo
3111 772 3419 841 exemplum
3474 773 3676 843 judicis

2108 847 2232 901 boni
2266 864 2363 919 pro
2394 851 2623 907 utilitate
2665 856 2942 910 communi
2971 858 3299 927 quibusdam
3349 878 3456 917 non
3510 867 3674 935 misc-

2108 941 2301 1005 rentis,
2344 952 2402 996 ut
2433 938 2737 1014 perspicere
2794 948 3110 1017 possimus,
3165 955 3439 1021 quomodo
3492 957 3678 1011 multis

2105 1045 2355 1100 parcens,
2392 1034 2483 1087 uni
2519 1051 2625 1090 non
2658 1046 2843 1107 parcat
2869 1037 3052 1094 Deus:
3088 1043 3351 1112 accipiam
3376 1057 3429 1100 et
3458 1048 3674 1115 medici,

2105 1125 2398 1179 ostendens
2423 1142 2545 1181 cum
2584 1129 2675 1182 uni
2711 1132 2954 1185 membro
2982 1149 3086 1187 non
3114 1152 3360 1204 parcere,
3397 1147 3457 1192 ut
3504 1156 3680 1195 mem-

2106 1214 2222 1270 bris
2255 1218 2511 1273 omnibus
2561 1234 2769 1289 parcat.
2807 1222 2963 1280 Verbi
2998 1244 3218 1299 quoque
3250 1233 3422 1301 gratia
3463 1233 3670 1288 dictum

2103 1308 2174 1363 sit
2204 1327 2217 1362 :
2251 1308 2458 1365 Habeat
2476 1313 2641 1381 judcx
2674 1318 3033 1385 propositum,
3068 1322 3303 1389 quietem
3344 1324 3571 1387 civitati,
3618 1335 3675 1383 et

2099 1411 2284 1465 pacem
2325 1401 2490 1467 genti,
2515 1402 2603 1456 cui
2647 1405 2917 1473 praesidet,
2944 1408 3251 1476 providere.
3299 1410 3505 1471 lluiC.8i
3534 1415 3669 1471 οσο-

2098 1497 2252 1542 ratur
2294 1491 2434 1545 latro
2454 1492 2684 1549 honesta
2710 1495 2907 1561 forma,
2941 1507 3098 1553 aztate
3122 1501 3259 1555 satis
3294 1502 3504 1574 integer
3533 1545 3548 1567 ,
3601 1521 3669 1562 ex

2098 1579 2205 1634 alio
2246 1581 2412 1636 latere
2465 1595 2639 1639 mater
2697 1589 2956 1656 expansis
2987 1590 3231 1646 crinibus
3261 1592 3581 1662 deprecetur
3612 1604 3671 1653 ut

2098 1674 2394 1729 senectutis
2420 1691 2531 1730 sua:
2560 1677 2884 1734 misereatur
2918 1698 2933 1749 ;
2964 1691 3017 1736 et
3046 1698 3111 1737 cx
3144 1684 3252 1738 alio
3291 1701 3429 1740 uxor
3479 1703 3548 1742 ne
3579 1687 3667 1741 vi-

2028 1739 2069 1796 “
2099 1775 2219 1814 rum
2259 1778 2417 1817 suum
2443 1766 2771 1833 interﬁciat,
2802 1739 3135 1842 lacr'ymabili
3191 1791 3320 1829 voce
3380 1778 3621 1846 deploret
3647 1794 3662 1807 ο

2098 1851 2448 1910 circumstent
2480 1865 2533 1907 ct
2564 1860 2772 1926 parvuli
2804 1861 2956 1915 liberi
2981 1865 3090 1919 cito
3112 1866 3232 1919 orbi
3267 1865 3436 1921 futuri
3463 1882 3477 1922 :
3534 1870 3664 1938 quid

2097 1941 2257 1998 faciet
2281 1946 2445 2012 judex
2470 1946 2492 1999 ’ἰ
2521 1948 2865 2003 miserebitur
2891 1953 3141 2020 latronis,
3167 1959 3390 2011 annon?
3423 1961 3553 2025 quid
3606 1961 3661 2014 in

2095 2047 2384 2090 commune
2410 2039 2626 2106 expedit
2652 2040 2857 2094 civitati
2885 2042 2909 2095 ?
2937 2043 2992 2099 Si
3030 2045 3287 2100 misertus
3315 2045 3477 2101 fuerit
3500 2087 3515 2113 ,
3573 2065 3661 2102 rc-

2092 2132 2334 2178 vertetur
2369 2127 2638 2181 homicida
2665 2131 2730 2182 ad
2762 2131 3051 2198 pristinum
3080 2135 3258 2190 scelus
3288 2154 3300 2189 :
3332 2138 3414 2191 sin
3452 2154 3577 2191 vero
3605 2137 3662 2194 in

2087 2215 2376 2284 judiciaria
2406 2222 2694 2277 severitate
2722 2226 3103 2292 permanserit,
3130 2242 3273 2284 unus
3304 2229 3466 2286 homo
3519 2232 3660 2287 inte-

2092 2306 2239 2370 ribit,
2272 2318 2327 2362 et
2366 2311 2620 2366 UHin‘I‘SO
2651 2317 2850 2382 populo
2888 2316 3279 2384 providebitur.
3319 2319 3409 2375 Sic
3440 2321 3583 2379 Deus
3612 2324 3659 2381 si

2088 2401 2389 2468 pepercerit
2417 2401 2577 2473 198
2601 2407 2871 2473 peccatori
2902 2446 2916 2471 ,
2972 2416 3027 2462 et
3060 2410 3327 2467 miserans
3384 2413 3503 2482 ejus
3559 2430 3660 2471 no-

2046 2504 2049 2511 '
2087 2490 2249 2547 luerit
2270 2508 2392 2549 eum
2423 2497 2616 2564 punire
2660 2513 2760 2567 pro
2784 2502 3011 2566 scelere,
3045 2503 3179 2572 quis
3200 2519 3305 2558 non
3338 2507 3568 2574 accipiat
3595 2508 3663 2560 li-

2084 2585 2317 2638 centiam
2341 2586 2364 2638 ?
2392 2585 2527 2651 Quis
2564 2590 2831 2644 malorum
2859 2632 2873 2656 ,
2921 2594 3014 2662 qui
3047 2610 3193 2649 nunc
3220 2595 3410 2651 saltem
3439 2608 3660 2667 pr0pter

2083 2676 2348 2744 supplicia
2382 2686 2677 2746 terrentur,
2708 2697 2816 2735 non
2844 2682 3059 2739 invadet
3092 2695 3327 2755 tempus,
3360 2699 3417 2743 ut
3441 2690 3660 2759 expleat

2080 2783 2421 2840 quaecunque
2471 2773 2732 2838 voluerit,
2763 2782 3076 2846 etpraeceps
3119 2776 3327 2834 feratur
3381 2782 3435 2834 in
3488 2782 3658 2838 vitia?

2081 2855 2206 2912 Haec
2230 2867 2410 2914 autem
2443 2861 2497 2915 in
2532 2863 2770 2919 Ecclesia
2798 2880 2940 2934 saepe
2993 2868 3295 2924 accidentia
3352 2886 3651 2940 possumus

2080 2951 2447 3006 considerare.
2477 2952 2729 3010 Peccavit
2755 2957 3064 3027 quispiam,
3111 2969 3318 3031 etpost
3366 2976 3649 3033 peccatum

408 3048 605 3113 κοινὸν,
637 3047 856 3113 αὔξεται
882 3050 921 3121 ἡ
950 3051 1193 3121 ἁμαρτία
1223 3051 1444 3123 ἑτέρων.
1492 3050 1616 3105 Ἐὰν
1647 3052 1704 3106 δὲ
1734 3051 1978 3124 λογισμῷ
2005 3067 2046 3123 c
2080 3056 2104 3112 ῐ

1956 3053 1978 3123 ς,
2005 3067 2046 3123 c
2080 3044 2317 3112 postulet
2365 3060 2538 3100 comm
2552 3048 2830 3103 unionem.
2867 3047 2924 3104 Si
2955 3051 3004 3105 ei
3037 3055 3353 3108 conceditur
3374 3059 3517 3126 quod
3566 3075 3652 3110 m-

406 3140 504 3210 ούχ
554 3139 630 3204 ὼς
653 3140 985 3212 ἀνελεήμων,
1019 3142 1127 3195 οὐδ’
1160 3142 1235 3206 ὡς
1262 3142 1411 3213 ὠμὸς
1442 3142 1728 3216 δικαστὴς,
1750 3144 1866 3198 ἀλλ’
1901 3145 1977 3208 ὡς
2079 3148 2102 3202 ἓ

1953 3162 1977 3208 ς
2079 3141 2192 3202 gat,
2215 3133 2277 3187 in
2312 3134 2717 3191 incommodum
2755 3141 2911 3195 venia
2939 3143 3204 3211 procedit,
3236 3153 3290 3200 et
3312 3146 3509 3201 laxatis
3541 3148 3649 3202 fre-

407 3230 798 3301 προνοούμενος
831 3233 925 3287 καί¹
962 3231 1057 3285 τοῦ
1088 3234 1227 3299 ἑανὸς,
1274 3234 1456 3288 πλεῖον
1479 3235 1546 3288 -δὲ
1585 3237 1977 3308 προνοούμενος
2076 3238 2103 3276 ³¹

1954 3254 1977 3301 ς
2076 3223 2184 3287 uis,
2214 3224 2512 3279 sceleribus
2539 3228 2798 3295 panditur
2820 3231 2928 3284 via.
2967 3230 3063 3287 Sin
3092 3249 3220 3289 vero
3247 3250 3372 3290 cum
3407 3238 3650 3293 rationa-

405 3321 511 3375 τῶν
553 3322 760 3375 πολλῶν
796 3323 949 3395 παρὰ
986 3324 1078 3377 τὸν
1121 3324 1236 3389 ἕνα,
1276 3327 1526 3397 σκοπήσῃ
1570 3328 1668 3400 τὴν
1710 3329 1976 3400 ἐσομένην
2076 3313 2101 3369 ll

1948 3348 1976 3382 ν
2076 3313 2169 3369 bili
2203 3316 2597 3373 deliberatione
2626 3358 2642 3384 ,
2675 3334 2784 3374 non
2816 3330 2877 3373 ut
2911 3322 3260 3389 misericors,
3283 3341 3390 3407 nec
3426 3343 3644 3385 rursum

405 3414 606 3486 ζημίαν
636 3415 715 3487 τῷ
742 3416 906 3488 κοινῷ
935 3418 999 3470 ἐκ
1029 3417 1129 3488 τῆς
1158 3418 1440 3483 κοινωνίας
1467 3419 1559 3473 τοῦ
1600 3421 1717 3485 ἐνὸς
1744 3423 1837 3475 καὶ
1874 3423 1975 3493 τῆς
2077 3421 2101 3461 υ

1953 3439 1975 3485 ς
2077 3415 2135 3461 ιιι
2158 3408 2391 3463 crudelis
2421 3408 2586 3479 judcx
2616 3450 2631 3475 ,
2687 3413 2781 3469 sed
2814 3421 2868 3467 et
2909 3415 3066 3483 quasi
3099 3416 3190 3471 uni
3226 3420 3519 3485 providens
3540 3458 3559 3484 ,
3594 3431 3649 3476 et

404 3510 803 3581 συγχωρήσεως
847 3510 941 3564 τοῦ
986 3511 1379 3583 ἁμαρτήματος
1425 3511 1590 3566 αὐτοῦ
1610 3530 1624 3543 ·
1670 3513 1846 3584 δῆλον,
1888 3515 1972 3567 ὅτι

404 3601 618 3672 ποιήσει
626 3601 883 3655 ’ὲκόαλεῖν
908 3601 998 3655 τὸν
1023 3603 1139 3669 ἕνα,
1159 3603 1250 3656 ἵνα
1272 3601 1420 3674 σώζῃ
1446 3584 1573 3667 τούς
1595 3604 1837 3669 πολλούς.
1866 3605 1971 3657 Ἴδε

403 3706 494 3761 μοι
521 3691 616 3745 καὶ
643 3690 844 3762 ἰατρόν.
888 3691 1018 3745 Ἐὰν
1060 3692 1376 3763 φεισόμενος
1484 3692 1578 3746 τοῦ
1621 3692 1837 3763 τέμνειν
1880 3694 1969 3746 ὅτε

400 3780 507 3854 χρὴ
548 3781 787 3853 τέμνειν,
833 3781 929 3836 ἐὰν
976 3782 1289 3853 φεισόμενος
1328 3781 1423 3836 τοῦ
1461 3782 1843 3854 καυτηριάζειν
1882 3781 1971 3836 διὰ

399 3872 526 3934 τοὺς
551 3872 746 3936 πόνους
764 3875 889 3936 τοὺς
912 3872 1402 3939 ἐπακολουθοῦντας
1430 3879 1542 3939 τοῖς
1566 3873 1823 3938 τοιούτοις
1850 3875 1971 3946 βοη-

400 3962 626 4035 θήμασι,
659 3965 779 4018 τινὰ
806 3965 1004 4036 τρόπον
1028 3966 1062 4035 ή
1087 3964 1240 4028 νόσος
1267 3963 1508 4029 αὔξεται,
1538 3967 1632 4020 καὶ
1655 3966 1850 4037 χείρων
1878 3966 1967 4035 γί-

399 4073 566 4110 νεται.
610 4056 734 4111 Ἐὰν
766 4057 823 4111 δὲ
851 4056 1246 4130 τολμηρότερον
1270 4051 1392 4110 οἷον
1428 4056 1698 4129 προσέλθῃ
1727 4061 1794 4128 τῇ
1826 4060 1964 4129 τομῇ

399 4148 495 4201 καὶ
526 4151 593 4221 τῇ
620 4150 839 4215 καύσει,
874 4149 1198 4222 θεραπεύσει
1235 4146 1323 4202 διὰ
1356 4147 1451 4202 τοῦ
1486 4147 1568 4220 μὴ
1605 4147 1850 4217 ἐλεῆσαι,
1878 4147 1966 4202 διὰ

397 4241 491 4296 τοῦ
512 4243 690 4297 δοκεῖν
721 4241 794 4313 μὴ
825 4241 1130 4314 οἰκτείρειν,
1172 4241 1377 4295 ἐκεῖνον
1405 4237 1495 4293 τὸν
1528 4237 1968 4310 πκαυτηριαζόμε-

397 4351 505 4403 νον,
530 4337 626 4392 καὶ
669 4334 1129 4407 τὸντεμνόμενον.
1165 4333 1351 4397 Οὕτως
1375 4335 1534 4387 καὶνό
1563 4332 1700 4396 Θεὸς
1744 4332 1841 4402 οὐχ
1871 4332 1966 4385 ἕνα

2073 3497 2140 3553 de
2168 3499 2413 3554 omnium
2445 3502 2619 3557 salute
2642 3513 2982 3573 pertractans
3014 3508 3443 3564 consideraverit
3462 3515 3646 3580 pepuli

2072 3588 2333 3644 damnum
2368 3590 2422 3645 in
2451 3592 2617 3650 unius
2650 3596 2827 3659 venia,
2856 3595 3000 3650 haud
3033 3597 3259 3652 dubium
3283 3606 3367 3653 est
3397 3600 3530 3667 quin
3564 3600 3645 3654 fa-

2072 3681 2181 3736 ciat
2210 3682 2335 3753 ejici
2373 3699 2538 3738 unum
2566 3685 2633 3740 de
2664 3684 2929 3752 Ecclesia,
2965 3698 3025 3744 ut
3047 3689 3456 3744 multossalvct
3486 3691 3639 3746 inco-

2070 3775 2267 3831 lumes.
2303 3773 2419 3847 Age
2448 3791 2596 3832 nunc
2624 3778 2912 3833 considera
2965 3781 3097 3835 mihi
3147 3789 3202 3835 et
3260 3782 3528 3839 medicum
3592 3784 3641 3838 si

2069 3868 2366 3923 cessaverit
2398 3883 2431 3922 a
2453 3870 2695 3925 sectione
2721 3871 2840 3940 ejus
2873 3871 3136 3934 vulneris,
3166 3871 3311 3941 quod
3342 3875 3636 3929 secandum

2067 3969 2172 4027 est,
2198 3959 2244 4015 si
2269 3974 2378 4013 non
2399 3962 2604 4015 usserit
2631 3964 2774 4030 quod
2816 3961 3018 4030 indiget
3058 3963 3302 4018 cauterio
3325 4004 3340 4029 ,
3394 3965 3647 4022 videlicet

2068 4055 2290 4117 propter
2321 4047 2534 4103 dolores
2564 4049 2658 4118 qui
2691 4065 2758 4103 ex
2788 4049 2987 4105 talibus
3016 4052 3271 4107 remediis
3291 4069 3639 4125 consequunc

2068 4145 2178 4205 tur,
2213 4138 2489 4206 quomodo
2516 4138 3050 4207 crescatinllrntitas,
3068 4154 3121 4196 et
3146 4143 3200 4198 in
3224 4145 3462 4199 deterius
3482 4157 3643 4203 vetus

2068 4229 2269 4288 humor
2297 4228 2573 4285 exuberet.
2601 4228 2659 4283 Si
2690 4244 2837 4297 vero,
2868 4239 2928 4288 ut
2950 4233 3023 4287 ita
3059 4233 3235 4289 dicam
3263 4274 3280 4299 ,
3317 4238 3637 4292 temerarius

2067 4321 2134 4374 ad
2155 4321 2323 4376 .ulcus
2345 4328 2534 4376 .sector
2577 4324 2910 4390 accesserit,
2967 4334 3021 4380 et
3070 4326 3333 4395 inusserit
3377 4328 3635 4396 plagam,

398 4428 676 4504 ἄνθρωπον
706 4431 998 4500 οἰκονομεῖ,
1027 4427 1140 4481 ἀλλ’
1165 4426 1285 4479 ὅλον
1315 4424 1406 4478 τὸν
1437 4423 1643 4495 κόσμον
1669 4424 1961 4493 οἰκονομεῖ,
1994 4407 2039 4461 ἶ)
2068 4426 2094 4473 ε

1925 4424 1961 4485 ῖ,
1994 4407 2039 4461 ἶ)
2068 4424 2224 4473 ειη-ιιι
2254 4428 2379 4467 eum
2411 4413 2505 4484 qui
2539 4423 2758 4469 secatur
2798 4424 2852 4471 et
2881 4417 3091 4484 uritur,
3129 4419 3257 4489 quia
3292 4419 3512 4489 paulum
3545 4436 3621 4475 se-

397 4517 541 4575 τὰτέν
563 4519 642 4591 τῷ
662 4519 896 4592 οὐρανῷ,
925 4517 995 4572 τὰ
1020 4519 1079 4572 ἐν
1098 4520 1162 4589 τῇ
1195 4519 1266 4588 γῇ
1294 4513 1566 4587 πανταχοῦ
1580 4514 1800 4569 διοικεῖ.
1833 4514 1964 4567 Euo-

402 4616 490 4667 πεῖ
524 4609 618 4668 οὖν
659 4612 712 4667 τί
736 4611 999 4683 συμφέρει
1038 4609 1144 4680 ὅλῳ
1185 4608 1262 4679 τῷ
1301 4608 1512 4678 κόσμῳ,
1544 4606 1639 4660 καὶ
1672 4607 1808 4660 πᾶσι
1845 4608 1960 4669 τοῖς

401 4698 514 4757 οὖσι
537 4701 687 4758 ’κατὰ
718 4701 780 4755 τὸ
827 4699 1071 4755 δυνατόν.
1112 4700 1315 4752 Σκοπεῖ
1349 4698 1447 4751 καὶ
1468 4697 1535 4751 τὸ
1567 4696 1842 4767 συμφέρον
1879 4696 1959 4766 τῷ

397 4795 496 4861 ἐνὶ,
523 4797 583 4849 ού
610 4795 804 4867 μέντοι
843 4794 932 4848 ἵνα
957 4791 1181 4861 γένηται
1209 4788 1475 4860 ἐπιξημία
1516 4786 1612 4842 τοῦ
1646 4787 1853 4858 κόσμου
1897 4788 1960 4840 τὸ

394 4886 481 4941 τοῦ
512 4888 628 4951 ἐνὸς
657 4886 953 4957 συμφέρον.
982 4884 1080 4937 Διὰ
1107 4881 1265 4936 τοῦτο
1291 4881 1385 4934 καὶ
1422 4879 1534 4951 πῦρ
1565 4877 1784 4933 αἰώνιον
1816 4881 1959 4949 ήτοι·

397 4976 597 5049 μάσθη,
627 4976 716 5033 διὰ
751 4974 910 5031 τοῦτο
936 4975 1029 5029 καὶ
1059 4973 1249 5042 γέεννα
1278 4970 1658 5042 ηὐτρέπισται,
1680 4968 1769 5022 διὰ
1802 4967 1960 5022 τοῦτό

393 5071 507 5126 ἐστί
535 5088 594 5124 τι
622 5072 715 5126 καὶ
747 5070 936 5133 σκότος
967 5065 1249 5136 ἐξώτερον,
1279 5057 1356 5117 ὧν
1382 5062 1542 5133 χρεία
1583 5063 1645 5115 ού
1679 5061 1839 5132 μόνον
1872 5059 1960 5114 διὰ

391 5162 478 5219 τὸν
506 5163 887 5237 κολαζόμενον,
916 5158 1050 5215 ἀλλὰ
1078 5155 1308 5229 μάλιστα
1328 5154 1427 5208 διὰ
1456 5154 1517 5206 τὸ
1544 5151 1745 5206 κοινόν.

461 5397 549 5473 (ξ),
573 5399 647 5473 pl
682 5396 800 5473 ιίςτὸ
820 5393 940 5473 τῶν
956 5391 1259 5473 αἰρέρεωγ.
1302 5386 1620 5445 Valentinus
1663 5385 1948 5449 nimirum,

389 5462 674 5533 Basilides,
702 5467 938 5531 Cerdon,
970 5473 1025 5520 et
1048 5462 1286 5517 Marcion
1303 5498 1318 5513 .

454 5582 535 5706 δε)
584 5582 719 5636 Ἐὰν
759 5577 828 5633 δέ
864 5575 1043 5639 λάϐω.
1067 5569 1461 5641 παράδειγμα.
1513 5583 1617 5632 etc.
1658 5571 1784 5630 limo
1835 5568 1947 5653 alio

492 5654 581 5706 ine
608 5650 867 5706 retulerat
893 5645 1273 5706 Hieronymus,
1299 5657 1458 5706 quem
1490 5662 1590 5706 nos
1615 5648 1681 5706 ad
1718 5649 1943 5705 gem-na-

393 5645 581 5707 ordine
608 5650 867 5706 retulerat
893 5645 1273 5713 Hieronymus,
1299 5657 1458 5713 quem
1490 5662 1590 5709 nos
1615 5648 1681 5707 ad
1718 5645 1943 5705 gem-ia-

394 5721 592 5778 lensem
643 5720 881 5775 codicem
915 5711 1460 5783 accom'modmimns,
1490 5739 1610 5785 cum
1638 5716 1945 5799 prmsertim

2067 4507 2310 4561 veritatis
2341 4520 2526 4562 assum
2538 4506 2689 4577 psit,
2719 4508 2847 4564 licet
2874 4509 3024 4565 visus
3052 4509 3215 4564 fuerit
3245 4511 3525 4580 aegrotanti
3566 4511 3634 4567 ad

2068 4597 2262 4653 horam
2292 4612 2401 4651 non
2432 4596 2701 4652 misereri.
2731 4595 2809 4653 lta
2837 4606 2892 4653 et
2916 4596 3060 4652 Deus
3087 4612 3198 4651 non
3244 4613 3411 4651 unum
3455 4598 3631 4652 homio

2066 4691 2339 4760 uem,.sed
2366 4691 2678 4747 universum
2713 4699 2872 4747 curat
2911 4690 3096 4744 orbem
3119 4730 3135 4756 ,
3191 4688 3434 4746 cmlestia
3468 4699 3634 4761 atque

2065 4792 2300 4848 terrena,
2332 4793 2388 4838 et
2425 4783 2607 4837 omnia
2643 4782 2844 4852 ubique
2895 4780 3211 4851 dispensat,
3265 4790 3319 4836 et
3367 4798 3490 4838 cum
3528 4784 3632 4836 huc

2065 4875 2350 4946 provideat
2395 4875 2543 4944 quod
2573 4873 2666 4929 uni
2712 4874 3058 4930 commodum
3109 4872 3219 4938 sit,
3259 4874 3429 4928 multo
3458 4874 3634 4942 magis

2065 4968 2313 5038 providet
2343 4968 2476 5038 quid
2529 4967 2628 5022 toti
2671 4968 2874 5020 munzlo
2908 4968 3181 5022 conducat
3220 4975 3279 5021 .et
3313 4966 3629 5022 hominibus

2066 5060 2360 5117 universis.
2412 5058 2671 5115 Providet
2701 5057 2920 5127 quiduu
2950 5071 3010 5110 ,ει
3037 5072 3100 5111 ea
3152 5073 3274 5127 quae
3331 5058 3424 5112 uni
3463 5072 3628 5125 expe-

2063 5152 2224 5206 diunt
2250 5192 2266 5218 ,
2296 5165 2488 5207 verum
2517 5150 2594 5206 ita
2626 5164 2695 5205 ne
2720 5147 3124 5213 .unius:utilitas
3149 5146 3394 5202 omnium
3420 5147 3630 5200 damno

2057 5382 2212 5448 illud,
2243 5380 2503 5450 accipiam
2525 5394 2646 5451 ergo
2683 5376 2975 5451 amplum
3001 5371 3203 5442 judicia
3228 5368 3389 5451 .liom',
3422 5366 3631 5451 oratio-

2054 5436 2179 5507 nem
2198 5436 2497 5518 inchoare;
2528 5436 2773 5513 atvistud,
2802 5436 3062 5515 a'ccipia'm
3082 5452 3131 5498 et
3156 5440 3436 5502 medicum,
3467 5436 3630 5506 pet-ﬁo
3700 5510 3707 5517 ι

2054 5538 2180 5580 cere
2209 5521 2476 5602 videatur.
2507 5518 2774 5572 Hunnus.

2125 5612 2203 5683 (ὅ)
2255 5610 2547 5677 Ὶαψικόν.
2590 5606 2733 5679 Lege
2769 5607 2969 5679 ἰατρόν.

2114 5706 2209 5776 (4)
2249 5702 2343 5768 Τίς
2364 5697 2495 5758 οὖν.
2537 5700 2682 5772 Lego
2709 5702 2792 5767 τίς
2821 5702 2942 5755 οὐκ.
