4296 6288
548 423 651 479 387
2030 412 2240 469 OlllGE

2103 412 2360 469 {IGENIS
3692 420 3796 479 388

551 543 644 598 sit.
674 540 883 597 Idcirco
910 546 963 593 et
990 535 1129 606 ignis
1163 543 1397 589 atternus
1424 542 1760 603 praeparatus
1789 543 1893 600 est,
1922 543 1977 588 et
2017 532 2289 603 gehenna.
2326 544 2381 588 et
2409 534 2643 589 tenebrat:
2665 536 2963 591 exteriores
2997 556 3008 590 :
3052 553 3173 607 qnze
3207 540 3387 595 omnia
3429 556 3535 596 non
3568 551 3676 597 tam
3725 542 3798 599 ob

550 651 675 693 cum
707 634 798 704 qui
826 629 1129 701 puniendus
1156 637 1260 694 est,
1288 643 1453 697 quam
1481 637 1699 698 propter
1722 629 2008 682 universos
2045 625 2298 681 homines
2329 630 2629 682 constituta
2659 641 2806 684 sunt.

621 727 675 782 6.
713 725 768 780 Si
800 734 978 780 autem
1014 721 1097 775 vis
1132 721 1295 790 lmjus
1342 720 1416 775 rei
1450 728 1641 776 testem
1696 719 1940 790 accipere
1962 719 2114 775 Scrl-
2146 723 2194 779 Α
2291 718 2317 770 Ε

2100 748 2114 760 -
2146 723 2194 779 Α
2291 718 2351 770 Ei
2375 717 2431 771 δὲ
2461 718 2636 783 θέλεις
2671 721 2771 791 τὴν
2803 720 3025 792 Γραφὴν
3063 722 3313 794 μάρτυρα
3352 722 3556 785 λαϐεῖν,
3591 723 3672 777 ὅτι
3700 721 3796 778 καὶ

550 830 762 892 pturam
787 857 802 881 ,
835 813 981 884 quod
1026 812 1081 867 in
1116 813 1347 868 aliorum
1405 812 1766 866 eruditionem
1792 850 1808 876 ,
1843 809 1969 866 licet
1998 810 2114 879 jam
2221 826 2246 861 ε

2099 826 2114 864 ι
2221 810 2301 873 είς
2329 810 2530 882 ἑτέρων
2562 812 2839 865 παίδευσιν
2881 813 2929 865 οἱ
2961 813 3274 886 ἁμαρτωλοὶ
3311 812 3648 881 κολάζονται,
3689 813 3795 870 κᾶν

548 904 913 976 desperabiles
949 903 1061 959 sint
1091 911 1425 972 peccatores.
1459 911 1514 956 ct
1537 917 1566 955 a
1587 902 1872 957 curatione
1904 901 2118 968 penitus
2218 919 2244 955 ο

2091 918 2118 956 s
2218 895 2364 955 οὗτοί
2430 920 2559 956 ποτε
2625 904 3033 975 ἀπεγνωσμένοι
3107 898 3209 957 ὦσι
3266 904 3393 976 περὶ
3464 903 3787 976 θεραπείας·

546 996 743 1057 alieni,
780 1002 1183 1065 torqueantur;
1221 993 1349 1047 audi
1394 992 1744 1047 Salomonem
1780 991 1834 1046 in
1883 990 2117 1046 Prover-
2218 994 2242 1047 ὃ

2093 1022 2117 1032 -
2218 993 2379 1047 ἄκουε
2403 993 2745 1064 Σολομῶντος
2773 996 2830 1048 ὲν
2854 998 2975 1058 ταῖς
3000 994 3344 1064 Παροιμίαις
3369 994 3633 1064 λέγοντος·
3658 1000 3789 1050 Acc-

543 1085 650 1142 biis
671 1084 941 1140 dicentem
961 1083 1008 1115 ”
1033 1102 1046 1138 :
1085 1082 1365 1137 Pestilente
1390 1082 1660 1153 ﬂagellato
1683 1081 1980 1151 imprudens
2012 1081 2119 1136 σαί·
2211 1102 2239 1153 ι

2091 1081 2119 1129 τ·
2211 1083 2330 1153 μοῦ
2363 1085 2847 1155 μαστιγουμένου
2866 1085 3071 1156 ἄφρων
3090 1087 3563 1156 πανουργότερος
3595 1088 3787 1143 ἔσται.

545 1176 707 1231 tidior
729 1176 851 1230 erit.
882 1173 1000 1229 Non
1033 1190 1158 1231 eum
1180 1173 1592 1245 quiﬂagellatur
1618 1176 1756 1231 dixit
1777 1175 2115 1231 callidiorem

542 1267 790 1323 futurum
806 1275 860 1323 et
876 1267 1259 1339 sapientiorem
1275 1275 1492 1336 propter
1506 1267 1915 1337 castigationem
1935 1282 2113 1333 suam,

543 1360 640 1416 sed
675 1359 1017 1428 insipientem
1047 1373 1078 1411 a
1109 1358 1338 1413 stultitia
1374 1358 1442 1412 ad
1474 1357 1818 1427 prudentiam
1867 1356 2114 1413 converti

541 1457 763 1518 propter
792 1447 1059 1518 supplicia
1090 1448 1398 1518 pestilentis
1428 1466 1442 1502 :
1489 1448 1596 1502 hoc
1636 1447 1837 1518 quippe
1874 1463 1939 1502 ex
1994 1448 2113 1517 ipso

541 1538 765 1592 nomine
796 1537 1106 1593 calliditatis
1133 1537 1503 1608 signiﬁcatur,
1552 1545 1607 1591 et
1639 1537 1881 1592 converti
1910 1552 2035 1591 eum
2081 1551 2113 1591 a

540 1627 838 1684 calliditate
862 1668 878 1694 ,
930 1629 1060 1684 dum
1130 1629 1270 1684 alios
1324 1628 1496 1685 cernit
1528 1636 1746 1699 propter
1775 1642 1837 1682 ea
1860 1666 1874 1692 ,
1913 1627 2113 1698 quibus

541 1719 662 1791 ipse
690 1720 963 1775 obnoxius
992 1728 1095 1785 est,
1122 1728 1341 1791 peccata
1369 1719 1623 1775 cruciari.
1674 1719 1840 1789 Igitur
1894 1718 2114 1787 prodest

543 1813 726 1877 nobis,
759 1812 805 1867 si
838 1821 1017 1866 tamen
1048 1811 1197 1880 digni
1240 1826 1432 1865 sumus
1453 1811 1646 1874 salute,
1675 1821 1735 1865 ut
1768 1810 1860 1865 alii
1884 1811 1938 1865 in
1973 1811 2115 1865 utili-

542 1912 708 1958 tatem
736 1911 976 1958 nostram
1011 1912 1385 1972 torqueantur.
1408 1901 1475 1955 Et
1498 1902 1771 1972 quomodo
1825 1903 1956 1957 utile
2009 1902 2112 1957 fuit

541 2003 825 2065 peccatum
842 1993 1075 2049 lsraelin
1094 1993 1323 2048 salutem
1342 1993 1605 2064 gentium,
1623 1993 1704 2049 sic
1720 1993 1867 2048 utilis
1878 2001 2110 2065 estquo-

539 2085 791 2139 rumdam
820 2099 979 2155 paena
1008 2085 1240 2138 aliorum
1268 2085 1453 2139 saluti.
1480 2082 1548 2137 Et
1568 2082 1691 2138 ideo
1710 2083 1887 2138 bonus
1917 2091 1970 2138 et
2001 2084 2111 2138 cle-

540 2192 696 2232 mens
722 2176 881 2247 199
901 2177 1038 2231 Deus
1072 2194 1086 2232 :
1118 2175 1240 2231 Non
1262 2176 1701 2246 parcam,inquit,
1729 2184 1780 2230 et
1827 2192 1929 2230 non
1950 2176 2108 2231 mise-

542 2268 696 2322 rebor
725 2268 790 2321 ab
816 2268 1036 2321 interitu
1064 2283 1264 2322 eorum.

612 2358 665 2411 7.
697 2359 1123 2429 Circumscripto
1152 2368 1332 2415 autem
1368 2358 1473 2414 hoc
1508 2359 1744 2429 capitulo
1769 2397 1784 2423 ,
1826 2358 2110 2415 videamus

540 2448 882 2518 subsequens
921 2448 1188 2517 scriptura
1221 2449 1349 2519 quid
1378 2449 1568 2504 doceat
1598 2448 1646 2482 ”
1672 2468 1686 2502 :
1712 2450 1906 2503 Audite
1943 2459 1988 2503 et
2012 2466 2111 2503 au-

539 2542 689 2596 ribus
713 2540 980 2610 percipite,
1022 2550 1071 2594 et
1106 2540 1263 2594 nolite
1303 2540 1488 2595 extolli
1511 2579 1525 2603 ,
1568 2541 1817 2611 quoniam
1854 2539 2109 2594 Dominus

538 2632 745 2685 locutus
766 2638 862 2684 est.
901 2629 1033 2684 Date
1058 2630 1284 2684 Domino
1321 2630 1427 2684 Deo
1457 2640 1626 2684 vestro
1664 2631 1891 2700 gloriam
1934 2631 2112 2701 prius-

536 2739 698 2794 quam
734 2722 972 2778 obscuret
1016 2732 1065 2776 et
1106 2724 1417 2792 priusquam
1450 2722 1718 2791 olfendant
1769 2724 1922 2792 pedes
1953 2725 2110 2779 vestri

537 2831 695 2886 super
722 2827 923 2869 montes
948 2813 1266 2878 tenebrosos,
1283 2820 1332 2866 et
1355 2813 1677 2867 sustinebitis
1693 2813 1746 2867 in
1759 2812 1958 2879 lumen,
1975 2823 2025 2867 et
2043 2814 2113 2868 il-

537 2906 609 2960 lic
638 2905 825 2959 umbra
854 2905 1062 2969 mortis,
1088 2912 1139 2959 et
1160 2914 1420 2975 ponentur
1446 2903 1503 2956 in
1528 2903 1787 2957 tenebras.
1814 2902 1876 2958 Si
1895 2920 2002 2958 non
2020 2921 2116 2959 au-

2217 1175 2330 1229 Οὑκ
2360 1175 2521 1229 αὑτὸν
2550 1176 2641 1229 τὸν
2676 1177 3105 1248 μαστιγούμενον
3134 1173 3289 1231 εἶπεν
3311 1177 3526 1231 ἔσεσθαι
3558 1176 3793 1250 πανουρ-

2215 1265 2437 1338 γότερον
2471 1268 2566 1321 καὶ
2600 1268 3004 1340 φρονιμώτερον
3045 1268 3134 1322 διὰ
3170 1268 3269 1332 τὰς
3313 1268 3615 1340 μάστιγας,
3651 1269 3790 1323 ἀλλὰ

2214 1357 2305 1412 τὸν
2350 1356 2564 1430 ἄφρονά
2608 1375 2739 1430 φησι
2787 1359 3140 1430 μεταϐάλλειν
3193 1361 3302 1415 ἀπὸ
3353 1358 3666 1431 ἀφροσύνης
3710 1360 3789 1424 είς

2217 1448 2475 1518 φρόνησιν
2499 1446 2586 1501 διὰ
2629 1448 2729 1511 τὰς
2757 1449 3135 1520 προαγομένας
3166 1449 3246 1519 τῷ
3283 1447 3457 1519 λοιμῷ
3489 1447 3785 1519 μάστιγας·

2212 1539 2370 1592 τοῦτο
2404 1537 2512 1610 γὰρ
2551 1538 2876 1610 σημαίνεται
2909 1541 2975 1593 ὲκ
3006 1539 3100 1593 τοῦ
3143 1540 3402 1610 ὀνόματος
3432 1538 3666 1592 ἐνταῦθα
3689 1538 3792 1608 τῆς

2215 1629 2579 1700 πανουργίας’
2616 1632 2711 1685 καὶ
2740 1631 3064 1703 μεταϐάλλει
3089 1632 3177 1686 διὰ
3200 1632 3294 1685 τοῦ
3327 1631 3543 1702 βλέπειν
3572 1630 3789 1700 ἐτέρους

2216 1724 2677 1794 μαστιγουμένους
2700 1727 2728 1778 6
2764 1726 2970 1796 ἄφρων.
3003 1725 3213 1780 Οὐκοῦν
3241 1726 3508 1797 συμφέρει
3526 1725 3788 1796 ήμῖν,ὲάν

2211 1828 2276 1880 γε
2324 1813 2596 1884 σωτηρίας
2642 1812 2781 1878 ἄξιοι
2831 1813 3116 1884 γενώμεθα
3166 1814 3234 1867 δι’
3280 1814 3453 1869 ἄλλων
3502 1812 3789 1884 κολαζομέ-

2211 1922 2317 1958 νων
2342 1905 2439 1977 (1),
2459 1906 2554 1958 καὶ
2588 1906 2621 1976 ἡ
2664 1905 2838 1960 ἄλλων
2870 1905 3110 1969 κόλασις.
3153 1906 3263 1959 Καὶ
3297 1906 3373 1970 ὡς
3402 1908 3699 1978 συνήνεγκε
3726 1903 3789 1958 τὺ

2212 1996 2564 2068 παράπτωμα
2591 1995 2685 2049 τοῦ
2731 1996 2947 2067 Ἰσραὴλ
2975 1999 3042 2068 τῇ
3076 1998 3320 2070 σωτηρίᾳ
3342 1997 3450 2050 τῶν
3474 1997 3664 2063 ἐθνῶν,
3693 1995 3786 2050 οὖ·-

2210 2104 2320 2151 τως
2351 2088 2584 2140 συνοίσει
2613 2088 2646 2159 ή
2676 2087 2893 2151 κόλασις
2908 2092 2975 2159 τῇ
3001 2088 3200 2159 ἐτέρων
3223 2088 3484 2161 σωτηρίᾳ.
3508 2087 3607 2141 Διά
3626 2086 3787 2141 τοῦτο

2209 2177 2412 2247 ἀγαθὸς
2453 2177 2527 2231 ὢν
2565 2179 2594 2231 6
2631 2177 2765 2241 Θεός
2811 2194 3006 2248 φησιν’
3055 2180 3136 2232 οὐ
3188 2179 3467 2250 φείσομαι
3517 2179 3617 2235 καὶ
3671 2181 3787 2233 οὐκ

2210 2269 2555 2339 οἰκτειρήσω
2578 2269 2697 2326 ἀπὸ
2729 2268 3050 2340 διαφθορᾶς
3079 2269 3296 2325 αὐτῶν.

2280 2362 2800 2435 Περι-γεγραμμένου
2822 2361 2879 2414 δὲ
2900 2360 2996 2415 τοῦ
3013 2362 3130 2425 ἑνὸς
3143 2360 3455 2431 κεφαλαίου,
3472 2360 3664 2431 ἴδωμεν
3689 2358 3785 2413 καὶ

2210 2455 2395 2528 ἕτερον
2420 2455 2474 2509 τί
2504 2457 2651 2526 ἡμᾶς
2677 2454 2914 2508 διδάσκει
2937 2471 2953 2486 ’
2998 2455 3335 2518 Ἀκούσατε,
3373 2453 3471 2509 καὶ
3509 2453 3785 2506 ἐνωτίσα-

2212 2546 2342 2607 σθε,
2372 2542 2470 2599 καὶ
2492 2542 2580 2613 μὴ
2607 2543 2946 2610 ἐπαίρεσθε,
2969 2544 3060 2598 ὅτι
3090 2544 3300 2611 Κύριος
3330 2541 3617 2609 ἐλάλησε.
3641 2541 3785 2596 Δότε

2213 2632 2293 2699 τῷ
2322 2634 2517 2703 Κυρίῳ
2542 2632 2665 2699 Θεῷ
2691 2633 2860 2704 ὑμῶν
2883 2633 3069 2699 δόξαν
3093 2633 3206 2703 πρὸ
3238 2633 3342 2688 τοῦ
3379 2631 3779 2694 συσκοτὰσαι,

2212 2725 2309 2779 καί
2333 2726 2445 2793 πρὸ
2476 2725 2583 2779 τοῦ
2611 2726 2954 2793 προσκόψαι
2975 2725 3114 2792 τοὺς
3145 2725 3334 2791 πόδας
3358 2724 3524 2795 ὑμῶν
3555 2726 3649 2778 ἐπ’
3674 2723 3782 2792 ὅρη

2211 2816 2495 2870 σκοτεινά
2512 2832 2529 2846 ο
2553 2815 2654 2869 καὶ
2687 2815 3032 2886 ἀναμενεῖτε
3056 2819 3148 2882 εις
3169 2815 3290 2886 φῶς
3314 2833 3330 2848 ο
3361 2815 3461 2870 καί
3486 2815 3616 2870 ἐκεῖ
3636 2815 3783 2869 σκιὰ

2211 2904 2494 2970 θανάτου,
2541 2906 2641 2960 καί
2690 2906 3051 2974 τεθήσονται
3090 2909 3179 2973 είς
3223 2907 3460 2972 σκότος.
3526 2906 3667 2960 Ἐὰν
3714 2904 3786 2958 δε

539 2999 747 3052 dieritis
771 2996 992 3061 occulte,
1025 2995 1258 3066 plorabit
1282 2997 1465 3050 anima
1485 3005 1657 3051 uestra
1692 3013 1727 3050 ιι
1767 2996 1907 3066 facie
1925 3008 2111 3052 contu-
2205 3015 2235 3066 ρ

2084 3027 2111 3040 -
2205 2996 2291 3066 μὴ
2323 2996 2626 3064 ἀκούσητε
2652 2997 3084 3066 κεκρυμμένως,
3133 2997 3460 3052 κλαύσεται
3520 2998 3560 3065 ἠ
3610 2995 3780 3065 ψυχή

539 3088 732 3154 melim,
755 3096 805 3141 et
830 3088 1087 3140 deducent
1107 3088 1249 3142 oculi
1268 3089 1427 3142 vestri
1448 3088 1732 3159 lacrymas,
1760 3089 1885 3159 quia
1913 3091 2112 3144 contri-

539 3194 624 3238 tus
651 3193 727 3237 est
750 3199 877 3254 grex
899 3182 1137 3237 Domini.
1173 3180 1399 3238 Eosdem
1424 3181 1541 3236 vult
1574 3181 1782 3247 audire,
1809 3191 1862 3236 et
1884 3182 2111 3237 auribus

539 3275 835 3346 percipere,
871 3290 980 3330 non
1010 3282 1321 3337 contentus,
1358 3288 1533 3342 neque
1572 3271 1853 3328 auditione
1899 3274 2096 3328 solum-

2209 3085 2377 3156 ὑμῶν
2413 3086 2531 3141 ἀπὸ
2571 3086 2895 3171 προσώπου
2932 3087 3174 3155 ὕϐρεως,
3207 3088 3303 3141 καὶ
3334 3085 3702 3152 κατάξουσιν
3727 3089 3782 3143 οι

2211 3179 2504 3249 ὀφθαλμοὶ
2541 3175 2710 3248 ὑμῶν
2746 3176 2998 3246 δάκρυα,
3024 3177 3173 3231 διότι
3211 3178 3524 3246 συνετρίϐη
3556 3183 3623 3231 τὸ
3650 3178 3782 3232 ποί-

2205 3282 2386 3338 μνιον
2428 3268 2669 3336 Κυρίου.
2715 3266 2950 3332 Τούτους
2995 3267 3192 3330 αὐτοὺς
3234 3267 3480 3338 βούλεται
3528 3266 3780 3332 ἀκοῦσαι,

539 3367 725 3429 modo,
756 3382 929 3437 neque
955 3367 1169 3420 aurium
1192 3363 1555 3434 perceptione;
1586 3371 1806 3432 propter
1826 3363 1971 3433 quod
1990 3363 2067 3418 ait
2093 3382 2106 3418 :
2137 3386 2180 3444 α
2212 3377 2235 3413 κ

2093 3382 2180 3444 :c
2212 3360 2308 3413 καὶ
2362 3359 2741 3421 ἐνωτίσασθαι,
2798 3360 2900 3412 οὐκ
2956 3358 3329 3431 ἀρκουμένους
3388 3357 3482 3429 (2),
3526 3357 3651 3412 οὔτε
3702 3358 3776 3428 τῷ

541 3459 736 3514 Audite
758 3469 806 3512 et
835 3457 1052 3512 auribus
1076 3457 1342 3526 percipite,
1375 3463 1445 3521 et,
1475 3454 1619 3522 quod
1663 3454 1749 3509 his
1793 3454 1972 3524 majus
2004 3463 2107 3520 est,

540 3548 704 3605 nolite
731 3547 937 3616 extolli,
982 3556 1036 3603 et
1072 3548 1277 3617 reliqua
1324 3561 1444 3616 quae
1478 3555 1799 3622 sequuntur.
1842 3545 1981 3612 Quid
2026 3555 2111 3601 est

539 3658 671 3714 ergo
701 3640 909 3708 audire,
954 3648 1008 3694 et
1033 3640 1162 3710 quid
1196 3646 1281 3694 est
1308 3637 1535 3692 auribus
1570 3635 1866 3705 percipere,
1893 3653 1957 3691 ex
1977 3636 2110 3707 ipsis

540 3733 888 3791 sermonibus
926 3731 1356 3788 consideremus.
1408 3729 1650 3783 Auribus
1685 3728 1964 3798 percipere
2004 3736 2107 3791 est,

542 3836 602 3881 ut
628 3826 760 3880 mihi
791 3824 1008 3895 quidem
1033 3822 1268 3885 videtur,
1306 3820 1532 3876 auribus
1577 3835 1698 3890 qua:
1727 3820 1983 3873 dicuntur
2014 3834 2110 3872 au-

541 3916 677 3970 dire.
710 3914 864 3982 Quod
899 3923 1079 3969 autem
1112 3911 1390 3982 praecedit,
1414 3908 1616 3975 audite,
1640 3909 1686 3964 si
1709 3907 1773 3963 ad
1802 3907 2113 3963 distinctio-

543 4020 667 4060 nem
698 4007 817 4075 ejus
848 4005 1100 4076 pratcepti
1145 4001 1377 4065 dicitur,
1425 3998 1570 4070 quod
1621 4010 1806 4069 postea
1857 3997 2107 4066 infertur,

542 4095 761 4152 auribus
806 4097 1088 4166 percipite,
1141 4095 1245 4150 hoc
1288 4094 1518 4165 imperat
1563 4100 1621 4146 ut
1653 4091 1708 4146 in
1769 4101 2009 4147 mentem
2057 4101 2113 4148 et

540 4204 762 4247 sensum
805 4203 868 4243 ea
899 4202 1020 4258 quae
1065 4187 1357 4254 dicuntur,
1409 4187 1702 4257 excipiant.
1752 4185 1938 4258 Neque
1981 4202 2109 4242 vero

543 4282 650 4337 hoc
667 4281 843 4338 solum
871 4281 923 4335 in
951 4281 1093 4346 loco,
1127 4282 1221 4335 sed
1260 4280 1314 4333 in
1340 4280 1486 4334 omni
1508 4279 1788 4350 Scriptura
1813 4288 1941 4336 sunt
1961 4295 2110 4350 quae.

542 4376 666 4429 dam
700 4384 753 4429 et
784 4372 963 4428 facilia
1001 4381 1053 4427 et
1090 4384 1340 4442 prompta
1386 4372 1453 4426 ad
1494 4370 1942 4441 intelligendum,
1988 4385 2111 4441 qua

541 4466 723 4521 statim
771 4473 829 4517 ut
867 4465 1002 4517 lecta
1042 4460 1284 4525 fuerint,
1329 4463 1616 4517 utilitatem
1665 4463 1968 4532 legentibus
2014 4463 2112 4516 tri-

541 4559 733 4614 buunt.
764 4555 904 4610 Sunt
930 4555 1035 4609 alia
1065 4552 1356 4608 secretiora
1382 4561 1436 4607 et
1467 4552 1779 4614 ineffabilia,
1814 4563 1901 4621 et,
1944 4563 2005 4608 ut
2034 4555 2105 4608 ita

541 4649 739 4715 dicam,
771 4644 1097 4719 quibusdam
1126 4640 1549 4698 obscuritatibus
1600 4640 1859 4696 involuta.
1911 4641 1986 4695 De
2022 4642 2107 4698 bis

2213 3451 2431 3506 ἀκούειν
2459 3452 2656 3514 αὐτοὺς
2686 3450 2863 3518 μόνον,
2892 3448 3015 3502 οὔτε
3047 3449 3126 3520 τῷ
3157 3449 3501 3514 ὲνωτίζεσθαι
3523 3466 3536 3478 ·
3569 3448 3650 3502 διό
3678 3466 3779 3520 φη-

2215 3561 2296 3597 σιν
2320 3560 2333 3574 ·
2385 3544 2702 3600 Ἀκούσατε
2730 3542 2827 3595 καὶ
2873 3540 3247 3602 ἐνωτίζὲσθε·
3282 3538 3402 3594 εἶτα
3448 3541 3584 3614 μετὰ
3622 3541 3782 3596 τοῦτο

2213 3635 2543 3706 προστάσσει
2585 3635 2768 3696 αὐτοῖς
2809 3632 2896 3702 μὴ
2936 3633 3301 3700 ἐπαίρεσθαι,
3347 3632 3442 3686 καὶ
3476 3633 3714 3687 διδάσκει
3752 3633 3783 3687 ὃ

2213 3727 2482 3797 ποιητέον.
2519 3726 2583 3778 Τί
2612 3721 2704 3779 οὖν
2730 3725 2791 3778 τὸ
2824 3723 3081 3788 ἀκοῦσαι,
3109 3725 3204 3777 καὶ
3233 3724 3285 3777 τί
3315 3724 3375 3778 τὸ
3406 3724 3780 3791 ὲνωτίσασθαι,

2213 3819 2308 3872 ἀπ’
2322 3819 2491 3889 αὐτῆς
2501 3819 2599 3890 τῆς
2611 3816 2806 3884 λέξεως
2819 3817 3262 3887 κατανοήσωμεν.
3291 3816 3365 3870 T6
3388 3816 3781 3882 ἐνωτίσασθε,

2212 3913 2292 3972 εἰς
2329 3910 2399 3964 τὰ
2435 3905 2553 3964 ὦτα
2596 3908 2857 3976 δέξασθεο
2899 3909 2993 3962 καὶ
3021 3911 3082 3963 τὺ
3125 3911 3424 3965 ἀκούσατε
3469 3909 3605 3981 πρὸς
3632 3911 3781 3963 ἀντι-

2211 4000 2494 4073 διαστολὴν
2521 4001 2739 4070 λέγεται
2776 4001 2871 4054 τοῦ
2918 4001 3306 4064 ἐνωτίσασθε,
3362 4002 3574 4072 μήποτέ
3613 4003 3784 4066 ἐστιν,

2213 4091 2293 4154 είς
2327 4089 2424 4161 τὴν
2452 4090 2689 4144 διάνοιαν
2724 4088 2969 4156 δέξασθε.
2999 4089 3110 4143 Καὶ
3140 4090 3234 4143 ἐπὶ
3259 4089 3367 4144 τῶν
3395 4090 3700 4162 λεγομένων
3724 4091 3785 4143 ὲν

2213 4185 2332 4247 ταῖς
2354 4183 2617 4255 Γραφαϊς,
2646 4180 2684 4236 ἃ.
2717 4182 2815 4253 μὲν
2845 4178 2999 4243 ἐστὶν
3028 4180 3442 4254 ἀπορῤητότερα
3467 4182 3562 4234 καὶ
3591 4197 3774 4252 μυστι-

2212 4274 2428 4347 κώτερα
2446 4291 2459 4305 ·
2487 4273 2523 4329 ἃ.
2545 4273 2602 4328 δὲ
2625 4273 2851 4329 αὐτόθεν
2877 4274 3120 4344 χρήσιμα
3155 4274 3269 4335 τοῖς
3294 4271 3494 4329 νοοῦσι.
3523 4272 3660 4343 Περὶ
3685 4272 3784 4342 μὲν

2210 4366 2319 4421 τῶν
2358 4364 2833 4439 ἀπορρητοτέρων,
2855 4360 3030 4434 οἶμαι,
3051 4362 3264 4432 λέγεται
3292 4363 3379 4417 τόο
3426 4363 3739 4417 Ἀκούσατε
3763 4379 3778 4392 θ

2212 4458 2341 4527 περὶ
2361 4456 2419 4510 δὲ
2453 4456 2561 4509 τῶν
2584 4456 2808 4510 αὐτόθεν
2834 4453 3141 4525 χρησίμων,
3168 4454 3262 4507 καὶ
3288 4453 3454 4524 χωρὶς
3485 4454 3781 4525 ἑρμηνείας

2210 4545 2517 4615 δυναμένων
2539 4544 2813 4614 ὠφελῆσαι
2833 4542 2927 4595 τὸν
2948 4542 3233 4610 ἀκούοντα,
3251 4542 3328 4597 τό’
3360 4543 3777 4597 Ἐνωτίσασθε.

2214 4634 2381 4705 Ὅλην
2409 4630 2502 4687 οὖν
2542 4634 2641 4707 τὴν
2667 4632 2890 4705 Γραφὴν
2922 4632 3016 4687 ἐὰν
3046 4630 3411 4703 ἐξετάσωμεν,
3437 4630 3669 4705 ἐροῦμεν
3696 4630 3783 4684 66—

543 4739 705 4809 igitur
729 4715 849 4807 quae
886 4739 1055 4792 latent
1096 4743 1150 4790 et
1178 4732 1518 4803 expositione
1555 4732 1827 4804 indigent,
1873 4733 2109 4789 arbitror
2141 4715 2188 4772 Ῑ)
2212 4746 2239 4783 κ

2085 4750 2109 4789 r
2141 4715 2188 4772 Ῑ)
2212 4745 2363 4799 κιμοι
2401 4726 2681 4797 γενόμενοι
2727 4724 3078 4796 τραπεζῖται*
3128 4725 3297 4781 Τοῦτο
3334 4727 3428 4797 μὲν
3459 4726 3781 4782 ἀκούσατε,

544 4843 691 4882 nunc
718 4829 920 4883 dictum
949 4834 1069 4884 esse
1097 4848 1112 4882 :
1148 4825 1472 4891 Audite;'de
1503 4824 1586 4880 bis
1613 4833 1794 4879 autem
1822 4841 1944 4895 qua:
1988 4826 2107 4882 sine

544 4915 803 4986 scrupulo
856 4916 1263 4986 interpretantis
1307 4913 1547 4970 auditori
1595 4914 1878 4969 commoda
1919 4925 2050 4971 sunt
2088 4934 2102 4970 :

544 5005 776 5062 Auribus
806 5006 1077 5077 percipite.
1106 5003 1501 5061 Pcrcurramus
1529 5006 1816 5061 universas
1859 5005 2106 5079 Scriptu-

543 5111 656 5162 ras,
686 5103 740 5150 et
767 5094 979 5164 probati
1014 5094 1364 5148 nummularii
1393 5094 1565 5149 εποιειί
1590 5094 1857 5161 dicamus,
1886 5093 1994 5150 hoc
2017 5109 2109 5149 au-

543 5189 661 5245 dire
689 5187 969 5252 debemus,
1005 5184 1110 5239 hoc
1139 5185 1363 5240 auribus
1387 5185 1682 5255 percipere.
1716 5183 1958 5254 Denique
1981 5199 2107 5239 cum

544 5279 884 5336 audierimus
915 5286 969 5334 et
995 5278 1399 5348 perceperimus
1427 5276 1652 5331 auribus
1677 5290 1800 5345 quae
1825 5274 2105 5342 dicuntur,

612 5491 660 5525 ”
693 5490 854 5548 Prov.
890 5506 1000 5553 χιι,
1026 5489 1117 5544 25.
1193 5490 1240 5521 ⁹¹⁶
1262 5488 1463 5543 Jerem.
1497 5504 1615 5554 xui,
1650 5488 1736 5555 15,
1767 5488 1854 5553 16,
1887 5488 1990 5545 17.ι

613 5667 688 5735 (1)
710 5668 879 5738 “'Edr
896 5684 962 5738 τε
985 5666 1279 5738 σωτηρίας
1311 5664 1464 5738 ιοι
1491 5664 1786 5738 γενώμεθα
1801 5663 1879 5717 δι’
1903 5664 2105 5738 ἄλλων

549 5732 971 5804 κολαζομένων.
1015 5732 1237 5789 Ηοιξρειι
1264 5752 1278 5787 :
1308 5732 1368 5787 Si
1389 5732 1543 5804 modo
1577 5732 1919 5804 per-aliorum
1952 5735 2106 5804 puni-

551 5806 737 5855 tionem
758 5802 923 5874 'digni
946 5805 1117 5857 salute
1140 5803 1407 5872 eﬁicimur.
1454 5803 1586 5857 Male
1617 5802 1977 5875 Hieronymus
2006 5822 2021 5858 ι
2048 5802 2107 5857 Si

2212 4818 2367 4874 τοῦτο
2400 4817 2458 4871 δὲ
2489 4816 2858 4873 ἐνωτίσασθε
2874 4816 3107 4888 δέχεται.
3170 4818 3338 4872 Ἐπὰν
3370 4815 3780 4886 ἐπακούσωμεν,

2208 4911 2303 4964 καὶ
2328 4907 2729 4978 ὲνωτισὼμεθα,
2756 4907 3086 4980 προστάσσει
3121 4910 3250 4980 ἡμῖν
3271 4925 3283 4938 ·
3312 4907 3422 4961 Καὶ
3443 4905 3527 4977 μὴ
3553 4905 3785 4972 ἐπαίρε-

2209 5006 2320 5057 σθε
2343 5019 2356 5032 ·
2395 5001 2513 5068 πᾶς
2554 5001 2665 5071 γὰρ
2710 5004 2743 5054 ό
2788 4999 2964 5069 ὑψῶν
2986 5000 3204 5054 ἑαυτὸν
3254 4997 3778 5063 ταπεινωθήσεταιο

2209 5093 2304 5147 καὶ
2327 5095 2355 5146 6
2379 5092 2568 5165 Σωτὴρ
2593 5092 2650 5146 δὲ
2674 5093 2731 5146 ὲν
2767 5092 2844 5164 τῷ
2880 5093 3060 5163 λέγειν
3078 5111 3091 5124 ·
3117 5092 3345 5149 Μάθετε
3369 5091 3470 5145 ἀπ’
3495 5089 3663 5159 ἐμοῦ,
3693 5087 3783 5141 ὅτι

2212 5186 2404 5253 πραῢς
2418 5189 2556 5254 ειμι,
2593 5185 2692 5240 καί
2727 5188 3004 5253 ταπεινὸς
3030 5186 3101 5255 τῇ
3127 5184 3472 5253 καρδίᾳ,καί
3497 5181 3784 5250 εὑρήσετε

2215 5278 2564 5333 ἀνάπαυσιν
2594 5279 2725 5347 ταῖς
2754 5280 2983 5351 ψυχαῖς
3022 5280 3189 5349 ὑμῶν
3208 5296 3220 5309 ·
3265 5277 3505 5332 διδάσκει
3539 5277 3686 5351 ἡμᾶς
3726 5274 3786 5339 τὸ

2213 5679 2386 5722 tamen
2414 5669 2564 5737 digni
2593 5683 2773 5737 sumus
2799 5667 2991 5737 salute.

2285 5737 2362 5806 (2)
2407 5733 2847 5805 Ἀῥκουμένους.
2879 5734 3018 5805 Lege
3042 5733 3397 5805 ἀρκούμενος.
