4296 6288
367 348 464 409 sui
1549 337 1613 394 LV
1652 332 1996 392 mansum
2033 330 2313 387 uomm
2356 328 2468 383 xu.
3498 331 3604 385 δυο

381 470 449 539 μὴ
464 460 787 535 ἐπαίρεσθαι.
811 459 966 514 Μετὰ
996 457 1105 529 γὰρ
1130 456 1238 512 τῶν
1259 458 1432 512 ἄλλων
1458 454 1813 526 ἀνθρωπίνων
1836 469 1930 506 κα·
1957 459 1999 513 Α
2030 466 2077 504 ιιι

1907 482 1930 499 η-
1957 459 1999 513 Α
2030 465 2136 504 non
2166 449 2440 503 elevemur
2472 465 2484 500 :
2520 444 2704 500 Omnis
2736 446 2930 515 quipr
2961 446 3047 514 qui
3080 463 3131 499 se
3172 445 3419 500 humilia!
3448 448 3603 500 exal-

383 535 480 611 κῶν
507 552 771 610 καὶτοῦτο
797 551 855 603 τὸ
890 550 1194 622 ἁμάρτημα
1218 548 1351 601 πολὺ
1389 548 1447 599 ἐν
1477 549 1605 616 ἡμῖν
1643 546 1811 607 ἐστιν,
1840 542 1929 595 ὁτὲ
2035 551 2079 594 ta

1906 542 1929 593 ἐ
2035 542 2237 594 labitur
2264 539 2328 603 1’¹¹;
2364 548 2418 592 et
2470 535 2719 591 Salvator
2753 546 2940 591 noster
2973 537 3158 591 dicens
3190 538 3235 568 "
3284 556 3297 591 :
3338 537 3536 592 Discite
3568 555 3602 592 a

373 648 467 719 μὲν
490 644 592 716 γὰρ
627 642 767 696 πάνυ
792 640 1002 709 ἀλόγως
1027 637 1428 712 ἐπαιρομένοις,
1459 636 1553 689 καὶ
1585 636 1670 703 ἐφ’
1696 628 1769 687 ὧν
1809 631 1930 685 οὐδὲ
2032 645 2069 681 n

1909 631 1930 683 ὲ
2032 645 2114 681 me
2138 629 2260 699 quia
2291 629 2433 681 milis
2459 642 2575 679 sum
2608 635 2656 678 et
2682 624 2898 679 humilis
2921 625 3108 688 corde,
3148 635 3197 678 et
3225 626 3491 681 invenietis
3519 644 3605 680 re—

361 716 499 792 καπὰ
521 735 583 787 τὸ
621 731 787 785 ποσὸν
819 728 1140 802 ἐπαίρεσθαι
1167 728 1294 799 χρὴ,
1327 726 1416 779 ὁτὲ
1452 725 1509 778 δὲ
1544 722 1682 795 μετά
1710 720 1938 775 πιθανό-
2032 737 2057 790 q

1910 750 1938 763 -
2032 720 2204 790 quiem
2232 720 2287 771 in
2319 716 2598 771 animabus
2628 717 2834 779 uestris;
2859 716 3015 769 docet
3046 729 3234 770 nosne
3260 717 3602 771 extollamur.

364 843 535 899 τητος,
561 827 645 879 ὅτι
672 822 897 891 εὔλογον
921 821 981 873 τὸ
1008 821 1093 889 ἐφ’
1115 820 1143 872 ὃ
1167 815 1526 892 ἐπαιρόμεθα,
1552 816 1615 868 ού
1646 815 1751 885 μὴν
1778 812 1930 882 ὑγιὲς
2033 808 2060 863 1‘

1910 829 1930 876 ;
2033 808 2168 864 Nam
2196 825 2321 864 cum
2373 808 2559 862 multis
2608 807 2758 861 vitiis
2798 822 2969 877 genus
3019 818 3244 861 vexetur
3284 808 3606 868 humanum,

375 896 452 972 καὶ
471 919 556 971 ἐπ’
579 917 760 970 ἐκεῖνο
783 914 844 967 τὸ
880 911 1223 982 ἐπαίρεσθαι.
1900 922 1903 927 ⁴
2033 901 2067 955 h

2033 901 2140 956 hoc
2190 909 2412 970 peccato
2464 899 2546 954 vel
2594 897 2829 952 maxime
2870 899 3151 967 premitur.
3198 896 3309 953 Nec
3348 914 3488 953 unus
3529 907 3610 952 est

369 1011 551 1064 modus
572 1007 861 1078 superbiae.
892 1005 1046 1059 Alius
1071 999 1514 1057 irrationabiliter
1558 1007 1613 1053 et
1641 997 1933 1052 stultorum
1973 1008 2129 1048 more
2154 993 2208 1047 in
2243 992 2309 1047 iis
2342 991 2566 1047 effertur
2610 1005 2731 1060 quae
2774 991 2948 1061 magis
2990 989 3197 1060 pudore
3239 990 3400 1060 digna
3453 1000 3610 1046 sunt.

364 1117 448 1162 aut
490 1114 641 1161 certe
684 1103 905 1157 modum
937 1098 1189 1154 elationis
1227 1095 1460 1152 excedit.
1500 1094 1655 1148 Alius
1694 1090 1851 1162 quasi
1887 1090 2000 1144 veri
2053 1088 2400 1143 simulatione
2456 1087 2712 1141 seductus
2744 1100 2909 1154 super
2956 1084 3023 1139 iis
3061 1086 3303 1139 elevatur
3346 1089 3465 1156 qua:
3509 1080 3612 1139 sibi

361 1199 521 1269 digna
561 1195 730 1267 gloria
761 1202 947 1264 putat,
995 1205 1119 1246 cum
1152 1198 1207 1244 et
1233 1189 1288 1241 in
1321 1187 1521 1242 talibus
1565 1183 1932 1254 periculosum
1971 1181 2043 1235 sit
2077 1178 2316 1249 gloriari.

430 1278 502 1344 ‘0
524 1290 582 1344 δέ
611 1289 753 1358 λέγω
779 1287 951 1349 οὕτως
987 1284 1140 1337 ἐσται
1175 1281 1346 1352 σαφές
1367 1297 1381 1311 θ
1413 1279 1518 1333 είσί
1539 1296 1683 1343 τινες
1712 1276 1935 1348 ἐπαιρό-
2105 1274 2126 1327 ε

1911 1306 1935 1316 -
2105 1274 2160 1327 8.
2216 1273 2537 1342 Exemplum
2589 1286 2865 1327 assumam
2893 1313 2907 1337 ,
2955 1286 3065 1342 quo
3106 1271 3200 1327 fiat
3243 1274 3607 1333 manifestius.

361 1399 535 1452 μενοι,
573 1381 655 1434 ὅτι
693 1379 826 1432 εἰσιν
876 1376 982 1429 υἱοὶ
1015 1373 1317 1446 ἡγεμόνων,
1364 1372 1458 1426 καὶ
1483 1372 1563 1425 ὅτι
1605 1370 1793 1439 γένους
1825 1366 1933 1420 εἰσὶ
2038 1368 2057 1422 ε

1914 1366 1933 1418 ι
2038 1368 2177 1423 Sunt
2209 1367 2431 1438 quidam
2461 1368 2514 1421 in
2555 1381 2619 1420 eo
2652 1382 2711 1420 se
2739 1365 3010 1436 jactantes
3035 1403 3050 1428 ,
3100 1367 3228 1437 quia
3277 1369 3376 1424 lilii
3425 1372 3610 1443 regum

357 1473 466 1528 τῶν
495 1471 604 1527 ἀπὸ
633 1468 911 1542 κοσμικῶν
941 1465 1268 1535 ἀξιωμάτων
1304 1463 1573 1535 μεγάλων.
1599 1463 1661 1516 Οἱ
1681 1459 1931 1524 τοιοῦτοι,
2036 1473 2053 1513 ε

1918 1499 1931 1524 ,
2036 1466 2183 1524 sunt,
2223 1466 2278 1513 et
2307 1457 2471 1512 nobili
2507 1456 2710 1511 familia
2736 1456 2867 1513 nati.
2901 1455 3214 1511 Istiusmodi
3248 1458 3499 1516 homines
3545 1477 3614 1518 ne

357 1567 449 1621 ἐπὶ
484 1562 828 1635 άπροαιρέτῳ
859 1561 954 1615 καὶ
997 1558 1282 1631 πράγματι
1327 1556 1604 1626 ἁδιαφόρῳ
1633 1552 1931 1624 ἐπαιρόμε-
2036 1566 2053 1603 ι

1917 1581 1931 1592 -
2036 1549 2286 1604 umbram
2338 1549 2558 1619 quidem
2602 1555 2656 1603 et
2697 1548 2989 1618 imaginem
3022 1549 3274 1606 elationis
3320 1567 3433 1607 suae
3481 1570 3613 1623 pos-

356 1675 458 1722 νοι,
489 1657 609 1711 οὐδὲ
635 1654 970 1724 πιθανότητα
999 1653 1219 1722 εὔλογον
1264 1651 1443 1723 ἔχουσι
1470 1647 1567 1719 τὴν
1593 1644 1936 1718 παραϐαλλο-
1966 1687 2009 1742 B
2038 1657 2052 1696 ε

1917 1672 1936 1683 -
1966 1687 2009 1742 Β
2038 1649 2167 1696 sunt
2215 1643 2521 1695 ostendere.
2563 1641 2705 1695 Sunt
2753 1642 2842 1694 alii
2882 1641 2974 1710 qui
3018 1643 3086 1697 de
3125 1658 3191 1697 eo
3237 1644 3613 1713 sublevantur,

359 1751 532 1822 μένην
564 1749 759 1812 αὐτοὺς
782 1747 874 1799 ἐπὶ
902 1747 964 1800 τὸ
996 1742 1339 1816 ἐπαίρεσθαι.
1384 1740 1534 1795 Εἰσὶν
1561 1737 1933 1809 ἐπαιρόμενοι.
1967 1731 2009 1742 ”
2042 1747 2055 1786 ι

1919 1775 1933 1797 ,
1967 1731 2009 1742 ”
2042 1731 2167 1801 quia
2199 1740 2518 1800 potestatem
2549 1732 2749 1785 habent
2776 1731 3058 1787 occidendi
3092 1732 3372 1801 homines;
3416 1744 3510 1803 et,
3555 1748 3615 1793 ut

352 1842 437 1896 ὅτι
472 1842 726 1917 εἰλήφασι
754 1840 853 1911 τὴν
888 1837 1017 1911 παρ’
1050 1838 1233 1900 αὐτοῖς
1272 1832 1613 1903 καλουμένην
1656 1830 1937 1901 προκοπὴν
2043 1831 2048 1891 1

1918 1847 1937 1882 ν
2043 1822 2205 1892 200
2230 1822 2330 1892 ipsi
2362 1830 2576 1892 putant.
2608 1838 2671 1876 ea
2709 1822 2828 1877 fulti
2865 1832 2994 1878 sunt
3032 1824 3327 1896 dignitate,
3368 1837 3428 1884 ut
3475 1848 3614 1901 quo-

352 1932 635 2004 τοιαύτην,
664 1914 824 1984 ’ὥστε
863 1928 1158 1997 ἀποτεμεῖν
1201 1921 1503 1996 ἀνθρώπων
1548 1919 1809 1989 κεφαλάς.
1873 1919 1938 1972 Ἠ
2043 1932 2048 1969 :

1922 1919 1938 1971 l
2043 1931 2167 1969 rum
2211 1914 2378 1968 velint
2422 1914 2603 1984 capita
2646 1925 2851 1970 secent.
2892 1915 3095 1972 Horum
3131 1920 3299 1989 gloria
3329 1921 3382 1975 in
3426 1922 3618 1978 confu-

349 2021 486 2087 δόξα
522 2020 631 2075 τῶν
657 2017 910 2074 τοιούτων
948 2018 1005 2070 ἐν
1035 2017 1103 2086 τῇ
1131 2012 1360 2084 αἰσχύνῃ
1390 2008 1569 2064 αὐτῶν
1596 2011 1762 2061 ἐστιν.
1803 2005 1933 2057 Ἀλ-

1920 2035 1933 2045 -
2045 2006 2198 2061 sione
2224 2022 2322 2060 sua
2361 2015 2463 2060 est.
2515 2004 2619 2058 Alii
2668 2022 2832 2076 super
2877 2008 3085 2065 divitiis
3123 2010 3226 2065 sibi
3263 2013 3616 2081 applaudunt,

347 2109 436 2163 λοι
486 2110 581 2163 ἐπὶ
630 2107 844 2174 πλούτῳ
895 2104 1213 2174 ἐπαίρονται
1251 2099 1351 2153 οὐκ
1398 2094 1654 2166 ἀληθινῷ,
1685 2092 1822 2148 ἀλλὰ
1862 2091 1941 2162 τῷ

1919 2091 1941 2162 ᾖ
2047 2112 2155 2149 non
2189 2096 2276 2151 his
2307 2096 2473 2162 veris,
2504 2097 2595 2150 sed
2644 2096 2711 2150 iis
2755 2097 2958 2153 divitiis
2991 2115 3114 2169 qua:
3161 2102 3415 2157 deorsum
3468 2114 3615 2160 sunt.

350 2202 536 2254 κάτω.
566 2200 677 2253 Καὶ
712 2198 859 2253 ἄλλοι
890 2195 1230 2265 ἐπαίρονται,
1258 2191 1378 2262 φέρ’
1408 2190 1602 2250 εἰπεῖν,
1634 2186 1726 2240 ἐπὶ
1762 2183 1839 2255 τῷ
1865 2184 1943 2236 ol-

1925 2213 1943 2225 -
2046 2186 2150 2239 Alli
2179 2186 2496 2256 superbiant
2527 2203 2691 2256 super
2731 2189 2895 2244 domo
2924 2191 3234 2261 splendida,
3282 2209 3448 2265 super
3490 2211 3621 2266 pos-6

353 2290 490 2345 κίαν
528 2290 671 2361 ἔχειν
711 2287 880 2360 καλὴν
923 2286 956 2358 ἢ
998 2284 1203 2356 ἀγροὺς
1242 2280 1493 2343 πολλούς.
1525 2278 1690 2331 Ούδέν
1736 2275 1942 2329 τούτων

1924 2293 1942 2328 ν
2049 2277 2385 2332 sessiouibus
2411 2278 2618 2341 multis,
2647 2278 2700 2331 in
2736 2280 2936 2349 quibus
2966 2282 3236 2339 universis
3263 2300 3370 2341 non
3404 2296 3486 2341 est
3526 2303 3620 2358 pen

353 2382 480 2437 ἐστὶ
509 2382 669 2450 λόγου
703 2380 872 2444 ἄξιον.
910 2378 984 2431 Ού
1019 2376 1127 2446 χρὴ
1173 2370 1494 2445 ἐπαίρεσθαι
1540 2369 1630 2422 ἐπί
1666 2385 1772 2421 τινι
1816 2365 1942 2419 τού·-

1920 2396 1942 2406 η
2049 2368 2196 2422 nitus
2216 2368 2576 2437 gloriandum.
2608 2367 2762 2436 Quod
2794 2382 2974 2428 autem
3005 2374 3298 2432 verisimile
3319 2387 3373 2433 et
3394 2380 3616 2451 dignum

352 2491 491 2527 των.
532 2470 605 2525 Τὸ
642 2468 865 2523 πιθανὸν
893 2466 950 2519 δὲ
995 2465 1124 2537 περὶ
1160 2461 1256 2516 τοῦ
1302 2458 1649 2530 ἐπαίρεσθαι,
1682 2457 1810 2511 ὅταν
1861 2474 1943 2520 τις
2043 2511 2048 2524 ε

1920 2474 1943 2520 ς
2043 2455 2341 2525 judicatur,
2367 2467 2428 2512 ut
2460 2460 2681 2529 quidam
2713 2469 2943 2530 putant,
2992 2465 3331 2535 gloriandum
3364 2480 3448 2527 est
3493 2487 3616 2526 cum

352 2563 679 2636 ἐπαίρηται,
720 2561 801 2613 ὅτι
845 2556 1006 2626 σοφός
1040 2556 1177 2618 ἐστι,
1212 2552 1308 2606 καὶ
1348 2550 1642 2622 ὲπαίρηται
1691 2546 1943 2611 συνειδὼς

1921 2564 1943 2611 ς
2047 2546 2246 2616 aliquis
2275 2547 2346 2602 ob
2374 2549 2693 2616 sapientiam
2729 2566 2886 2605 suam
2914 2552 3179 2621 elevatur,
3225 2567 3318 2612 aut
3363 2562 3617 2616 conscius

357 2640 565 2724 ἐαυτῷ,
595 2652 676 2706 ὅτι
699 2650 802 2722 ήδη
829 2647 936 2702 ἀπὸ
957 2646 1088 2700 δέκα
1110 2643 1244 2697 ἐτῶν
1266 2642 1365 2713 οὐχ
1388 2640 1566 2713 ἥψατο
1591 2636 1938 2709 ἀφροδισίων,
2046 2655 2053 2691 ε

1926 2675 1938 2700 ,
2046 2637 2150 2692 sibi
2179 2647 2261 2692 est
2288 2638 2415 2705 quia
2442 2639 2627 2693 decem
2656 2640 2769 2708 jam
2797 2644 2955 2698 annis
2988 2660 3076 2700 res
3109 2663 3365 2704 venereas
3390 2666 3499 2705 non
3540 2660 3622 2708 te-

356 2745 393 2817 ἥ
423 2742 525 2799 καὶ
552 2743 619 2795 ἐκ
654 2740 861 2794 παίδων
893 2738 992 2808 οὐχ
1024 2734 1220 2806 ἥψατο.
1253 2733 1364 2786 Καὶ
1398 2730 1560 2783 πάλιν
1596 2726 1753 2790 ἄλλος
1781 2725 1939 2778 ἐπαί-
2047 2737 2052 2780 1

1924 2755 1939 2765 -
2047 2727 2226 2798 tigerit
2252 2728 2363 2782 sive
2394 2727 2462 2782 ab
2502 2727 2732 2784 infantia
2757 2730 2966 2802 integer
2989 2744 3284 2807 castusque
3306 2754 3620 2808 permanse-

359 2815 541 2909 ρεται,
582 2833 663 2886 ὅτι
700 2829 932 2901 δεσμοὺς
977 2826 1202 2898 ἐφόρεσε
1230 2823 1356 2884 τοὺς
1395 2820 1525 2893 περὶ
1553 2815 1813 2892 Χριστοῦ.
1844 2817 1942 2870 Πι-
2044 2837 2055 2874 ι

1923 2846 1942 2856 -
2044 2821 2136 2875 rit.
2183 2820 2533 2891 Rursumque
2582 2822 2723 2876 alius
2764 2823 3036 2894 erigitur,
3085 2827 3212 2896 quia
3260 2829 3476 2886 vincula
3520 2849 3619 2904 pro

358 2906 601 2996 θανότης
628 2921 725 2991 μὲν
754 2919 901 2973 ἔστιν
925 2913 1159 2970 ἐνταῦθα
1185 2909 1575 2972 ὑποϐάλλουσα,
1600 2909 1681 2961 ὅτι
1706 2906 1939 2975 εὐλόγως
2043 2915 2054 2960 ι

1922 2922 1939 2968 ἲ
2043 2910 2264 2965 Christo
2299 2911 2612 2980 portaverit.
2647 2910 2814 2967 Recta
2838 2915 3055 2983 quidem
3084 2917 3476 2977 videnturhaec
3501 2939 3618 2979 om-

354 3032 444 3080 τις
470 3013 756 3084 ἐπαίρεται
778 3027 791 3041 ο
822 3007 957 3080 πλὴν
980 3004 1151 3065 οὕτως
1173 3005 1274 3057 οὐκ
1302 3001 1446 3055 ἔστιν
1469 2998 1591 3054 ούδέ
1617 2999 1709 3052 ἐπὶ
1732 2996 1939 3059 τούτοις
1968 3034 2010 3092 C
2047 3023 2050 3058 1

1923 3013 1939 3059 ς
1968 3034 2010 3092 C
2047 3006 2157 3071 nia,
2184 3014 2239 3060 et
2271 3004 2614 3074 subjicienda
2647 3007 2879 3075 quadam
2912 3011 3265 3077 persuasione
3284 3012 3350 3067 ad
3382 3015 3619 3082 glorian-

354 3107 604 3177 εὐλόγως
628 3101 967 3174 ἐπαίρεσθαι.
999 3096 1206 3159 Παῦλος
1238 3090 1350 3166 εἶχε
1380 3095 1480 3166 τὴν
1509 3091 1643 3162 ὓλην
1672 3089 1767 3144 τοῦ
1791 3088 1943 3142 ἐπαί-
1981 3088 1997 3092 θ
2043 3117 2050 3147 ι

1924 3118 1943 3128 -
2043 3096 2195 3164 dum;
2233 3101 2325 3151 sed
2353 3110 2419 3150 ne
2442 3096 2494 3149 in
2520 3096 2605 3151 his
2627 3097 2868 3166 quidem,
2904 3100 2950 3154 si
2976 3110 3155 3156 tamen
3189 3106 3471 3174 sequimur
3524 3123 3620 3162 ve-

356 3198 561 3272 ρεσθαι
591 3196 752 3250 αὑτὸν
784 3192 872 3247 διὰ
896 3192 996 3258 τὰς
1025 3189 1308 3253 ὀπτασίας,
1333 3187 1421 3240 διά
1446 3184 1515 3239 τὰ
1544 3184 1816 3258 ὁράματα,
1847 3179 1943 3234 καὶ
2042 3203 2052 3242 ]

1924 3179 1943 3232 l-
2042 3187 2278 3252 ritatem,
2310 3187 2705 3243 rationabiliter
2730 3191 2854 3260 quis
2874 3190 3115 3260 eﬂ‘ertur,
3144 3195 3270 3264 quia
3298 3205 3350 3250 et
3375 3199 3427 3251 in
3455 3198 3620 3255 rebus

344 3286 459 3344 διὰ
487 3291 557 3345 τὰ
586 3290 787 3360 τέρατα
825 3287 919 3340 καὶ
963 3285 1186 3355 σημεῖα,
1215 3281 1303 3335 διὰ
1350 3280 1478 3342 τοὺς
1529 3276 1807 3347 καμάτους
1849 3272 1943 3337 οὓς

1924 3289 1943 3337 ς
2043 3279 2203 3335 bonis
2236 3279 2577 3350 gloriandum
2617 3290 2702 3336 est
2747 3282 2866 3338 sine
2907 3284 3243 3341 discrimine.
3278 3285 3482 3345 Paulus
3518 3291 3620 3347 lia-

350 3382 575 3453 ἒδεαμεν
603 3378 745 3449 ὑπὲρ
772 3372 1032 3446 Χριστοῦ,
1068 3371 1157 3426 διά
1196 3369 1296 3434 τὰς
1332 3366 1654 3438 Ἐκκλησίας
1684 3366 1748 3428 ἃς
1775 3361 1943 3435 ἔπηξε
2045 3372 2046 3378 ‘

1924 3380 1943 3415 ε
2045 3371 2162 3426 buit
2192 3372 2472 3426 materiam
2500 3372 2772 3439 elationis,
2824 3374 3033 3431 habens
3064 3376 3118 3430 in
3148 3393 3208 3433 se
3240 3378 3497 3447 visiones,
3536 3399 3620 3437 re-

346 3468 838 3542 φιλοτιμούμενος,
863 3466 995 3518 ὅπου
1037 3461 1109 3534 μὴ
1137 3457 1428 3532 ὠνομάσθη
1462 3456 1695 3529 Χριστὸς
1722 3453 1945 3524 θέμενος

1923 3468 1945 3515 ς
2043 3462 2360 3527 velationes,
2400 3463 2551 3532 signa
2580 3505 2594 3530 ,
2641 3465 2869 3519 virtutes
2894 3504 2910 3530 ,
2954 3476 3175 3536 propter
3214 3469 3428 3526 labores
3478 3486 3619 3540 quos

365 3559 724 3631 ⁹Ἐκκλησίαν.
765 3555 950 3609 Ταῦτα
981 3554 1159 3607 πάντα
1199 3550 1331 3623 ὓλην
1369 3548 1463 3602 τοῦ
1493 3542 1814 3618 ἐπαίρεσθαι
1844 3543 1942 3595 aii-
2044 3556 2061 3609 ι

1923 3571 1942 3582 ·
2044 3554 2248 3610 Christi
2272 3568 2436 3609 causa
2471 3571 2760 3625 perpessus
2788 3564 2892 3623 est,
2927 3567 3147 3627 pr0pter
3177 3557 3445 3614 Ecclesias
3480 3576 3619 3629 quas

349 3657 462 3709 τὸν
490 3649 602 3724 εἶχε
635 3652 812 3721 λέγειν
852 3648 924 3719 (l)
967 3646 1105 3718 μετά
1138 3643 1495 3713 πιθανότητος
1538 3639 1637 3710 τῆς
1685 3637 1813 3708 περὶ
1850 3634 1943 3688 τοῦ

1918 3634 1943 3688 ὗ
2046 3646 2347 3709 constituit,
2382 3648 2718 3702 contendens
2754 3648 2845 3702 ubi
2875 3648 3128 3704 Christus
3163 3665 3267 3702 non
3295 3659 3406 3704 erat
3446 3651 3614 3704 nomi-

355 3742 711 3816 ἐπαίρεσθαι,
737 3742 819 3795 ὅτι
848 3737 1026 3801 καλῶς
1054 3736 1119 3791 ἂν
1162 3733 1306 3801 ἕδοξὲ
1341 3749 1480 3786 τισιν
1508 3726 1826 3798 ἐπαίρεσθαι
1851 3724 1946 3777 αύ-
2046 3754 2051 3791 ι

1920 3754 1946 3765 ·
2046 3746 2225 3804 natus,
2256 3737 2326 3792 ibi
2352 3737 2534 3807 jacere
2566 3737 3001 3795 fundamentum.
3040 3739 3166 3794 [hee
3205 3743 3392 3795 omnia
3441 3751 3616 3796 mateo

351 3837 480 3891 τόν.
506 3830 805 3904 Ἀλλ’ὅμως
835 3831 957 3883 ἐπεὶ
994 3826 1116 3882 ούδέ
1148 3826 1207 3880 τὸ
1230 3825 1322 3879 ἐπὶ
1359 3825 1472 3887 τοῖς
1496 3819 1759 3883 τοιούτοις
1789 3816 1947 3870 ἐπαί-

1924 3845 1947 3857 -
2048 3830 2140 3884 ria:
2161 3838 2315 3884 erant
2345 3831 2751 3898 gloriationum,
2781 3840 2836 3886 et
2862 3833 2907 3888 si
2936 3833 3016 3886 sic
3047 3832 3263 3899 expedit
3289 3832 3488 3895 dicere,
3524 3849 3620 3887 ve-

352 3925 562 4003 ρεσθαι
590 3922 869 3978 ἀκίνδυνόν
898 3923 1067 3983 ἐστιν,
1097 3920 1126 3971 ὁ
1157 3915 1390 3988 χρηστὸς
1418 3913 1627 3985 Πατὴρ,
1651 3911 1708 3975 ὃς
1742 3908 1946 3980 ἐδωρή-
2044 3938 2048 3973 τ

1924 3938 1946 4003 _'
2044 3921 2288 3977 risimilis
2317 3937 2481 3978 causa
2516 3938 2640 3993 qua:
2692 3924 2977 3978 honestam
3028 3923 3324 3991 subjiceret
3364 3926 3620 3997 jactatio‘

363 3996 504 4071 irato
528 4017 604 4087 (2)
627 4012 774 4084 αύτῷ
801 4009 1063 4073 ὀπτασίας
1091 4010 1183 4062 καὶ
1207 4007 1477 4079 ὁράματα,
1510 3998 1664 4065 οὗτος
1690 4000 1767 4071 (ὅ)
1796 3996 1946 4065 αύτῷ
2046 4028 2059 4066 ι

1924 3996 1946 4065 ἶ)
2046 4027 2190 4066 nem.
2222 4011 2325 4066 Sed
2351 4013 2480 4082 quia
2513 4029 2581 4066 ne
2606 4012 2660 4066 in
2702 4013 2903 4068 talibus
2937 4015 3157 4084 quidem
3203 4015 3323 4071 sine
3372 3996 3620 4087 periculo

358 4110 432 4162 ἐν
464 4106 805 4179 χαρίσματος
831 4102 997 4174 μοίρᾳ
1020 4098 1219 4152 ἔδωκεν
1240 4093 1469 4164 ἄγγελον
1496 4091 1694 4156 Σατάν,
1728 4091 1815 4143 ἵνα
1846 4087 1946 4141 αύ-
2046 4122 2054 4155 ι

1925 4115 1946 4127 ·
2046 4111 2126 4159 est
2155 4103 2447 4168 sublevari,
2482 4102 2749 4172 benignus
2781 4112 2836 4159 et
2869 4105 3125 4175 providus
3154 4104 3314 4161 Pater
3345 4107 3621 4177 quomodo

364 4198 464 4253 τὸν
489 4178 779 4268 κολαφίσῃ,
809 4194 896 4248 ἵνα
925 4192 998 4265 μὴ
1029 4188 1395 4261 ύπεραίρηται
1414 4201 1429 4215 ο
1472 4182 1567 4237 καὶ
1596 4181 1726 4253 περὶ
1753 4178 1945 4233 τούτου
2046 4209 2060 4249 ε

1921 4195 1945 4232 υ
2046 4193 2096 4249 ei
2131 4193 2359 4264 largitus
2390 4201 2475 4248 est
2504 4194 2862 4250 revelationes
2887 4235 2903 4261 ,
2948 4203 3003 4249 et
3045 4195 3250 4265 gratias
3288 4197 3617 4267 diﬂ‘erentes,

366 4287 493 4358 τρὶς
518 4285 610 4339 τὸν
651 4283 854 4354 Κύριον
882 4279 1279 4353 παρεκάλεσεν,
1335 4275 1423 4329 ῐνα
1467 4272 1677 4342 ἀποστῇ
1712 4269 1805 4324 ἀπ’
1851 4268 1949 4321 αὺ-
2048 4303 2062 4343 ε

1923 4298 1949 4361 _"
2048 4287 2128 4343 sic
2154 4288 2220 4341 ad
2254 4286 2535 4341 tuitionem
2568 4286 2837 4340 donorum
2871 4302 3095 4342 suorum
3127 4288 3345 4343 tradidit
3369 4290 3619 4361 angelum

368 4357 469 4432 τοῦ
495 4378 525 4431 ὁ
551 4374 781 4445 ἄγγελος
805 4369 898 4428 τοῦ
937 4369 1172 4435 Σατανᾶ,
1193 4368 1223 4420 ὁ
1250 4365 1369 4420 κατ’
1396 4361 1725 4433 οἰκονομίαν,
1753 4360 1841 4414 ἵνα
1870 4357 1944 4430 μὴ
1974 4379 2019 4435 υ
2048 4378 2064 4433 ε

1926 4364 1944 4430 Ἴ
1974 4379 2019 4435 D
2048 4377 2283 4444 Satanae,
2315 4387 2373 4435 ut
2395 4395 2517 4434 eum
2548 4378 2870 4449 eolaphizet,
2898 4395 2966 4434 ne
2990 4380 3341 4436 extolleretnr
3367 4400 3380 4436 :
3417 4357 3470 4435 et
3493 4397 3622 4452 pro-

371 4469 684 4542 ἐπαίρηται,
714 4465 888 4528 δοθεὶς
916 4461 1064 4534 αὐτῷ
1081 4478 1096 4493 '
1124 4461 1218 4516 καὶ
1245 4455 1578 4527 ἀπεκρίνατο
1605 4451 1754 4523 αύτῷ
1777 4453 1805 4504 ὁ
1829 4450 1944 4505 Κύ-
2047 4487 2067 4541 ι

1926 4480 1944 4491 ’
2047 4480 2164 4541 pter
2192 4471 2296 4525 hoc
2326 4478 2407 4525 ter
2422 4469 2711 4525 Dominum
2739 4471 2967 4542 rogavit,
3003 4471 3209 4527 scilicet
3235 4481 3292 4526 ut
3320 4472 3387 4526 ab
3412 4488 3479 4527 eo
3494 4450 3622 4528 idis-

379 4577 491 4630 ριος
524 4557 693 4631 (ἄξιος
716 4555 826 4627 γὰρ
842 4550 911 4626 ἦν
946 4552 1286 4630 ἀποκρίσεως
1308 4548 1512 4620 Κυρίου
1534 4548 1563 4601 ὁ
1597 4543 1830 4615 Παῦλος)
1852 4542 1948 4596 καὶ
2048 4579 2075 4618 c

1922 4542 1948 4595 λ
2048 4564 2262 4618 cederet
2286 4562 2512 4633 angelus
2544 4563 2792 4635 Satanae,
2833 4564 2926 4635 qui
2956 4565 3111 4634 juxta
3155 4564 3618 4634 dispensationem

376 4646 526 4704 εἶπεν
549 4645 717 4719 αύτῷ·
754 4644 952 4714 Ἀρκεῖ
972 4659 1072 4699 σοι
1094 4645 1133 4712 ή
1154 4641 1326 4712 χάρις
1339 4654 1478 4708 μου·
1502 4638 1542 4706 ἡ
1565 4634 1674 4741 Ti?
1697 4632 1976 4702 δύναμίο
2049 4668 2072 4706 c

1925 4653 1976 4699 ςυ
2049 4652 2098 4706 ei
2133 4632 2414 4722 appositus
2462 4651 2643 4708 fuerat
2680 4632 2746 4706 ἦ.
2789 4632 2895 4707 Sed
2933 4632 3215 4723 respondit
3244 4632 3311 4708 “ei
3361 4652 3621 4711 Dominus

376 4756 489 4808 μου
504 4741 573 4795 ἐν
587 4738 870 4804 ἀσθενείᾳ
883 4734 1230 4790 τελειοῦται.
1262 4731 1378 4784 Ἐπ’
1400 4728 1574 4782 οὐδενὶ
1591 4723 1683 4781 οὖν
1701 4723 1951 4817 δεῖ
2053 4744 2072 4814 (

1925 4753 1951 4763 ·
2053 4742 2273 4814 (dignus
2299 4744 2500 4814 quippe
2526 4752 2643 4799 erat
2671 4743 3023 4813 responsione
3059 4742 3284 4817 Paulus)
3314 4753 3370 4801 et
3396 4746 3535 4804 dixit
3553 4748 3621 4803 ad

383 4831 564 4901 ρεσθαι
577 4847 594 4861 ⁸
619 4827 903 4884 ἀκολουθεῖ
917 4827 1026 4897 γὰρ
1044 4827 1225 4878 πεσεῖν
1241 4821 1321 4892 τῷ
1340 4818 1681 4892 ἐπαίρεσθαι,
1701 4815 1842 4870 κατά
1859 4813 1939 4867 τόο
2052 4813 2079 4888 ε

1928 4830 1939 4844 ’
2052 4848 2177 4888 eum
2203 4833 2250 4866 "
2278 4851 2293 4888 :
2331 4832 2533 4903 Suﬂicit
2563 4830 2657 4885 tibi
2690 4833 2869 4901 gratia
2896 4849 3032 4896 mea,
3059 4833 3227 4888 virtus
3258 4813 3397 4888 enim
3442 4836 3497 4890 in
3538 4837 3624 4890 in-

382 4921 497 4989 miti
522 4917 848 4989 συντριϐἦς
883 4917 1143 4986 ὑψοῦται
1177 4912 1391 4982 καρδία
1429 4909 1669 4977 ἀνδρὸς,
1705 4907 1803 4961 καὶ
1831 4905 1945 4975 πρὸ
2052 4928 2078 4997 ﬁ

1923 4905 1945 4958 δ
2052 4927 2309 4997 ﬁrmitate
2332 4926 2626 4995 perﬁcitur.
2663 4924 2839 4993 Super
2876 4926 3024 4999 nullo
3068 4926 3232 4995 igitur
3275 4928 3619 4997 gloriandum

382 5010 565 5083 δόξης
583 5009 983 5067 ταπεινοῦται.
1013 5006 1197 5062 Ταῦτα
1237 5004 1336 5076 μὲν
1360 5006 1441 5066 εἰς
1470 5001 1531 5054 τό
1549 5018 1563 5031 ’
1611 5000 1947 5061 Ἀκούσατε,
2049 5033 2077 5073 ε

1930 5037 1947 5061 ν
2049 5025 2152 5074 est.
2190 5015 2449 5087 Sequitur
2497 5014 2697 5086 quippe
2740 5014 2901 5068 ruina
2930 5015 3292 5083 jactantiam,
3342 5014 3622 5085 Scriptura

383 5105 481 5159 καί
525 5104 913 5189 ἐνωτίσασθε,
945 5098 1043 5153 καὶ
1085 5097 1171 5168 μὴ
1207 5095 1560 5162 ἐπαίρεσθε⁶
1601 5091 1690 5143 ὅτι
1737 5090 1951 5157 Κύριος
2051 5108 2079 5163 d

1927 5108 1951 5154 ε
2051 5108 2267 5163 dicente
2296 5109 2342 5140 ”
2376 5126 2389 5162 :
2434 5107 2570 5162 Ante
2599 5105 2965 5160 contritiouem
3004 5105 3238 5158 elevatur
3284 5121 3373 5159 cor
3414 5106 3536 5170 uiri,
3574 5114 3623 5158 ct

383 5192 701 5265 summa
1017 5268 1021 5272 γ
2054 5209 2176 5254 ante
2209 5198 2437 5270 gloriam
2468 5197 2806 5252 Itumiliatur.
2833 5194 2897 5250 Et
2922 5198 3033 5249 haec
3061 5196 3280 5264 quidem
3315 5195 3462 5250 dicta
3499 5204 3627 5250 sunt

2053 5294 2121 5347 de
2152 5307 2219 5346 eo
2251 5291 2395 5361 quod
2428 5291 2503 5343 ait
2541 5308 2554 5343 ι
2587 5288 2781 5342 Αῑιάὶἴε
2810 5296 2859 5340 et
2883 5286 3101 5340 auribus
3128 5286 3408 5356 percipite,
3439 5295 3491 5340 et
3533 5301 3625 5338 no-

2053 5384 2147 5439 lite
2166 5381 2370 5449 extolli,
2396 5381 2645 5451 quoniam
2670 5378 2925 5432 Dominus
2948 5377 3152 5430 locutus
3176 5385 3273 5430 est.

454 5578 498 5608 "
527 5580 658 5633 Luc.
696 5588 850 5637 xvnt,
884 5570 971 5626 Η.
1044 5569 1092 5601 ’⁸
1117 5566 1306 5622 Matth.
1333 5579 1412 5631 ιι,
1440 5562 1530 5619 29.
1605 5564 1650 5598 ³⁷
1680 5563 1720 5622 Π
1748 5563 1877 5621 Cor.
1908 5574 2006 5631 xu,
2036 5553 2088 5622 7,
2125 5551 2150 5607 8

1446 5562 1530 5619 29.
1605 5564 1650 5598 ³⁷
1680 5563 1720 5622 Π
1748 5563 1877 5621 Cor.
1908 5574 2006 5631 xu,
2036 5553 2088 5622 7,
2125 5551 2196 5607 8.⁴
2254 5548 2300 5582 ’⁸
2328 5547 2462 5603 Ibid.
2504 5547 2561 5602 9.
2635 5543 2848 5601 "Prov.
2874 5557 3033 5607 xvm,
3056 5541 3142 5596 12.

459 5673 530 5741 (t)
554 5671 778 5741 Λέγεικ.
805 5666 949 5741 Lege
978 5662 1293 5741 uatis-{sim
1342 5730 1394 5741 _
1488 5734 1497 5741 _
2128 5648 2155 5719 (ε

1141 5662 1293 5741 ἐγειν.
1342 5730 1394 5741 ﬂ
2128 5645 2204 5719 (τι)
2240 5639 2447 5709 Οὗτος.
2481 5643 2620 5715 Lege
2648 5640 2837 5707 οὕτως.

459 5730 533 5812 (ἰ)
566 5730 663 5807 ὀξ-
689 5730 1050 5806 ὲόωρήῦνατο.
1076 5730 1215 5803 Lege
1243 5730 1316 5796 ὡς
1338 5730 1658 5808 ἐδωρήσατο,
