4296 6288
623 380 726 437 ,5⁸31

698 501 753 557 9.
787 497 1081 557 Videamus
1110 502 1291 561 autem
1327 502 1384 546 ct
1424 501 1618 547 caetera
1661 492 1676 523 ¹
1728 509 1741 545 :

628 590 740 645 Deo
763 597 942 643 nostra
969 586 1213 657 gloriam,
1246 583 1551 653 priusquam
1597 582 1866 646 obscuret,
1915 590 1963 635 et
2016 581 2197 651 prius-

625 694 785 750 quam
812 677 1079 745 oﬂ‘endant
1102 672 1257 742 pedes
1283 671 1441 725 vestri
1472 687 1632 741 super
1651 680 1853 726 montes
1875 670 2194 741 tenebrosus,

626 779 680 823 et
710 765 1037 824 sustinebitis
1065 764 1119 818 in
1143 763 1341 816 lumen.
1376 761 1512 819 Eum
1555 763 1649 832 qui
1680 765 1910 818 daturus
1949 769 2035 818 est
2078 762 2197 834 glo-

626 859 763 911 riam
798 854 928 920 Deo,
950 854 1063 911 vult
1092 854 1222 909 dare
1249 853 1304 908 in
1334 854 1561 918 lumine,
1598 853 1754 922 quasi
1785 853 1896 922 jam
1926 869 2033 907 non
2072 867 2201 922 pos-

627 950 698 1003 sit
723 946 948 1017 gloriam
978 946 1307 1015 praedicare,
1355 961 1479 1003 eum
1523 945 1759 999 tenebrae
1799 951 1934 998 ortae
1977 942 2221 998 fuerint“

628 1037 856 1104 Quando
892 1037 1237 1100 tenebrescit,
1268 1045 1327 1091 et
1354 1035 1577 1106 quando
1613 1049 1720 1092 neu
1754 1042 1883 1089 sunt
1932 1032 2201 1091 tenebrae?

626 1127 938 1198 Operamini
976 1127 1149 1182 donec
1180 1127 1361 1180 lumen
1385 1134 1472 1181 est
1509 1126 1560 1180 in
1604 1124 1781 1179 vobis.
1818 1123 2024 1178 Lumen
2060 1124 2114 1176 in
2150 1131 2202 1176 te

624 1232 728 1287 est,
753 1219 798 1274 si
831 1219 996 1273 habes
1032 1219 1085 1272 in
1117 1226 1167 1272 te
1199 1219 1468 1273 dicentem
1507 1235 1520 1271 :
1553 1216 1664 1287 Ege
1686 1233 1804 1269 sum
1841 1215 2018 1269 lumen
2047 1230 2203 1269 mun-

624 1311 682 1366 di
711 1312 751 1365 ⁸.
782 1310 1034 1376 ΩυιιηιΙῙιι
1077 1309 1182 1364 tibi
1214 1309 1309 1365 lux
1344 1309 1447 1364 ista
1482 1308 1680 1373 oritur,
1719 1308 1957 1362 claritica
2005 1306 2199 1371 Deum,

627 1402 808 1457 sciens
835 1402 963 1477 quia
987 1399 1182 1454 futurae
1205 1399 1364 1470 201
1392 1406 1521 1453 sunt
1550 1398 1804 1452 tenebrze.
1842 1395 1951 1451 Nec
1976 1396 2081 1451 tibi
2105 1412 2204 1450 ex-

626 1495 792 1565 pedit,
821 1505 880 1548 ut
906 1510 1001 1549 eas
1027 1492 1330 1564 opperiatis
1369 1492 1462 1546 sed
1489 1496 1776 1559 antequam
1803 1489 1950 1555 fiant,
1981 1489 2047 1542 da
2082 1490 2205 1560 glo-

630 1585 768 1640 riam
806 1583 941 1639 Deo.

713 1757 799 1813 10.
833 1756 1085 1813 Forsitan
1117 1757 1383 1825 intelliges
1408 1772 1649 1827 praesens
1677 1756 2006 1826 capitulum,
2046 1756 2092 1812 si
2137 1773 2202 1812 ex

2102 367 2264 424 OMG
2273 365 2428 421 ENIS

1799 489 1931 545 Date
1982 489 2207 545 Domino
2236 492 2282 548 Α

2383 486 2608 556 Ἴδωμεν
2661 485 2717 538 δὲ
2765 485 2857 540 καὶ
2902 485 3021 540 τίνα
3072 486 3280 541 κελεύει
3323 489 3476 560 ἡμᾶς
3535 490 3680 562 μετὰ
3716 491 3892 546 ταῦτα

2298 579 2490 630 ποιεῖν.
2531 577 2699 641 Δότε,
2744 577 2896 648 φησὶ,
2941 577 3135 645 Κυρίῳ
3169 578 3251 644 τῷ
3301 580 3426 646 Θεῷ
3473 582 3650 651 ὑμῶν
3699 582 3892 648 δόξαν

2297 669 2412 738 πρὸ
2459 669 2564 722 τοῦ
2609 668 3011 733 συσκοτάσαι,
3045 670 3156 737 πρὸ
3202 669 3307 724 τοῦ
3346 676 3704 743 προσκόψαι
3742 675 3890 742 τσὺς

2298 760 2491 826 πόδας
2520 759 2690 829 ὑμῶν
2712 759 2805 813 ἐπ’
2837 760 2943 828 ὄρη
2973 761 3276 825 σκοτεινὰ,
3299 763 3399 817 καὶ
3415 764 3771 834 ἀναμενεῖτε
3796 770 3889 835 εἰς

2299 851 2446 921 φῶς.
2482 852 2586 905 Τὸν
2622 852 2833 906 διδόντα
2864 851 3023 916 δόξαν
3056 851 3134 922 τῷ
3173 853 3290 924 Θεῷ
3317 854 3460 911 θέλει
3495 857 3698 911 διδόναι
3725 859 3890 925 δόξαν

2300 941 2376 1012 τῷ
2400 940 2519 1012 Θεῷ
2553 941 2727 1011 φωτὸς
2753 941 2932 1004 ὄντος·
2966 940 3043 1005 ὡς
3070 943 3132 995 οὐ
3178 942 3481 1016 δυναμένης
3508 947 3668 1018 δόξης
3696 948 3888 1017 ἀπαγ-

2301 1030 2585 1100 γέλλεσθαι
2626 1029 2723 1085 τοῦ
2764 1030 2925 1096 Θεοῦ,
2964 1030 3103 1084 ὲπὰν
3147 1034 3484 1106 συσκοτάσῃ,
3516 1037 3607 1089 καὶ
3653 1038 3879 1108 γένηται

2304 1119 2511 1183 σκότος.
2553 1120 2689 1173 Πότε
2720 1114 2813 1175 οὖν
2840 1118 3186 1185 συσκοτάζει,
3214 1123 3310 1175 καὶ
3337 1122 3470 1176 πότε
3504 1125 3878 1196 συσκοτασμὸς

2301 1209 2363 1261 οὐ
2389 1208 2630 1277 γίνεται;
2675 1208 3002 1281 Ἐργὰζεσθε
3025 1207 3127 1273 ἕως
3149 1205 3210 1265 οὗ
3240 1211 3301 1263 τὸ
3327 1210 3442 1281 φῶς
3469 1213 3528 1265 έν
3554 1212 3680 1282 ὑμῖν
3708 1212 3873 1275 ἐστιν,

2303 1297 2397 1353 ἐὰν
2432 1297 2564 1371 ἔχῃς
2590 1299 2647 1351 ἐν
2681 1298 2766 1350 σοὶ⁸
2793 1298 2883 1352 τὸν
2903 1299 3157 1353 εἰπόνταο
3195 1300 3340 1369 Ἐγώ
3373 1303 3492 1370 ειμι
3524 1300 3590 1354 τὸ
3618 1300 3744 1370 φῶς
3773 1302 3880 1356 τοῦ

2303 1390 2553 1459 κόσμου.
2590 1390 2752 1442 Ὅσον
2778 1388 2938 1442 τοῦτό
2972 1405 3052 1442 σοι
3076 1390 3374 1455 ἀνατέλλει,
3402 1391 3594 1458 δόξαζε
3616 1391 3707 1445 τὸν
3732 1391 3883 1444 Θεόν’

2307 1481 2415 1534 ι’σθι
2440 1481 2520 1539 δὲ.
2551 1482 2633 1534 ὅτι
2663 1480 2887 1534 δύναται
2910 1479 3162 1550 λέγεσθαι
3189 1483 3497 1553 σκοτασμός
3525 1501 3633 1547 τις,
3663 1483 3759 1536 καὶ
3782 1481 3888 1554 χρὴ

2309 1571 2383 1643 μὴ
2423 1574 2601 1642 μεῖναι
2639 1570 2729 1623 τὸν
2763 1568 3067 1638 σκοτασμὸν
3091 1568 3299 1634 τοῦτον,
3334 1569 3471 1624 ἀλλὰ
3496 1569 3606 1641 πρὸ
3636 1569 3731 1624 τοῦ
3763 1585 3889 1624 σκο-

2305 1662 2489 1725 τάσαι,
2523 1661 2620 1732 τὴν
2642 1660 2799 1727 δόξαν
2828 1659 3027 1713 διδόναι
3052 1658 3130 1730 τῷ
3152 1659 3291 1729 Θεῷ.

2378 1753 2530 1824 Τάχα
2558 1753 2822 1823 νοήσομεν
2861 1751 2923 1805 τὸ
2959 1750 3339 1823 γεγραμμένον
3368 1750 3707 1823 χρησάμενοι
3742 1748 3887 1816 λέξει

630 1845 928 1920 Evangelio
964 1847 1264 1918 sumpseris
1295 1848 1622 1917 exemplum,
1662 1847 1808 1916 quod
1843 1848 1916 1901 ita
1957 1848 2201 1902 contexi-
2232 1843 2273 1897 Β
2302 1860 2326 1896 ε

2190 1877 2201 1887 -
2232 1843 2273 1897 Β
2302 1841 2629 1912 εὐαγγελικῇ
2697 1840 2963 1912 εἰρημένῃ
3024 1839 3128 1892 ὑπὸ
3190 1839 3283 1893 τοῦ
3353 1840 3610 1911 Σωτῆρος
3635 1879 3650 1903 ,
3713 1837 3886 1901 οὕτως

630 1949 721 1995 tur
751 1940 771 1971 ³
807 1959 820 1994 :
863 1939 1169 2008 Operamini
1193 1943 1353 1991 donec
1375 1939 1485 1992 dies
1511 1948 1625 2002 est,
1671 1946 1805 1991 venit
1845 1953 1949 1991 nox
1988 1938 2200 2008 quando

629 2029 806 2085 nullus
824 2041 992 2100 potest
1015 2032 1243 2099 operari.
1278 2029 1429 2087 Diem
1462 2030 1533 2082 ibi
1566 2029 1828 2084 saeculum
1877 2029 2022 2083 istud
2062 2045 2204 2084 nun-

629 2122 866 2191 cupavit,
896 2130 951 2175 et
979 2122 1290 2175 necessario
1336 2120 1564 2189 apposui
1610 2119 1705 2174 ibi.
1760 2118 1887 2174 Scio
1917 2120 2116 2190 quippe
2146 2119 2200 2172 in

627 2209 751 2264 aliis
774 2210 911 2265 locis
941 2208 1279 2265 dissonantia
1307 2208 1667 2278 praesentibus
1696 2223 1763 2262 ex
1789 2208 1895 2263 diei
1935 2208 2202 2263 vocabulo

628 2302 944 2373 significari.
978 2300 1125 2357 Dicm
1167 2301 1350 2370 itaque
1374 2301 1708 2369 nuncupavit
1746 2301 2003 2355 saeculum
2034 2300 2199 2368 istud;

605 2384 880 2446 'tenebras
910 2407 1038 2445 vero
1071 2399 1124 2444 et
1153 2400 1389 2454 noctem,
1421 2390 1952 2444 consummationem
1986 2389 2199 2455 mundi,

628 2492 848 2554 pr0pter
882 2483 1143 2553 supplicia
1173 2497 1294 2552 qua:
1317 2482 1499 2537 futura
1521 2490 1663 2541 sunt.
1700 2480 1768 2536 Ut
1798 2482 1924 2552 quid
1946 2483 2084 2535 enim
2114 2499 2204 2536 uo-

628 2575 708 2628 bis
730 2573 1027 2628 desiderare
1046 2573 1185 2625 diem
1202 2571 1444 2626 Domini?
1467 2570 1536 2626 Et
1562 2573 1665 2626 ista
1686 2581 1761 2625 est
1787 2571 2010 2626 tenebrae
2028 2583 2076 2626 et
2100 2589 2205 2627 non

624 2664 724 2719 lux
755 2664 797 2729 ⁸,
846 2665 1015 2719 Amos
1045 2663 1221 2732 inquit
1264 2666 1573 2732 prophetes.
1623 2663 1680 2716 Si
1720 2664 2031 2718 consideres
2080 2673 2206 2733 post

625 2755 1156 2809 co'nsununationem
1190 2751 1378 2805 mundi
1413 2751 1642 2821 lugubre
1666 2752 1796 2805 illud
1826 2753 1971 2820 quod
2009 2768 2206 2823 passu-

605 2841 752 2898 ‘rum
778 2852 861 2897 est
911 2841 1231 2898 universum
1267 2855 1402 2911 pene
1451 2841 1731 2895 hominum
1769 2857 1940 2911 genus
1987 2857 2087 2912 pro
2118 2843 2206 2900 his

631 2948 754 3004 qua:
783 2931 1045 3002 peccaviit,
1073 2932 1280 2987 videbis
1303 2933 1579 3001 quomodo
1606 2933 1839 2987 tenebrae
1861 2943 2206 3004 occupatura:

632 3024 745 3080 sint
773 3024 977 3087 omnia,
1007 3033 1060 3078 et
1089 3023 1270 3078 nullus
1297 3025 1472 3093 possit
1500 3024 1554 3078 in
1584 3024 1675 3079 illo
1716 3035 1960 3096 tempore
1998 3027 2209 3098 gloriﬁ-

632 3133 760 3173 care
794 3116 985 3172 Dcum.
1015 3116 1072 3171 Si
1102 3116 1321 3188 quidem
1363 3126 1417 3172 et
1443 3117 1608 3186 justis
1641 3116 1696 3171 in
1722 3116 1863 3172 Isaia
1887 3117 2153 3183 jubetur‘
2186 3139 2200 3176 :

642 3209 804 3274 Vade,
828 3209 1052 3280 populus
1081 3225 1248 3270 meus,
1275 3209 1329 3262 in
1351 3209 1717 3278 promptuaria
1743 3217 1836 3262 tua
1862 3209 2024 3276 intra,
2055 3210 2205 3265 clau-

631 3302 695 3355 de
725 3301 917 3355 ostium
949 3310 1117 3366 tuum,
1155 3308 1203 3354 et
1248 3298 1562 3353 abscondere
1596 3299 1850 3369 pusillum
1887 3302 2204 3370 quantulum

629 3395 796 3450 donec
827 3396 911 3448 ira
936 3393 1033 3447 Dei
1066 3402 1323 3448 transeat.
1373 3390 1549 3446 Simul
1580 3403 1761 3447 autem
1799 3401 1853 3449 et
1898 3394 1953 3448 in
1991 3395 2078 3450 his
2111 3394 2206 3466 qui

630 3495 810 3559 potest
837 3487 1122 3550 observet,
1166 3498 1335 3554 quare
1380 3483 1519 3541 dixit
1556 3483 1812 3553 pusillum
1856 3486 2203 3555 quantulum.

630 3578 964 3646 Quantulum
999 3576 1254 3647 pusillum
1280 3578 1477 3645 quippe
1507 3575 1630 3637 hoc,
1672 3577 1996 3645 quantulum
2032 3578 2206 3647 pusil-

629 3669 745 3726 lum
793 3678 876 3723 est
913 3667 1148 3733 Domini,
1179 3682 1286 3721 non
1331 3676 1414 3720 est
1447 3665 1705 3737 pusillum
1754 3668 2091 3723 hominibus.
2139 3668 2209 3724 Et

631 3762 893 3817 debemus
918 3761 1184 3830 inspicere
1209 3760 1486 3828 quomodo
1514 3759 1742 3829 singulis
1771 3771 1863 3815 aut
1886 3778 2110 3830 parvum
2136 3763 2209 3817 sit

630 3855 857 3925 aliquid,
903 3861 998 3908 aut
1048 3867 1333 3923 magnum.
1359 3850 1437 3903 Ad
1480 3851 1624 3920 quod
1663 3852 2004 3921 probandum
2042 3856 2208 3909 etiam

632 3945 882 4014 exemplo
912 3945 1136 3999 utimur.
1165 3941 1474 4013 Unicuique
1509 3944 1826 3997 animalium
1860 3960 1960 4014 pro
2017 3955 2208 4001 natura

633 4045 691 4090 et
720 4036 882 4090 modo
920 4035 1167 4107 corporis
1201 4033 1327 4098 sui,
1380 4044 1474 4090 aut
1508 4051 1707 4105 parvus
1755 4045 1838 4091 est
1880 4036 2070 4103 cibus,
2114 4046 2210 4093 aut

636 4140 887 4196 magnus;
917 4135 971 4179 et
999 4124 1143 4195 quod
1171 4125 1259 4180 alii
1290 4126 1551 4195 pusillum
1595 4135 1698 4193 est,
1737 4141 1891 4197 atque
1914 4127 1975 4183 ,ιιι
2027 4127 2205 4199 ipsum

632 4216 727 4272 alii
759 4217 989 4271 multum
1021 4227 1125 4273 est.
1156 4217 1294 4284 Quid
1317 4218 1383 4273 de
1406 4219 1737 4274 animalibus
1760 4219 2066 4289 loquar?lu
2091 4220 2209 4290 ipso

634 4323 859 4380 quoque
898 4308 1119 4363 homine
1149 4324 1330 4362 rerum
1374 4309 1690 4365 diﬂ‘ereutite
1714 4320 1859 4365 sunt.
1889 4309 2047 4376 Quod
2092 4311 2209 4363 viro

635 4416 829 4472 parum
861 4410 964 4465 est,
997 4400 1104 4453 hoc
1145 4399 1338 4452 infanti
1385 4400 1686 4469 superfluit.
1740 4401 1917 4470 Atque
1959 4402 2013 4455 in
2066 4402 2211 4456 hunc

2302 1934 2519 2006 ἑχούσῃο
2582 1930 2928 2002 Ἐργάζεσθε
2974 1930 3084 1998 ἓως
3112 1931 3301 2000 ἡμέρα
3352 1930 3524 1984 ἐστίν
3544 1944 3559 1960 ·
3636 1934 3884 1999 ἔρχεται

2300 2022 2440 2087 νὺξ,
2503 2021 2600 2074 ὅτε
2653 2020 2852 2085 οὐδεὶς
2910 2020 3158 2074 δύναται
3213 2019 3571 2090 ἐργάζεσθαι.
3639 2019 3889 2090 Ἦμέραν

2306 2115 2421 2167 ἐκεῖ
2465 2112 2723 2183 ὠνόμασε
2761 2113 2852 2165 τὸν
2905 2112 3075 2166 αἰῶνα
3125 2111 3310 2165 τοῦτον
3332 2129 3346 2141 ⁸
3388 2110 3525 2165 ἀλλὰ
3568 2111 3888 2178 ἀναγκαίως

2308 2203 2631 2276 προσέθηκα
2661 2203 2721 2256 τὸ
2747 2202 2887 2257 ἐκεῖ·
2923 2198 3039 2256 οἶδα
3068 2202 3175 2274 γὰρ
3222 2203 3280 2256 ὲν
3323 2201 3502 2267 ἄλλοις
3537 2201 3673 2256 ἄλλα
3722 2200 3887 2257 πάλιν

2301 2295 2622 2366 δηλούμενα.
2680 2294 2923 2365 Ἢμέραν
2962 2289 3055 2367 οῦν
3078 2293 3327 2365 ὠνόμασε
3352 2293 3443 2347 τὸν
3472 2293 3645 2347 αἰῶνα
3671 2292 3884 2356 τοῦτον,

2304 2387 2492 2450 σκότος
2543 2386 2600 2439 δὲ
2650 2386 2744 2439 καὶ
2784 2384 2972 2447 νύκτα,
3002 2383 3101 2455 τὴν
3135 2384 3439 2439 συντέλειαν
3469 2384 3560 2438 διὰ
3585 2384 3686 2448 τὰς
3723 2384 3889 2438 κολά-

2302 2493 2435 2539 σεις.
2470 2476 2593 2531 Ἵνα
2612 2476 2670 2529 τί
2711 2475 2821 2545 γὰρ
2844 2474 2986 2544 ὑμῖν
3024 2474 3331 2544 ἐπιθυμεῖν
3370 2475 3598 2545 ἡμέραν
3625 2475 3883 2543 Κυρίου,

2304 2567 2401 2621 καὶ
2430 2567 2580 2635 αὕτη
2609 2567 2742 2621 ἐστὶ
2777 2567 3015 2630 σκότος,
3052 2566 3149 2619 καὶ
3173 2567 3245 2619 οὐ
3271 2564 3416 2635 φῶς,
3446 2567 3609 2636 φησὶν
3648 2564 3832 2637 Ἀμὼς
3854 2567 3887 2620 ό

2305 2657 2610 2728 προφήτης.
2642 2656 2767 2710 Ἐὰν
2789 2656 2906 2728 ἴδῃς
2926 2656 2978 2709 τί
3000 2655 3061 2708 τὸ
3082 2656 3403 2727 σκυθρωπὸν
3422 2656 3562 2728 μετὰ
3580 2657 3682 2726 τὴν
3699 2657 3887 2711 συντέ-

2304 2747 2454 2802 λειαν
2473 2746 2564 2801 τοῦ
2589 2747 2816 2819 κόσμου,
2839 2747 2898 2801 τὸ
2931 2746 3351 2814 ἐπακολουθοῦν,
3401 2748 3477 2812 ὡς
3507 2748 3696 2820 σχεδὸν
3724 2749 3887 2802 παντὶ

2303 2838 2384 2917 τῷ
2408 2839 2553 2908 γένει
2582 2839 2692 2892 τῶν
2719 2838 3021 2910 ἀνθρώπων
3043 2837 3418 2910 κολαζομένων
3440 2839 3534 2893 ἐπὶ
3572 2842 3687 2904 τοῖς
3715 2840 3889 2911 ἡμαρ-

2305 2930 2582 3003 τημένοις,
2606 2931 2748 3001 ὄψει,
2776 2932 2858 2985 ὅτι
2888 2932 3252 2986 συνεσκότασε
3277 2932 3395 2985 τότε
3419 2931 3478 2984 τὸ
3502 2933 3779 3004 περιέχον,
3795 2931 3890 2985 καὶ

2307 3023 2492 3079 οὐκέτι
2539 3023 2714 3086 οὐδεὶς
2759 3023 2979 3078 δύναται
3031 3022 3271 3089 δοξάζειν
3314 3023 3406 3077 τὸν
3438 3023 3586 3079 ,Θεόν
3609 3042 3623 3055 ·
3652 3024 3768 3096 εἴγε
3794 3023 3889 3078 καὶ

2308 3118 2423 3179 τοῖς
2445 3114 2673 3178 δικαίοις
2701 3114 3032 3187 προσέταξεν
3054 3117 3082 3169 ὁ
3107 3115 3261 3184 λόγος
3281 3115 3414 3169 Θεοῦ
3435 3115 3621 3184 λέγων
3636 3133 3650 3146 ο
3669 3114 3894 3181 βάδιζε,

2310 3207 2463 3272 λαός
2495 3223 2637 3277 μου,
2668 3206 2909 3280 εἴσελθε
2938 3210 3025 3273 εἰς
3055 3208 3122 3261 τὸ
3163 3206 3404 3277 ταμεῖόν
3438 3222 3577 3274 σου,
3624 3206 3898 3263 ἀπόκλει-

2290 3314 2423 3352 ,σον
2437 3297 2551 3366 τὴν
2562 3299 2758 3366 θύραν
2775 3314 2912 3362 σου,
2926 3298 3296 3367 ἀποκρύὅηθι
3313 3298 3531 3368 μικρὸν
3546 3296 3713 3354 ὅσον
3727 3297 3896 3365 ὅσον,

2309 3389 2459 3463 [ἕως]
2503 3391 2581 3445 ἂν
2612 3391 2882 3460 παρέλθῃ
2913 3393 2946 3445 ό
2975 3389 3161 3459 θυμὸς
3198 3388 3308 3460 τῆς
3347 3388 3528 3459 ὀργῆς
3551 3409 3706 3461 μου.
3750 3391 3896 3461 ’Δμα

2290 3483 2365 3537 -δὲ
2409 3486 2466 3536 ὲν
2508 3482 2738 3548 τούτοις,
2780 3483 2831 3535 εἴ
2872 3499 2956 3544 τις
3008 3481 3249 3547 δύναται,
3285 3483 3541 3553 τηρειτω,
3572 3483 3668 3537 ὅτι
3707 3484 3894 3556 εἴρηκε

2292 3573 2522 3644 ,μικρὸν
2539 3574 2690 3628 ὅσον
2705 3575 2872 3628 ὅσον·
2894 3572 3007 3626 ἀλλ’
3024 3574 3199 3626 έκεῖνο
3211 3572 3493 3642 τὸμικρὸν
3512 3572 3677 3628 ὅσον
3703 3573 3893 3646 μικρόν

2309 3668 2426 3720 ἐστι
2481 3666 2639 3731 Θεοῦ,
2687 3668 2787 3720 οὐκ
2840 3666 2955 3719 ἔστι
3013 3665 3206 3737 μικρὸν
3256 3664 3556 3737 ἀνθρώπιν’
3624 3669 3737 3741 χρὴ
3787 3666 3893 3737 γὰρ

2302 3756 2549 3827 βλέπειν,
2577 3757 2658 3810 ὅτι
2699 3755 2913 3826 ἑκάστῳ
2956 3756 3073 3809 ἐστί
3111 3773 3163 3808 τι
3211 3756 3402 3827 μικρὸν
3439 3756 3535 3811 καὶ
3576 3760 3752 3828 μέγα.
3781 3757 3894 3813 Καὶ

2296 3846 2418 3905 ,ἀπὸ
2453 3847 2891 3919 παραδείγματος
2929 3848 3285 3918 παραστήσω,
3320 3849 3401 3900 ὅτι
3432 3848 3654 3920 ἑκάστῳ
3698 3848 3816 3904 έστί
3837 3865 3890 3901 τι

2314 3938 2507 4008 μικρὸν
2532 3938 2626 3991 καὶ
2655 3938 2818 4008 μέγα.
2860 3936 3107 4008 Ἑκάστῳ
3150 3935 3272 4008 ζώῳ
3304 3937 3477 4010 μικρὰ
3508 3940 3690 4014 τροφὴ
3710 3943 3744 4013 ἦ
3770 3955 3892 3993 τοσ-

2310 4030 2437 4101 ήδε,
2482 4030 2557 4093 ὡς
2585 4030 2734 4101 ι’πρὸς
2767 4030 3053 4102 σύγκρισιν
3093 4029 3193 4099 τῆς
3223 4031 3534 4094 συστάσεως
3566 4032 3762 4096 αὐτοῦ,
3796 4027 3893 4085 καὶ

2310 4122 2479 4193 πολλὴ
2524 4123 2699 4194 τροφὴ
2743 4123 2934 4196 τοσήδε
2973 4122 3050 4187 ὡς
3094 4122 3229 4193 πρὸς
3258 4123 3357 4194 τὴν
3408 4120 3700 4194 σύγκρισιν
3734 4121 3894 4176 πάλιν

2308 4216 2407 4285 τῆς
2422 4214 2776 4286 ⁴κατασκευῆς
2802 4214 2985 4268 αὐτοῦ.
3023 4214 3134 4269 Καὶ
3165 4212 3338 4276 οὕτως
3359 4212 3421 4266 τὸ
3448 4213 3642 4285 μικρὸν
3672 4213 3772 4268 τοῦ
3805 4214 3892 4268 ἀν-

2295 4303 2551 4375 θρώπου,
2584 4303 2729 4374 ἄλλῳ
2773 4303 2898 4376 ζώῳ
2929 4304 3071 4375 μέγα
3104 4303 3242 4358 ἐστί.
3279 4303 3351 4357 Τὸ
3399 4303 3612 4375 μικρὸν,
3649 4306 3774 4378 φέρ’
3805 4304 3886 4356 εἰ-

2312 4398 2454 4460 πεῖν,
2495 4395 2670 4467 ἀνδρὶ,
2712 4395 2844 4453 πολύ
2892 4398 3008 4459 ἐστι
3051 4394 3280 4449 παιδίου.
3314 4394 3496 4459 Οὕτως
3535 4394 3732 4466 μικρὸς
3761 4395 3888 4466 χρό⁶

636 4495 855 4549 modum
882 4507 1044 4547 omne
1072 4499 1285 4559 tempus
1330 4492 1454 4545 vitae
1484 4494 1754 4554 humanas,
1783 4495 1995 4549 etiamsi
2026 4504 2210 4550 cente-
2247 4526 2286 4580 ι)
2313 4504 2332 4539 ε.

2189 4525 2210 4535 -
2247 4526 2286 4580 D
2313 4504 2402 4551 νος
2429 4488 2543 4541 ἐστὶ
2570 4487 2669 4556 τῆς
2701 4485 3342 4559 ζωῆςρτῆςηᾶνθρωπίνης
3354 4528 3361 4531 η-
3372 4488 3478 4551 πᾶς
3504 4491 3598 4543 καὶ
3617 4489 3645 4540 ὁ
3675 4486 3772 4540 τοῦ
3797 4503 3885 4539 πο-

638 4585 847 4639 nariam
872 4580 1099 4638 excedat
1132 4588 1368 4644 aetatem,
1395 4578 1461 4631 ad
1497 4580 1957 4650 comparationem
1986 4583 2201 4637 atternio

638 4676 764 4729 tatis
791 4677 951 4730 hreve
981 4681 1093 4739 est,
1143 4672 1289 4727 unde
1324 4668 1581 4741 pusillum
1629 4671 1720 4726 Dei
1766 4671 1926 4727 nobis
1975 4673 2203 4728 multum

641 4773 744 4828 est,
766 4773 820 4818 et
844 4765 1081 4821 vicissim
1110 4765 1362 4820 universa
1391 4762 1587 4818 saecula
1610 4762 1676 4816 ad
1706 4761 1873 4817 Deum
1905 4763 2072 4820 relata
2093 4764 2209 4820 bre-

644 4852 867 4907 vissima
893 4864 1040 4908 sunt.
1075 4852 1133 4907 Si
1165 4850 1293 4924 ergo
1320 4853 1518 4909 dicitur
1544 4870 1557 4905 :
1603 4848 1765 4913 Vade,
1789 4851 2205 4921 populusmeus,

641 4953 785 4999 intra
810 4944 866 4997 in
886 4943 1251 5014 promptuaria
1284 4957 1397 5008 tua,
1442 4941 1627 4996 claude
1650 4943 1862 5003 ostium.
1893 4941 2209 4996 abscondere

639 5037 892 5109 pusillum
914 5034 1246 5107 quantulum.
1277 5036 1609 5103 Quantulum
1648 5034 1902 5105 pusillum
1935 5034 2064 5093 illud
2097 5050 2205 5089 non

640 5129 709 5184 ad
744 5127 888 5182 illius
919 5134 1167 5181 naturam
1200 5125 1453 5193 refertur,
1482 5127 1573 5196 qui
1604 5126 1658 5179 in
1697 5124 2071 5196 promptuaria
2106 5139 2206 5179 sua

637 5220 858 5291 iubetur
881 5218 1104 5285 intrare,
1134 5217 1226 5273 sed
1251 5217 1371 5288 ejus
1395 5217 1488 5287 qui
1509 5217 1684 5286 jubet,
1725 5214 1812 5271 cui
1847 5215 2103 5286 pusillum
2125 5223 2210 5269 est

626 5313 747 5387 hoc
776 5326 938 5368 omne
961 5312 1103 5378 quod
1125 5311 1325 5381 grande
1346 5321 1451 5366 est.
1475 5303 1530 5363 Si
1562 5310 1705 5365 enim
1732 5309 1907 5364 donec
1935 5315 2209 5378 pertrans-

639 5414 731 5458 eat
762 5406 842 5459 ira
889 5401 983 5457 Dei
1006 5443 1020 5465 ,
1059 5410 1271 5474 oportet
1292 5402 1558 5472 quosdam
1595 5403 1800 5455 intrare
1835 5398 2205 5470 promptuaria

2306 4574 2591 4646 πλυχρονιου
2649 4575 2723 4638 ὡς
2779 4576 2915 4647 πρὸς
2971 4576 3090 4630 ὅλον
3143 4576 3235 4630 τοῦ
3286 4578 3486 4650 παντὸς
3532 4578 3884 4651 ἐνεστηκότος

2313 4666 2526 4729 αἰῶνος.
2557 4663 2714 4720 Οὕτω
2744 4665 2810 4738 δὴ
2844 4667 2938 4720 καὶ
2968 4666 3030 4720 τὸ
3062 4666 3255 4737 μικρὸν
3280 4667 3372 4721 τοῦ
3398 4666 3533 4722 Θεοῦ
3566 4667 3699 4723 πολύ
3736 4670 3884 4722 ἐστιν

2314 4756 2389 4819 ὡς
2416 4756 2551 4828 πρὸς
2585 4759 2767 4828 ἡμᾶς·
2797 4758 2892 4813 καὶ
2927 4756 3062 4811 αἰών
3091 4758 3236 4811 ἐστιν
3279 4759 3399 4825 ὅλος
3442 4761 3505 4813 τὸ
3552 4762 3746 4832 μικρὸν
3790 4756 3883 4815 τοῦ

2303 4844 2470 4899 Θεοῦ.
2508 4845 2631 4900 Ἐὰν
2659 4847 2884 4918 λέγηται
2912 4843 3024 4902 οὖν·
3053 4846 3276 4912 Βὰδιᾰῖ,
3308 4853 3459 4916 λαός
3476 4868 3617 4918 μου,
3642 4853 3879 4907 εἴσελθε

2311 4939 2400 5005 εἰς
2427 4937 2500 4993 τὰ
2528 4937 2757 5008 ταμιεῖά
2782 4952 2920 5002 σου,
2958 4939 3327 4994 ἀπόκλεισον
3371 4938 3486 5007 τὴν
3522 4941 3708 5007 θύραν
3743 4957 3882 5001 σου,

2313 5031 2682 5100 ἀποκρύϐηθι
2705 5031 2923 5101 μικρὸν
2959 5031 3112 5088 ὅσον
3156 5032 3329 5100 ὅσον,
3367 5034 3429 5087 τὸ
3465 5032 3660 5103 μικρὸν
3696 5034 3884 5089 ,ἐκεῖνο

2313 5124 2593 5193 νομιστέον
2624 5121 2877 5191 λέγεσθαι
2901 5125 2963 5179 οὐ
2991 5125 3128 5197 πρὸς
3156 5125 3256 5198 τὴν
3299 5124 3481 5197 σχέσιν
3516 5123 3615 5179 τοῦ
3665 5124 3882 5180 κελευο-

2318 5212 2478 5284 μένου
2505 5213 2761 5285 βαδίζειν,
2803 5217 2897 5269 ual.
2923 5216 3185 5270 εἰσελθεῖν
3213 5216 3294 5279 εἰς
3317 5200 3386 5268 τὰ
3416 5216 3637 5285 ταμιεῖα
3667 5213 3881 5276 ἑαυτοῦ,

2314 5303 2450 5357 ἀλλὰ
2499 5305 2636 5377 πρὸς
2677 5304 2775 5376 τὴν
2819 5305 3001 5377 σχέσιν
3038 5304 3133 5359 τοῦ
3174 5305 3314 5359 αὐτὰ
3354 5303 3804 5376 προστάσσοντος,
3855 5303 3884 5356 ὃ

2318 5397 2512 5470 μικρόν
2553 5398 2700 5452 ἐστιν
2745 5390 2915 5470 αὐτῷ,
2948 5398 3011 5451 τὸ
3034 5397 3211 5468 τούτῳ
3256 5396 3411 5450 πολύ.
3446 5397 3510 5450 El
3540 5396 3648 5469 γὰρ
3683 5397 3786 5461 ἕως
3817 5395 3883 5449 ἂν

642 5507 763 5557 sua;
793 5500 922 5547 sunt
965 5500 1146 5546 autem
1196 5489 1288 5544 alii
1330 5490 1531 5558 quibus
1580 5504 1689 5544 non
1727 5496 1855 5543 sunt
1889 5486 2204 5541 dimittenda
2311 5506 2338 5542 τ

2188 5502 2204 5540 ι
2311 5487 2554 5560 παρέλθῃ
2589 5488 2618 5540 ό
2642 5487 2812 5558 θυμὸς
2839 5488 2939 5558 τῆς
2975 5488 3143 5560 ὀργῆς
3173 5486 3268 5541 τοῦ
3300 5486 3458 5550 Θεοῦ,
3486 5487 3565 5541 δεῖ
3595 5506 3742 5551 τινας
3775 5489 3884 5540 εἰσ-

642 5592 881 5650 peccata,
910 5599 1015 5638 non
1043 5583 1219 5641 solum
1240 5582 1823 5651 inpraesentisaeculo,
1849 5579 2127 5636 sed-aiam
2152 5580 2205 5635 in
2312 5597 2338 5635 ε

2189 5598 2205 5634 ι
2312 5579 2485 5635 ελθεῖν
2524 5581 2614 5644 εἰς
2652 5579 2722 5633 τὰ
2752 5578 3230 5649 ταμιεῖαςὲαυτῶν,
3271 5579 3377 5633 εἰσὶ
3400 5579 3456 5639 δὲ
3489 5575 3568 5644 0";
3592 5580 3690 5634 οὐκ
3735 5577 3885 5647 ἀφίε-

718 5759 734 5788 ¹
759 5757 869 5812 Jer.
907 5776 1024 5827 xm,
1060 5762 1145 5814 16.
1223 5764 1242 5793 ¹
1270 5761 1429 5816 Joan.
1464 5777 1578 5829 vm,
1615 5764 1699 5816 12.
1777 5764 1800 5797 ³
1830 5761 1989 5816 Joan.
2027 5777 2101 5847 Ix,
2129 5760 2182 5816 4.
2259 5761 2281 5793 ’⁵
2307 5759 2408 5815 Am

1528 5777 1578 5829 ιι,
1615 5764 1699 5816 te.
1777 5764 1800 5797 ³
1830 5761 1989 5816 Joan.
2027 5777 2101 5847 is,
2129 5760 2182 5816 4.
2259 5761 2281 5793 ’⁵
2307 5759 2476 5816 Amos
2508 5776 2561 5827 ν,
2601 5759 2686 5815 18.
2766 5761 2787 5793 ⁵
2817 5757 2925 5816 lsa.
2961 5774 3108 5821 ιιι-ι,
3134 5757 3224 5816 9.0.
