4296 6288
357 255 456 314 ὖθδ
1516 251 1579 307 ΙΝ
1615 252 1960 309 JEREMIAM
1997 251 2053 307 114

1898 252 1960 308 ,Μ
1997 250 2272 308 ιιοιιῐιιΑ
2319 250 2430 307 χιι.
3487 248 3594 318 δμ

356 386 444 424 ται
472 367 540 421 τά
569 352 944 436 ἀμαρτῆματα
974 364 1034 417 οὐ
1074 362 1232 434 μόνον
1267 365 1393 436 παρ’
1420 364 1542 418 δλον
1586 364 1757 419 αίῶνα
1799 363 1924 417 τοῦ·
1952 368 1998 427 Α
2030 364 2052 418 ῦ

1901 393 1924 404 ο
1952 368 1998 427 Α
2030 364 2232 428 futuro,
2256 363 2602 419 manifestum
2633 372 2712 420 est
2758 364 3009 436 pusillum
3034 365 3100 421 ad
3141 380 3205 420 ea
3255 366 3592 426 referendum

360 479 470 523 τον,
494 457 623 515 ἀλλά
654 459 749 511 καὶ
781 458 912 529 παρ’
952 457 1072 511 δλον
1102 456 1197 510 τὸν
1235 456 1515 528 μέλλοντα,
1546 457 1722 529 δῆλον,
1758 459 1838 512 ὅτι
1863 457 1925 511 τὸ

370 551 550 624 μικρὸν
578 551 690 614 τοῖς
713 548 1023 621 εἰρημένοις
1054 548 1489 619 παρεκτείνεται.

432 641 559 695 Δότε
584 638 701 693 οὖν
721 638 916 705 Κυρίῳ
939 635 1020 703 τῷ
1052 636 1175 704 Θεῷ
1198 636 1366 706 ἡμῶν
1383 637 1593 701 δόξαν.
1617 639 1739 702 Πῶς
1757 638 1924 695 διδόα-

366 748 456 801 μεν
475 728 665 801 Κυρίῳ
696 728 775 799 τῷ
802 728 921 799 Θεῷ
953 728 1111 800 ἡμῶν
1145 727 1303 793 δόξαν
1329 726 1485 795 ,Οὐκ
1506 730 1566 783 ἐν
1599 732 1802 800 φωναῖς
1829 730 1924 784 καὶ

360 818 623 883 λεξειδίοις
655 817 805 891 ζητῶ
844 818 908 872 τὸ
928 818 1131 873 διδόναι
1162 819 1354 890 Κυρίῳ
1383 819 1462 890 τῷ
1494 820 1613 892 Θεῷ
1643 821 1803 892 ἡμῶν
1831 821 1922 876 δό-

356 909 465 976 ξαν,
487 910 601 965 ἀλλ’
638 911 697 964 ὲν
732 910 1021 984 πράξεσινο
1046 910 1075 962 6
1100 909 1271 974 διδοὺς
1302 909 1456 977 δόξαν
1487 911 1675 985 Κυρίῳ
1701 912 1780 983 τῷ
1804 911 1922 983 Θεῷ

348 1003 525 1056 δίδωσι
557 1000 716 1067 δόξαν
755 1000 907 1072 αὐτῷ
937 1002 997 1054 ὲν
1029 1000 1351 1075 σωφροσύνῃ
1381 1000 1616 1068 δοξάζων
1657 1002 1748 1055 τὸν
1789 1002 1923 1058 Θεὸν

347 1094 405 1146 ἐν
433 1092 773 1163 δικαιοσύνῃ,
805 1093 864 1146 ὲν
886 1091 1122 1163 εὐποιία,
1147 1090 1388 1159 δοξάζων
1417 1091 1509 1145 τὸν
1537 1091 1698 1145 Θεόν·
1726 1091 1815 1157 δὸς
1839 1092 1924 1147 δό-

346 1183 443 1249 ξαν
472 1184 552 1255 τῷ
591 1184 710 1255 Θεῷ
753 1186 813 1238 ἐν
856 1183 1076 1255 ἀνδρείᾳ
1101 1182 1195 1236 καὶ
1234 1183 1478 1253 ὑπομονῇ
1498 1198 1515 1214 ο
1542 1183 1632 1247 δὸς
1661 1184 1819 1250 δόξαν
1845 1184 1924 1256 τῷ

347 1274 472 1345 Θεῷ
497 1276 556 1328 ὲν
598 1273 814 1344 εὐποιία
845 1275 939 1328 καὶ
970 1257 1232 1345 ὁσιότητι,
1257 1274 1353 1328 καὶ
1384 1277 1505 1337 ταῖς
1545 1274 1760 1339 λοιπαῖς
1795 1276 1925 1347 ἀρε-

344 1366 487 1426 ταῖς.
520 1364 584 1416 Εἰ
610 1362 668 1416 δὲ
694 1361 867 1416 ταῦτα
895 1360 1068 1426 οὕτως
1109 1360 1245 1431 ἔχει,
1281 1361 1375 1415 καὶ
1402 1359 1544 1415 οὕτω
1585 1361 1796 1426 δοξάζει
1837 1378 1923 1426 τις

341 1452 438 1505 τὸν
464 1451 616 1516 Θεὸν,
652 1451 745 1506 ἐὰν
787 1450 928 1505 εἴπω
968 1450 1034 1504 τὰ
1077 1450 1316 1513 ἐναντία,
1350 1450 1426 1521 μὴ
1469 1449 1654 1523 δόξητέ
1688 1451 1927 1523 μεβλασ-

335 1542 560 1611 φημεῑψ
672 1543 925 1615 μάρτυρα
971 1542 1079 1613 γὰρ
1135 1542 1471 1613 παραστήσω
1539 1543 1799 1597 κάκείνου
1821 1544 1922 1615 τὴν

342 1634 587 1707 Γραφήν.
629 1636 688 1689 Ὀ
716 1633 947 1707 σώφρων
981 1634 1190 1700 δοξάζει
1230 1633 1320 1689 τὸν
1351 1634 1505 1700 Θεὸν,
1541 1636 1570 1689 ό
1602 1635 1921 1691 ἀκολασταί-

2025 469 2149 523 qua:
2179 454 2441 510 diximus.

2076 633 2098 687 i
2115 634 2133 687 l
2149 672 2161 687 .
2181 632 2310 688 Date
2321 634 2495 703 itaque
2512 632 2731 689 Domino
2744 633 2851 688 Deo
2860 645 3038 688 nostra
3052 636 3293 707 gloriam.
3309 638 3595 705 Quomodo

2022 724 2220 780 damus
2253 723 2488 780 Domino
2519 722 2631 779 Deo
2663 734 2854 780 nostro
2886 727 3156 797 gloriam?
3183 726 3300 782 Non
3335 731 3515 785 verbis
3540 740 3594 787 et

2023 814 2249 869 vocibus
2282 822 2492 868 tantum
2524 812 2910 884 gloriﬁcandus
2938 823 3022 869 est
3054 813 3317 871 Dominus
3344 834 3359 872 :
3386 818 3593 889 gloriﬁ-

2023 918 2086 959 ca
2114 903 2274 973 202
2301 919 2424 959 eum
2461 903 2515 957 in
2548 903 2819 967 castitate,
2843 904 3148 973 etjustitia,
3200 914 3254 962 et
3294 908 3597 966 beneﬁcen-

2026 996 2098 1049 tia
2135 1012 2148 1047 :
2184 994 2429 1065 gloriﬁca
2460 1009 2585 1049 eum
2618 993 2670 1047 in
2699 992 3033 1061 fortitudine,
3073 997 3350 1064 patientia,
3373 1000 3595 1069 pietate,

2024 1084 2309 1154 sapientia,
2337 1084 2658 1154 caeterisque
2685 1082 2999 1139 virtutibus.
3029 1083 3120 1136 Sic
3145 1095 3328 1141 autem
3369 1097 3455 1142 est
3480 1088 3595 1158 glo-

2024 1174 2321 1230 riticandus
2356 1173 2521 1229 Deus.
2552 1174 2612 1229 Si
2641 1174 2916 1229 contraria
2949 1175 3206 1241 intulero,
3237 1177 3365 1232 nolo
3392 1195 3477 1234 mc
3506 1195 3597 1235 ar-

2022 1265 2299 1321 bitremini
2352 1265 2751 1334 blasphemare.
2803 1264 3051 1321 Exhibeo
3103 1268 3303 1339 quippe
3343 1267 3593 1340 Scriptu-

2021 1376 2137 1417 ram
2168 1375 2363 1418 sensus
2395 1362 2500 1416 mei
2532 1368 2748 1423 testem,
2771 1360 3046 1429 quomodo
3083 1370 3270 1417 castus
3309 1363 3595 1433 gloriﬁcet,

2021 1451 2338 1508 luxuriosus
2380 1452 2671 1506 inhonoret
2710 1449 2902 1505 Deum.
2951 1449 3237 1522 Templum
3282 1455 3428 1509 cnim
3473 1456 3594 1525 ejus

2021 1543 2177 1614 quasi
2204 1540 2702 1598 Nabuchodonosor
2730 1540 2962 1596 destruit
2985 1550 3149 1619 atque
3182 1545 3505 1614 corrumpit,
3540 1553 3591 1601 et

2022 1634 2317 1690 secundum
2339 1633 2664 1703 'Apostolum
2694 1634 3103 1703 prmvaricatur,
3133 1644 3187 1690 ct
3211 1634 3380 1691 Deum
3431 1636 3580 1691 inho-

340 1743 451 1780 νων
484 1727 741 1799 ἀτιμάζει
772 1727 864 1779 τὸν
904 1726 1057 1780 Θεόν.
1093 1725 1196 1780 Τὸν
1231 1725 1339 1799 γὰρ
1385 1725 1512 1781 ναὸν
1538 1725 1632 1780 τοῦ
1673 1726 1809 1780 Θεοῦ
1841 1726 1917 1790 ὡς
1953 1724 1992 1749 ’³
2024 1743 2036 1780 1

1898 1743 1917 1790 ;
1953 1724 1992 1749 ”
2024 1735 2199 1782 norat.
2233 1726 2403 1797 Igitur
2423 1726 2694 1795 gloriﬁcat
2718 1724 2886 1780 Deum
2913 1724 3116 1795 justus,
3153 1727 3499 1782 contumeliis
3521 1726 3594 1783 af-

339 1813 812 1885 Ναὸουχοδονόσορ
858 1815 1244 1886 καταστρέφει,
1282 1816 1376 1869 καὶ
1425 1815 1636 1888 φθείρει
1669 1816 1760 1870 τὸν
1793 1817 1917 1871 ναὸν

341 1905 438 1958 τοῦ
466 1906 636 1960 Θεοῦ·
678 1907 774 1960 καὶ
817 1905 906 1959 διὰ
933 1907 1030 1976 τῆς
1076 1905 1439 1978 παραϐάσεως
1485 1906 1579 1960 τοῦ
1622 1908 1787 1978 νόμου
1824 1909 1918 1962 τὸν

342 1997 476 2051 Θεὸν
490 1998 746 2069 ἀτιμάζει
766 2016 780 2031 ο
805 1997 949 2061 λέξις
978 1998 1093 2051 ἐστὶ
1114 1998 1208 2051 καὶ
1227 1997 1368 2072 αὕτη
1397 1998 1749 2070 άποστολική.
1775 2001 1922 2053 Οὐκ-

339 2093 439 2145 οὖν
486 2091 702 2157 ἀδοξίαν
747 2090 1056 2161 περιτίθησι
1091 2089 1169 2161 τῷ
1209 2090 1328 2161 Θεῷ
1368 2092 1397 2144 6
1433 2088 1777 2162 ἁμαρτωλός.
1807 2090 1918 2145 Καὶ

340 2184 417 2237 τὰ
450 2181 578 2252 περὶ
606 2181 868 2253 Προνοίας
905 2180 1147 2252 ζητεῖται
1182 2181 1279 2251 (l),
1336 2180 1412 2245 ὥς
1459 2198 1612 2240 τινας
1631 2181 1923 2247 διστάζειν,

341 2274 393 2325 εί
427 2271 544 2325 ἔστι
571 2271 803 2344 Πρόνοια
827 2286 843 2304 ο
879 2272 1112 2343 Πρόνοια
1139 2272 1205 2326 δι’
1244 2271 1396 2324 οὐδὲν
1420 2270 1569 2337 ἄλλο,
1605 2271 1681 2335 ὡς
1714 2271 1803 2325 διά
1828 2271 1927 2343 τὴν

340 2363 567 2420 κκκιαν.
604 2363 792 2417 Ἀνελε
822 2363 920 2434 τὴν
965 2364 1182 2428 κακίαν,
1212 2364 1307 2417 καὶ
1344 2362 1404 2417 οὐ
1443 2362 1807 2434 προσκόπτεις
1848 2366 1917 2434 τῇ

342 2453 616 2525 Προνοίᾳο
650 2452 763 2507 άνω
799 2453 856 2506 δὲ
901 2454 1051 2507 κάτω
1089 2454 1141 2506 οἱ
1182 2453 1622 2523 προσκόπτοντες
1662 2456 1729 2525 τῇ
1775 2454 1920 2525 Προ-

340 2548 467 2619 νοίᾳ
497 2546 671 2601 ταῦτα
703 2545 920 2615 λέγουσι
939 2560 953 2573 ·
977 2544 1076 2598 Διά
1104 2544 1157 2598 τί
1182 2545 1423 2598 τοσοῦτοι
1452 2547 1651 2617 μοιχοὶ,
1682 2546 1779 2600 καὶ
1801 2562 1925 2600 τοσ-

341 2638 493 2692 οῦτοι
529 2630 804 2709 μαλακοίς
834 2636 922 2691 διὰ
959 2637 1013 2690 τί
1053 2635 1292 2690 τοσοῦτοι
1333 2635 1505 2700 ἄθεοι,
1550 2636 1647 2691 καὶ
1675 2636 1921 2692 τοσοῦτοι

340 2729 597 2795 ἀσεδεϊς;
633 2728 743 2783 Καί
792 2729 929 2781 είσιν
961 2728 1012 2781 οί
1040 2729 1400 2799 γεννήσαντες
1444 2727 1544 2800 τὴν
1591 2725 1808 2791 ἀδοξίαν
1850 2730 1921 2801 τῇ

341 2820 603 2894 Προνοίᾳ,
629 2819 702 2875 τά
725 2818 1130 2893 προσκόμματα
1165 2818 1244 2890 τῷ
1272 2819 1411 2889 Θεῷ,
1434 2820 1534 2891 τὴν
1576 2819 1925 2892 βλασφημίαν

2026 1817 2137 1873 licit
2155 1817 2467 1886 quicunque
2488 1824 2746 1886 peccator
2769 1824 2873 1883 est;
2908 1832 3029 1871 nam
3056 1825 3112 1872 et
3140 1817 3270 1873 illud
3299 1819 3445 1888 quod
3473 1821 3591 1890 qui.

2021 1910 2148 1964 dam
2178 1909 2541 1973 dnhitant,an
2578 1909 2649 1962 sit
2679 1908 3015 1977 providentia
3051 1908 3165 1973 Dei,
3202 1911 3406 1965 nullam
3431 1911 3594 1967 aliam

2023 1999 2099 2054 ob
2126 2014 2347 2054 causam
2375 1998 2479 2054 nisi
2501 1998 2573 2053 ob
2601 1999 2733 2053 vitia
2764 1999 3029 2054 nascitur.
3062 2000 3227 2056 Auler
3252 2018 3337 2068 ea,
3365 2004 3597 2059 abstuli.

2024 2093 2091 2148 sti
2116 2092 2319 2162 pariter
2342 2100 2396 2146 et
2418 2105 2611 2146 causas
2637 2089 2995 2147 Providentia:
3014 2092 3356 2151 destruenda
3378 2111 3595 2152 sursum

2022 2193 2184 2253 atque
2214 2184 2491 2238 deorsum.
2525 2181 2627 2249 Qui
2661 2182 2951 2238 adversum
2982 2181 3384 2239 Providentiam
3411 2187 3600 2256 dispu-

2023 2283 2163 2339 tant,
2192 2274 2310 2329 bzec
2333 2274 2560 2329 dicunt:
2593 2273 2774 2340 Quare
2803 2274 2937 2328 tanti
2965 2274 3196 2330 adulteri
3219 2275 3243 2329 ?
3263 2292 3433 2346 quare
3464 2279 3599 2332 tanti

2024 2365 2247 2420 molles?
2273 2380 2443 2436 quare
2468 2365 2604 2419 tanli
2634 2364 2916 2435 sacrilegi?
2946 2381 3115 2435 quare
3135 2367 3270 2421 tanti
3310 2366 3595 2439 irreligiosi

2025 2465 2151 2510 sunt
2173 2456 2197 2508 ?
2222 2457 2394 2525 Atque
2420 2456 2491 2509 ita
2523 2456 2881 2510 contumelias
2902 2455 2957 2510 in
2986 2454 3412 2523 Providentiam,
3443 2468 3498 2512 et
3518 2456 3599 2512 oio

2028 2546 2210 2602 tensas
2236 2547 2288 2602 iu
2316 2546 2506 2612 Deum,
2536 2556 2590 2601 et
2627 2546 3038 2601 criminationes
3063 2547 3118 2601 in
3139 2546 3450 2601 Creatorem
3474 2562 3601 2616 pec-

2025 2647 2237 2692 catores
2283 2645 2561 2707 generant.
2605 2635 2681 2690 Ex
2732 2637 2930 2706 quibus
2970 2636 3174 2707 liquide
3206 2646 3428 2707 apparet
3464 2637 3603 2694 al.os

2028 2728 2157 2783 dare
2184 2726 2292 2781 Deo
2316 2727 2565 2797 gloriam,
2599 2727 2737 2783 alios
2764 2727 3073 2783 convicium
3102 2726 3300 2793 facere,
3324 2729 3452 2793 dum
3477 2744 3604 2799 pas-

2029 2819 2274 2874 sionibus
2301 2828 2355 2872 et
2385 2818 2528 2875 vitiis
2556 2820 2818 2874 serviunt.

338 2915 425 2987 τῷ
458 2914 700 2970 κτίσαντι
730 2914 823 2969 τὸν
850 2912 1055 2986 κόσμον
1093 2915 1144 2969 οἱ
1188 2914 1626 2986 ἁμαρτάνοντες·
1675 2915 1876 2975 διδόασι
1920 2914 1979 2969 δὲ
2024 2913 2180 2980 δόξαν
2234 2912 2312 2984 τῷ
2362 2912 2481 2984 Θεῷ
2534 2914 2583 2966 οἱ
2628 2913 2698 2967 τά
2747 2912 2965 2967 ἐναντία
3024 2915 3092 2985 τῇ
3136 2911 3265 2986 δόξῃ
3322 2913 3416 2968 τοῦ
3465 2912 3601 2969 Θεοῦ

344 3000 631 3066 ποιοῦντες
660 3002 749 3057 διά
779 3003 888 3059 τῶν
918 3003 1353 3073 ἁμαρτημάτων.

414 3098 560 3154 Δότε
580 3097 771 3163 δόξαν
795 3098 993 3166 Κυρίῳ
1013 3096 1092 3163 τῷ
1113 3096 1236 3163 Θεῷ
1254 3098 1421 3168 ὑμῶν
1441 3098 1554 3168 πρὸ
1577 3098 1683 3155 τοῦ
1705 3113 1932 3155 συσκο-
1957 3110 2001 3170 c
2105 3112 2110 3129 ί

1909 3129 1932 3141 -
1957 3110 2001 3170 c
2105 3096 2194 3153 i2.
2230 3092 2361 3149 Date
2381 3093 2605 3165 gloriam
2635 3092 2857 3147 Domino
2887 3092 2993 3147 Deo
3016 3102 3184 3148 vestro
3231 3101 3507 3164 antequam
3528 3101 3605 3146 te-

342 3189 531 3244 τὰσαι
548 3227 564 3253 ,
599 3187 713 3258 πρὸ
750 3188 856 3243 τοῦ
885 3189 1230 3257 προσκόψαι
1257 3188 1399 3256 τοὺς
1435 3190 1624 3257 πόδας
1648 3190 1815 3261 ὑμῶν
1837 3188 1933 3245 ἐπ’

335 3280 461 3349 ὅρη
510 3278 815 3335 σκοτεινά.
862 3280 1017 3333 Ἐστι
1061 3278 1187 3333 τινὰ
1225 3280 1325 3352 δρη
1361 3282 1612 3336 σκοτεινά
1655 3281 1750 3353 (2).
1786 3281 1933 3354 Πλὴν

336 3371 476 3424 ἐπεὶ
510 3371 612 3444 δρη
652 3372 889 3444 ἑκάτερα
938 3371 1170 3442 μεγάλα,
1204 3372 1442 3444 ἑκάτερα
1482 3371 1721 3442 φωτεινά
1748 3373 1850 3445 ὅρη
1879 3374 1930 3427 οἱ

337 3462 501 3532 ἅγιοι
529 3462 750 3532 ἄγγελοι
779 3463 873 3516 τοῦ
903 3462 1061 3528 Θεοῦ,
1095 3464 1144 3517 οἱ
1176 3464 1474 3535 προφῆται,
1508 3464 1716 3536 Μωσῆς
1777 3466 1806 3518 6
1845 3463 1933 3517 θε-

346 3554 565 3623 ράπων,
599 3556 648 3607 οί
678 3553 962 3607 ἀπόστολοι
1008 3554 1183 3624 Ἰησοῦ
1214 3552 1471 3625 Χριστοῦ.
1518 3554 1706 3609 Ταῦτα
1756 3555 1934 3609 πάντα

342 3645 457 3716 ὖρη
488 3646 606 3698 ἐστὶ
636 3645 892 3715 φωτεινὰ,
926 3648 1020 3700 καὶ
1053 3647 1182 3718 περὶ
1206 3646 1412 3700 τούτων
1441 3646 1646 3716 νομίζω
1674 3645 1930 3716 λελέχθαι

350 3739 416 3790 ἑν
448 3740 560 3802 τοὶς
599 3737 846 3807 Ψαλμοῖς
868 3754 881 3768 ·
928 3740 991 3791 Ui
1020 3737 1278 3809 θεμέλιοι
1302 3735 1492 3790 αὐτοῦ
1518 3736 1589 3789 ἐν
1614 3735 1739 3802 τοῖς
1767 3736 1931 3804 ὄρεσι

352 3829 484 3896 τοῖς
509 3829 721 3898 ἁγίοις.
758 3830 897 3883 Ποῖα
922 3829 978 3882 δὲ
1005 3828 1105 3901 δρη
1141 3828 1429 3894 σκοτεινάς
1462 3830 1526 3881 Oi
1558 3827 1626 3882 τὰ
1661 3826 1930 3898 ὑψώματα

354 3922 675 3993 ἐπαίροντες
714 3919 856 3974 κατά
889 3921 988 3992 τῆς
1019 3917 1273 3988 γνώσεως
1308 3918 1402 3972 τοῦ
1428 3917 1565 3972 Θεοῦ
1585 3936 1598 3949 ·
1627 3921 1656 3974 6
1688 3919 1930 3983 διάϐολος

355 4013 480 4087 ὅρος
526 4012 798 4066 σκοτεινόν
851 4012 1000 4066 ἔστιν
1021 4029 1035 4041 ·
1068 4011 1118 4063 οἱ
1151 4009 1411 4082 ἄρχοντες
1443 4008 1537 4063 τοῦ
1572 4009 1766 4074 αἰῶνος
1808 4011 1929 4065 rob-

356 4122 471 4169 του,
503 4106 557 4158 οἱ
603 4102 1055 4176 καταργούμενοι,
1095 4101 1198 4173 δρη
1252 4102 1358 4154 εἰσὶ
1403 4101 1679 4154 σκοτεινά·
1733 4101 1826 4155 καὶ
1869 4103 1931 4155 τὸ

355 4196 627 4268 δαιμόνιον
650 4196 679 4248 6
713 4193 1072 4266 σεληνιασμὸς
1090 4192 1217 4262 ὅρος
1241 4187 1310 4260 ἦν
1329 4207 1344 4222 ⁸
1379 4192 1473 4245 καὶ
1501 4191 1773 4245 σκοτεινὸν
1804 4191 1929 4262 ὅρος

355 4286 444 4360 ἦν,
463 4288 595 4361 περὶ
623 4281 683 4342 οὗ
710 4286 895 4355 ἔλεγεν
921 4288 950 4340 6
972 4285 1163 4355 Σωτήρ
1178 4300 1191 4313 ο
1228 4282 1442 4351 Ἐρεῖτε
1467 4281 1548 4348 τῷ
1578 4281 1697 4349 ὄρει
1720 4282 1924 4349 τούτῳ

358 4381 485 4454 ⁸τπρὶ.
509 4379 618 4452 γὰρ
648 4376 1005 4451 σεληνιασμοῦ
1040 4374 1132 4429 τοῦ
1156 4374 1315 4443 λόγου
1349 4373 1698 4445 ζητουμένου.
1726 4371 1820 4427 καὶ
1848 4372 1930 4426 λε-

2038 3188 2328 3251 nebrescat,
2355 3195 2403 3239 et
2427 3193 2707 3252 antequam
2731 3183 3001 3253 oﬂ'endant
3022 3184 3176 3253 pedes
3198 3185 3355 3239 rostri
3379 3184 3433 3237 in
3460 3204 3467 3232 :
3506 3199 3605 3239 on-

2037 3290 2112 3334 tes
2143 3278 2456 3333 tenebrosos.
2490 3275 2630 3331 Sunt
2656 3275 2747 3329 alii
2776 3283 2989 3329 montes
3024 3275 3331 3338 tenebrosi,
3382 3273 3475 3329 alii
3516 3272 3603 3328 ln-

2034 3380 2236 3428 ccntes.
2265 3367 2648 3424 Verumtamen
2676 3367 2806 3436 quia
2837 3365 3051 3435 utrique
3084 3374 3299 3421 montes
3328 3375 3458 3422 sunt
3486 3381 3605 3420 ma-

2034 3462 2146 3535 gni,
2178 3469 2392 3516 montes
2424 3459 2667 3514 lucentes
2692 3464 2822 3512 sunt
2862 3458 3039 3525 angeli
3072 3456 3165 3513 Dei
3205 3468 3259 3511 et
3287 3457 3561 3527 prOphcuu
3587 3474 3602 3520 ,

2034 3551 2213 3607 Moses
2247 3549 2486 3606 fatnulus
2518 3548 2660 3619 ejus,
2687 3548 2916 3617 apostoli
2943 3545 3071 3602 Jesu
3105 3546 3330 3610 Christi,
3369 3547 3437 3601 de
3483 3547 3609 3615 qui—

2032 3640 2136 3696 bus
2165 3640 2402 3696 arbitror
2425 3637 2533 3694 dici
2564 3640 2585 3669 ⁸
2624 3656 2637 3691 :
2674 3636 3046 3691 Fundamenta
3087 3635 3201 3704 ejus
3247 3636 3304 3689 in
3341 3635 3610 3690 montibus

2030 3730 2249 3784 sanctis.
2269 3726 2477 3782 Montes
2496 3726 2767 3782 tenebrosi
2785 3734 2915 3781 sunt
2933 3725 3027 3795 qui
3043 3726 3326 3795 eriguntur
3346 3724 3610 3781 adversus

2031 3821 2315 3877 scientiam
2341 3819 2500 3873 Dei".
2526 3817 2766 3873 Zabulus
2795 3814 2953 3873 mons
2975 3816 3297 3871 tenebrosus
3318 3824 3423 3871 est.
3448 3815 3608 3871 Prin-

2030 3911 2179 3981 cipes
2207 3910 2389 3965 saeculi
2427 3908 2591 3977 hujus
2621 3909 2711 3976 qui
2747 3907 3122 3972 destruuntur,
3150 3915 3361 3962 montes
3381 3915 3506 3961 sunt
3529 3914 3610 3960 te-

2032 4000 2272 4055 nebrosi.
2303 3997 2639 4051 Daemonium
2666 3995 2910 4061 lunatici,
2940 4008 3101 4050 mons
3126 4005 3246 4049 erat
3279 4004 3334 4051 et
3357 3995 3610 4051 tenebro-

2033 4106 2158 4156 sus;
2185 4104 2344 4144 mons
2370 4097 2490 4143 erat
2512 4088 2579 4142 de
2599 4102 2707 4157 quo
2734 4084 2984 4141 Salvator
3003 4087 3081 4140 ait
3110 4105 3126 4142 :
3159 4088 3219 4141 Si
3243 4089 3442 4141 dixeris
3467 4103 3614 4141 mon-

2032 4184 2073 4235 ti
2095 4182 2218 4235 huic
2251 4202 2273 4237 :
2299 4181 2367 4236 de
2390 4179 2633 4234 lunatico
2666 4180 2866 4250 quippe
2912 4179 3184 4234 daemonio
3232 4180 3336 4233 sibi
3380 4182 3611 4248 quaestio

2030 4274 2333 4339 inciderat;
2376 4279 2431 4326 et
2463 4270 2770 4327 dicentibus
2801 4271 3083 4340 discipulis
3126 4290 3139 4324 :
3183 4268 3305 4324 Non
3343 4272 3610 4341 potuimus

2027 4367 2217 4436 ejicere
2250 4364 2408 4429 illud,
2436 4364 2718 4434 respondit
2762 4364 3013 4419 Salvator
3039 4364 3060 4395 ⁸
3089 4381 3104 4419 :
3143 4361 3204 4418 Si
3227 4361 3518 4417 habueritis
3544 4361 3610 4429 [i-

358 4450 561 4541 γόντων
592 4450 701 4523 τῶν
734 4450 1007 4540 μαθητῶν’
1050 4467 1152 4520 Διὰ
1195 4466 1253 4521 τί
1286 4467 1397 4520 οὐκ
1421 4462 1808 4533 ἠδυνήθημεν
1834 4463 1931 4516 ex-
1964 4450 2005 4504 ί)
2033 4477 2054 4512 a

1914 4492 1931 4504 -
1964 4450 2005 4504 ῐ)
2033 4460 2151 4514 dem
2191 4466 2249 4513 ut
2272 4472 2496 4529 granum
2521 4455 2724 4526 sinapis
2747 4498 2761 4524 ,
2804 4453 2992 4511 dicetis
3035 4456 3204 4509 monti
3246 4455 3359 4517 isti,
3392 4453 3461 4508 de
3498 4466 3610 4523 quo

358 4562 567 4618 ϐαλεῖν
591 4561 768 4626 αὐτὸ,
795 4559 1147 4632 ἀποκρίνεται
1166 4560 1195 4612 6
1220 4558 1431 4629 Σωτὴρ,
1454 4558 1559 4618 δτι,
1593 4556 1735 4611 Ἐὰν
1757 4556 1935 4626 ἔχητε

360 4656 569 4712 πίστιν
582 4654 663 4721 ὡς
683 4661 909 4709 κόκκον
922 4653 1240 4718 σινάπεως,
1259 4651 1447 4720 ἐρεῖτε
1469 4647 1550 4715 τῷ
1577 4648 1697 4717 ὄρει
1721 4649 1930 4713 τούτῳ,

362 4746 489 4819 περὶ
525 4741 588 4801 οὖ
637 4744 1004 4817 προετείνατε,
1037 4744 1169 4815 περὶ
1208 4737 1267 4797 οὗ
1318 4740 1643 4814 ἐζητήσατε,
1697 4739 1776 4810 τῷ
1815 4739 1932 4810 ὄρει

361 4836 535 4909 τούτῳ
551 4852 566 4867 °
598 4838 834 4892 Μετάϐα
878 4835 1054 4891 ἔνθεν
1086 4833 1227 4899 ἐκεῖ,
1264 4833 1361 4887 καὶ
1388 4830 1785 4901 μεταϐήσεται
1806 4848 1819 4862 ·
1846 4830 1932 4883 ἐν·

362 4926 473 4991 θεν,
518 4928 627 4982 ἀπὸ
656 4925 749 4981 τοῦ
777 4925 1088 4997 ἀνθρώπου,
1116 4926 1249 4989 ἐκεῖ,
1289 4923 1380 4977 ἐπὶ
1410 4923 1512 4977 ’τὸν
1542 4923 1706 4977 τόπον
1731 4921 1820 4975 τὸν
1849 4923 1933 4974 oi-

363 5023 505 5074 κεῖον
526 5016 712 5074 αὐτοῦ.
740 5021 803 5073 Οί
825 5014 919 5072 οὖν
949 5017 1382 5088 προσκόπτοντες
1412 5014 1473 5067 οὐ
1502 5014 1934 5084 προσκόπτουσιν

2040 4540 2334 4620 quaesistis,
2359 4548 2426 4603 de
2457 4562 2568 4617 quo
2594 4548 2991 4618 proposuistis;
3023 4547 3211 4601 dicetis
3251 4545 3415 4599 monti
3437 4544 3601 4598 huic:

2044 4638 2085 4695 Τ
2090 4641 2387 4710 ransmigra
2409 4641 2548 4707 hinc,
2573 4651 2624 4694 et
2649 4638 3074 4707 transmigrabit,
3103 4637 3157 4691 id
3177 4646 3281 4703 est,
3303 4638 3374 4692 ab
3390 4637 3611 4693 homine

2039 4733 2104 4786 ad
2123 4733 2315 4789 .locum
2340 4730 2623 4786 deﬁnitum
2644 4730 2767 4785 sibi.
2785 4728 2888 4794 Qui
2920 4743 3050 4798 ergo
3067 4727 3346 4784 oﬂcndunt
3362 4769 3376 4795 ,
3398 4743 3508 4783 non
3526 4726 3612 4783 of-

2039 4824 2442 4894 fcnduntsuper
2471 4830 2683 4877 montes
2699 4821 2961 4887 lucentes,
2989 4822 3081 4875 sed
3105 4835 3268 4891 super
3286 4831 3511 4876 montes
3533 4826 3616 4872 tc-

2042 4918 2329 4978 nebrosos,
2347 4915 2393 4969 si
2409 4914 2614 4970 fuerint
2636 4928 2758 4967 cum
2783 4911 3012 4975 Zabulo,
3036 4920 3088 4966 ot
3106 4912 3310 4981 angelis
3322 4910 3479 4980 203
3492 4909 3613 4979 ejus

2042 5009 2319 5063 montibus
2351 5004 2654 5061 tenebrosis
2679 5000 2698 5059 ε’
2728 5002 2793 5057 Et
2828 5003 3153 5058 sustinebitis
3185 5004 3238 5057 in
3268 5002 3467 5056 lumen.
3502 4997 3614 5052 Po?

437 5216 457 5245 ⁶
486 5215 628 5271 Psal.
659 5231 878 5277 uxxvt,
917 5214 967 5268 l.
1038 5213 1064 5243 ’⁷
1098 5211 1137 5266 ll
1164 5211 1355 5271 Cors,
1388 5210 1442 5264 5.
1520 5208 1543 5240 ⁸
1566 5207 1755 5262 Matth.
1791 5222 1897 5260 xvn
1924 5247 1937 5273 ,
1970 5207 2051 5259 l9.

435 5381 512 5455 (ι)
543 5382 648 5437 Καὶ
684 5382 756 5455 ea
784 5364 1534 5455 xspbtlporo’aq'i'nteitat,
1564 5384 1669 5455 etc.
1703 5373 1837 5455 liae:
1864 5387 1931 5426 ex

373 5444 696 5515 Hieronymo
718 5451 792 5507 ita
820 5444 1147 5504 restituenda
1177 5454 1305 5515 sunt
1344 5458 1357 5498 ι
1391 5447 1499 5500 Καὶ
1532 5446 1599 5502 τά
1632 5447 1759 5515 περὶ
1789 5444 1934 5515 Προ-

373 5465 696 5511 mcronvmo
718 5465 792 5507 tta
820 5465 1147 5504 resutuenua
1177 5465 1305 5501 sunt
1344 5465 1357 5498 :
1392 5465 1499 5500 Μιι
1532 5465 1599 5502 τα
1632 5466 1697 5503 πε
1741 5465 1759 5499 ι
1790 5465 1930 5515 upo-

370 5523 515 5592 νοίας
544 5511 810 5592 ζητεῖται,
844 5519 919 5592 ὥς
944 5534 1097 5592 τινας
1127 5512 1398 5592 διστάζειν
1415 5518 1474 5592 Δεί
1503 5518 1634 5592 ﬁeri
1675 5465 1930 5592 Πρρόνοια,

371 5589 453 5668 δι’-
471 5585 624 5668 costi
652 5589 779 5668 ἄλλο
807 5588 985 5652 ὡςδιά
1004 5585 1348 5668 τὴν-κακίαν.
1364 5587 1677 5668 κ’Λνελείτὴν
1705 5585 1928 5668 κακίαν,

373 5663 466 5716 καὶ
487 5660 547 5713 οὐ
579 5660 935 5731 προσκόπτεις
975 5655 1315 5727 τῇᾜρονοίᾳ
1357 5657 1467 5715 ἀνω
1507 5666 1598 5723 καὶ
1634 5655 1813 5725 ςςάτω,
1866 5656 1929 5712 Ol

693 5748 960 5808 Ριτκοι.
1007 5747 1120 5807 Gn.
1168 5747 1334 5807 Xlll.

2040 5368 2492 5443 προσκόπτοντες,
2525 5377 2628 5443 etc.
2952 5434 3015 5443 Δ-
3146 5392 3151 5399 ε
3185 5384 3239 5443 με
3270 5398 3281 5425 ε

2111 5443 2189 5510 (2)
2218 5438 2361 5509 Lego
2384 5430 2513 5510 cum
2543 5437 2868 5510 Hieronymo
2905 5454 2920 5510 _:
2952 5434 3108 5510 Ἐστι
3130 5430 3271 5510 τιγάῄ
3286 5431 3620 5510 ὅρη-σκοτει-

2039 5500 2130 5574 νὰ,
2164 5500 2435 5561 ἐστιντινά
2467 5506 2566 5577 ὅρη
2592 5500 2855 5577 emam.
2904 5503 3045 5558 Ἀλλ’
3082 5501 3206 5555 ἐπεὶ
3246 5500 3346 5575 ὅρη
3377 5500 3615 5571 ἑκάτερα

2043 5578 2274 5652 μεγάλα,
2311 5576 2696 5649 φωτεινὰδρη.

3228 5738 3301 5795 13
