4218 6292
543 311 648 367 593

1957 311 2277 366 ORIGENZS

3706 325 3818 381 596

544 439 655 486 test
681 431 897 500 quidem
924 431 1093 500 aptari
1123 431 1245 484 huic
1275 429 1417 498 quod
1452 430 1648 484 dicitur
1681 449 1692 484 :
1727 430 1857 484 Date
1887 430 2109 500 gloriam
2139 435 2186 490 Α

2142 435 2186 490 Α
2217 429 2310 482 ἐπὶ
2351 430 2454 500 ὅρη
2502 446 2755 498 φωτεινα,
2803 429 2916 484 ἀλλ’
2948 429 3040 482 ἐπὶ
3080 433 3177 501 ὅρη
3222 447 3499 486 σκοτεινα·
3545 432 3684 486 ὅταν
3726 437 3808 505 (Ι)

547 521 774 577 itomino
805 522 909 576 Deo
931 531 1127 585 nostra,
1165 522 1264 573 hoc
1295 521 1438 590 quod
1474 521 1638 575 modo
1674 521 1839 577 infert
1872 541 1886 578 :
1922 521 1982 576 Et
2003 539 2116 579 sus-

541 617 776 673 linebilis
840 615 892 666 in
927 612 1120 664 lumen.
1166 609 1224 663 Si
1258 611 1512 667 dederitis
1546 611 1775 667 Domino
1799 612 1907 668 Deo
1934 622 2112 668 vestro

546 705 768 775 gloriam
796 711 1084 770 antequam
1110 700 1579 768 contenebrescat,
1613 711 1667 756 et
1696 711 1988 773 antequam
2027 701 2113 757 of-

548 795 770 850 fendant
791 792 952 861 pedes
979 791 1144 846 vestri
1175 807 1340 861 super
1369 802 1580 847 montes
1603 793 1940 858 tenebrosos,
1967 793 2111 848 haud

545 885 766 939 dubium
800 883 929 951 quin
959 883 1121 936 etiam
1151 882 1198 937 si
1223 883 1686 946 eontenebrescat,
1729 891 1783 937 et
1836 883 2109 938 sustinea-

545 977 634 1038 tis.
677 975 857 1028 lumen
905 991 1002 1030 vos
1054 977 1333 1045 suscipiat.
1376 976 1528 1029 Alius
1577 991 1704 1029 vero
1735 975 1878 1030 dicat
1927 978 2114 1031 neseio

545 1076 724 1120 utrum
750 1075 896 1120 recte
930 1081 997 1119 an
1027 1081 1331 1136 perperam,
1364 1066 1490 1136 quia
1519 1075 1571 1121 et
1598 1066 1650 1119 hi
1692 1067 1784 1136 qui
1827 1067 2110 1123 offendunt

542 1171 703 1223 super
735 1165 947 1210 montes
970 1156 1648 1236 tenebrosos,exspectant
1683 1157 1974 1226 aliquando
2007 1161 2111 1213 mi-

543 1246 854 1302 sericordia:
879 1249 1080 1302 lumen.
1113 1246 1226 1303 Hoc
1250 1249 1394 1302 enim
1422 1249 1635 1303 videtur
1668 1249 1954 1304 ostendere
1995 1269 2008 1303 :
2042 1249 2108 1304 Et

541 1337 864 1391 sustinebitis
889 1339 942 1392 in
965 1338 1160 1392 lumen.
1195 1338 1250 1393 Si
1281 1349 1459 1394 autem
1486 1341 1609 1410 quis
1633 1340 1839 1393 venerit
1868 1341 1932 1394 ad
1955 1357 2108 1394 mon-

543 1441 624 1484 tes
657 1431 992 1496 tenebrosos,
1025 1431 1147 1486 vide
1176 1433 1305 1502 quid
1333 1433 1405 1486 ibi
1437 1433 1697 1488 inveniat.
1727 1432 1823 1489 Est
1854 1433 1961 1488 illic
1988 1449 2109 1488 um-

541 1527 634 1580 bra
662 1528 873 1582 mortis.
905 1525 1005 1581 Ubi
1035 1527 1306 1581 tenebrosi
1336 1536 1566 1592 montes,
1599 1528 1669 1582 ibi
1697 1529 1884 1584 umbra
1913 1529 2106 1584 mortis

539 1630 604 1668 ex
642 1616 776 1685 ipsis
804 1617 1080 1671 montibus
1107 1626 1405 1686 procreata.

617 1797 698 1849 15.
745 1794 809 1848 Et
853 1805 1109 1865 ponentur
1155 1799 1206 1850 in
1241 1799 1496 1853 tenebras.
1544 1795 1611 1851 Et
1663 1799 1768 1852 nisi
1811 1800 2097 1853 audieritis

540 1887 760 1953 occulte,
790 1888 1017 1955 plorabit
1045 1890 1223 1942 anima
1262 1901 1433 1944 vestra
1475 1906 1505 1942 a
1541 1890 1680 1959 facie
1703 1891 2034 1946 contumelia:
2058 1893 2098 1946 ’.

543 1979 615 2034 De
646 1980 728 2034 his
753 1981 846 2050 qui
877 1980 1124 2047 audiunt,
1156 1981 1374 2051 quidam
1411 1981 1621 2037 occulte
1671 1983 1935 2048 audiunt;
1977 1984 2102 2053 qui-

535 2073 658 2126 dam
691 2087 818 2125 vero
849 2088 970 2126 cum
1011 2073 1263 2136 audiunt,
1294 2088 1401 2128 non
1432 2073 1640 2129 occulte
1677 2075 1925 2129 audiunt.
1961 2075 2099 2141 Quid

535 2173 618 2218 est
664 2163 846 2232 itaque
881 2163 1092 2218 occulte
1132 2164 1355 2219 audire?
1385 2162 1588 2234 Nempe
1622 2165 1755 2220 illud
1779 2167 1822 2198 ¹⁰
1848 2182 1861 2218 :
1888 2163 1990 2220 Sed
2021 2168 2101 2220 lo-

533 2254 746 2324 quimur
799 2253 1116 2322 sapientiam
1165 2251 1263 2306 Dei
1330 2252 1387 2305 in
1445 2254 1692 2322 mysterio
1750 2252 2101 2308 absconsum:

534 2360 694 2412 quam
741 2343 1130 2413 praedestinavit
1180 2341 1316 2396 Deus
1371 2351 1491 2395 ante
1532 2342 1728 2396 scecula
1779 2344 1834 2396 in
1877 2342 2098 2413 gloriam

536 2446 790 2490 nostram.
823 2435 888 2488 Et
917 2445 1134 2490 rursum
1169 2435 1297 2489 alibi
1324 2436 1362 2466 ”
1388 2435 1605 2499 dicitur,
1637 2435 1762 2503 quia
1799 2433 1952 2504 plura
1981 2449 2102 2502 ope-

537 2540 652 2577 rum
677 2525 768 2577 Dei
807 2533 928 2578 sunt
965 2525 1021 2577 in
1045 2525 1332 2578 absconsis.
1390 2521 1446 2578 Si
1475 2524 1636 2578 audio
1666 2523 1860 2592 legem,
1887 2532 1980 2577 aut
2007 2538 2100 2578 oc—

533 2615 675 2668 culte
699 2614 882 2677 audio,
906 2623 1000 2668 aut
1019 2629 1129 2669 non
1150 2614 1381 2669 occulte.
1405 2612 1622 2668 Judaaus
1645 2614 1772 2682 quia
1793 2613 1963 2683 legem
1989 2627 2098 2666 non

534 2705 686 2759 audit
708 2705 938 2769 occulte,
971 2705 1024 2757 in
1064 2703 1355 2757 manifesto
1382 2703 1811 2768 circumciditur,
1850 2703 2099 2758 nesciens

532 2807 658 2847 eum
699 2794 792 2862 qui
833 2793 888 2848 in
925 2791 1216 2847 manifesto
1254 2792 1685 2858 circumciditur,
1711 2790 1957 2847 Judaeum
1989 2808 2096 2848 non

533 2897 677 2948 esse,
702 2897 878 2952 neque
900 2897 1017 2936 eam
1045 2898 1166 2953 qua:
1189 2883 1242 2936 in
1275 2883 1451 2953 palam
1479 2892 1563 2938 est
1591 2883 1644 2937 in
1677 2899 1843 2939 carne
1865 2885 2100 2939 circum—

531 2975 815 3030 cisionem.
849 2971 951 3041 Qui
981 2974 1193 3028 auditor
1218 2982 1301 3028 est
1339 2982 1518 3028 autem
1551 2973 1985 3029 circumcisionis
2013 2989 2101 3030 oc-

2211 519 2470 587 γένωνται
2488 520 2620 590 μετὰ
2632 520 2724 572 τοῦ
2742 519 2990 574 διαϐόλου
3012 521 3104 573 καὶ
3121 519 3228 572 τῶν
3244 520 3485 589 ἀγγέλων
3501 523 3676 576 αὑτοῦ
3696 525 3811 580 τῶν

2213 611 2498 664 σκοτεινῶν
2521 612 2692 682 ὀρέων
2714 628 2726 641 ·
2751 611 2862 664 Καὶ
2888 611 3238 680 ἀναμενεῖτε
3264 615 3351 678 εἱς
3379 613 3524 681 φῶς.
3557 615 3808 671 Δύναται

2214 701 2394 773 μέντοι
2423 701 2786 756 συνάπτεσθαι
2825 701 2906 773 τῷ
2927 721 2940 732 υ
2973 705 3115 755 Δότε
3145 703 3341 770 Κυρίῳ
3365 704 3444 769 τῷ
3475 706 3602 772 Θεῷ
3629 707 3808 776 ὑμῶν

2211 788 2402 857 δὸξαν
2431 792 2542 861 πρὸ
2590 793 2695 847 τοῦ
2723 793 3124 858 συσκοτάσαι,
3157 793 3270 861 πρὸ
3299 795 3406 848 τοῦ
3442 799 3804 867 προσκόψαι

2209 884 2351 950 τοὺς
2403 883 2592 949 πόδας
2624 882 2790 951 ὑμῶν
2837 883 2935 936 ἐπὶ
2985 883 3091 950 ὅρη
3139 884 3421 940 σκοτεινά
3444 902 3457 914 ·
3489 887 3654 956 δῆλον
3689 889 3798 952 ὅτι,

2211 973 2312 1026 κᾶν
2357 973 2666 1046 συσκοτάσῃ
2689 1012 2703 1035 ,
2754 974 3070 1043 ἀναμενεῖτε
3118 973 3181 1025 τὸ
3244 974 3381 1042 φῶς,
3430 979 3521 1029 καὶ
3565 977 3628 1030 τὸ
3675 979 3801 1047 φῶς

2209 1065 2350 1135 ὑμᾶς
2379 1065 2694 1129 διαδέξεται.
2737 1064 2926 1127 Ἀλλος
2957 1064 3014 1116 δὲ
3065 1065 3208 1118 εἴποι
3247 1066 3312 1118 ἂν
3341 1068 3458 1137 (οὐκ
3487 1065 3601 1120 οἰδα
3630 1070 3795 1122 πάσε-

2213 1173 2305 1228 ρον
2357 1157 2522 1225 ὑγιῶς
2565 1157 2702 1209 νοῶν
2747 1157 2779 1227 ἢ
2833 1157 2947 1227 μή)
2984 1158 3068 1209 ὃτι
3115 1159 3209 1212 καὶ
3258 1160 3306 1211 οἱ
3358 1161 3791 1230 προσκόπτοντες

2208 1250 2293 1302 ἐπ’
2323 1248 2422 1320 ὅρη
2468 1249 2716 1302 σκοτεινὰ
2747 1249 3075 1320 ἀναμενοῦσι
3119 1247 3270 1320 παρὰ
3316 1253 3426 1312 τοῖς
3471 1254 3792 1315 σκοτεινοῖς,

2209 1339 2570 1410 ἀναμένοντες
2596 1339 2654 1392 τὸ
2688 1338 2780 1393 τοῦ
2811 1324 3122 1408 ὲλέουῖρῶς.
3145 1339 3318 1393 Τοῦτο
3343 1340 3449 1410 γὰρ
3483 1336 3629 1394 εἶναι
3651 1340 3794 1405 δόξει

2205 1432 2299 1484 τό·
2332 1431 2442 1484 Kal
2474 1430 2819 1500 ἀναμενεῖτε
2857 1434 2945 1497 εὶς
2974 1429 3117 1500 φῶς.
3163 1431 3330 1484 Ἐπὰν
3364 1432 3419 1484 δὲ
3463 1431 3662 1504 ἔλθητε
3696 1434 3793 1485 ἐπὶ

2205 1525 2275 1578 τὰ
2309 1525 2408 1598 ὅρη
2453 1524 2524 1577 τὰ
2557 1522 2833 1584 σκοτεινὰ,
2869 1524 3067 1594 ἴδωμεν
3097 1523 3147 1576 τί
3181 1523 3330 1576 ἐστιν
3363 1526 3497 1578 ἐκεῖ.
3525 1525 3669 1579 Σκιὰ
3699 1524 3800 1578 Θα-

2201 1615 2386 1670 νάτου.
2423 1617 2596 1667 Ὅπου
2644 1612 2714 1665 τὰ
2763 1611 3010 1665 σκοτεινὰ
3056 1612 3179 1684 ὅρη,
3227 1614 3342 1666 ἐκεῖ
3382 1613 3507 1666 σκιὰ
3553 1614 3796 1670 Θανάτου

2207 1707 2304 1760 ἀπ’
2339 1705 2519 1760 αὐτῶν
2548 1703 2837 1757 σκοτεινῶν
2871 1703 3042 1774 ὀρέων
3075 1704 3360 1775 γενομένη.

2278 1797 2386 1852 Kal
2400 1795 2749 1862 τεθήσονται
2765 1795 2852 1857 εις
2863 1793 3100 1858 σκότος.
3129 1793 3272 1846 Ἐὰν
3286 1791 3448 1861 δὲμὴ
3478 1793 3794 1860 ἀκούσητε

2207 1883 2642 1954 κεκρυμμένως,
2666 1882 2993 1936 κλαύσεται
3009 1882 3045 1948 ἡ
3067 1880 3238 1949 ψυχὴ
3264 1881 3430 1949 ὑμῶν
3447 1881 3566 1934 ἀπὸ
3593 1898 3796 1950 προσ-

2204 1976 2368 2030 ώπου
2412 1975 2632 2042 ὕϐρεως
2663 1971 2780 2025 τῶν
2808 1972 3172 2024 ἀκουόντων.
3215 1972 3278 2023 0i
3333 1971 3431 2041 μὲν
3461 1975 3796 2043 κεκρυμμέ-

2204 2084 2309 2130 νως
2325 2065 2632 2126 ἀκούουσιν,
2651 2064 2698 2115 οἱ
2724 2061 2801 2124 δὲ,
2828 2061 2931 2114 κᾶν
2953 2060 3277 2124 ἀκούσωσιν,
3298 2060 3358 2113 οὐ
3379 2062 3796 2132 κεκρυμμένους

2203 2157 2510 2212 ἀκούουσιν.
2547 2155 2612 2206 Τί
2641 2149 2733 2207 οὖν
2770 2155 2885 2206 ὲστι
2909 2152 2970 2204 τὸ
2999 2150 3393 2223 κεκρυμμένως
3414 2150 3670 2215 ἀκούεινς
3715 2153 3787 2204 ἹΙ

2201 2249 2290 2303 τόο
2348 2247 2534 2301 Ἀλλὰ
2565 2243 2872 2312 λαλοῦμεν
2912 2241 3057 2297 Θεοῦ
3088 2241 3311 2310 σοφίαν
3341 2241 3411 2294 ἐν
3444 2243 3787 2311 μυστηρίῳ,

2203 2340 2318 2408 τὴν
2337 2335 2894 2406 ἀποκεκρυμμένην,
2936 2332 3016 2400 ἢν
3053 2332 3387 2401 προώρισεν
3418 2335 3451 2388 ὁ
3482 2333 3624 2398 Θεὸς
3663 2336 3785 2400 πρὸ

2201 2430 2319 2484 τῶν
2347 2429 2578 2483 αἰώνων
2601 2430 2688 2493 εὶς
2725 2426 2914 2491 δόξαν
2951 2423 3137 2493 ἡμῶν.
3187 2425 3298 2478 Kal.
3345 2425 3502 2478 πάλιν
3536 2423 3784 2492 ἀλλαχοῦ

2201 2521 2434 2590 λέγεται,
2462 2521 2544 2574 ὅτι
2568 2519 2638 2573 τὰ
2666 2519 2918 2572 πλείονα
2951 2515 3068 2568 τῶν
3092 2516 3280 2585 ἔργων
3303 2515 3407 2569 τοῦ
3430 2515 3575 2568 Θεοῦ
3597 2515 3774 2568 ἐστιν

2201 2610 2269 2662 ἐν
2283 2611 2672 2678 ἀποκρύφοις.
2715 2605 2838 2660 Ἐὰν
2864 2604 3047 2659 ἀκούω
3068 2604 3162 2658 τοῦ
3183 2605 3365 2676 νόμου,
3391 2606 3506 2674 ἤτοι
3536 2621 3789 2676 κεκρυειο-

2207 2700 2382 2770 μένως
2407 2699 2620 2762 ἀκούω,
2655 2699 2686 2768 ἦ
2716 2697 2816 2750 οὐκ
2851 2696 3034 2751 ἀκούω
3063 2696 3474 2766 κεκρυμμένως.
3528 2697 3588 2749 '0
3633 2695 3776 2749 ἰου-

2199 2791 2346 2854 δαῖος
2383 2790 2482 2843 οὐκ
2513 2789 2697 2843 ἀκούει
2723 2788 3116 2858 κεκρυμμένως
3153 2787 3246 2841 τοῦ
3277 2787 3458 2858 νόμου.
3494 2786 3589 2841 Διὰ
3614 2786 3780 2841 τοῦτο

2201 2882 2448 2954 φανερῶς
2481 2881 2896 2951 περιτέμνεται,
2922 2880 3021 2933 οὑκ
3055 2879 3231 2944 εἰδὼς,
3262 2880 3344 2934 ὅτι
3373 2878 3464 2932 καὶ
3494 2879 3652 2949 ἄλλη,
3675 2880 3779 2950 οὐχ

2200 2976 2234 3043 ἡ
2278 2977 2334 3028 ὲν
2361 2973 2438 3044 τῷ
2471 2972 2685 3043 φανερῷ
2732 2975 2788 3025 ὲν
2823 2971 2986 3042 σαρκὶ
3024 2972 3312 3043 περιτομή.
3379 2973 3436 3024 ’0
3463 2972 3520 3024 δὲ
3558 2972 3779 3025 ἁκούων

531 3065 713 3124 culta,
737 3073 791 3116 et
823 3062 875 3116 in
913 3063 1128 3116 occulto
1148 3061 1573 3116 circumciditur.
1612 3060 1716 3127 Qui
1744 3062 1895 3116 audit
1926 3063 2094 3132 legem
2124 3086 2166 3143 ο

2124 3086 2166 3143 C
2200 3064 2298 3136 τῆς
2327 3065 2623 3138 περιτομῆς
2655 3062 3049 3136 κεκρυμμένως
3085 3063 3142 3116 ὲν
3176 3062 3402 3133 κρυπτῷ
3427 3062 3778 3134 περι-τμηθή-

531 3155 743 3210 occulte
776 3155 842 3208 de
874 3153 1144 3224 mysteriis
1175 3151 1418 3218 Paschae,
1458 3167 1557 3207 ove
1592 3153 1828 3208 vescitur
1848 3152 2096 3207 Christo:

533 3245 741 3299 Pascha
763 3245 950 3314 quippe
992 3252 1227 3298 nostrum
1283 3245 1585 3297 immolatus
1629 3252 1706 3296 est
1743 3241 1983 3297 Christus
2017 3244 2094 3310 “;

531 3337 708 3390 sciens
727 3351 942 3388 carnem
965 3334 1120 3389 Verbi
1134 3334 1225 3388 Dei
1247 3351 1373 3389 vere
1396 3334 1576 3389 cibum
1601 3349 1744 3398 esse,
1760 3334 1996 3388 vescitur
2009 3349 2094 3390 ea:

529 3425 740 3478 occulte
753 3425 950 3493 quippe
967 3427 1032 3478 de
1048 3423 1257 3480 Pascha
1281 3424 1508 3480 audivit.
1527 3426 1594 3478 At
1613 3439 1745 3478 vero
1771 3424 2096 3480 miserabilis

527 3515 748 3572 Iudaeus
781 3515 980 3570 ideirco
1004 3516 1285 3570 Dominum
1307 3515 1489 3571 Jesum
1530 3513 1818 3580 interfecit,
1845 3525 1893 3570 et
1927 3531 2097 3585 usque

528 3610 582 3662 in
613 3617 930 3678 praesentem
968 3607 1109 3662 diem
1147 3624 1272 3663 reus
1307 3617 1392 3663 est
1431 3607 1622 3662 mortis
1654 3607 1794 3677 ejus,
1829 3608 1956 3677 quia
1987 3622 2094 3661 non

527 3700 735 3754 audivit
753 3700 963 3754 occulte
982 3699 1152 3768 legem
1174 3707 1227 3752 et
1243 3698 1547 3766 prophetas.
1567 3696 1623 3750 Si
1640 3699 1858 3766 quando
1875 3699 2095 3766 legesde

525 3793 751 3864 azymis,
776 3803 927 3863 potes
949 3793 1139 3846 audire
1152 3791 1383 3854 occulte,
1411 3801 1560 3860 potes
1581 3791 1769 3845 audire
1787 3791 2094 3846 manifeste.

528 3880 851 3951 Quicunque
907 3881 974 3935 de
1023 3881 1179 3934 vobis
1233 3879 1426 3948 (prope
1475 3880 1676 3948 quippe
1729 3888 1813 3935 est
1861 3879 2092 3950 Pascha)

527 3987 714 4042 azyma
752 3974 1122 4036 celebraverit,
1156 3971 1207 4026 id
1239 3979 1322 4025 est
1347 3986 1534 4042 azyma
1568 3971 1684 4024 haec
1713 3985 1962 4040 corpora,
1984 3985 2092 4024 non

527 4063 733 4118 audivit
765 4065 1079 4118 mandatum
1122 4065 1310 4119 dicens
1336 4081 1349 4116 :
1380 4063 1504 4117 Nisi
1546 4063 1823 4118 audieritis
1870 4063 2089 4130 occulte,

523 4153 753 4224 plorabit
789 4155 966 4230 animo
1003 4165 1189 4208 vestra.
1227 4152 1292 4208 Et
1325 4155 1391 4209 de
1420 4154 1659 4210 Sabbato
1690 4154 1936 4225 quadam
1965 4170 2091 4208 mu-

525 4249 762 4302 lierculae
809 4263 915 4302 non
961 4247 1243 4301 audientes
1303 4247 1651 4316 prophetam,
1705 4261 1814 4301 non
1861 4246 2092 4302 audiunt

522 4338 750 4402 occulte,
777 4338 872 4392 sed
909 4339 1083 4406 palam
1103 4338 1190 4391 die
1221 4336 1487 4399 Sabbato,
1516 4339 1760 4393 lavantes
1787 4353 1864 4400 se,
1895 4348 1950 4392 et
1989 4337 2088 4392 ite-

2204 3175 2355 3212 σεται
2372 3175 2385 3189 ο
2434 3159 2462 3210 ὁ
2479 3156 2690 3210 ἀκούων
2715 3155 2822 3208 τῶν
2852 3157 2980 3225 περὶ
3003 3154 3097 3208 τοῦ
3125 3155 3314 3225 Πάσχα
3344 3155 3778 3228 νενομοθετημέ-

2199 3267 2304 3303 νων
2333 3248 2746 3322 κεκρυμμένως,
2770 3246 2937 3300 ἐσθίει
2961 3247 3066 3300 ἀπὸ
3093 3246 3186 3300 τοῦ
3205 3247 3474 3318 προϐάτου
3497 3248 3747 3319 Χριστοῦ
3762 3265 3775 3278 ·

2204 3341 2272 3393 Τὸ
2302 3338 2412 3409 γὰρ
2430 3338 2639 3407 Πάσχα
2662 3336 2827 3406 ἡμῶν
2840 3336 3016 3404 ἐτύθη
3047 3337 3316 3404 Χριστός.
3345 3338 3450 3390 Καὶ
3485 3336 3641 3401 εἰδὼς
3674 3340 3777 3410 τὴν

2205 3429 2385 3501 σάρκα
2409 3427 2504 3481 τοῦ
2531 3428 2702 3495 Λόγου
2722 3427 2882 3480 ὁποία
2917 3426 3054 3491 ἐστὶ,
3090 3426 3183 3480 καὶ
3219 3426 3397 3490 εἰδὼς,
3439 3427 3520 3480 ὃτι
3563 3427 3776 3500 ἀληθής

2197 3524 2311 3575 ἔστι
2364 3519 2606 3591 βρῶσις,
2652 3517 3053 3590 μεταλαμϐάνει
3090 3517 3320 3589 ταύτης·
3371 3522 3777 3590 κεκρυμμένοις

2195 3612 2304 3683 γὰρ
2336 3613 2532 3682 ἢκουσε
2565 3609 2659 3663 τοῦ
2695 3611 2907 3679 Πάσχα.
2953 3610 3011 3662 '0
3037 3610 3094 3662 δὲ
3127 3608 3292 3672 πολὺς
3335 3601 3489 3671 οὗτος
3523 3609 3597 3678 (2)
3638 3609 3771 3664 Ἰου-

2193 3705 2339 3767 δαῖος
2361 3701 2449 3755 διὰ
2487 3700 2644 3756 τοῦτο
2674 3701 2766 3755 τὸν
2805 3701 3004 3773 Κύριον
3063 3699 3267 3770 Ἰησοῦν
3314 3700 3620 3765 ἀπέκτεινε,
3678 3715 3772 3755 και

2194 3793 2376 3864 ἔνοχος
2420 3793 2512 3847 καὶ
2553 3791 2793 3864 σήμερον
2827 3794 2942 3844 ἐστι
2986 3791 3062 3861 τῷ
3096 3789 3242 3859 φόνῳ
3289 3788 3485 3860 Ἰησοῦ,
3535 3791 3655 3844 ἐπεὶ
3693 3794 3770 3863 μὴ

2193 3883 2589 3955 κεκρυμμένως
2645 3884 2781 3953 μήτε
2828 3881 2922 3935 τοῦ
2965 3883 3126 3952 νόμου
3157 3883 3294 3953 μήτε
3327 3880 3434 3934 τῶν
3467 3883 3772 3952 προφητῶν

2191 3977 2442 4046 ἤκουσεν.
2483 3973 2608 4026 Ἐὰν
2645 3971 3019 4046 ἀναγινώσκεις
3054 3973 3180 4045 περὶ
3211 3972 3317 4025 τῶν
3347 3972 3589 4043 ἀζύμων,
3613 3972 3769 4026 ἐστιν

2190 4065 2421 4119 ἀκοῦσαι
2463 4065 2859 4137 κεκρυμμένως
2881 4105 2895 4128 ,
2941 4065 3087 4118 ἔστιν
3125 4062 3354 4120 ἀκοῦσαι
3385 4061 3630 4134 φανερῶς
3663 4064 3766 4134 τῆς

2191 4157 2407 4228 ἐντολῆς
2438 4159 2552 4211 ὅσοι
2595 4158 2652 4209 ὲν
2675 4159 2806 4227 ἡμῖν
2833 4156 2906 4226 (5)
2930 4172 2944 4186 ο
2997 4155 3163 4224 ἐγγὺς
3181 4154 3290 4225 γάρ
3319 4155 3437 4208 ἐστι
3457 4153 3518 4206 τὸ
3547 4153 3767 4224 Πάσχα,

2190 4250 2376 4320 ἄζυμα
2405 4249 2627 4318 ἄγεται,
2661 4247 2731 4301 τὰ
2767 4247 2949 4318 ἄζυμα
2977 4246 3044 4300 τὰ
3075 4245 3380 4316 σωματικὰ,
3412 4246 3511 4298 ούκ
3534 4244 3762 4299 ἀκούετε

2188 4340 2290 4412 τῆς
2316 4341 2580 4411 λέγουσης
2612 4338 2865 4408 ὲντολῆςο
2908 4336 3041 4390 Ἐὰν
3060 4335 3146 4406 μὴ
3176 4337 3476 4404 ἀκούσητε
3501 4351 3760 4404 κεκρυμ-

523 4445 644 4484 rum
700 4437 1032 4483 revertentes
1083 4429 1151 4481 ad
1204 4441 1372 4495 egena
1424 4438 1477 4483 et
1527 4430 1739 4483 inﬁrma
1785 4429 2086 4494 elementa,
2121 4423 2166 4476 D

2121 4423 2166 4476 Ῑ)
2189 4433 2404 4502 μένως,
2434 4434 2758 4486 κλαύσεται
2789 4431 2827 4496 ἠ
2850 4428 3019 4498 ψυχὴ
3054 4427 3240 4497 ὑμῶν.
3269 4429 3376 4482 Καὶ
3408 4429 3533 4498 περὶ
3558 4427 3763 4481 σαϐϐά-

520 4522 680 4592 quasi
727 4520 969 4576 nondum
1020 4516 1358 4571 descenderit
1403 4517 1694 4583 Christus,
1741 4528 1795 4573 et
1841 4532 1942 4574 nos
1989 4518 2086 4571 ba-

523 4612 720 4677 ptismo
741 4625 843 4664 suo
855 4604 1546 4678 laveritalegalibusm
1562 4606 1730 4660 initiis
1741 4607 1795 4660 in
1823 4605 2090 4676 evangeli-

521 4718 641 4756 cum
663 4703 1068 4771 perfectionem.
1097 4700 1304 4756 Idcirco
1324 4698 1633 4767 diligentius
1653 4697 2015 4764 attendamus,
2041 4699 2087 4754 si

522 4793 742 4864 quando
770 4793 938 4863 legem
971 4794 1201 4865 legimus
1246 4803 1300 4848 et
1332 4791 1643 4862 prophetas,
1679 4805 1746 4844 ne
1779 4790 2086 4852 incidamus

518 4890 578 4939 in
619 4882 1079 4948 maledictionem,
1114 4900 1235 4954 quae
1281 4899 1424 4940 nune
1462 4883 1702 4938 dicitur:
1745 4881 1866 4936 Nisi
1906 4883 2087 4936 audie-

520 4975 640 5030 ritis
663 4973 885 5037 occulte,
912 4973 1140 5043 plorabit
1171 4975 1349 5029 anima
1383 4984 1552 5030 vestra
1585 4991 1617 5027 a
1648 4973 1786 5042 facie
1817 4983 2084 5027 contume-

517 5069 624 5124 tiee.
675 5065 996 5136 Quicunque
1043 5066 1309 5136 jejunium
1341 5065 1685 5128 Judazorum,
1723 5065 1879 5135 quasi
1933 5065 2083 5136 igno-

585 5252 607 5283 ’
638 5251 748 5305 «ιον.
781 5266 898 5316 χιιι,
924 5249 1010 5303 17.
1091 5250 1135 5280 ⁸ο
1162 5247 1176 5300 Ι
1200 5247 1325 5303 Cor.
1363 5265 1419 5313 ιι,
1460 5249 1511 5303 '7.
1589 5251 1624 5279 "
1657 5248 1817 5301 Eccli.
1846 5263 1956 5311 xvn,
1978 5247 2068 5301 ‘22.

584 5365 660 5432 (it
698 5367 847 5420 Ἀλλ’
881 5365 978 5419 ἐπὶ
1001 5364 1106 5433 ὅρη
1135 5365 1433 5420 σκοτεινὰ-
1465 5365 1632 5429 dear,
1653 5375 1756 5419 etc.
1791 5364 2075 5434 Perperam

518 5435 628 5505 inec
665 5437 862 5505 scripta
892 5446 944 5490 et
971 5437 1307 5505 interpuncta
1335 5445 1481 5490 sunt.
1514 5451 1636 5505 qme
1674 5437 1752 5488 sie
1783 5436 2026 5505 corrigas
2062 5454 2074 5487 :

529 5503 664 5576 Ῐᾼλγ
693 5506 782 5576 ἐπ).
807 5503 906 5576 ὅρη
948 5503 1215 5576 σκοτεινὰ,
1249 5506 1386 5576 ὅταν
1405 5503 1668 5576 γένωνται
1697 5503 1833 5576 μετὰ
1853 5505 1946 5576 τοῦ
1966 5503 2077 5576 δια-

515 5572 675 5646 δρλον
697 5575 788 5626 καὶ
821 5572 929 5628 τῶν
956 5575 1200 5643 ἀγγέλων
1228 5573 1389 5626 αὐτοῦ
1414 5573 1520 5626 τῶν
1558 5572 1844 5626 σκοτεινῶν
1886 5573 2076 5646 ὀρέων.

518 5641 622 5693 Καὶ
656 5645 990 5711 ἀναμενεῖτε.

586 5711 662 5775 t2)
689 5709 878 5774 Πολὺ(
923 5709 1120 5777 οὗτος.
1154 5711 1522 5780 Hieronymus
1554 5728 1565 5763 :
1613 5723 1668 5766 at
1701 5729 1814 5766 vero
1859 5715 2080 5766 misera-

2193 4539 2286 4575 του
2357 4523 2611 4589 γυναῖκες
2676 4519 2752 4590 μὴ
2820 4518 3120 4572 ἀκούσασαι
3177 4519 3270 4572 τοῦ
3325 4517 3625 4591 προφητοῦ,
3658 4521 3761 4574 οὐκ

2193 4612 2448 4666 ἀκούουσι
2481 4609 2910 4681 κεκρυμμένως,
2941 4608 3074 4662 ἀλλὰ
3100 4610 3350 4663 ἀκούουσι
3383 4610 3649 4682 φανερῶς.
3681 4611 3758 4664 Ού

2193 4704 2438 4758 λούονται
2461 4701 2558 4772 τὴν
2589 4699 2802 4772 ἡμέραν
2823 4698 2918 4753 τοῦ
2943 4697 3233 4763 σαϐϐάτου,
3263 4701 3644 4774 ἐπανέρχονται
3664 4702 3758 4755 επὶ

2189 4796 2258 4849 τὰ
2293 4792 2483 4863 πτωχὰ
2513 4792 2607 4846 καὶ
2643 4790 2841 4860 ἀσθενῆ
2878 4791 3143 4862 στοιχεῖα,
3173 4789 3248 4854 ὡς
3270 4791 3503 4864 Χριστοῦ
3538 4791 3614 4864 μὴ
3640 4793 3759 4846 ἐπι-

2190 4880 2576 4952 δεδημηκότος,
2599 4878 2693 4932 τοῦ
2716 4877 3049 4944 τελειοῦντος
3065 4880 3228 4950 ἡμᾶς,
3252 4881 3344 4934 καὶ
3359 4879 3756 4946 διαϐισὰζοντος

2192 4972 2302 5028 ἀπὸ
2316 4971 2423 5026 τῶν
2432 4971 2670 5043 νομικῶν
2692 4969 2966 5040 στοιχείων
2981 4972 3074 5024 ἐπὶ
3089 4972 3186 5042 τὴν
3197 4971 3554 5044 εύαγγελικὴν
3568 4973 3759 5026 τελειό-

2179 5081 2347 5136 τητα.
2371 5063 2468 5118 Διὰ
2489 5063 2646 5117 τοῦτο
2665 5062 3016 5135 προσέχωμεν
3029 5063 3485 5132 ἀναγινώσκοντες
3496 5065 3584 5118 τὸν
3597 5064 3755 5135 νόμον

2183 5249 2267 5302 “l
2299 5248 2426 5302 Cor.
2461 5263 2514 5315 v,
2545 5247 2598 5301 7.

2183 5365 2303 5418 bilis
2326 5365 2549 5420 Iudaeus
2585 5381 2602 5418 .'
2632 5365 2761 5435 quid
2796 5365 2839 5418 si
2867 5364 3132 5433 legamus,
3173 5361 3569 5432 nol-Jourpog?
3609 5359 3755 5415 Ηυε-

2185 5451 2331 5575 m8}
2349 5503 2624 5573 Ἐντολῆς
2654 5504 2785 5559 ὅσοι
2821 5501 3078 5575 ἐνήμῖν,
3105 5498 3602 5575 οιοηΗιφςέιυιιοιέ
3626 5498 3750 5575 Hie-

2186 5568 2416 5644 ronymo
2449 5575 2528 5628 sic
2568 5568 3454 5644 d_istinguelida;suiit_ituram?
3505 5570 3654 5621 Ὅσοι
3692 5570 3750 5622 ὲν

2187 5639 2312 5713 ὑμῖν
2361 5645 2546 5712 (ἐγγὺς
2580 5645 2687 5714 γάρ
2709 5639 2822 5696 ἐστι
2854 5643 2914 5694 τὸ
2949 5641 3155 5710 Πάσχα)
3181 5639 3362 5710 ἄζυμα
3393 5640 3576 5709 ἄγετε.
