4218 6292
391 266 492 334 597

1559 275 1625 329 IN
1660 274 1958 331 JEREMIA
2016 272 2057 327 iI
2080 270 2293 330 )MILIA
2334 275 2466 333 XIII.

3499 279 3601 335 sas
3618 262 3625 299 ⁵

389 387 627 451 καὶτοὺς
652 386 956 458 προφήτας.
993 389 1202 459 μήποτε
1240 387 1601 458 ὑποπέσωμεν
1630 389 1695 458 τῇ
1725 384 1957 457 λεγούσῃ

2039 403 2216 447 rantes
2281 390 2664 463 redemptionis
2734 389 2875 446 diem
2943 399 3067 461 post
3124 391 3414 447 airentum
3467 393 3599 449 Iesu

394 477 727 549 προφητείᾳ·
762 477 907 531 Ἐὰν
945 477 1014 530 δὲ
1050 477 1138 546 μὴ
1175 478 1476 545 ἀκούσητε
1519 477 1955 545 κεκρυμμένως,

396 569 715 624 κλαύσεται
748 568 787 635 ἠ
816 566 988 635 ψυχὴ
1014 565 1180 636 ὑμῶν
1212 566 1330 621 ἀπὸ
1356 565 1677 634 προσώπου
1712 566 1953 633 ὕϐρεως.

403 660 543 713 Ὅσοι
579 658 678 728 τὴν
723 656 976 729 νηστείαν
1013 657 1111 727 τὴν
1149 656 1475 726 ’1ουδαῖκὴν,
1513 656 1588 718 ὡς
1628 654 1700 725 μὴ
1739 653 1954 707 νοοῦσαι

392 748 679 822 [νοοῦντες]
704 747 804 820 τὴν
826 746 918 802 τοῦ
944 747 1170 818 ἱλασμοῦ
1197 747 1428 820 ἡμέραν,
1451 749 1667 818 τηρεῖτε
1699 745 1833 816 μετὰ
1856 744 1953 815 τὴν

388 839 554 911 Ἰησοῦ
576 839 814 912 Χριστοῦ
838 839 1150 912 ἐπιδημίαν,
1176 841 1274 893 οὐκ
1303 837 1568 909 ἠκούσατε
1591 836 1686 892 τοῦ
1726 835 1954 908 ἱλασμοῦ

381 931 797 1003 κεκρυμμένως,
825 930 959 983 ἀλλὰ
997 928 1243 1002 φανερῶς
1269 930 1457 1001 μόνον·
1481 929 1541 983 τὸ
1563 928 1671 1001 γὰρ
1710 945 1954 999 κεκρυμέ

378 1023 555 1093 μένως
576 1021 805 1077 ἀκοῦσαι
828 1022 923 1076 τοῦ
960 1021 1185 1093 ἱλασμοῦ
1202 1063 1215 1087 ,
1244 1022 1390 1075 ἐστὶν
1414 1018 1641 1077 ἀκοῦσαι
1672 1020 1787 1085 πῶς
1814 1039 1952 1092 προ-

372 1113 528 1167 έθετο
555 1115 585 1167 6
616 1113 749 1177 θεὸς
779 1112 1002 1183 ἱλασμὸν
1026 1113 1152 1185 περὶ
1192 1114 1302 1167 τῶν
1344 1112 1629 1184 ἁμαρτιῶν
1661 1115 1694 1184 ἠ
1705 1113 1820 1183 μῶν
1840 1113 1951 1184 Ἰη-

371 1204 523 1268 σοῦν,
568 1204 661 1257 καὶ
696 1204 776 1257 ὅτι
804 1204 988 1269 αὐτὸς
1025 1204 1280 1271 ἱλασμός
1310 1203 1442 1257 ἐστι
1470 1200 1603 1271 περὶ
1629 1201 1749 1255 τῶν
1771 1205 1952 1272 ἀμαρ-

370 1294 518 1349 τιῶν
538 1292 727 1364 ἡμῶν,
757 1294 828 1349 οὐ
850 1294 983 1364 περὶ
1011 1294 1129 1349 τῶν
1151 1294 1452 1364 ἡμετέρων
1478 1293 1545 1347 δὲ
1560 1294 1770 1363 μόνον,
1791 1294 1951 1349 ἀλλὰ

368 1385 469 1440 καὶ
498 1384 633 1453 περὶ
661 1385 809 1439 ὅλου
830 1385 937 1439 τοῦ
964 1385 1216 1455 κόσμου.
1246 1384 1362 1440 Κᾶν
1390 1385 1693 1458 παραϐολαὶ
1717 1385 1934 1454 εὐαγγε-

366 1475 519 1530 λικαὶ
549 1475 1044 1546 ἁναγινώσκωνται,
1073 1475 1167 1531 καὶ
1194 1478 1223 1530 6
1245 1476 1519 1549 ἀκροατὴς
1542 1476 1717 1531 αὐτῶν
1736 1474 1859 1542 ἔξω,
1883 1476 1944 1531 οὐ

366 1566 770 1638 κεκρυμμένως
818 1564 994 1619 αὐτῶν
1039 1564 1350 1620 ἀκούσεται.
1406 1565 1533 1620 Ἐὰν
1575 1565 1631 1620 δὲ
1674 1563 1948 1637 ἀκροατὴς

365 1658 662 1723 ἀπόστολος
700 1653 770 1730 ἦν
798 1657 908 1711 τῶν
949 1660 1345 1731 εἱσερχομένων
1375 1663 1452 1725 εἱς
1486 1662 1585 1732 τὴν
1618 1660 1792 1713 οἰκίαν
1834 1659 1935 1729 Ἰη-

2038 483 2241 539 (ἷιιιίειί
2280 482 2615 548 observatis,
2655 494 2762 536 non
2801 481 3000 536 auditis
3043 482 3464 552 redemptionem
3511 499 3603 540 oc—

2036 575 2199 640 culte,
2225 573 2316 628 scd
2354 572 2729 628 tantummodo
2760 572 2957 642 palam.
2984 572 3263 628 Absconsa
3291 574 3492 644 quippe
3520 585 3605 631 est

2035 665 2435 735 propitiationis
2496 664 2744 730 auditio,
2798 662 2943 719 scire
2994 664 3268 733 quomodo
3356 663 3605 734 posuerit

2036 756 2222 811 Jesum
2257 753 2398 811 Deus
2438 755 2876 826 propitiationem
2903 767 3004 824 pro
3030 753 3267 824 peccatis
3298 754 3518 815 nostris,
3549 764 3603 809 et

2036 846 2163 915 quia
2194 845 2306 914 ipse
2334 856 2407 900 est
2436 846 2740 915 propitiatio
2779 860 2875 916 pro
2898 845 3145 914 peccatis,
3180 860 3281 898 non
3309 844 3478 899 solum
3505 860 3598 899 no-

2037 939 2185 1005 stris,
2211 952 2385 991 verum
2411 939 2569 991 etiam
2594 936 2754 992 totius
2784 936 2967 989 mundi
2988 936 3053 990 ".
3080 934 3359 990 Parabolas
3384 949 3599 1005 quoque

2038 1044 2162 1084 cum
2216 1027 2472 1098 leguntur
2522 1026 2575 1079 in
2599 1024 2913 1096 Evangelia,
2947 1034 3002 1079 et
3043 1034 3127 1082 est
3167 1025 3384 1081 auditor
3421 1032 3601 1080 extra-

2040 1133 2195 1184 neus,
2224 1130 2332 1172 non
2359 1126 2535 1187 potest
2570 1131 2664 1172 eas
2695 1116 2908 1171 occulte
2943 1117 3151 1172 audire.
3186 1115 3242 1170 Si
3271 1131 3400 1171 vero
3446 1115 3600 1172 audi-

2038 1217 2126 1264 tor
2150 1208 2312 1264 i‘uerit
2347 1210 2648 1279 apostolus,
2674 1219 2728 1265 et
2762 1222 2906 1263 unus
2934 1220 3121 1264 eorum
3158 1209 3253 1278 qui
3283 1206 3598 1277 ingrediune

2038 1308 2128 1354 tur
2169 1300 2389 1353 domum
2424 1297 2575 1366 Jesu,
2624 1298 2830 1357 accedit
2882 1300 2946 1354 ad
2990 1314 3136 1364 eum,
3189 1299 3487 1366 interrogat
3533 1293 3600 1353 de

2037 1384 2363 1441 obscuritate
2406 1387 2697 1456 parabolae,
2726 1399 2780 1444 et
2809 1389 2853 1444 si
2883 1388 3269 1458 interpretatus
3297 1387 3347 1443 ei
3379 1386 3453 1442 sit
3478 1402 3600 1457 quas

2037 1474 2265 1540 audivit,
2303 1474 2609 1547 intelligens
2654 1477 3010 1548 Evangelium
3060 1476 3212 1531 audit
3258 1491 3321 1531 ca
3368 1476 3597 1541 occulte.

2036 1574 2096 1622 ut
2135 1582 2241 1622 non
2282 1564 2457 1636 ploret
2497 1568 2680 1624 anima
2719 1569 2859 1639 ejus.
2907 1567 3109 1623 Eorum
3138 1568 3339 1638 quippe
3367 1568 3462 1639 qui
3506 1582 3601 1624 oc-

2036 1658 2179 1713 culte
2234 1672 2342 1713 non
2385 1658 2635 1723 audiunt,
2667 1660 2902 1730 plorabit
2950 1659 3153 1715 anima.
3201 1659 3374 1725 Quam
3425 1658 3601 1714 admi-

364 1748 483 1814 σοῦ,
534 1750 900 1823 προσέρχεται
940 1749 1019 1821 τῷ
1075 1749 1284 1823 Ἰησοῦ·
1325 1752 1648 1806 πυνθάνεται
1685 1751 1937 1821 καὶπερὶ

2039 1749 2204 1804 rande
2242 1763 2350 1803 non
2393 1749 2506 1804 ait:
2535 1748 2852 1817 Plorabitis,
2901 1751 3005 1805 nisi
3051 1750 3252 1806 occulte
3287 1751 3598 1816 audieritis;

362 1835 467 1906 τῆς
514 1837 783 1907 ἀσαφείας
816 1838 919 1908 τῆς
951 1839 1290 1911 παραϐολῆς,
1329 1840 1422 1894 καὶ
1453 1838 1741 1911 ὲρμηνεύει
1769 1837 1935 1909 αὐτὴν

372 1927 620 1999 Ἰησοῦς,
649 1929 743 1984 zeal.
772 1929 979 1998 γίνεται
1012 1933 1216 1996 ἐκεῖνος
1251 1934 1281 1986 6
1322 1933 1599 2006 ἀκροατὴς
1636 1931 1730 1986 τοῦ
1759 1933 1938 2003 Εὐαγ-

360 2017 572 2082 γελίου,
598 2017 810 2071 ἀκούων
835 2016 997 2072 αὐτοῦ
1019 2018 1436 2090 κεκρυμμένως,
1461 2019 1549 2073 ῐνα
1581 2018 1653 2090 μὴ
1675 2019 1880 2091 κλαύσῃ
1900 2023 1933 2092 ἡ

358 2106 516 2178 ψυχὴ
544 2105 738 2160 αὑτοῦ·
771 2106 881 2161 τῶν
926 2105 1036 2180 γὰρ
1081 2108 1154 2180 μὴ
1205 2109 1508 2162 ἀκουόντων
1542 2110 1938 2181 κεκρυμμένως

372 2196 556 2250 κλαίει
580 2198 614 2267 ἦ
641 2196 808 2269 ψυχή.
838 2197 903 2251 Τί
932 2197 1248 2266 θαυμασίως
1269 2201 1368 2253 οὐκ
1390 2196 1509 2254 εἷπε
1528 2216 1543 2232 ο
1564 2201 1936 2268 Κλαύσεσθε,

365 2288 485 2341 ἐὰν
505 2288 593 2357 μὴ
621 2289 922 2357 ἀκούσητε
963 2290 1379 2359 κεκρυμμένως
1398 2308 1412 2320 ·
1454 2284 1590 2345 ἀλλά
1612 2309 1625 2322 ·
1672 2292 1741 2345 Ἦ
1768 2291 1937 2361 ψυχὴ

362 2379 535 2447 ὑμῶν
565 2380 932 2445 Mazicum;
967 2380 1122 2436 Ἔστι
1147 2400 1230 2447 τις
1263 2381 1539 2453 κλαυθμὸς
1574 2381 1738 2453 μόνης
1762 2381 1941 2452 ψυχῆς

362 2473 472 2526 κλα
497 2470 681 2542 ούσης.
720 2472 832 2526 Καὶ
862 2472 1002 2543 τάχα
1028 2474 1236 2527 ἐκεῖνον
1271 2473 1364 2526 τὸν
1400 2471 1673 2543 κλαυθμὸν
1702 2471 1938 2526 διδάσκει

360 2562 519 2631 ἡμᾶς
549 2559 739 2633 Σωτὴρ
764 2561 937 2630 λέγων
960 2579 974 2593 ’
1018 2561 1180 2617 Ἐκεῖ
1200 2563 1369 2617 ἔσται
1401 2566 1435 2617 ό
1469 2563 1792 2631 κλαυθμός.
1816 2562 1938 2617 Κᾶν

362 2649 506 2725 λέγῃ
527 2667 541 2681 ο
576 2652 722 2705 Οὐαὶ
767 2654 821 2706 οι
864 2649 1154 2722 γελῶντες
1189 2651 1325 2719 νῦν,
1354 2651 1444 2706 ὅτι
1475 2651 1805 2717 πενθήσετε
1839 2652 1937 2706 καὶ

361 2742 685 2807 κλαύσετε,
733 2741 861 2814 περὶ
912 2741 1118 2795 ἐκείνου
1159 2740 1255 2797 τοῦ
1318 2741 1594 2813 κλαυθμοῦ
1644 2740 1790 2811 λέγει
1809 2782 1824 2807 ,
1875 2735 1938 2796 οὗ

361 2831 586 2886 ἀπειλεῖ
605 2832 701 2886 καὶ
728 2832 956 2886 ἐνταῦθα
981 2834 1009 2887 6
1035 2834 1319 2905 προφήτης
1349 2832 1522 2902 λέγων
1539 2850 1555 2864 ο
1596 2832 1737 2888 Ἐὰν
1762 2831 1829 2887 δὲ
1850 2834 1944 2904 μὴ

360 2923 670 2992 ἀκούσητε
695 2923 1130 2994 κεκρυμμένως,
1156 2924 1479 2980 κλαύσεται
1507 2926 1547 2994 ἠ
1574 2924 1746 2995 ψυχὴ
1773 2923 1941 2995 ὑμῶν

361 3018 486 3072 ἀπὸ
510 3016 830 3085 προσώπου
856 3016 1092 3084 ὕϐρεως.
1132 3018 1299 3070 Ὅταν
1330 3017 1437 3090 γὰρ
1468 3016 1783 3090 ὑϐρίζησθε,
1815 3019 1937 3072 τότε
1967 3042 1973 3090 ί

362 3074 690 3169 κλαύσεσθε,
713 3106 806 3158 καὶ
830 3074 1150 3172 διατάξουσιν
1172 3107 1222 3159 οἱ
1238 3074 1504 3179 ὀφθαλμοὶ
1702 3074 1934 3180 δάλιρυα,
1966 3074 2006 3131 C

361 3198 442 3250 ὅτι
489 3195 774 3268 συνετρίϐη
812 3195 872 3250 τὸ
913 3196 1162 3268 ποίμνιον
1189 3199 1415 3270 Κυρίου.
1464 3198 1588 3252 Ἐὰν
1619 3197 1703 3274 ίδῃ
1729 3197 1824 3253 νῦν
1855 3217 1938 3264 τις

363 3286 429 3341 τὰ
482 3285 765 3351 Ἰουδαϊκὰ,
799 3284 894 3339 καὶ
923 3287 1188 3358 συγκρίνῃ
1217 3286 1355 3341 αὐτὰ
1382 3289 1495 3351 τοῖς
1514 3287 1783 3359 ἀρχαίοις,
1813 3288 1940 3359 ὅψε-

362 3394 456 3430 ται
500 3377 619 3430 τίνα
646 3376 845 3449 τρόπον
879 3375 1163 3449 συνετρίϐη
1204 3377 1265 3431 τὸ
1296 3377 1547 3449 ποίμνιον
1575 3376 1800 3452 Κυρίου.
1830 3375 1941 3434 Ἦν

363 3469 479 3541 γὰρ
504 3467 662 3522 τοῦτό
694 3484 821 3521 ποτε
854 3466 1099 3539 ποίμνιον
1121 3468 1326 3538 Κυρίου
1350 3485 1366 3501 ο
1407 3470 1504 3524 καὶ
1531 3472 1653 3525 ἐπεὶ
1689 3471 1941 3539 ἀναξίους

365 3562 590 3633 εκριναν
618 3560 860 3623 ἑαυτοὺς,
889 3560 1130 3632 ἐστράφη
1159 3561 1188 3614 6
1209 3561 1365 3629 λόγος
1379 3563 1458 3626 εἱς
1487 3562 1556 3616 τὰ
1581 3561 1724 3633 ἱθνη.
1756 3563 1820 3617 Et
1847 3560 1941 3618 οὖν

2034 1853 2262 1894 verum:
2296 1839 2539 1895 Plorabit
2581 1841 2764 1895 animo
2810 1850 2985 1896 vestra
3011 1857 3030 1897 :
3058 1851 3144 1897 est
3183 1843 3381 1913 quippe
3428 1842 3600 1900 solius

2035 1931 2231 1984 animae
2275 1929 2460 1997 ﬂetus;
2508 1939 2562 1987 et
2600 1931 2831 1988 forsitan
2873 1934 2974 1988 iste
3016 1935 3086 1989 sit
3125 1935 3190 1988 de
3216 1949 3326 2004 quo
3351 1932 3602 1991 Salvator

2037 2020 2111 2073 ait
2134 2020 2179 2052 “*
2204 2039 2215 2073 :
2247 2017 2333 2074 Ibi
2357 2021 2455 2075 erit
2484 2022 2640 2089 ﬂetus
2671 2030 2720 2076 et
2743 2023 2943 2076 stridor
2965 2023 3222 2077 dentium.
3252 2021 3346 2077 Illa
3384 2039 3602 2094 quoque

2039 2107 2413 2172 comminatio,
2451 2122 2558 2178 qua
2607 2109 2911 2165 ridentibus
2957 2111 3185 2175 luctum,
3226 2111 3622 2182 lacrymasque‘

2038 2194 2352 2264 denuntiat;
2380 2197 2449 2253 de
2467 2199 2570 2254 hoc
2589 2197 2717 2255 ﬂetu
2748 2208 2833 2255 est
2857 2214 3015 2270 quem
3051 2211 3438 2257 commemorat
3463 2200 3601 2257 Pro-

2039 2285 2199 2356 pheta
2225 2287 2441 2342 dicens:
2465 2284 2589 2342 Nisi
2614 2286 2894 2343 audieritis
2922 2288 3142 2356 occulte,
3167 2288 3396 2358 plorabit
3419 2292 3599 2345 anima

2042 2384 2213 2429 vestra
2257 2391 2289 2429 a
2321 2375 2457 2444 facie
2488 2377 2837 2435 contumelias.
2866 2377 3001 2434 Cum
3035 2379 3179 2434 enim
3214 2378 3424 2437 fueritis
3456 2383 3601 2451 passi

2038 2465 2460 2531 contumeliam,
2502 2476 2635 2523 tunc
2686 2468 3003 2538 plorabitis,
3049 2480 3103 2525 et
3149 2469 3416 2527 deducent
3459 2473 3602 2527 oculi

2040 2557 2205 2611 vestri
2251 2556 2550 2630 Iacrymas,
2586 2560 2714 2628 quia
2759 2561 3026 2617 contritus
3071 2570 3157 2617 est
3199 2576 3329 2633 grex
3368 2558 3602 2618 Domini.

2042 2646 2099 2699 Si
2134 2649 2542 2705 consideremus
2579 2659 2777 2706 statum
2821 2652 3098 2722 quomodo
3152 2653 3226 2707 sit
3267 2651 3601 2714 Iudaeorum.

2038 2746 2095 2793 ct
2122 2752 2501 2809 comparemus
2529 2740 2679 2796 illum
2709 2743 2944 2813 antiqua!
2980 2738 3253 2809 felicitati,
3294 2743 3603 2800 videbimus

2038 2838 2149 2901 ouo
2190 2840 2349 2899 pacto
2380 2831 2645 2889 contritus
2689 2834 2759 2887 sit
2789 2848 2915 2903 grex
2945 2833 3184 2890 Domini.
3237 2833 3365 2888 Fuit
3403 2834 3604 2906 quippe

2040 2920 2333 2993 aliquando
2378 2924 2467 2979 hic
2505 2938 2636 2993 grex
2672 2922 2922 2990 Domini;
2976 2934 3030 2980 et
3072 2925 3198 2996 quia
3247 2925 3499 2998 indignos
3542 2941 3617 2981 se-

2039 3013 2418 3081 iudicaverunt
2445 3014 2638 3081 salute,
2660 3028 2957 3072 conversus
2980 3024 3063 3072 est
3085 3031 3265 3072 sermo
3292 3015 3503 3073 Domini
3533 3017 3601 3072 ad

2042 3113 2248 3175 gentes.
2278 3102 2337 3159 Si
2363 3117 2492 3176 ergo
2523 3118 2651 3176 grex
2685 3105 2774 3161 ille
2797 3106 3064 3162 contritus
3083 3115 3186 3172 est,
3211 3121 3313 3163 nos
3342 3107 3617 3166 oleaster.‘

2040 3196 2133 3267 qui
2158 3204 2347 3251 contra
2378 3205 2629 3251 naturam
2666 3196 2856 3252 inserti
2884 3212 3075 3254 sumus
3098 3198 3152 3252 in
3178 3197 3375 3253 bonam
3404 3196 3600 3253 olivam

2041 3288 2478 3359 patriarcharum
2508 3289 2575 3356 ",
2619 3303 2800 3343 nonne
2844 3288 2968 3358 plus
3008 3288 3271 3344 debemus
3311 3288 3485 3343 vereri
3534 3304 3604 3344 ne

2041 3379 2142 3436 iste
2171 3393 2301 3450 grex
2332 3377 2546 3435 Domini
2592 3379 2943 3434 conteratur?
2973 3375 3239 3434 Futurum
3279 3379 3479 3450 quippe
3520 3387 3607 3433 est

2041 3479 2101 3525 ut
2141 3468 2437 3540 aliquando
2478 3480 2532 3526 et
2578 3468 2681 3526 iste
2723 3484 2853 3539 grex
2882 3477 3224 3534 conteratur,
3271 3469 3426 3540 juxta
3473 3469 3601 3523 illud

2040 3562 2185 3632 quod
2216 3576 2247 3615 ε
2278 3559 2556 3615 Salvatore
2600 3560 2803 3616 dictum
2852 3567 2935 3615 est
2962 3559 3005 3592 ¹⁶
3027 3576 3040 3612 :
3065 3558 3198 3615 Cum
3233 3557 3605 3629 multiplicata

366 3652 547 3705 ἐκεῖνο
584 3649 645 3703 τὸ
678 3650 927 3722 ποίμνιον
965 3649 1249 3721 συνετρίϐη
1292 3651 1388 3705 τοῦ
1432 3651 1660 3725 Κυρίου,
1703 3656 1868 3725 ἡμεῖς
1904 3655 1939 3726 ή

366 3740 698 3813 ἀγριέλαιος,
731 3743 765 3814 ἡ
793 3743 942 3812 παρὰ
968 3739 1129 3809 φύσιν
1153 3741 1351 3812 ἑαυτῆς
1383 3741 1833 3816 ὲγκεντριζομένη
1862 3746 1941 3808 εἱς

367 3835 470 3904 τὴν
498 3832 834 3887 καλλιέλαιον
866 3833 974 3887 τῶν
1023 3832 1294 3904 πατέρων,
1343 3834 1405 3887 οὐ
1451 3834 1613 3888 πλέον
1655 3834 1942 3906 ὀφείλομεν

2042 3833 2176 3886 ritas
2214 3833 2545 3889 multorum?
2593 3829 2785 3886 Nonne
2834 3832 2903 3886 de
2942 3831 3027 3885 his
3075 3829 3169 3898 qui
3225 3838 3608 3897 nuncupantur

371 3922 675 3991 φοϐεῖσθαι,
723 3924 929 3995 μήποτε
971 3923 1225 3994 συντριϐῇ
1268 3924 1361 3978 καὶ
1389 3922 1544 3979 τοῦτο
1581 3925 1828 3997 ποίμνιον
1847 3925 1939 3979 τοῦ

2040 3922 2369 3978 Christiani?
2395 3924 2462 3977 de
2482 3923 2682 3992 quibus
2712 3922 2799 3977 hic
2823 3935 3001 3975 sermo
3028 3928 3111 3976 est
3131 3918 3174 3952 ιτ
3196 3937 3211 3975 :
3236 3918 3608 3975 Verumtamen

371 4015 578 4086 Κυρίου
600 4030 613 4045 ’
648 4015 829 4086 μέλλει
864 4014 971 4085 γὰρ
1014 4011 1389 4084 συντρίϐεσθαὶ
1419 4031 1549 4067 ποτε
1589 4016 1727 4070 κατὰ
1765 4015 1827 4068 τὸ
1865 4016 1943 4069 εἱ·-

2044 4014 2250 4066 reuicus
2284 4012 2459 4066 Filius
2504 4011 2754 4077 hominis,
2800 4018 2958 4080 putas
3006 4010 3232 4065 inveniet
3266 4010 3424 4081 ﬁdem
3453 4026 3610 4079 super

374 4104 612 4176 ρημένον
639 4104 743 4157 ὑπὸ
769 4102 863 4157 τοῦ
896 4104 1143 4175 Σωτῆρος
1165 4118 1179 4132 ·
1217 4102 1401 4155 Ὅταν
1430 4103 1530 4157 διὰ
1566 4104 1632 4157 τὸ
1675 4106 1944 4170 πληθυν-

2047 4105 2287 4157 terram?
2343 4100 2535 4155 Nonne
2586 4101 2654 4155 de
2710 4100 2912 4155 nobis?
2972 4099 3178 4155 Idcirco
3226 4101 3610 4170 provideamus

373 4194 553 4264 θῆναι
564 4195 680 4264 τὴν
702 4196 976 4265 ἀνομίαν,
1009 4192 1349 4263 ψυγήσεται
1375 4195 1414 4262 ἡ
1441 4192 1640 4263 ἀγάπη
1665 4192 1784 4247 τῶν
1803 4196 1945 4246 πολ-

2045 4189 2325 4253 attentius,
2345 4187 2505 4258 205
2522 4195 2582 4243 ut
2598 4202 2693 4257 per
2714 4186 2957 4259 singulos
2974 4188 3095 4243 dies
3114 4187 3212 4242 iste
3234 4202 3363 4257 grex
3394 4185 3606 4241 Domini

374 4287 530 4342 ,ζῶνθ’
566 4289 697 4358 περὶ
732 4287 892 4341 τίνων
930 4285 1038 4357 γὰρ
1066 4286 1096 4338 6
1131 4284 1320 4353 λόγος;
1355 4284 1415 4337 οὐ
1449 4284 1577 4355 περὶ
1608 4282 1942 4355 Χριστιανῶν

2044 4279 2378 4344 melioretur,
2396 4278 2761 4347 convalescat,
2778 4280 2984 4351 integer
3012 4285 3336 4349 perseveret,
3371 4285 3431 4331 ut
3456 4277 3606 4331 omni

374 4380 680 4453 λεγομένων
714 4379 775 4433 τό
793 4396 806 4409 ·
855 4376 1192 4447 Ψυγήσεται
1218 4377 1257 4444 ή
1290 4374 1490 4445 ἀγάπη
1519 4374 1637 4430 τῶν
1672 4374 1937 4440 πολλῶν,

2042 4371 2372 4433 contritione
2417 4369 2486 4425 ab
2517 4369 2806 4425 animabus
2850 4369 3054 4425 nostris
3085 4369 3369 4424 recedente
3410 4366 3609 4423 cilicia-

375 4473 622 4545 είρηταις
675 4470 810 4541 Περὶ
855 4468 1016 4523 τίνων
1037 4471 1067 4522 6
1095 4467 1288 4536 λόγος;
1324 4468 1426 4530 ὅτι,
1488 4466 1663 4535 Πλὴν
1687 4464 1881 4521 ἐλθὼν
1905 4470 1939 4521 ό

2045 4478 2169 4517 mur
2210 4476 2336 4532 grex
2381 4460 2598 4516 Domini
2654 4460 2708 4515 in
2738 4460 2959 4516 Christo
2982 4459 3134 4524 Jesu,
3183 4460 3269 4515 cui
3315 4468 3397 4514 est
3434 4458 3604 4529 gloria

387 4563 517 4631 nec
546 4562 653 4617 τοῦ
679 4558 1009 4629 ἀνθρώπου,
1052 4553 1166 4628 ἆρα
1191 4558 1435 4628 εὑρήσει
1456 4557 1571 4626 τὴν
1601 4558 1809 4611 πίστιν
1837 4558 1937 4611 ἐπὶ

2042 4565 2095 4611 et
2129 4555 2414 4624 imperium
2445 4552 2499 4608 in
2526 4554 2723 4610 sarcula
2757 4554 3102 4610 sucularum.
3134 4552 3326 4607 Amen.

381 4657 487 4726 τῆς
504 4655 653 4726 τῆς;
683 4656 757 4709 Οὐ
784 4656 908 4727 περὶ
930 4653 1086 4726 ἡμῶν
1115 4654 1260 4718 ὲστι;
1285 4652 1385 4707 Διὰ
1407 4652 1565 4706 τοῦτο
1602 4652 1957 4723 προσέχωμεν
2012 4653 2224 4714 ἑαυτοῖς
2243 4689 2257 4713 ,
2309 4648 2483 4703 πάντα
2538 4649 2866 4721 πράττοντες
2913 4647 3000 4700 ἵνα
3041 4644 3308 4717 ὁσημέραι
3354 4640 3512 4698 τοῦτο
3544 4640 3615 4693 τὸ

382 4750 624 4822 ποίμνιον
650 4746 744 4802 τοῦ
770 4745 905 4802 Θεοῦ
930 4746 1232 4816 βελτιῶται,
1268 4743 1578 4815 ὑγιάςηται,
1611 4740 2002 4816 θεραπεύηται,
2040 4738 2136 4796 καὶ
2185 4743 2333 4794 πᾶσα
2382 4739 2638 4813 συντριϐὴ
2680 4739 2888 4809 ἀποστῇ
2922 4738 3030 4791 ἀπὸ
3064 4736 3172 4791 τῶν
3207 4736 3394 4813 ψυχῶν
3423 4735 3606 4808 span,

2042 3652 2238 3724 fuerint
2274 3652 2601 3723 iniquitates,
2638 3660 2761 3706 tunc
2794 3653 3094 3724 refrigescet
3125 3651 3360 3707 citat-itas
3400 3647 3602 3703 multo-

2044 3759 2181 3797 rum.
2217 3742 2292 3797 De
2318 3742 2521 3813 quibus
2548 3742 2693 3797 enim
2725 3743 2829 3798 hoc
2865 3742 3096 3798 dicitur:
3125 3739 3448 3809 Refrigescet
3476 3739 3603 3793 clm-

381 4842 462 4897 ἴνα
488 4845 547 4897 ὲν
573 4837 792 4912 Χριστῷ
827 4835 999 4907 Ἰησοῦ
1029 4834 1419 4906 τελειωθῶμεν,
1442 4828 1487 4901 ᾧ
1504 4837 1651 4888 ἐστιν
1674 4835 1707 4903 ἡ
1738 4832 1863 4898 δόξα
1884 4833 1978 4886 καὶ
2016 4832 2075 4886 τὸ
2103 4831 2302 4902 κράτος
2329 4831 2410 4894 είς
2436 4831 2560 4893 τοὺς
2592 4827 2812 4891 αἰῶνας.
2859 4827 3049 4900 Ἀμήν.
3430 4862 3431 4865 η

946 4933 1187 4987 ΟΜΙΛΙΑ
1244 4930 1345 4984 ll".

946 5040 949 5043 ·
1046 5020 1251 5084 Etet-6'

386 5120 475 5186 τίς
498 5119 768 5189 φείσεται
797 5113 895 5169 ἐπὶ
919 5112 1037 5178 σοι,
1086 5110 1507 5178 Ἰερουσαλήμ;
1553 5109 1647 5162 καὶ
1673 5110 1742 5163 τὰ
1786 5110 1935 5180 ὲξῆς.

2593 4919 2877 4978 ιιοιιιιιΑ
2918 4921 3050 4977 XIII.

2456 5014 2645 5085 (Juxta
2692 5011 3070 5083 Hieronymum
3098 5011 3197 5082 Χ.)

2223 5108 2354 5173 Quis
2387 5116 2563 5177 parcet
2606 5119 2761 5174 super
2803 5112 2870 5169 te,
2912 5102 3290 5159 Hierusalem?
3324 5114 3433 5158 etc.

1662 5244 1897 5306 Eodem
1953 5243 2323 5322 interprete.

2122 5396 2171 5448 i.
2216 5393 2290 5450 Ea
2324 5406 2445 5464 qua:
2472 5393 2538 5449 ad
2568 5390 2905 5447 Hierusalem
2932 5406 3055 5447 cum
3087 5388 3290 5462 ingenti
3319 5385 3612 5447 commina-

380 5374 393 5458 -Ι
448 5397 528 5452 Τά
558 5397 823 5468 λεγόμενα
862 5396 994 5466 πρὸς
1041 5396 1140 5468 τὴν
1193 5394 1543 5469 Ἰερουσαλὴμ
1572 5396 1711 5469 μετὰ
1744 5397 1942 5479 πολλῆς

2052 5487 2199 5541 tione
2224 5487 2499 5550 dicuntur,
2534 5483 2782 5541 volumus
2809 5484 3128 5554 intelligere,
3152 5492 3206 5537 et
3232 5484 3303 5539 ita
3337 5495 3396 5537 se
3419 5479 3613 5539 haben-

376 5486 606 5557 ἀπειλῆς
637 5488 825 5558 νοῆσαι
854 5486 1099 5558 θέλομεν,
1128 5487 1302 5551 οὕτως
1332 5486 1553 5559 έχοντα·
1599 5492 1693 5561 Τίς
1736 5494 1940 5563 gelas-

432 5623 510 5678 ⁸³1
539 5623 693 5679 Joan.
725 5640 781 5687 ιι,
812 5624 867 5676 2.
945 5624 986 5656 ’δ
1011 5624 1195 5680 Matth.
1225 5641 1339 5692 vm,
1367 5627 1448 5695 12,
1479 5648 1594 5707 xm,
1620 5637 1706 5708 63,
1739 5638 1825 5698 50.
1912 5612 1955 5665 ί⁸
1983 5626 2142 5680 Rom.
2183 5640 2254 5688 XI,
2284 5624 2373 5677 Ἦ.
2450 5625 2492 5657 ¹⁶
2541 5621 2725 5679 Matth.
2773 5637 2923 5684 xxiv,
2961 5622 3039 5674 12;
3145 5625 3185 5655 ”
3212 5620 3343 5679 Luc.
3381 5596 3538 5689 svnt,
3559 5621 3613 5674 8.
