4218 6292
513 312 624 367 599

1965 300 2291 359 ORIGENIS

3667 305 3769 360 4οθ

517 426 618 479 tia:
644 425 777 490 Quis
806 433 982 493 parcet
1006 439 1159 491 super
1185 431 1251 485 te,
1281 420 1656 476 Hierusalem?
1691 429 1784 474 aut
1813 419 1929 491 quis
1963 435 2086 472 con-
2114 422 2161 479 Δ

2114 422 2161 479 Α
2190 435 2285 471 ται
2314 418 2412 470 ἐπὶ
2469 417 2591 482 σοὶ,
2650 416 3080 486 Ἰερουσαλήμ;
3117 415 3156 484 ἢ
3213 417 3304 482 τίς
3351 417 3766 484 σκυθρωπάσει

520 516 826 569 tristabitur
858 531 1012 582 super
1049 515 1135 566 te.’
1165 511 1295 576 Quis
1330 521 1658 567 convertetur
1684 529 1868 582 rogare
1895 528 1955 564 ea
1975 526 2090 580 gnte

518 609 576 660 in
618 624 796 676 pacem
841 615 961 659 sunt
996 603 1127 656 tibi?
1162 607 1413 657 Aversata
1452 621 1505 656 es
1547 621 1580 657 a
1619 621 1718 669 me,
1747 603 1874 656 dicit
1910 601 2091 655 Domi-

521 715 640 752 nus.
682 697 839 750 Retro
887 693 1206 757 ambulabis,
1253 702 1303 746 et
1341 695 1619 748 extendam
1658 711 1872 747 manum
1921 710 2090 746 meam

519 805 675 856 super
714 797 780 848 te,
816 797 864 838 et
899 783 1201 853 disperdam
1233 794 1300 848 te,
1330 796 1380 838 et
1416 784 1559 838 ultra
1592 802 1694 838 non
1731 787 1901 838 sinam
1941 793 2011 847 te,
2042 793 2092 837 et

518 879 813 946 dispergam
845 874 965 927 illos
997 875 1051 926 in
1075 873 1422 942 dispersione.
1459 875 1584 927 Dixi
1619 889 1637 926 :
1661 873 1785 928 Siue
1813 873 1942 941 ﬁliis
1968 873 2093 940 επε-

517 979 631 1020 ctus
661 981 777 1018 sum
798 981 816 1027 ;
841 973 1048 1034 egestas
1079 965 1242 1016 tenuit
1269 964 1427 1016 me".
1455 962 1770 1033 Exemplum
1794 962 2086 1031 accipiam:

520 1057 695 1112 hostis
735 1057 1009 1126 quispiam
1057 1071 1122 1109 ac
1167 1054 1459 1124 perduellis
1490 1065 1683 1110 contra
1713 1055 2090 1124 imperatorvm

521 1147 686 1216 hujus
723 1156 883 1201 terrae
919 1147 1197 1216 judicatus
1243 1155 1325 1200 cst
1361 1165 1374 1199 :
1405 1147 1475 1200 ab
1517 1147 1620 1200 hoc
1655 1145 1834 1200 omnis
1881 1145 2093 1200 miseri-

518 1239 704 1292 cordia
734 1236 1014 1301 aufertur;
1039 1235 1247 1291 scilicet
1275 1251 1343 1290 ne
1377 1236 1507 1289 dum
1534 1235 1792 1290 damnato
1829 1236 1954 1305 quis
1992 1235 2094 1288 mi-

519 1339 751 1394 seretur,
822 1327 1050 1396 incipiat
1103 1326 1377 1382 olfeudere
1433 1327 1907 1381 condemnantem.
1955 1325 2095 1380 Sunt

519 1421 682 1474 etiam
708 1418 951 1472 nonnulli
984 1419 1077 1487 qui
1112 1417 1376 1486 adjiciunt
1405 1417 1471 1471 ad
1502 1412 1868 1480 severitatem,
1899 1424 1958 1469 ut
1987 1431 2094 1470 non

522 1509 918 1563 contristentur
944 1508 1164 1576 quidem
1193 1522 1359 1575 super
1390 1522 1477 1572 eo,
1509 1507 1560 1560 id
1585 1521 1917 1576 magnopere
1945 1506 2095 1561 devi-

522 1610 718 1663 tantes,
755 1614 822 1653 ne
853 1615 948 1668 per
974 1613 1263 1652 maerorem
1287 1597 1470 1651 vultus
1498 1607 1868 1653 monstrentur
1883 1597 2095 1668 judicio

523 1690 670 1758 regis
687 1688 908 1741 otl'endi.
947 1685 1002 1740 Si
1035 1684 1367 1750 intellexisti,
1393 1684 1679 1738 considera
1699 1685 1854 1747 mihi,
1878 1693 2096 1754 propter

525 1790 748 1849 peccata
785 1779 952 1832 multa
982 1793 1011 1831 a
1043 1775 1155 1831 Deo
1189 1777 1604 1833 condemnatum
1647 1785 2006 1844 peccatorem,
2042 1783 2097 1829 et

528 1869 650 1924 vide
677 1869 953 1940 quomodo
985 1866 1474 1921 innumerabilibus
1501 1865 1703 1935 angelis
1737 1867 1974 1920 humano
1999 1881 2098 1934 ge-

526 1961 639 2015 neri
672 1958 1111 2028 przesidcntibus,
1147 1972 1214 2010 ne
1246 1956 1314 2009 ab
1347 1971 1455 2010 uno
1481 1956 1699 2024 quidem
1724 1955 2096 2010 misericordia

524 2051 722 2120 dignus
743 2049 1034 2118 judicetur.
1063 2046 1272 2116 Singuli
1295 2045 1511 2115 quidem
1535 2045 1849 2114 angelorum
1882 2044 2096 2114 prospi-

523 2142 731 2195 cientes
763 2140 890 2209 quia
928 2136 1070 2192 Deus
1099 2148 1182 2192 est
1209 2137 1300 2207 qui
1333 2135 1736 2199 condemnavit,
1771 2135 1898 2203 quia
1927 2135 2098 2189 Crea-

525 2243 610 2288 tor
645 2242 728 2287 est
764 2233 857 2301 qui
898 2230 1240 2294 adversatur,
1284 2238 1339 2283 et
1387 2229 1491 2282 tale
1532 2242 1654 2283 esse
1691 2234 1996 2296 peccatum,
2038 2235 2098 2281 ut

525 2324 858 2388 misericors,
900 2331 954 2376 et
988 2322 1228 2377 clemens
1274 2319 1679 2390 quodammodo
1719 2320 2096 2375 necessitatem

527 2429 721 2483 passus
749 2413 822 2466 sit
851 2427 1013 2481 super
1033 2428 1158 2466 eum
1189 2411 1517 2466 sententiam
1543 2424 1816 2479 promere,
1843 2425 1949 2463 non
1979 2425 2099 2478 par-

525 2511 676 2566 cunt,
707 2516 814 2555 non
846 2501 1255 2568 contristantur,
1287 2517 1463 2572 neque
1503 2501 1851 2565 miserentur,
1882 2514 1990 2554 non
2015 2514 2098 2554 re-

524 2603 830 2660 vertuntur,
857 2603 914 2649 ut
935 2604 1125 2664 rogent
1142 2609 1240 2663 pro
1254 2608 1320 2647 eo
1343 2607 1554 2662 pacem.
1573 2590 1909 2646 Hierusalem
1935 2591 2100 2660 igitur

525 2687 654 2756 quia
682 2687 747 2741 ad
779 2688 961 2757 priora
987 2686 1194 2740 scelera
1230 2685 1395 2737 etiam
1426 2685 1528 2737 hoc
1553 2681 1771 2750 adjecit,
1803 2690 1860 2734 ut
1878 2681 2100 2735 cruciﬁ-

528 2785 676 2848 geret
710 2775 1001 2830 Dominum
1031 2789 1210 2828 meum
1229 2771 1437 2837 Jesum,
1460 2781 1514 2826 et
1545 2772 1598 2824 in
1628 2779 1838 2824 tantum
1864 2770 2101 2825 surrexit

528 2869 728 2930 scelus,
746 2876 805 2920 ut
819 2866 884 2919 de
906 2880 969 2918 ea
995 2863 1200 2919 diceret
1224 2862 1566 2917 Salvator":
1597 2859 1950 2924 Hierusalem,
1975 2860 2102 2915 Ilie-

531 2959 781 3022 rusalem,
800 2973 916 3026 qua:
926 2955 1120 3008 occidis
1136 2953 1433 3024 prophetas,
1448 2963 1496 3006 et
1515 2952 1724 3022 lapidas
1746 2953 1932 3007 missos
1947 2952 2016 3005 ad
2031 2965 2098 3018 te,

2202 509 2298 562 ἐπὶ
2335 509 2436 562 σοί
2455 525 2475 573 ;
2513 507 2552 576 ἢ
2585 510 2676 574 τίς
2713 507 3052 575 ἀνακάμψει
3084 506 3371 574 ἐρωτῆσαι
3401 510 3488 573 εὶς
3526 507 3763 579 εἰρήνην

2190 611 2339 660 σου;
2377 597 2462 650 Σὺ
2491 595 2882 665 ἀπεστράφης
2914 612 3011 664 με,
3043 595 3204 663 λέγει
3250 597 3484 662 Κύριος.
3552 597 3768 654 Ὀπίσω

2192 687 2480 754 πορεύσῃ,
2501 685 2599 738 καὶ
2637 683 2857 738 ἐκτενῶ
2883 683 2999 752 τὴν
3023 683 3190 753 χεῖρά
3220 701 3340 751 μου
3379 685 3479 737 ἐπὶ
3520 685 3616 752 σὲ,
3670 688 3767 741 καὶ

2199 772 2492 842 διαφθερῶ
2511 789 2606 834 σε,
2636 773 2734 826 καὶ
2761 773 2960 826 οὐκέτι
2976 772 3184 837 ἀνήσω
3207 789 3302 836 σε,
3330 775 3427 827 καὶ
3471 774 3770 844 διασπερῶ

2190 866 2415 932 αὐτοὺς
2441 867 2512 918 ἐν
2549 863 2870 932 διασπορᾷ.
2900 861 3083 918 Ebur
3121 865 3522 932 Ἦτεκνώθην,
3555 868 3771 935 ἀπορία

2191 957 2448 1025 κατέσχε
2475 973 2571 1025 με.
2616 957 2973 1026 Παράδειγμα
3018 956 3299 1027 λαμὸάνω,
3354 956 3610 1027 πολέμιόν
3651 975 3770 1012 τινα

2192 1046 2576 1116 ἀποδειχθέντα
2612 1045 2706 1099 τοῦ
2751 1046 3126 1116 βασιλεύοντος
3170 1048 3264 1100 ἐπὶ
3295 1047 3397 1118 τῆς
3433 1049 3555 1118 γῆς,
3589 1050 3670 1101 ὅτι
3695 1049 3771 1119 τῷ

2191 1137 2420 1208 τοιούτῳ
2448 1138 2568 1191 οὐδὲ
2615 1139 2946 1208 μεταδιδόναι
2987 1139 3137 1191 ἐλέου
3164 1138 3392 1205 ἔξεστιν,
3421 1141 3509 1194 ῖνα
3543 1141 3616 1212 μὴ
3640 1143 3767 1213 δοκῇ

2191 1245 2275 1290 τις
2305 1226 2664 1298 προσκρούειν
2706 1228 2784 1298 τῷ
2823 1229 3247 1284 καταδικάσαντι
3281 1231 3506 1301 βασιλεῖ.
3535 1233 3644 1285 Καὶ
3672 1234 3769 1287 οὐκ

2193 1317 2366 1382 ἔξεστι
2403 1317 2494 1371 τὸν
2515 1316 2754 1370 τοιοῦτον
2779 1319 2898 1372 οὐδὲ
2924 1318 3138 1389 ἐλεῆσαι
3175 1321 3674 1392 προσεπιτείνοντές
3692 1341 3769 1376 τι·

2194 1427 2282 1472 νες
2307 1410 2425 1462 οὐδὲ
2441 1408 2923 1480 σκυθρωπάζοντες
2950 1410 3026 1480 (Ι)
3050 1412 3138 1463 ἐπ’
3170 1412 3343 1482 αὐτῷ,
3365 1413 3449 1465 ῖνα
3477 1413 3550 1483 μὴ
3579 1414 3671 1467 ἐπὶ
3693 1413 3768 1484 τῷ

2197 1497 2610 1575 σκυθρωπάζειν
2665 1500 2864 1553 δοκῶσι
2912 1500 3358 1572 δυσαρεστεῖσθαι
3402 1503 3480 1574 τῷ
3532 1505 3766 1576 κριθέντι

2197 1593 2302 1646 ὑπὸ
2331 1591 2426 1644 τοῦ
2465 1590 2744 1662 βασιλέως.
2787 1592 2851 1644 Et
2901 1594 3162 1664 νενόηκας
3201 1593 3380 1656 τοῦτο,
3441 1595 3515 1647 ἴδε
3559 1613 3647 1666 μοι
3679 1595 3767 1649 τὸν

2196 1681 2658 1735 καταδικασθέντα
2691 1681 2796 1734 ὑπὸ
2821 1683 2913 1735 τοῦ
2943 1681 3081 1735 Θεοῦ
3109 1682 3197 1735 διὰ
3222 1681 3322 1743 τὰς
3350 1682 3546 1746 πολλάς
3577 1684 3766 1739 ἑαυτοῦ

2128 1755 2169 1808 Β
2198 1773 2489 1842 ἁμαρτίας,
2521 1773 2614 1826 καὶ
2642 1774 2745 1842 δρα
2777 1773 2867 1824 τὸν
2894 1771 3133 1825 τοιοῦτον
3153 1810 3168 1834 ,
3203 1774 3295 1825 καὶ
3321 1773 3429 1826 τῶν
3467 1773 3768 1842 βλεπόντων

2199 1862 2442 1929 ἀγγέλων
2477 1862 2587 1913 τῶν
2621 1862 2969 1930 τεταγμένων
2992 1863 3083 1915 ἐπὶ
3107 1863 3168 1916 τὸ
3199 1863 3411 1934 βοηθεῖν
3441 1868 3506 1935 τῇ
3538 1865 3644 1919 τῶν
3674 1869 3765 1919 ἀν-

2198 1952 2429 2023 θρώπων
2473 1952 2653 2020 φύσει,
2703 1953 2808 2004 ὑπὸ
2851 1953 3077 2022 μηδενὸς
3118 1951 3454 2023 ἐλεούμενον.
3503 1956 3769 2021 Ἕκαστος

2197 2043 2305 2114 γὰρ
2332 2045 2438 2096 τῶν
2467 2044 2731 2112 ἀγγέλων,
2770 2045 2892 2098 ἰδὼν
2919 2045 3010 2097 τὸν
3043 2044 3501 2111 καταδικάσαντα,
3537 2048 3618 2100 ὅτι
3643 2049 3771 2112 Θεός

2197 2135 2334 2196 ἐστι,
2384 2133 2474 2186 τὸν
2515 2135 2946 2204 ἀποστραφέντα,
2984 2135 3065 2187 ὅτι
3110 2137 3449 2207 Δημιουργός
3491 2141 3626 2204 ἐστι,
3676 2141 3771 2209 τὴν

2199 2227 2358 2294 φύσιν
2395 2226 2502 2279 τῶν
2526 2227 2808 2298 ἁμαρτιῶν
2826 2267 2842 2294 ,
2872 2228 2954 2279 ὅτι
2992 2226 3236 2296 τοιαύτη,
3275 2227 3416 2280 ὥστε
3445 2229 3537 2281 τὸν
3565 2229 3767 2298 ἀγαθὸν

2198 2316 2329 2369 Θεὸν
2377 2316 2785 2387 ἀναγκασθῆναι
2840 2315 2928 2386 (ἵν’
2960 2316 3133 2379 οὕτως
3166 2317 3437 2389 εἴποιμι),
3477 2321 3645 2390 αὐτὴν
3673 2320 3773 2391 τὴν

2198 2409 2378 2479 ψῆφον
2413 2410 2641 2478 ἀγαγεῖν
2687 2409 2828 2462 κατά
2855 2410 2949 2463 τοῦ
2979 2411 3382 2482 ἡμαρτηκότος,
3413 2411 3636 2476 ἕκαστος
3663 2414 3772 2466 τῶν

2197 2496 2446 2569 ὁρώντων
2481 2499 2540 2551 οὐ
2577 2498 2838 2568 φείδεται,
2895 2498 3309 2570 σκυθρωπάζει,
3341 2500 3438 2552 οὐκ
3471 2501 3627 2564 ἐλεεῖ,
3670 2504 3772 2556 οὐκ

2199 2591 2581 2662 ἐπανέρχεται,
2620 2589 2761 2644 ὥστε
2801 2589 3182 2660 παρακαλέσαι
3219 2592 3344 2661 περὶ
3378 2591 3475 2660 τῆς
3517 2592 3651 2662 πρὸς
3677 2592 3770 2645 τὸν

2199 2681 2438 2735 τοιοῦτον
2471 2681 2709 2751 εἰρήνης.
2751 2681 2817 2732 Ἡ
2851 2680 3205 2752 Ἰερουσαλὴμ
3233 2681 3408 2734 τοίνυν
3443 2681 3600 2752 αὕτη,
3633 2682 3775 2734 οὕτω

2200 2771 2309 2842 γὰρ
2343 2771 2612 2835 λελέξεται
2654 2771 2729 2842 (2)
2771 2771 2860 2825 διὰ
2895 2771 2957 2824 τὸ
2991 2772 3226 2843 γράμμα
3269 2772 3640 2844 ἡμαρτηκέναι
3668 2791 3770 2844 μου

2201 2865 2282 2927 εἰς
2312 2864 2401 2919 τὸν
2446 2864 2674 2934 Ἰησοῦν,
2709 2865 2802 2918 καὶ
2847 2863 3068 2917 τοιαῦτα
3109 2864 3487 2934 πεποιηκέναι,
3539 2865 3622 2918 ἵνα
3646 2867 3775 2938 εἴπῃ

2204 2956 2332 3026 περὶ
2363 2955 2532 3026 αὐτῆς
2563 2958 2591 3009 ὁ
2631 2955 2833 3026 Ἰησοῦς
2852 2974 2866 2988 ·
2919 2954 3332 3024 Ἰερουσαλὴμ,
3365 2955 3776 3024 Ἰερουσαλὴμ,

529 3049 730 3119 quoties
754 3047 891 3101 uolui
912 3062 1224 3116 congregare
1242 3045 1381 3114 ﬁlios
1414 3054 1549 3108 tuos,
1576 3045 1728 3115 quasi
1752 3043 1955 3114 gallina
1979 3061 2102 3097 con-
2127 3075 2170 3132 ο

2127 3075 2170 3132 c
2203 3047 2243 3114 ἡ
2263 3047 2710 3100 ἀποκτείνουσα
2744 3047 2883 3113 τοὺς
2904 3045 3233 3116 προφήτας,
3265 3045 3363 3098 καὶ
3380 3047 3776 3101 λιθοϐολοῦσα

532 3157 750 3211 gregans
773 3139 946 3208 pullos
967 3153 1088 3191 suos
1114 3136 1208 3190 sub
1235 3137 1382 3200 alas;
1405 3146 1452 3189 et
1477 3135 1734 3190 noluisti?
1761 3135 1896 3189 Ecce
1913 3136 2091 3189 dimit-

534 3224 844 3282 tetur.v0bis
873 3225 1060 3278 domus
1103 3232 1272 3279 vestra
1303 3225 1511 3279 deserta
1547 3240 1564 3278 :
1594 3225 1713 3279 ideo
1739 3224 1967 3279 dimissa
1996 3235 2101 3291 est,

535 3327 590 3372 et
615 3331 786 3386 usque
811 3317 876 3370 ad
906 3315 1070 3386 206
1097 3330 1334 3385 praesens
1358 3325 1572 3384 tempus
1605 3315 1886 3370 destituta.
1911 3315 2102 3384 Angeli

532 3410 734 3481 quippe
759 3407 852 3478 qui
879 3422 1094 3476 semper
1125 3407 1528 3461 auxiliabantur
1552 3407 1623 3470 ei,
1653 3421 1750 3476 per
1774 3422 1916 3476 quos
1940 3410 2102 3462 etiam

534 3503 619 3556 lex
666 3501 797 3557 Mosi
831 3497 1027 3554 tradita
1063 3510 1167 3566 est,
1201 3499 1462 3569 disposita
1493 3514 1584 3568 per
1616 3498 1828 3568 angelos
1859 3501 1914 3553 in
1942 3516 2101 3554 manu

537 3592 846 3648 Mediatoris
869 3592 934 3656 ’°,
964 3591 1324 3646 deseruerunt
1351 3606 1492 3657 eam,
1522 3599 1576 3644 et
1595 3591 1850 3646 dixerunt
1874 3611 1888 3647 :
1916 3593 2103 3649 multis

537 3683 866 3738 facinoribus
877 3680 1350 3752 oppressa,.lasum
1370 3679 1656 3748 interfecit,
1675 3693 1726 3736 ct
1742 3682 1796 3737 in
1815 3681 2104 3738 Dominum

537 3783 780 3828 nostrum
817 3771 980 3829 misit'
1007 3788 1221 3828 manus.
1270 3771 1523 3838 Quandiu
1578 3775 1789 3828 minora
1835 3777 2104 3843 peccavit.

535 3866 812 3934 potuimus
836 3880 1028 3935 rogare
1057 3879 1155 3934 pro
1181 3880 1265 3931 ea,
1307 3864 1584 3934 potuimus
1610 3864 1897 3919 obsecrare
1920 3863 2107 3918 Domi-

537 3973 688 4019 num,
723 3956 999 4025 potuimus
1026 3972 1249 4027 parcere
1280 3957 1328 4011 ei
1361 3973 1374 4009 :
1410 3973 1573 4026 super
1599 3957 1702 4010 ista
1727 3956 1851 4018 quis
1880 3956 2108 4025 parcat?

537 4046 597 4102 Si
620 4050 906 4117 peccaverit
935 4051 1014 4103 uir
1049 4052 1112 4102 in
1141 4051 1330 4118 uirum,
1357 4051 1666 4104 exorabitur
1694 4065 1789 4119 pro
1819 4065 1914 4112 eo;
1944 4049 1990 4101 si
2019 4065 2108 4101 au-

539 4152 636 4194 tem
671 4142 962 4210 peccaverit
984 4143 1037 4195 in
1060 4141 1247 4207 Demn,
1277 4145 1393 4213 quis
1428 4143 1600 4198 orabit
1625 4157 1722 4212 pro
1756 4143 1860 4196 eo?
1897 4140 2107 4196 Grande

535 4232 804 4300 piaculum
849 4234 1108 4287 commisit
1159 4232 1512 4301 Hierusalem,
1564 4235 1762 4305 grande
1793 4233 2107 4303 perpetravit

539 4323 708 4391 nefas,
743 4324 858 4376 ideo
890 4323 945 4375 in
974 4325 1317 4376 commotione
1348 4325 1492 4393 facta
1519 4334 1594 4378 est
1615 4327 1657 4355 ἰ
1683 4341 1697 4388 ;
1733 4332 1788 4378 et
1815 4324 2013 4377 dicitur
2038 4320 2106 4375 ad

2203 3135 2342 3201 τοὺς
2367 3136 2862 3206 ἀπεσταλμένους
2889 3137 3039 3205 πρὸς
3061 3135 3278 3204 αὐτὴν,
3321 3136 3533 3203 ὁσάκις
3559 3136 3775 3206 ἠθέλη-

2202 3241 2284 3279 σα
2321 3227 2679 3292 ἐπισυνάξαι
2716 3228 2789 3280 τὰ
2828 3227 3012 3280 τέκνα
3054 3243 3171 3281 σου
3197 3267 3212 3290 ,
3255 3227 3328 3279 ὃν
3367 3229 3588 3295 τρόπον
3617 3227 3779 3295 ὄρνις

2202 3318 2553 3387 ἐπισυνάγει
2575 3320 2648 3373 τὰ
2671 3320 2895 3373 νοσσία
2923 3319 3042 3373 ὑπὸ
3067 3317 3174 3383 τὰς
3201 3317 3516 3388 πτέρυγας,
3543 3319 3639 3372 καὶ
3667 3321 3780 3374 οὐκ

2202 3409 2579 3478 ἡθελήσατε;
2622 3410 2777 3464 Ἰδοὺ
2799 3411 3033 3479 ἀφίεται
3062 3409 3204 3480 ὑμῖν
3223 3412 3255 3462 ό
3280 3409 3442 3474 οἶκος
3465 3409 3630 3478 ὑμῶν
3655 3409 3784 3478 ἕρη-

2199 3519 2314 3572 μος
2333 3517 2347 3531 ⁸
2376 3501 2753 3555 καταλιπέσθω
2774 3500 2912 3572 αῦτη
2935 3503 2966 3572 ἡ
2993 3501 3363 3573 Ἰερουσαλὴμ,
3377 3501 3450 3564 ὼς
3463 3501 3778 3554 καταλέλει-

2207 3611 2354 3648 πται.
2383 3592 2448 3648 Οἱ
2474 3593 2691 3663 ἄγγελοι
2710 3634 2725 3658 ,
2767 3595 2820 3645 οἱ
2850 3594 2937 3647 ἀεὶ
2973 3593 3289 3666 βοηθοῦντες
3308 3595 3372 3664 τῇ
3407 3591 3780 3665 Ἰερουσαλὴμ,

2205 3685 2273 3738 δι’
2291 3680 2365 3740 ὧν
2385 3686 2605 3755 διετάγη
2635 3686 2728 3740 καὶ
2754 3687 2782 3739 ὁ
2797 3686 3039 3750 Μωσέως
3064 3685 3250 3755 νόμος,
3275 3683 3569 3752 διαταγεὶς
3587 3685 3659 3739 δι’
3679 3686 3778 3752 άτ-

2207 3777 2400 3848 τέλων
2429 3778 2500 3830 ἐν
2529 3777 2680 3846 χειρὶ
2713 3778 2978 3831 Μεσίτου
2998 3817 3013 3841 ,
3057 3776 3504 3830 καταλιπέτωσαν
3541 3779 3639 3849 τὴν
3679 3779 3779 3830 Ἱεη-

2211 3870 2508 3941 ρουσαλὴμ,
2529 3869 2622 3922 καὶ
2647 3869 2971 3938 λεγέτωσανο
3001 3868 3080 3922 Τὰ
3100 3870 3474 3942 ἁμαρτήματα
3487 3871 3655 3939 αὐτῆς
3687 3886 3781 3942 μεθ

2207 3963 2346 4032 γάλα
2394 3963 2606 4031 γέγονε,
2651 3960 2743 4015 τὸν
2797 3959 3010 4032 Ἰσραὴλ
3039 3961 3117 4031 (5)
3150 3963 3511 4026 ἀπέκτειναν,
3557 3963 3647 4014 ἐπὶ
3688 3965 3778 4015 τὸν

2207 4055 2438 4124 Χριστὸν
2469 4053 2565 4117 τὰς
2596 4056 2784 4124 χεῖρας
2812 4052 3253 4123 ὲπιϐεὸλήκασιν.
3274 4054 3448 4118 ,Ὅσον
3479 4052 3555 4105 ἔτι
3587 4052 3779 4124 μικρό-

2206 4162 2341 4216 τερα
2368 4141 2435 4216 ἦν
2477 4145 2545 4197 τὰ
2568 4146 2958 4217 ἁμαρτήματα,
2999 4145 3299 4214 ἐδυνάμεθα
3334 4144 3412 4197 ἔτι
3445 4145 3572 4214 περὶ
3599 4145 3788 4199 αὐτῶν

2207 4234 2411 4300 ἀξιοῦν,
2461 4236 2555 4288 καὶ
2611 4236 2965 4306 παρακαλεῖν,
3003 4235 3319 4306 ἠδυνάμεθα
3369 4236 3639 4304 φείδεσθαι
3684 4238 3782 4309 τῆς

2219 4325 2572 4397 Ἰερουσαλήμ
2592 4342 2605 4356 ·
2635 4324 2716 4388 τίς
2751 4326 2844 4378 ἐπὶ
2870 4323 3042 4394 τούτῳ
3063 4323 3340 4392 φείσεται;
3373 4325 3775 4394 Ἐἰινάμαρτά-

537 4427 656 4466 eam
688 4431 700 4468 :
734 4413 839 4466 Nos
877 4427 984 4464 non
1021 4413 1408 4466 contristamur
1449 4429 1614 4481 super
1656 4412 2016 4479 Hierusalem,
2053 4423 2106 4468 et
2137 4409 2180 4461 D

2137 4409 2180 4461 D
2208 4431 2328 4467 νων
2353 4415 2584 4483 ἁμάρτῃ
2611 4413 2767 4480 ἀνὴρ
2793 4414 2879 4477 εἰς
2895 4410 3103 4478 ἄνδρα,
3121 4412 3219 4464 καὶ
3235 4415 3634 4482 προσεύχεται
3649 4415 3779 4483 περὶ

540 4501 942 4558 calamitatibus
985 4500 1124 4568 ejus,
1156 4511 1213 4553 et
1253 4502 1432 4554 omnis
1471 4503 1652 4571 populi
1689 4503 1853 4556 illius.
1884 4501 2103 4556 Illorum

541 4593 738 4661 quippe
767 4591 964 4644 delicto
991 4589 1141 4644 salus
1169 4589 1326 4643 nobis
1358 4588 1499 4644 facta
1529 4600 1614 4645 est
1647 4591 1713 4645 ad
1741 4591 2106 4645 aemulandum

541 4686 715 4738 eos".
738 4681 802 4736 Et
823 4683 948 4750 quia
967 4683 1048 4738 sic
1065 4683 1308 4751 peccavit
1329 4689 1390 4735 ut
1417 4697 1548 4735 voce
1571 4681 1785 4736 Domini
1801 4681 2073 4736 diceretur
2094 4701 2106 4735 :

545 4771 678 4840 Quis
708 4782 883 4840 parcet
911 4790 1066 4842 super
1097 4771 1471 4829 Hierusalem?
1502 4771 1616 4844 Ego
1648 4788 1864 4843 quoque
1890 4773 2014 4828 dico
2044 4773 2110 4827 ad

546 4860 960 4919 interfectricem
1009 4863 1222 4918 Domini
1263 4865 1367 4918 mei
1400 4881 1415 4918 :
1457 4863 1588 4928 Quis
1637 4874 1814 4934 parcet
1853 4881 2009 4935 super
2041 4875 2110 4932 te,

550 4953 900 5020 Hierusalem,
933 4965 979 5007 et
1010 4955 1126 5026 quis
1162 4954 1562 5009 contristabitur
1592 4972 1746 5024 super
1769 4959 1854 5012 te?

2211 4504 2415 4558 αὐτοῦ.
2448 4503 2758 4570 Ἁμαρτίαν
2775 4501 3037 4570 ἥμαρτεν
3069 4502 3472 4572 Ἰερουσαλὴμ,
3487 4504 3585 4558 διὰ
3610 4506 3783 4560 τοῦτο

2205 4596 2292 4659 εὶς
2319 4593 2515 4647 σάλον
2539 4593 2774 4662 ἐγένετο
2795 4609 2808 4622 ·
2845 4594 2937 4645 καὶ
2961 4592 3175 4659 λέγεται
3216 4595 3352 4664 πρὸς
3383 4597 3552 4666 αὐτὴν
3582 4595 3782 4668 ταύτην

2209 4682 2422 4755 πρῶτον
2442 4700 2456 4712 ·
2489 4684 2585 4748 Τίς
2630 4684 2898 4751 φείσεται
2938 4682 3038 4735 ἐπὶ
3079 4683 3174 4747 σὲ,
3214 4685 3638 4756 Ἰερουσαλήμ;
3685 4687 3782 4741 καὶ

2206 4775 2298 4839 τίς
2342 4773 2768 4842 σκυθρωπάσει
2809 4774 2906 4826 ἐπὶ
2935 4775 3036 4827 σοί
3066 4774 3176 4844 (4);
3228 4776 3419 4848 Ἡμεῖς
3456 4780 3515 4833 οῦ
3547 4778 3786 4848 σκυθρω-

2209 4863 2454 4935 πάζομεν
2489 4865 2586 4918 ἐπὶ
2629 4868 2696 4935 τῇ
2740 4865 3116 4936 Ἰερουσαλὴμ,
3177 4868 3269 4920 καὶ
3316 4873 3438 4933 ταῖς
3487 4871 3786 4941 συμφοραῖς

2207 4959 2405 5027 αὐτῆς,
2461 4957 2699 5021 καὶτοῖς
2732 4957 3040 5030 γενομένοις
3082 4961 3243 5012 παντὶ
3288 4961 3366 5032 τῷ
3411 4963 3524 5034 λαῷ
3572 4960 3784 5029 ἐκείνῳο

550 5050 623 5121 τῷ
663 5048 774 5118 γὰρ
822 5047 1045 5102 ἐκείνων
1086 5047 1492 5118 παραπτώματι
1529 5051 1562 5120 ἡ
1598 5049 1839 5119 σωτηρία
1894 5048 2049 5120 ἡμῶν
2099 5051 2350 5119 γέγονεν,
2401 5051 2480 5112 εἰς
2525 5050 2586 5102 τὸ
2641 5048 3034 5120 παραζηλῶσαι
3091 5051 3308 5114 αὐτούς.
3364 5056 3475 5109 Καὶ
3515 5057 3573 5108 τὸ
3614 5054 3787 5124 παρά-

620 5188 662 5216 ¹⁸
700 5183 901 5240 Jercm.
939 5200 1029 5248 xv,
1070 5185 1102 5238 5
1129 5193 1181 5238 et
1207 5200 1320 5254 seq.

545 5259 588 5289 ¹¹
631 5255 762 5312 Thr.
807 5272 844 5322 ι,
900 5258 953 5308 8.
1035 5256 1078 5286 "
1113 5254 1353 5322 llom.n,
1381 5254 1468 5308 ll.

617 5411 694 5482 (Ι)
734 5414 874 5482 Lege
902 5408 1409 5483 προσεπιτείνοντάς
1455 5425 1605 5472 τινας
1630 5409 1766 5465 οὐδὲ
1803 5411 2116 5485 σκυθρωπά-

548 5475 758 5545 ζοντας.

621 5549 712 5618 (ᾗ)
736 5549 1068 5615 Λελέξεται.
1111 5549 1270 5618 Lege,
1303 5547 1574 5618 λέλεκται.
1597 5603 1616 5611 ,_

624 5609 698 5688 (3)
751 5609 984 5687 Ἱσραῆλ
1047 5609 1232 5690 ιρεεῖ
1259 5616 1482 5690 Ἰησοῦν.

1401 5185 1442 5256 ‘f
1480 5185 1666 5241 Matth.
1703 5201 1860 5256 χχιιι,
1891 5188 1980 5256 57,
2019 5187 2116 5255 58;
2153 5186 2281 5243 Luc.
2322 5202 2441 5256 xm,
2471 5187 2559 5250 54,
2595 5186 2682 5240 55.
2734 5169 2739 5172 ’

2794 5187 2839 5217 ²⁰
2879 5185 2996 5239 Gal.
3027 5201 3107 5253 ιιι,
3137 5184 3220 5240 l9.
3299 5189 3367 5220 ¹⁰⁶
3396 5189 3413 5244 Ι
3447 5189 3578 5262 Reg.
3612 5206 3672 5256 ιι,
3697 5190 3788 5244 25.

2297 5411 2372 5481 (ιι)
2413 5410 2520 5462 Καὶ
2555 5409 2788 5481 λέγεται
2836 5409 2986 5481 πρός
3032 5408 3227 5474 αὐτὴν
3255 5411 3494 5481 Δταύτην
3531 5413 3782 5481 πρῶτον

2228 5477 2324 5546 Τίξι
2353 5477 2753 5547 φείσεταιὲπὶ
2789 5477 2886 5547 σε,
2928 5477 3352 5547 Ἰεροιξσαλήιω
3388 5477 3483 5533 καὶ
3514 5477 3607 5547 τίξν
3649 5496 3790 5538 σκυ-

2222 5543 2517 5617 θρωπάσει
2540 5547 2637 5601 ἐπὶ
2667 5548 2767 5619 σοι
2791 5563 2808 5609 ;
2842 5546 2964 5619 Haec
2989 5547 3051 5619 in
3071 5543 3506 5616 Hieron—ymiana:
3536 5543 3793 5619 interpre-

2223 5614 2442 5674 tationis
2468 5616 2867 5687 exemplaribus
2903 5614 3299 5670 desiderantur.
