4218 6292
349 318 435 372 ωΙ
1505 329 1567 384 IN
1605 329 1952 386 JILREMIAM
1991 329 2275 387 HOMILIA
2314 325 2456 386 XIII.

3477 326 3584 380 40⁸2

345 452 536 506 πτωμα
562 437 740 492 αὐτῶν
773 440 1070 514 τηλικαύτη
1101 445 1321 513 γέγονεν
1345 447 1606 517 ἁμαρτία·
1646 450 1738 514 Τίς
1761 445 1873 504 οὖν
1891 451 2157 518 φείσεται
2187 449 2284 502 ἐπὶ
2318 448 2440 512 σοὶ,
2476 441 3046 516 Ἰερουσα..ἰήμ;λέγω
3071 443 3206 518 πρὸς
3235 444 3426 522 αὑτὴνν
3446 442 3581 496 ἀπέ-

345 528 555 590 κτεινας
586 547 686 598 μου
715 532 807 585 τὸν
845 535 1070 604 Ἰησοῦν,
1106 536 1198 589 καὶ
1227 535 1400 604 λέγω⁸
1443 539 1537 602 Τίς
1572 539 1839 606 φείσεται
1866 539 1963 592 ἐπὶ
1999 537 2558 607 σοὶ,ἰερουσαλήμ;
2620 537 2714 591 καὶ
2746 538 2832 604 τίς
2866 535 3278 605 σκυθρωπάσει
3309 534 3404 587 ἐπὶ
3443 534 3581 596 σοί;

416 622 728 679 Μεταϐαίνω
749 628 857 680 ἀπὸ
877 629 970 682 τοῦ
996 631 1322 701 γράμματος
1349 631 1443 684 καὶ
1457 631 1580 684 τότε
1609 632 1726 685 ὁδὸν
1748 635 1914 702 ἑσχη-
1947 644 1990 697 Α

1909 661 1914 671 ι
1947 644 1990 697 Α
2089 634 2145 688 2.
2185 631 2587 686 Transcendam
2621 639 2798 686 autem
2827 630 2893 684 ad
2920 629 3217 700 spiritalem
3250 628 3575 682 intellectum

349 710 508 774 κότος,
544 713 610 784 ῆν
643 714 842 770 ἔδωκεν
886 721 914 771 ὁ
961 721 1150 789 λόγος,
1195 723 1285 774 ἑπὶ
1325 723 1563 793 ἑκάστην
1604 723 1781 794 ψυχὴν
1811 724 1913 794 ἤδη

345 802 658 868 ἀξιωθεῖσαν
693 807 788 860 τοῦ
830 812 960 881 ὀρᾷν
981 811 1078 881 τὴν
1110 814 1330 884 εἰρήνην
1350 830 1364 844 ο
1418 813 1556 880 μετά
1581 814 1690 886 γὰρ
1712 814 1778 867 τά
1810 833 1914 885 μα-

351 893 555 964 θήματα
604 896 674 948 τά
716 898 835 954 θεῖα
865 901 1092 970 γέγονας
1132 902 1518 976 Ἰερουσαλὴμ,
1559 905 1621 958 τὸ
1655 905 1915 976 πρότερον

337 979 464 1037 οὖσα
495 986 716 1051 Ἰεὸούς.
743 990 1004 1062 Δεύτερον
1032 992 1089 1046 δὲ
1121 993 1383 1063 μετέϐαλε
1401 999 1459 1048 τὸ
1476 995 1666 1065 ὄνομα,
1699 996 1789 1048 καὶ
1824 997 1917 1063 γέ-

334 1091 488 1142 γονεν
525 1079 906 1154 Ἰερουσαλήμ.
943 1085 1160 1149 Ἰεϐοὺς,
1191 1085 1353 1152 φασὶν
1385 1086 1462 1156 (l)
1501 1087 1768 1156 Ἐϐραίων
1792 1089 1917 1139 παῖ-

333 1165 439 1232 δες,
474 1168 556 1221 ὅτι
591 1171 952 1240 ἑρμηνεύεται
996 1176 1412 1245 πεπατημένηο
1477 1177 1676 1240 Ἰεσοὺς
1718 1174 1832 1245 οὖν,
1881 1181 1914 1249 ή

336 1260 696 1333 πεπατημένη
732 1263 836 1316 ὑπὸ
862 1264 1143 1335 δυνάμεων
1172 1267 1563 1336 ἀντικειμένων
1585 1267 1728 1337 ψυχὴ
1761 1285 1919 1338 μετα-

333 1345 614 1418 ϐέϐληται,
647 1353 740 1404 καὶ
761 1354 980 1422 γέγονεν
998 1355 1379 1427 Ἰερουσαλὴμ,
1413 1358 1623 1424 ὅρασις
1652 1356 1912 1425 εἰρήνης·

333 1437 394 1490 Εἰ
430 1435 544 1503 οὖν,
591 1441 678 1494 ὅτε
715 1444 1131 1516 μεταδὲϐληκας
1167 1447 1273 1500 ἀπὸ
1322 1447 1524 1510 ἰεὸοὺς
1567 1448 1647 1510 είς
1674 1447 1734 1499 τὸ
1769 1447 1919 1514 γενέ-

334 1529 455 1583 σθαι
492 1533 846 1607 Ἰερουσαλὴμ
869 1577 882 1599 ,
921 1539 1188 1608 ἥμαρτες,
1224 1540 1437 1592 καὶτὸν
1485 1539 1612 1592 Υἰὺν
1652 1539 1745 1592 τοῦ
1782 1539 1914 1592 Θεοῦ

332 1625 837 1694 καταπεπὰτηκας,
874 1630 966 1681 καὶ
1009 1630 1070 1682 τὸ
1108 1624 1248 1698 αἷμα
1290 1630 1390 1699 τῆς
1423 1630 1616 1699 καινῆς
1646 1630 1918 1702 Διαθήκης

330 1711 512 1764 κοινὸν
548 1713 623 1776 ὡς
655 1717 839 1786 ἑκείνη
871 1719 965 1772 καὶ
995 1719 1060 1771 σὺ
1091 1720 1300 1791 ἡγήσω,
1344 1721 1437 1773 καὶ
1474 1723 1533 1773 ἑν
1560 1721 1916 1792 ἁμαρτήμασι

332 1801 566 1868 γέγονας
592 1805 868 1874 χαλεποῖς,
895 1807 1213 1880 λεχθήσεται
1241 1811 1335 1863 καὶ
1362 1811 1489 1882 περὶ
1515 1810 1607 1862 σοῦ
1624 1827 1637 1840 ·
1671 1810 1768 1875 Τίς
1793 1810 1918 1879 φεί-

331 1909 503 1945 σεται
525 1895 622 1948 ἐπί
655 1897 774 1962 σοὶ,
823 1899 1230 1968 Ἰερουσαλὴμ,
1255 1900 1354 1953 καὶ
1379 1901 1470 1965 τίς
1493 1899 1914 1968 σκυθρωπάσει

2014 725 2083 779 ab
2112 725 2414 780 humilitate
2446 723 2656 789 litterae,
2705 723 2846 776 viam
2890 721 3022 776 mihi
3056 721 3324 792 pandente
3348 719 3577 782 ratione,

2013 823 2072 868 ut.
2103 813 2310 867 videam
2343 813 2618 884 quomodo
2655 826 2993 881 unaquaeque
3019 811 3221 874 anima,
3252 808 3410 878 digna
3449 823 3580 878 pace

2015 903 2108 958 Dei
2132 904 2468 960 Hierusalem
2495 902 3000 974 nuncupetur.Post
3022 903 3362 972 disciplinam
3384 902 3582 971 quippe

2015 991 2250 1045 divinam
2284 991 2425 1046 facta
2458 1009 2517 1048 es
2552 991 2914 1058 Hierusalem,
2942 1007 3063 1062 qua:
3090 993 3242 1063 prius
3278 992 3458 1047 fueras
3494 990 3582 1045 Je—

2017 1082 2138 1138 bus.
2174 1082 2232 1137 In
2274 1084 2498 1138 historia
2539 1081 2791 1150 refertur,
2837 1084 2979 1153 quod
3036 1098 3233 1138 nomen
3276 1085 3380 1140 loci
3423 1085 3582 1139 istius

2016 1168 2179 1225 fuerit
2213 1169 2401 1235 Jebus,
2432 1181 2484 1225 et
2519 1181 2702 1241 postea
2727 1181 3056 1226 commutato
3083 1171 3342 1226 vocabulo
3375 1186 3584 1226 nuncu—

2016 1270 2139 1332 pata
2171 1263 2242 1317 sit
2278 1262 2634 1318 Hierusalem.
2669 1261 2835 1317 Jehus
2863 1271 3066 1326 autem,
3103 1261 3449 1317 Hebraeorum
3487 1277 3584 1331 po-

2016 1355 2142 1409 steri
2172 1355 2392 1409 tradunt
2422 1355 2781 1423 interpretari,
2807 1354 3187 1410 conculcatam.
3214 1354 3379 1409 Jebus
3403 1362 3580 1408 autem

2017 1444 2332 1498 conculcata
2366 1460 2397 1499 a
2433 1443 2846 1500 fortitudinibus
2879 1446 3165 1499 contrariis
3190 1445 3372 1498 anima
3394 1453 3581 1498 nostra

2017 1543 2376 1590 transmutata
2411 1544 2512 1598 est,
2540 1544 2594 1590 et
2621 1535 2762 1590 facta
2792 1533 3150 1602 Hierusalem,
3173 1537 3303 1589 visio
3331 1535 3494 1603 pacis.
3523 1533 3581 1587 Si

2018 1627 2202 1696 itaque
2234 1638 2357 1697 post
2399 1628 2822 1683 demutationem
2871 1643 2902 1680 a
2943 1625 3110 1682 .lebns
3155 1627 3208 1680 in
3245 1624 3580 1681 Hierusalem

2017 1718 2345 1786 peccaveris,
2371 1724 2424 1771 et
2449 1717 2768 1787 sanguinem
2797 1717 3126 1782 testamenti,
3162 1716 3303 1770 sicut
3337 1715 3579 1785 quidam,

2017 1815 2069 1860 et
2101 1815 2156 1860 tu
2193 1821 2539 1861 communem
2577 1806 2999 1872 existimaveris,
3047 1805 3246 1861 dicitur
3287 1816 3340 1861 et
3383 1804 3450 1860 de
3485 1814 3580 1859 te:

2021 1896 2152 1960 Quis
2181 1907 2356 1965 parcet
2392 1911 2547 1964 super
2577 1905 2644 1961 te,
2679 1895 3055 1950 Hierusalem?
3076 1905 3125 1950 et
3157 1899 3274 1967 quis
3301 1899 3585 1952 contrista-

323 1986 427 2040 ἐπῑ
463 1991 565 2041 σοί
584 2006 602 2052 ;
637 1989 731 2043 ἐὰν
772 1992 907 2064 γένῃ
953 1991 1210 2056 τοιοῦτος,
1242 1992 1317 2054 ὡς
1363 1991 1655 2062 προδοῦναι
1682 1992 1772 2044 τὸν
1812 1993 1916 2061 ’ῐη-
1945 1975 1987 2028 Β

1945 1975 1987 2028 Β
2017 1986 2158 2039 bitur
2197 2001 2350 2055 super
2400 1990 2492 2042 te?
2538 1985 2672 2052 Quis
2711 1988 2856 2041 enim
2900 1988 3334 2051 contristabitur,
3367 1988 3410 2042 si
3459 1989 3582 2044 talis

325 2081 482 2135 σοῦν.
540 2083 807 2146 ’Ἕκαστος
856 2085 1012 2154 ήμῶν
1057 2085 1422 2156 ἁμαρτάνων,
1473 2086 1568 2138 καὶ
1602 2085 1835 2155 μάλιστα
1868 2089 1916 2138 εἰ

328 2171 579 2238 μείζονα,
607 2174 686 2235 εἰς
726 2173 931 2244 Ἰησοῦν
958 2174 1281 2244 ἁμαρτάνει.
1328 2173 1456 2227 Ἐὰν
1483 2174 1540 2228 δὲ
1570 2176 1664 2228 καὶ
1687 2175 1917 2228 ἀποστά-

323 2279 433 2332 της
478 2257 566 2332 ᾖς,
615 2262 693 2315 ἔτι
740 2263 974 2333 μάλιστα
1001 2247 1175 2318 ταῦτα
1217 2267 1390 2327 ποιεῖς
1412 2265 1488 2335 τῷ
1545 2265 1717 2336 Ἰησοῦ
1757 2266 1918 2318 πνεύ-

328 2368 465 2421 ματι
491 2353 569 2422 (2)
600 2354 701 2407 ὅσα
723 2355 978 2425 ἐποίησεν
1006 2355 1155 2427 αύτῷ
1190 2355 1540 2428 Ἰερουσαλὴμ
1570 2358 1912 2427 σωματικῶς.

325 2443 419 2496 Διὸ
453 2445 626 2522 πόσῳ
657 2444 887 2499 δοκεῖτε
915 2448 1187 2515 χείρονος
1213 2447 1610 2515 ἀξιωθήσεται
1641 2449 1916 2518 τιμωρίας

325 2538 358 2588 ὀ
393 2534 502 2587 τὸν
554 2535 690 2589 Υίόν
732 2534 840 2590 τοῦ
883 2537 1030 2591 Θεοῦ
1058 2537 1507 2605 καταπατήσας,
1543 2540 1640 2593 καὶ
1680 2539 1744 2592 τό
1776 2535 1917 2609 alga

325 2624 438 2693 τῆς
470 2623 767 2693 Διαθήκης
792 2626 998 2680 κοινὸν
1027 2626 1428 2697 ἡγησάμενος,
1467 2629 1536 2682 ἐν
1557 2622 1606 2694 ᾧ
1632 2629 1910 2698 ἡγιάσθη,

326 2716 425 2769 καὶ
457 2715 528 2768 τὸ
558 2716 793 2785 πνεῦμα
833 2716 944 2784 τῆς
989 2717 1228 2786 χάριτος
1269 2719 1589 2788 ἐνυϐρίσας
1607 2737 1626 2784 ;
1653 2722 1717 2774 Εἰ
1749 2738 1913 2774 κατε-

328 2806 584 2877 πάτησας
615 2808 705 2860 τὸν
734 2807 862 2860 Υἰὸν
901 2806 1062 2871 Θεοῦ,
1103 2809 1198 2862 καὶ
1233 2809 1294 2862 τὸ
1326 2809 1540 2882 πνεῦμα
1566 2810 1667 2880 τῆς
1695 2811 1915 2882 χάριτος

323 2894 621 2967 ἐνύϐρισας
649 2939 664 2960 ,
720 2898 803 2961 τίς
848 2898 1093 2966 φείσεται
1121 2901 1214 2953 ἐπὶ
1254 2901 1367 2965 σοί’;
1407 2901 1490 2965 τίς
1531 2895 1915 2974 σκύθρωπάσει

321 2989 410 3042 ἐπὶ
464 2990 585 3054 σοί;
646 2989 730 3053 τίς
771 2991 1085 3062 ἀνακάμψει
1134 2993 1407 3064 ἐρωτῆσαι
1453 2993 1520 3046 τά
1568 2995 1648 3057 εἰς
1692 2994 1914 3065 εἰρήνην

315 3098 405 3136 σου
426 3100 456 3147 ;
493 3082 665 3137 Αὑτὸν
700 3083 791 3136 τὸν
827 3084 954 3137 Υἰδν
989 3083 1081 3136 τοῦ
1126 3082 1259 3136 Θεοῦ
1307 3083 1398 3136 τὸν
1455 3085 1802 3155 ἐρωτήσαντα
1847 3083 1912 3136 τὰ

2019 2079 2182 2133 lueris
2201 2090 2256 2132 ut
2276 2079 2457 2134 tradas
2472 2078 2693 2134 Jesum?
2717 2076 3105 2150 Unusquisque
3137 2089 3380 2135 nostrum
3406 2098 3584 2151 quan-

2017 2171 2197 2238 doque
2227 2181 2414 2241 peccat
2445 2189 2457 2224 :
2487 2172 2830 2243 maximeque
2861 2190 2984 2228 cum
3019 2181 3204 2244 peccat
3232 2175 3490 2244 ingentia,
3529 2175 3582 2227 in

2017 2258 2203 2314 Jesum
2250 2271 2454 2330 peccat.
2506 2259 2562 2314 Si
2611 2273 2791 2315 autem
2828 2269 2882 2315 et
2914 2262 3199 2316 recesserit
3237 2277 3266 2315 a
3303 2259 3428 2323 fide,
3472 2260 3591 2316 hanc

2017 2350 2148 2406 facit
2179 2351 2493 2421 spiritaliter
2518 2351 2757 2413 Christo,
2788 2368 2909 2421 qua:
2935 2352 3289 2421 corporaliter
3315 2350 3439 2406 fecit
3460 2349 3584 2404 Hic-

2017 2442 2274 2497 rusalem.
2311 2440 2672 2506 Quamobrem
2697 2453 2893 2511 quanto
2921 2443 3038 2509 plus
3076 2441 3410 2495 arbitramini
3442 2440 3585 2495 dete-

2017 2532 2161 2585 riora
2188 2531 2374 2586 mereri
2406 2530 2663 2599 supplicia
2693 2547 2808 2584 eum
2842 2531 2930 2601 qui
2962 2529 3164 2584 Filium
3196 2529 3290 2583 Dei
3313 2529 3584 2583 conculca-

2015 2629 2163 2688 verit,
2208 2634 2258 2679 et
2303 2627 2628 2696 sanguinem.
2661 2627 2954 2680 testamenti
2984 2624 3244 2694 pollutum
3282 2624 3491 2678 duxerit
3528 2621 3582 2676 in

2013 2730 2114 2782 quo
2142 2714 2532 2783 sanctiﬁcatur,
2559 2725 2606 2768 et
2639 2714 2852 2782 spiritui
2880 2714 3069 2784 gratia:
3099 2713 3472 2767 contumeliam
3509 2715 3583 2779 fe-

2014 2804 2243 2858 cerit”?
2290 2803 2348 2859 Si
2394 2804 2728 2859 conculcasti
2779 2801 2962 2858 Jesum
3004 2801 3200 2856 Filium
3247 2802 3364 2869 Dei,
3407 2801 3581 2858 fecisti

2015 2897 2322 2951 convicium
2353 2895 2565 2966 spiritui
2608 2896 2767 2966 207
2803 2897 3014 2966 gratiae,
3053 2896 3175 2964 quis
3206 2904 3390 2965 parcet
3420 2909 3584 2964 super

2015 2988 2103 3042 te?
2151 2987 2274 3057 quis
2324 2986 2737 3041 contristabitur
2786 3000 2949 3056 super
2991 2985 3080 3040 te?
3121 2985 3245 3054 quis
3287 2991 3579 3038 revertetur

2015 3095 2203 3151 rogare
2225 3095 2289 3135 ea
2306 3095 2426 3152 quae
2444 3079 2498 3135 in
2525 3095 2707 3150 pacem
2735 3089 2862 3134 sunt
2888 3079 3018 3134 tibi?
3042 3076 3223 3149 Ipsum
3244 3076 3456 3142 Iesum,
3489 3077 3582 3146 qui

314 3175 392 3238 εἰς
422 3175 658 3245 εἰρήνην
695 3175 1067 3245 προέδωκενή
1109 3175 1202 3228 τοῦ
1242 3173 1564 3246 ἁμαρτωλοῦ
1609 3174 1787 3245 ψυχή’
1832 3175 1914 3238 τίς

2014 3171 2241 3240 rogabat
2259 3173 2482 3240 pariter,
2509 3178 2562 3224 et
2584 3170 2873 3240 prmstabat
2897 3185 2959 3225 ea
2981 3185 3103 3240 quae
3117 3183 3272 3225 erant
3293 3171 3345 3223 in
3370 3184 3580 3239 pacem,

315 3265 549 3319 δύναται
595 3264 976 3336 παρακαλέσαι
1013 3264 1345 3360 ἀνακάμψας
1373 3263 1535 3318 πάλιν
1563 3264 1808 3336 περὶτῆς
1837 3266 1914 3317 εἰ·
1939 3298 1981 3360 C

1939 3298 1985 3360 ε
2016 3265 2251 3337 perdidit
2290 3265 2470 3319 anima
2501 3265 2794 3335 peccatrix,
2831 3264 2955 3333 quis
2991 3272 3168 3334 potest
3201 3264 3341 3319 ultra
3372 3278 3580 3334 rogare,

321 3357 532 3426 ρήνης;
573 3352 938 3418 Γινώσκοντες
982 3350 1096 3419 οὖν,
1138 3355 1222 3407 ὅτι
1251 3352 1554 3408 ἀδύνατον
1579 3352 1722 3418 τοὺς
1749 3351 1912 3417 ἅπαξ
1945 3350 1985 3360 “

1945 3350 1985 3360 “
2013 3375 2310 3414 conversus
2349 3359 2414 3412 ad
2454 3373 2516 3412 ea
2549 3373 2669 3427 quae
2695 3366 2821 3410 sunt
2852 3356 2903 3409 in
2941 3371 3129 3425 pacem
3169 3355 3302 3410 tibi?
3336 3355 3581 3410 Seiente

318 3443 749 3513 φωτισθέντας,
809 3445 1219 3516 γευσαμένους
1265 3460 1330 3497 τε
1370 3441 1480 3510 τῆς
1529 3440 1752 3510 δωρεᾶς
1797 3441 1909 3510 τῆς

321 3533 711 3601 ἐπουρανίου,
747 3535 845 3588 καὶ
863 3537 1155 3605 μετόχους
1186 3532 1540 3603 γενηθέντας
1557 3531 1904 3602 Πνεύματος

323 3626 524 3696 ἁγίου,
549 3627 645 3680 καὶ
685 3628 878 3681 καλὸν
911 3625 1322 3696 γευσαμένους
1350 3623 1497 3678 Θεοῦ
1511 3623 1695 3692 ῥῆμα,
1725 3623 1906 3677 δυνά-

317 3733 460 3784 μεις
509 3731 573 3769 τε
608 3715 944 3784 μέλλοντος
973 3716 1213 3782 αἰῶνος,
1263 3714 1362 3768 καὶ
1416 3714 1902 3781 παραπεσόντας,

323 3804 518 3859 πάλιν
553 3804 948 3867 ἀνακαινίζειν
977 3809 1065 3872 εἰς
1086 3805 1432 3875 μετάνοιαν,
1461 3803 1910 3872 ἀνασταυροῦν-

324 3915 435 3961 τας
465 3897 534 3950 ἐν
559 3897 795 3964 ἑαυτοῖς
825 3899 930 3952 τὸν
965 3897 1100 3951 Υίὸν
1127 3897 1233 3952 τοῦ
1274 3895 1442 3962 Θεοῦ,
1488 3894 1908 3966 καὶπαραδειγ-

318 3981 675 4054 ματίζοντας
701 4001 716 4018 ⁸
798 3990 974 4044 πάντα
1022 3988 1370 4060 πράττωμεν,
1422 3989 1509 4042 ἵνα
1538 3987 1612 4060 μὴ
1640 3988 1734 4042 καὶ
1776 3987 1910 4055 περὶ

327 4076 487 4148 ήμῶν
519 4075 740 4148 λέγηται
770 4080 829 4133 τό
848 4097 860 4110 ο
900 4079 994 4145 Τίς
1015 4079 1286 4148 φείσεται
1307 4078 1407 4131 ἐπὶ
1433 4077 1532 4131 σοὶ
1549 4117 1562 4142 ,
1623 4080 1908 4146 Ἰερουσα-

326 4167 488 4236 λήμ;
520 4170 614 4222 καί
657 4170 748 4235 τίς
779 4167 1198 4238 σκυθρωπάσει
1231 4168 1332 4222 ἐπὶ
1371 4169 1507 4232 σοί;
1551 4169 1590 4236 ἢ
1634 4171 1724 4234 τίς
1767 4170 1910 4224 ἀνα-

329 4257 549 4327 κάμψει
579 4259 873 4327 ἐρωτῆσαι
903 4263 990 4326 εἰς
1022 4257 1269 4327 εἰρήνην
1291 4272 1425 4322 σοι;

2011 3466 2140 3523 ergo
2172 3449 2301 3518 quia
2355 3449 2677 3518 impossibile
2723 3458 2801 3501 est
2849 3465 2935 3501 eos
2981 3449 3068 3516 qui
3102 3448 3262 3502 semel
3293 3448 3586 3501 illuminati

2007 3547 2151 3605 sunt,
2179 3547 2516 3610 gustaverunt
2561 3538 2719 3592 etiam
2754 3538 2948 3591 donum
2979 3538 3202 3604 caeleste,
3229 3548 3276 3591 et
3302 3539 3582 3607 participes

2005 3641 2126 3685 sunt
2164 3632 2294 3701 facti
2333 3629 2564 3700 Spiritus
2607 3634 2800 3696 sancti,
2841 3639 3183 3701 gustaverunt
3239 3631 3581 3683 nihilominus

2007 3722 2195 3776 bonum
2223 3721 2316 3775 Dei
2337 3720 2566 3787 rerbum,
2591 3721 2906 3791 virtutesque
2937 3721 3121 3774 saeculi
3145 3722 3369 3785 venturi,
3394 3728 3444 3772 et
3467 3737 3585 3789 pro-

2007 3812 2141 3882 lapsi
2173 3821 2315 3878 sunt,
2356 3813 2599 3866 renovari
2629 3829 2809 3867 rursus
2851 3814 2919 3865 ad
2969 3812 3351 3881 paznitentiam,
3393 3811 3581 3863 iterum

2009 3905 2364 3973 cruciﬁgeutes
2421 3909 2474 3957 in
2520 3903 2811 3970 semetipsis
2861 3901 3061 3954 Filium
3099 3901 3217 3968 Dei,
3255 3911 3304 3956 et
3337 3900 3580 3956 habentes

2010 3993 2240 4049 ostentui
2263 3995 2332 4058 ",
2361 3993 2510 4046 omni
2536 3992 2724 4046 labore
2749 3991 3009 4057 nitamur,
3039 4007 3106 4046 ne
3133 4000 3187 4045 et
3221 3992 3286 4046 de
3313 3993 3468 4047 nobis
3499 3993 3581 4046 di-

2013 4090 2170 4137 catur
2203 4099 2216 4137 :
2252 4080 2384 4144 Quis
2415 4090 2593 4148 parcet
2633 4095 2788 4147 super
2823 4088 2890 4143 te,
2936 4078 3304 4135 Hierusalem?
3342 4091 3434 4135 aut
3463 4084 3581 4152 quis

2013 4171 2416 4224 contristabitur
2443 4185 2600 4238 super
2631 4172 2719 4224 te?
2745 4182 2835 4223 aut
2866 4170 2981 4240 quis
3012 4181 3292 4223 revertetur
3315 4188 3498 4241 rogare
3517 4189 3580 4227 ea

2012 4277 2128 4330 qua:
2155 4261 2207 4314 in
2241 4276 2420 4330 pacem
2453 4270 2575 4314 sunt
2604 4258 2741 4314 tibi?

407 4351 516 4403 Καὶ
551 4349 688 4421 πρὸς
721 4351 986 4421 ἑκατέραν
1006 4350 1061 4403 δὲ
1092 4351 1388 4421 ἑρμηνείαν
1416 4351 1512 4419 τῆς
1559 4350 1908 4424 Ἰερουσαλὴμ
1939 4369 1982 4424 ι)

1939 4369 1982 4424 ι)
2080 4353 2134 4407 5.
2159 4353 2238 4406 Ad
2269 4353 2531 4422 reliquam
2561 4362 2741 4408 autem
2766 4352 3287 4423 interpretationem,
3323 4353 3467 4424 quod
3496 4369 3579 4408 se-

329 4439 558 4510 ἁρμόσει
586 4440 679 4492 καὶ
703 4441 763 4492 τὸ
794 4440 938 4509 ἑξῆςο
968 4439 1050 4494 Σὺ
1077 4439 1465 4509 ἀπεστράφης
1483 4457 1581 4509 με,
1606 4440 1767 4511 λέγει
1793 4443 1910 4498 Κύ-

2002 4445 2188 4515 quitur
2215 4445 2467 4498 convenit
2496 4463 2510 4500 :
2557 4443 2634 4498 Tu
2660 4455 2901 4502 aversata
2925 4461 2978 4502 es
3003 4461 3103 4513 me,
3130 4445 3260 4501 dicit
3297 4445 3580 4511 Dominus,

324 4545 474 4595 ριος,
529 4531 721 4584 ὀπίσω
768 4531 1056 4599 πορεύσῃ.
1115 4531 1235 4584 Ὅτι
1291 4533 1650 4603 ἀπεστράφης
1706 4550 1773 4604 με
1816 4535 1906 4588 τὸν

2003 4546 2139 4589 retro
2173 4535 2470 4591 ambulabis
2499 4537 2567 4590 ".
2608 4536 2745 4604 Quia
2781 4549 3028 4594 aversata
3054 4556 3113 4594 es
3145 4538 3338 4593 Filium
3369 4539 3493 4607 Dei,
3523 4552 3581 4594 et

335 4619 459 4674 Υἰὸν
512 4619 606 4673 τοῦ
661 4619 818 4686 Θεοῦ,
872 4622 964 4674 καὶ
1006 4621 1096 4675 διὰ
1130 4623 1192 4676 τὸ
1225 4623 1608 4696 ἀπεστράφθαι
1649 4625 1740 4678 τὸν
1776 4625 1904 4678 Υἰὸν
1999 4644 2001 4695 ς

1999 4642 2094 4696 per
2126 4627 2229 4683 hoc
2257 4627 2421 4682 etiam
2456 4643 2487 4683 a
2516 4627 2626 4684 Deo
2656 4639 2808 4699 patre
2853 4631 3150 4696 recessisti,
3197 4641 3342 4686 retro
3385 4634 3573 4688 ambu-

325 4706 414 4763 τοῦ
482 4710 640 4772 Θεοῦ,
697 4711 1052 4782 ἀπεστράφης
1101 4712 1190 4765 τὸν
1234 4713 1397 4766 Θεόν⁹
1444 4714 1497 4767 τί
1550 4714 1634 4767 δεῖ
1670 4716 1767 4768 καὶ
1825 4714 1905 4768 λέ-

2000 4720 2158 4775 labis.
2195 4718 2335 4786 Quid
2367 4730 2546 4776 autem
2581 4737 2803 4776 necesse
2833 4733 2916 4777 est
2958 4723 3245 4779 manifesta
3279 4727 3578 4797 replicare?

334 4813 474 4888 γεινς
505 4800 615 4888 Καὶ
655 4799 842 4871 ἐπειδὴ
877 4801 1202 4888 ἀπεστράφη
1245 4804 1279 4873 ή
1321 4804 1692 4876 Ἰερουσαλὴμ,
1739 4806 1797 4858 ἑν
1834 4809 1899 4877 τῇ
1996 4810 2000 4862 ξ

1996 4808 2330 4865 Hierusalem
2362 4826 2484 4880 quae
2514 4813 2791 4881 quondam
2821 4813 2873 4867 in
2902 4811 3084 4869 Iudaea
3119 4826 3236 4871 erat
3260 4858 3274 4882 ,
3315 4834 3344 4872 a
3373 4834 3477 4888 qna
3505 4819 3565 4872 ﬁ-

344 4887 570 4960 Ἰουδαίᾳ
602 4889 692 4941 τὸν
724 4888 955 4959 Χριστὸν
996 4885 1283 4952 ἀθετοῦσα,
1327 4891 1720 4962 συνεκδοχικῶς
1768 4895 1904 4948 πάν-

2003 4899 2264 4967 guraliter
2287 4900 2527 4954 universi
2555 4898 2724 4954 Judaei
2748 4901 3141 4973 intelliguntur,
3165 4907 3295 4976 quia
3324 4918 3576 4963 aversata

335 4994 428 5044 τας
447 4980 573 5042 τοὺς
588 4975 958 5050 Ἰουδαίουξση
967 4979 1166 5050 μαίνει,
1185 4979 1270 5034 διὰ
1292 4980 1448 5034 τοῦτο
1468 5001 1486 5032 ι
1510 4982 1683 5035 ὀπίσω
1707 4984 1905 5055 πορεύο

2003 4996 2087 5043 est
2108 4987 2410 5056 Christum,
2442 4988 2563 5044 ideo
2592 4999 2740 5044 retro
2760 4992 3021 5048 ambulat.
3053 4975 3406 5067 F'uitiquippe
3433 5007 3570 5052 tem-

336 5084 420 5141 σῃ.
453 5089 472 5122 s
509 5067 618 5125 Ἦν
660 5072 770 5142 γάρ
800 5072 888 5124 ὅτε
936 5071 1036 5124 οὐκ
1064 5071 1239 5124 ὀπίσω
1279 5071 1592 5142 ἐπορεύετο,
1627 5073 1765 5128 ἀλλὰ
1803 5075 1901 5146 ἑμ-

2004 5095 2106 5148 pus
2143 5080 2365 5149 quando
2418 5094 2526 5134 non
2561 5080 2979 5138 ambulaverunt
3010 5094 3155 5140 retro
3203 5106 3215 5140 :
3257 5103 3401 5142 nunc
3445 5104 3579 5142 vero

331 5160 564 5231 προσθεν
585 5179 598 5192 ⁸
632 5163 728 5215 νῦν
752 5163 807 5215 δὲ
840 5162 1014 5215 ὀπίσω
1033 5162 1377 5231 πορεύσεται.
1409 5164 1520 5217 Καὶ
1549 5165 1898 5236 ἐστράφησαν

1999 5169 2300 5235 ambulant,
2327 5177 2381 5223 et
2413 5169 2663 5224 conversi
2706 5179 2834 5224 sunt
2857 5173 3019 5226 corde
3061 5173 3114 5227 in
3157 5171 3472 5243 Egyplum,
3513 5187 3569 5228 ut

329 5252 445 5312 ταῖς
491 5251 737 5322 καρδίαις
785 5253 863 5315 εἰς
911 5253 1210 5318 Αἴγυπτον,
1258 5252 1417 5322 δῆλον
1462 5254 1542 5307 ὅτι
1590 5255 1676 5310 ἵνα
1722 5258 1897 5312 ὀπίσω

2003 5268 2147 5313 retro
2183 5259 2479 5313 ambulent.
2526 5257 2665 5325 Quid
2711 5269 2900 5313 autem
2927 5260 3015 5326 sit,
3069 5271 3214 5316 retro
3248 5262 3526 5317 ambulent
3551 5307 3563 5326 .

334 5340 651 5412 πορευθῶσι.
690 5344 826 5414 Περὶ
848 5343 905 5396 δὲ
937 5342 1029 5395 τοῦ
1064 5343 1114 5395 τί
1147 5343 1362 5409 ἔστιτὸ,
1397 5345 1599 5402 Ὀπίσω
1631 5347 1892 5420 πορεύσῃ,

397 5481 443 5512 ’³
482 5481 617 5537 Heb.
652 5501 706 5546 χ,
734 5483 825 5538 29.
900 5484 946 5516 ’⁸
976 5481 1138 5540 Ilebr.
1164 5501 1216 5548 ν,
1245 5485 1297 5551 4,
1329 5485 1383 5552 5,
1411 5486 1463 5542 6.
1541 5493 1584 5524 ’⁵
1606 5491 1806 5548 Jercm.
1835 5505 1920 5555 xv,
1939 5490 1991 5544 6.

399 5591 476 5673 (1)
529 5593 756 5658 Ἱεϐοὺς,
792 5596 980 5661 φασίν
1005 5606 1171 5673 ,_e_tc.
1213 5599 1257 5650 A
1293 5610 1382 5673 τρο
1417 5609 1774 5673 concute-amt,-
1807 5604 1894 5660 Je-

335 5658 586 5752 rusalem.
607 5679 734 5752 vero
767 5658 804 5715 a'
825 5675 961 5730 mra,
1000 5658 1158 5731 uidit;
1189 5675 1240 5723 ει
1269 5658 1433 5742 ΕΊἫῙ,

337 5744 486 5798 mu,
519 5731 608 5785 28.
647 5729 907 5786 "unum.

2003 5353 2118 5407 sive
2155 5352 2373 5405 extendi
2427 5351 2479 5405 in
2525 5351 2734 5422 priora,
2790 5353 3093 5409 considera.
3139 5351 3327 5408 Justus
3380 5365 3568 5409 eorum

2052 5604 2154 5684 "(2)
2197 5607 2507 5673 ῙΙνεύματι.
2550 5609 2696 5678 Lego
2746 5623 2869 5666 cum
2922 5606 3246 5680 Hieronymo
3277 5627 3573 5682 πνενματι-

2005 5691 2134 5736 κως.
