4218 6292
536 371 639 428 ἇὸὅ

1985 370 2308 430 ORIGENIS

3685 369 3783 429 604

534 501 660 557 quae
723 494 871 543 retro
922 495 1050 543 sunt
1118 485 1480 552 obliviscens,
1543 487 1597 543 in
1661 490 1844 561 priora
1916 500 2105 546 exten-

2214 491 2323 563 ἥτί
2348 493 2461 556 τοῖς
2497 490 2805 563 ἔμπροσθεν
2843 489 3273 555 ἐπεκτείνεσθαι,
3317 487 3461 545 οὕτω
3501 487 3780 559 παραστή-

534 579 684 635 ditur
734 581 799 634 “.
854 577 1113 634 Peccator
1169 579 1534 648 posteriorum
1596 584 1880 652 meminit,
1927 585 2106 656 priora

540 686 648 725 non
699 678 976 738 appetens.
1004 665 1109 734 Qui
1158 678 1343 724 autem
1399 672 1768 739 posteriorum
1825 673 2107 739 meminit,

507 765 511 769 '
538 760 921 829 praevaricatur
953 758 1008 812 in
1038 759 1211 830 legem
1245 757 1374 817 Jesu
1408 760 1637 820 dicentis
1660 766 1705 798 ³⁷
1731 785 1746 822 :
1784 765 1867 821 Ne
1899 780 2104 823 conver~

536 855 682 900 tatur
696 856 979 903 retrorsum
1002 849 1186 903 tollere
1202 851 1565 909 vestimentum
1580 870 1758 909 suum.
1778 855 2103 917 lnohediens

535 944 616 989 est
647 934 796 1005 dicto
842 935 961 1007 ejus
1004 954 1019 992 :
1053 934 1365 993 Mementote
1403 941 1585 997 uxoris
1633 942 1759 1008 Lot.
1812 961 1936 1000 cum
1973 959 2109 1000 con-

534 1026 723 1080 temnit
758 1025 1047 1098 imperium
1074 1026 1373 1087 Salvatoris
1404 1032 1634 1088 dicentis
1658 1034 1703 1067 ¹⁸
1740 1053 1754 1088 :
1782 1032 1964 1106 Nemo
1985 1033 2110 1088 mit-

532 1125 643 1169 tens
671 1132 886 1170 manuni
913 1133 1069 1187 super
1092 1130 1355 1187 aratrum,
1385 1130 1435 1175 et
1474 1123 1754 1192 respiciens
1784 1132 2070 1177 retrorsum
2091 1163 2108 1190 ,

531 1215 685 1276 aptus
726 1217 801 1263 est
838 1223 993 1277 regno
1036 1207 1154 1265 Dei.
1190 1208 1246 1267 in
1284 1211 1402 1282 lege
1433 1227 1656 1283 quoque
1693 1215 1957 1284 scriptum
1987 1230 2111 1273 esse

532 1300 836 1371 reperimus
867 1300 1089 1370 attgelos
1120 1300 1191 1356 ad
1215 1299 1318 1357 Lot
1353 1303 1722 1373 egredientem
1756 1304 1823 1359 de
1852 1304 2111 1361 Sodomis

531 1390 736 1449 dixisse
752 1392 795 1424 ’θ
823 1409 837 1446 :
876 1389 960 1445 Ne
980 1393 1267 1461 respexeris
1289 1400 1450 1457 retro,
1485 1403 1535 1447 et
1571 1410 1633 1449 ne
1665 1396 1872 1451 steteris
1907 1397 1964 1450 in
1997 1406 2111 1450 tota

535 1483 743 1559 regione
770 1497 789 1535 :
814 1482 870 1535 in
897 1491 1068 1537 monte
1086 1481 1292 1541 salvum
1321 1492 1369 1538 te
1390 1483 1497 1553 fac,
1521 1500 1584 1538 ne
1611 1484 1748 1554 forte
1775 1486 2117 1556 comprehen-

535 1572 706 1631 daris.
752 1570 928 1628 [labes
974 1579 1029 1627 et
1072 1572 1219 1639 hunc
1269 1571 1600 1629 intellectum
1637 1573 1863 1644 dignum
1914 1574 2111 1644 spiritu

535 1659 667 1721 Dei:
707 1659 809 1724 Ne,
840 1660 1038 1731 inquit,
1073 1663 1365 1731 respexeris
1409 1673 1570 1729 retro,
1605 1662 1658 1717 id
1694 1671 1800 1728 est,
1840 1664 1895 1719 in
1926 1665 2109 1733 priora

532 1751 784 1808 extende.
820 1752 1084 1809 Dimisisti
1121 1752 1437 1818 Sodomam,
1475 1770 1542 1810 ne
1587 1755 1883 1811 revertaris
1905 1756 1963 1811 in
2004 1753 2109 1809 So-

2212 603 2414 657 σωμεν.
2465 584 2521 637 '0
2542 585 2747 647 δίκαιος
2775 587 2886 648 τοῖς
2915 583 3223 655 ἔμπροσθεν
3254 580 3647 645 ἐπεκτείνεται,
3679 578 3783 634 τῶν

2208 674 2431 733 ὅπισθεν
2464 673 2892 729 ἐπιλανθάνεται.
2922 674 3093 745 Δῆλον
3121 675 3203 728 ὅτι
3245 673 3274 726 ὁ
3306 670 3566 735 ἐναντίως
3588 667 3667 740 τῷ
3706 669 3786 723 δι-

2210 765 2355 836 καίῳ
2375 763 2717 835 διακείμενος
2745 762 2855 817 τῶν
2884 761 3060 816 ὀπίσω
3093 761 3385 833 μέμνηται,
3417 761 3511 813 καὶ
3538 762 3652 822 τοϊς
3689 757 3785 828 εμ-

2211 857 2443 930 πρόσθεν
2465 858 2567 910 οὐκ
2591 856 2981 910 ἐπεκτείνεται·
3000 852 3178 908 τῶνδὲ
3209 852 3384 909 ὀπίσω
3415 849 3781 923 μεμνημένος,

2212 947 2516 1019 παρακούει
2543 946 2636 1000 τοῦ
2683 943 2860 1018 ἰησοῦ
2884 944 3223 1011 διδάσκοντος
3260 943 3356 996 καὶ
3377 941 3656 1010 λέγοντος·
3687 938 3783 1006 Μὴ

2209 1038 2519 1108 στραφέτω
2562 1041 2651 1104 εὶς
2693 1037 2767 1091 τὰ
2806 1036 2998 1091 ὀπίσω
3032 1029 3169 1104 ἆραι
3203 1033 3271 1088 τὸ
3317 1031 3543 1102 ἱμάτιον
3575 1029 3780 1085 αὐτοῦ.

2210 1128 2520 1202 Παρακούει
2544 1128 2638 1182 τοῦ
2680 1126 2856 1199 Ἰησοῦ
2883 1126 3160 1196 λέγοντος·
3194 1126 3404 1191 Οὐδεὶς
3422 1122 3638 1188 ,ϐαλὼν
3673 1121 3786 1191 τὴν

2210 1223 2377 1295 χεῖρα
2416 1222 2509 1275 ἐπ’
2541 1220 2815 1289 ἄροτρον,
2848 1219 2949 1274 καὶ
2999 1218 3288 1288 στραφεὶς
3327 1218 3411 1280 εἰς
3451 1215 3523 1270 τὰ
3557 1214 3783 1277 ὀπίσω,

2208 1312 2453 1378 εὔθετός
2489 1311 2621 1365 ἐστι
2668 1309 2743 1378 τῇ
2788 1309 3078 1376 ,Βασιλείᾳ
3122 1307 3228 1362 τοῦ
3261 1306 3438 1360 Θεοῦ·
3489 1305 3583 1358 καὶ
3623 1306 3682 1357 ὲν
3710 1302 3786 1373 τῷ

2209 1401 2359 1474 νόμῳ
2400 1400 2455 1454 δὲ
2493 1400 2823 1471 γέγραπται,
2871 1399 2953 1452 ὅτι
2995 1393 3147 1455 εἷπον
3186 1397 3234 1450 οἱ
3272 1394 3495 1463 ἄγγελοι
3524 1393 3660 1466 πρὸς
3695 1391 3785 1446 τὸν

2211 1493 2490 1559 ἐξελθόντα
2517 1492 2624 1545 ἀπὸ
2645 1491 2893 1561 Σοδόμων
2922 1487 3044 1543 Λώτ
3063 1505 3076 1518 ’
3107 1485 3206 1556 Μὴ
3233 1482 3565 1554 «aptatam
3594 1484 3685 1549 εις
3716 1482 3790 1535 τὰ

2211 1586 2426 1649 ὀπίσω,
2453 1582 2609 1653 μηδὲ
2637 1581 2793 1650 στῆς
2817 1581 2887 1636 ἐν
2913 1579 3082 1649 πάσῃ
3124 1577 3200 1646 τῇ
3237 1575 3563 1646 περιχώρῳο
3607 1577 3696 1641 εις
3720 1574 3786 1629 τὸ

2211 1675 2351 1745 ὅρος
2378 1672 2569 1739 σώζου
2588 1713 2604 1738 ,
2638 1672 2873 1743 μήποτε
2913 1667 3462 1741 συμπαραληφθῇς.
3492 1666 3602 1720 Καὶ
3632 1664 3790 1719 τοῦτο

2211 1767 2267 1820 δὲ
2293 1766 2406 1837 ἔχει
2427 1764 2662 1821 διάνοιαν
2687 1762 2845 1830 ἀξίαν
2871 1759 3165 1833 ἀγγελικοῦ
3200 1760 3510 1831 πνεύματος
3526 1774 3540 1788 ’
3565 1757 3662 1825 Μὴ
3689 1773 3790 1810 πε-

533 1842 774 1901 domam.
808 1844 1073 1902 Dimisisti
1108 1846 1238 1901 vitia
1273 1858 1435 1915 atque
1463 1854 1710 1917 peccata,
1738 1861 1807 1902 ne
1835 1849 2106 1917 regredia-

2214 1856 2506 1926 ριϐλέψῃς
2542 1858 2630 1923 εὶς
2666 1856 2740 1910 τὰ
2770 1856 2997 1920 ὀπίσω,
3035 1853 3121 1907 ἀεὶ
3169 1853 3282 1917 τοῖς
3324 1847 3634 1921 ἔμπροσθεν
3689 1850 3788 1901 ὲπ-

535 1932 611 1990 ris
642 1934 709 1988 ad
748 1950 829 1993 ea.
868 1934 953 1991 Ne
979 1936 1184 1995 steteris
1212 1936 1266 1991 in
1296 1944 1406 1990 tota
1447 1938 1673 2006 regione.
1707 1937 1933 1996 Etiamsi
1971 1954 2110 2009 pra:~

531 2023 730 2085 cedens
755 2025 1048 2097 imperium
1073 2027 1421 2091 custodieris,
1451 2026 1517 2082 de
1544 2042 1653 2097 quo
1669 2027 1870 2084 dicitur
1892 2051 1905 2085 :
1929 2027 2012 2083 Ne
2028 2046 2110 2084 re-

528 2115 762 2183 spexeris
792 2125 954 2180 retro,
992 2131 1100 2177 non
1140 2116 1238 2172 tibi
1282 2115 1481 2173 sulﬁcit
1509 2116 1575 2172 ad
1618 2117 1873 2185 salutem,
1909 2118 2015 2174 nisi
2054 2130 2111 2174 et

528 2218 874 2275 consequens
918 2206 1294 2265 observaveris
1339 2227 1352 2263 :
1389 2205 1471 2262 Ne
1515 2209 1722 2266 steteris
1774 2211 1977 2264 intota
2028 2227 2110 2263 re-

530 2296 710 2366 gione;
737 2312 845 2352 non
873 2298 1019 2355 enim
1042 2299 1258 2369 expedit
1275 2298 1560 2369 incipienti
1587 2300 1873 2370 prolicere,
1911 2311 1971 2358 ut
2005 2310 2110 2358 Stet

531 2385 586 2440 in
604 2388 918 2456 regionibus
935 2387 1320 2447 Sodomorum.
1341 2388 1408 2444 Et
1428 2391 1475 2445 si
1495 2388 1786 2447 Sodomam
1811 2402 2066 2448 transcen
2080 2422 2101 2433 -

530 2477 678 2544 disti,
701 2480 871 2552 208
891 2488 945 2537 et
972 2497 1004 2537 ιι
1035 2479 1248 2537 Satanae
1278 2481 1816 2552 regiunediscedens,
1836 2485 2031 2555 incipis
2050 2484 2115 2537 li-

529 2569 623 2626 ber
637 2584 759 2626 esse
788 2572 1103 2643 suppliciis,
1134 2573 1351 2650 expedit
1377 2580 1437 2628 ut
1465 2574 1694 2629 salveris
1718 2576 1776 2630 in
1797 2586 2017 2642 monte;
2047 2591 2110 2629 ne

531 2665 814 2729 respexeris
833 2673 994 2729 retro,
1018 2681 1109 2718 nec
1128 2663 1336 2721 steteris
1361 2664 1418 2716 in
1445 2671 1559 2723 tota
1586 2664 1794 2733 regione
1818 2680 1836 2723 :
1863 2665 1915 2717 in
1938 2674 2111 2721 monte

528 2753 732 2811 salvum
785 2766 835 2810 te
881 2756 990 2829 fac,
1034 2773 1096 2832 ne
1143 2756 1283 2824 forte
1332 2754 1815 2824 comprehendaris.
1858 2754 1917 2810 Si
1961 2757 2044 2810 vis
2079 2770 2110 2810 ει

530 2846 901 2904 Sodomorum
933 2848 1090 2903 ruina
1119 2862 1226 2901 non
1262 2846 1675 2916 comprehendi,
1718 2861 1787 2902 ne
1820 2857 2110 2903 converta-

532 2939 610 2994 ris
644 2947 790 2994 retro
818 2980 835 3005 ,
865 2952 933 2994 ne
960 2938 1180 3001 steteris
1209 2938 1263 2992 in
1294 2937 1519 3008 regione
1545 2952 1758 3005 eorum,
1793 2953 1862 2994 ne
1901 2938 1970 2993 ad
2001 2939 2110 2995 alia

532 3047 727 3103 pergas
766 3033 907 3098 loca,
941 3031 1034 3088 sed
1078 3047 1202 3091 cum
1235 3029 1360 3087 inde
1391 3029 1706 3086 discesseris
1730 3070 1746 3097 ,
1779 3031 2012 3091 ascende
2052 3030 2109 3085 in

535 3133 775 3181 montem
809 3124 864 3178 in
892 3138 1003 3195 quo
1037 3122 1153 3181 solo
1183 3122 1333 3177 salus
1356 3129 1461 3189 est,
1489 3136 1686 3178 nomen
1711 3120 1842 3183 .Iesu
1877 3122 2106 3188 Christi,

531 3215 622 3270 cui
657 3215 830 3286 gloria
857 3225 940 3271 est
979 3223 1033 3271 et
1079 3213 1367 3285 imperium
1410 3214 1468 3268 in
1508 3214 1706 3270 saecula
1755 3214 2102 3277 saeculorum.
2139 3195 2182 3252 ο

533 3310 729 3364 Amen.

2209 1948 2475 2003 εκτείνου.
2513 1945 2927 2009 Καταλέλοιπας
2953 1943 3182 2013 Σόδομα,
3214 1942 3290 2013 μὴ
3321 1941 3556 2012 στρέφου
3585 1941 3667 2003 εἰς
3696 1939 3790 1992 Σό-

2208 2040 2369 2112 δομα.
2399 2038 2810 2101 Καταλέλοιπας
2841 2039 2940 2109 τὴν
2990 2035 3188 2091 κακίαν
3216 2033 3313 2087 καὶ⁵
3341 2032 3439 2104 τὴν
3483 2029 3787 2105 ἁμαρτίαν,

2215 2125 2291 2201 μὴ
2316 2127 2660 2198 ἐπιστραφῇς
2692 2124 2829 2196 πρὸς
2858 2124 3051 2194 αὐτὴν,
3089 2122 3224 2194 μηδὲ
3262 2124 3395 2195 στῇς
3435 2123 3494 2174 ὲν
3530 2120 3683 2194 πάσῃ
3720 2121 3787 2190 τῇ

2211 2215 2525 2289 περιχώρῳ,
2559 2216 2654 2269 καὶ
2684 2216 2944 2286 τηρήσεις
2971 2212 3070 2285 τὴν
3108 2211 3384 2284 προτέραν
3428 2211 3649 2283 ἐντολὴν
3691 2209 3790 2281 τὴν

2210 2303 2502 2373 λέγουσαν*
2536 2302 2635 2370 Μὴ
2681 2301 3052 2373 “praenm-
3091 2303 3179 2368 εἰς
3203 2301 3279 2355 τὰ
3304 2301 3516 2356 ὀπίσω.
3549 2303 3662 2355 Ούκ
3688 2300 3789 2372 άρα

2210 2396 2298 2448 κεί
2328 2411 2410 2449 σοι
2448 2393 2586 2464 πρὸς
2616 2392 2677 2446 τὸ
2721 2388 2984 2463 σωθῆναι,
3028 2391 3123 2447 ἐὰν
3157 2390 3232 2463 μὴ
3262 2393 3357 2444 καὶ
3393 2391 3490 2462 τῆς
3529 2388 3788 2455 δευτέρας

2211 2484 2430 2557 ἐντολῆς
2457 2483 2697 2557 ἀκούσῃς
2719 2482 2988 2551 λεγούσης
3008 2498 3022 2512 ⁸
3052 2480 3217 2550 Μηδὲ
3250 2480 3402 2549 στῆς
3424 2482 3495 2534 ἐν
3522 2478 3688 2547 πάσῃ
3715 2477 3787 2547 τιῖ

2212 2576 2547 2646 περιχώρῳο
2583 2576 2644 2627 οὑ
2682 2574 2761 2629 δεῖ
2786 2574 2895 2644 γὰρ
2928 2572 3235 2644 ἀρξάμενον
3272 2572 3595 2647 προκόπτειν
3632 2571 3790 2624 ἑστά-

2211 2685 2299 2725 ναι
2326 2669 2386 2721 ὲν
2421 2670 2488 2737 τῇ
2520 2664 2812 2737 περιχώρῳ
2842 2665 3112 2737 Σοδόμων,
3145 2668 3195 2721 εξ
3239 2666 3334 2719 καὶ
3376 2665 3584 2736 Σόδομα
3614 2664 3785 2718 διαϐέ-

2213 2758 2402 2831 ϐηκεν,
2444 2756 2579 2813 ἀλλὰ
2615 2756 2875 2811 διαϐάντα
2905 2757 3013 2815 ἀπὸ
3046 2756 3140 2810 τοῦ
3176 2757 3398 2813 ἑστάναι
3442 2760 3498 2811 ὲν
3536 2758 3603 2827 τῇ
3641 2772 3790 2829 περι-

2212 2849 2396 2923 χώρῳ,
2431 2847 2698 2914 σώζεσθαι
2736 2851 2815 2914 εἰς
2840 2850 2903 2903 τὸ
2932 2849 3078 2923 ὅρος,
3109 2850 3255 2907 κατὰ
3285 2850 3366 2904 1:0"
3391 2849 3489 2919 Μὴ
3529 2846 3793 2920 περιϐλέ-

2212 2945 2339 3019 me
2367 2943 2457 3007 εὶς
2489 2941 2564 2995 τὰ
2587 2941 2801 3003 ὀπίσω,
2833 2940 2990 3010 μηδὲ
3023 2939 3176 3012 στῆς
3201 2941 3271 2995 ἐν
3305 2939 3481 3013 ’πάσῃ
3512 2938 3589 3009 τῇ
3629 2955 3792 3006 περι-

2212 3031 2398 3102 χώρῳ.
2413 3033 2518 3096 Εὶς
2530 3029 2602 3097 τὸ,
2615 3031 2752 3099 ὅρος
2770 3028 2978 3095 σώζου,
2994 3031 3230 3102 μήποτε
3244 3026 3790 3099 συμπαραληφθῇς.

2215 3123 2279 3179 El
2331 3121 2510 3192 βούλει
2563 3122 2637 3193 μὴ
2695 3121 3235 3195 ωμπαραληφθῆναι
3290 3121 3642 3193 Σοδομίταις,
3694 3121 3794 3191 μιῆς

2215 3231 2346 3270 ποτε
2374 3216 2454 3279 εἰς
2500 3213 2570 3267 τὰ
2595 3214 2770 3268 ὀπίσω
2802 3217 3067 3287 στραφῇς,
3118 3216 3256 3287 μήτε
3295 3216 3428 3285 στῇς
3456 3215 3514 3268 ὲν
3545 3215 3611 3285 τῇ
3644 3228 3797 3283 περι-

2217 3306 2382 3379 κώρῳ
2424 3307 2698 3379 Σοδόμων,
2737 3306 2871 3379 μηδὲ
2917 3304 3153 3376 ἀλλαχοῦ
3187 3305 3320 3378 γένη
3357 3304 3390 3376 ἢ
3424 3307 3504 3368 εἰς
3546 3303 3608 3358 τδ
3640 3303 3793 3377 δρας.

534 3404 651 3455 ἐκεῖ
679 3399 789 3471 γὰρ
817 3401 931 3454 ἔστι
978 3401 1136 3473 μόνον
1164 3398 1423 3469 σωθῆναι.
1478 3399 1637 3455 Ἔστι
1661 3399 1718 3453 δὲ
1755 3400 1815 3453 τδ
1842 3401 1966 3472 ὅρος
1999 3399 2202 3473 Κύριος
2243 3398 2470 3472 Ἰησοῦς,
2517 3395 2562 3470 ᾧ
2617 3402 2764 3454 ἐστιν
2812 3402 2846 3471 ἡ
2884 3398 3012 3464 δόξα
3049 3398 3143 3451 καὶ
3189 3398 3251 3450 τὸ
3287 3396 3488 3468 κράτος
3537 3396 3617 3459 εἰς
3670 3395 3798 3457 τοὺς

534 3492 759 3559 αἰῶνας.
800 3494 990 3565 Ἀμήν.

1092 3587 1377 3644 llOMlLlA
1413 3587 1553 3644 XIV.

926 3680 1127 3753 (Juxta
1158 3679 1536 3751 Hieronymum
1563 3678 1670 3735 XI.
1690 3681 1708 3748 )

532 3774 615 3827 Ab
645 3790 710 3828 eo
733 3774 855 3829 loco
885 3774 937 3828 in
970 3789 1079 3843 quo
1108 3772 1371 3843 scriptum
1392 3781 1477 3826 est
1503 3790 1516 3827 :
1546 3766 1664 3826 Heu
1689 3772 1818 3843 mihi
1844 3787 1958 3841 ego,
1997 3789 2115 3826 ma-

608 3855 723 3907 ter;
760 3859 932 3913 usque
976 3841 1043 3897 ad
1091 3841 1271 3913 locum
1321 3842 1376 3896 in
1418 3857 1528 3912 quo
1560 3843 1639 3896 ait
1678 3860 1691 3894 :
1726 3841 1785 3894 Si
1831 3857 2111 3896 cortversus

609 3914 794 3982 fueris,
830 3911 1107 3968 restituam
1137 3923 1184 3966 te
1207 3911 1274 3967 ”.

2810 3588 3055 3643 UMIAIA
3094 3587 3189 3641 Μ’.

2889 3680 2983 3743 Et;
3010 3679 3098 3734 τό’

2219 3734 2384 3840 οέμθι
2587 3770 2797 3858 etiam
2833 3734 2993 3858 ιιέκέι
3014 3769 3289 3858 “iam
3307 3763 3798 3858 39§E°._’§§f_:‘f‘

2281 3859 2367 3910 γει
2398 3842 2632 3909 Κύριος·
2663 3842 2805 3896 Ἐὰν
2828 3842 3229 3909 ἐπιστραφῇς,
3258 3842 3355 3893 καὶ
3380 3842 3795 3901 ἀποκαταστγιφ

2282 3927 2371 3965 σω
2398 3928 2492 3964 σε.

1803 4093 2044 4159 Eodem
2075 4096 2446 4170 interprete.

607 4294 797 4351 Medici
860 4308 1149 4365 corporum
1207 4292 1597 4363 aegrotantibus
1653 4291 2009 4358 assistentes,
2057 4298 2113 4344 et

2294 4293 2356 4344 Οἱ
2386 4290 2562 4362 ἰατροὶ
2603 4287 2711 4343 τῶν
2744 4289 3009 4360 σωμάτων
3043 4287 3192 4359 παρὰ
3219 4287 3344 4352 τοὺς
3377 4287 3681 4358 κάμνοντας
3709 4302 3796 4355 γιο

529 4389 689 4457 juxta
735 4385 1080 4457 disciplinam
1131 4384 1266 4447 artis
1328 4398 1443 4439 suae
1493 4383 1738 4437 volentes
1767 4397 1967 4439 curare
2016 4396 2111 4437 eos

2220 4383 2455 4454 νόμενοι,
2507 4381 2601 4434 καὶ
2644 4381 2730 4435 ἀεὶ
2761 4382 2832 4450 τῇ
2870 4379 3133 4450 θεραπείᾳ
3165 4376 3273 4430 τῶν
3312 4377 3627 4447 καμνόντων
3671 4378 3799 4430 eau-

538 4452 634 4551 qui
660 4479 716 4533 in
747 4452 1156 4533 inﬁrmitatibus
1184 4475 1463 4529 constituti
1498 4481 1648 4540 sunt,
1679 4473 1867 4527 vident
1901 4472 2072 4527 tristia
2095 4512 2110 4537 ,

2218 4452 2346 4537 toi);
2375 4470 2723 4535 ἐπιδιδόντες,
2770 4467 2915 4523 κατὰ
2956 4467 3016 4519 τὸ
3059 4465 3306 4536 βούλημα
3334 4466 3433 4536 τῆς
3471 4465 3665 4538 τέχνης
3700 4467 3798 4535 τῆς

537 4569 833 4640 injucunda
881 4571 1238 4640 pertractant,
1281 4571 1336 4618 et
1381 4564 1436 4616 in
1483 4562 1678 4618 alienis
1709 4562 2114 4618 calamitatibus

540 4677 774 4716 mmrore
804 4659 1026 4733 proprio
1071 4655 1440 4713 coniiciuntur
1480 4672 1493 4708 :
1527 4667 1743 4731 semper
1793 4653 1939 4711 enim
1980 4668 2116 4707 con-

542 4751 779 4805 versatio
827 4767 1016 4811 eorum
1068 4749 1122 4805 in
1178 4747 1404 4820 gemitu,
1449 4759 1664 4813 semper
1711 4744 1765 4798 in
1809 4744 1960 4800 curis
1991 4752 2109 4810 est,

545 4855 823 4911 nunquam
854 4857 978 4896 cum
1022 4840 1160 4905 laetis
1188 4837 1524 4895 consortium
1557 4834 1798 4892 habent:
1845 4851 1970 4891 cum
2000 4835 2115 4890 vul-

544 4930 770 4996 neratis,
800 4946 926 4987 cum
952 4930 1039 4985 his
1071 4945 1305 5001 quorum
1331 4942 1524 4984 carnes
1558 4924 1919 4988 incommodis
1947 4924 2112 4979 variis

542 5025 921 5091 debilitantur,
956 5023 1052 5094 qui
1086 5021 1326 5083 febribus
1366 5026 1619 5084 aestuant,
1656 5018 1748 5088 qui
1784 5018 1974 5073 dolore
2002 5026 2114 5073 tor-

542 5127 801 5190 quentur,
823 5116 939 5188 jugi
966 5116 1190 5177 servitio
1210 5126 1578 5187 perseverant.
1609 5113 1676 5171 Et
1696 5112 1742 5171 si
1771 5114 1896 5186 quis
1921 5130 2111 5170 eorum

546 5210 659 5269 ruit
686 5209 912 5280 implere
940 5207 1285 5274 medicinam,
1313 5223 1421 5265 non
1454 5205 1794 5278 indignatur,
1830 5220 1937 5263 non
1973 5204 2114 5261 obli-

543 5304 771 5359 viscitur
802 5301 1067 5375 propositi
1094 5302 1229 5357 artis
1261 5316 1394 5367 suae,
1422 5308 1711 5370 postquam
1734 5312 1862 5355 cum
1885 5297 1972 5353 his
1996 5294 2114 5357 fue-

543 5398 615 5452 rit
645 5412 784 5467 quos
814 5411 996 5454 sermo
1021 5393 1282 5466 praefatus
1310 5400 1414 5449 est.
1446 5390 1573 5447 Haec
1607 5390 1813 5447 idcirco
1851 5390 1907 5444 in
1932 5405 2115 5460 prom-

546 5488 656 5541 mio
689 5487 932 5543 diximus
951 5486 1080 5558 quia
1099 5494 1154 5540 et
1175 5483 1456 5555 prophetae
1478 5482 1676 5538 medici
1705 5481 2112 5552 quodammodo

2217 4562 2506 4636 ἰατρικῆς,
2537 4560 2704 4633 ὁρῶσί
2735 4576 2877 4623 τινα,
2918 4559 3015 4612 καὶ
3062 4557 3409 4626 θιγγάνουσιν
3446 4555 3647 4627 ἀηδιῶν
3683 4556 3796 4627 (l),

2212 4655 2297 4707 ἐπ’
2328 4652 2638 4723 ἀλλοτρίαις
2674 4653 2982 4721 συμφοραῖς
3027 4647 3371 4721 καρποῦνται
3414 4647 3549 4710 ίδίας
3586 4645 3794 4710 λύπαςο

2212 4747 2305 4801 καὶ
2340 4745 2487 4799 ἐστιν
2534 4746 2623 4798 ἀεὶ
2654 4746 2683 4798 ό
2711 4742 2822 4813 βίος
2853 4743 3032 4797 αὐτῶν
3058 4744 3119 4795 ὲν
3152 4741 3500 4814 περιστάσειο
3537 4740 3798 4794 οὐδέποτε

2209 4837 2320 4911 γάρ
2340 4839 2446 4895 εἰσι
2479 4835 2617 4909 μετὰ
2659 4834 3031 4905 ὑγιαινόντων,
3053 4833 3167 4891 ἀλλ’
3205 4834 3292 4889 ἀεὶ
3324 4832 3461 4904 μετὰ
3488 4830 3597 4885 τῶν
3633 4820 3800 4902 τραυ-

2223 4927 2407 4998 μάτων
2442 4926 2541 5000 (2),
2579 4924 2719 4997 μετὰ
2744 4923 2851 4979 τῶν
2884 4923 3056 4995 νομὰς
3094 4924 3349 4995 ἐχόντων,
3388 4921 3527 4994 μετὰ
3557 4921 3665 4975 τῶν
3699 4937 3799 4973 πε-

2225 5016 2595 5089 πληρωμένων
2636 5015 2808 5080 πυῶν,
2855 5015 3125 5087 πυρετῶν,
3161 5015 3331 5073 νόσων
3377 5014 3654 5069 ποικίλων.
3690 5012 3801 5069 Καὶ

2222 5111 2285 5171 εί,
2306 5108 2554 5181 βούλεταί
2581 5126 2666 5172 τις
2696 5106 3003 5175 στείλασθαι
3032 5106 3128 5177 τὴν
3162 5104 3434 5185 ἰατρικὴν,
3465 5104 3568 5163 οὐκ
3596 5105 3802 5172 ἀγανα-

2221 5202 2434 5274 κτήσει,
2466 5200 2589 5255 οὐδὲ
2628 5199 2892 5272 ἀμελήσει
2925 5197 3020 5252 τοῦ
3057 5197 3393 5269 βουλήματος
3431 5195 3531 5271 τῆς
3568 5193 3798 5266 τέχνης,

2219 5288 2288 5373 ἧς
2342 5292 2652 5364 ἀνείληφεν,
2688 5291 2826 5353 ἐπᾴν
2919 5288 3055 5361 μετὰ
3085 5288 3192 5342 τῶν
3221 5286 3476 5341 τοιούτων
3507 5286 3584 5350 ὡς
3618 5301 3801 5363 προει-

2222 5386 2488 5456 ρήκαμεν.
2513 5382 2683 5437 Τοῦτο
2697 5382 2755 5436 δέ
2778 5400 2865 5462 μοι
2879 5380 2941 5435 τὸ
2959 5380 3240 5456 προοίμιον
3264 5378 3509 5432 λέλεκται
3521 5376 3610 5432 διὰ
3623 5375 3683 5435 τὸ
3705 5374 3799 5431 καὶ

2219 5476 2347 5539 τοὺς
2387 5474 2671 5545 προφήτας
2711 5467 2822 5526 οἷον
2864 5466 3002 5524 εἶναι
3050 5470 3268 5540 ἰατροὺς
3314 5467 3500 5538 ψυχῶν
3519 5506 3533 5530 ,
3580 5467 3675 5521 καὶ
3711 5464 3802 5520 ἀεὶ

619 5626 900 5705 "Philipp.
930 5643 1012 5693 ιιι,
1043 5626 1130 5681 l5.
1208 5624 1251 5658 ³⁷
1275 5621 1443 5678 Marc.
1479 5612 1601 5691 xm,
1634 5621 1717 5677 16.
1795 5622 1839 5655 ³⁸
1865 5619 1995 5682 Luc.
2024 5633 2098 5682 ix,

2289 5617 2334 5648 ”
2359 5612 2494 5670 Gen.
2529 5628 2643 5675 χιιι,
2682 5610 2766 5664 l7.
2843 5608 2888 5640 ’°
2915 5604 3115 5662 Jerem.
3152 5623 3243 5672 xv,
3269 5605 3459 5661 10-19.

620 5766 697 5835 (ι)
734 5766 1001 5834 Ἀηδιῶν.
1041 5767 1185 5837 Lege
1214 5783 1227 5819 :
1255 5764 1454 5837 ἀηδῶν.

2277 5761 2349 5827 ('2)
2381 5756 2746 5826 γραμμάτων.
2771 5753 3048 5822 Legatum
3076 5750 3405 5823 Hieronymo
3429 5747 3797 5825 τραυματιῶν.
