4218 6292
402 281 512 335 806
1530 283 1598 339 IN
1635 284 1982 343 ,ΙΕΒΕΜΙΑΜ
2022 288 2305 346 IlOMlLIA
2344 287 2485 342 XIV.
3544 294 3645 352 406

396 394 833 468 προσδιατρίσειν
862 398 994 451 ὅπου
1022 400 1071 452 οἱ
1102 398 1342 471 δεόμενοι
1378 400 1703 472 θεραπείας·
1739 407 1821 458 Οὐ
1860 405 1971 474 γὰρ
1998 414 2046 472 Α

1998 414 2046 472 Α
2073 415 2203 462 sunt
2240 406 2571 470 animarum,
2608 413 2661 459 et
2704 404 2834 459 illuc
2875 420 3088 475 semper
3130 406 3205 460 ire
3247 407 3509 476 jubentur
3553 412 3643 467 ubi

400 487 606 553 χρείαν
642 484 896 555 ἔχουσιν
938 492 993 543 οὶ
1038 492 1411 560 ὑγιαίνοντες
1462 495 1686 562 ἰατροῦ,
1729 497 1867 551 ἀλλ’
1920 500 1975 551 οὶ

399 576 592 644 κακῶς
617 579 883 647 ἔχοντες.
920 582 1094 653 Ὅπερ
1118 583 1177 636 δὲ
1202 584 1502 655 πάσχουσιν
1528 587 1668 659 ὑπὲρ
1699 588 1804 643 τῶν
1844 591 1975 644 ἀκο-

398 665 606 729 λάστως
662 669 981 738 καμνόντων
1025 672 1228 743 ἰατροὶ,
1265 672 1424 729 τοῦτο
1464 676 1731 749 πάσχουσι
1779 679 1870 731 καὶ
1925 679 1974 731 οἱ

394 757 671 827 προφῆται
699 758 795 813 καὶ
826 761 875 812 οἰ
911 759 1221 817 διδάσκαλοι
1261 763 1367 818 ὑπὸ
1393 762 1501 820 τῶν
1541 766 1601 819 οὐ
1636 766 1974 838 βουλομένων

388 846 816 920 θεραπεύεσθαι.
866 850 1105 906 Ἐκεῖθεν
1144 853 1256 926 γὰρ
1291 854 1598 926 μισοῦνται,
1640 857 1716 921 ὡς
1754 858 1975 915 διατασ-

388 938 611 1007 σόμενοι
635 939 787 1012 παρά
812 940 909 1013 τὴν
938 942 1253 1016 προαίρεσιν
1283 945 1384 1017 τῆς
1407 948 1703 1019 ἐπιθυμίας
1728 948 1836 1002 τῶν
1870 967 1969 1004 κα-

384 1030 656 1099 μνόντων,
679 1031 754 1097 ὡς
782 1032 1078 1100 κωλύοντες
1111 1039 1321 1109 τρυφᾷν
1347 1038 1443 1093 καὶ
1469 1038 1687 1093 ύδεσθαι
1721 1039 1819 1110 (l),
1850 1042 1973 1105 τοὺς

381 1119 479 1173 καὶ
532 1121 595 1175 ιν
637 1121 812 1186 νόσοις
844 1123 1203 1197 βουλομένους
1255 1127 1331 1199 μὴ
1371 1127 1440 1182 τὰ
1490 1128 1616 1194 ἀξια
1657 1129 1768 1186 τῶν
1800 1130 1971 1185 νόσων

380 1211 705 1281 λαμϐάνειν.
739 1213 1038 1283 Φεύγουσιν
1080 1213 1173 1272 οὖν
1199 1220 1248 1272 oi
1281 1219 1571 1274 ἀκόλαστοι
1601 1220 1710 1273 τῶν
1736 1220 1972 1292 καμνόν-

378 1321 494 1356 των
533 1305 773 1377 ἰατροὺς,
803 1306 1062 1374 πολλάκις
1092 1310 1278 1374 αὐτοῖς
1313 1311 1407 1366 καὶ
1444 1311 1843 1383 λοιδορούμενοι
1876 1314 1967 1367 καὶ

378 1392 808 1462 κακολογοῦντες
839 1395 1061 1462 αὐτοὺς,
1100 1400 1196 1455 καὶ
1230 1400 1340 1454 πᾶν
1378 1399 1661 1454 ότιποτοῦν
1691 1399 1970 1465 ποιοῦντες

377 1484 408 1536 ὃ
437 1486 717 1557 ποιήσειεν
746 1485 814 1540 ἂν
840 1486 1034 1559 ἐχθρὸς
1065 1487 1297 1561 ἐχθρῶν.
1337 1490 1813 1548 Ἐπιλανθάνονται
1858 1492 1968 1565 γὰρ

377 1568 552 1644 οῦτοι,
583 1577 665 1631 ὅτι
690 1575 766 1641 ὡς
807 1580 952 1648 φίλοι
985 1580 1399 1654 προσέρχονται,
1444 1582 1755 1655 ἀφορῶντες
1792 1586 1872 1649 είς
1905 1585 1967 1640 τδ

378 1664 642 1721 ἐπίπονον
673 1667 776 1738 τῆς
804 1668 1037 1741 διαίτης,
1075 1672 1157 1734 είς
1204 1672 1268 1724 τὸ
1299 1673 1554 1734 ἐπίπονον
1603 1673 1712 1728 ἀπὸ
1747 1673 1963 1747 σιδήρου

378 1755 590 1829 ἰατρῶν
622 1757 855 1830 πληγῆς,
881 1759 982 1814 οὐκ
1003 1762 1085 1824 εἰς
1112 1762 1174 1814 τὸ
1194 1761 1346 1827 τέλος
1384 1762 1446 1816 τὸ
1496 1762 1636 1833 μετά
1662 1764 1753 1819 τὸν
1778 1741 1960 1830 πόνον,
1993 1741 2035 1797 Β

376 1846 479 1900 καὶ
512 1846 761 1918 μισοῦσιν
791 1849 867 1913 ὡς
897 1851 1140 1922 πατέρας
1188 1852 1365 1907 πόνων
1396 1853 1577 1925 μόνον,
1615 1855 1735 1925 οὐχὶ
1779 1856 1836 1909 δὲ
1868 1856 1965 1910 πό-

374 1953 489 1991 νων
518 1940 792 2009 φερόντων
822 1943 915 1996 ἐπὶ
950 1942 1158 2011 ὑγίειαν
1194 1944 1322 2008 τοὺς
1364 1945 1802 2016 ίατρευομένους.

462 2050 525 2103 '0
551 2051 679 2114 λαὸς
711 2052 890 2107 τοίνυν
920 2055 1146 2119 ἐκεῖνος,
1179 2057 1229 2109 εί
1258 2057 1353 2110 καὶ
1388 2055 1629 2110 ποικίλαι
1659 2056 1804 2113 νόσοι
1825 2053 1967 2129 ἦσαν

375 2140 444 2191 ὲν
473 2139 553 2208 τῷ
582 2139 698 2211 λαῷ
726 2141 805 2212 τῷ
833 2144 1235 2214 χρηματίσαντι
1261 2145 1357 2199 τοῦ
1393 2146 1557 2211 Θεοῦ,
1597 2146 1843 2217 ἔπεμπεν
1871 2147 1968 2200 at)-

376 2232 498 2293 τοῖς
528 2231 744 2302 ίατροὺς
775 2235 803 2287 ό
836 2234 969 2298 Θεὸς
1004 2235 1132 2300 τοὺς
1163 2238 1464 2309 προφήτας.
1505 2233 1602 2302 Εἷς
1639 2237 1747 2292 τῶν
1769 2239 1968 2310 ιατρῶν

373 2320 474 2372 καὶ
513 2319 782 2391 Ἱερεμίας
803 2319 892 2394 ἦν.
951 2325 1186 2397 Ἤλεγχε
1217 2329 1342 2391 τοὺς
1368 2328 1801 2399 ἁμαρτάνοντας,
1844 2331 1966 2383 επι-

373 2409 635 2481 στρέφειν
670 2411 988 2483 βουλόμενος
1010 2417 1137 2480 τοὺς
1162 2417 1348 2482 κακῶς
1387 2417 1746 2490 πράττοντας.
1785 2420 1848 2472 υί
1884 2419 1963 2482 δὲ,

369 2499 493 2553 δέον
520 2499 740 2557 ἀκούειν
763 2502 872 2556 τῶν
896 2503 1221 2576 λεγομένων,
1252 2509 1593 2580 κατηγόρουν
1627 2509 1720 2563 τοῦ
1749 2511 1964 2582 προφή-

372 2606 492 2654 του,
525 2591 620 2645 καὶ
647 2593 986 2667 κατηγόρουν
1018 2597 1113 2650 ἐπὶ
1140 2596 1398 2651 δικαστοῦ
1429 2600 1812 2671 παραπλησίου
1837 2602 1965 2655 ἑαυ-

372 2682 508 2745 τοῖς.
541 2683 651 2736 Καὶ
678 2684 767 2736 del.
792 2686 850 2738 ὲν
876 2685 1058 2750 δίκαις
1086 2683 1155 2758 ἦν
1182 2690 1211 2742 ὁ
1235 2690 1522 2760 προφήτης
1555 2691 1649 2745 ἐπὶ
1678 2691 1808 2757 τῶν,
1837 2693 1961 2748 ὅσον

369 2772 466 2825 ἐπὶ
496 2776 565 2845 τῇ
599 2778 908 2849 προφητείᾳ
935 2778 1122 2842 αὐτοῦ,
1157 2779 1628 2851 θεραπευθέντων,
1653 2781 1743 2837 διὰ
1780 2783 1839 2837 δὲ
1865 2784 1963 2855 τὴν

372 2862 513 2916 ἰδίαν
557 2865 840 2922 ἀπείθειαν
901 2868 975 2940 μὴ
1027 2869 1494 2942 θεραπευομένων.
1561 2873 1685 2928 Ἐπὶ
1751 2874 1960 2940 τούτοις

366 2953 457 3007 ὁτὲ
499 2955 599 3024 μὲν
625 2957 804 3025 λέγει’
838 2959 950 3014 Καὶ
988 2955 1144 3015 ebur
1186 2963 1268 3015 οὐ
1295 2961 1382 3031 μὴ
1410 2963 1685 3034 λαλήσω,
1700 2965 1842 3020 οὐδέ
1864 2965 1952 3035 μὴ

362 3044 653 3154 ὀνομάσω
686 3048 755 3102 τό
779 3048 1255 3154 ονομαιιίυρίου.
1447 3052 1682 3124 ἐγένετο
1709 3057 1791 3122 ὠς
1834 3058 1953 3127 πῦρ
1981 3091 2027 3154 C

359 3137 692 3205 καιόμενον
715 3138 943 3210 south-or
972 3141 1042 3196 ἐν
1073 3142 1197 3209 τοῖς
1215 3143 1447 3208 ὀστέοις
1481 3162 1623 3215 μου,
1669 3148 1763 3202 καί
1808 3160 1955 3217 παρ-

358 3227 531 3296 εῖμαι
596 3227 918 3295 πάντοθεν,
974 3232 1076 3288 καί
1142 3235 1214 3288 οὐ
1259 3233 1515 3306 δύναμαι
1569 3235 1772 3306 φέρειν
1789 3254 1802 3268 ⁸
1862 3238 1953 3294 ότδ

359 3317 414 3371 δέ
444 3333 643 3387 φησιν,
675 3317 817 3390 ὀρῶν
850 3321 1046 3377 ἑαυτὸν
1079 3323 1167 3378 ἀεὶ
1193 3323 1566 3397 δικαζόμενον,
1611 3326 1954 3400 λοιδορούμε-

365 3424 487 3472 νον,
516 3409 937 3481 ἐγκαλούμενον,
949 3412 1396 3488 ψευδομαρτυρού
1403 3433 1561 3489 μενον
1579 3435 1593 3449 ·
1625 3419 1793 3489 Οτμοι
1811 3418 1951 3490 ἐγὼ,

363 3499 451 3569 μῆ
464 3515 582 3568 τερ,
610 3501 692 3567 ὡς
716 3502 850 3558 τινα
871 3504 1187 3573 μεὲτεκες,
1213 3504 1417 3576 ἔλεγεν,
1448 3507 1658 3577 ἄνδρα,
1682 3511 1754 3564 οὐ
1786 3509 1949 3565 δικα-

367 3589 641 3661 ζόμενον,
665 3591 856 3652 καίού
886 3595 1288 3664 διακρίνοντα,
1318 3599 1481 3653 ἀλλὰ
1500 3598 1949 3670 διακρινόμενον

368 3679 547 3751 πόσῃ
593 3680 669 3752 τῇ
720 3681 831 3752 ri};
876 3686 986 3739 Καὶ
1033 3688 1154 3740 επεὶ
1197 3689 1245 3741 οἱ
1280 3688 1581 3759 κάμνοντες
1611 3691 1712 3745 οὐκ
1751 3692 1947 3761 ἥκουον

368 3771 542 3826 αὐτοῦ
571 3772 709 3827 καλά
735 3775 1209 3845 συμϐουλεύοντος,
1236 3781 1330 3834 καὶ
1370 3780 1597 3853 ίατρικῷ
1630 3798 1813 3852 σφισιν
1844 3783 1944 3839 οὐκ

367 3862 700 3933 ὀψέλησαν
723 3864 821 3937 (2).
847 3866 957 3922 Καὶ⁸
976 3868 1097 3923 ἐπεὶ
1118 3868 1454 3938 δανείζοντος
1484 3872 1648 3928 αὐτοῦ
1677 3873 1748 3928 τὰ
1774 3890 1940 3929 πνευ-

370 3954 583 4022 ματικά
618 3956 876 4028 ἀργύρια,
919 3959 1020 4013 οὐκ
1062 3959 1342 4016 ἐϐούλοντο
1373 3964 1590 4018 ἀκούειν
1632 3968 1829 4020 ἐκεῖνοι
1858 3962 1939 4030 οἷς

366 4044 578 4113 ἔλεγεν,
615 4045 702 4100 ἵνα
730 4047 1082 4120 ὠφεληθῶσιν
1111 4048 1171 4115 ἐξ
1193 4043 1268 4103 ὧν
1294 4052 1552 4125 ἢκουσαν,
1592 4055 1758 4125 φησίν
1775 4073 1789 4086 ο
1831 4060 1941 4111 Οὑ-

363 4134 434 4190 δὲ
466 4137 767 4206 ὠφείλησέ
786 4156 889 4208 μοι
919 4139 1139 4208 οὐδεὶς,
1172 4141 1306 4197 οὐδὲ
1334 4143 1641 4212 ὡφέλησα.

450 4227 611 4282 Ἀλλὰ
638 4229 919 4301 προλαϐὼν
946 4231 1120 4286 ταῦτα
1143 4227 1296 4289 εἷπον
1328 4234 1458 4305 πρὶν
1475 4233 1825 4307 διηγήσωμαι
1854 4237 1934 4295 τό·

2078 496 2393 567 languentes
2426 496 2575 551 sint:
2615 494 2738 549 Non
2763 496 2902 549 enim
2947 511 3149 551 necesse
3171 496 3356 552 habent
3381 500 3502 555 sani
3538 517 3643 554 me-

2074 588 2273 651 dicum,
2310 587 2401 640 sed
2434 585 2472 638 ii
2502 585 2593 655 qui
2618 600 2672 638 se
2717 582 2851 637 male
2893 582 3084 637 habent
3103 584 3167 637 ³¹.
3200 583 3355 650 Quod
3382 596 3564 641 autem
3611 604 3640 642 ε

2072 677 2347 734 deliciosis
2376 676 2764 749 aegrotantibus
2793 674 2986 729 medici
3015 675 3317 743 patiuntur,
3350 676 3453 731 hoc
3481 677 3640 732 susti-

2074 780 2205 827 nent
2233 769 2508 839 propheta:
2532 783 2597 822 ac
2620 766 2866 836 magistri
2889 767 2958 820 ab
2988 766 3072 821 his
3098 766 3191 835 qui
3223 767 3407 822 curari
3430 769 3638 822 nolunt.

2073 859 2211 914 0dio
2236 861 2437 929 quippe
2468 858 2733 912 habentur
2759 856 2917 927 quasi
2946 856 3323 927 praecipientes
3353 857 3639 912 adversum

2071 951 2342 1008 desideria
2383 950 2778 1020 languentium,
2823 949 2952 1019 quia
2992 948 3286 1018 prohibent
3335 946 3548 1004 deliciis
3589 958 3643 1005 et

2072 1042 2209 1098 cibis
2257 1040 2422 1096 variis
2470 1041 2548 1095 uti
2582 1054 2700 1108 eos,
2750 1041 2999 1110 quicum
3041 1040 3152 1095 sint
3192 1039 3415 1107 inﬁrmi,
3452 1040 3641 1094 nolunt

2070 1134 2213 1190 escis
2248 1133 2585 1189 inﬁrmorum
2639 1132 2805 1188 vesci.
2839 1131 3077 1202 Fugiunt
3106 1145 3237 1201 ergo
3270 1130 3640 1187 inobedientes

2070 1234 2233 1291 atque
2256 1224 2573 1294 languentes
2597 1223 2862 1289 medicos,
2894 1228 2945 1276 et
2977 1220 3282 1276 maledictis
3308 1230 3473 1291 atque
3498 1221 3641 1291 inju-

2066 1317 2166 1372 riis
2195 1317 2477 1387 repellunt,
2508 1331 2682 1387 eaque
2710 1330 2935 1387 prorsus
2965 1315 3032 1371 iis
3063 1313 3293 1382 faciunt,
3322 1330 3444 1385 quae
3480 1314 3643 1371 faciat

2067 1408 2194 1477 quis
2225 1406 2467 1462 inimicis
2498 1414 2553 1461 et
2581 1405 2833 1461 hostibus
2876 1404 3014 1460 suis.
3061 1402 3464 1458 Abominantur
3493 1403 3635 1457 enim

2066 1512 2162 1554 eos
2209 1497 2366 1568 quasi
2400 1497 2655 1555 inimicos
2698 1496 2905 1561 venire,
2954 1495 3112 1565 quasi
3148 1494 3199 1548 id
3232 1502 3441 1548 tantum
3476 1493 3637 1547 modo

2066 1587 2463 1654 desiderantes,
2494 1587 2771 1661 quomodo
2801 1586 3020 1643 dolores
3065 1594 3120 1640 et
3153 1585 3325 1640 victus
3368 1583 3637 1654 parcitno-

2066 1679 2181 1744 nia,
2228 1695 2293 1735 ex
2338 1693 2531 1734 eorum
2577 1678 2937 1750 dispositione
2982 1687 3317 1745 nascantur;
3358 1677 3636 1748 quomodo

2066 1769 2384 1826 acutissimo
2399 1768 2544 1826 ferro
2565 1785 2791 1840 corpora
2804 1778 3019 1837 secent;
3034 1769 3196 1839 209
3210 1778 3263 1824 et
3281 1777 3634 1824 exsecrantur

2065 1875 2160 1916 eos
2188 1860 2347 1930 quasi
2401 1869 2653 1915 auctores
2698 1869 2975 1915 tantorum
3023 1860 3386 1926 cruciatuum,
3435 1868 3490 1914 et
3522 1873 3631 1914 non

2066 1947 2317 2003 sanitatis
2341 1962 2464 2016 qua:
2493 1962 2559 2002 ex
2590 1947 2873 2003 doloribus
2901 1947 3162 2003 redditur.

2136 2036 2193 2091 2.
2229 2035 2469 2106 Populus
2504 2037 2669 2108 igitur
2706 2039 3003 2107 aegrotabat
3035 2035 3199 2090 variis
3246 2035 3630 2107 languoribus,

2066 2136 2120 2182 et
2143 2127 2291 2182 misit
2316 2127 2423 2183 illis
2454 2128 2697 2183 medicos
2726 2128 3017 2197 prophetas
3043 2125 3204 2181 Deus.
3244 2125 3397 2182 Unus
3427 2142 3493 2181 ex
3514 2143 3630 2181 nu:-

2066 2215 2205 2272 dicis
2231 2226 2283 2272 et
2302 2216 2568 2274 Jeremias
2592 2217 2713 2284 fuit,
2747 2218 3049 2288 corripiens
3077 2225 3386 2289 peccatores
3414 2226 3468 2274 et
3507 2233 3634 2273 con—

2067 2316 2277 2363 vertere
2306 2308 2495 2367 volens
2533 2325 2565 2364 a
2612 2310 2756 2369 vitiis
2798 2310 2865 2366 ad
2911 2309 3159 2364 virtutes.
3206 2308 3286 2364 Illi
3338 2324 3464 2366 vero
3503 2326 3630 2366 cum

2065 2395 2319 2452 deberent
2333 2413 2395 2452 ea
2417 2413 2538 2468 quae
2559 2399 2877 2454 dicebantur
2901 2399 3112 2465 audire,
3132 2400 3450 2455 econtrario
3468 2414 3633 2457 accu-

2064 2486 2260 2543 sabant
2289 2490 2605 2560 prophetam
2637 2491 2778 2560 apud
2801 2490 3016 2561 judices
3042 2489 3248 2545 similes
3273 2490 3379 2545 sui.
3411 2489 3489 2545 Ex
3518 2506 3630 2562 qua

2062 2579 2267 2637 factum
2301 2591 2383 2638 est
2415 2593 2475 2637 ut
2513 2598 2726 2653 semper
2768 2584 2822 2638 in
2867 2583 3156 2640 calumniis
3205 2591 3259 2638 et
3291 2583 3344 2637 in
3391 2584 3627 2642 tristitiis

2062 2672 2225 2727 fuerit
2253 2671 2537 2740 Jeremias,
2560 2688 2748 2729 corum
2780 2673 3171 2743 pcrversitatis,
3199 2683 3462 2744 quantum
3492 2675 3546 2730 in
3569 2691 3628 2730 se

2062 2761 2185 2825 fuit,
2211 2777 2398 2817 curam
2430 2777 2644 2834 gerens.
2678 2761 2839 2817 Juxta
2866 2762 3139 2833 propriam
3172 2773 3352 2817 autem
3382 2764 3629 2821 incredu-

2060 2848 2266 2904 litatem
2318 2849 2497 2905 adhuc
2545 2851 2932 2917 aegrotantibus
2976 2851 3280 2907 istiusmodi
3332 2852 3625 2922 aliquando

2059 2938 2301 3009 loquitur
2327 2958 2342 2995 :
2378 2938 2443 2993 Et
2479 2940 2593 2993 dixi
2620 2939 2765 2995 :Non
2802 2940 3009 3011 loquar,
3040 2957 3200 3011 neque
3226 2943 3506 2998 nominabo
3531 2960 3624 2998 no-

2061 3046 2177 3083 men
2205 3028 2440 3085 Domini.
2475 3028 2541 3085 Et
2567 3031 2764 3102 factum
2789 3042 2866 3087 est
2895 3042 2950 3086 ιιι
2972 3034 3107 3103 ignis
3127 3033 3314 3087 ardens
3338 3035 3392 3088 in
3419 3037 3623 3091 ossibus

2057 3121 2206 3183 meis,
2245 3129 2296 3175 et
2336 3121 2624 3177 dissolutus
2667 3140 2783 3177 sum
2826 3124 3073 3194 undique,
3103 3134 3152 3177 et
3189 3124 3324 3194 ferre
3367 3143 3470 3180 non
3509 3143 3625 3197 pos-

2055 3228 2171 3265 sum
2199 3213 2266 3281 3’,
2307 3215 2602 3284 aliquando
2632 3222 2813 3270 autem
2841 3217 3033 3271 videns
3063 3232 3120 3270 se
3152 3216 3452 3273 maledictis
3488 3233 3625 3273 sem-

2054 3318 2172 3373 per,
2204 3304 2537 3360 clamoribus
2563 3315 2616 3360 et
2645 3306 2861 3377 injuriis
2890 3307 3144 3362 insectari
3169 3326 3182 3362 :
3218 3306 3335 3362 Heu
3359 3310 3505 3375 mihi,
3545 3311 3622 3365 in-

2050 3393 2189 3462 quit,
2225 3412 2338 3450 mea
2366 3406 2551 3463 mater,
2580 3397 2765 3468 utquid
2807 3412 2885 3451 me
2912 3399 3138 3468 genuisti
3164 3401 3351 3466 virum,
3370 3402 3460 3471 qui
3476 3400 3622 3470 judi-

2052 3500 2139 3538 cer
2175 3495 2224 3539 et
2250 3488 2524 3540 discernar
2560 3488 2703 3540 omni
2745 3496 2900 3541 terra:
2921 3487 3000 3541 ⁸⁸2
3025 3487 3091 3542 Et
3128 3489 3253 3558 quia
3294 3500 3618 3560 aegrotantes

2053 3574 2191 3630 bene
2226 3576 2620 3645 consulentem,
2650 3585 2705 3633 et
2730 3577 2886 3647 juxta
2920 3578 3205 3633 medicina:
3236 3577 3614 3646 disciplinam.

2051 3667 2243 3721 audire
2291 3674 2770 3737 contempserunt,
2820 3667 2947 3722 Non
2990 3669 3191 3739 profui,
3229 3669 3426 3738 inquit.
3478 3669 3619 3723 ιιυτο

2050 3769 2255 3825 susque
2303 3756 2432 3827 quia
2481 3756 2573 3810 illo
2616 3757 2888 3827 spiritales
2933 3758 3192 3828 pecunias
3238 3758 3616 3813 commodante

2046 3842 2322 3899 auditores
2366 3844 2612 3914 accipere
2643 3845 2956 3911 noluerunt,
3006 3856 3065 3901 ut
3105 3846 3388 3902 utilitatem
3419 3862 3582 3905 cense

2043 3944 2364 4004 querentur,
2399 3944 2452 3990 et
2496 3936 2732 3991 fructum
2766 3951 2832 3990 ex
2860 3937 2944 3991 bis
2986 3952 3108 4007 quae
3139 3951 3458 4009 acceperant
3494 3942 3614 3995 red-

2045 4025 2255 4091 derent,
2288 4027 2403 4080 ait:
2443 4026 2624 4096 Neque
2653 4028 2853 4096 profuit
2875 4028 3000 4081 mihi
3021 4030 3314 4099 quisquam.

2114 4249 2167 4304 5.
2199 4248 2403 4305 Verum
2426 4251 2540 4306 haec
2564 4252 2871 4321 anticipans
2898 4254 3113 4310 locutus
3138 4270 3260 4309 sum
3290 4255 3602 4327 priusquam

368 4322 491 4426 ρὺκ
503 4318 809 4426 ὠςοέλησα,
823 4322 966 4426 οὲδὲ
980 4322 1259 4426 ἀιςρέλῃσέ
1279 4342 1382 4394 μοι
1397 4324 1618 4426 οὐδείς.
1641 4328 1806 4400 Anci)
1824 4329 1933 4401 γάρ
1972 4367 2017 4426 D

1972 4367 2017 4426 υ
2043 4355 2371 4408 exponerem
2415 4359 2429 4395 :
2468 4339 2591 4395 Non
2621 4318 2819 4412 profui,
2869 4359 3031 4413 neque
3077 4318 3436 4414 profuit-milii
3463 4318 3609 4418 quia-

364 4409 512 4463 ἑστιν
545 4413 580 4480 ὴ
607 4412 809 4484 γραφή.
851 4412 939 4465 Ἐν
970 4414 1066 4485 μὲν
1093 4415 1201 4485 γὰρ
1224 4417 1343 4480 τοῖς
1375 4415 1652 4482 πλείστοις
1680 4419 1939 4491 ἀντιγρά-

365 4516 504 4567 φοις,
542 4503 663 4556 Οὐκ
685 4502 988 4572 ὼφέλησα,
1025 4505 1166 4560 οὐδὲ
1187 4506 1467 4577 ὠφέλησέ
1490 4526 1590 4577 μοι
1615 4510 1814 4577 οὐδείς
1832 4530 1844 4542 ’
1880 4516 1939 4568 ὲν

364 4590 420 4645 δὲ
459 4596 572 4656 τοῖς
602 4594 1015 4666 ἀκριϐεστάτοις
1053 4597 1149 4651 καὶ
1193 4598 1541 4669 συμφωνοῦσι
1573 4604 1685 4665 τοῖς
1723 4602 1938 4675 Ἐϐραῖ-

365 4687 494 4747 κοξς,
519 4686 641 4739 Οὐκ
672 4684 1004 4755 tege-unca,
1036 4687 1178 4744 οὐδὲ
1218 4689 1520 4760 ὠφείλησέ
1565 4711 1670 4764 μοι
1713 4695 1930 4761 οὐδείς.

363 4775 452 4825 Δεῖ
478 4770 572 4828 οὖν
613 4776 707 4828 καὶ
743 4776 805 4829 τὸ
850 4776 1367 4850 καθηρμηνευμένον
1415 4785 1508 4837 καὶ
1546 4785 1843 4857 φερόμενον
1875 4790 1932 4843 ἐν

363 4868 479 4930 ταῖς
507 4867 851 4939 Ἐκκλησίαις
865 4869 1242 4942 διηγήσασθαι,
1268 4876 1435 4929 καὶτὸ
1451 4878 1558 4931 ἀπὸ
1570 4879 1678 4934 τῶν
1712 4882 1929 4954 Ἐϐραῖ-

364 4955 473 5011 κῶν
516 4958 745 5030 γραφῶν
789 4959 1079 5032 ἀδιήγητον
1114 4963 1191 5035 μὴ
1235 4965 1572 5022 καταλιπεῖν.
1629 4971 1929 5043 Ἐκήρυσσε

362 5044 536 5100 τοίνυν
564 5048 654 5102 τὸν
689 5047 875 5117 λόγονι
921 5050 1093 5116 οὐδεὶς
1135 5055 1387 5125 προσίετο
1422 5056 1492 5110 τὰ
1517 5057 1784 5130 λεγόμενα
1802 5078 1815 5090 ·
1851 5062 1929 5126 ὡς

364 5136 455 5188 καὶ
495 5137 676 5209 ἰατρὸς
708 5140 1107 5211 προσανήλισκε
1152 5143 1222 5196 τὰ
1257 5143 1547 5216 φάρμακα,
1583 5148 1926 5215 ἀκολάστων,

366 5226 455 5316 καί
479 5226 576 5292 τὰς
607 5228 741 5293 ιδίας
760 5230 1058 5302 ἐπιθυμίας
1081 5232 1428 5308 πληρούντων
1454 5239 1562 5295 τῶν
1579 5241 1892 5316 καμνόντων
1911 5257 1925 5271 ⁴

361 5311 489 5369 ὡσεὶ
516 5317 611 5372 καὶ
653 5320 858 5385 ἐκεῖνος
886 5321 1090 5391 ἔλεγεν,
1126 5327 1247 5380 οὐκ
1277 5326 1580 5404 ὼφέλησα,
1610 5311 1749 5397 om
1777 5333 1928 5408 ὠφέ-

2040 4445 2217 4500 quam.
2251 4429 2457 4501 Duplex
2497 4433 2698 4503 quippe
2724 4434 2993 4504 scriptura
3017 4446 3139 4491 est:
3178 4452 3302 4492 nam
3332 4438 3386 4493 in
3420 4435 3607 4496 multis

2039 4521 2442 4591 exemplaribus
2469 4524 2824 4580 continetur:
2875 4524 2999 4580 Non
3039 4528 3247 4597 profui,
3290 4545 3450 4600 neque
3488 4544 3611 4599 pre-

2039 4609 2142 4679 fuit
2167 4610 2296 4664 mihi
2318 4612 2617 4683 quicquam.
2652 4613 2711 4668 In
2741 4614 2826 4671 bis
2858 4631 2987 4670 vero
3017 4632 3138 4685 quae
3166 4619 3498 4688 exemplaria
3522 4635 3607 4675 re-

2036 4700 2182 4756 riora
2224 4713 2371 4769 sunt,
2419 4713 2474 4759 et
2520 4720 2645 4760 cum
2687 4703 2929 4760 Hebraeis
2954 4718 3282 4775 consonant,
3326 4711 3552 4767 habetur
3578 4731 3598 4768 ι

2040 4788 2091 4842 Ν
2095 4806 2162 4843 ou
2173 4791 2350 4856 debui,
2363 4809 2528 4864 neque
2537 4795 2714 4848 debuit
2730 4796 2858 4851 mihi
2877 4798 3180 4868 quisquam.
3199 4797 3424 4870 Oportet
3436 4803 3600 4874 igitur

2035 4887 2090 4933 et
2120 4879 2169 4933 id
2200 4881 2343 4950 quod
2377 4882 2431 4936 in
2460 4899 2561 4938 usu
2590 4893 2692 4947 est,
2727 4893 2889 4955 atque
2913 4888 2965 4941 in
2996 4886 3253 4946 Ecclesiis
3281 4891 3478 4961 legitur
3500 4909 3598 4950 cx—

2032 4980 2266 5036 ponere;
2301 4979 2355 5025 ct
2371 4969 2472 5027 hoc
2495 4973 2639 5042 quod
2667 4973 2719 5026 in
2750 4972 2990 5047 Hebrmis
3018 4977 3300 5035 codicibus
3327 4979 3600 5035 invenitur

2035 5056 2294 5114 intactum
2319 5076 2427 5115 non
2475 5064 2768 5131 praeterire.
2799 5063 3116 5123 Predtcavit
3149 5067 3413 5126 Ieremias
3443 5085 3597 5127 ιιιιιι-

2033 5147 2159 5203 data
2191 5150 2410 5217 divina;
2455 5167 2616 5209 neruo
2669 5154 2753 5211 bis
2784 5170 2904 5225 qua:
2937 5159 3299 5226 praedicantur
3339 5159 3592 5215 attendit.

2032 5226 2397 5304 Quamobrem
2422 5240 2580 5311 quasi
2614 5243 2861 5299 medicus
2885 5244 3060 5301 libens
3082 5261 3147 5301 ac
3170 5256 3459 5317 promptus
3486 5262 3596 5304 me-

2031 5329 2307 5389 dicamina
2323 5330 2706 5401 languentibus
2729 5333 2937 5400 tribuit,
2957 5343 3009 5391 ct
3035 5335 3144 5391 illis
3165 5352 3281 5392 non
3297 5338 3596 5397 secundum

434 5451 476 5484 "
510 5453 641 5510 an.
675 5472 727 5521 ιν,
771 5458 856 5512 5|.
935 5438 1205 5518 "dorem.
1252 5465 1423 5532 n.9,
1498 5475 1542 5511 ³³
1572 5482 1767 5546 ιυιιρηι,
1816 5495 1909 5543 κν,
1962 5475 2048 5528 10.

429 5605 507 5745 (Β
535 5608 838 5664 .⁹’Υδεσθιιι.
888 5612 1025 5686 Lege
1068 5635 1090 5671 τ
1124 5616 1466 5688 θρύπτεσθαι,

429 5675 449 5743 (
566 5678 812 5745 Ἰατρικῷ
849 5698 1060 5745 σφισιν
1118 5689 1225 5741 οὐκ
1258 5689 1466 5745 ὠφέληη,

421 5675 507 5745 (2)
566 5678 812 5746 Ἰατρεκῷ
849 5675 1060 5750 σφιόνιν
1118 5675 1225 5741 οὒκ

1501 5741 1590 5803 αν.
1624 5737 1762 5810 Lege
1801 5739 1815 5780 ε
1860 5714 1920 5767 ίλ

1923 5695 2152 5775 τριχῶς,
2188 5693 2367 5768 φησὶν,
2396 5698 2493 5754 οὐκ
2516 5699 2788 5776 ὠφέλησε.
