4218 6292
538 387 641 441 407

2010 375 2333 435 OlilGENiS

3678 376 3781 434 Μ

536 502 826 559 artiﬁcium
851 506 1073 571 curatis,
1108 504 1199 559 sed
1227 503 1380 572 juxta
1404 506 1733 558 voluntatem
1765 516 1918 556 suam
1946 516 2111 570 agrn--
2140 505 2183 560 Α

2140 505 2183 560 Α
2212 495 2369 564 ,2ησέ
2390 513 2468 566 με
2498 496 2714 561 οὐδείς.
2746 495 2898 565 Τάχα
2924 492 3245 549 ἀντιπάθειά
3280 492 3396 548 ἐστι
3426 489 3515 547 διὰ
3541 491 3640 565 τὴν
3664 494 3782 563 φιλ-

536 591 683 647 tibus
730 594 862 648 dicit
897 612 912 648 :
951 592 1071 647 Non
1110 595 1310 664 profui.
1348 610 1509 665 neque
1548 593 1749 663 profuit
1790 592 1915 645 mihi
1960 592 2104 660 quis-

532 697 714 755 quam.
754 682 1163 751 Quodammodo
1191 685 1336 739 cnim
1388 684 1712 739 beneﬁcium
1754 681 2106 750 consequitur

534 775 650 845 ipse
682 776 774 845 qui
807 786 981 841 curat,
1018 776 1063 832 si
1109 775 1342 832 fructum
1375 776 1462 831 sui
1498 774 1703 830 laboris
1727 774 1779 826 in
1811 778 2107 843 aegrotante

533 865 853 934 conspiciat,
885 873 940 919 et
968 880 1063 935 per
1110 866 1352 921 laetitiam
1386 867 1587 921 utentis
1616 864 1781 919 etiam
1814 862 1931 932 ipse
1969 874 2103 915 con-

534 955 779 1023 sequitur
838 956 1148 1022 utilitatem,
1216 956 1516 1012 secundum
1583 954 1715 1008 illud
1777 950 1923 1022 quod
1978 948 2109 1004 diei-

531 1053 620 1100 tur
652 1061 667 1099 :
704 1043 900 1099 Beatus
925 1047 1015 1116 qui
1041 1047 1276 1117 loquitur
1304 1048 1357 1100 iu
1386 1059 1542 1099 aures
1573 1044 1926 1098 audientium.
1954 1039 2106 1096 Hanc

534 1136 696 1204 igitur
725 1137 1010 1191 utilitatem
1041 1153 1203 1207 quam
1238 1138 1594 1207 consequitur
1617 1134 1874 1204 magister
1916 1132 1985 1186 ab
2007 1147 2105 1184 au-

529 1225 799 1282 ditoribus
834 1228 970 1294 suis,
998 1228 1045 1282 si
1080 1227 1367 1297 proﬁciant
1404 1226 1704 1292 audiendo,
1735 1225 1864 1279 dum
1893 1221 2104 1277 fructus

529 1330 595 1368 ex
633 1316 806 1371 salute
837 1332 1027 1372 eorum
1076 1318 1434 1387 consequitur
1465 1315 1872 1387 quodammodo
1902 1332 1916 1369 :
1955 1312 2104 1368 Jere-

531 1408 671 1463 mias
700 1409 888 1464 videns
907 1409 973 1463 de
986 1407 1188 1463 Judaeis
1206 1425 1312 1463 non
1332 1408 1534 1463 habere
1551 1423 1629 1473 se,
1651 1407 1783 1461 dicit
1806 1425 1819 1460 :
1847 1403 1967 1459 Non
1982 1421 2105 1475 pro-

530 1499 632 1569 fuit
651 1500 814 1571 210
838 1501 965 1555 mihi
997 1502 1291 1571 quisquam.
1311 1499 1367 1554 Si
1401 1500 1547 1555 enim
1572 1500 1731 1555 debet
1759 1497 2103 1554 auditoribus

530 1595 787 1664 prodesse
823 1593 968 1664 quod
1001 1594 1213 1662 loquor,
1247 1592 1523 1647 auditores
1551 1606 1681 1646 vero
1702 1605 1823 1661 quae
1844 1591 2103 1646 dicuntur

534 1683 819 1752 alijiciunt,
852 1691 906 1737 et
935 1697 1035 1752 ego
1074 1681 1198 1737 dico
1228 1700 1240 1736 :
1280 1680 1403 1735 Non
1432 1682 1648 1751 profui,
1701 1698 1862 1752 neque
1901 1681 2099 1749 profuit

532 1776 660 1828 mihi
683 1776 993 1846 quisquam;
1028 1775 1158 1845 quia
1187 1775 1329 1829 hanc
1357 1774 1641 1829 utilitatem
1677 1788 1782 1826 non
1823 1788 1944 1827 sum
1969 1787 2100 1827 con-

2213 589 2528 658 ανθρωπίαν
2568 586 2661 641 τοῦ
2708 585 3080 656 ὠφεληθέντος
3107 585 3242 657 πρὸς
3276 584 3366 638 τὸν
3392 583 3780 654 ὠφελήσαντα,

2207 678 2347 731 ὥστε
2381 677 2629 746 γενέσθαι
2659 678 2739 740 είς
2766 676 2828 728 τὸ
2875 674 3223 746 ὠφεληθῆναι
3254 676 3349 729 καὶ
3387 675 3480 728 τὸν
3519 673 3781 743 λεγοντα,

2220 767 2375 820 Ἐπεί
2397 766 2689 837 μακάριος
2722 769 2755 820 ό
2794 764 2988 833 λέγων
3017 767 3104 830 εἰς
3127 761 3247 819 ὦτα
3270 766 3634 819 ἀκουόντων.
3680 763 3783 817 Οὖ-

2206 873 2312 919 τως
2339 852 2432 912 οὖν
2462 855 2560 928 τὴν
2587 856 2855 926 ὠφέλειαν
2885 854 3190 925 ὠφεληθείη
3226 853 3292 908 ἂν
3327 853 3645 917 διδάσκαλος
3673 853 3782 908 ἀπὸ

2206 946 2489 1017 ἀκροατῶν
2524 945 2938 1018 προκοπτόντων
2980 946 3075 999 καὶ
3111 944 3318 1015 βελτιου
3326 943 3500 1014 μένων
3518 960 3531 973 ο
3567 943 3781 1015 ὠφελη-

2205 1039 2323 1109 θείη
2353 1038 2419 1092 ἂν
2449 1038 2529 1110 τῷ
2556 1038 2699 1109 ἔχειν
2731 1039 2977 1111 καρποὺς
3008 1041 3066 1091 ὲν
3094 1039 3305 1100 αὐτοῖς’
3337 1038 3386 1088 εί
3419 1035 3528 1108 γὰρ
3569 1036 3780 1108 καρπὸν

2202 1131 2284 1184 δεῖ
2313 1131 2408 1200 μὲν
2441 1129 2586 1200 ἔχειν
2629 1131 2686 1183 ὲν
2732 1133 2843 1193 τοῖς
2888 1130 3188 1200 ἀκροαταῖς
3230 1128 3322 1195 τὸν
3353 1127 3601 1194 λέγοντα,
3642 1130 3672 1180 6
3720 1126 3779 1181 δὲ

2203 1220 2551 1292 ἀκροώμενος
2587 1219 2996 1290 παρεκδέχοιτο,
3036 1219 3130 1272 καὶ
3162 1217 3268 1284 ἔξω
3306 1218 3509 1285 γίνοιτο
3549 1216 3657 1270 τῶν
3692 1218 3780 1270 λε-

2203 1312 2467 1383 γομένων,
2509 1311 2724 1379 λέγεται
2772 1310 2862 1363 τό·
2892 1312 3012 1363 Οὐκ
3056 1308 3334 1378 ὠφέλησέ
3377 1325 3453 1377 με
3490 1307 3633 1361 οὐδὲ
3665 1303 3775 1374 εἷς’

2203 1403 2325 1456 ἐπεὶ
2390 1403 2464 1473 μὴ
2536 1402 2810 1472 ὠφέληται
2886 1400 3090 1470 ταύτην
3156 1401 3255 1471 τήν
3319 1398 3585 1467 ὠφέλειαν
3610 1440 3626 1463 ,
3712 1399 3778 1471 ἦν

2202 1492 2455 1563 ὠφελήθη
2524 1491 2590 1545 ἂν
2637 1494 2701 1545 ὲκ
2759 1490 2854 1544 τοῦ
2921 1491 3012 1543 τὸν
3065 1489 3340 1562 ἀκροατὴν
3396 1489 3774 1561 ὠφεληθέντα,

2202 1584 2371 1637 αἴτιον
2405 1582 2686 1652 προκοπῆς
2713 1582 2805 1635 καὶ⁸
2830 1580 3230 1652 μακαριότητος
3252 1581 3600 1653 γενέσθαιτῷ
3633 1583 3776 1652 ὠφε-

2202 1671 2445 1742 λήσαντι.
2486 1672 2596 1725 Kal.
2624 1670 2798 1733 ἄλλως
2825 1669 2904 1734 δὲ,
2953 1668 3062 1732 πᾶς
3098 1672 3128 1723 ὀ
3156 1670 3422 1725 διδάσκων
3441 1710 3455 1734 ,
3492 1671 3611 1725 κατ’
3644 1673 3774 1727 αὐτὸ

2200 1762 2262 1815 τὺ
2299 1763 2588 1826 διδάσκειν,
2632 1763 2740 1834 ὅσῳ
2784 1762 3145 1835 συνετώτερός
3188 1766 3336 1818 ἐστιν
3384 1764 3413 1815 6
3454 1763 3772 1834 μανθάνων,

530 1876 773 1931 secutus,
807 1883 970 1936 quam
1017 1865 1372 1936 cm'tsequitur
1414 1865 1458 1919 is
1490 1864 1581 1935 qui
1614 1863 1798 1918 beatus
1825 1862 2087 1927 edicitur,
2123 1868 2163 1921 Β
2191 1875 2196 1903 ¹

2123 1868 2163 1921 Β
2191 1854 2479 1923 ὠφελεῖται
2510 1858 2590 1919 εἰς
2608 1855 2643 1909 δι
2668 1855 2925 1920 διδάσκει,
2948 1858 3027 1919 είς
3058 1854 3096 1909 ἃ.
3129 1854 3404 1926 μανθάνει.
3449 1856 3560 1910 Καὶ
3596 1856 3775 1929 κρείτ-

527 1961 655 2013 dum
689 1960 741 2013 in
774 1974 937 2014 aures
964 1960 1205 2026 loquitur
1234 1957 1591 2012 audientium.
1625 1956 1810 2013 Potest
1834 1964 2015 2011 autem
2043 1966 2097 2011 et

525 2050 681 2103 aliter
709 2048 955 2119 intelligi.
987 2047 1311 2118 Quicunque
1344 2047 1630 2118 discipulis
1668 2047 1948 2117 praecipit.
1994 2046 2096 2101 iste

524 2139 571 2192 si
607 2138 917 2208 ingeniosos
947 2145 1001 2193 et
1035 2136 1308 2192 audientis
1337 2145 1545 2192 natura:
1573 2136 1769 2191 habeat
1792 2136 2091 2199 auditores,

523 2238 728 2298 (manto
757 2230 878 2300 plus
900 2229 1162 2301 praecipit,
1198 2237 1347 2284 tanto
1374 2229 1497 2299 plus
1523 2227 1756 2299 proﬁcit,
1795 2228 1901 2283 illis
1925 2227 2095 2280 inter-

525 2319 858 2388 rogantibus,
886 2329 941 2374 et
964 2319 1032 2374 de
1062 2334 1127 2374 eo
1169 2320 1316 2389 quod
1350 2319 1482 2374 dicit
1509 2333 1652 2389 smpe
1686 2317 2086 2389 quaerentibus,

2192 1962 2314 2010 τους
2331 1945 2567 2013 γίνονται
2594 1947 2719 2016 περὶ
2741 1945 2776 2000 ἂ
2803 1945 3155 2018 παραδιδόασι
3187 1946 3484 2018 μαθήματα
3513 1949 3560 1999 oi
3587 1947 3773 2016 λέγον-

2192 2053 2304 2100 τες,
2352 2038 2439 2090 ὅτε
2470 2038 2677 2091 συνετοὶ
2711 2037 2863 2101 ὀντες
2898 2038 2947 2091 oi
2996 2038 3280 2109 ἀκροαταὶ,
3312 2039 3406 2090 καὶ
3436 2038 3536 2108 οὐχ
3566 2038 3775 2105 ἁπαξα-

2191 2127 2338 2191 πλῶς
2368 2127 2789 2198 παραδέχονται,
2816 2127 2952 2182 ἀλλὰ
2978 2126 3469 2195 άντιϐασανίζουσι,
3502 2129 3599 2182 καὶ
3639 2129 3778 2200 ἐρω-

2189 2221 2343 2281 τῶσι.
2393 2221 2487 2274 καὶ
2530 2219 2842 2285 ἐξετάζουσι
2892 2219 2955 2273 τὸ
3008 2218 3251 2291 βούλημα
3292 2211 3400 2273 τῶν
3444 2220 3770 2292 λεγομένων.

2193 2313 2328 2367 Οὔτ⁹
2361 2308 2457 2367 οὖν
2491 2311 2806 2382 ὠφέλησα,
2842 2311 2980 2366 οὔτε
3007 2309 3286 2380 ὠφέλησέ
3308 2329 3384 2381 με
3408 2311 3550 2366 οὐδὲ
3569 2308 3675 2380 εἷς.

522 2410 616 2480 qui
642 2409 713 2465 sit
746 2425 942 2466 sensus
985 2411 1040 2465 in
1088 2410 1254 2475 dicto,
1323 2410 1415 2481 qui
1471 2410 1625 2473 ordo,
1672 2424 1795 2479 quae
1855 2408 2042 2479 scripti
2081 2406 2356 2462 voluntas.
2430 2402 2585 2459 Unde
2628 2402 2935 2459 econtrario
2980 2403 3057 2458 ait
3103 2421 3118 2458 :
3173 2400 3294 2457 Non
3351 2403 3553 2473 profui,
3609 2420 3774 2474 neque

519 2504 719 2574 frofuit
749 2504 873 2559 mihi
896 2506 1193 2577 quisquam.

589 2598 643 2652 4.
673 2596 811 2664 Quia
835 2608 1013 2654 autem
1039 2607 1093 2654 et
1120 2599 1227 2653 alia
1255 2599 1411 2655 nobis
1441 2599 1712 2669 expositio
1742 2598 1959 2653 residua
1981 2611 2086 2663 est,

518 2694 736 2754 prepter
765 2686 1096 2756 exemplaria
1139 2687 1370 2741 certiora
1403 2686 1455 2740 in
1487 2680 1689 2755 quibus
1732 2687 2041 2740 continetur
2071 2704 2084 2738 τ

523 2771 644 2828 Non
670 2776 845 2839 debui,
877 2793 1037 2839 neque
1062 2777 1237 2830 debuit
1262 2777 1392 2831 mihi
1412 2779 1710 2847 quisquam,
1749 2786 1805 2832 et
1837 2779 1983 2832 hunc
2003 2777 2087 2830 lo-

517 2884 641 2926 cum
682 2868 1106 2925 consideremus.
1145 2868 1250 2935 Qui
1293 2871 1537 2923 omnibus
1584 2872 1764 2926 omnia
1813 2874 2084 2940 restituit,

517 2959 604 3012 cui
644 2960 864 3029 uectigal
892 2960 1132 3032 uectigal,
1170 2963 1255 3015 cui
1292 2963 1528 3017 timorem
1557 2964 1820 3031 timorem,
1860 2967 1944 3018 cui
1977 2965 2077 3019 tri-

2278 2594 2430 2647 Ἐπεὶ
2458 2593 2516 2646 δὲ
2548 2593 2642 2646 καὶ
2669 2591 2803 2662 ἄλλη
2834 2592 3090 2662 διήγησις
3122 2590 3414 2660 ἀναγκαία,
3452 2587 3539 2642 διὰ
3565 2587 3633 2643 τὰ
3676 2587 3764 2641 ἁν-

2191 2686 2432 2757 τίγραφα
2478 2684 2547 2737 τὰ
2580 2683 2948 2757 ἀκριϐέστερα
2986 2682 3158 2747 οὕτως
3189 2682 3404 2754 ἔχοντα,
3439 2683 3563 2735 Οὐκ
3597 2681 3772 2750 ὠφεί-

2193 2781 2381 2848 λησα,
2409 2778 2552 2832 οὐδὲ
2571 2779 2887 2848 ὠφείλησε
2893 2795 2994 2848 μοι
3021 2778 3241 2844 οὐδεὶς,
3269 2774 3658 2848 διηγησώμεθα
3681 2777 3777 2831 καὶ

2194 2844 2366 2934 οὕτως
2406 2869 2526 2940 ἔχον
2550 2844 2824 2942 τορητόέθ.
2875 2844 2927 2921 r0
2948 2867 3065 2938 μὲν
3091 2867 3202 2938 γὰρ
3230 2844 3769 2932 πᾶσινάεέοδιδυὺς

2195 2961 2302 3028 τὰς
2336 2961 2598 3030 ὀφειλάς,
2629 2960 2707 3027 τῷ
2738 2960 2844 3014 τὸν
2867 2961 3074 3030 φόρον,
3098 2959 3204 3013 τὸν
3226 2961 3414 3028 φόρον
3441 2998 3456 3023 ,
3488 2956 3568 3024 τῷ
3593 2956 3659 3011 τό
3682 2956 3767 3011 τέω

519 3049 700 3102 butum
730 3050 1006 3114 tributum,
1031 3052 1115 3107 cui
1143 3053 1392 3106 honorem
1415 3054 1666 3108 honorem
1690 3055 1755 3117 “,
1784 3063 1837 3110 et
1864 3058 2088 3111 univer-
2120 3076 2162 3133 ς

2120 3076 2162 3133 C
2194 3057 2324 3119 λος,
2349 3053 2413 3107 τὸ
2436 3053 2630 3120 τέλος,
2674 3052 2753 3119 τῷ
2776 3055 2881 3107 τὸν
2911 3055 3117 3122 φόϐον,
3153 3051 3260 3106 τὸν
3299 3053 3508 3121 φόϐον,
3552 3050 3634 3116 τῷ
3654 3049 3766 3117 τὴν

519 3141 599 3196 sis
641 3142 824 3196 omnia
875 3151 1243 3213 repraesentat,
1293 3145 1426 3198 nulli
1463 3146 1667 3201 debens
1720 3146 1937 3217 aliquod
1974 3145 2094 3202 ofﬁ-

518 3232 686 3299 cium,
718 3233 865 3288 verbi
895 3235 1089 3303 gratia,
1117 3234 1397 3290 honorans
1433 3244 1687 3305 parentes
1719 3244 1777 3290 ut
1807 3246 2091 3307 parentes,

520 3323 716 3379 fratres
752 3332 810 3378 ut
842 3322 1055 3389 fratres,
1092 3324 1232 3381 ﬁlios
1266 3334 1327 3380 ut
1356 3326 1518 3393 ﬁlios,
1558 3326 1846 3396 episcopos
1882 3335 1939 3380 ut
1972 3327 2087 3395 epi-

519 3428 736 3482 scopos,
791 3415 1136 3487 presbyteros
1184 3426 1243 3472 ut
1291 3419 1682 3489 presbyteros,
1727 3417 1987 3472 diaconos
2034 3427 2092 3473 ut

518 3503 798 3570 diaconos,
838 3505 1020 3561 ﬁdeles
1055 3520 1114 3562 ut
1147 3509 1354 3572 lideles,
1388 3510 1819 3565 catechumenos
1849 3516 1909 3563 ut
1945 3516 2090 3563 cate-

517 3594 815 3650 chumenos
837 3638 850 3659 ,
884 3595 929 3651 si
966 3597 1149 3651 omnia
1184 3599 1436 3653 omnibus
1468 3599 1687 3667 reddat,
1738 3598 1873 3653 nulli
1932 3598 2092 3654 debet

516 3681 774 3739 oﬁicium.
822 3685 877 3740 Si
906 3702 1033 3742 vero
1074 3687 1298 3743 reddere
1324 3690 1485 3745 debet
1512 3697 1566 3744 et
1601 3706 1709 3745 non
1743 3689 1937 3755 reddit,
1980 3705 2088 3744 non

519 3785 693 3843 potest
717 3777 898 3833 dicere
927 3798 940 3833 :
974 3796 1074 3833 non
1116 3778 1296 3847 debui;
1325 3796 1449 3836 cum
1492 3781 1638 3835 cutim
1687 3782 1959 3847 debuerit,
1979 3795 2086 3834 non

515 3869 763 3925 exsolvit.
813 3868 971 3936 Quod
1017 3877 1196 3924 autem
1248 3870 1514 3938 sequitur,
1568 3887 1669 3924 non
1724 3870 1902 3924 debuit
1958 3870 2088 3922 mihi

516 3959 815 4028 quisquam,
851 3959 930 4013 sic
961 3958 1370 4028 intelligendum
1399 3967 1482 4013 cst
1509 3978 1520 4012 :
1557 3975 1657 4029 ego
1678 3961 1897 4031 quidem
1927 3959 2089 4015 [cenc-

2195 3144 2392 3214 τιμὴν,
2430 3143 2543 3213 τὴν
2569 3143 2770 3213 τιμὴν,
2806 3144 2901 3196 καὶ
2944 3144 3078 3195 πᾶσι
3124 3141 3193 3195 τὰ
3230 3140 3542 3211 καθήκοντα
3584 3141 3770 3193 ἀποδι-

2192 3237 2335 3301 δοὺς,
2356 3236 2431 3300 ὠς
2459 3236 2532 3307 μὴ
2553 3235 2784 3306 ὀφείλειν
2814 3234 2884 3288 τὰ
2910 3235 3220 3307 καθήκοντα
3255 3234 3388 3305 πρός
3412 3250 3584 3297 τινας,
3612 3232 3774 3303 τιμή-

2196 3343 2292 3389 σας
2317 3326 2443 3389 coit;
2464 3328 2640 3394 γονεῖς
2654 3326 2728 3389 ὠς
2748 3328 2944 3395 γονεῖς,
2956 3325 3214 3394 ἀδελφοὺς
3228 3325 3304 3388 ὠς
3315 3322 3595 3393 ἀδελφοὺς,
3621 3322 3771 3384 υἱοὺς

2191 3419 2268 3481 ὠς
2295 3418 2465 3481 υἱοὺς,
2507 3416 2837 3480 ἐπισκόπους
2874 3416 2950 3479 ὼς
2981 3418 3332 3479 ἐπισκόπους,
3368 3413 3772 3487 πρεσϐυτέρους

2190 3509 2266 3574 ὡς
2290 3509 2713 3581 πρεσϐυτέρους,
2731 3508 3009 3572 διακόνους
3030 3508 3106 3571 ὠς
3128 3508 3429 3571 διακόνους,
3449 3508 3670 3569 πιστοὺς
3695 3505 3771 3569 ὠς

2190 3604 2432 3666 πιστοὺς,
2464 3618 2702 3673 κατηχου
2710 3603 2901 3672 μένους
2915 3600 2991 3664 ὠς
3020 3599 3454 3671 κατηχουμένους
3475 3618 3487 3632 ·
3524 3599 3572 3651 εἰ
3594 3598 3771 3651 πάντα

2190 3689 2480 3743 ἀποδίδωσι
2505 3689 2573 3743 τὰ
2600 3690 2929 3762 καθήκοντα,
2962 3689 3060 3743 οὐκ
3086 3689 3415 3760 ὠφείλησεν·
3445 3688 3493 3741 εί
3521 3687 3577 3742 δὲ
3599 3686 3767 3756 ὤφει-

2190 3782 2248 3836 λε
2288 3783 2384 3853 μὲν
2423 3782 2647 3853 ποιῆσαι
2679 3782 2941 3853 καθῆκον,
2972 3781 3031 3833 οὐ
3065 3779 3329 3850 πεποίηκε
3354 3778 3432 3843 δὲ,
3462 3780 3522 3831 οὐ
3544 3779 3767 3832 δύναται

2190 3873 2402 3942 λέγειν’
2455 3877 2576 3927 Οὐκ
2624 3873 2962 3941 ὠφείλησα·
3015 3870 3245 3940 ὀφείλων
3291 3870 3400 3941 γὰρ
3443 3869 3545 3922 οὐκ
3574 3869 3768 3923 ἀποδέ-

2187 3964 2347 4018 δωκε.
2386 3964 2511 4027 Πῶς
2534 3961 2628 4018 οὖν
2665 3964 2995 4036 διηγήῖομαι
3037 3964 3129 4017 καὶ
3161 3964 3242 4029 ch,
3284 3960 3437 4016 οὐδὲ
3465 3960 3769 4031 ὠφείλησε

515 4047 626 4101 rari
660 4048 828 4113 volui,
862 4056 915 4101 et
949 4048 1220 4118 spiritales
1264 4050 1531 4119 pecunias
1564 4050 1916 4105 commodare
1940 4091 1953 4115 ,
1990 4051 2084 4106 sed

2183 4068 2285 4121 μοι
2314 4052 2543 4118 abbate;
2576 4052 2687 4122 ἐγὼ
2723 4054 2820 4123 μὲν
2857 4052 3151 4116 ὲδάνειζον,
3183 4053 3278 4105 καὶ
3309 4050 3511 4104 διδόναι
3550 4048 3763 4103 ἐϐουλόο

519 4138 593 4192 illi
643 4146 952 4192 averterunt
982 4154 1143 4195 aures
1186 4155 1314 4195 suas
1348 4141 1417 4194 ab
1463 4141 1529 4196 iis
1570 4156 1693 4211 quae
1727 4142 2083 4207 dicebantur,

521 4245 698 4302 neque
727 4232 1008 4287 voluerunt
1041 4233 1279 4302 praebere
1308 4248 1367 4288 se
1392 4235 1618 4302 dociles,
1655 4241 1717 4288 ut
1752 4235 1887 4289 mihi
1914 4235 2083 4290 debe-

522 4330 641 4376 rrnt
670 4337 790 4391 qua;
823 4325 1136 4379 audiebant.
1167 4324 1373 4381 Idcirco
1405 4344 1511 4382 non
1556 4327 1744 4382 debuit
1769 4328 1902 4381 mihi
1932 4328 2087 4397 quis-

2192 4160 2298 4215 μην
2315 4144 2382 4199 τὰ
2400 4143 2746 4217 πνευματικά
2769 4146 3047 4217 χρήματα,
3073 4144 3124 4197 οἱ
3147 4143 3203 4197 δὲ
3230 4142 3631 4216 ἀπεστρέφοντο
3658 4140 3770 4194 ἀπὸ

2185 4236 2295 4291 τῶν
2316 4237 2644 4309 λεγομένων,
2668 4238 2761 4291 καὶ
2773 4238 2834 4290 οὐ
2862 4238 3119 4308 παρεῖχον
3135 4235 3333 4297 αὐτοὺς
3355 4232 3654 4297 δεκτικοὺς,
3679 4232 3771 4287 ἵνα

2189 4329 2462 4398 ὀφείλωσι.
2500 4329 2596 4383 Διὰ
2631 4328 2788 4383 τοῦτο
2817 4328 2918 4381 οὐκ
2948 4326 3221 4396 ὠφείλησέ
3258 4341 3347 4396 μοι
3384 4324 3505 4378 οὐδὲ
3533 4319 3644 4387 εἷς·
3679 4323 3764 4386 τίς

516 4428 702 4483 quam.
740 4411 797 4468 Si
837 4414 961 4483 quis
992 4415 1133 4469 enim
1165 4417 1399 4470 voluerit
1449 4432 1729 4473 sermones
1759 4419 1850 4488 qui
1888 4419 2082 4473 dicun-
2115 4421 2159 4479 Ι)

2115 4421 2159 4479 D
2185 4420 2292 4491 γὰρ
2334 4418 2669 4492 παρεδέξατο
2700 4420 2769 4473 τὰ
2800 4419 3091 4488 λεγόμενα,
3121 4417 3206 4471 ἵνα
3239 4420 3303 4469 ὲκ
3334 4416 3428 4469 τοῦ
3471 4413 3767 4486 παραδέχε-

517 4516 606 4559 tur
632 4497 842 4566 audire,
873 4504 1084 4558 debitor
1113 4506 1173 4560 ﬁt
1191 4520 1404 4569 eorum,
1428 4515 1481 4560 et
1505 4508 1659 4577 quasi
1687 4508 1900 4562 debitor
1918 4509 2082 4563 etiam

516 4610 711 4652 usuras
744 4593 965 4649 reddere
987 4593 1239 4665 exigitur.
1279 4594 1353 4647 Ex
1386 4610 1495 4664 quo
1527 4596 1702 4665 magis
1731 4597 1950 4665 expedit
1987 4611 2085 4651 au-

514 4685 781 4740 ditoribus
809 4685 1055 4756 accipere
1082 4685 1385 4756 disciplinae
1414 4686 1577 4740 verba
1601 4701 1724 4741 cum
1767 4683 2003 4751 (minore,
2031 4697 2087 4744 et

515 4773 629 4828 ﬁeri
658 4774 950 4841 debitores,
984 4792 1146 4844 quam
1178 4793 1283 4830 non
1310 4776 1577 4846 accipere,
1612 4791 1710 4830 nec
1738 4776 1955 4831 debere.
1980 4779 2086 4834 Ac-

514 4876 781 4924 cusantur
821 4868 1020 4938 quippe
1057 4870 1214 4937 tales,
1249 4870 1465 4926 dicente
1509 4869 1815 4939 propheta:
1850 4867 1970 4923 Non
1997 4870 2085 4926 de-

514 4958 624 5012 buit
656 4958 783 5011 mihi
802 4959 1100 5028 quisquam.

584 5051 637 5105 5.
680 5048 838 5116 Quod
869 5049 946 5103 ait
970 5048 1055 5103 ³⁸ε
1091 5048 1206 5104 Heu
1226 5051 1376 5115 mihi,
1413 5068 1528 5105 mea
1569 5060 1757 5115 mater,
1804 5067 1964 5120 quare
2004 5067 2085 5105 me

512 5141 740 5212 genuisti
782 5140 954 5193 virum
984 5141 1074 5210 qui
1092 5140 1301 5209 judicer
1324 5150 1373 5195 et
1411 5142 1684 5196 discernar
1711 5143 1854 5195 omni
1878 5152 2033 5197 terra:
2058 5143 2083 5196 Σ)

512 5246 620 5288 non
649 5233 728 5288 sic
762 5233 1018 5288 existimo
1045 5233 1334 5290 convenire
1361 5233 1483 5289 aliis
1518 5231 1795 5303 prephetis
1841 5241 1896 5287 ul
1931 5231 2080 5286 lere-

513 5326 635 5378 mite
681 5324 885 5379 :multi
933 5323 1201 5395 siquidem
1256 5326 1641 5395 prophetarum
1695 5332 1815 5394 post
1863 5322 2083 5393 aliquod

515 5416 773 5485 spatium,
812 5416 987 5485 primo
1023 5415 1172 5479 mali,
1206 5426 1260 5471 et
1283 5416 1393 5486 jam
1422 5423 1545 5486 post
1570 5422 1791 5485 peccata
1811 5411 2084 5474 conversi,

516 5505 836 5574 prephetarc
864 5515 1146 5577 coeperunt
1171 5524 1183 5558 :
1215 5503 1481 5562 Jeremias
1506 5521 1638 5560 vero
1672 5520 1701 5560 a
1739 5519 1906 5575 puero
1937 5517 2085 5558 sum—

515 5597 618 5663 psit
647 5598 1052 5654 vaticinationis
1077 5597 1384 5654 exordium.
1416 5596 1480 5652 Et
1504 5598 1666 5669 hujus
1691 5597 1766 5652 rei
1792 5610 2084 5668 possumus

584 5759 628 5793 “
665 5762 823 5815 Rom.
860 5778 976 5829 xm,
1023 5764 1073 5819 7.
1101 5763 1144 5797 ³³
1173 5765 1281 5819 Jer.
1317 5781 1404 5827 xv,
1439 5764 1524 5817 iﬁ.

2191 4510 2315 4564 σθαι
2340 4512 2619 4582 ὀφειλέτης
2644 4511 2869 4583 γένηται
2896 4506 2970 4564 ὧν
3006 4510 3224 4581 ήκουσε,
3258 4510 3353 4563 καὶ
3382 4508 3664 4579 ἀπαιτηθῇ
3685 4506 3763 4569 ὠς

2190 4600 2471 4672 ὀφειλέτης
2506 4601 2615 4655 τῶν
2645 4601 2948 4673 λεγομένων
2982 4602 3107 4664 τοὺς
3142 4599 3360 4665 τόκους;
3415 4598 3631 4652 Βέλτιον
3663 4593 3756 4650 οὖν

2192 4693 2333 4747 κατὰ
2357 4692 2514 4746 τοῦτο
2531 4692 2714 4746 λαϐεῖν
2741 4692 2833 4745 τὸν
2855 4690 3129 4763 ἀκροατήν
3160 4690 3267 4744 ἀπὺ
3294 4690 3387 4743 τοῦ
3414 4690 3660 4759 λέγοντος
3676 4688 3764 4742 λο-

2193 4782 2325 4850 γικὰ
2368 4780 2633 4852 ἀργύρια.
2680 4781 2774 4835 καὶ
2814 4780 3067 4850 ὀφείλειν,
3100 4779 3133 4851 ἢ
3179 4780 3254 4851 μὴ
3287 4779 3759 4852 παραδεχόμενον,

2197 4870 2332 4942 μηδὲ
2365 4868 2728 4941 λαμϐάνοντα,
2765 4870 2900 4941 μηδὲ
2930 4870 3191 4940 ὀφείλειν.
3242 4870 3332 4935 Ὠς
3358 4871 3420 4923 ὲν
3451 4869 3762 4940 ἐγκλήμασι

2191 4963 2300 5035 γὰρ
2329 4965 2503 5016 κεῖται
2530 4962 2625 5015 καὶ
2652 4961 2732 5026 τὸ,
2759 4965 2879 5016 οὐκ
2901 4960 3202 5032 ὠφείλησέ
3223 4978 3326 5031 μοι
3351 4959 3496 5014 οὐδὲ
3537 4958 3643 5027 εἷς.

2262 5053 2336 5105 Τὸ
2350 5051 2425 5105 δέ·
2444 5052 2629 5122 algor,
2649 5049 2854 5121 μῆτερ,
2871 5051 2950 5117 ὠς
2973 5051 3106 5105 τινα
3121 5067 3197 5120 με
3212 5049 3546 5119 ἐγέννησας
3567 5048 3757 5116 ἄνδρα

2186 5143 2566 5212 δικαζόμενον
2603 5144 2701 5198 καὶ
2741 5143 3189 5212 διακρινόμενον
3228 5143 3298 5196 ἐν
3335 5142 3500 5211 πάσῃ
3533 5141 3607 5211 τῇ
3650 5139 3727 5210 τῇ
3742 5158 3758 5204 ;

2191 5238 2291 5292 οὐκ
2319 5233 2468 5309 οἶμαι
2502 5239 2613 5300 τοῖς
2640 5236 2817 5300 ἄλλοις
2848 5235 3019 5298 οὕτως
3052 5234 3311 5304 ἁρμόζειν
3349 5237 3651 5306 προφήταις
3670 5232 3787 5287 λέ-’

2189 5343 2327 5393 γειν,
2358 5326 2432 5390 ὠς
2456 5323 2534 5395 τῷ
2571 5325 2834 5397 Ἱερεμίᾳ·
2871 5325 2921 5376 oi
2955 5322 3053 5393 μὲν
3073 5324 3182 5394 γὰρ
3209 5322 3394 5376 πολλοὶ
3415 5321 3523 5375 τῶν
3546 5335 3747 5391 προφηο

2187 5418 2314 5482 τῶν,
2348 5419 2483 5488 μετά
2509 5434 2659 5479 τινας
2679 5416 2934 5487 χρόνους,
2965 5412 3101 5483 μετὰ
3135 5412 3232 5484 τὴν
3263 5411 3484 5475 κακίαν,
3519 5409 3657 5482 μετὰ
3686 5408 3759 5463 τὰ

2191 5507 2563 5578 ἁμαρτήματα
2613 5504 3023 5576 μεταϐαλόντες,
3073 5501 3435 5575 προφητεύειν
3488 5500 3754 5573 ἤρξαντο·

2200 5597 2466 5670 Ἱερεμίας
2492 5595 2547 5650 δὲ
2579 5598 2640 5650 ἐκ
2677 5595 2880 5648 παίδων
2916 5591 3266 5666 προφητεύει.
3296 5591 3404 5647 Καὶ
3432 5591 3545 5647 ἔστι
3574 5588 3752 5661 παρά-
