  <div class='ocr_page' id='page_1' title='image "/cluster/home/n/w/nwhite01/storage/ocr_20150623/13/mdp.39015007036059/208.png"; bbox 0 0 4218 6292; ppageno 0'>
   <div class='ocr_carea' id='block_1_1' title="bbox 366 303 460 358">
    <p class='ocr_par' dir='ltr' id='par_1_1' title="bbox 366 303 460 358">
     <span class='ocr_line' id='line_1_1' title="bbox 366 303 460 358; baseline -0.011 0"><span class='ocrx_word' id='word_1_1' title='bbox 366 303 460 358; x_wconf 67' lang='lat'><strong><em>£39</em></strong></span> 
     </span>
    </p>
   </div>
   <div class='ocr_carea' id='block_1_2' title="bbox 1513 311 2465 370">
    <p class='ocr_par' dir='ltr' id='par_1_2' title="bbox 1513 311 2465 370">
     <span class='ocr_line' id='line_1_2' title="bbox 1513 311 2465 370; baseline 0.003 -3"><span class='ocrx_word' id='word_1_2' title='bbox 1513 313 1576 368; x_wconf 79' lang='lat' dir='ltr'><strong><em>IN</em></strong></span> <span class='ocrx_word' id='word_1_3' title='bbox 1615 313 1958 370; x_wconf 73' lang='lat' dir='ltr'><strong><em>JEREMIAM</em></strong></span> <span class='ocrx_word' id='word_1_4' title='bbox 2001 313 2286 368; x_wconf 74' lang='lat' dir='ltr'><strong><em>llOMlLIA</em></strong></span> <span class='ocrx_word' id='word_1_5' title='bbox 2325 311 2465 370; x_wconf 68' lang='lat' dir='ltr'><strong><em>XIV.</em></strong></span> 
     </span>
    </p>
   </div>
   <div class='ocr_carea' id='block_1_3' title="bbox 3500 315 3604 372">
    <p class='ocr_par' dir='ltr' id='par_1_3' title="bbox 3500 315 3604 372">
     <span class='ocr_line' id='line_1_3' title="bbox 3500 315 3604 372; baseline -0.01 0"><span class='ocrx_word' id='word_1_6' title='bbox 3500 315 3604 372; x_wconf 75' lang='grc' dir='ltr'>ΗΟ</span> 
     </span>
    </p>
   </div>
   <div class='ocr_carea' id='block_1_4' title="bbox 356 421 2022 502">
    <p class='ocr_par' dir='ltr' id='par_1_4' title="bbox 356 421 2000 502">
     <span class='ocr_line' id='line_1_4' title="bbox 356 421 2000 502; baseline 0.009 -29"><span class='ocrx_word' id='word_1_7' title='bbox 356 421 549 490; x_wconf 77' lang='grc' dir='ltr'>δειγμα</span> <span class='ocrx_word' id='word_1_8' title='bbox 577 421 774 479; x_wconf 78' lang='grc' dir='ltr'>διδόναι</span> <span class='ocrx_word' id='word_1_9' title='bbox 821 427 928 481; x_wconf 73' lang='grc' dir='ltr'><strong><em>ἀπὸ</em></strong></span> <span class='ocrx_word' id='word_1_10' title='bbox 959 429 1066 482; x_wconf 82' lang='grc' dir='ltr'>τῶν</span> <span class='ocrx_word' id='word_1_11' title='bbox 1103 432 1520 502; x_wconf 75' lang='grc' dir='ltr'><strong><em>γεγραμμένων.</em></strong></span> <span class='ocrx_word' id='word_1_12' title='bbox 1558 435 1784 498; x_wconf 78' lang='grc' dir='ltr'><strong><em>Ἡσαΐας</em></strong></span> <span class='ocrx_word' id='word_1_13' title='bbox 1829 435 1927 487; x_wconf 77' lang='grc' dir='ltr'><strong><em>οὐκ</em></strong></span> <span class='ocrx_word' id='word_1_14' title='bbox 1957 441 2000 496; x_wconf 78' lang='grc' dir='ltr'><strong>Α</strong></span> 
     </span>
    </p>
   </div>
   <div class='ocr_carea' id='block_1_5' title="bbox 1933 421 3599 502">
    <p class='ocr_par' dir='ltr' id='par_1_5' title="bbox 1957 431 3599 502">
     <span class='ocr_line' id='line_1_5' title="bbox 1957 431 3599 502; baseline 0.001 -17"><span class='ocrx_word' id='word_1_15' title='bbox 1957 441 2000 496; x_wconf 76' lang='grc' dir='ltr'><strong>Α</strong></span> <span class='ocrx_word' id='word_1_16' title='bbox 2030 433 2096 486; x_wconf 86' lang='lat' dir='ltr'><strong><em>de</em></strong></span> <span class='ocrx_word' id='word_1_17' title='bbox 2126 432 2422 502; x_wconf 85' lang='lat' dir='ltr'><strong><em>Scripturis</em></strong></span> <span class='ocrx_word' id='word_1_18' title='bbox 2453 431 2698 502; x_wconf 84' lang='lat' dir='ltr'><strong><em>accipere</em></strong></span> <span class='ocrx_word' id='word_1_19' title='bbox 2729 431 3119 488; x_wconf 84' lang='lat' dir='ltr'><strong><em>testimonium.</em></strong></span> <span class='ocrx_word' id='word_1_20' title='bbox 3162 432 3332 489; x_wconf 87' lang='lat' dir='ltr'><strong><em>Isaias</em></strong></span> <span class='ocrx_word' id='word_1_21' title='bbox 3357 447 3466 486; x_wconf 86' lang='lat' dir='ltr'><strong><em>non</em></strong></span> <span class='ocrx_word' id='word_1_22' title='bbox 3501 448 3599 487; x_wconf 82' lang='lat' dir='ltr'><strong><em>au-</em></strong></span> 
     </span>
    </p>
   </div>
   <div class='ocr_carea' id='block_1_6' title="bbox 360 512 1926 593">
    <p class='ocr_par' dir='ltr' id='par_1_6' title="bbox 360 512 1926 593">
     <span class='ocr_line' id='line_1_6' title="bbox 360 512 1926 593; baseline 0.011 -32"><span class='ocrx_word' id='word_1_23' title='bbox 360 512 555 581; x_wconf 76' lang='grc' dir='ltr'>ἣκουσε</span> <span class='ocrx_word' id='word_1_24' title='bbox 577 529 592 543; x_wconf 87' lang='grc'><strong>·</strong></span> <span class='ocrx_word' id='word_1_25' title='bbox 617 516 735 581; x_wconf 83' lang='grc' dir='ltr'><strong><em>[1ρύ</em></strong></span> <span class='ocrx_word' id='word_1_26' title='bbox 753 517 861 569; x_wconf 85' lang='grc' dir='ltr'><strong><em>τοῦ</em></strong></span> <span class='ocrx_word' id='word_1_27' title='bbox 884 536 962 586; x_wconf 78' lang='grc' dir='ltr'><strong><em>με</em></strong></span> <span class='ocrx_word' id='word_1_28' title='bbox 997 520 1224 574; x_wconf 77' lang='grc' dir='ltr'><em>πλάσαι</em></span> <span class='ocrx_word' id='word_1_29' title='bbox 1249 522 1318 573; x_wconf 80' lang='grc' dir='ltr'>ἐν</span> <span class='ocrx_word' id='word_1_30' title='bbox 1339 525 1535 590; x_wconf 83' lang='grc' dir='ltr'>κοιλίᾳ</span> <span class='ocrx_word' id='word_1_31' title='bbox 1554 564 1568 588; x_wconf 94' lang='grc'><strong><em>,</em></strong></span> <span class='ocrx_word' id='word_1_32' title='bbox 1600 525 1926 593; x_wconf 81' lang='grc' dir='ltr'>ἐπίσταμαί</span> 
     </span>
    </p>
   </div>
   <div class='ocr_carea' id='block_1_7' title="bbox 363 603 1928 685">
    <p class='ocr_par' dir='ltr' id='par_1_7' title="bbox 363 603 1928 685">
     <span class='ocr_line' id='line_1_7' title="bbox 363 603 1928 685; baseline 0.011 -32"><span class='ocrx_word' id='word_1_33' title='bbox 363 614 454 654; x_wconf 72' lang='grc' dir='ltr'>σε’</span> <span class='ocrx_word' id='word_1_34' title='bbox 496 603 590 655; x_wconf 70' lang='grc' dir='ltr'>καὶ</span> <span class='ocrx_word' id='word_1_35' title='bbox 634 605 748 673; x_wconf 80' lang='grc' dir='ltr'><strong><em>πρὸ</em></strong></span> <span class='ocrx_word' id='word_1_36' title='bbox 785 608 890 661; x_wconf 85' lang='grc' dir='ltr'><strong><em>τοῦ</em></strong></span> <span class='ocrx_word' id='word_1_37' title='bbox 915 627 989 663; x_wconf 87' lang='grc' dir='ltr'><strong><em>σε</em></strong></span> <span class='ocrx_word' id='word_1_38' title='bbox 1016 610 1287 675; x_wconf 74' lang='grc' dir='ltr'><strong><em>ἐξελθεῖν</em></strong></span> <span class='ocrx_word' id='word_1_39' title='bbox 1321 614 1390 666; x_wconf 83' lang='grc' dir='ltr'>ἐκ</span> <span class='ocrx_word' id='word_1_40' title='bbox 1425 613 1676 683; x_wconf 81' lang='grc' dir='ltr'><strong><em>μήτρας,</em></strong></span> <span class='ocrx_word' id='word_1_41' title='bbox 1709 617 1928 685; x_wconf 75' lang='grc' dir='ltr'>ᾐτίακά</span> 
     </span>
    </p>
   </div>
   <div class='ocr_carea' id='block_1_8' title="bbox 364 695 1926 769">
    <p class='ocr_par' dir='ltr' id='par_1_8' title="bbox 364 695 1926 769">
     <span class='ocr_line' id='line_1_8' title="bbox 364 695 1926 769; baseline 0.01 -25"><span class='ocrx_word' id='word_1_42' title='bbox 364 707 465 744; x_wconf 68' lang='grc' dir='ltr'>σεο</span> <span class='ocrx_word' id='word_1_43' title='bbox 536 695 856 766; x_wconf 66' lang='grc' dir='ltr'>προφήτην</span> <span class='ocrx_word' id='word_1_44' title='bbox 937 704 1024 766; x_wconf 83' lang='grc' dir='ltr'>εις</span> <span class='ocrx_word' id='word_1_45' title='bbox 1079 702 1238 769; x_wconf 54' lang='grc' dir='ltr'>ἔθνη</span> <span class='ocrx_word' id='word_1_46' title='bbox 1323 704 1556 758; x_wconf 85' lang='grc' dir='ltr'>τέθεικά</span> <span class='ocrx_word' id='word_1_47' title='bbox 1637 721 1738 758; x_wconf 85' lang='grc' dir='ltr'>σε·</span> <span class='ocrx_word' id='word_1_48' title='bbox 1807 707 1926 760; x_wconf 77' lang='grc' dir='ltr'>οὐδὲ</span> 
     </span>
    </p>
   </div>
   <div class='ocr_carea' id='block_1_9' title="bbox 361 777 1928 868">
    <p class='ocr_par' dir='ltr' id='par_1_9' title="bbox 361 777 1928 868">
     <span class='ocr_line' id='line_1_9' title="bbox 361 777 1928 868; baseline 0.012 -34"><span class='ocrx_word' id='word_1_49' title='bbox 361 777 505 836; x_wconf 78' lang='grc' dir='ltr'>εἶπεν</span> <span class='ocrx_word' id='word_1_50' title='bbox 526 799 539 812; x_wconf 89' lang='grc'><strong>·</strong></span> <span class='ocrx_word' id='word_1_51' title='bbox 570 785 690 838; x_wconf 80' lang='grc' dir='ltr'>οὐκ</span> <span class='ocrx_word' id='word_1_52' title='bbox 717 787 1037 858; x_wconf 77' lang='grc' dir='ltr'>ἐπίσταμαι</span> <span class='ocrx_word' id='word_1_53' title='bbox 1085 791 1300 845; x_wconf 80' lang='grc' dir='ltr'>λαλεῖν</span> <span class='ocrx_word' id='word_1_54' title='bbox 1319 833 1332 856; x_wconf 93' lang='grc'><strong><em>,</em></strong></span> <span class='ocrx_word' id='word_1_55' title='bbox 1374 792 1461 846; x_wconf 85' lang='grc' dir='ltr'>ὅτι</span> <span class='ocrx_word' id='word_1_56' title='bbox 1494 795 1778 865; x_wconf 82' lang='grc' dir='ltr'>νεώτερος</span> <span class='ocrx_word' id='word_1_57' title='bbox 1814 799 1928 868; x_wconf 70' lang='grc' dir='ltr'><strong><em>ἐγώ</em></strong></span> 
     </span>
    </p>
   </div>
   <div class='ocr_carea' id='block_1_10' title="bbox 355 872 1927 959">
    <p class='ocr_par' dir='ltr' id='par_1_10' title="bbox 355 872 1927 959">
     <span class='ocr_line' id='line_1_10' title="bbox 355 872 1927 959; baseline 0.011 -36"><span class='ocrx_word' id='word_1_58' title='bbox 355 873 498 940; x_wconf 74' lang='grc' dir='ltr'>εἰμι’</span> <span class='ocrx_word' id='word_1_59' title='bbox 533 873 648 926; x_wconf 85' lang='grc' dir='ltr'><strong><em>ἀλλ’</em></strong></span> <span class='ocrx_word' id='word_1_60' title='bbox 677 877 764 929; x_wconf 82' lang='grc' dir='ltr'>ὅτε</span> <span class='ocrx_word' id='word_1_61' title='bbox 799 872 902 930; x_wconf 77' lang='grc' dir='ltr'>εἶδε</span> <span class='ocrx_word' id='word_1_62' title='bbox 931 879 1030 950; x_wconf 82' lang='grc' dir='ltr'>τὴν</span> <span class='ocrx_word' id='word_1_63' title='bbox 1068 882 1401 952; x_wconf 81' lang='grc' dir='ltr'><strong><em>προφητείαν</em></strong></span> <span class='ocrx_word' id='word_1_64' title='bbox 1431 885 1927 959; x_wconf 76' lang='grc' dir='ltr'><strong><em>ἀναγεγραμμένην</em></strong></span> 
     </span>
    </p>
   </div>
   <div class='ocr_carea' id='block_1_11' title="bbox 351 965 1925 1047">
    <p class='ocr_par' dir='ltr' id='par_1_11' title="bbox 351 965 1925 1047">
     <span class='ocr_line' id='line_1_11' title="bbox 351 965 1925 1047; baseline 0.011 -32"><span class='ocrx_word' id='word_1_65' title='bbox 351 965 410 1017; x_wconf 87' lang='grc' dir='ltr'><strong><em>ἐν</em></strong></span> <span class='ocrx_word' id='word_1_66' title='bbox 440 967 506 1036; x_wconf 78' lang='grc' dir='ltr'>τῇ</span> <span class='ocrx_word' id='word_1_67' title='bbox 536 969 842 1040; x_wconf 82' lang='grc' dir='ltr'><strong><em>προφητείᾳ</em></strong></span> <span class='ocrx_word' id='word_1_68' title='bbox 867 970 1054 1035; x_wconf 77' lang='grc' dir='ltr'>αὑτοῦ,</span> <span class='ocrx_word' id='word_1_69' title='bbox 1094 969 1222 1037; x_wconf 72' lang='grc' dir='ltr'>εἶδε,</span> <span class='ocrx_word' id='word_1_70' title='bbox 1249 973 1342 1027; x_wconf 79' lang='grc' dir='ltr'>καὶ</span> <span class='ocrx_word' id='word_1_71' title='bbox 1372 970 1522 1028; x_wconf 76' lang='grc' dir='ltr'>εἶπεν</span> <span class='ocrx_word' id='word_1_72' title='bbox 1546 991 1561 1008; x_wconf 77' lang='grc'><strong>⁸</strong></span> <span class='ocrx_word' id='word_1_73' title='bbox 1597 977 1774 1047; x_wconf 77' lang='grc' dir='ltr'>οἴμοι,</span> <span class='ocrx_word' id='word_1_74' title='bbox 1824 979 1925 1032; x_wconf 87' lang='grc' dir='ltr'><strong><em>τά-</em></strong></span> 
     </span>
    </p>
   </div>
   <div class='ocr_carea' id='block_1_12' title="bbox 349 1055 1927 1136">
    <p class='ocr_par' dir='ltr' id='par_1_12' title="bbox 349 1055 1927 1136">
     <span class='ocr_line' id='line_1_12' title="bbox 349 1055 1927 1136; baseline 0.01 -30"><span class='ocrx_word' id='word_1_75' title='bbox 349 1057 463 1121; x_wconf 84' lang='grc' dir='ltr'>λας</span> <span class='ocrx_word' id='word_1_76' title='bbox 495 1055 630 1124; x_wconf 78' lang='grc' dir='ltr'>ἐγὼ,</span> <span class='ocrx_word' id='word_1_77' title='bbox 654 1058 742 1111; x_wconf 86' lang='grc' dir='ltr'>ὅτι</span> <span class='ocrx_word' id='word_1_78' title='bbox 788 1060 1089 1129; x_wconf 76' lang='grc' dir='ltr'>ἀκάθαρτα</span> <span class='ocrx_word' id='word_1_79' title='bbox 1108 1063 1283 1132; x_wconf 79' lang='grc' dir='ltr'>χείλη</span> <span class='ocrx_word' id='word_1_80' title='bbox 1307 1064 1482 1132; x_wconf 77' lang='grc' dir='ltr'>ἔχων,</span> <span class='ocrx_word' id='word_1_81' title='bbox 1501 1065 1748 1136; x_wconf 80' lang='grc' dir='ltr'><strong><em>ἐνμέσῳ</em></strong></span> <span class='ocrx_word' id='word_1_82' title='bbox 1773 1068 1927 1122; x_wconf 84' lang='grc' dir='ltr'>λαοῦ</span> 
     </span>
    </p>
   </div>
   <div class='ocr_carea' id='block_1_13' title="bbox 346 1145 1925 1224">
    <p class='ocr_par' dir='ltr' id='par_1_13' title="bbox 346 1145 1925 1224">
     <span class='ocr_line' id='line_1_13' title="bbox 346 1145 1925 1224; baseline 0.01 -26"><span class='ocrx_word' id='word_1_83' title='bbox 346 1145 645 1215; x_wconf 80' lang='grc' dir='ltr'>ἀκάθαρτα</span> <span class='ocrx_word' id='word_1_84' title='bbox 675 1151 846 1218; x_wconf 82' lang='grc' dir='ltr'>χείλη</span> <span class='ocrx_word' id='word_1_85' title='bbox 873 1149 1121 1220; x_wconf 82' lang='grc' dir='ltr'>ἔχοντος</span> <span class='ocrx_word' id='word_1_86' title='bbox 1151 1153 1266 1224; x_wconf 82' lang='grc' dir='ltr'>ἐγὼ</span> <span class='ocrx_word' id='word_1_87' title='bbox 1294 1156 1456 1220; x_wconf 86' lang='grc' dir='ltr'>οὶκῶ,</span> <span class='ocrx_word' id='word_1_88' title='bbox 1490 1159 1586 1213; x_wconf 77' lang='grc' dir='ltr'>καὶ</span> <span class='ocrx_word' id='word_1_89' title='bbox 1611 1158 1718 1212; x_wconf 84' lang='grc' dir='ltr'>τὸν</span> <span class='ocrx_word' id='word_1_90' title='bbox 1742 1161 1925 1224; x_wconf 72' lang='grc' dir='ltr'>,βασι-</span> 
     </span>
    </p>
   </div>
   <div class='ocr_carea' id='block_1_14' title="bbox 344 1237 1923 1321">
    <p class='ocr_par' dir='ltr' id='par_1_14' title="bbox 344 1237 1923 1321">
     <span class='ocr_line' id='line_1_14' title="bbox 344 1237 1923 1321; baseline 0.01 -31"><span class='ocrx_word' id='word_1_91' title='bbox 344 1237 460 1291; x_wconf 81' lang='grc' dir='ltr'>λέα</span> <span class='ocrx_word' id='word_1_92' title='bbox 493 1241 713 1308; x_wconf 79' lang='grc' dir='ltr'><strong><em>Κύριον</em></strong></span> <span class='ocrx_word' id='word_1_93' title='bbox 764 1245 1005 1299; x_wconf 74' lang='grc' dir='ltr'>Σαϐαὼθ</span> <span class='ocrx_word' id='word_1_94' title='bbox 1044 1243 1211 1300; x_wconf 76' lang='grc' dir='ltr'>εἶδον</span> <span class='ocrx_word' id='word_1_95' title='bbox 1242 1247 1368 1314; x_wconf 86' lang='grc' dir='ltr'>τοῖς</span> <span class='ocrx_word' id='word_1_96' title='bbox 1405 1249 1736 1320; x_wconf 69' lang='grc' dir='ltr'>ὀφθαλμοῖς</span> <span class='ocrx_word' id='word_1_97' title='bbox 1767 1269 1886 1321; x_wconf 83' lang='grc' dir='ltr'><strong><em>μου</em></strong></span> <span class='ocrx_word' id='word_1_98' title='bbox 1908 1269 1923 1284; x_wconf 74' lang='grc' dir='ltr'><strong><em>ο</em></strong></span> 
     </span>
    </p>
   </div>
   <div class='ocr_carea' id='block_1_15' title="bbox 344 1329 1924 1411">
    <p class='ocr_par' dir='ltr' id='par_1_15' title="bbox 344 1329 1924 1411">
     <span class='ocr_line' id='line_1_15' title="bbox 344 1329 1924 1411; baseline 0.01 -31"><span class='ocrx_word' id='word_1_99' title='bbox 344 1329 445 1382; x_wconf 79' lang='grc' dir='ltr'>καὶ</span> <span class='ocrx_word' id='word_1_100' title='bbox 476 1331 818 1400; x_wconf 77' lang='grc' dir='ltr'>ἀπεστάλη,</span> <span class='ocrx_word' id='word_1_101' title='bbox 846 1337 997 1406; x_wconf 77' lang='grc' dir='ltr'>φησὶ,</span> <span class='ocrx_word' id='word_1_102' title='bbox 1022 1337 1166 1404; x_wconf 82' lang='grc' dir='ltr'>πρὸς</span> <span class='ocrx_word' id='word_1_103' title='bbox 1189 1336 1266 1406; x_wconf 83' lang='grc' dir='ltr'>μὲ</span> <span class='ocrx_word' id='word_1_104' title='bbox 1291 1337 1360 1391; x_wconf 81' lang='grc' dir='ltr'>ἓν</span> <span class='ocrx_word' id='word_1_105' title='bbox 1379 1337 1496 1392; x_wconf 86' lang='grc' dir='ltr'>τῶν</span> <span class='ocrx_word' id='word_1_106' title='bbox 1531 1343 1808 1411; x_wconf 74' lang='grc' dir='ltr'>σεραςρὶμ,</span> <span class='ocrx_word' id='word_1_107' title='bbox 1827 1344 1924 1396; x_wconf 79' lang='grc' dir='ltr'>καὶ</span> 
     </span>
    </p>
   </div>
   <div class='ocr_carea' id='block_1_16' title="bbox 348 1417 1924 1506">
    <p class='ocr_par' dir='ltr' id='par_1_16' title="bbox 348 1417 1924 1506">
     <span class='ocr_line' id='line_1_16' title="bbox 348 1417 1924 1506; baseline 0.011 -37"><span class='ocrx_word' id='word_1_108' title='bbox 348 1417 549 1486; x_wconf 67' lang='grc' dir='ltr'>ἥψατο</span> <span class='ocrx_word' id='word_1_109' title='bbox 585 1422 703 1474; x_wconf 81' lang='grc' dir='ltr'>τῶν</span> <span class='ocrx_word' id='word_1_110' title='bbox 725 1425 976 1492; x_wconf 79' lang='grc' dir='ltr'><strong><em>χειλέων</em></strong></span> <span class='ocrx_word' id='word_1_111' title='bbox 992 1444 1144 1495; x_wconf 82' lang='grc' dir='ltr'>μου,</span> <span class='ocrx_word' id='word_1_112' title='bbox 1181 1429 1277 1481; x_wconf 79' lang='grc' dir='ltr'>καὶ</span> <span class='ocrx_word' id='word_1_113' title='bbox 1323 1425 1522 1482; x_wconf 76' lang='grc' dir='ltr'>εἶπεν·</span> <span class='ocrx_word' id='word_1_114' title='bbox 1577 1431 1722 1485; x_wconf 81' lang='grc' dir='ltr'>Ἰδοὺ</span> <span class='ocrx_word' id='word_1_115' title='bbox 1765 1433 1924 1506; x_wconf 63' lang='grc' dir='ltr'><strong><em>ἀρῄ-</em></strong></span> 
     </span>
    </p>
   </div>
   <div class='ocr_carea' id='block_1_17' title="bbox 335 1511 1920 1590">
    <p class='ocr_par' dir='ltr' id='par_1_17' title="bbox 335 1511 1920 1590">
     <span class='ocr_line' id='line_1_17' title="bbox 335 1511 1920 1590; baseline 0.011 -30"><span class='ocrx_word' id='word_1_116' title='bbox 335 1526 501 1576; x_wconf 75' lang='grc' dir='ltr'>ρηκα</span> <span class='ocrx_word' id='word_1_117' title='bbox 534 1511 638 1578; x_wconf 83' lang='grc' dir='ltr'>τὰς</span> <span class='ocrx_word' id='word_1_118' title='bbox 658 1515 909 1583; x_wconf 82' lang='grc' dir='ltr'><strong><em>ἀνομίας</em></strong></span> <span class='ocrx_word' id='word_1_119' title='bbox 964 1533 1082 1571; x_wconf 87' lang='grc' dir='ltr'><strong><em>σου</em></strong></span> <span class='ocrx_word' id='word_1_120' title='bbox 1130 1519 1229 1571; x_wconf 82' lang='grc' dir='ltr'>καὶ</span> <span class='ocrx_word' id='word_1_121' title='bbox 1276 1519 1384 1586; x_wconf 86' lang='grc' dir='ltr'>τὰς</span> <span class='ocrx_word' id='word_1_122' title='bbox 1433 1521 1721 1590; x_wconf 81' lang='grc' dir='ltr'>ἁμαρτίας</span> <span class='ocrx_word' id='word_1_123' title='bbox 1770 1539 1920 1587; x_wconf 88' lang='grc' dir='ltr'>σου,</span> 
     </span>
    </p>
   </div>
   <div class='ocr_carea' id='block_1_18' title="bbox 342 1599 1923 1687">
    <p class='ocr_par' dir='ltr' id='par_1_18' title="bbox 342 1599 1923 1687">
     <span class='ocr_line' id='line_1_18' title="bbox 342 1599 1923 1687; baseline 0.009 -35"><span class='ocrx_word' id='word_1_124' title='bbox 342 1599 408 1663; x_wconf 74' lang='lat'><strong><em>3.;</em></strong></span> <span class='ocrx_word' id='word_1_125' title='bbox 442 1601 640 1674; x_wconf 80' lang='grc' dir='ltr'>δηλαδὴ</span> <span class='ocrx_word' id='word_1_126' title='bbox 675 1607 936 1676; x_wconf 88' lang='grc' dir='ltr'>πρότερον</span> <span class='ocrx_word' id='word_1_127' title='bbox 975 1609 1247 1680; x_wconf 76' lang='grc' dir='ltr'>ἐποίησεν.</span> <span class='ocrx_word' id='word_1_128' title='bbox 1285 1612 1547 1687; x_wconf 84' lang='grc' dir='ltr'>Ὕστερον</span> <span class='ocrx_word' id='word_1_129' title='bbox 1581 1609 1673 1668; x_wconf 82' lang='grc' dir='ltr'><strong><em>οὖν</em></strong></span> <span class='ocrx_word' id='word_1_130' title='bbox 1703 1615 1923 1683; x_wconf 83' lang='grc' dir='ltr'>γέγονεν</span> 
     </span>
    </p>
   </div>
   <div class='ocr_carea' id='block_1_19' title="bbox 339 1689 1918 1776">
    <p class='ocr_par' dir='ltr' id='par_1_19' title="bbox 339 1689 1918 1776">
     <span class='ocr_line' id='line_1_19' title="bbox 339 1689 1918 1776; baseline 0.01 -32"><span class='ocrx_word' id='word_1_131' title='bbox 339 1689 492 1755; x_wconf 66' lang='grc' dir='ltr'>ἄξιος</span> <span class='ocrx_word' id='word_1_132' title='bbox 513 1693 606 1746; x_wconf 82' lang='grc' dir='ltr'><strong><em>τοῦ</em></strong></span> <span class='ocrx_word' id='word_1_133' title='bbox 627 1697 780 1764; x_wconf 80' lang='grc' dir='ltr'>ἁγίου</span> <span class='ocrx_word' id='word_1_134' title='bbox 798 1698 935 1751; x_wconf 80' lang='grc' dir='ltr'>Πνεύ</span> <span class='ocrx_word' id='word_1_135' title='bbox 944 1717 1110 1770; x_wconf 85' lang='grc' dir='ltr'>ματος</span> <span class='ocrx_word' id='word_1_136' title='bbox 1141 1702 1389 1768; x_wconf 82' lang='grc' dir='ltr'>Ἡσαΐας,</span> <span class='ocrx_word' id='word_1_137' title='bbox 1413 1704 1504 1757; x_wconf 71' lang='grc' dir='ltr'>καὶ</span> <span class='ocrx_word' id='word_1_138' title='bbox 1525 1707 1918 1776; x_wconf 69' lang='grc' dir='ltr'>ὲπροφὴτευσε.</span> 
     </span>
    </p>
   </div>
   <div class='ocr_carea' id='block_1_20' title="bbox 2028 524 3597 593">
    <p class='ocr_par' dir='ltr' id='par_1_20' title="bbox 2028 524 3597 593">
     <span class='ocr_line' id='line_1_20' title="bbox 2028 524 3597 593; baseline -0.002 -15"><span class='ocrx_word' id='word_1_139' title='bbox 2028 524 2202 578; x_wconf 77' lang='lat' dir='ltr'><strong><em>divit:</em></strong></span> <span class='ocrx_word' id='word_1_140' title='bbox 2239 527 2528 593; x_wconf 74' lang='lat' dir='ltr'><strong><em>Antequam</em></strong></span> <span class='ocrx_word' id='word_1_141' title='bbox 2560 533 2608 578; x_wconf 89' lang='lat' dir='ltr'><strong><em>te</em></strong></span> <span class='ocrx_word' id='word_1_142' title='bbox 2650 525 2974 592; x_wconf 83' lang='lat' dir='ltr'><strong><em>plasmarem</em></strong></span> <span class='ocrx_word' id='word_1_143' title='bbox 3019 527 3072 578; x_wconf 92' lang='lat' dir='ltr'><strong><em>in</em></strong></span> <span class='ocrx_word' id='word_1_144' title='bbox 3105 525 3398 592; x_wconf 80' lang='lat' dir='ltr'><strong><em>utero,nori</em></strong></span> <span class='ocrx_word' id='word_1_145' title='bbox 3427 535 3504 588; x_wconf 90' lang='lat' dir='ltr'><strong><em>te,</em></strong></span> <span class='ocrx_word' id='word_1_146' title='bbox 3547 534 3597 576; x_wconf 86' lang='lat' dir='ltr'><strong><em>et</em></strong></span> 
     </span>
    </p>
   </div>
   <div class='ocr_carea' id='block_1_21' title="bbox 2029 614 3601 684">
    <p class='ocr_par' dir='ltr' id='par_1_21' title="bbox 2029 614 3601 684">
     <span class='ocr_line' id='line_1_21' title="bbox 2029 614 3601 684; baseline 0 -16"><span class='ocrx_word' id='word_1_147' title='bbox 2029 625 2310 684; x_wconf 79' lang='lat' dir='ltr'><strong><em>antequam</em></strong></span> <span class='ocrx_word' id='word_1_148' title='bbox 2337 615 2509 667; x_wconf 74' lang='lat' dir='ltr'><strong><em>exires</em></strong></span> <span class='ocrx_word' id='word_1_149' title='bbox 2537 614 2602 668; x_wconf 85' lang='lat' dir='ltr'><strong><em>de</em></strong></span> <span class='ocrx_word' id='word_1_150' title='bbox 2638 615 2813 677; x_wconf 81' lang='lat' dir='ltr'><strong><em>vulva,</em></strong></span> <span class='ocrx_word' id='word_1_151' title='bbox 2835 615 3165 684; x_wconf 79' lang='lat' dir='ltr'><strong><em>sanctiﬁcavi</em></strong></span> <span class='ocrx_word' id='word_1_152' title='bbox 3195 627 3262 679; x_wconf 88' lang='lat' dir='ltr'><strong><em>te,</em></strong></span> <span class='ocrx_word' id='word_1_153' title='bbox 3302 624 3352 668; x_wconf 90' lang='lat' dir='ltr'><strong><em>et</em></strong></span> <span class='ocrx_word' id='word_1_154' title='bbox 3385 614 3601 682; x_wconf 78' lang='lat' dir='ltr'><strong><em>prophe-</em></strong></span> 
     </span>
    </p>
   </div>
   <div class='ocr_carea' id='block_1_22' title="bbox 2028 704 3596 775">
    <p class='ocr_par' dir='ltr' id='par_1_22' title="bbox 2028 704 3596 775">
     <span class='ocr_line' id='line_1_22' title="bbox 2028 704 3596 775; baseline 0.001 -17"><span class='ocrx_word' id='word_1_155' title='bbox 2028 715 2136 758; x_wconf 89' lang='lat' dir='ltr'><strong><em>tam</em></strong></span> <span class='ocrx_word' id='word_1_156' title='bbox 2178 707 2232 758; x_wconf 90' lang='lat' dir='ltr'><strong><em>in</em></strong></span> <span class='ocrx_word' id='word_1_157' title='bbox 2291 704 2527 774; x_wconf 73' lang='lat' dir='ltr'><strong><em>gentibus</em></strong></span> <span class='ocrx_word' id='word_1_158' title='bbox 2584 705 2735 772; x_wconf 87' lang='lat' dir='ltr'><strong><em>posui</em></strong></span> <span class='ocrx_word' id='word_1_159' title='bbox 2773 717 2821 759; x_wconf 86' lang='lat' dir='ltr'><strong><em>te</em></strong></span> <span class='ocrx_word' id='word_1_160' title='bbox 2846 705 2926 768; x_wconf 84' lang='grc'><strong><em>³⁶;</em></strong></span> <span class='ocrx_word' id='word_1_161' title='bbox 2979 719 3156 775; x_wconf 77' lang='lat' dir='ltr'><strong><em>neque</em></strong></span> <span class='ocrx_word' id='word_1_162' title='bbox 3211 705 3344 761; x_wconf 82' lang='lat' dir='ltr'><strong><em>ait:</em></strong></span> <span class='ocrx_word' id='word_1_163' title='bbox 3401 705 3596 762; x_wconf 82' lang='lat' dir='ltr'><strong><em>Nescio</em></strong></span> 
     </span>
    </p>
   </div>
   <div class='ocr_carea' id='block_1_23' title="bbox 2027 797 3596 868">
    <p class='ocr_par' dir='ltr' id='par_1_23' title="bbox 2027 797 3596 868">
     <span class='ocr_line' id='line_1_23' title="bbox 2027 797 3596 868; baseline 0.002 -18"><span class='ocrx_word' id='word_1_164' title='bbox 2027 797 2186 865; x_wconf 74' lang='lat'><strong>211</strong></span> <span class='ocrx_word' id='word_1_165' title='bbox 2220 797 2382 866; x_wconf 83' lang='lat' dir='ltr'><strong><em>loqui,</em></strong></span> <span class='ocrx_word' id='word_1_166' title='bbox 2415 800 2541 866; x_wconf 87' lang='lat' dir='ltr'><strong><em>quia</em></strong></span> <span class='ocrx_word' id='word_1_167' title='bbox 2563 799 2772 866; x_wconf 83' lang='lat' dir='ltr'><strong><em>juvenis</em></strong></span> <span class='ocrx_word' id='word_1_168' title='bbox 2803 813 2895 868; x_wconf 87' lang='lat' dir='ltr'><strong><em>ego</em></strong></span> <span class='ocrx_word' id='word_1_169' title='bbox 2921 814 3036 851; x_wconf 89' lang='lat' dir='ltr'><strong><em>sum</em></strong></span> <span class='ocrx_word' id='word_1_170' title='bbox 3057 813 3076 851; x_wconf 94' lang='lat'><strong><em>:</em></strong></span> <span class='ocrx_word' id='word_1_171' title='bbox 3109 797 3203 851; x_wconf 87' lang='lat' dir='ltr'><strong><em>sed</em></strong></span> <span class='ocrx_word' id='word_1_172' title='bbox 3233 798 3444 852; x_wconf 81' lang='lat' dir='ltr'><strong>visione</strong></span> <span class='ocrx_word' id='word_1_173' title='bbox 3492 799 3596 854; x_wconf 86' lang='lat' dir='ltr'><strong><em>sibi</em></strong></span> 
     </span>
    </p>
   </div>
   <div class='ocr_carea' id='block_1_24' title="bbox 2027 887 3596 957">
    <p class='ocr_par' dir='ltr' id='par_1_24' title="bbox 2027 887 3596 957">
     <span class='ocr_line' id='line_1_24' title="bbox 2027 887 3596 957; baseline -0.001 -15"><span class='ocrx_word' id='word_1_174' title='bbox 2027 890 2264 942; x_wconf 82' lang='lat' dir='ltr'><strong><em>revelata</em></strong></span> <span class='ocrx_word' id='word_1_175' title='bbox 2295 889 2372 942; x_wconf 87' lang='lat' dir='ltr'><strong><em>ait</em></strong></span> <span class='ocrx_word' id='word_1_176' title='bbox 2411 889 2488 938; x_wconf 73' lang='grc' dir='ltr'><strong><em>’τε</em></strong></span> <span class='ocrx_word' id='word_1_177' title='bbox 2545 887 2634 943; x_wconf 70' lang='lat' dir='ltr'><strong><em>Va:</em></strong></span> <span class='ocrx_word' id='word_1_178' title='bbox 2665 887 2794 941; x_wconf 83' lang='lat' dir='ltr'><strong><em>mihi</em></strong></span> <span class='ocrx_word' id='word_1_179' title='bbox 2822 889 3035 951; x_wconf 86' lang='lat' dir='ltr'><strong><em>misero,</em></strong></span> <span class='ocrx_word' id='word_1_180' title='bbox 3067 889 3313 956; x_wconf 86' lang='lat' dir='ltr'><strong><em>quoniam</em></strong></span> <span class='ocrx_word' id='word_1_181' title='bbox 3343 904 3596 957; x_wconf 80' lang='lat' dir='ltr'><strong><em>compun-</em></strong></span> 
     </span>
    </p>
   </div>
   <div class='ocr_carea' id='block_1_25' title="bbox 2028 977 3598 1048">
    <p class='ocr_par' dir='ltr' id='par_1_25' title="bbox 2028 977 3598 1048">
     <span class='ocr_line' id='line_1_25' title="bbox 2028 977 3598 1048; baseline 0.003 -20"><span class='ocrx_word' id='word_1_182' title='bbox 2028 987 2143 1029; x_wconf 85' lang='lat' dir='ltr'><strong><em>ctus</em></strong></span> <span class='ocrx_word' id='word_1_183' title='bbox 2195 993 2331 1043; x_wconf 87' lang='lat' dir='ltr'><strong><em>sum,</em></strong></span> <span class='ocrx_word' id='word_1_184' title='bbox 2361 977 2487 1044; x_wconf 87' lang='lat' dir='ltr'><strong><em>quia</em></strong></span> <span class='ocrx_word' id='word_1_185' title='bbox 2511 978 2781 1030; x_wconf 86' lang='lat' dir='ltr'><strong><em>immunda</em></strong></span> <span class='ocrx_word' id='word_1_186' title='bbox 2806 977 2949 1030; x_wconf 87' lang='lat' dir='ltr'><strong><em>labia</em></strong></span> <span class='ocrx_word' id='word_1_187' title='bbox 2994 977 3188 1030; x_wconf 78' lang='lat' dir='ltr'><strong><em>habens</em></strong></span> <span class='ocrx_word' id='word_1_188' title='bbox 3210 978 3265 1030; x_wconf 88' lang='lat' dir='ltr'><strong><em>in</em></strong></span> <span class='ocrx_word' id='word_1_189' title='bbox 3305 979 3477 1032; x_wconf 81' lang='lat' dir='ltr'><strong><em>medio</em></strong></span> <span class='ocrx_word' id='word_1_190' title='bbox 3504 996 3598 1048; x_wconf 85' lang='lat' dir='ltr'><strong><em>po-</em></strong></span> 
     </span>
    </p>
   </div>
   <div class='ocr_carea' id='block_1_26' title="bbox 2026 1065 3595 1137">
    <p class='ocr_par' dir='ltr' id='par_1_26' title="bbox 2026 1065 3595 1137">
     <span class='ocr_line' id='line_1_26' title="bbox 2026 1065 3595 1137; baseline 0.002 -19"><span class='ocrx_word' id='word_1_191' title='bbox 2026 1065 2137 1135; x_wconf 80' lang='lat' dir='ltr'><strong><em>puli</em></strong></span> <span class='ocrx_word' id='word_1_192' title='bbox 2173 1066 2448 1120; x_wconf 87' lang='lat' dir='ltr'><strong><em>immunda</em></strong></span> <span class='ocrx_word' id='word_1_193' title='bbox 2479 1065 2624 1120; x_wconf 85' lang='lat' dir='ltr'><strong><em>labia</em></strong></span> <span class='ocrx_word' id='word_1_194' title='bbox 2660 1066 2898 1121; x_wconf 72' lang='lat' dir='ltr'><strong><em>habentis</em></strong></span> <span class='ocrx_word' id='word_1_195' title='bbox 2936 1082 3028 1135; x_wconf 88' lang='lat' dir='ltr'><strong><em>ego</em></strong></span> <span class='ocrx_word' id='word_1_196' title='bbox 3065 1066 3242 1119; x_wconf 82' lang='lat' dir='ltr'><strong><em>habito</em></strong></span> <span class='ocrx_word' id='word_1_197' title='bbox 3269 1106 3284 1130; x_wconf 95' lang='lat'><strong><em>,</em></strong></span> <span class='ocrx_word' id='word_1_198' title='bbox 3331 1077 3382 1121; x_wconf 89' lang='lat' dir='ltr'><strong><em>et</em></strong></span> <span class='ocrx_word' id='word_1_199' title='bbox 3427 1083 3595 1137; x_wconf 82' lang='lat' dir='ltr'><strong><em>regem</em></strong></span> 
     </span>
    </p>
   </div>
   <div class='ocr_carea' id='block_1_27' title="bbox 2029 1155 3592 1216">
    <p class='ocr_par' dir='ltr' id='par_1_27' title="bbox 2029 1155 3592 1216">
     <span class='ocr_line' id='line_1_27' title="bbox 2029 1155 3592 1216; baseline 0.002 -8"><span class='ocrx_word' id='word_1_200' title='bbox 2029 1155 2313 1210; x_wconf 87' lang='lat' dir='ltr'><strong><em>Dominum</em></strong></span> <span class='ocrx_word' id='word_1_201' title='bbox 2340 1155 2572 1210; x_wconf 82' lang='lat' dir='ltr'><strong><em>Sabaoth</em></strong></span> <span class='ocrx_word' id='word_1_202' title='bbox 2606 1158 2714 1210; x_wconf 78' lang='lat' dir='ltr'><strong><em>uidi</em></strong></span> <span class='ocrx_word' id='word_1_203' title='bbox 2746 1157 2915 1210; x_wconf 79' lang='lat' dir='ltr'><strong><em>oculis</em></strong></span> <span class='ocrx_word' id='word_1_204' title='bbox 2935 1158 3082 1216; x_wconf 82' lang='lat' dir='ltr'><strong><em>meis,</em></strong></span> <span class='ocrx_word' id='word_1_205' title='bbox 3109 1166 3155 1210; x_wconf 92' lang='lat' dir='ltr'><strong><em>et</em></strong></span> <span class='ocrx_word' id='word_1_206' title='bbox 3184 1157 3400 1210; x_wconf 78' lang='lat' dir='ltr'><strong><em>missum</em></strong></span> <span class='ocrx_word' id='word_1_207' title='bbox 3425 1166 3502 1211; x_wconf 90' lang='lat' dir='ltr'><strong><em>est</em></strong></span> <span class='ocrx_word' id='word_1_208' title='bbox 3525 1159 3592 1211; x_wconf 80' lang='lat' dir='ltr'><strong><em>ad</em></strong></span> 
     </span>
    </p>
   </div>
   <div class='ocr_carea' id='block_1_28' title="bbox 2027 1247 3594 1317">
    <p class='ocr_par' dir='ltr' id='par_1_28' title="bbox 2027 1247 3594 1317">
     <span class='ocr_line' id='line_1_28' title="bbox 2027 1247 3594 1317; baseline 0.003 -17"><span class='ocrx_word' id='word_1_209' title='bbox 2027 1264 2108 1301; x_wconf 89' lang='lat' dir='ltr'><strong><em>me</em></strong></span> <span class='ocrx_word' id='word_1_210' title='bbox 2145 1263 2305 1301; x_wconf 86' lang='lat' dir='ltr'><strong><em>unum</em></strong></span> <span class='ocrx_word' id='word_1_211' title='bbox 2339 1248 2404 1301; x_wconf 86' lang='lat' dir='ltr'><strong><em>de</em></strong></span> <span class='ocrx_word' id='word_1_212' title='bbox 2437 1247 2789 1317; x_wconf 79' lang='lat' dir='ltr'><strong><em>serapbim,et</em></strong></span> <span class='ocrx_word' id='word_1_213' title='bbox 2825 1248 2994 1316; x_wconf 86' lang='lat' dir='ltr'><strong><em>tetigit</em></strong></span> <span class='ocrx_word' id='word_1_214' title='bbox 3020 1247 3165 1301; x_wconf 87' lang='lat' dir='ltr'><strong><em>labia</em></strong></span> <span class='ocrx_word' id='word_1_215' title='bbox 3190 1264 3323 1314; x_wconf 86' lang='lat' dir='ltr'><strong><em>mea,</em></strong></span> <span class='ocrx_word' id='word_1_216' title='bbox 3347 1257 3397 1301; x_wconf 89' lang='lat' dir='ltr'><strong><em>et</em></strong></span> <span class='ocrx_word' id='word_1_217' title='bbox 3423 1249 3594 1304; x_wconf 68' lang='lat' dir='ltr'><strong><em>dixit:</em></strong></span> 
     </span>
    </p>
   </div>
   <div class='ocr_carea' id='block_1_29' title="bbox 2027 1337 3591 1409">
    <p class='ocr_par' dir='ltr' id='par_1_29' title="bbox 2027 1337 3591 1409">
     <span class='ocr_line' id='line_1_29' title="bbox 2027 1337 3591 1409; baseline 0.001 -17"><span class='ocrx_word' id='word_1_218' title='bbox 2027 1337 2161 1393; x_wconf 82' lang='lat' dir='ltr'><strong><em>Ecce</em></strong></span> <span class='ocrx_word' id='word_1_219' title='bbox 2193 1338 2389 1392; x_wconf 83' lang='lat' dir='ltr'><strong><em>abstuli</em></strong></span> <span class='ocrx_word' id='word_1_220' title='bbox 2417 1339 2722 1409; x_wconf 85' lang='lat' dir='ltr'><strong><em>iniquitates</em></strong></span> <span class='ocrx_word' id='word_1_221' title='bbox 2750 1347 2889 1404; x_wconf 88' lang='lat' dir='ltr'><strong><em>tuas,</em></strong></span> <span class='ocrx_word' id='word_1_222' title='bbox 2914 1348 2962 1392; x_wconf 86' lang='lat' dir='ltr'><strong><em>et</em></strong></span> <span class='ocrx_word' id='word_1_223' title='bbox 2993 1348 3207 1402; x_wconf 85' lang='lat' dir='ltr'><strong><em>peccata</em></strong></span> <span class='ocrx_word' id='word_1_224' title='bbox 3237 1349 3328 1392; x_wconf 89' lang='lat' dir='ltr'><strong><em>tua</em></strong></span> <span class='ocrx_word' id='word_1_225' title='bbox 3354 1341 3591 1409; x_wconf 72' lang='lat' dir='ltr'><strong><em>purgari.</em></strong></span> 
     </span>
    </p>
   </div>
   <div class='ocr_carea' id='block_1_30' title="bbox 2024 1428 3594 1500">
    <p class='ocr_par' dir='ltr' id='par_1_30' title="bbox 2024 1428 3594 1500">
     <span class='ocr_line' id='line_1_30' title="bbox 2024 1428 3594 1500; baseline 0.002 -18"><span class='ocrx_word' id='word_1_226' title='bbox 2024 1428 2262 1482; x_wconf 84' lang='lat' dir='ltr'><strong><em>Pristina</em></strong></span> <span class='ocrx_word' id='word_1_227' title='bbox 2297 1429 2463 1496; x_wconf 81' lang='lat' dir='ltr'><strong><em>igitur</em></strong></span> <span class='ocrx_word' id='word_1_228' title='bbox 2485 1437 2702 1498; x_wconf 83' lang='lat' dir='ltr'><strong><em>peccata</em></strong></span> <span class='ocrx_word' id='word_1_229' title='bbox 2737 1438 2961 1498; x_wconf 86' lang='lat' dir='ltr'><strong><em>purgata</em></strong></span> <span class='ocrx_word' id='word_1_230' title='bbox 2983 1439 3131 1496; x_wconf 87' lang='lat' dir='ltr'><strong><em>sunt,</em></strong></span> <span class='ocrx_word' id='word_1_231' title='bbox 3154 1439 3213 1486; x_wconf 87' lang='lat' dir='ltr'><strong><em>et</em></strong></span> <span class='ocrx_word' id='word_1_232' title='bbox 3233 1431 3430 1500; x_wconf 84' lang='lat' dir='ltr'><strong><em>dignus</em></strong></span> <span class='ocrx_word' id='word_1_233' title='bbox 3459 1431 3594 1486; x_wconf 79' lang='lat' dir='ltr'><strong><em>elle-</em></strong></span> 
     </span>
    </p>
   </div>
   <div class='ocr_carea' id='block_1_31' title="bbox 2025 1519 3594 1592">
    <p class='ocr_par' dir='ltr' id='par_1_31' title="bbox 2025 1519 3594 1592">
     <span class='ocr_line' id='line_1_31' title="bbox 2025 1519 3594 1592; baseline 0.003 -18"><span class='ocrx_word' id='word_1_234' title='bbox 2025 1529 2146 1576; x_wconf 89' lang='lat' dir='ltr'><strong><em>ctus</em></strong></span> <span class='ocrx_word' id='word_1_235' title='bbox 2176 1519 2379 1589; x_wconf 83' lang='lat' dir='ltr'><strong><em>Spiritu</em></strong></span> <span class='ocrx_word' id='word_1_236' title='bbox 2412 1529 2605 1575; x_wconf 84' lang='lat' dir='ltr'><strong><em>sancto</em></strong></span> <span class='ocrx_word' id='word_1_237' title='bbox 2630 1520 2798 1576; x_wconf 89' lang='lat' dir='ltr'><strong><em>Isaias</em></strong></span> <span class='ocrx_word' id='word_1_238' title='bbox 2823 1522 3186 1591; x_wconf 85' lang='lat' dir='ltr'><strong><em>prophetavit.</em></strong></span> <span class='ocrx_word' id='word_1_239' title='bbox 3211 1522 3288 1576; x_wconf 85' lang='lat' dir='ltr'><strong><em>De</em></strong></span> <span class='ocrx_word' id='word_1_240' title='bbox 3316 1523 3436 1578; x_wconf 87' lang='lat' dir='ltr'><strong><em>aliis</em></strong></span> <span class='ocrx_word' id='word_1_241' title='bbox 3458 1538 3594 1592; x_wconf 83' lang='lat' dir='ltr'><strong><em>quo-</em></strong></span> 
     </span>
    </p>
   </div>
   <div class='ocr_carea' id='block_1_32' title="bbox 2023 1611 3590 1681">
    <p class='ocr_par' dir='ltr' id='par_1_32' title="bbox 2023 1611 3590 1681">
     <span class='ocr_line' id='line_1_32' title="bbox 2023 1611 3590 1681; baseline 0.003 -17"><span class='ocrx_word' id='word_1_242' title='bbox 2023 1626 2130 1680; x_wconf 90' lang='lat' dir='ltr'><strong><em>que</em></strong></span> <span class='ocrx_word' id='word_1_243' title='bbox 2160 1612 2356 1667; x_wconf 90' lang='lat' dir='ltr'><strong><em>similia</em></strong></span> <span class='ocrx_word' id='word_1_244' title='bbox 2381 1611 2428 1667; x_wconf 89' lang='lat' dir='ltr'><strong><em>si</em></strong></span> <span class='ocrx_word' id='word_1_245' title='bbox 2464 1627 2698 1681; x_wconf 61' lang='lat' dir='ltr'><strong><em>quaeras,</em></strong></span> <span class='ocrx_word' id='word_1_246' title='bbox 2730 1613 2988 1681; x_wconf 85' lang='lat' dir='ltr'><strong><em>reperies.</em></strong></span> <span class='ocrx_word' id='word_1_247' title='bbox 3032 1614 3101 1665; x_wconf 88' lang='lat' dir='ltr'><strong><em>At</em></strong></span> <span class='ocrx_word' id='word_1_248' title='bbox 3131 1627 3238 1668; x_wconf 90' lang='lat' dir='ltr'><strong><em>non</em></strong></span> <span class='ocrx_word' id='word_1_249' title='bbox 3282 1614 3403 1668; x_wconf 85' lang='lat' dir='ltr'><strong><em>talis</em></strong></span> <span class='ocrx_word' id='word_1_250' title='bbox 3439 1612 3590 1668; x_wconf 73' lang='lat' dir='ltr'><strong><em>lere-</em></strong></span> 
     </span>
    </p>
   </div>
   <div class='ocr_carea' id='block_1_33' title="bbox 2024 1699 3592 1772">
    <p class='ocr_par' dir='ltr' id='par_1_33' title="bbox 2024 1699 3592 1772">
     <span class='ocr_line' id='line_1_33' title="bbox 2024 1699 3592 1772; baseline 0.004 -18"><span class='ocrx_word' id='word_1_251' title='bbox 2024 1701 2185 1765; x_wconf 89' lang='lat' dir='ltr'><strong><em>mias,</em></strong></span> <span class='ocrx_word' id='word_1_252' title='bbox 2217 1702 2285 1758; x_wconf 87' lang='lat' dir='ltr'><strong><em>ab</em></strong></span> <span class='ocrx_word' id='word_1_253' title='bbox 2315 1700 2448 1772; x_wconf 88' lang='lat' dir='ltr'><strong><em>ipsis</em></strong></span> <span class='ocrx_word' id='word_1_254' title='bbox 2471 1700 2614 1755; x_wconf 90' lang='lat' dir='ltr'><strong><em>enim</em></strong></span> <span class='ocrx_word' id='word_1_255' title='bbox 2636 1701 2924 1756; x_wconf 87' lang='lat' dir='ltr'><strong><em>cunabulis</em></strong></span> <span class='ocrx_word' id='word_1_256' title='bbox 2948 1699 3153 1770; x_wconf 79' lang='lat' dir='ltr'><strong><em>Spiritu</em></strong></span> <span class='ocrx_word' id='word_1_257' title='bbox 3187 1712 3376 1757; x_wconf 87' lang='lat' dir='ltr'><strong><em>sancto</em></strong></span> <span class='ocrx_word' id='word_1_258' title='bbox 3398 1702 3592 1772; x_wconf 82' lang='lat' dir='ltr'><strong><em>plenus</em></strong></span> 
     </span>
    </p>
   </div>
   <div class='ocr_carea' id='block_1_34' title="bbox 340 1779 2006 1865">
    <p class='ocr_par' dir='ltr' id='par_1_34' title="bbox 340 1779 1990 1865">
     <span class='ocr_line' id='line_1_34' title="bbox 340 1779 1990 1865; baseline 0.012 -33"><span class='ocrx_word' id='word_1_259' title='bbox 340 1781 453 1834; x_wconf 71' lang='grc' dir='ltr'><strong><em>Καὶ</em></strong></span> <span class='ocrx_word' id='word_1_260' title='bbox 484 1784 572 1835; x_wconf 79' lang='grc' dir='ltr'><strong><em>ἐπ’</em></strong></span> <span class='ocrx_word' id='word_1_261' title='bbox 604 1784 745 1853; x_wconf 78' lang='grc' dir='ltr'><em>ἄλλῳ</em></span> <span class='ocrx_word' id='word_1_262' title='bbox 778 1787 838 1840; x_wconf 85' lang='grc' dir='ltr'><strong><em>τὸ</em></strong></span> <span class='ocrx_word' id='word_1_263' title='bbox 868 1790 1246 1862; x_wconf 84' lang='grc' dir='ltr'>παραπλήσιον</span> <span class='ocrx_word' id='word_1_264' title='bbox 1273 1793 1453 1865; x_wconf 78' lang='grc' dir='ltr'>εὕροις</span> <span class='ocrx_word' id='word_1_265' title='bbox 1475 1795 1560 1850; x_wconf 78' lang='grc' dir='ltr'><strong><em>ἄν.</em></strong></span> <span class='ocrx_word' id='word_1_266' title='bbox 1595 1795 1735 1848; x_wconf 82' lang='grc' dir='ltr'><strong><em>Ἀλλ’</em></strong></span> <span class='ocrx_word' id='word_1_267' title='bbox 1761 1791 1916 1860; x_wconf 75' lang='grc' dir='ltr'>οὗτος</span> <span class='ocrx_word' id='word_1_268' title='bbox 1948 1779 1990 1837; x_wconf 74' lang='grc' dir='ltr'><strong><em>Β</em></strong></span> 
     </span>
    </p>
   </div>
   <div class='ocr_carea' id='block_1_35' title="bbox 1921 1779 3587 1865">
    <p class='ocr_par' dir='ltr' id='par_1_35' title="bbox 1948 1779 3587 1861">
     <span class='ocr_line' id='line_1_35' title="bbox 1948 1779 3587 1861; baseline 0.001 -15"><span class='ocrx_word' id='word_1_269' title='bbox 1948 1779 1990 1837; x_wconf 79' lang='grc' dir='ltr'><strong><em>Β</em></strong></span> <span class='ocrx_word' id='word_1_270' title='bbox 2020 1791 2342 1861; x_wconf 83' lang='lat' dir='ltr'><strong><em>prophetare</em></strong></span> <span class='ocrx_word' id='word_1_271' title='bbox 2372 1805 2534 1845; x_wconf 88' lang='lat' dir='ltr'><strong><em>orsus</em></strong></span> <span class='ocrx_word' id='word_1_272' title='bbox 2562 1797 2679 1845; x_wconf 88' lang='lat' dir='ltr'><strong><em>est:</em></strong></span> <span class='ocrx_word' id='word_1_273' title='bbox 2707 1798 2928 1860; x_wconf 84' lang='lat' dir='ltr'><strong><em>propter</em></strong></span> <span class='ocrx_word' id='word_1_274' title='bbox 2961 1791 3108 1859; x_wconf 89' lang='lat' dir='ltr'><strong><em>quod</em></strong></span> <span class='ocrx_word' id='word_1_275' title='bbox 3143 1790 3221 1844; x_wconf 89' lang='lat' dir='ltr'><strong><em>ait</em></strong></span> <span class='ocrx_word' id='word_1_276' title='bbox 3252 1791 3587 1859; x_wconf 87' lang='lat' dir='ltr'><strong><em>(secundum</em></strong></span> 
     </span>
    </p>
   </div>
   <div class='ocr_carea' id='block_1_36' title="bbox 338 1871 1919 1960">
    <p class='ocr_par' dir='ltr' id='par_1_36' title="bbox 338 1871 1919 1960">
     <span class='ocr_line' id='line_1_36' title="bbox 338 1871 1919 1960; baseline 0.013 -37"><span class='ocrx_word' id='word_1_277' title='bbox 338 1871 367 1922; x_wconf 86' lang='grc' dir='ltr'><strong><em>ό</em></strong></span> <span class='ocrx_word' id='word_1_278' title='bbox 407 1874 700 1944; x_wconf 84' lang='grc' dir='ltr'>Ἱερεμίας,</span> <span class='ocrx_word' id='word_1_279' title='bbox 730 1876 808 1930; x_wconf 76' lang='grc' dir='ltr'><strong><em>ἔτι</em></strong></span> <span class='ocrx_word' id='word_1_280' title='bbox 836 1881 898 1932; x_wconf 79' lang='grc' dir='ltr'>ἐκ</span> <span class='ocrx_word' id='word_1_281' title='bbox 924 1882 1254 1953; x_wconf 79' lang='grc' dir='ltr'>σπαργάνων</span> <span class='ocrx_word' id='word_1_282' title='bbox 1274 1884 1352 1954; x_wconf 84' lang='grc' dir='ltr'><strong><em>τῷ</em></strong></span> <span class='ocrx_word' id='word_1_283' title='bbox 1375 1886 1652 1957; x_wconf 84' lang='grc' dir='ltr'>Πνεύματι</span> <span class='ocrx_word' id='word_1_284' title='bbox 1685 1889 1760 1959; x_wconf 81' lang='grc' dir='ltr'>τῷ</span> <span class='ocrx_word' id='word_1_285' title='bbox 1786 1907 1919 1960; x_wconf 82' lang='grc' dir='ltr'>προ-</span> 
     </span>
    </p>
   </div>
   <div class='ocr_carea' id='block_1_37' title="bbox 336 1963 1916 2050">
    <p class='ocr_par' dir='ltr' id='par_1_37' title="bbox 336 1963 1916 2050">
     <span class='ocr_line' id='line_1_37' title="bbox 336 1963 1916 2050; baseline 0.012 -35"><span class='ocrx_word' id='word_1_286' title='bbox 336 1963 554 2033; x_wconf 81' lang='grc' dir='ltr'>φητικῷ</span> <span class='ocrx_word' id='word_1_287' title='bbox 587 1967 898 2039; x_wconf 78' lang='grc' dir='ltr'><strong><em>κοσμηθεὶς,</em></strong></span> <span class='ocrx_word' id='word_1_288' title='bbox 928 1973 992 2024; x_wconf 81' lang='grc' dir='ltr'>ἐκ</span> <span class='ocrx_word' id='word_1_289' title='bbox 1017 1973 1216 2026; x_wconf 84' lang='grc' dir='ltr'>παίδων</span> <span class='ocrx_word' id='word_1_290' title='bbox 1243 1978 1608 2050; x_wconf 79' lang='grc' dir='ltr'>προεφήτευσε</span> <span class='ocrx_word' id='word_1_291' title='bbox 1624 1997 1638 2010; x_wconf 87' lang='grc'><strong>·</strong></span> <span class='ocrx_word' id='word_1_292' title='bbox 1664 1979 1744 2032; x_wconf 79' lang='grc' dir='ltr'><strong><em>διδ</em></strong></span> <span class='ocrx_word' id='word_1_293' title='bbox 1767 1979 1916 2050; x_wconf 76' lang='grc' dir='ltr'>ἔλεγε</span> 
     </span>
    </p>
   </div>
   <div class='ocr_carea' id='block_1_38' title="bbox 335 2049 1920 2138">
    <p class='ocr_par' dir='ltr' id='par_1_38' title="bbox 335 2049 1920 2138">
     <span class='ocr_line' id='line_1_38' title="bbox 335 2049 1920 2138; baseline 0.011 -36"><span class='ocrx_word' id='word_1_294' title='bbox 335 2049 437 2120; x_wconf 79' lang='grc' dir='ltr'>(τὸ</span> <span class='ocrx_word' id='word_1_295' title='bbox 467 2053 645 2106; x_wconf 75' lang='grc' dir='ltr'>κοινὸν</span> <span class='ocrx_word' id='word_1_296' title='bbox 679 2054 788 2125; x_wconf 85' lang='grc' dir='ltr'>γὰρ</span> <span class='ocrx_word' id='word_1_297' title='bbox 824 2057 1038 2128; x_wconf 82' lang='grc' dir='ltr'>πρῶτον</span> <span class='ocrx_word' id='word_1_298' title='bbox 1071 2060 1386 2134; x_wconf 81' lang='grc' dir='ltr'>διηγοῦμαι)</span> <span class='ocrx_word' id='word_1_299' title='bbox 1407 2081 1421 2095; x_wconf 76' lang='grc' dir='ltr'><strong>ο</strong></span> <span class='ocrx_word' id='word_1_300' title='bbox 1441 2049 1623 2134; x_wconf 76' lang='grc' dir='ltr'>οἴμοι</span> <span class='ocrx_word' id='word_1_301' title='bbox 1651 2066 1784 2136; x_wconf 77' lang='grc' dir='ltr'>ἐγὼ,</span> <span class='ocrx_word' id='word_1_302' title='bbox 1805 2049 1920 2138; x_wconf 83' lang='grc' dir='ltr'><strong><em>μῆ-</em></strong></span> 
     </span>
    </p>
   </div>
   <div class='ocr_carea' id='block_1_39' title="bbox 335 2143 1923 2227">
    <p class='ocr_par' dir='ltr' id='par_1_39' title="bbox 335 2143 1923 2227">
     <span class='ocr_line' id='line_1_39' title="bbox 335 2143 1923 2227; baseline 0.011 -35"><span class='ocrx_word' id='word_1_303' title='bbox 335 2158 463 2206; x_wconf 83' lang='grc' dir='ltr'>τερ,</span> <span class='ocrx_word' id='word_1_304' title='bbox 499 2143 582 2207; x_wconf 86' lang='grc' dir='ltr'><strong><em>ὡς</em></strong></span> <span class='ocrx_word' id='word_1_305' title='bbox 610 2145 744 2198; x_wconf 83' lang='grc' dir='ltr'>τίνα</span> <span class='ocrx_word' id='word_1_306' title='bbox 773 2163 850 2214; x_wconf 82' lang='grc' dir='ltr'><strong><em>με</em></strong></span> <span class='ocrx_word' id='word_1_307' title='bbox 895 2148 1229 2218; x_wconf 63' lang='grc' dir='ltr'>ἐγέννησεν</span> <span class='ocrx_word' id='word_1_308' title='bbox 1278 2153 1471 2223; x_wconf 76' lang='grc' dir='ltr'>ἄνδρα</span> <span class='ocrx_word' id='word_1_309' title='bbox 1541 2155 1923 2227; x_wconf 75' lang='grc' dir='ltr'>δικαζόμενον</span> 
     </span>
    </p>
   </div>
   <div class='ocr_carea' id='block_1_40' title="bbox 335 2229 1916 2320">
    <p class='ocr_par' dir='ltr' id='par_1_40' title="bbox 335 2229 1916 2320">
     <span class='ocr_line' id='line_1_40' title="bbox 335 2229 1916 2320; baseline 0.015 -41"><span class='ocrx_word' id='word_1_310' title='bbox 335 2229 439 2281; x_wconf 81' lang='grc' dir='ltr'>καὶ</span> <span class='ocrx_word' id='word_1_311' title='bbox 471 2229 1183 2320; x_wconf 77' lang='grc' dir='ltr'>διακρινόμενονένπάσῃ</span> <span class='ocrx_word' id='word_1_312' title='bbox 1195 2235 1266 2303; x_wconf 79' lang='grc' dir='ltr'>τῇ</span> <span class='ocrx_word' id='word_1_313' title='bbox 1281 2236 1376 2305; x_wconf 56' lang='grc' dir='ltr'>γιῦ</span> <span class='ocrx_word' id='word_1_314' title='bbox 1393 2244 1513 2299; x_wconf 84' lang='grc' dir='ltr'><strong><em>Τῶν</em></strong></span> <span class='ocrx_word' id='word_1_315' title='bbox 1547 2247 1653 2320; x_wconf 85' lang='grc' dir='ltr'><strong><em>πρὸ</em></strong></span> <span class='ocrx_word' id='word_1_316' title='bbox 1697 2247 1830 2319; x_wconf 76' lang='grc' dir='ltr'>ἐμοῦ</span> <span class='ocrx_word' id='word_1_317' title='bbox 1859 2249 1916 2302; x_wconf 85' lang='grc' dir='ltr'>δέ</span> 
     </span>
    </p>
   </div>
   <div class='ocr_carea' id='block_1_41' title="bbox 331 2319 1917 2409">
    <p class='ocr_par' dir='ltr' id='par_1_41' title="bbox 331 2319 1917 2409">
     <span class='ocr_line' id='line_1_41' title="bbox 331 2319 1917 2409; baseline 0.015 -40"><span class='ocrx_word' id='word_1_318' title='bbox 331 2333 422 2409; x_wconf 80' lang='grc' dir='ltr'><strong><em>τις</em></strong></span> <span class='ocrx_word' id='word_1_319' title='bbox 449 2319 680 2374; x_wconf 77' lang='grc' dir='ltr'>ἐπέϐαλε</span> <span class='ocrx_word' id='word_1_320' title='bbox 702 2323 778 2394; x_wconf 83' lang='grc' dir='ltr'><strong><em>τῷ</em></strong></span> <span class='ocrx_word' id='word_1_321' title='bbox 803 2326 951 2397; x_wconf 86' lang='grc' dir='ltr'>τόπῳ</span> <span class='ocrx_word' id='word_1_322' title='bbox 970 2326 1166 2395; x_wconf 83' lang='grc' dir='ltr'>λέγων,</span> <span class='ocrx_word' id='word_1_323' title='bbox 1191 2331 1272 2383; x_wconf 86' lang='grc' dir='ltr'>ὃτι</span> <span class='ocrx_word' id='word_1_324' title='bbox 1301 2332 1473 2387; x_wconf 89' lang='grc' dir='ltr'>ταῦτα</span> <span class='ocrx_word' id='word_1_325' title='bbox 1496 2319 1679 2404; x_wconf 78' lang='grc' dir='ltr'>ἔλεγεν</span> <span class='ocrx_word' id='word_1_326' title='bbox 1693 2338 1754 2389; x_wconf 83' lang='grc' dir='ltr'><strong><em>οὐ</em></strong></span> <span class='ocrx_word' id='word_1_327' title='bbox 1781 2339 1917 2409; x_wconf 80' lang='grc' dir='ltr'>πρὸς</span> 
     </span>
    </p>
   </div>
   <div class='ocr_carea' id='block_1_42' title="bbox 331 2407 1916 2500">
    <p class='ocr_par' dir='ltr' id='par_1_42' title="bbox 331 2407 1916 2500">
     <span class='ocr_line' id='line_1_42' title="bbox 331 2407 1916 2500; baseline 0.014 -40"><span class='ocrx_word' id='word_1_328' title='bbox 331 2407 436 2500; x_wconf 68' lang='grc' dir='ltr'><strong><em>τῂν</em></strong></span> <span class='ocrx_word' id='word_1_329' title='bbox 471 2411 684 2481; x_wconf 83' lang='grc' dir='ltr'>μητέρα</span> <span class='ocrx_word' id='word_1_330' title='bbox 718 2413 815 2485; x_wconf 72' lang='grc' dir='ltr'><strong><em>τὴν</em></strong></span> <span class='ocrx_word' id='word_1_331' title='bbox 838 2419 1186 2490; x_wconf 79' lang='grc' dir='ltr'>σωματικὴν.</span> <span class='ocrx_word' id='word_1_332' title='bbox 1217 2421 1352 2474; x_wconf 80' lang='grc' dir='ltr'><strong><em>ἀλλὰ</em></strong></span> <span class='ocrx_word' id='word_1_333' title='bbox 1396 2424 1534 2494; x_wconf 76' lang='grc' dir='ltr'>πρὸς</span> <span class='ocrx_word' id='word_1_334' title='bbox 1563 2425 1662 2494; x_wconf 76' lang='grc' dir='ltr'>τὴν</span> <span class='ocrx_word' id='word_1_335' title='bbox 1709 2407 1916 2500; x_wconf 70' lang='grc' dir='ltr'>μητέρα</span> 
     </span>
    </p>
   </div>
   <div class='ocr_carea' id='block_1_43' title="bbox 331 2497 1913 2585">
    <p class='ocr_par' dir='ltr' id='par_1_43' title="bbox 331 2497 1913 2585">
     <span class='ocr_line' id='line_1_43' title="bbox 331 2497 1913 2585; baseline 0.014 -37"><span class='ocrx_word' id='word_1_336' title='bbox 331 2497 435 2570; x_wconf 74' lang='grc' dir='ltr'><strong><em>τὴν</em></strong></span> <span class='ocrx_word' id='word_1_337' title='bbox 468 2500 746 2566; x_wconf 84' lang='grc' dir='ltr'>γεννῶσαν</span> <span class='ocrx_word' id='word_1_338' title='bbox 799 2507 1100 2577; x_wconf 80' lang='grc' dir='ltr'>προφήτας.</span> <span class='ocrx_word' id='word_1_339' title='bbox 1147 2509 1241 2572; x_wconf 87' lang='grc' dir='ltr'>Τίς</span> <span class='ocrx_word' id='word_1_340' title='bbox 1284 2509 1339 2562; x_wconf 85' lang='grc' dir='ltr'>δὲ</span> <span class='ocrx_word' id='word_1_341' title='bbox 1385 2514 1548 2583; x_wconf 79' lang='grc' dir='ltr'>γεννᾷ</span> <span class='ocrx_word' id='word_1_342' title='bbox 1597 2497 1913 2585; x_wconf 48' lang='lat' dir='ltr'><strong><em>ripaeque;</em></strong></span> 
     </span>
    </p>
   </div>
   <div class='ocr_carea' id='block_1_44' title="bbox 334 2591 1911 2675">
    <p class='ocr_par' dir='ltr' id='par_1_44' title="bbox 334 2591 1911 2675">
     <span class='ocr_line' id='line_1_44' title="bbox 334 2591 1911 2675; baseline 0.013 -35"><span class='ocrx_word' id='word_1_343' title='bbox 334 2591 366 2660; x_wconf 82' lang='grc' dir='ltr'>ἠ</span> <span class='ocrx_word' id='word_1_344' title='bbox 392 2591 555 2659; x_wconf 85' lang='grc' dir='ltr'>σοφία</span> <span class='ocrx_word' id='word_1_345' title='bbox 570 2591 665 2645; x_wconf 83' lang='grc' dir='ltr'><strong><em>τοῦ</em></strong></span> <span class='ocrx_word' id='word_1_346' title='bbox 693 2593 850 2650; x_wconf 82' lang='grc' dir='ltr'>Θεοῦ.</span> <span class='ocrx_word' id='word_1_347' title='bbox 885 2597 1108 2666; x_wconf 83' lang='grc' dir='ltr'>Ἔλεγεν</span> <span class='ocrx_word' id='word_1_348' title='bbox 1127 2595 1219 2652; x_wconf 85' lang='grc' dir='ltr'><strong><em>οῦν</em></strong></span> <span class='ocrx_word' id='word_1_349' title='bbox 1235 2600 1315 2665; x_wconf 83' lang='grc' dir='ltr'><strong><em>τὸ,</em></strong></span> <span class='ocrx_word' id='word_1_350' title='bbox 1347 2603 1511 2671; x_wconf 82' lang='grc' dir='ltr'>Οιμοι</span> <span class='ocrx_word' id='word_1_351' title='bbox 1541 2605 1675 2674; x_wconf 62' lang='grc' dir='ltr'><strong><em>ἐγὼ,</em></strong></span> <span class='ocrx_word' id='word_1_352' title='bbox 1702 2605 1911 2675; x_wconf 81' lang='grc' dir='ltr'>μῆτερ,</span> 
     </span>
    </p>
   </div>
   <div class='ocr_carea' id='block_1_45' title="bbox 331 2680 1914 2767">
    <p class='ocr_par' dir='ltr' id='par_1_45' title="bbox 331 2680 1914 2767">
     <span class='ocr_line' id='line_1_45' title="bbox 331 2680 1914 2767; baseline 0.012 -34"><span class='ocrx_word' id='word_1_353' title='bbox 331 2681 409 2744; x_wconf 83' lang='grc' dir='ltr'>ὡς</span> <span class='ocrx_word' id='word_1_354' title='bbox 435 2682 557 2735; x_wconf 89' lang='grc' dir='ltr'>τίνα</span> <span class='ocrx_word' id='word_1_355' title='bbox 589 2701 654 2754; x_wconf 87' lang='grc' dir='ltr'><strong><em>με</em></strong></span> <span class='ocrx_word' id='word_1_356' title='bbox 678 2684 879 2749; x_wconf 79' lang='grc' dir='ltr'>ἔτεκες,</span> <span class='ocrx_word' id='word_1_357' title='bbox 911 2680 956 2739; x_wconf 78' lang='grc' dir='ltr'>ὦ</span> <span class='ocrx_word' id='word_1_358' title='bbox 983 2689 1172 2758; x_wconf 76' lang='grc' dir='ltr'>σοφίας</span> <span class='ocrx_word' id='word_1_359' title='bbox 1212 2690 1291 2744; x_wconf 85' lang='grc' dir='ltr'><strong><em>Τὰ</em></strong></span> <span class='ocrx_word' id='word_1_360' title='bbox 1317 2691 1374 2745; x_wconf 81' lang='grc' dir='ltr'>δὲ</span> <span class='ocrx_word' id='word_1_361' title='bbox 1402 2693 1567 2748; x_wconf 86' lang='grc' dir='ltr'>τέκνα</span> <span class='ocrx_word' id='word_1_362' title='bbox 1592 2695 1693 2766; x_wconf 83' lang='grc' dir='ltr'>τῆς</span> <span class='ocrx_word' id='word_1_363' title='bbox 1723 2699 1914 2767; x_wconf 77' lang='grc' dir='ltr'>σοφίας</span> 
     </span>
    </p>
   </div>
   <div class='ocr_carea' id='block_1_46' title="bbox 330 2773 1914 2853">
    <p class='ocr_par' dir='ltr' id='par_1_46' title="bbox 330 2773 1914 2853">
     <span class='ocr_line' id='line_1_46' title="bbox 330 2773 1914 2853; baseline 0.012 -29"><span class='ocrx_word' id='word_1_364' title='bbox 330 2773 424 2825; x_wconf 79' lang='grc' dir='ltr'><strong><em>καὶ</em></strong></span> <span class='ocrx_word' id='word_1_365' title='bbox 457 2773 520 2826; x_wconf 85' lang='grc' dir='ltr'>ἐν</span> <span class='ocrx_word' id='word_1_366' title='bbox 542 2773 622 2845; x_wconf 82' lang='grc' dir='ltr'>τῷ</span> <span class='ocrx_word' id='word_1_367' title='bbox 656 2776 968 2849; x_wconf 81' lang='grc' dir='ltr'>Εὑαγγελίῳ</span> <span class='ocrx_word' id='word_1_368' title='bbox 999 2781 1442 2853; x_wconf 80' lang='grc' dir='ltr'>ἀναγέγραπται·</span> <span class='ocrx_word' id='word_1_369' title='bbox 1471 2786 1581 2839; x_wconf 76' lang='grc' dir='ltr'><strong><em>Καὶ</em></strong></span> <span class='ocrx_word' id='word_1_370' title='bbox 1617 2787 1914 2843; x_wconf 80' lang='grc' dir='ltr'>ἀποστέλ-</span> 
     </span>
    </p>
   </div>
   <div class='ocr_carea' id='block_1_47' title="bbox 327 2866 1910 2949">
    <p class='ocr_par' dir='ltr' id='par_1_47' title="bbox 327 2866 1910 2949">
     <span class='ocr_line' id='line_1_47' title="bbox 327 2866 1910 2949; baseline 0.011 -33"><span class='ocrx_word' id='word_1_371' title='bbox 327 2867 417 2916; x_wconf 80' lang='grc' dir='ltr'>λει</span> <span class='ocrx_word' id='word_1_372' title='bbox 435 2866 473 2933; x_wconf 83' lang='grc' dir='ltr'><strong><em>ή</em></strong></span> <span class='ocrx_word' id='word_1_373' title='bbox 490 2866 678 2934; x_wconf 66' lang='grc' dir='ltr'>σοφία</span> <span class='ocrx_word' id='word_1_374' title='bbox 703 2869 772 2922; x_wconf 84' lang='grc' dir='ltr'>τὰ</span> <span class='ocrx_word' id='word_1_375' title='bbox 786 2869 965 2923; x_wconf 82' lang='grc' dir='ltr'>τέκνα</span> <span class='ocrx_word' id='word_1_376' title='bbox 978 2871 1186 2940; x_wconf 84' lang='grc' dir='ltr'>αὐτῆς.</span> <span class='ocrx_word' id='word_1_377' title='bbox 1212 2873 1439 2946; x_wconf 76' lang='grc' dir='ltr'>Εἴρηται</span> <span class='ocrx_word' id='word_1_378' title='bbox 1460 2871 1576 2938; x_wconf 80' lang='grc' dir='ltr'>οὖν,</span> <span class='ocrx_word' id='word_1_379' title='bbox 1595 2878 1755 2949; x_wconf 83' lang='grc' dir='ltr'>Οῐμοι</span> <span class='ocrx_word' id='word_1_380' title='bbox 1782 2881 1910 2948; x_wconf 78' lang='grc' dir='ltr'>ἐγὼ,</span> 
     </span>
    </p>
   </div>
   <div class='ocr_carea' id='block_1_48' title="bbox 329 2953 1909 3040">
    <p class='ocr_par' dir='ltr' id='par_1_48' title="bbox 329 2953 1909 3040">
     <span class='ocr_line' id='line_1_48' title="bbox 329 2953 1909 3040; baseline 0.012 -34"><span class='ocrx_word' id='word_1_381' title='bbox 329 2953 509 3028; x_wconf 78' lang='grc' dir='ltr'>μῆτερ</span> <span class='ocrx_word' id='word_1_382' title='bbox 529 2957 634 3029; x_wconf 79' lang='grc' dir='ltr'><strong><em>ἐμὴ</em></strong></span> <span class='ocrx_word' id='word_1_383' title='bbox 652 2959 831 3029; x_wconf 85' lang='grc' dir='ltr'>σοφία,</span> <span class='ocrx_word' id='word_1_384' title='bbox 848 2961 922 3024; x_wconf 82' lang='grc' dir='ltr'>ὼς</span> <span class='ocrx_word' id='word_1_385' title='bbox 936 2963 1056 3015; x_wconf 88' lang='grc' dir='ltr'>τίνα</span> <span class='ocrx_word' id='word_1_386' title='bbox 1073 2980 1139 3034; x_wconf 89' lang='grc' dir='ltr'><strong><em>με</em></strong></span> <span class='ocrx_word' id='word_1_387' title='bbox 1157 2963 1338 3029; x_wconf 80' lang='grc' dir='ltr'>ἔτεκες</span> <span class='ocrx_word' id='word_1_388' title='bbox 1353 2966 1520 3039; x_wconf 80' lang='grc' dir='ltr'>ἄνδρα</span> <span class='ocrx_word' id='word_1_389' title='bbox 1534 2967 1909 3040; x_wconf 74' lang='grc' dir='ltr'>δικαζόμενονς</span> 
     </span>
    </p>
   </div>
   <div class='ocr_carea' id='block_1_49' title="bbox 326 3044 1912 3132">
    <p class='ocr_par' dir='ltr' id='par_1_49' title="bbox 326 3044 1912 3132">
     <span class='ocr_line' id='line_1_49' title="bbox 326 3044 1912 3132; baseline 0.013 -35"><span class='ocrx_word' id='word_1_390' title='bbox 326 3044 422 3111; x_wconf 84' lang='grc' dir='ltr'><strong><em>Τίς</em></strong></span> <span class='ocrx_word' id='word_1_391' title='bbox 437 3050 558 3118; x_wconf 81' lang='grc' dir='ltr'>εἰμι</span> <span class='ocrx_word' id='word_1_392' title='bbox 581 3048 710 3118; x_wconf 76' lang='grc' dir='ltr'>ἐγὼ,</span> <span class='ocrx_word' id='word_1_393' title='bbox 731 3053 812 3105; x_wconf 83' lang='grc' dir='ltr'>ὅτι</span> <span class='ocrx_word' id='word_1_394' title='bbox 832 3055 913 3116; x_wconf 86' lang='grc' dir='ltr'>εἰς</span> <span class='ocrx_word' id='word_1_395' title='bbox 931 3055 1178 3108; x_wconf 83' lang='grc' dir='ltr'>τοσοῦτον</span> <span class='ocrx_word' id='word_1_396' title='bbox 1201 3057 1547 3132; x_wconf 82' lang='grc' dir='ltr'>γεγέννημαι,</span> <span class='ocrx_word' id='word_1_397' title='bbox 1574 3061 1662 3114; x_wconf 86' lang='grc' dir='ltr'>ἵνα</span> <span class='ocrx_word' id='word_1_398' title='bbox 1682 3062 1912 3127; x_wconf 78' lang='grc' dir='ltr'>δικάζω-</span> 
     </span>
    </p>
   </div>
   <div class='ocr_carea' id='block_1_50' title="bbox 327 3120 1980 3230">
    <p class='ocr_par' dir='ltr' id='par_1_50' title="bbox 327 3120 1980 3230">
     <span class='ocr_line' id='line_1_50' title="bbox 327 3120 1980 3230; baseline 0.012 -38"><span class='ocrx_word' id='word_1_399' title='bbox 327 3158 442 3209; x_wconf 85' lang='grc' dir='ltr'>μαι,</span> <span class='ocrx_word' id='word_1_400' title='bbox 466 3143 554 3195; x_wconf 77' lang='grc' dir='ltr'>ἵνα</span> <span class='ocrx_word' id='word_1_401' title='bbox 566 3143 925 3217; x_wconf 86' lang='grc' dir='ltr'>διακρίνωμαι</span> <span class='ocrx_word' id='word_1_402' title='bbox 939 3148 1024 3202; x_wconf 73' lang='grc' dir='ltr'>διὰ</span> <span class='ocrx_word' id='word_1_403' title='bbox 1051 3151 1174 3214; x_wconf 83' lang='grc' dir='ltr'>τοὺς</span> <span class='ocrx_word' id='word_1_404' title='bbox 1186 3120 1456 3225; x_wconf 45' lang='grc' dir='ltr'>ἐλέγχους,</span> <span class='ocrx_word' id='word_1_405' title='bbox 1478 3120 1564 3209; x_wconf 62' lang='grc' dir='ltr'><strong><em>δια</em></strong></span> <span class='ocrx_word' id='word_1_406' title='bbox 1576 3156 1675 3220; x_wconf 85' lang='grc' dir='ltr'>τὰς</span> <span class='ocrx_word' id='word_1_407' title='bbox 1691 3120 1909 3230; x_wconf 69' lang='grc' dir='ltr'>ἐπιπλή-</span> <span class='ocrx_word' id='word_1_408' title='bbox 1939 3120 1980 3178; x_wconf 75' lang='lat' dir='ltr'><strong><em>C</em></strong></span> 
     </span>
    </p>
   </div>
   <div class='ocr_carea' id='block_1_51' title="bbox 327 3231 1907 3320">
    <p class='ocr_par' dir='ltr' id='par_1_51' title="bbox 327 3231 1907 3320">
     <span class='ocr_line' id='line_1_51' title="bbox 327 3231 1907 3320; baseline 0.012 -36"><span class='ocrx_word' id='word_1_409' title='bbox 327 3231 456 3296; x_wconf 84' lang='grc' dir='ltr'>ξεις,</span> <span class='ocrx_word' id='word_1_410' title='bbox 499 3233 589 3287; x_wconf 78' lang='grc' dir='ltr'>διὰ</span> <span class='ocrx_word' id='word_1_411' title='bbox 611 3234 708 3306; x_wconf 81' lang='grc' dir='ltr'>τὴν</span> <span class='ocrx_word' id='word_1_412' title='bbox 733 3235 1080 3295; x_wconf 86' lang='grc' dir='ltr'>διδασκαλίαν</span> <span class='ocrx_word' id='word_1_413' title='bbox 1113 3243 1250 3313; x_wconf 82' lang='grc' dir='ltr'>πρὸς</span> <span class='ocrx_word' id='word_1_414' title='bbox 1288 3246 1492 3311; x_wconf 85' lang='grc' dir='ltr'>πάντας</span> <span class='ocrx_word' id='word_1_415' title='bbox 1519 3247 1644 3311; x_wconf 85' lang='grc' dir='ltr'>τοὺς</span> <span class='ocrx_word' id='word_1_416' title='bbox 1673 3247 1764 3302; x_wconf 77' lang='grc' dir='ltr'><strong><em>ἐπὶ</em></strong></span> <span class='ocrx_word' id='word_1_417' title='bbox 1809 3249 1907 3320; x_wconf 79' lang='grc' dir='ltr'>τῆς</span> 
     </span>
    </p>
   </div>
   <div class='ocr_carea' id='block_1_52' title="bbox 322 3325 1904 3410">
    <p class='ocr_par' dir='ltr' id='par_1_52' title="bbox 322 3325 1904 3410">
     <span class='ocr_line' id='line_1_52' title="bbox 322 3325 1904 3410; baseline 0.012 -34"><span class='ocrx_word' id='word_1_418' title='bbox 322 3325 456 3394; x_wconf 80' lang='grc' dir='ltr'><strong><em>γῆς;</em></strong></span> <span class='ocrx_word' id='word_1_419' title='bbox 490 3326 617 3379; x_wconf 78' lang='grc' dir='ltr'><strong><em>Ἐὰν</em></strong></span> <span class='ocrx_word' id='word_1_420' title='bbox 643 3330 672 3381; x_wconf 85' lang='grc' dir='ltr'>ὁ</span> <span class='ocrx_word' id='word_1_421' title='bbox 706 3330 970 3401; x_wconf 84' lang='grc' dir='ltr'>Ἱερεμίας</span> <span class='ocrx_word' id='word_1_422' title='bbox 1001 3333 1174 3388; x_wconf 85' lang='grc' dir='ltr'>ταῦτα</span> <span class='ocrx_word' id='word_1_423' title='bbox 1194 3335 1346 3409; x_wconf 81' lang='grc' dir='ltr'>λέγῃ,</span> <span class='ocrx_word' id='word_1_424' title='bbox 1379 3337 1467 3402; x_wconf 81' lang='grc' dir='ltr'>Ὠς</span> <span class='ocrx_word' id='word_1_425' title='bbox 1480 3339 1599 3392; x_wconf 86' lang='grc' dir='ltr'>τίνα</span> <span class='ocrx_word' id='word_1_426' title='bbox 1623 3357 1690 3410; x_wconf 87' lang='grc' dir='ltr'><strong><em>με</em></strong></span> <span class='ocrx_word' id='word_1_427' title='bbox 1720 3340 1904 3407; x_wconf 77' lang='grc' dir='ltr'>ἔτεκες</span> 
     </span>
    </p>
   </div>
   <div class='ocr_carea' id='block_1_53' title="bbox 320 3414 1903 3503">
    <p class='ocr_par' dir='ltr' id='par_1_53' title="bbox 320 3414 1903 3503">
     <span class='ocr_line' id='line_1_53' title="bbox 320 3414 1903 3503; baseline 0.013 -36"><span class='ocrx_word' id='word_1_428' title='bbox 320 3414 490 3488; x_wconf 86' lang='grc' dir='ltr'>ἄνδρα</span> <span class='ocrx_word' id='word_1_429' title='bbox 506 3417 854 3490; x_wconf 77' lang='grc' dir='ltr'>δικαζόμενον</span> <span class='ocrx_word' id='word_1_430' title='bbox 869 3424 960 3476; x_wconf 77' lang='grc' dir='ltr'><strong><em>καὶ</em></strong></span> <span class='ocrx_word' id='word_1_431' title='bbox 991 3425 1396 3498; x_wconf 79' lang='grc' dir='ltr'>διακρινόμενον</span> <span class='ocrx_word' id='word_1_432' title='bbox 1425 3430 1571 3502; x_wconf 78' lang='grc' dir='ltr'>πάσῃ</span> <span class='ocrx_word' id='word_1_433' title='bbox 1591 3433 1656 3502; x_wconf 83' lang='grc' dir='ltr'>τῇ</span> <span class='ocrx_word' id='word_1_434' title='bbox 1693 3435 1784 3503; x_wconf 74' lang='grc' dir='ltr'><strong><em>γῇς</em></strong></span> <span class='ocrx_word' id='word_1_435' title='bbox 1805 3434 1903 3487; x_wconf 82' lang='grc' dir='ltr'>οὐκ</span> 
     </span>
    </p>
   </div>
   <div class='ocr_carea' id='block_1_54' title="bbox 321 3505 1895 3594">
    <p class='ocr_par' dir='ltr' id='par_1_54' title="bbox 321 3505 1895 3594">
     <span class='ocr_line' id='line_1_54' title="bbox 321 3505 1895 3594; baseline 0.01 -36"><span class='ocrx_word' id='word_1_436' title='bbox 321 3505 426 3576; x_wconf 74' lang='grc' dir='ltr'>ἔχω</span> <span class='ocrx_word' id='word_1_437' title='bbox 447 3509 814 3580; x_wconf 82' lang='grc' dir='ltr'>διηγήσασθαι</span> <span class='ocrx_word' id='word_1_438' title='bbox 839 3513 917 3580; x_wconf 70' lang='grc' dir='ltr'><strong><em>τὸ,</em></strong></span> <span class='ocrx_word' id='word_1_439' title='bbox 946 3514 1113 3584; x_wconf 81' lang='grc' dir='ltr'>πάσῃ</span> <span class='ocrx_word' id='word_1_440' title='bbox 1147 3515 1225 3585; x_wconf 79' lang='grc' dir='ltr'>τῇ</span> <span class='ocrx_word' id='word_1_441' title='bbox 1250 3517 1325 3588; x_wconf 79' lang='grc' dir='ltr'>γῇ</span> <span class='ocrx_word' id='word_1_442' title='bbox 1343 3535 1356 3549; x_wconf 78' lang='grc' dir='ltr'><strong>ο</strong></span> <span class='ocrx_word' id='word_1_443' title='bbox 1391 3523 1456 3577; x_wconf 73' lang='grc' dir='ltr'><strong><em>οὐ</em></strong></span> <span class='ocrx_word' id='word_1_444' title='bbox 1479 3518 1654 3592; x_wconf 73' lang='grc' dir='ltr'>γὰρέν</span> <span class='ocrx_word' id='word_1_445' title='bbox 1669 3522 1816 3594; x_wconf 77' lang='grc' dir='ltr'>πάσῃ</span> <span class='ocrx_word' id='word_1_446' title='bbox 1829 3524 1895 3594; x_wconf 80' lang='grc' dir='ltr'>τῇ</span> 
     </span>
    </p>
   </div>
   <div class='ocr_carea' id='block_1_55' title="bbox 320 3597 1896 3675">
    <p class='ocr_par' dir='ltr' id='par_1_55' title="bbox 320 3597 1896 3675">
     <span class='ocr_line' id='line_1_55' title="bbox 320 3597 1896 3675; baseline 0.007 -26"><span class='ocrx_word' id='word_1_447' title='bbox 320 3599 387 3666; x_wconf 73' lang='grc' dir='ltr'>γῇ</span> <span class='ocrx_word' id='word_1_448' title='bbox 415 3597 720 3666; x_wconf 85' lang='grc' dir='ltr'>διεκρίνετο</span> <span class='ocrx_word' id='word_1_449' title='bbox 762 3601 1047 3671; x_wconf 77' lang='grc' dir='ltr'>Ἱερεμίας.</span> <span class='ocrx_word' id='word_1_450' title='bbox 1080 3603 1151 3654; x_wconf 86' lang='grc' dir='ltr'><strong>Ἦ</strong></span> <span class='ocrx_word' id='word_1_451' title='bbox 1179 3602 1495 3674; x_wconf 84' lang='grc' dir='ltr'>βιασάμενοι</span> <span class='ocrx_word' id='word_1_452' title='bbox 1539 3602 1768 3675; x_wconf 78' lang='grc' dir='ltr'>ἐροῦμεν</span> <span class='ocrx_word' id='word_1_453' title='bbox 1815 3607 1896 3672; x_wconf 81' lang='grc' dir='ltr'><strong><em>τὸ,</em></strong></span> 
     </span>
    </p>
   </div>
   <div class='ocr_carea' id='block_1_56' title="bbox 225 3685 1896 3767">
    <p class='ocr_par' dir='ltr' id='par_1_56' title="bbox 225 3685 1896 3767">
     <span class='ocr_line' id='line_1_56' title="bbox 225 3685 1896 3767; baseline 0.005 -28"><span class='ocrx_word' id='word_1_454' title='bbox 225 3733 230 3739; x_wconf 94' lang='grc'><em>.</em></span> <span class='ocrx_word' id='word_1_455' title='bbox 315 3687 580 3758; x_wconf 52' lang='lat' dir='ltr'><strong><em>iri-ador]</em></strong></span> <span class='ocrx_word' id='word_1_456' title='bbox 595 3685 671 3756; x_wconf 80' lang='grc' dir='ltr'>τῇ</span> <span class='ocrx_word' id='word_1_457' title='bbox 685 3688 778 3760; x_wconf 77' lang='grc' dir='ltr'>γῇ,</span> <span class='ocrx_word' id='word_1_458' title='bbox 801 3689 918 3744; x_wconf 73' lang='grc' dir='ltr'>ἀντὶ</span> <span class='ocrx_word' id='word_1_459' title='bbox 935 3695 1050 3759; x_wconf 88' lang='grc' dir='ltr'>τοῦ,</span> <span class='ocrx_word' id='word_1_460' title='bbox 1095 3691 1246 3764; x_wconf 80' lang='grc' dir='ltr'>πάσῃ</span> <span class='ocrx_word' id='word_1_461' title='bbox 1272 3695 1337 3763; x_wconf 82' lang='grc' dir='ltr'>τῇ</span> <span class='ocrx_word' id='word_1_462' title='bbox 1393 3693 1640 3764; x_wconf 73' lang='grc' dir='ltr'>Ἰουδαίᾳ.</span> <span class='ocrx_word' id='word_1_463' title='bbox 1681 3695 1755 3747; x_wconf 86' lang='grc' dir='ltr'><strong>Οὐ</strong></span> <span class='ocrx_word' id='word_1_464' title='bbox 1789 3696 1896 3767; x_wconf 79' lang='grc' dir='ltr'>γὰρ</span> 
     </span>
    </p>
   </div>
   <div class='ocr_carea' id='block_1_57' title="bbox 317 3772 1896 3856">
    <p class='ocr_par' dir='ltr' id='par_1_57' title="bbox 317 3772 1896 3856">
     <span class='ocr_line' id='line_1_57' title="bbox 317 3772 1896 3856; baseline 0.01 -32"><span class='ocrx_word' id='word_1_465' title='bbox 317 3772 552 3842; x_wconf 74' lang='grc' dir='ltr'>ἔφθανεν</span> <span class='ocrx_word' id='word_1_466' title='bbox 583 3779 616 3846; x_wconf 84' lang='grc' dir='ltr'>ἡ</span> <span class='ocrx_word' id='word_1_467' title='bbox 649 3779 954 3850; x_wconf 81' lang='grc' dir='ltr'>προφητεία</span> <span class='ocrx_word' id='word_1_468' title='bbox 977 3782 1140 3836; x_wconf 84' lang='grc' dir='ltr'>αὑτοῦ</span> <span class='ocrx_word' id='word_1_469' title='bbox 1183 3784 1619 3856; x_wconf 86' lang='grc' dir='ltr'>προφητεύοντος</span> <span class='ocrx_word' id='word_1_470' title='bbox 1655 3787 1776 3840; x_wconf 88' lang='grc' dir='ltr'>τότε</span> <span class='ocrx_word' id='word_1_471' title='bbox 1819 3790 1896 3852; x_wconf 84' lang='grc' dir='ltr'><strong><em>εἰς</em></strong></span> 
     </span>
    </p>
   </div>
   <div class='ocr_carea' id='block_1_58' title="bbox 319 3867 1893 3948">
    <p class='ocr_par' dir='ltr' id='par_1_58' title="bbox 319 3867 1893 3948">
     <span class='ocr_line' id='line_1_58' title="bbox 319 3867 1893 3948; baseline 0.008 -29"><span class='ocrx_word' id='word_1_472' title='bbox 319 3869 502 3920; x_wconf 72' lang='grc' dir='ltr'>πᾶσαν</span> <span class='ocrx_word' id='word_1_473' title='bbox 529 3867 626 3938; x_wconf 76' lang='grc' dir='ltr'>τὴν</span> <span class='ocrx_word' id='word_1_474' title='bbox 655 3867 779 3940; x_wconf 80' lang='grc' dir='ltr'>γῆν.</span> <span class='ocrx_word' id='word_1_475' title='bbox 817 3871 1041 3940; x_wconf 82' lang='grc' dir='ltr'>Μήποτε</span> <span class='ocrx_word' id='word_1_476' title='bbox 1075 3871 1132 3924; x_wconf 84' lang='grc' dir='ltr'><strong><em>δὲ</em></strong></span> <span class='ocrx_word' id='word_1_477' title='bbox 1164 3873 1240 3937; x_wconf 86' lang='grc' dir='ltr'>ὼς</span> <span class='ocrx_word' id='word_1_478' title='bbox 1268 3876 1324 3927; x_wconf 83' lang='grc' dir='ltr'>ὲν</span> <span class='ocrx_word' id='word_1_479' title='bbox 1358 3877 1424 3946; x_wconf 81' lang='grc' dir='ltr'>τῇ</span> <span class='ocrx_word' id='word_1_480' title='bbox 1454 3877 1594 3948; x_wconf 82' lang='grc' dir='ltr'>ἀρχῇ</span> <span class='ocrx_word' id='word_1_481' title='bbox 1640 3878 1768 3948; x_wconf 56' lang='grc' dir='ltr'><strong><em>’περὶ¹</em></strong></span> <span class='ocrx_word' id='word_1_482' title='bbox 1800 3878 1893 3932; x_wconf 90' lang='grc' dir='ltr'><strong><em>τοῦ</em></strong></span> 
     </span>
    </p>
   </div>
   <div class='ocr_carea' id='block_1_59' title="bbox 318 3957 1893 4036">
    <p class='ocr_par' dir='ltr' id='par_1_59' title="bbox 318 3957 1893 4036">
     <span class='ocr_line' id='line_1_59' title="bbox 318 3957 1893 4036; baseline 0.008 -26"><span class='ocrx_word' id='word_1_483' title='bbox 318 3957 527 4030; x_wconf 80' lang='grc' dir='ltr'>Κυρίου</span> <span class='ocrx_word' id='word_1_484' title='bbox 559 3960 714 4030; x_wconf 79' lang='grc' dir='ltr'>ἡμῶν</span> <span class='ocrx_word' id='word_1_485' title='bbox 751 3960 926 4032; x_wconf 82' lang='grc' dir='ltr'>Ἰησοῦ</span> <span class='ocrx_word' id='word_1_486' title='bbox 960 3963 1195 4034; x_wconf 83' lang='grc' dir='ltr'>Χριστοῦ</span> <span class='ocrx_word' id='word_1_487' title='bbox 1221 3964 1455 4036; x_wconf 75' lang='grc' dir='ltr'>εἴρηται,</span> <span class='ocrx_word' id='word_1_488' title='bbox 1482 3967 1654 4032; x_wconf 80' lang='grc' dir='ltr'>οὓτως</span> <span class='ocrx_word' id='word_1_489' title='bbox 1685 3970 1778 4022; x_wconf 75' lang='grc' dir='ltr'><strong><em>καὶ</em></strong></span> <span class='ocrx_word' id='word_1_490' title='bbox 1806 3970 1893 4022; x_wconf 82' lang='grc' dir='ltr'><strong><em>ὲν-</em></strong></span> 
     </span>
    </p>
   </div>
   <div class='ocr_carea' id='block_1_60' title="bbox 317 4049 1894 4126">
    <p class='ocr_par' dir='ltr' id='par_1_60' title="bbox 317 4049 1894 4126">
     <span class='ocr_line' id='line_1_60' title="bbox 317 4049 1894 4126; baseline 0.008 -25"><span class='ocrx_word' id='word_1_491' title='bbox 317 4049 491 4105; x_wconf 85' lang='grc' dir='ltr'>ταῦθα</span> <span class='ocrx_word' id='word_1_492' title='bbox 519 4049 785 4121; x_wconf 79' lang='grc' dir='ltr'>ἐροῦμεν,</span> <span class='ocrx_word' id='word_1_493' title='bbox 821 4053 944 4105; x_wconf 69' lang='grc' dir='ltr'>ἐπεὶ</span> <span class='ocrx_word' id='word_1_494' title='bbox 986 4054 1410 4126; x_wconf 78' lang='grc' dir='ltr'>ἐσημειωσάμην</span> <span class='ocrx_word' id='word_1_495' title='bbox 1452 4057 1549 4109; x_wconf 66' lang='grc' dir='ltr'>τόδ</span> <span class='ocrx_word' id='word_1_496' title='bbox 1612 4057 1758 4112; x_wconf 83' lang='grc' dir='ltr'>Ἰδοὺ</span> <span class='ocrx_word' id='word_1_497' title='bbox 1803 4059 1894 4113; x_wconf 86' lang='grc' dir='ltr'><strong><em>τέ-</em></strong></span> 
     </span>
    </p>
   </div>
   <div class='ocr_carea' id='block_1_61' title="bbox 317 4137 1890 4214">
    <p class='ocr_par' dir='ltr' id='par_1_61' title="bbox 317 4137 1890 4214">
     <span class='ocr_line' id='line_1_61' title="bbox 317 4137 1890 4214; baseline 0.01 -27"><span class='ocrx_word' id='word_1_498' title='bbox 317 4137 480 4191; x_wconf 84' lang='grc' dir='ltr'>θεικὰ</span> <span class='ocrx_word' id='word_1_499' title='bbox 515 4151 590 4191; x_wconf 83' lang='grc' dir='ltr'><strong><em>σε</em></strong></span> <span class='ocrx_word' id='word_1_500' title='bbox 608 4141 694 4204; x_wconf 80' lang='grc' dir='ltr'>εὶς</span> <span class='ocrx_word' id='word_1_501' title='bbox 717 4140 881 4208; x_wconf 70' lang='grc' dir='ltr'>ἔθνη,</span> <span class='ocrx_word' id='word_1_502' title='bbox 918 4140 1014 4193; x_wconf 77' lang='grc' dir='ltr'>καὶ</span> <span class='ocrx_word' id='word_1_503' title='bbox 1034 4143 1358 4209; x_wconf 79' lang='grc' dir='ltr'>βασιλείας</span> <span class='ocrx_word' id='word_1_504' title='bbox 1379 4183 1393 4208; x_wconf 95' lang='grc'><strong><em>,</em></strong></span> <span class='ocrx_word' id='word_1_505' title='bbox 1443 4144 1746 4214; x_wconf 77' lang='grc' dir='ltr'>ἐκριζοῦν,</span> <span class='ocrx_word' id='word_1_506' title='bbox 1793 4149 1890 4202; x_wconf 78' lang='grc' dir='ltr'>καὶ</span> 
     </span>
    </p>
   </div>
   <div class='ocr_carea' id='block_1_62' title="bbox 316 4229 1888 4308">
    <p class='ocr_par' dir='ltr' id='par_1_62' title="bbox 316 4229 1888 4308">
     <span class='ocr_line' id='line_1_62' title="bbox 316 4229 1888 4308; baseline 0.009 -28"><span class='ocrx_word' id='word_1_507' title='bbox 316 4229 790 4296; x_wconf 77' lang='grc' dir='ltr'>κατασκάπτειν,</span> <span class='ocrx_word' id='word_1_508' title='bbox 843 4233 940 4286; x_wconf 82' lang='grc' dir='ltr'>καὶ</span> <span class='ocrx_word' id='word_1_509' title='bbox 993 4234 1355 4300; x_wconf 74' lang='grc' dir='ltr'>ἀπολλύειν,</span> <span class='ocrx_word' id='word_1_510' title='bbox 1397 4236 1496 4292; x_wconf 80' lang='grc' dir='ltr'>καὶ</span> <span class='ocrx_word' id='word_1_511' title='bbox 1539 4237 1888 4308; x_wconf 71' lang='grc' dir='ltr'>οἰκοδομεῖν,</span> 
     </span>
    </p>
   </div>
   <div class='ocr_carea' id='block_1_63' title="bbox 316 4318 1886 4399">
    <p class='ocr_par' dir='ltr' id='par_1_63' title="bbox 316 4318 1886 4399">
     <span class='ocr_line' id='line_1_63' title="bbox 316 4318 1886 4399; baseline 0.009 -31"><span class='ocrx_word' id='word_1_512' title='bbox 316 4318 407 4370; x_wconf 75' lang='grc' dir='ltr'>καὶ</span> <span class='ocrx_word' id='word_1_513' title='bbox 444 4322 882 4389; x_wconf 66' lang='grc' dir='ltr'>καταφυτεύειν</span> <span class='ocrx_word' id='word_1_514' title='bbox 900 4340 913 4353; x_wconf 89' lang='grc'><strong>·</strong></span> <span class='ocrx_word' id='word_1_515' title='bbox 951 4323 1110 4377; x_wconf 87' lang='grc' dir='ltr'>τοῦτο</span> <span class='ocrx_word' id='word_1_516' title='bbox 1135 4324 1235 4377; x_wconf 86' lang='grc' dir='ltr'><strong><em>οὐκ</em></strong></span> <span class='ocrx_word' id='word_1_517' title='bbox 1259 4323 1512 4396; x_wconf 75' lang='grc' dir='ltr'>ἐποίησεν</span> <span class='ocrx_word' id='word_1_518' title='bbox 1535 4326 1564 4378; x_wconf 87' lang='grc' dir='ltr'><strong><em>ό</em></strong></span> <span class='ocrx_word' id='word_1_519' title='bbox 1601 4326 1886 4399; x_wconf 87' lang='grc' dir='ltr'>Ἱερεμίας.</span> 
     </span>
    </p>
   </div>
   <div class='ocr_carea' id='block_1_64' title="bbox 2017 1880 3590 1949">
    <p class='ocr_par' dir='ltr' id='par_1_64' title="bbox 2017 1880 3590 1949">
     <span class='ocr_line' id='line_1_64' title="bbox 2017 1880 3590 1949; baseline 0 -13"><span class='ocrx_word' id='word_1_520' title='bbox 2017 1895 2363 1936; x_wconf 87' lang='lat' dir='ltr'><strong><em>communem</em></strong></span> <span class='ocrx_word' id='word_1_521' title='bbox 2409 1880 2608 1948; x_wconf 86' lang='lat' dir='ltr'><strong><em>quippe</em></strong></span> <span class='ocrx_word' id='word_1_522' title='bbox 2660 1895 2879 1934; x_wconf 89' lang='lat' dir='ltr'><strong><em>sensum</em></strong></span> <span class='ocrx_word' id='word_1_523' title='bbox 2916 1881 3151 1949; x_wconf 87' lang='lat' dir='ltr'><strong><em>primum</em></strong></span> <span class='ocrx_word' id='word_1_524' title='bbox 3199 1882 3462 1937; x_wconf 84' lang='lat' dir='ltr'><strong><em>debemus</em></strong></span> <span class='ocrx_word' id='word_1_525' title='bbox 3494 1898 3590 1936; x_wconf 78' lang='lat' dir='ltr'><strong><em>ex-</em></strong></span> 
     </span>
    </p>
   </div>
   <div class='ocr_carea' id='block_1_65' title="bbox 2018 1968 3589 2039">
    <p class='ocr_par' dir='ltr' id='par_1_65' title="bbox 2018 1968 3589 2039">
     <span class='ocr_line' id='line_1_65' title="bbox 2018 1968 3589 2039; baseline 0.002 -17"><span class='ocrx_word' id='word_1_526' title='bbox 2018 1985 2218 2039; x_wconf 77' lang='lat' dir='ltr'><strong><em>ponere</em></strong></span> <span class='ocrx_word' id='word_1_527' title='bbox 2238 1975 2290 2037; x_wconf 25' lang='lat'><strong><em>).:</em></strong></span> <span class='ocrx_word' id='word_1_528' title='bbox 2336 1968 2452 2023; x_wconf 81' lang='lat' dir='ltr'><strong><em>lleu</em></strong></span> <span class='ocrx_word' id='word_1_529' title='bbox 2483 1968 2634 2034; x_wconf 82' lang='lat' dir='ltr'><strong><em>mihi,</em></strong></span> <span class='ocrx_word' id='word_1_530' title='bbox 2666 1978 2854 2032; x_wconf 89' lang='lat' dir='ltr'><strong><em>mater,</em></strong></span> <span class='ocrx_word' id='word_1_531' title='bbox 2871 1985 3033 2037; x_wconf 87' lang='lat' dir='ltr'><strong><em>quare</em></strong></span> <span class='ocrx_word' id='word_1_532' title='bbox 3057 1985 3138 2023; x_wconf 85' lang='lat' dir='ltr'><strong><em>me</em></strong></span> <span class='ocrx_word' id='word_1_533' title='bbox 3166 1971 3392 2039; x_wconf 77' lang='lat' dir='ltr'><strong><em>genuisti</em></strong></span> <span class='ocrx_word' id='word_1_534' title='bbox 3421 1973 3589 2026; x_wconf 80' lang='lat' dir='ltr'><strong><em>oiruin</em></strong></span> 
     </span>
    </p>
   </div>
   <div class='ocr_carea' id='block_1_66' title="bbox 2017 2059 3583 2132">
    <p class='ocr_par' dir='ltr' id='par_1_66' title="bbox 2017 2059 3583 2132">
     <span class='ocr_line' id='line_1_66' title="bbox 2017 2059 3583 2132; baseline 0.001 -17"><span class='ocrx_word' id='word_1_535' title='bbox 2017 2064 2106 2132; x_wconf 90' lang='lat' dir='ltr'><strong><em>qui</em></strong></span> <span class='ocrx_word' id='word_1_536' title='bbox 2121 2062 2332 2130; x_wconf 85' lang='lat' dir='ltr'><strong><em>judicer</em></strong></span> <span class='ocrx_word' id='word_1_537' title='bbox 2349 2069 2397 2114; x_wconf 91' lang='lat' dir='ltr'><strong><em>et</em></strong></span> <span class='ocrx_word' id='word_1_538' title='bbox 2428 2059 2703 2114; x_wconf 82' lang='lat' dir='ltr'><strong><em>discernar</em></strong></span> <span class='ocrx_word' id='word_1_539' title='bbox 2725 2060 2790 2113; x_wconf 91' lang='lat' dir='ltr'><strong><em>ab</em></strong></span> <span class='ocrx_word' id='word_1_540' title='bbox 2817 2061 2959 2113; x_wconf 84' lang='lat' dir='ltr'><strong><em>omni</em></strong></span> <span class='ocrx_word' id='word_1_541' title='bbox 2993 2062 3175 2113; x_wconf 84' lang='lat' dir='ltr'><strong><em>terra?</em></strong></span> <span class='ocrx_word' id='word_1_542' title='bbox 3205 2061 3436 2127; x_wconf 81' lang='lat' dir='ltr'><strong><em>Quidam</em></strong></span> <span class='ocrx_word' id='word_1_543' title='bbox 3483 2078 3583 2117; x_wconf 87' lang='lat' dir='ltr'><strong><em>an-</em></strong></span> 
     </span>
    </p>
   </div>
   <div class='ocr_carea' id='block_1_67' title="bbox 2019 2149 3586 2220">
    <p class='ocr_par' dir='ltr' id='par_1_67' title="bbox 2019 2149 3586 2220">
     <span class='ocr_line' id='line_1_67' title="bbox 2019 2149 3586 2220; baseline 0 -14"><span class='ocrx_word' id='word_1_544' title='bbox 2019 2163 2125 2207; x_wconf 90' lang='lat' dir='ltr'><strong><em>tem</em></strong></span> <span class='ocrx_word' id='word_1_545' title='bbox 2156 2151 2303 2205; x_wconf 90' lang='lat' dir='ltr'><strong><em>hunc</em></strong></span> <span class='ocrx_word' id='word_1_546' title='bbox 2327 2151 2504 2204; x_wconf 90' lang='lat' dir='ltr'><strong><em>locum</em></strong></span> <span class='ocrx_word' id='word_1_547' title='bbox 2538 2150 2921 2220; x_wconf 86' lang='lat' dir='ltr'><strong><em>interpretans,</em></strong></span> <span class='ocrx_word' id='word_1_548' title='bbox 2949 2149 3026 2204; x_wconf 89' lang='lat' dir='ltr'><strong><em>ait</em></strong></span> <span class='ocrx_word' id='word_1_549' title='bbox 3047 2152 3364 2220; x_wconf 77' lang='lat' dir='ltr'><strong><em>prophetam</em></strong></span> <span class='ocrx_word' id='word_1_550' title='bbox 3389 2168 3497 2207; x_wconf 89' lang='lat' dir='ltr'><strong><em>non</em></strong></span> <span class='ocrx_word' id='word_1_551' title='bbox 3521 2155 3586 2207; x_wconf 76' lang='lat' dir='ltr'><strong><em>ad</em></strong></span> 
     </span>
    </p>
   </div>
   <div class='ocr_carea' id='block_1_68' title="bbox 2019 2238 3585 2308">
    <p class='ocr_par' dir='ltr' id='par_1_68' title="bbox 2019 2238 3585 2308">
     <span class='ocr_line' id='line_1_68' title="bbox 2019 2238 3585 2308; baseline 0.003 -14"><span class='ocrx_word' id='word_1_552' title='bbox 2019 2248 2247 2294; x_wconf 86' lang='lat' dir='ltr'><strong><em>matrem</em></strong></span> <span class='ocrx_word' id='word_1_553' title='bbox 2278 2238 2612 2308; x_wconf 87' lang='lat' dir='ltr'><strong><em>corporalem</em></strong></span> <span class='ocrx_word' id='word_1_554' title='bbox 2641 2239 2756 2294; x_wconf 65' lang='lat' dir='ltr'><strong><em>haec</em></strong></span> <span class='ocrx_word' id='word_1_555' title='bbox 2773 2239 3013 2295; x_wconf 88' lang='lat' dir='ltr'><strong><em>locutum</em></strong></span> <span class='ocrx_word' id='word_1_556' title='bbox 3037 2240 3228 2308; x_wconf 79' lang='lat' dir='ltr'><strong><em>fuisse,</em></strong></span> <span class='ocrx_word' id='word_1_557' title='bbox 3252 2243 3347 2296; x_wconf 83' lang='lat' dir='ltr'><strong><em>sed</em></strong></span> <span class='ocrx_word' id='word_1_558' title='bbox 3376 2244 3443 2298; x_wconf 90' lang='lat' dir='ltr'><strong><em>ad</em></strong></span> <span class='ocrx_word' id='word_1_559' title='bbox 3465 2260 3585 2298; x_wconf 83' lang='lat' dir='ltr'><strong><em>eam</em></strong></span> 
     </span>
    </p>
   </div>
   <div class='ocr_carea' id='block_1_69' title="bbox 2018 2331 3585 2402">
    <p class='ocr_par' dir='ltr' id='par_1_69' title="bbox 2018 2331 3585 2402">
     <span class='ocr_line' id='line_1_69' title="bbox 2018 2331 3585 2402; baseline 0.004 -18"><span class='ocrx_word' id='word_1_560' title='bbox 2018 2345 2142 2399; x_wconf 82' lang='lat' dir='ltr'><strong><em>quae</em></strong></span> <span class='ocrx_word' id='word_1_561' title='bbox 2187 2339 2406 2402; x_wconf 78' lang='lat' dir='ltr'><strong><em>generet</em></strong></span> <span class='ocrx_word' id='word_1_562' title='bbox 2455 2331 2777 2400; x_wconf 83' lang='lat' dir='ltr'><strong><em>prophetas:</em></strong></span> <span class='ocrx_word' id='word_1_563' title='bbox 2827 2347 2927 2387; x_wconf 90' lang='lat' dir='ltr'><strong><em>nec</em></strong></span> <span class='ocrx_word' id='word_1_564' title='bbox 2968 2333 3132 2386; x_wconf 88' lang='lat' dir='ltr'><strong><em>aliam</em></strong></span> <span class='ocrx_word' id='word_1_565' title='bbox 3186 2349 3306 2389; x_wconf 85' lang='lat' dir='ltr'><strong><em>esse</em></strong></span> <span class='ocrx_word' id='word_1_566' title='bbox 3357 2345 3585 2390; x_wconf 63' lang='lat' dir='ltr'><strong><em>matri-tu</em></strong></span> 
     </span>
    </p>
   </div>
   <div class='ocr_carea' id='block_1_70' title="bbox 2018 2419 3583 2493">
    <p class='ocr_par' dir='ltr' id='par_1_70' title="bbox 2018 2419 3583 2493">
     <span class='ocr_line' id='line_1_70' title="bbox 2018 2419 3583 2493; baseline 0.006 -20"><span class='ocrx_word' id='word_1_567' title='bbox 2018 2420 2439 2490; x_wconf 84' lang='lat' dir='ltr'><strong><em>prophetarum,</em></strong></span> <span class='ocrx_word' id='word_1_568' title='bbox 2475 2421 2582 2474; x_wconf 87' lang='lat' dir='ltr'><strong><em>nisi</em></strong></span> <span class='ocrx_word' id='word_1_569' title='bbox 2634 2419 2955 2490; x_wconf 86' lang='lat' dir='ltr'><strong><em>sapientiam</em></strong></span> <span class='ocrx_word' id='word_1_570' title='bbox 3002 2421 3140 2488; x_wconf 82' lang='lat' dir='ltr'><strong><em>Dei,</em></strong></span> <span class='ocrx_word' id='word_1_571' title='bbox 3167 2423 3232 2476; x_wconf 88' lang='lat' dir='ltr'><strong><em>ad</em></strong></span> <span class='ocrx_word' id='word_1_572' title='bbox 3282 2441 3446 2493; x_wconf 89' lang='lat' dir='ltr'><strong><em>quam</em></strong></span> <span class='ocrx_word' id='word_1_573' title='bbox 3477 2427 3583 2482; x_wconf 89' lang='lat' dir='ltr'><strong><em>ait:</em></strong></span> 
     </span>
    </p>
   </div>
   <div class='ocr_carea' id='block_1_71' title="bbox 2017 2509 3586 2585">
    <p class='ocr_par' dir='ltr' id='par_1_71' title="bbox 2017 2509 3586 2585">
     <span class='ocr_line' id='line_1_71' title="bbox 2017 2509 3586 2585; baseline 0.004 -21"><span class='ocrx_word' id='word_1_574' title='bbox 2017 2509 2136 2564; x_wconf 81' lang='lat' dir='ltr'><strong><em>Heu</em></strong></span> <span class='ocrx_word' id='word_1_575' title='bbox 2161 2511 2326 2576; x_wconf 82' lang='lat' dir='ltr'><strong><em>mihi,</em></strong></span> <span class='ocrx_word' id='word_1_576' title='bbox 2376 2522 2544 2564; x_wconf 82' lang='lat' dir='ltr'><strong><em>mater</em></strong></span> <span class='ocrx_word' id='word_1_577' title='bbox 2576 2527 2729 2566; x_wconf 82' lang='lat' dir='ltr'><strong><em>mea:</em></strong></span> <span class='ocrx_word' id='word_1_578' title='bbox 2758 2511 2915 2582; x_wconf 86' lang='lat' dir='ltr'><strong><em>quasi</em></strong></span> <span class='ocrx_word' id='word_1_579' title='bbox 2953 2512 3128 2567; x_wconf 83' lang='lat' dir='ltr'><strong><em>dicat:</em></strong></span> <span class='ocrx_word' id='word_1_580' title='bbox 3151 2528 3250 2567; x_wconf 88' lang='lat' dir='ltr'><strong><em>cur</em></strong></span> <span class='ocrx_word' id='word_1_581' title='bbox 3279 2531 3364 2570; x_wconf 89' lang='lat' dir='ltr'><strong><em>me</em></strong></span> <span class='ocrx_word' id='word_1_582' title='bbox 3391 2519 3586 2585; x_wconf 86' lang='lat' dir='ltr'><strong><em>genui-</em></strong></span> 
     </span>
    </p>
   </div>
   <div class='ocr_carea' id='block_1_72' title="bbox 2015 2599 3586 2675">
    <p class='ocr_par' dir='ltr' id='par_1_72' title="bbox 2015 2599 3586 2675">
     <span class='ocr_line' id='line_1_72' title="bbox 2015 2599 3586 2675; baseline 0.001 -17"><span class='ocrx_word' id='word_1_583' title='bbox 2015 2601 2106 2667; x_wconf 79' lang='lat' dir='ltr'><strong><em>Sli,</em></strong></span> <span class='ocrx_word' id='word_1_584' title='bbox 2137 2615 2172 2654; x_wconf 91' lang='grc' dir='ltr'><strong><em>ο</em></strong></span> <span class='ocrx_word' id='word_1_585' title='bbox 2201 2601 2510 2670; x_wconf 84' lang='lat' dir='ltr'><strong><em>sapientia?</em></strong></span> <span class='ocrx_word' id='word_1_586' title='bbox 2540 2599 2706 2654; x_wconf 82' lang='lat' dir='ltr'><strong><em>Filios</em></strong></span> <span class='ocrx_word' id='word_1_587' title='bbox 2737 2614 2868 2655; x_wconf 81' lang='lat' dir='ltr'><strong><em>vero</em></strong></span> <span class='ocrx_word' id='word_1_588' title='bbox 2893 2602 3174 2670; x_wconf 67' lang='lat' dir='ltr'><strong><em>sapientiae</em></strong></span> <span class='ocrx_word' id='word_1_589' title='bbox 3201 2612 3254 2657; x_wconf 89' lang='lat' dir='ltr'><strong><em>et</em></strong></span> <span class='ocrx_word' id='word_1_590' title='bbox 3291 2604 3419 2658; x_wconf 88' lang='lat' dir='ltr'><strong><em>alibi</em></strong></span> <span class='ocrx_word' id='word_1_591' title='bbox 3453 2605 3586 2675; x_wconf 80' lang='lat' dir='ltr'><strong><em>legi-</em></strong></span> 
     </span>
    </p>
   </div>
   <div class='ocr_carea' id='block_1_73' title="bbox 2012 2689 3584 2766">
    <p class='ocr_par' dir='ltr' id='par_1_73' title="bbox 2012 2689 3584 2766">
     <span class='ocr_line' id='line_1_73' title="bbox 2012 2689 3584 2766; baseline 0.003 -20"><span class='ocrx_word' id='word_1_592' title='bbox 2012 2708 2156 2758; x_wconf 87' lang='lat' dir='ltr'><strong><em>mus,</em></strong></span> <span class='ocrx_word' id='word_1_593' title='bbox 2217 2689 2497 2761; x_wconf 85' lang='lat' dir='ltr'><strong><em>Scriptura</em></strong></span> <span class='ocrx_word' id='word_1_594' title='bbox 2554 2691 2768 2746; x_wconf 76' lang='lat' dir='ltr'><strong><em>dicente</em></strong></span> <span class='ocrx_word' id='word_1_595' title='bbox 2809 2710 2822 2745; x_wconf 90' lang='lat'><strong><em>:</em></strong></span> <span class='ocrx_word' id='word_1_596' title='bbox 2865 2691 3077 2746; x_wconf 85' lang='lat' dir='ltr'><strong><em>Emittit</em></strong></span> <span class='ocrx_word' id='word_1_597' title='bbox 3121 2695 3384 2763; x_wconf 86' lang='lat' dir='ltr'><strong><em>sapientia</em></strong></span> <span class='ocrx_word' id='word_1_598' title='bbox 3443 2697 3584 2766; x_wconf 81' lang='lat' dir='ltr'><strong><em>ﬁlios</em></strong></span> 
     </span>
    </p>
   </div>
   <div class='ocr_carea' id='block_1_74' title="bbox 2013 2781 3581 2855">
    <p class='ocr_par' dir='ltr' id='par_1_74' title="bbox 2013 2781 3581 2855">
     <span class='ocr_line' id='line_1_74' title="bbox 2013 2781 3581 2855; baseline 0.003 -18"><span class='ocrx_word' id='word_1_599' title='bbox 2013 2799 2158 2837; x_wconf 88' lang='lat' dir='ltr'><strong><em>suos.</em></strong></span> <span class='ocrx_word' id='word_1_600' title='bbox 2199 2781 2312 2837; x_wconf 78' lang='lat' dir='ltr'><strong><em>lleu</em></strong></span> <span class='ocrx_word' id='word_1_601' title='bbox 2345 2781 2500 2845; x_wconf 91' lang='lat' dir='ltr'><strong><em>mihi,</em></strong></span> <span class='ocrx_word' id='word_1_602' title='bbox 2524 2781 2722 2851; x_wconf 87' lang='lat' dir='ltr'><strong><em>inquit,</em></strong></span> <span class='ocrx_word' id='word_1_603' title='bbox 2749 2791 2921 2836; x_wconf 85' lang='lat' dir='ltr'><strong><em>mater</em></strong></span> <span class='ocrx_word' id='word_1_604' title='bbox 2949 2799 3067 2837; x_wconf 90' lang='lat' dir='ltr'><strong><em>mea</em></strong></span> <span class='ocrx_word' id='word_1_605' title='bbox 3103 2786 3402 2853; x_wconf 83' lang='lat' dir='ltr'><strong><em>sapientia:</em></strong></span> <span class='ocrx_word' id='word_1_606' title='bbox 3425 2791 3581 2855; x_wconf 81' lang='lat' dir='ltr'><strong><em>quasi</em></strong></span> 
     </span>
    </p>
   </div>
   <div class='ocr_carea' id='block_1_75' title="bbox 2011 2873 3582 2945">
    <p class='ocr_par' dir='ltr' id='par_1_75' title="bbox 2011 2873 3582 2945">
     <span class='ocr_line' id='line_1_75' title="bbox 2011 2873 3582 2945; baseline 0.001 -15"><span class='ocrx_word' id='word_1_607' title='bbox 2011 2875 2200 2930; x_wconf 88' lang='lat' dir='ltr'><strong><em>dicat:</em></strong></span> <span class='ocrx_word' id='word_1_608' title='bbox 2251 2889 2351 2928; x_wconf 93' lang='lat' dir='ltr'><strong><em>cur</em></strong></span> <span class='ocrx_word' id='word_1_609' title='bbox 2402 2888 2489 2927; x_wconf 91' lang='lat' dir='ltr'><strong><em>me</em></strong></span> <span class='ocrx_word' id='word_1_610' title='bbox 2539 2873 2772 2943; x_wconf 77' lang='lat' dir='ltr'><strong><em>genuisti</em></strong></span> <span class='ocrx_word' id='word_1_611' title='bbox 2825 2874 2998 2928; x_wconf 68' lang='lat' dir='ltr'><strong><em>iii-um</em></strong></span> <span class='ocrx_word' id='word_1_612' title='bbox 3038 2876 3130 2944; x_wconf 89' lang='lat' dir='ltr'><strong><em>qui</em></strong></span> <span class='ocrx_word' id='word_1_613' title='bbox 3155 2875 3406 2945; x_wconf 84' lang='lat' dir='ltr'><strong><em>judicer?</em></strong></span> <span class='ocrx_word' id='word_1_614' title='bbox 3448 2880 3582 2945; x_wconf 80' lang='lat' dir='ltr'><strong><em>Quis</em></strong></span> 
     </span>
    </p>
   </div>
   <div class='ocr_carea' id='block_1_76' title="bbox 2012 2964 3582 3040">
    <p class='ocr_par' dir='ltr' id='par_1_76' title="bbox 2012 2964 3582 3040">
     <span class='ocr_line' id='line_1_76' title="bbox 2012 2964 3582 3040; baseline 0.005 -22"><span class='ocrx_word' id='word_1_615' title='bbox 2012 2981 2112 3036; x_wconf 84' lang='lat' dir='ltr'><strong><em>ego</em></strong></span> <span class='ocrx_word' id='word_1_616' title='bbox 2145 2979 2264 3020; x_wconf 91' lang='lat' dir='ltr'><strong><em>sum</em></strong></span> <span class='ocrx_word' id='word_1_617' title='bbox 2301 2964 2396 3035; x_wconf 87' lang='lat' dir='ltr'><strong><em>qui</em></strong></span> <span class='ocrx_word' id='word_1_618' title='bbox 2441 2964 2493 3018; x_wconf 90' lang='lat' dir='ltr'><strong><em>in</em></strong></span> <span class='ocrx_word' id='word_1_619' title='bbox 2527 2964 2630 3019; x_wconf 92' lang='lat' dir='ltr'><strong><em>hoc</em></strong></span> <span class='ocrx_word' id='word_1_620' title='bbox 2659 2977 2819 3019; x_wconf 88' lang='lat' dir='ltr'><strong><em>natus</em></strong></span> <span class='ocrx_word' id='word_1_621' title='bbox 2844 2978 2964 3019; x_wconf 85' lang='lat' dir='ltr'><strong><em>sum</em></strong></span> <span class='ocrx_word' id='word_1_622' title='bbox 2991 3004 3005 3030; x_wconf 90' lang='lat'><strong><em>,</em></strong></span> <span class='ocrx_word' id='word_1_623' title='bbox 3062 2975 3121 3021; x_wconf 92' lang='lat' dir='ltr'><strong><em>ut</em></strong></span> <span class='ocrx_word' id='word_1_624' title='bbox 3162 2967 3374 3036; x_wconf 89' lang='lat' dir='ltr'><strong><em>judicer</em></strong></span> <span class='ocrx_word' id='word_1_625' title='bbox 3419 2981 3582 3040; x_wconf 86' lang='lat' dir='ltr'><strong><em>atque</em></strong></span> 
     </span>
    </p>
   </div>
   <div class='ocr_carea' id='block_1_77' title="bbox 2014 3053 3581 3129">
    <p class='ocr_par' dir='ltr' id='par_1_77' title="bbox 2014 3053 3581 3129">
     <span class='ocr_line' id='line_1_77' title="bbox 2014 3053 3581 3129; baseline 0.004 -22"><span class='ocrx_word' id='word_1_626' title='bbox 2014 3054 2294 3108; x_wconf 87' lang='lat' dir='ltr'><strong><em>discernar</em></strong></span> <span class='ocrx_word' id='word_1_627' title='bbox 2324 3061 2545 3123; x_wconf 88' lang='lat' dir='ltr'><strong><em>propter</em></strong></span> <span class='ocrx_word' id='word_1_628' title='bbox 2574 3053 2996 3122; x_wconf 87' lang='lat' dir='ltr'><strong><em>increpationes,</em></strong></span> <span class='ocrx_word' id='word_1_629' title='bbox 3030 3066 3250 3127; x_wconf 87' lang='lat' dir='ltr'><strong><em>propter</em></strong></span> <span class='ocrx_word' id='word_1_630' title='bbox 3283 3060 3581 3129; x_wconf 82' lang='lat' dir='ltr'><strong><em>correptio-</em></strong></span> 
     </span>
    </p>
   </div>
   <div class='ocr_carea' id='block_1_78' title="bbox 2014 3144 3578 3218">
    <p class='ocr_par' dir='ltr' id='par_1_78' title="bbox 2014 3144 3578 3218">
     <span class='ocr_line' id='line_1_78' title="bbox 2014 3144 3578 3218; baseline 0.003 -19"><span class='ocrx_word' id='word_1_631' title='bbox 2014 3160 2157 3210; x_wconf 86' lang='lat' dir='ltr'><strong><em>nem,</em></strong></span> <span class='ocrx_word' id='word_1_632' title='bbox 2188 3154 2406 3214; x_wconf 83' lang='lat' dir='ltr'><strong><em>propter</em></strong></span> <span class='ocrx_word' id='word_1_633' title='bbox 2436 3144 2830 3214; x_wconf 78' lang='lat' dir='ltr'><strong><em>magisterium,</em></strong></span> <span class='ocrx_word' id='word_1_634' title='bbox 2853 3145 2982 3200; x_wconf 91' lang='lat' dir='ltr'><strong><em>dum</em></strong></span> <span class='ocrx_word' id='word_1_635' title='bbox 3006 3148 3280 3218; x_wconf 85' lang='lat' dir='ltr'><strong><em>corrigere</em></strong></span> <span class='ocrx_word' id='word_1_636' title='bbox 3305 3149 3449 3204; x_wconf 86' lang='lat' dir='ltr'><strong><em>nitor</em></strong></span> <span class='ocrx_word' id='word_1_637' title='bbox 3479 3149 3578 3204; x_wconf 84' lang='lat' dir='ltr'><strong><em>ha-</em></strong></span> 
     </span>
    </p>
   </div>
   <div class='ocr_carea' id='block_1_79' title="bbox 2008 3235 3578 3305">
    <p class='ocr_par' dir='ltr' id='par_1_79' title="bbox 2008 3235 3578 3305">
     <span class='ocr_line' id='line_1_79' title="bbox 2008 3235 3578 3305; baseline 0.004 -16"><span class='ocrx_word' id='word_1_638' title='bbox 2008 3235 2240 3290; x_wconf 86' lang='lat' dir='ltr'><strong><em>bitantes</em></strong></span> <span class='ocrx_word' id='word_1_639' title='bbox 2290 3251 2453 3305; x_wconf 86' lang='lat' dir='ltr'><strong><em>super</em></strong></span> <span class='ocrx_word' id='word_1_640' title='bbox 2487 3236 2729 3290; x_wconf 85' lang='lat' dir='ltr'><strong><em>terram?</em></strong></span> <span class='ocrx_word' id='word_1_641' title='bbox 2755 3237 2809 3290; x_wconf 90' lang='lat' dir='ltr'><strong><em>Si</em></strong></span> <span class='ocrx_word' id='word_1_642' title='bbox 2838 3235 3102 3293; x_wconf 79' lang='lat' dir='ltr'><strong><em>Jeremias</em></strong></span> <span class='ocrx_word' id='word_1_643' title='bbox 3139 3239 3300 3295; x_wconf 89' lang='lat' dir='ltr'><strong><em>dicit:</em></strong></span> <span class='ocrx_word' id='word_1_644' title='bbox 3337 3241 3449 3295; x_wconf 74' lang='lat' dir='ltr'><strong><em>Cur</em></strong></span> <span class='ocrx_word' id='word_1_645' title='bbox 3492 3257 3578 3296; x_wconf 89' lang='lat' dir='ltr'><strong><em>me</em></strong></span> 
     </span>
    </p>
   </div>
   <div class='ocr_carea' id='block_1_80' title="bbox 2001 3326 3580 3397">
    <p class='ocr_par' dir='ltr' id='par_1_80' title="bbox 2001 3326 3580 3397">
     <span class='ocr_line' id='line_1_80' title="bbox 2001 3326 3580 3397; baseline 0.004 -17"><span class='ocrx_word' id='word_1_646' title='bbox 2001 3327 2230 3397; x_wconf 75' lang='lat' dir='ltr'><strong><em>genuisti</em></strong></span> <span class='ocrx_word' id='word_1_647' title='bbox 2260 3327 2434 3382; x_wconf 78' lang='lat' dir='ltr'><strong><em>virum</em></strong></span> <span class='ocrx_word' id='word_1_648' title='bbox 2465 3327 2553 3396; x_wconf 89' lang='lat' dir='ltr'><strong><em>qui</em></strong></span> <span class='ocrx_word' id='word_1_649' title='bbox 2577 3326 2804 3394; x_wconf 85' lang='lat' dir='ltr'><strong><em>judicer,</em></strong></span> <span class='ocrx_word' id='word_1_650' title='bbox 2834 3336 2890 3382; x_wconf 91' lang='lat' dir='ltr'><strong><em>et</em></strong></span> <span class='ocrx_word' id='word_1_651' title='bbox 2914 3327 3189 3382; x_wconf 88' lang='lat' dir='ltr'><strong><em>discernar</em></strong></span> <span class='ocrx_word' id='word_1_652' title='bbox 3212 3329 3359 3383; x_wconf 89' lang='lat' dir='ltr'><strong><em>omni</em></strong></span> <span class='ocrx_word' id='word_1_653' title='bbox 3388 3331 3580 3386; x_wconf 66' lang='lat' dir='ltr'><strong><em>terra?</em></strong></span> 
     </span>
    </p>
   </div>
   <div class='ocr_carea' id='block_1_81' title="bbox 1999 3415 3565 3492">
    <p class='ocr_par' dir='ltr' id='par_1_81' title="bbox 1999 3415 3565 3492">
     <span class='ocr_line' id='line_1_81' title="bbox 1999 3415 3565 3492; baseline 0.006 -22"><span class='ocrx_word' id='word_1_654' title='bbox 1999 3415 2120 3471; x_wconf 85' lang='lat' dir='ltr'><strong><em>Non</em></strong></span> <span class='ocrx_word' id='word_1_655' title='bbox 2144 3433 2430 3487; x_wconf 90' lang='lat' dir='ltr'><strong><em>possumus</em></strong></span> <span class='ocrx_word' id='word_1_656' title='bbox 2451 3433 2721 3488; x_wconf 80' lang='lat' dir='ltr'><strong><em>exponere</em></strong></span> <span class='ocrx_word' id='word_1_657' title='bbox 2743 3418 2871 3487; x_wconf 87' lang='lat' dir='ltr'><strong><em>quid</em></strong></span> <span class='ocrx_word' id='word_1_658' title='bbox 2906 3419 2994 3481; x_wconf 91' lang='lat' dir='ltr'><strong><em>sit,</em></strong></span> <span class='ocrx_word' id='word_1_659' title='bbox 3016 3419 3157 3473; x_wconf 83' lang='lat' dir='ltr'><strong><em>omni</em></strong></span> <span class='ocrx_word' id='word_1_660' title='bbox 3187 3430 3370 3486; x_wconf 70' lang='lat' dir='ltr'><strong><em>terrae;</em></strong></span> <span class='ocrx_word' id='word_1_661' title='bbox 3399 3436 3565 3492; x_wconf 77' lang='lat' dir='ltr'><strong><em>nequt</em></strong></span> 
     </span>
    </p>
   </div>
   <div class='ocr_carea' id='block_1_82' title="bbox 2001 3506 3575 3577">
    <p class='ocr_par' dir='ltr' id='par_1_82' title="bbox 2001 3506 3575 3577">
     <span class='ocr_line' id='line_1_82' title="bbox 2001 3506 3575 3577; baseline 0.004 -16"><span class='ocrx_word' id='word_1_662' title='bbox 2001 3506 2148 3565; x_wconf 84' lang='lat' dir='ltr'><strong><em>enim</em></strong></span> <span class='ocrx_word' id='word_1_663' title='bbox 2179 3508 2247 3562; x_wconf 92' lang='lat' dir='ltr'><strong><em>ab</em></strong></span> <span class='ocrx_word' id='word_1_664' title='bbox 2275 3507 2420 3562; x_wconf 89' lang='lat' dir='ltr'><strong><em>omni</em></strong></span> <span class='ocrx_word' id='word_1_665' title='bbox 2458 3517 2598 3562; x_wconf 90' lang='lat' dir='ltr'><strong><em>terra</em></strong></span> <span class='ocrx_word' id='word_1_666' title='bbox 2629 3507 2952 3577; x_wconf 86' lang='lat' dir='ltr'><strong><em>dijudicatur</em></strong></span> <span class='ocrx_word' id='word_1_667' title='bbox 2987 3509 3266 3574; x_wconf 82' lang='lat' dir='ltr'><strong><em>Jeremias,</em></strong></span> <span class='ocrx_word' id='word_1_668' title='bbox 3302 3512 3405 3565; x_wconf 92' lang='lat' dir='ltr'><strong><em>nisi</em></strong></span> <span class='ocrx_word' id='word_1_669' title='bbox 3437 3511 3575 3568; x_wconf 81' lang='lat' dir='ltr'><strong><em>forte</em></strong></span> 
     </span>
    </p>
   </div>
   <div class='ocr_carea' id='block_1_83' title="bbox 2002 3597 3573 3670">
    <p class='ocr_par' dir='ltr' id='par_1_83' title="bbox 2002 3597 3573 3670">
     <span class='ocr_line' id='line_1_83' title="bbox 2002 3597 3573 3670; baseline 0.001 -16"><span class='ocrx_word' id='word_1_670' title='bbox 2002 3597 2264 3654; x_wconf 71' lang='lat' dir='ltr'><strong><em>violenter</em></strong></span> <span class='ocrx_word' id='word_1_671' title='bbox 2313 3599 2645 3670; x_wconf 89' lang='lat' dir='ltr'><strong><em>Scripturam</em></strong></span> <span class='ocrx_word' id='word_1_672' title='bbox 2697 3600 2973 3655; x_wconf 83' lang='lat' dir='ltr'><strong><em>trahentes</em></strong></span> <span class='ocrx_word' id='word_1_673' title='bbox 3015 3601 3289 3665; x_wconf 88' lang='lat' dir='ltr'><strong><em>dicamus,</em></strong></span> <span class='ocrx_word' id='word_1_674' title='bbox 3339 3600 3573 3670; x_wconf 89' lang='lat' dir='ltr'><strong><em>positum</em></strong></span> 
     </span>
    </p>
   </div>
   <div class='ocr_carea' id='block_1_84' title="bbox 1998 3688 3572 3760">
    <p class='ocr_par' dir='ltr' id='par_1_84' title="bbox 1998 3688 3572 3760">
     <span class='ocr_line' id='line_1_84' title="bbox 1998 3688 3572 3760; baseline -0.002 -16"><span class='ocrx_word' id='word_1_675' title='bbox 1998 3703 2139 3754; x_wconf 90' lang='lat' dir='ltr'><strong><em>esse,</em></strong></span> <span class='ocrx_word' id='word_1_676' title='bbox 2175 3690 2318 3742; x_wconf 75' lang='lat' dir='ltr'><strong><em>omni</em></strong></span> <span class='ocrx_word' id='word_1_677' title='bbox 2345 3697 2518 3754; x_wconf 67' lang='lat' dir='ltr'><strong><em>terrae,</em></strong></span> <span class='ocrx_word' id='word_1_678' title='bbox 2548 3704 2646 3757; x_wconf 87' lang='lat' dir='ltr'><strong><em>pro</em></strong></span> <span class='ocrx_word' id='word_1_679' title='bbox 2675 3691 2822 3743; x_wconf 86' lang='lat' dir='ltr'><strong><em>omni</em></strong></span> <span class='ocrx_word' id='word_1_680' title='bbox 2848 3688 3053 3744; x_wconf 59' lang='lat' dir='ltr'><strong><em>Judea.</em></strong></span> <span class='ocrx_word' id='word_1_681' title='bbox 3083 3689 3322 3744; x_wconf 83' lang='lat' dir='ltr'><strong><em>Necdum</em></strong></span> <span class='ocrx_word' id='word_1_682' title='bbox 3373 3691 3572 3760; x_wconf 84' lang='lat' dir='ltr'><strong><em>quippe</em></strong></span> 
     </span>
    </p>
   </div>
   <div class='ocr_carea' id='block_1_85' title="bbox 1997 3779 3563 3850">
    <p class='ocr_par' dir='ltr' id='par_1_85' title="bbox 1997 3779 3563 3850">
     <span class='ocr_line' id='line_1_85' title="bbox 1997 3779 3563 3850; baseline 0 -18"><span class='ocrx_word' id='word_1_683' title='bbox 1997 3780 2278 3850; x_wconf 84' lang='lat' dir='ltr'><strong><em>prophetia</em></strong></span> <span class='ocrx_word' id='word_1_684' title='bbox 2324 3779 2444 3848; x_wconf 90' lang='lat' dir='ltr'><strong><em>ejus</em></strong></span> <span class='ocrx_word' id='word_1_685' title='bbox 2477 3779 2572 3834; x_wconf 92' lang='lat' dir='ltr'><strong><em>illo</em></strong></span> <span class='ocrx_word' id='word_1_686' title='bbox 2619 3787 2859 3847; x_wconf 88' lang='lat' dir='ltr'><strong><em>tempore</em></strong></span> <span class='ocrx_word' id='word_1_687' title='bbox 2900 3779 2952 3832; x_wconf 94' lang='lat' dir='ltr'><strong><em>iu</em></strong></span> <span class='ocrx_word' id='word_1_688' title='bbox 2996 3779 3308 3833; x_wconf 83' lang='lat' dir='ltr'><strong><em>universam</em></strong></span> <span class='ocrx_word' id='word_1_689' title='bbox 3363 3788 3563 3832; x_wconf 88' lang='lat' dir='ltr'><strong><em>terram</em></strong></span> 
     </span>
    </p>
   </div>
   <div class='ocr_carea' id='block_1_86' title="bbox 1995 3867 3570 3938">
    <p class='ocr_par' dir='ltr' id='par_1_86' title="bbox 1995 3867 3570 3938">
     <span class='ocr_line' id='line_1_86' title="bbox 1995 3867 3570 3938; baseline 0.001 -16"><span class='ocrx_word' id='word_1_690' title='bbox 1995 3878 2351 3938; x_wconf 87' lang='lat' dir='ltr'><strong><em>pervenerat:</em></strong></span> <span class='ocrx_word' id='word_1_691' title='bbox 2386 3869 2489 3922; x_wconf 86' lang='lat' dir='ltr'><strong><em>nisi</em></strong></span> <span class='ocrx_word' id='word_1_692' title='bbox 2516 3867 2673 3932; x_wconf 82' lang='lat' dir='ltr'><strong><em>forte,</em></strong></span> <span class='ocrx_word' id='word_1_693' title='bbox 2709 3867 2865 3921; x_wconf 90' lang='lat' dir='ltr'><strong><em>sicuti</em></strong></span> <span class='ocrx_word' id='word_1_694' title='bbox 2893 3877 2947 3920; x_wconf 91' lang='lat' dir='ltr'><strong><em>et</em></strong></span> <span class='ocrx_word' id='word_1_695' title='bbox 2980 3867 3032 3920; x_wconf 90' lang='lat' dir='ltr'><strong><em>in</em></strong></span> <span class='ocrx_word' id='word_1_696' title='bbox 3067 3867 3190 3922; x_wconf 90' lang='lat' dir='ltr'><strong><em>aliis</em></strong></span> <span class='ocrx_word' id='word_1_697' title='bbox 3222 3868 3406 3922; x_wconf 91' lang='lat' dir='ltr'><strong><em>multis</em></strong></span> <span class='ocrx_word' id='word_1_698' title='bbox 3438 3869 3570 3924; x_wconf 80' lang='lat' dir='ltr'><strong><em>locis</em></strong></span> 
     </span>
    </p>
   </div>
   <div class='ocr_carea' id='block_1_87' title="bbox 1995 3957 3569 4027">
    <p class='ocr_par' dir='ltr' id='par_1_87' title="bbox 1995 3957 3569 4027">
     <span class='ocr_line' id='line_1_87' title="bbox 1995 3957 3569 4027; baseline 0.001 -14"><span class='ocrx_word' id='word_1_699' title='bbox 1995 3961 2358 4025; x_wconf 86' lang='lat' dir='ltr'><strong><em>ostendimus,</em></strong></span> <span class='ocrx_word' id='word_1_700' title='bbox 2385 3959 2676 4014; x_wconf 74' lang='lat' dir='ltr'><strong><em>Jeremiam</em></strong></span> <span class='ocrx_word' id='word_1_701' title='bbox 2701 3974 2799 4027; x_wconf 91' lang='lat' dir='ltr'><strong><em>pro</em></strong></span> <span class='ocrx_word' id='word_1_702' title='bbox 2828 3957 3058 4011; x_wconf 90' lang='lat' dir='ltr'><strong><em>Domino</em></strong></span> <span class='ocrx_word' id='word_1_703' title='bbox 3075 3968 3260 4015; x_wconf 88' lang='lat' dir='ltr'><strong><em>nostro</em></strong></span> <span class='ocrx_word' id='word_1_704' title='bbox 3275 3957 3399 4016; x_wconf 83' lang='lat' dir='ltr'><strong><em>Jesu</em></strong></span> <span class='ocrx_word' id='word_1_705' title='bbox 3417 3959 3569 4014; x_wconf 82' lang='lat' dir='ltr'><strong><em>Chri-</em></strong></span> 
     </span>
    </p>
   </div>
   <div class='ocr_carea' id='block_1_88' title="bbox 1995 4048 3564 4120">
    <p class='ocr_par' dir='ltr' id='par_1_88' title="bbox 1995 4048 3564 4120">
     <span class='ocr_line' id='line_1_88' title="bbox 1995 4048 3564 4120; baseline 0.001 -15"><span class='ocrx_word' id='word_1_706' title='bbox 1995 4059 2081 4105; x_wconf 89' lang='lat' dir='ltr'><strong><em>sto</em></strong></span> <span class='ocrx_word' id='word_1_707' title='bbox 2108 4050 2366 4119; x_wconf 88' lang='lat' dir='ltr'><strong><em>positum,</em></strong></span> <span class='ocrx_word' id='word_1_708' title='bbox 2401 4051 2480 4103; x_wconf 90' lang='lat' dir='ltr'><strong><em>sic</em></strong></span> <span class='ocrx_word' id='word_1_709' title='bbox 2507 4057 2560 4104; x_wconf 92' lang='lat' dir='ltr'><strong><em>et</em></strong></span> <span class='ocrx_word' id='word_1_710' title='bbox 2593 4049 2650 4101; x_wconf 92' lang='lat' dir='ltr'><strong><em>in</em></strong></span> <span class='ocrx_word' id='word_1_711' title='bbox 2680 4048 2932 4117; x_wconf 71' lang='lat' dir='ltr'><strong><em>praesenti</em></strong></span> <span class='ocrx_word' id='word_1_712' title='bbox 2978 4049 3097 4104; x_wconf 92' lang='lat' dir='ltr'><strong><em>loco</em></strong></span> <span class='ocrx_word' id='word_1_713' title='bbox 3129 4051 3564 4120; x_wconf 88' lang='lat' dir='ltr'><strong><em>interpretemur.</em></strong></span> 
     </span>
    </p>
   </div>
   <div class='ocr_carea' id='block_1_89' title="bbox 1993 4138 3559 4209">
    <p class='ocr_par' dir='ltr' id='par_1_89' title="bbox 1993 4138 3559 4209">
     <span class='ocr_line' id='line_1_89' title="bbox 1993 4138 3559 4209; baseline 0.001 -17"><span class='ocrx_word' id='word_1_714' title='bbox 1993 4139 2392 4193; x_wconf 81' lang='lat' dir='ltr'><strong><em>Aduolavimus</em></strong></span> <span class='ocrx_word' id='word_1_715' title='bbox 2445 4139 2497 4192; x_wconf 91' lang='lat' dir='ltr'><strong><em>in</em></strong></span> <span class='ocrx_word' id='word_1_716' title='bbox 2543 4138 2810 4209; x_wconf 88' lang='lat' dir='ltr'><strong><em>principio</em></strong></span> <span class='ocrx_word' id='word_1_717' title='bbox 2857 4139 3020 4209; x_wconf 88' lang='lat' dir='ltr'><strong><em>hujus</em></strong></span> <span class='ocrx_word' id='word_1_718' title='bbox 3076 4141 3196 4195; x_wconf 90' lang='lat' dir='ltr'><strong><em>libri</em></strong></span> <span class='ocrx_word' id='word_1_719' title='bbox 3227 4142 3430 4196; x_wconf 90' lang='lat' dir='ltr'><strong><em>dictum</em></strong></span> <span class='ocrx_word' id='word_1_720' title='bbox 3462 4141 3559 4194; x_wconf 78' lang='lat'><strong><em>“:</em></strong></span> 
     </span>
    </p>
   </div>
   <div class='ocr_carea' id='block_1_90' title="bbox 1993 4228 3558 4300">
    <p class='ocr_par' dir='ltr' id='par_1_90' title="bbox 1993 4228 3558 4300">
     <span class='ocr_line' id='line_1_90' title="bbox 1993 4228 3558 4300; baseline 0.002 -17"><span class='ocrx_word' id='word_1_721' title='bbox 1993 4229 2312 4298; x_wconf 68' lang='lat' dir='ltr'><strong><em>Proplietam</em></strong></span> <span class='ocrx_word' id='word_1_722' title='bbox 2333 4229 2388 4282; x_wconf 91' lang='lat' dir='ltr'><strong><em>in</em></strong></span> <span class='ocrx_word' id='word_1_723' title='bbox 2431 4228 2668 4300; x_wconf 84' lang='lat' dir='ltr'><strong><em>gentibus</em></strong></span> <span class='ocrx_word' id='word_1_724' title='bbox 2726 4229 2876 4299; x_wconf 84' lang='lat' dir='ltr'><strong><em>posui</em></strong></span> <span class='ocrx_word' id='word_1_725' title='bbox 2937 4238 3007 4296; x_wconf 87' lang='lat' dir='ltr'><strong><em>te,</em></strong></span> <span class='ocrx_word' id='word_1_726' title='bbox 3057 4246 3217 4300; x_wconf 88' lang='lat' dir='ltr'><strong><em>regna</em></strong></span> <span class='ocrx_word' id='word_1_727' title='bbox 3267 4230 3558 4300; x_wconf 81' lang='lat' dir='ltr'><strong><em>eradicare,</em></strong></span> 
     </span>
    </p>
   </div>
   <div class='ocr_carea' id='block_1_91' title="bbox 1991 4322 3557 4394">
    <p class='ocr_par' dir='ltr' id='par_1_91' title="bbox 1991 4322 3557 4394">
     <span class='ocr_line' id='line_1_91' title="bbox 1991 4322 3557 4394; baseline 0.002 -17"><span class='ocrx_word' id='word_1_728' title='bbox 1991 4334 2038 4377; x_wconf 86' lang='lat' dir='ltr'><strong><em>et</em></strong></span> <span class='ocrx_word' id='word_1_729' title='bbox 2067 4323 2378 4387; x_wconf 82' lang='lat' dir='ltr'><strong><em>subvertere,</em></strong></span> <span class='ocrx_word' id='word_1_730' title='bbox 2405 4334 2451 4376; x_wconf 92' lang='lat' dir='ltr'><strong><em>et</em></strong></span> <span class='ocrx_word' id='word_1_731' title='bbox 2477 4322 2796 4391; x_wconf 84' lang='lat' dir='ltr'><strong><em>disperdere,</em></strong></span> <span class='ocrx_word' id='word_1_732' title='bbox 2824 4331 2872 4376; x_wconf 86' lang='lat' dir='ltr'><strong><em>et</em></strong></span> <span class='ocrx_word' id='word_1_733' title='bbox 2905 4324 3191 4394; x_wconf 74' lang='lat' dir='ltr'><strong><em>wdiﬁcare,</em></strong></span> <span class='ocrx_word' id='word_1_734' title='bbox 3215 4332 3264 4376; x_wconf 89' lang='lat' dir='ltr'><strong><em>et</em></strong></span> <span class='ocrx_word' id='word_1_735' title='bbox 3295 4322 3557 4393; x_wconf 81' lang='lat' dir='ltr'><strong><em>plantare.</em></strong></span> 
     </span>
    </p>
   </div>
   <div class='ocr_carea' id='block_1_92' title="bbox 327 4405 1993 4497">
    <p class='ocr_par' dir='ltr' id='par_1_92' title="bbox 327 4405 1993 4497">
     <span class='ocr_line' id='line_1_92' title="bbox 327 4405 1993 4497; baseline 0.023 -40"><span class='ocrx_word' id='word_1_736' title='bbox 327 4405 533 4497; x_wconf 52' lang='grc' dir='ltr'>Ἰησοῦς</span> <span class='ocrx_word' id='word_1_737' title='bbox 560 4408 617 4461; x_wconf 83' lang='grc' dir='ltr'>δὲ</span> <span class='ocrx_word' id='word_1_738' title='bbox 644 4407 875 4480; x_wconf 80' lang='grc' dir='ltr'>Χριστὸς</span> <span class='ocrx_word' id='word_1_739' title='bbox 895 4411 994 4475; x_wconf 87' lang='grc' dir='ltr'>τὰς</span> <span class='ocrx_word' id='word_1_740' title='bbox 1024 4413 1121 4483; x_wconf 79' lang='grc' dir='ltr'><strong><em>τῆς</em></strong></span> <span class='ocrx_word' id='word_1_741' title='bbox 1147 4414 1250 4483; x_wconf 85' lang='grc' dir='ltr'><strong><em>γῆς</em></strong></span> <span class='ocrx_word' id='word_1_742' title='bbox 1286 4414 1562 4486; x_wconf 73' lang='grc' dir='ltr'>ἁμαρτίας</span> <span class='ocrx_word' id='word_1_743' title='bbox 1609 4415 1888 4487; x_wconf 74' lang='grc' dir='ltr'><strong><em>βασιλείας</em></strong></span> <span class='ocrx_word' id='word_1_744' title='bbox 1919 4442 1964 4497; x_wconf 85' lang='lat' dir='ltr'><strong>D</strong></span> <span class='ocrx_word' id='word_1_745' title='bbox 1991 4415 1993 4420; x_wconf 13' lang='grc' dir='ltr'>Ἰ</span> 
     </span>
    </p>
   </div>
   <div class='ocr_carea' id='block_1_93' title="bbox 1897 4405 3563 4497">
    <p class='ocr_par' dir='ltr' id='par_1_93' title="bbox 1919 4412 3563 4497">
     <span class='ocr_line' id='line_1_93' title="bbox 1919 4412 3563 4497; baseline 0.002 -29"><span class='ocrx_word' id='word_1_746' title='bbox 1919 4442 1964 4497; x_wconf 72' lang='grc' dir='ltr'><strong><em>ι)</em></strong></span> <span class='ocrx_word' id='word_1_747' title='bbox 1991 4415 2162 4470; x_wconf 89' lang='lat' dir='ltr'><strong><em>Porro</em></strong></span> <span class='ocrx_word' id='word_1_748' title='bbox 2185 4413 2454 4470; x_wconf 86' lang='lat' dir='ltr'><strong><em>Jeremias</em></strong></span> <span class='ocrx_word' id='word_1_749' title='bbox 2484 4414 2588 4477; x_wconf 84' lang='lat' dir='ltr'><strong><em>ista</em></strong></span> <span class='ocrx_word' id='word_1_750' title='bbox 2621 4430 2729 4468; x_wconf 91' lang='lat' dir='ltr'><strong><em>non</em></strong></span> <span class='ocrx_word' id='word_1_751' title='bbox 2758 4412 2919 4479; x_wconf 78' lang='lat' dir='ltr'><strong><em>fecit,</em></strong></span> <span class='ocrx_word' id='word_1_752' title='bbox 2963 4415 3056 4469; x_wconf 89' lang='lat' dir='ltr'><strong><em>sed</em></strong></span> <span class='ocrx_word' id='word_1_753' title='bbox 3091 4412 3357 4468; x_wconf 88' lang='lat' dir='ltr'><strong><em>Dominus</em></strong></span> <span class='ocrx_word' id='word_1_754' title='bbox 3411 4430 3563 4472; x_wconf 86' lang='lat' dir='ltr'><strong><em>meus</em></strong></span> 
     </span>
    </p>
   </div>
   <div class='ocr_carea' id='block_1_94' title="bbox 315 4493 1882 4579">
    <p class='ocr_par' dir='ltr' id='par_1_94' title="bbox 315 4493 1882 4579">
     <span class='ocr_line' id='line_1_94' title="bbox 315 4493 1882 4579; baseline 0.01 -31"><span class='ocrx_word' id='word_1_755' title='bbox 315 4493 660 4570; x_wconf 75' lang='grc' dir='ltr'>ὲξερρίζωσε,</span> <span class='ocrx_word' id='word_1_756' title='bbox 683 4500 888 4564; x_wconf 77' lang='grc' dir='ltr'>καὶτὰς</span> <span class='ocrx_word' id='word_1_757' title='bbox 905 4503 1192 4574; x_wconf 85' lang='grc' dir='ltr'>οίκοδομὰς</span> <span class='ocrx_word' id='word_1_758' title='bbox 1214 4504 1315 4574; x_wconf 80' lang='grc' dir='ltr'>τῆς</span> <span class='ocrx_word' id='word_1_759' title='bbox 1334 4505 1530 4570; x_wconf 83' lang='grc' dir='ltr'>κακίας</span> <span class='ocrx_word' id='word_1_760' title='bbox 1554 4507 1882 4579; x_wconf 78' lang='grc' dir='ltr'>κατέσκαψε,</span> 
     </span>
    </p>
   </div>
   <div class='ocr_carea' id='block_1_95' title="bbox 317 4585 1883 4667">
    <p class='ocr_par' dir='ltr' id='par_1_95' title="bbox 317 4585 1883 4667">
     <span class='ocr_line' id='line_1_95' title="bbox 317 4585 1883 4667; baseline 0.01 -29"><span class='ocrx_word' id='word_1_761' title='bbox 317 4585 402 4638; x_wconf 80' lang='grc' dir='ltr'>καὶ</span> <span class='ocrx_word' id='word_1_762' title='bbox 431 4588 689 4660; x_wconf 73' lang='grc' dir='ltr'>εποίησεν</span> <span class='ocrx_word' id='word_1_763' title='bbox 716 4589 836 4643; x_wconf 77' lang='grc' dir='ltr'>ἀντὶ</span> <span class='ocrx_word' id='word_1_764' title='bbox 857 4591 1080 4644; x_wconf 79' lang='grc' dir='ltr'>ἐκείνων</span> <span class='ocrx_word' id='word_1_765' title='bbox 1107 4593 1217 4647; x_wconf 85' lang='grc' dir='ltr'>τῶν</span> <span class='ocrx_word' id='word_1_766' title='bbox 1239 4593 1526 4664; x_wconf 82' lang='grc' dir='ltr'>βασιλειῶν</span> <span class='ocrx_word' id='word_1_767' title='bbox 1570 4596 1883 4667; x_wconf 89' lang='grc' dir='ltr'>βασιλεῦσαι</span> 
     </span>
    </p>
   </div>
   <div class='ocr_carea' id='block_1_96' title="bbox 317 4674 1886 4761">
    <p class='ocr_par' dir='ltr' id='par_1_96' title="bbox 317 4674 1886 4761">
     <span class='ocr_line' id='line_1_96' title="bbox 317 4674 1886 4761; baseline 0.01 -31"><span class='ocrx_word' id='word_1_768' title='bbox 317 4674 408 4746; x_wconf 81' lang='grc' dir='ltr'>τὴν</span> <span class='ocrx_word' id='word_1_769' title='bbox 436 4677 816 4752; x_wconf 85' lang='grc' dir='ltr'>δικαιοσύνην,</span> <span class='ocrx_word' id='word_1_770' title='bbox 870 4685 962 4737; x_wconf 73' lang='grc' dir='ltr'>καὶ</span> <span class='ocrx_word' id='word_1_771' title='bbox 1003 4685 1099 4756; x_wconf 80' lang='grc' dir='ltr'>τὴν</span> <span class='ocrx_word' id='word_1_772' title='bbox 1135 4685 1393 4758; x_wconf 78' lang='grc' dir='ltr'>ἀλήθειαν</span> <span class='ocrx_word' id='word_1_773' title='bbox 1433 4689 1490 4741; x_wconf 74' lang='grc' dir='ltr'>ὲν</span> <span class='ocrx_word' id='word_1_774' title='bbox 1523 4691 1644 4753; x_wconf 77' lang='grc' dir='ltr'>ταῖς</span> <span class='ocrx_word' id='word_1_775' title='bbox 1685 4690 1886 4761; x_wconf 77' lang='grc' dir='ltr'>ψυχαῖς</span> 
     </span>
    </p>
   </div>
   <div class='ocr_carea' id='block_1_97' title="bbox 321 4767 1884 4850">
    <p class='ocr_par' dir='ltr' id='par_1_97' title="bbox 321 4767 1884 4850">
     <span class='ocr_line' id='line_1_97' title="bbox 321 4767 1884 4850; baseline 0.008 -28"><span class='ocrx_word' id='word_1_776' title='bbox 321 4767 489 4836; x_wconf 74' lang='grc' dir='ltr'>ἡμῶν.</span> <span class='ocrx_word' id='word_1_777' title='bbox 539 4772 749 4844; x_wconf 81' lang='grc' dir='ltr'>Ὥσπερ</span> <span class='ocrx_word' id='word_1_778' title='bbox 804 4770 896 4827; x_wconf 83' lang='grc' dir='ltr'><strong><em>οὖν</em></strong></span> <span class='ocrx_word' id='word_1_779' title='bbox 928 4777 1110 4827; x_wconf 81' lang='grc' dir='ltr'>ἐκεῖνα</span> <span class='ocrx_word' id='word_1_780' title='bbox 1143 4776 1236 4830; x_wconf 74' lang='grc' dir='ltr'><strong><em>ἐπὶ</em></strong></span> <span class='ocrx_word' id='word_1_781' title='bbox 1275 4777 1366 4831; x_wconf 83' lang='grc' dir='ltr'><strong><em>τὸν</em></strong></span> <span class='ocrx_word' id='word_1_782' title='bbox 1407 4779 1642 4848; x_wconf 86' lang='grc' dir='ltr'>Χριστὸν</span> <span class='ocrx_word' id='word_1_783' title='bbox 1685 4781 1884 4850; x_wconf 81' lang='grc' dir='ltr'>μᾶλλον</span> 
     </span>
    </p>
   </div>
   <div class='ocr_carea' id='block_1_98' title="bbox 317 4856 1884 4940">
    <p class='ocr_par' dir='ltr' id='par_1_98' title="bbox 317 4856 1884 4940">
     <span class='ocr_line' id='line_1_98' title="bbox 317 4856 1884 4940; baseline 0.008 -29"><span class='ocrx_word' id='word_1_784' title='bbox 317 4856 550 4927; x_wconf 76' lang='grc' dir='ltr'>ἥρμοζεν</span> <span class='ocrx_word' id='word_1_785' title='bbox 594 4862 962 4932; x_wconf 79' lang='grc' dir='ltr'>ἀναφέρεσθαι</span> <span class='ocrx_word' id='word_1_786' title='bbox 1011 4867 1042 4938; x_wconf 79' lang='grc' dir='ltr'>ἢ</span> <span class='ocrx_word' id='word_1_787' title='bbox 1090 4864 1181 4917; x_wconf 70' lang='grc' dir='ltr'><strong><em>ἐπὶ</em></strong></span> <span class='ocrx_word' id='word_1_788' title='bbox 1225 4865 1318 4920; x_wconf 77' lang='grc' dir='ltr'>τὸν</span> <span class='ocrx_word' id='word_1_789' title='bbox 1375 4868 1676 4940; x_wconf 86' lang='grc' dir='ltr'>Ἰερεμίαν,</span> <span class='ocrx_word' id='word_1_790' title='bbox 1710 4869 1884 4935; x_wconf 75' lang='grc' dir='ltr'>οὕτως</span> 
     </span>
    </p>
   </div>
   <div class='ocr_carea' id='block_1_99' title="bbox 319 4947 1386 5020">
    <p class='ocr_par' dir='ltr' id='par_1_99' title="bbox 319 4947 1386 5020">
     <span class='ocr_line' id='line_1_99' title="bbox 319 4947 1386 5020; baseline 0.007 -18"><span class='ocrx_word' id='word_1_791' title='bbox 319 4947 544 5020; x_wconf 80' lang='grc' dir='ltr'>ἡγοῦμαι</span> <span class='ocrx_word' id='word_1_792' title='bbox 577 4953 670 5007; x_wconf 77' lang='grc' dir='ltr'><strong><em>καὶ</em></strong></span> <span class='ocrx_word' id='word_1_793' title='bbox 694 4952 831 5006; x_wconf 77' lang='grc' dir='ltr'><em>ἄλλα</em></span> <span class='ocrx_word' id='word_1_794' title='bbox 857 4952 1046 5015; x_wconf 84' lang='grc' dir='ltr'>πολλὰ,</span> <span class='ocrx_word' id='word_1_795' title='bbox 1070 4953 1163 5006; x_wconf 75' lang='grc' dir='ltr'>καὶ</span> <span class='ocrx_word' id='word_1_796' title='bbox 1191 4954 1386 5010; x_wconf 87' lang='grc' dir='ltr'>ταῦτα.</span> 
     </span>
    </p>
   </div>
   <div class='ocr_carea' id='block_1_100' title="bbox 384 5042 1881 5122">
    <p class='ocr_par' dir='ltr' id='par_1_100' title="bbox 384 5042 1881 5122">
     <span class='ocr_line' id='line_1_100' title="bbox 384 5042 1881 5122; baseline 0.008 -28"><span class='ocrx_word' id='word_1_797' title='bbox 384 5042 603 5114; x_wconf 86' lang='grc' dir='ltr'>Πρῶτον</span> <span class='ocrx_word' id='word_1_798' title='bbox 635 5045 856 5098; x_wconf 84' lang='grc' dir='ltr'>λεκτέον</span> <span class='ocrx_word' id='word_1_799' title='bbox 884 5046 1010 5116; x_wconf 75' lang='grc' dir='ltr'>περὶ</span> <span class='ocrx_word' id='word_1_800' title='bbox 1038 5045 1152 5108; x_wconf 91' lang='grc' dir='ltr'>τοῦ,</span> <span class='ocrx_word' id='word_1_801' title='bbox 1189 5047 1378 5116; x_wconf 56' lang='lat' dir='ltr'><strong><em>aluos,</em></strong></span> <span class='ocrx_word' id='word_1_802' title='bbox 1401 5049 1449 5101; x_wconf 82' lang='grc' dir='ltr'>εἰ</span> <span class='ocrx_word' id='word_1_803' title='bbox 1474 5048 1564 5102; x_wconf 82' lang='grc' dir='ltr'>διὰ</span> <span class='ocrx_word' id='word_1_804' title='bbox 1595 5049 1655 5102; x_wconf 82' lang='grc' dir='ltr'>τὸ</span> <span class='ocrx_word' id='word_1_805' title='bbox 1673 5051 1881 5122; x_wconf 88' lang='grc' dir='ltr'>δυσφη-</span> 
     </span>
    </p>
   </div>
   <div class='ocr_carea' id='block_1_101' title="bbox 323 5135 1884 5208">
    <p class='ocr_par' dir='ltr' id='par_1_101' title="bbox 323 5135 1884 5208">
     <span class='ocr_line' id='line_1_101' title="bbox 323 5135 1884 5208; baseline 0.008 -24"><span class='ocrx_word' id='word_1_806' title='bbox 323 5135 521 5200; x_wconf 76' lang='grc' dir='ltr'>μοειδὲς</span> <span class='ocrx_word' id='word_1_807' title='bbox 568 5137 789 5191; x_wconf 84' lang='grc' dir='ltr'>δύναται</span> <span class='ocrx_word' id='word_1_808' title='bbox 836 5138 865 5192; x_wconf 85' lang='grc' dir='ltr'><strong><em>ό</em></strong></span> <span class='ocrx_word' id='word_1_809' title='bbox 915 5136 1105 5208; x_wconf 82' lang='grc' dir='ltr'>Σωτὴρ</span> <span class='ocrx_word' id='word_1_810' title='bbox 1152 5137 1351 5206; x_wconf 81' lang='grc' dir='ltr'>λέγειν,</span> <span class='ocrx_word' id='word_1_811' title='bbox 1384 5139 1412 5190; x_wconf 84' lang='grc' dir='ltr'><strong><em>ό</em></strong></span> <span class='ocrx_word' id='word_1_812' title='bbox 1460 5139 1554 5193; x_wconf 81' lang='grc' dir='ltr'>καὶ</span> <span class='ocrx_word' id='word_1_813' title='bbox 1584 5141 1884 5208; x_wconf 79' lang='grc' dir='ltr'>ταλανίζων</span> 
     </span>
    </p>
   </div>
   <div class='ocr_carea' id='block_1_102' title="bbox 320 5221 1883 5303">
    <p class='ocr_par' dir='ltr' id='par_1_102' title="bbox 320 5221 1883 5303">
     <span class='ocr_line' id='line_1_102' title="bbox 320 5221 1883 5303; baseline 0.008 -30"><span class='ocrx_word' id='word_1_814' title='bbox 320 5221 547 5292; x_wconf 77' lang='grc' dir='ltr'>ἑτέρους,</span> <span class='ocrx_word' id='word_1_815' title='bbox 583 5228 678 5280; x_wconf 66' lang='lat'><strong><em>1:6-</em></strong></span> <span class='ocrx_word' id='word_1_816' title='bbox 720 5229 918 5298; x_wconf 76' lang='grc' dir='ltr'>Οίμοιο</span> <span class='ocrx_word' id='word_1_817' title='bbox 966 5231 1403 5300; x_wconf 85' lang='grc' dir='ltr'>παραστήσωμεν</span> <span class='ocrx_word' id='word_1_818' title='bbox 1437 5230 1493 5283; x_wconf 81' lang='grc' dir='ltr'>δὲ</span> <span class='ocrx_word' id='word_1_819' title='bbox 1541 5231 1651 5285; x_wconf 83' lang='grc' dir='ltr'>ἀπὸ</span> <span class='ocrx_word' id='word_1_820' title='bbox 1693 5232 1883 5303; x_wconf 82' lang='grc' dir='ltr'>ὁμολο-</span> 
     </span>
    </p>
   </div>
   <div class='ocr_carea' id='block_1_103' title="bbox 320 5317 1881 5394">
    <p class='ocr_par' dir='ltr' id='par_1_103' title="bbox 320 5317 1881 5394">
     <span class='ocr_line' id='line_1_103' title="bbox 320 5317 1881 5394; baseline 0.007 -29"><span class='ocrx_word' id='word_1_821' title='bbox 320 5317 588 5384; x_wconf 78' lang='grc' dir='ltr'>γουμένων</span> <span class='ocrx_word' id='word_1_822' title='bbox 612 5318 827 5383; x_wconf 81' lang='grc' dir='ltr'>λέξεων,</span> <span class='ocrx_word' id='word_1_823' title='bbox 857 5321 1056 5383; x_wconf 76' lang='grc' dir='ltr'>αἵτινες</span> <span class='ocrx_word' id='word_1_824' title='bbox 1083 5322 1182 5391; x_wconf 82' lang='grc' dir='ltr'><strong><em>οὐχ</em></strong></span> <span class='ocrx_word' id='word_1_825' title='bbox 1211 5319 1542 5393; x_wconf 78' lang='grc' dir='ltr'>ἁρμόζουσιν</span> <span class='ocrx_word' id='word_1_826' title='bbox 1575 5323 1719 5394; x_wconf 74' lang='grc' dir='ltr'><strong><em>ἄλλῳ</em></strong></span> <span class='ocrx_word' id='word_1_827' title='bbox 1751 5324 1881 5394; x_wconf 81' lang='grc' dir='ltr'><strong><em>ἢτῷ</em></strong></span> 
     </span>
    </p>
   </div>
   <div class='ocr_carea' id='block_1_104' title="bbox 321 5400 1880 5487">
    <p class='ocr_par' dir='ltr' id='par_1_104' title="bbox 321 5400 1880 5487">
     <span class='ocr_line' id='line_1_104' title="bbox 321 5400 1880 5487; baseline 0.009 -31"><span class='ocrx_word' id='word_1_828' title='bbox 321 5400 554 5475; x_wconf 80' lang='grc' dir='ltr'>Σωτῆρι·</span> <span class='ocrx_word' id='word_1_829' title='bbox 584 5409 705 5461; x_wconf 87' lang='grc' dir='ltr'>τίνα</span> <span class='ocrx_word' id='word_1_830' title='bbox 745 5409 944 5480; x_wconf 85' lang='grc' dir='ltr'>τρόπον</span> <span class='ocrx_word' id='word_1_831' title='bbox 976 5412 1069 5464; x_wconf 79' lang='grc' dir='ltr'><strong><em>καὶ</em></strong></span> <span class='ocrx_word' id='word_1_832' title='bbox 1115 5410 1378 5465; x_wconf 74' lang='grc' dir='ltr'>ἔκλαυσεν</span> <span class='ocrx_word' id='word_1_833' title='bbox 1422 5413 1514 5467; x_wconf 74' lang='grc' dir='ltr'><strong><em>ἐπὶ</em></strong></span> <span class='ocrx_word' id='word_1_834' title='bbox 1550 5413 1648 5487; x_wconf 77' lang='grc' dir='ltr'>τὴν</span> <span class='ocrx_word' id='word_1_835' title='bbox 1683 5415 1880 5487; x_wconf 83' lang='grc' dir='ltr'>Ἰερου-</span> 
     </span>
    </p>
   </div>
   <div class='ocr_carea' id='block_1_105' title="bbox 323 5489 1879 5571">
    <p class='ocr_par' dir='ltr' id='par_1_105' title="bbox 323 5489 1879 5571">
     <span class='ocr_line' id='line_1_105' title="bbox 323 5489 1879 5571; baseline 0.015 -33"><span class='ocrx_word' id='word_1_836' title='bbox 323 5489 510 5562; x_wconf 64' lang='grc' dir='ltr'>σαλήμ.</span> <span class='ocrx_word' id='word_1_837' title='bbox 528 5496 815 5562; x_wconf 82' lang='grc' dir='ltr'>Κλαίοντος</span> <span class='ocrx_word' id='word_1_838' title='bbox 843 5499 898 5552; x_wconf 74' lang='grc' dir='ltr'>δὲ</span> <span class='ocrx_word' id='word_1_839' title='bbox 929 5501 1078 5570; x_wconf 82' lang='grc' dir='ltr'>φωνή</span> <span class='ocrx_word' id='word_1_840' title='bbox 1107 5501 1222 5554; x_wconf 74' lang='grc' dir='ltr'>ἐστι</span> <span class='ocrx_word' id='word_1_841' title='bbox 1245 5501 1327 5566; x_wconf 86' lang='grc' dir='ltr'><strong><em>τὸ,</em></strong></span> <span class='ocrx_word' id='word_1_842' title='bbox 1359 5503 1544 5571; x_wconf 80' lang='grc' dir='ltr'>οἶμοι.</span> <span class='ocrx_word' id='word_1_843' title='bbox 1565 5507 1672 5561; x_wconf 77' lang='grc' dir='ltr'>Καὶ</span> <span class='ocrx_word' id='word_1_844' title='bbox 1704 5508 1879 5561; x_wconf 82' lang='grc' dir='ltr'>κεῖται</span> 
     </span>
    </p>
   </div>
   <div class='ocr_carea' id='block_1_106' title="bbox 387 5641 1873 5735">
    <p class='ocr_par' dir='ltr' id='par_1_106' title="bbox 387 5641 1873 5735">
     <span class='ocr_line' id='line_1_106' title="bbox 387 5641 1873 5735; baseline 0.025 -42"><span class='ocrx_word' id='word_1_845' title='bbox 387 5641 429 5674; x_wconf 68' lang='grc'><strong><em>³⁸</em></strong></span> <span class='ocrx_word' id='word_1_846' title='bbox 449 5642 554 5703; x_wconf 71' lang='lat' dir='ltr'><strong><em>Jcr.</em></strong></span> <span class='ocrx_word' id='word_1_847' title='bbox 586 5667 621 5714; x_wconf 76' lang='grc' dir='ltr'><strong><em>ι,</em></strong></span> <span class='ocrx_word' id='word_1_848' title='bbox 653 5652 704 5716; x_wconf 71' lang='grc' dir='ltr'>ὅ,</span> <span class='ocrx_word' id='word_1_849' title='bbox 734 5654 788 5705; x_wconf 82' lang='grc'><strong><em>6.</em></strong></span> <span class='ocrx_word' id='word_1_850' title='bbox 874 5654 912 5682; x_wconf 83' lang='grc'><strong><em>³⁷</em></strong></span> <span class='ocrx_word' id='word_1_851' title='bbox 946 5653 1048 5709; x_wconf 74' lang='lat' dir='ltr'><strong><em>ISJ.</em></strong></span> <span class='ocrx_word' id='word_1_852' title='bbox 1084 5673 1156 5719; x_wconf 67' lang='grc' dir='ltr'><strong><em>τι,</em></strong></span> <span class='ocrx_word' id='word_1_853' title='bbox 1183 5656 1234 5722; x_wconf 73' lang='lat'><strong><em>3,</em></strong></span> <span class='ocrx_word' id='word_1_854' title='bbox 1274 5655 1326 5726; x_wconf 76' lang='lat'><strong><em>6,</em></strong></span> <span class='ocrx_word' id='word_1_855' title='bbox 1363 5662 1411 5717; x_wconf 86' lang='lat'><strong>7.</strong></span> <span class='ocrx_word' id='word_1_856' title='bbox 1493 5675 1533 5707; x_wconf 74' lang='grc'>³⁸</span> <span class='ocrx_word' id='word_1_857' title='bbox 1567 5677 1674 5735; x_wconf 69' lang='lat' dir='ltr'><strong><em>Jcr.</em></strong></span> <span class='ocrx_word' id='word_1_858' title='bbox 1717 5689 1756 5735; x_wconf 87' lang='lat' dir='ltr'><strong><em>I,</em></strong></span> <span class='ocrx_word' id='word_1_859' title='bbox 1791 5667 1873 5723; x_wconf 79' lang='grc' dir='ltr'>ίοο</span> 
     </span>
    </p>
   </div>
   <div class='ocr_carea' id='block_1_107' title="bbox 1982 4505 3562 4577">
    <p class='ocr_par' dir='ltr' id='par_1_107' title="bbox 1982 4505 3562 4577">
     <span class='ocr_line' id='line_1_107' title="bbox 1982 4505 3562 4577; baseline -0.004 -11"><span class='ocrx_word' id='word_1_860' title='bbox 1982 4515 2166 4572; x_wconf 83' lang='lat' dir='ltr'><strong><em>Jesus,</em></strong></span> <span class='ocrx_word' id='word_1_861' title='bbox 2202 4507 2296 4577; x_wconf 89' lang='lat' dir='ltr'><strong><em>qui</em></strong></span> <span class='ocrx_word' id='word_1_862' title='bbox 2327 4506 2626 4560; x_wconf 77' lang='lat' dir='ltr'><strong><em>eradicavit</em></strong></span> <span class='ocrx_word' id='word_1_863' title='bbox 2658 4521 2821 4576; x_wconf 84' lang='lat' dir='ltr'><strong><em>regna</em></strong></span> <span class='ocrx_word' id='word_1_864' title='bbox 2853 4505 3080 4576; x_wconf 87' lang='lat' dir='ltr'><strong><em>peccati,</em></strong></span> <span class='ocrx_word' id='word_1_865' title='bbox 3110 4513 3165 4559; x_wconf 89' lang='lat' dir='ltr'><strong><em>et</em></strong></span> <span class='ocrx_word' id='word_1_866' title='bbox 3203 4505 3562 4561; x_wconf 68' lang='lat' dir='ltr'><strong><em>aediﬁcatione</em></strong></span> 
     </span>
    </p>
   </div>
   <div class='ocr_carea' id='block_1_108' title="bbox 1987 4594 3560 4670">
    <p class='ocr_par' dir='ltr' id='par_1_108' title="bbox 1987 4594 3560 4670">
     <span class='ocr_line' id='line_1_108' title="bbox 1987 4594 3560 4670; baseline -0.003 -13"><span class='ocrx_word' id='word_1_867' title='bbox 1987 4599 2241 4670; x_wconf 71' lang='lat' dir='ltr'><strong><em>nequitia:</em></strong></span> <span class='ocrx_word' id='word_1_868' title='bbox 2276 4597 2558 4662; x_wconf 88' lang='lat' dir='ltr'><strong><em>subversa,</em></strong></span> <span class='ocrx_word' id='word_1_869' title='bbox 2596 4594 2725 4651; x_wconf 81' lang='lat' dir='ltr'><strong><em>fecit</em></strong></span> <span class='ocrx_word' id='word_1_870' title='bbox 2754 4597 2808 4649; x_wconf 91' lang='lat' dir='ltr'><strong><em>in</em></strong></span> <span class='ocrx_word' id='word_1_871' title='bbox 2849 4596 3138 4650; x_wconf 89' lang='lat' dir='ltr'><strong><em>animabus</em></strong></span> <span class='ocrx_word' id='word_1_872' title='bbox 3167 4597 3370 4650; x_wconf 85' lang='lat' dir='ltr'><strong><em>nostris</em></strong></span> <span class='ocrx_word' id='word_1_873' title='bbox 3395 4595 3560 4666; x_wconf 87' lang='lat' dir='ltr'><strong><em>justi-</em></strong></span> 
     </span>
    </p>
   </div>
   <div class='ocr_carea' id='block_1_109' title="bbox 1985 4684 3562 4758">
    <p class='ocr_par' dir='ltr' id='par_1_109' title="bbox 1985 4684 3562 4758">
     <span class='ocr_line' id='line_1_109' title="bbox 1985 4684 3562 4758; baseline -0.003 -12"><span class='ocrx_word' id='word_1_874' title='bbox 1985 4693 2118 4746; x_wconf 87' lang='lat' dir='ltr'><strong><em>tiam</em></strong></span> <span class='ocrx_word' id='word_1_875' title='bbox 2147 4690 2540 4758; x_wconf 81' lang='lat' dir='ltr'><strong><em>veritatemque</em></strong></span> <span class='ocrx_word' id='word_1_876' title='bbox 2584 4702 2830 4758; x_wconf 89' lang='lat' dir='ltr'><strong><em>regnare.</em></strong></span> <span class='ocrx_word' id='word_1_877' title='bbox 2869 4685 3152 4754; x_wconf 88' lang='lat' dir='ltr'><strong><em>Quomodo</em></strong></span> <span class='ocrx_word' id='word_1_878' title='bbox 3173 4684 3337 4755; x_wconf 88' lang='lat' dir='ltr'><strong><em>igitur</em></strong></span> <span class='ocrx_word' id='word_1_879' title='bbox 3385 4687 3562 4757; x_wconf 86' lang='lat' dir='ltr'><strong><em>magis</em></strong></span> 
     </span>
    </p>
   </div>
   <div class='ocr_carea' id='block_1_110' title="bbox 1985 4773 3558 4845">
    <p class='ocr_par' dir='ltr' id='par_1_110' title="bbox 1985 4773 3558 4845">
     <span class='ocr_line' id='line_1_110' title="bbox 1985 4773 3558 4845; baseline -0.003 -8"><span class='ocrx_word' id='word_1_880' title='bbox 1985 4783 2076 4837; x_wconf 88' lang='lat' dir='ltr'><strong><em>illa</em></strong></span> <span class='ocrx_word' id='word_1_881' title='bbox 2099 4781 2431 4837; x_wconf 78' lang='lat' dir='ltr'><strong><em>conveniunt</em></strong></span> <span class='ocrx_word' id='word_1_882' title='bbox 2453 4778 2671 4833; x_wconf 86' lang='lat' dir='ltr'><strong><em>Christo</em></strong></span> <span class='ocrx_word' id='word_1_883' title='bbox 2691 4791 2854 4845; x_wconf 91' lang='lat' dir='ltr'><strong><em>quam</em></strong></span> <span class='ocrx_word' id='word_1_884' title='bbox 2880 4773 3147 4840; x_wconf 72' lang='lat' dir='ltr'><strong><em>Jeremiaa,</em></strong></span> <span class='ocrx_word' id='word_1_885' title='bbox 3172 4776 3273 4842; x_wconf 88' lang='lat' dir='ltr'><strong><em>sic,</em></strong></span> <span class='ocrx_word' id='word_1_886' title='bbox 3297 4778 3558 4845; x_wconf 83' lang='lat' dir='ltr'><strong><em>arbitror,</em></strong></span> 
     </span>
    </p>
   </div>
   <div class='ocr_carea' id='block_1_111' title="bbox 1985 4867 3558 4942">
    <p class='ocr_par' dir='ltr' id='par_1_111' title="bbox 1985 4867 3558 4942">
     <span class='ocr_line' id='line_1_111' title="bbox 1985 4867 3558 4942; baseline -0.004 -14"><span class='ocrx_word' id='word_1_887' title='bbox 1985 4881 2039 4929; x_wconf 88' lang='lat' dir='ltr'><strong><em>et</em></strong></span> <span class='ocrx_word' id='word_1_888' title='bbox 2064 4873 2168 4927; x_wconf 88' lang='lat' dir='ltr'><strong><em>alia</em></strong></span> <span class='ocrx_word' id='word_1_889' title='bbox 2198 4872 2374 4942; x_wconf 85' lang='lat' dir='ltr'><strong><em>plura,</em></strong></span> <span class='ocrx_word' id='word_1_890' title='bbox 2390 4878 2441 4924; x_wconf 90' lang='lat' dir='ltr'><strong><em>et</em></strong></span> <span class='ocrx_word' id='word_1_891' title='bbox 2461 4869 2575 4924; x_wconf 60' lang='lat' dir='ltr'><strong><em>hate</em></strong></span> <span class='ocrx_word' id='word_1_892' title='bbox 2599 4882 2720 4938; x_wconf 68' lang='lat' dir='ltr'><strong><em>quae</em></strong></span> <span class='ocrx_word' id='word_1_893' title='bbox 2736 4882 2881 4922; x_wconf 88' lang='lat' dir='ltr'><strong><em>nunc</em></strong></span> <span class='ocrx_word' id='word_1_894' title='bbox 2905 4868 3160 4923; x_wconf 90' lang='lat' dir='ltr'><strong><em>dicuntur</em></strong></span> <span class='ocrx_word' id='word_1_895' title='bbox 3179 4869 3245 4923; x_wconf 87' lang='lat' dir='ltr'><strong><em>ad</em></strong></span> <span class='ocrx_word' id='word_1_896' title='bbox 3268 4867 3558 4924; x_wconf 91' lang='lat' dir='ltr'><strong><em>Dominum</em></strong></span> 
     </span>
    </p>
   </div>
   <div class='ocr_carea' id='block_1_112' title="bbox 1987 4959 2444 5018">
    <p class='ocr_par' dir='ltr' id='par_1_112' title="bbox 1987 4959 2444 5018">
     <span class='ocr_line' id='line_1_112' title="bbox 1987 4959 2444 5018; baseline -0.011 0"><span class='ocrx_word' id='word_1_897' title='bbox 1987 4971 2118 5018; x_wconf 90' lang='lat' dir='ltr'><strong><em>sunt</em></strong></span> <span class='ocrx_word' id='word_1_898' title='bbox 2141 4959 2444 5016; x_wconf 80' lang='lat' dir='ltr'><strong><em>referenda.</em></strong></span> 
     </span>
    </p>
   </div>
   <div class='ocr_carea' id='block_1_113' title="bbox 2057 5049 3556 5123">
    <p class='ocr_par' dir='ltr' id='par_1_113' title="bbox 2057 5049 3556 5123">
     <span class='ocr_line' id='line_1_113' title="bbox 2057 5049 3556 5123; baseline -0.003 -15"><span class='ocrx_word' id='word_1_899' title='bbox 2057 5054 2109 5108; x_wconf 86' lang='lat'><strong>6.</strong></span> <span class='ocrx_word' id='word_1_900' title='bbox 2154 5053 2218 5108; x_wconf 85' lang='lat' dir='ltr'><strong><em>Et</em></strong></span> <span class='ocrx_word' id='word_1_901' title='bbox 2247 5053 2423 5123; x_wconf 87' lang='lat' dir='ltr'><strong><em>primo</em></strong></span> <span class='ocrx_word' id='word_1_902' title='bbox 2455 5051 2677 5121; x_wconf 87' lang='lat' dir='ltr'><strong><em>quidem</em></strong></span> <span class='ocrx_word' id='word_1_903' title='bbox 2722 5049 3012 5104; x_wconf 81' lang='lat' dir='ltr'><strong><em>videndum</em></strong></span> <span class='ocrx_word' id='word_1_904' title='bbox 3058 5058 3142 5105; x_wconf 89' lang='lat' dir='ltr'><strong><em>est</em></strong></span> <span class='ocrx_word' id='word_1_905' title='bbox 3192 5065 3260 5104; x_wconf 91' lang='lat' dir='ltr'><strong><em>an</em></strong></span> <span class='ocrx_word' id='word_1_906' title='bbox 3303 5051 3476 5120; x_wconf 80' lang='lat' dir='ltr'><strong><em>possit</em></strong></span> <span class='ocrx_word' id='word_1_907' title='bbox 3505 5049 3556 5104; x_wconf 91' lang='lat' dir='ltr'><strong><em>id</em></strong></span> 
     </span>
    </p>
   </div>
   <div class='ocr_carea' id='block_1_114' title="bbox 1987 5141 3557 5216">
    <p class='ocr_par' dir='ltr' id='par_1_114' title="bbox 1987 5141 3557 5216">
     <span class='ocr_line' id='line_1_114' title="bbox 1987 5141 3557 5216; baseline -0.004 -16"><span class='ocrx_word' id='word_1_908' title='bbox 1987 5147 2131 5216; x_wconf 86' lang='lat' dir='ltr'><strong><em>quod</em></strong></span> <span class='ocrx_word' id='word_1_909' title='bbox 2165 5145 2524 5214; x_wconf 88' lang='lat' dir='ltr'><strong><em>incongruum</em></strong></span> <span class='ocrx_word' id='word_1_910' title='bbox 2567 5152 2623 5198; x_wconf 90' lang='lat' dir='ltr'><strong><em>et</em></strong></span> <span class='ocrx_word' id='word_1_911' title='bbox 2661 5141 3035 5212; x_wconf 85' lang='lat' dir='ltr'><strong><em>blasphemum</em></strong></span> <span class='ocrx_word' id='word_1_912' title='bbox 3081 5142 3291 5196; x_wconf 82' lang='lat' dir='ltr'><strong><em>videtur</em></strong></span> <span class='ocrx_word' id='word_1_913' title='bbox 3344 5155 3466 5196; x_wconf 88' lang='lat' dir='ltr'><strong><em>esse</em></strong></span> <span class='ocrx_word' id='word_1_914' title='bbox 3511 5141 3557 5194; x_wconf 87' lang='lat' dir='ltr'><strong><em>si</em></strong></span> 
     </span>
    </p>
   </div>
   <div class='ocr_carea' id='block_1_115' title="bbox 1987 5230 3557 5296">
    <p class='ocr_par' dir='ltr' id='par_1_115' title="bbox 1987 5230 3557 5296">
     <span class='ocr_line' id='line_1_115' title="bbox 1987 5230 3557 5296; baseline -0.004 -8"><span class='ocrx_word' id='word_1_915' title='bbox 1987 5234 2252 5289; x_wconf 79' lang='lat' dir='ltr'><strong><em>referatur</em></strong></span> <span class='ocrx_word' id='word_1_916' title='bbox 2286 5233 2352 5289; x_wconf 89' lang='lat' dir='ltr'><strong><em>ad</em></strong></span> <span class='ocrx_word' id='word_1_917' title='bbox 2395 5232 2684 5286; x_wconf 87' lang='lat' dir='ltr'><strong><em>Dominum</em></strong></span> <span class='ocrx_word' id='word_1_918' title='bbox 2715 5271 2730 5296; x_wconf 95' lang='lat'><strong><em>,</em></strong></span> <span class='ocrx_word' id='word_1_919' title='bbox 2782 5232 2834 5285; x_wconf 90' lang='lat' dir='ltr'><strong><em>id</em></strong></span> <span class='ocrx_word' id='word_1_920' title='bbox 2867 5245 2990 5286; x_wconf 84' lang='lat' dir='ltr'><strong><em>est:</em></strong></span> <span class='ocrx_word' id='word_1_921' title='bbox 3033 5230 3149 5284; x_wconf 82' lang='lat' dir='ltr'><strong><em>Heu</em></strong></span> <span class='ocrx_word' id='word_1_922' title='bbox 3191 5231 3344 5293; x_wconf 83' lang='lat' dir='ltr'><strong><em>mihi,</em></strong></span> <span class='ocrx_word' id='word_1_923' title='bbox 3369 5241 3557 5296; x_wconf 86' lang='lat' dir='ltr'><strong><em>mater,</em></strong></span> 
     </span>
    </p>
   </div>
   <div class='ocr_carea' id='block_1_116' title="bbox 1989 5320 3557 5394">
    <p class='ocr_par' dir='ltr' id='par_1_116' title="bbox 1989 5320 3557 5394">
     <span class='ocr_line' id='line_1_116' title="bbox 1989 5320 3557 5394; baseline -0.002 -15"><span class='ocrx_word' id='word_1_924' title='bbox 1989 5323 2240 5380; x_wconf 81' lang='lat' dir='ltr'><strong><em>Salvator</em></strong></span> <span class='ocrx_word' id='word_1_925' title='bbox 2283 5334 2466 5381; x_wconf 82' lang='lat' dir='ltr'><strong><em>noster</em></strong></span> <span class='ocrx_word' id='word_1_926' title='bbox 2521 5325 2699 5379; x_wconf 86' lang='lat' dir='ltr'><strong><em>dicere</em></strong></span> <span class='ocrx_word' id='word_1_927' title='bbox 2746 5324 2908 5394; x_wconf 71' lang='lat'><strong><em>212</em></strong></span> <span class='ocrx_word' id='word_1_928' title='bbox 2957 5325 3224 5378; x_wconf 90' lang='lat' dir='ltr'><strong><em>miserans</em></strong></span> <span class='ocrx_word' id='word_1_929' title='bbox 3265 5322 3422 5377; x_wconf 84' lang='lat' dir='ltr'><strong><em>alios.</em></strong></span> <span class='ocrx_word' id='word_1_930' title='bbox 3475 5320 3557 5376; x_wconf 78' lang='lat' dir='ltr'><strong><em>Ad</em></strong></span> 
     </span>
    </p>
   </div>
   <div class='ocr_carea' id='block_1_117' title="bbox 1985 5413 3556 5488">
    <p class='ocr_par' dir='ltr' id='par_1_117' title="bbox 1985 5413 3556 5488">
     <span class='ocr_line' id='line_1_117' title="bbox 1985 5413 3556 5488; baseline -0.003 -16"><span class='ocrx_word' id='word_1_931' title='bbox 1985 5418 2134 5488; x_wconf 89' lang='lat' dir='ltr'><strong><em>quod</em></strong></span> <span class='ocrx_word' id='word_1_932' title='bbox 2163 5419 2498 5486; x_wconf 84' lang='lat' dir='ltr'><strong><em>probandum</em></strong></span> <span class='ocrx_word' id='word_1_933' title='bbox 2546 5418 2846 5472; x_wconf 77' lang='lat' dir='ltr'><strong><em>exhibenda</em></strong></span> <span class='ocrx_word' id='word_1_934' title='bbox 2896 5425 3026 5472; x_wconf 84' lang='lat' dir='ltr'><strong><em>sunt</em></strong></span> <span class='ocrx_word' id='word_1_935' title='bbox 3058 5413 3400 5478; x_wconf 88' lang='lat' dir='ltr'><strong><em>testimonia,</em></strong></span> <span class='ocrx_word' id='word_1_936' title='bbox 3433 5429 3556 5485; x_wconf 76' lang='lat' dir='ltr'><strong><em>qua:</em></strong></span> 
     </span>
    </p>
   </div>
   <div class='ocr_carea' id='block_1_118' title="bbox 1990 5505 3557 5581">
    <p class='ocr_par' dir='ltr' id='par_1_118' title="bbox 1990 5505 3557 5581">
     <span class='ocr_line' id='line_1_118' title="bbox 1990 5505 3557 5581; baseline -0.001 -17"><span class='ocrx_word' id='word_1_937' title='bbox 1990 5509 2279 5564; x_wconf 73' lang='lat' dir='ltr'><strong><em>manifesto</em></strong></span> <span class='ocrx_word' id='word_1_938' title='bbox 2325 5509 2459 5564; x_wconf 89' lang='lat' dir='ltr'><strong><em>nulli</em></strong></span> <span class='ocrx_word' id='word_1_939' title='bbox 2497 5509 2587 5564; x_wconf 87' lang='lat' dir='ltr'><strong><em>alii</em></strong></span> <span class='ocrx_word' id='word_1_940' title='bbox 2629 5518 2752 5581; x_wconf 84' lang='lat' dir='ltr'><strong><em>apta</em></strong></span> <span class='ocrx_word' id='word_1_941' title='bbox 2803 5509 2911 5564; x_wconf 90' lang='lat' dir='ltr'><strong><em>sint</em></strong></span> <span class='ocrx_word' id='word_1_942' title='bbox 2943 5507 3045 5562; x_wconf 86' lang='lat' dir='ltr'><strong><em>nisi</em></strong></span> <span class='ocrx_word' id='word_1_943' title='bbox 3083 5505 3383 5562; x_wconf 78' lang='lat' dir='ltr'><strong><em>Salvatori:</em></strong></span> <span class='ocrx_word' id='word_1_944' title='bbox 3415 5521 3557 5579; x_wconf 84' lang='lat' dir='ltr'><strong><em>quo-</em></strong></span> 
     </span>
    </p>
   </div>
  </div>
