4218 6292
571 361 670 415 411

2065 361 2389 418 ORIGENIS

3727 367 3830 419 sit!

574 478 739 532 modo
765 479 952 534 videns
977 479 1271 533 Jerusalem
1299 477 1506 532 ﬂeverit
1533 495 1696 548 super
1719 495 1862 542 cani,
1899 481 2024 550 quia
2058 482 2142 534 di-

2243 482 2300 533 ὲν
2326 478 2776 550 τῷΕὑαγγελίῳ,
2815 479 2896 532 ὅτι
2933 478 3056 532 ἰδὼν
3097 480 3195 550 τὴν
3238 479 3594 552 Ἰερουσαλὴμ
3639 480 3834 535 ἔκλαυ-

574 571 715 624 :terit
735 572 779 603 ”
805 589 818 624 :
848 570 1493 634 JerusalemJernsalem,
1527 589 1646 641 qua;
1681 573 1880 627 occidis
1916 573 2141 643 prophe-

572 675 676 727 tas,
717 674 766 717 et
796 664 1002 728 lapides
1031 679 1116 718 eos
1151 668 1243 733 qui
1275 665 1344 718 ad
1367 675 1416 719 te
1447 668 1599 720 missi
1627 675 1786 730 sunt,
1813 669 2018 736 quoties
2053 684 2142 721 vo-

570 752 650 805 lui
673 769 981 821 congregare
1007 753 1147 822 ﬁlias
1171 766 1313 818 tuos,
1337 764 1390 810 et
1420 759 1648 826 reliqua.
1685 756 1906 814 Necnon
1949 771 2003 816 et
2052 761 2142 816 illa

569 857 689 910 qua:
721 839 1004 896 manifeste
1044 858 1075 897 ε
1116 842 1400 900 Salvatore
1427 847 1684 903 dicuntur
1728 851 1813 904 “z
1852 852 1968 906 Heu
2011 854 2142 906 mihi

567 932 814 999 quoniam
865 930 1041 998 factus
1084 949 1204 986 sum
1240 937 1375 988 sicut
1419 940 1510 1005 qui
1539 939 1740 1010 colligit
1789 943 2041 1012 stipulam
2086 945 2142 998 in

567 1035 752 1082 messe,
779 1031 831 1074 et
853 1025 989 1075 sicut
1021 1039 1252 1079 racemos
1277 1026 1331 1079 in
1365 1028 1652 1093 vindemia,
1675 1048 1795 1085 cum
1829 1049 1928 1087 non
1957 1051 2142 1104 super-

563 1111 634 1165 sit
657 1111 837 1165 botrus
861 1115 930 1166 ad
961 1116 1386 1170 manducandum
1411 1136 1523 1174 uete
1542 1123 1832 1188 primitiua.
1867 1125 1984 1180 Heu
2011 1128 2140 1180 mihi

564 1200 745 1254 anima
765 1242 779 1263 ,
815 1204 942 1272 quia
977 1207 1136 1271 periit
1187 1225 1418 1264 reverens
1447 1229 1480 1264 α
1525 1221 1684 1279 terra,
1708 1225 1756 1268 et
1785 1217 1876 1286 qui
1907 1220 2138 1289 corrigat

565 1289 701 1345 inter
723 1293 958 1349 homines
1003 1313 1106 1352 non
1152 1309 1248 1353 est.
1297 1299 1488 1357 Omnes
1514 1305 1570 1356 in
1596 1307 1850 1374 sanguine
1884 1309 2138 1376 judican-

567 1393 670 1437 μιν.
701 1382 858 1439 Venit
882 1387 1028 1440 enim
1059 1399 1117 1442 ut
1149 1401 1375 1446 meteret
1408 1392 1638 1460 fructus,
1662 1405 1720 1450 et
1747 1397 1906 1466 quasi
1937 1399 2138 1469 stipula

565 1478 618 1531 in
654 1485 834 1547 segete
858 1490 1069 1550 reperta
1100 1491 1322 1552 propter
1355 1485 1623 1554 plurimos
1653 1498 1985 1556 peccatores,
2019 1491 2095 1545 ait
2121 1511 2134 1546 :

565 1566 683 1622 Heu
716 1569 846 1623 mihi
871 1572 1123 1640 quoniam
1147 1575 1321 1642 factus
1351 1593 1470 1630 sum
1492 1579 1630 1632 sicut
1665 1581 1756 1649 qui
1804 1581 2004 1652 colligit
2041 1584 2136 1635 sti-

561 1660 744 1729 pulam
788 1663 845 1715 in
881 1679 1060 1717 messe.
1101 1662 1262 1720 Venit
1308 1667 1644 1724 vindemiare
1698 1671 1886 1726 botros
1928 1687 2043 1727 uvae
2081 1673 2134 1728 in

565 1751 909 1820 hominibus,
946 1765 1000 1810 et
1047 1756 1100 1810 in
1137 1772 1314 1812 messe
1343 1760 1643 1815 sceleribus
1673 1761 1926 1828 inventis,
1961 1765 2132 1820 dicit:

569 1842 636 1896 Et
665 1845 801 1898 sicut
837 1862 1067 1901 racemos
1099 1849 1152 1901 in
1183 1849 1467 1914 vindemia,
1504 1868 1624 1904 cum
1648 1868 1750 1906 non
1791 1857 2017 1922 supersit
2041 1856 2130 1910 bo-

565 1944 678 1989 trns
703 1953 814 1991 utne
835 1939 904 1991 ad
931 1941 1358 1995 manducandum
1376 1945 1667 2012 primitina.
1705 1943 1759 1998 In
1783 1946 1894 2000 alio
1919 1963 2138 2016 quoque

563 2023 682 2077 loco
709 2024 906 2079 similia
932 2027 1015 2081 his
1043 2029 1108 2081 ad
1152 2027 1363 2084 Patrem
1397 2031 1641 2100 loquitur
1667 2034 1856 2089 dicens
1886 2035 1964 2089 ’δίε
2004 2035 2136 2101 Quae

561 2115 766 2169 utilitas
802 2118 858 2170 in
909 2123 1161 2190 sanguine
1197 2137 1342 2188 meo,
1381 2123 1508 2176 dum
1553 2126 1810 2178 descendo
1859 2127 1913 2180 in
1953 2145 2136 2182 corru-

560 2205 789 2271 ptionem
807 2209 834 2262 .9
857 2208 999 2275 Quid
1026 2219 1305 2282 tantopere
1340 2214 1655 2269 hominibus
1677 2216 1879 2285 profui,
1912 2219 2005 2287 qui
2036 2235 2136 2274 nec

565 2296 616 2348 in
645 2301 910 2366 sanguine
941 2317 1080 2366 meo,
1105 2318 1266 2372 quem
1301 2304 1416 2359 fudi
1445 2321 1545 2375 pro
1564 2321 1754 2361 eorum
1784 2309 1976 2373 salute,
2008 2326 2135 2380 pro-

564 2383 851 2442 fecerunt?
877 2389 1008 2454 Qure
1036 2391 1244 2447 utilitas
1281 2394 1333 2446 in
1379 2395 1645 2466 sanguine
1679 2413 1824 2461 meo,
1855 2399 1984 2454 dum
2039 2400 2134 2455 de-

563 2477 764 2532 scendo
793 2479 859 2533 de
887 2480 1061 2546 cmlis,
1097 2484 1224 2536 dum
1252 2483 1408 2540 venio
1439 2487 1494 2538 in
1521 2494 1745 2553 terram,
1775 2489 1904 2542 dum
1939 2502 2134 2546 contu-

563 2565 737 2622 meliis
771 2567 1016 2636 aﬂ’ector,
1057 2571 1186 2625 dum
1215 2584 1370 2641 porto
1394 2590 1596 2644 corpus
1623 2578 1959 2633 humanum?
1991 2579 2134 2646 Quid

562 2658 648 2712 his
703 2660 957 2716 omnibus
996 2662 1219 2733 dignum
1268 2664 1410 2719 inter
1461 2666 1710 2724 homines
1763 2681 2130 2739 perpetratum

558 2751 684 2804 est?
714 2750 844 2815 Quae
871 2753 1077 2808 utilitas
1103 2758 1157 2809 in
1188 2758 1440 2826 sanguine
1471 2775 1601 2824 meo,
1641 2760 1764 2812 dum
1785 2761 2043 2816 descendo
2077 2766 2133 2818 in

559 2842 949 2908 corruptionem
969 2845 994 2897 ?
1029 2842 1285 2916 Nunquid
1312 2847 1652 2916 conﬁtebitur
1684 2849 1781 2903 tibi
1813 2852 2005 2920 puluis,
2039 2865 2130 2908 aut

561 2931 898 2985 nnntmtiubit
931 2935 1198 2988 veritatem
1232 2937 1426 2990 tuam?
1460 2935 1590 2990 Tale
1617 2953 1748 3008 ergo
1775 2949 1858 2995 est
1897 2943 2040 3010 quod
2076 2944 2130 2997 in

557 3019 791 3076 Jet'e‘mia
818 3023 1053 3079 dicitur:
1092 3025 1208 3079 Heu
1240 3027 1390 3091 mihi,
1431 3039 1602 3083 mater
1655 3046 1790 3097 mea,
1840 3048 2001 3101 quare
2051 3052 2132 3088 me

558 3114 787 3184 genuisti
816 3117 1026 3170 virum?
1057 3116 1171 3170 Non
1200 3119 1357 3188 juxta
1385 3122 1528 3189 quod
1565 3121 1706 3178 Deus
1745 3122 1993 3180 Salvator
2022 3139 2127 3192 est,
2157 3163 2200 3220 ο

2248 587 2338 623 σεν
2364 571 2450 622 ἐπ’
2480 570 2670 640 αὐτὴν,
2702 569 2798 622 καὶ
2822 565 2972 622 εἶπεν
2992 587 3006 600 ο
3072 570 3460 639 Ἰερουσαλὴμ
3483 610 3498 635 ,
3543 572 3829 639 Ἰερουσα-

2243 660 2389 728 λὴμ,
2415 663 2452 728 ἠ
2479 660 2924 714 ἀποκτείνουσα
2953 660 3094 726 τοὺς
3135 659 3446 730 προφήτας
3465 702 3480 726 ,
3529 662 3627 716 καὶ
3669 665 3828 718 λιθο-

2245 751 2514 805 ϐολοῦσα
2545 748 2686 815 τοὺς
2716 747 3213 818 ἀπεσταλμέεους
3239 749 3387 818 πρὸς
3405 749 3620 818 αὐτὴν,
3647 752 3830 804 ποσά-

2244 859 2340 906 κις
2370 841 2646 908 ἠθέλησα
2691 837 3160 908 ἐπισυναγαγεῖν
3201 841 3274 892 τὰ
3313 839 3495 892 τέκνα
3537 856 3686 902 σου,
3732 842 3826 892 καὶ

2242 933 2311 986 τὰ
2344 932 2493 1001 ἑξῆς.
2525 931 2718 1001 Σαφῶς
2741 931 2796 984 δὲ
2823 931 2916 985 καὶ
2942 929 3115 983 ταῦτα
3142 931 3246 983 ὑπὸ
3281 929 3373 982 τοῦ
3401 931 3650 1001 Σωτῆρος
3679 929 3826 982 λέλε·

2243 1041 2366 1077 κται
2391 1026 2448 1076 ἐν
2481 1022 2588 1093 τῷ·
2621 1023 2807 1092 Οἵμοι,
2842 1022 2930 1075 ὅτι
2957 1022 3251 1092 ἐγενήθην
3283 1023 3363 1089 ὡς
3401 1023 3686 1093 συνάγων
3716 1042 3823 1078 κα·-

2239 1114 2441 1183 λάμην
2466 1115 2534 1168 ἐν
2552 1113 2774 1183 ἀμήτῳ,
2805 1113 2902 1166 καὶ
2934 1113 3014 1179 ὡς
3033 1113 3398 1182 ἐπιφυλλιδα
3429 1114 3500 1168 ἐν
3535 1114 3824 1185 τρυγητῷ,

2239 1207 2351 1259 οὐκ
2399 1205 2574 1270 ὄντος
2612 1203 2878 1274 στάχυος
2928 1204 3033 1258 τοῦ
3071 1204 3284 1274 φαγεῖν
3332 1205 3406 1259 τὰ
3459 1207 3822 1277 πρωτόγονα.

2235 1299 2423 1368 Οῑμοι,
2449 1297 2641 1368 ψυχὴ,
2669 1298 2758 1352 ὅτι
2779 1296 3096 1352 ἀπώλεσεν
3118 1296 3385 1365 εὐλαϐὴς
3400 1297 3518 1352 ἀπὸ
3547 1296 3658 1366 τῆς
3688 1297 3821 1368 γῆς,

2241 1391 2338 1444 καὶ
2367 1394 2400 1444 ὁ
2427 1389 2731 1458 κατορθῶν
2766 1389 2836 1442 ἐν
2863 1386 3197 1456 ἀνθρώποις
3223 1389 3334 1456 οὐχ
3371 1387 3649 1457 ὑπάρχει.
3676 1387 3825 1443 Πάνυ

2238 1499 2336 1548 τες
2362 1483 2448 1547 εὶς
2479 1482 2699 1550 αἵματα
2731 1477 3080 1540 δικάζονται.
3122 1474 3291 1532 Ἦλθε
3323 1478 3431 1551 γὰρ
3461 1479 3536 1542 ὡς
3575 1481 3824 1548 συνάγων

2239 1571 2491 1642 καλάμην
2517 1573 2596 1635 εἰς
2619 1570 2832 1641 ἄμητον
2863 1571 2948 1624 ἵνα
2989 1570 3180 1642 θερίσῃ
3201 1587 3213 1599 ο
3263 1572 3358 1623 καὶ
3405 1571 3647 1644 εὑρίσκει
3699 1573 3824 1626 πολ-

2237 1659 2362 1724 λοὺς
2384 1659 2760 1732 ἁμαρτωλοὺς,
2789 1661 2882 1712 καὶ
2914 1659 3064 1727 λέγει
3088 1677 3100 1688 ·
3139 1660 3306 1728 algor.
3331 1701 3346 1724 ,
3390 1660 3480 1714 ὅτι
3512 1663 3821 1730 ’ἐγενήθην

2238 1752 2318 1816 ὡς
2348 1751 2631 1820 συνάγων
2660 1750 2938 1820 καλάμην
2963 1751 3034 1804 ἐν
3061 1749 3284 1820 ἀμήτῳ.
3329 1747 3500 1805 τΗλθε
3549 1755 3818 1825 τρυγῆσαι

2239 1841 2448 1913 καρπὸν
2491 1839 2640 1910 ζωῆς
2680 1843 2736 1894 ὲν
2791 1843 2904 1904 τοῖς
2973 1839 3308 1912 ἀνθρώποις.
3341 1843 3597 1914 Εὑρίσκει
3653 1845 3821 1898 πολλὰ

2238 1932 2607 2003 ἁμαρτήματα
2632 1934 2689 1984 έν
2715 1932 2868 2003 ἡμῖν,
2913 1931 3008 1984 καὶ
3056 1930 3142 1984 διὰ
3179 1931 3337 1985 τοῦτο
3379 1932 3556 2000 λέγει’
3597 1935 3705 1989 Kal
3741 1935 3821 2002 ὡς

2234 2023 2600 2092 ἐπιφυλλίδα
2630 2023 2700 2075 ἐν
2734 2021 3021 2090 τρυγητῷ,
3053 2024 3164 2076 οὐκ
3202 2022 3375 2090 ὄντος
3406 2026 3674 2094 στάχυος
3713 2028 3819 2082 τοῦ

2234 2111 2446 2182 φαγεῖν
2474 2113 2546 2170 τὰ
2574 2112 2937 2181 πρωτόγονα.
2970 2111 3108 2182 Φησὶ
3133 2113 3229 2165 καὶ
3255 2112 3483 2182 ἀλλαχοῦ
3532 2114 3592 2167 τὸ
3641 2132 3813 2188 παραυ

2236 2205 2461 2274 πλήσιον
2486 2203 2696 2266 τούτοις
2723 2203 2858 2274 πρὸς
2884 2203 2974 2258 τὸν
3018 2203 3239 2274 Πατέρα
3263 2202 3438 2272 λέγων
3461 2222 3474 2234 ο
3527 2207 3621 2272 Τίς
3671 2207 3819 2276 ὠφέ-

2233 2293 2364 2344 λεια
2397 2291 2467 2344 ἐν
2495 2288 2573 2354 τῷ
2599 2290 2800 2357 αἵματί
2819 2307 2938 2359 μου
2961 2330 2975 2354 ,
3011 2292 3081 2345 ἐν
3114 2289 3198 2356 τῷ
3237 2293 3570 2362 καταϐῆναι
3607 2313 3684 2365 με
3733 2299 3820 2363 εἰς

2233 2379 2561 2450 διαφθοράν
2581 2397 2599 2444 ;
2635 2381 2698 2432 Τί
2723 2380 2970 2451 ὠφέλησε
2993 2382 3283 2452 τηλικοῦτο
3313 2385 3440 2447 τοὺς
3463 2385 3814 2458 ἀνθρώπουςς

2233 2474 2284 2526 τί
2317 2472 2463 2539 ἄξιον
2488 2471 2580 2525 τοῦ
2609 2473 2859 2543 αἵματος,
2895 2466 2955 2525 οὗ
2982 2471 3171 2544 ὲξέχεα
3195 2476 3334 2548 ὑπὲρ
3362 2478 3556 2540 αὐτῶν,
3585 2481 3816 2550 πεποιή-

2234 2581 2392 2629 κασι;
2429 2562 2524 2628 Τίς
2556 2563 2792 2633 ὠφέλεια
2817 2565 2875 2616 ὲν
2904 2564 2980 2634 τῷ
3018 2566 3210 2636 αἵματι
3234 2609 3248 2632 ,
3283 2567 3362 2636 τῷ
3402 2569 3702 2640 καταϐῆναί
3745 2588 3814 2636 με

2235 2655 2292 2718 ἐξ
2319 2653 2598 2724 οὐρανῶν;
2624 2653 2991 2725 Καταὸέὸηκα
3011 2695 3025 2718 ,
3055 2649 3216 2726 ἦλθον
3263 2659 3355 2710 ἐπὶ
3384 2658 3481 2730 τὴν
3517 2660 3637 2730 γῆν,
3679 2660 3813 2713 έπέ-

2232 2744 2380 2797 δωκα
2408 2743 2642 2814 ἐμαυτὸν
2676 2742 2959 2814 διαφθορᾷ,
2992 2744 3230 2816 ὲφόρεσα
3254 2747 3410 2817 σῶμα
3454 2747 3813 2818 ἀνθρώπινον·

2231 2836 2284 2888 τί
2340 2834 2516 2888 αὐτῶν
2565 2834 2711 2899 ἄξιον
2744 2833 3102 2906 κατώρθωται
3150 2839 3262 2902 τοῖς
3315 2837 3654 2909 ἁνθρὼποις;
3722 2840 3816 2904 Τίς

2231 2927 2488 2996 ὠφέλεια
2508 2928 2578 2980 ἐν
2602 2925 2680 2992 τῷ
2705 2927 2906 2996 αἵματί
2929 2945 3048 2995 μου
3073 2966 3088 2991 ,
3128 2928 3198 2980 ἐν
3247 2927 3327 2994 τῷ
3376 2928 3704 2997 καταϐῆναι
3737 2948 3814 3000 με

2231 3021 2318 3084 εις
2348 3017 2707 3087 διαφθοράν;
2745 3017 2841 3086 Μὴ
2877 3018 3382 3089 ἐξομολογήσεταὶ
3432 3035 3530 3074 σοι
3566 3021 3746 3090 χοῦς,
3774 3023 3811 3088 ἦ

2233 3106 2554 3176 ἀναγγελεῖ
2573 3106 2686 3170 τὴν
2713 3107 3001 3173 ἀλήθειάν
3032 3125 3147 3162 σου
3162 3124 3182 3173 ;
3209 3109 3429 3163 Τοιοῦτο
3449 3107 3541 3164 οὖν
3581 3114 3694 3164 ἐστι
3717 3110 3814 3164 καὶ

559 3205 690 3260 dicit
723 3222 739 3259 :
774 3206 890 3261 Heu
927 3209 1076 3276 mihi,
1110 3222 1310 3275 mater;
1346 3213 1437 3266 sed
1485 3213 1640 3282 juxta
1677 3216 1729 3269 id
1775 3218 1920 3286 quod
1965 3198 2165 3275 homo‘

2236 3200 2293 3252 τὸ
2325 3198 2511 3254 ἐνθάδε
2553 3198 2768 3269 πρῶτον
2797 3200 2900 3252 ὑπὸ
2934 3199 3027 3252 τοῦ
3073 3201 3323 3273 Σωτῆρος
3356 3200 3642 3272 λεγόμενον
3666 3243 3681 3268 ,
3715 3203 3774 3254 τό
3796 3220 3808 3233 ’

558 3303 662 3362 cst,
688 3297 827 3353 sicut
849 3300 900 3353 in
926 3301 1035 3354 alio
1057 3302 1315 3370 propheta
1337 3321 1350 3357 :
1371 3301 1482 3358 lleu
1503 3307 1652 3372 mihi,
1673 3307 1850 3376 inquit
1869 3309 2129 3372 ",anima

559 3405 695 3454 mea,
723 3394 846 3459 quia
881 3409 1111 3447 reverens
1146 3395 1298 3462 periit
1333 3413 1365 3449 a
1397 3406 1559 3452 terra.
1595 3398 1792 3454 Anima
1819 3411 2000 3456 autem
2033 3404 2130 3458 ho-

558 3478 724 3534 minis
744 3490 826 3536 est
853 3499 974 3552 qua:
1011 3488 1386 3551 conturbatur,
1423 3498 1476 3542 et
1505 3489 1677 3544 tristis
1725 3499 1808 3545 est
1859 3508 2030 3562 usque
2062 3495 2127 3548 ad

561 3580 812 3640 niortem,
843 3591 950 3630 non
981 3573 1218 3631 Verbum
1247 3581 1391 3650 quod
1434 3592 1548 3637 erat
1593 3599 1622 3638 a
1662 3583 1937 3654 principio
1986 3588 2128 3655 apud

560 3660 751 3727 Deum,
781 3667 923 3734 quod
951 3684 1228 3738 nunquam
1271 3681 1492 3735 maeret,
1525 3688 1804 3742 nunquam
1852 3681 2128 3731 turbatum

557 3761 663 3816 cst,
699 3754 976 3825 nunquam
1009 3759 1176 3813 dixit:
1226 3759 1341 3812 Heu
1375 3762 1523 3814 mihi.
1592 3760 1776 3830 Neque
1811 3765 1954 3818 enim
2000 3764 2131 3820 Ver-

557 3843 688 3896 bum
721 3848 954 3902 sustinet
1002 3861 1252 3914 mortem,
1283 3853 1374 3905 sed
1408 3852 1571 3908 homo
1605 3854 1694 3922 qui
1741 3855 1876 3909 istos
1927 3857 2131 3926 patitur

561 3933 806 4001 allectus,
834 3948 891 3993 ut
922 3956 1061 4009 saipe
1089 3944 1463 4012 exposuimus.

632 4211 680 4266 7.
725 4212 902 4279 Quare
930 4233 1009 4270 me
1045 4223 1267 4287 genuisti
1298 4225 1466 4276 virum
1500 4225 1587 4294 qui
1611 4224 1824 4292 judicer
1853 4237 1899 4278 et
1929 4227 2129 4280 discer-

558 4321 657 4359 nar
685 4309 826 4360 omni
863 4312 1052 4364 terrae?
1086 4311 1140 4364 Si
1167 4315 1476 4369 consideres
1499 4317 1685 4385 utique
1711 4326 1976 4388 martyres
1999 4335 2132 4374 con-

559 4403 867 4466 demnatos,
896 4411 949 4456 et
968 4406 1034 4458 de
1061 4407 1288 4476 singulis
1331 4408 1590 4464 Ecclesiis
1619 4411 1890 4467 exhibitas
1918 4413 1984 4466 ad
2036 4413 2132 4467 tri—

2235 3292 2401 3362 Οῖμοι
2434 3291 2567 3362 ἐγὼ,
2593 3291 2805 3362 μῆτερ,
2833 3293 2912 3359 ὡς
2952 3295 3086 3348 τινα
3107 3312 3185 3363 με
3213 3297 3413 3360 ἔτεκες
3431 3295 3653 3364 ἀνδρα;
3677 3297 3810 3364 Οὐχὶ

2229 3384 2257 3435 6
2285 3382 2417 3446 Θεὸς
2444 3383 2472 3434 6
2499 3382 2689 3455 Σωτὴρ
2720 3382 2869 3452 λέγει
2897 3383 2978 3450 τὸ,
3013 3385 3178 3454 Οτμοι
3211 3385 3346 3456 ἐγὼ,
3367 3387 3558 3456 μῆτερ
3579 3426 3594 3450 ,
3619 3387 3732 3440 ἀλλ’
3775 3388 3808 3458 ἢ

2231 3475 2542 3546 ἄνθρωπος,
2585 3475 2659 3537 ὡς
2690 3476 2764 3534 ,ἐν
2801 3473 2879 3546 τῷ
2930 3479 3216 3549 προφήτῃ·
3256 3477 3448 3546 Οἷμοι,
3486 3478 3677 3547 ψυχὴ,
3721 3477 3814 3531 ὅτι

2230 3565 2546 3619 ἀπόλωλεν
2564 3563 2826 3631 εὐλαϐὴς
2853 3565 2969 3618 ἀπὸ
3004 3564 3114 3633 τῆς
3147 3564 3279 3636 γῆς.
3332 3567 3397 3620 Ἡ
3430 3566 3486 3618 δὲ
3533 3567 3676 3639 ψυχὴ
3715 3569 3811 3620 ἀν-

2233 3655 2478 3728 θρωπίνη
2504 3650 2603 3726 ἦν’
2635 3654 2722 3709 διὰ
2752 3655 2909 3709 τοῦτο
2931 3657 3024 3710 καὶ
3059 3660 3409 3729 τετάρακται,
3438 3658 3527 3712 διὰ
3547 3659 3703 3712 τοῦτο
3721 3662 3813 3712 καὶ

2232 3747 2528 3818 περίλυπος
2552 3743 2620 3818 ἦν
2639 3763 2651 3776 ·
2687 3748 2718 3800 6
2747 3747 2804 3800 δὲ
2832 3747 3024 3816 Λόγος,
3048 3751 3076 3802 6
3106 3751 3163 3802 ὲν
3189 3750 3329 3820 ἀρχῇ
3359 3750 3494 3820 πρὸς
3543 3749 3633 3805 τὸν
3657 3750 3811 3810 Θεὸν,

2228 3839 2287 3892 οὐ
2323 3838 2648 3909 τετάρακται
2679 3840 2908 3904 ἐκεῖνος,
2937 3839 3036 3892 οὐκ
3066 3839 3130 3894 ἂν
3152 3840 3324 3908 λέγων
3357 3841 3435 3902 τὸ,
3470 3841 3654 3909 Οῑμοι.
3679 3842 3814 3894 Οὐδὲ

2230 3930 2340 4000 γὰρ
2367 3931 2396 3982 6
2417 3931 2587 3998 Λόγος
2612 3929 2915 4000 ἐπιδέχεται
2949 3930 3196 3995 θάνατον,
3217 3931 3351 3984 ἀλλὰ
3382 3932 3442 3984 τὸ
3476 3931 3814 4002 ἀνθρώπινόν

2229 4022 2346 4072 ἐστι
2385 4020 2447 4072 τὸ
2488 4019 2644 4072 τοῦτο
2683 4019 3099 4091 ὲπιδεξάμενον,
3141 4022 3216 4086 ὡς
3239 4022 3498 4087 πολλάκις
3538 4025 3814 4095 παρεστή-

2233 4127 2426 4180 σαμεν.

2313 4226 2408 4291 Ὠς
2430 4225 2564 4279 τίνα
2589 4242 2665 4295 με
2695 4226 2894 4292 ἔτεκες
2911 4225 3101 4294 ἄνδρα
3125 4227 3509 4296 δικαζόμενον
3543 4227 3640 4280 καὶ
3680 4226 3810 4279 δια-

2231 4317 2585 4385 κρινόμενον
2629 4317 2700 4370 er
2750 4314 2917 4383 πάσῃ
2963 4315 3036 4384 τῇ
3071 4315 3183 4385 γῆς
3240 4318 3364 4369 Ἐὰν
3407 4315 3520 4386 ἴδῃς
3564 4333 3650 4386 μοι
3686 4317 3811 4378 τοὺς

2235 4403 2504 4475 πανταχοῦ
2531 4404 2815 4476 μάρτυρας
2839 4402 3223 4472 δικαζομένους
3241 4444 3255 4468 ,
3295 4405 3415 4458 καθ’
3445 4404 3680 4473 ἑκάστην
3717 4407 3801 4456 ὲκ-

560 4491 746 4555 hunal,
777 4491 984 4548 videbis
1013 4496 1286 4563 quomodo
1317 4512 1408 4564 per
1423 4498 1667 4567 singulos
1691 4509 1957 4570 martyres
1973 4501 2131 4556 Jesus

2236 4493 2462 4564 κλησίαν
2512 4491 2950 4563 παρισταμένους
3008 4495 3120 4554 τοῖς
3165 4492 3478 4556 δικασταῖς,
3523 4493 3642 4563 ὄψει
3687 4494 3811 4545 τινα

555 4585 966 4639 eundemnetur.
1004 4583 1123 4653 lpse
1151 4585 1296 4638 enim
1349 4589 1554 4656 estqui
1611 4589 1665 4642 in
1717 4591 2129 4660 perhibentibus

554 4672 826 4729 divinitati
863 4675 1234 4731 testimonium
1285 4677 1597 4748 judicatur:
1648 4689 1701 4734 et
1745 4681 1849 4737 hoc
1899 4682 2130 4738 ﬁdeliter

551 4761 720 4832 .213
752 4767 1035 4834 suscipies,
1059 4767 1187 4836 quia
1214 4784 1320 4823 non
1350 4778 1400 4822 te
1437 4769 1633 4824 dixerit
1653 4786 1776 4826 esse
1804 4772 1856 4825 in
1884 4787 2126 4838 carcere,

553 4868 684 4905 [cum
723 4853 889 4908 fueris
920 4858 972 4909 in
1005 4873 1257 4928 carcere;
1297 4877 1402 4915 non
1429 4871 1478 4915 te
1510 4864 1738 4928 esurire,
1771 4880 1894 4920 cum
1922 4867 2128 4921 esurie-

561 4943 677 5009 ris;
712 4958 818 4998 non
860 4955 910 4999 te
933 4947 1106 5013 sitire,
1131 4951 1222 5003 sed
1258 4953 1630 5021 semetipsum.
1666 4953 1732 5007 In
1773 4971 2012 5020 carcere,
2041 4955 2128 5008 in-

547 5031 679 5100 quit
709 5033 776 5096 4³,
803 5033 953 5102 fui,et
971 5039 1180 5092 venistis
1212 5040 1280 5092 ad
1303 5057 1418 5105 me;
1443 5043 1658 5106 esurivi,
1685 5053 1734 5097 et
1756 5045 1978 5098 dedistis
2003 5044 2130 5098 mihi

550 5124 1104 5195 manducare;sitivi,
1124 5139 1173 5182 et
1201 5135 1423 5199 potastis
1473 5149 1571 5188 me.
1621 5133 1809 5205 Itaque
1853 5135 1898 5190 si
1929 5135 2129 5190 conde-

555 5225 777 5271 mnatur
799 5217 962 5271 etiam
989 5217 1365 5287 Christianus,
1402 5237 1511 5276 non
1548 5238 1648 5293 pro
1681 5223 1787 5277 alia
1828 5231 2007 5277 tamen
2049 5239 2126 5291 re,

557 5323 734 5376 neque
762 5323 859 5378 pro
892 5309 1187 5365 sceleribus
1211 5311 1348 5376 suis,
1369 5313 1464 5367 sed
1494 5329 1592 5382 pro
1616 5315 1721 5367 hoc
1745 5323 1952 5368 tantum
1980 5315 2125 5384 quod

547 5400 903 5458 Christianus
937 5411 1017 5457 est
1043 5443 1056 5464 .
1100 5401 1352 5459 Christus
1381 5414 1466 5460 est
1493 5406 1588 5476 qui
1618 5408 2030 5472 condemnatur,
2059 5423 2125 5461 ex

549 5505 663 5553 quo
693 5488 924 5546 edicitur
955 5501 1015 5546 ut
1059 5492 1288 5546 inomni
1326 5503 1467 5548 terra
1504 5495 1896 5551 condemnetur
1944 5495 2125 5560 Jesus,

549 5582 992 5654 quotiescunque
1018 5587 1063 5640 is
1087 5586 1373 5651 addicitur,
1389 5587 1482 5656 qui
1507 5603 1602 5656 pro
1624 5602 1690 5642 eo
1711 5588 2124 5643 condemnatur.

557 5758 606 5790 ⁶⁹
641 5761 831 5817 Matth.
880 5780 1036 5833 um,
1072 5768 1160 5820 57.
1240 5767 1281 5798 ³ο
1310 5767 1470 5821 Mirh.
1495 5786 1589 5831 vn,
1623 5771 1667 5834 l,
1701 5771 1755 5821 ‘2.

1835 5770 1873 5800 "
1903 5767 2041 5839 Psul.
2075 5781 2220 5832 uix,
2248 5767 2326 5818 ill.
2409 5766 2448 5796 “
2477 5764 2635 5817 Micli.
2671 5778 2764 5826 νη,
2799 5764 2852 5815 ‘3.

2231 4584 2430 4655 τρόπον
2475 4581 2682 4652 Ἰησοῦς
2727 4581 2961 4652 Χριστὸς
3005 4584 3062 4634 ὲν
3097 4583 3311 4653 ἑκάστῳ
3357 4584 3464 4636 τῶν
3520 4583 3810 4656 μαρτύρων

2229 4673 2524 4738 δικάζεται.
2553 4672 2722 4734 Αὐτὸς
2739 4672 2848 4742 γάρ
2872 4675 3019 4726 ἐστιν
3049 4675 3077 4724 6
3103 4675 3159 4726 ὲν
3190 4678 3300 4737 τοῖς
3329 4677 3564 4747 μάρτυσι
3595 4681 3662 4748 τῇ
3679 4677 3808 4747 άλη-

2233 4766 2350 4837 θείᾳ
2370 4765 2716 4833 δικαζόμενος
2735 4779 2747 4793 ⁸
2784 4762 3052 4816 καὶτοῦτο
3082 4764 3349 4837 πεισθήσῃ
3382 4766 3806 4838 παραδέξασθαι,

2233 4857 2464 4926 βλέπων,
2493 4856 2575 4908 ὅτι
2605 4855 2667 4908 οὑ
2698 4855 2758 4909 σέ
2785 4871 2947 4925 φησιν
2981 4852 3120 4909 εἶναι
3139 4859 3195 4911 ὲν
3221 4860 3455 4928 φυλακῇ,
3487 4861 3614 4913 ὅταν
3648 4859 3711 4910 σὺ
3739 4855 3806 4933 ᾗς

2229 4949 2288 5000 ἐν
2312 4946 2546 5017 φυλακῇ,
2575 4946 2688 4999 ἀλλ’
2715 4946 2903 4999 ἑαυτόν
2919 4962 2934 4977 ο
2953 4947 3013 5000 οὐ
3051 4949 3107 5000 σὲ
3136 4950 3426 5014 πεινῶντα,
3450 4952 3576 5003 ὅταν
3605 4951 3668 5002 σὺ
3690 4963 3808 5004 πει-

2229 5039 2346 5108 νῇς,
2380 5037 2492 5092 ἀλλ’
2527 5037 2746 5113 ἑαυτόν·
2782 5038 2844 5091 οὺ
2879 5038 2940 5091 σὲ
2985 5039 3248 5110 διψῶντα,
3277 5041 3389 5094 ἀλλ’
3427 5042 3638 5096 ἑαυτόνο
3711 5043 3807 5095 Ἑν

2228 5129 2471 5200 φυλακῇ
2495 5129 2678 5198 ἥμην,
2705 5131 2803 5184 καὶ
2835 5130 3048 5199 ἤλθετε
3073 5132 3222 5199 πρὸς
3263 5132 3359 5201 μέ·
3395 5134 3668 5196 ἐπείνων,
3705 5135 3801 5186 καὶ

2227 5220 2522 5276 δεδώκατέ
2554 5239 2657 5290 μοι
2702 5223 2916 5290 φαγεῖν
2936 5241 2948 5252 ι
2997 5222 3224 5290 ἐδίψων
3245 5263 3260 5287 ,
3317 5224 3415 5275 καὶ
3462 5223 3804 5277 ἐποτίσατ.σν

2229 5312 2436 5365 Οὐκοῦν
2467 5311 2569 5365 κᾶν
2605 5311 2890 5384 δικάζηται
2921 5311 3264 5384 Χριστιανὸς,
3291 5312 3352 5364 οὐ
3379 5311 3444 5363 δι’
3473 5311 3600 5366 ἄλλο
3631 5329 3705 5374 τι,
3741 5314 3802 5363 οὐ

2233 5405 2322 5457 διὰ
2344 5405 2441 5468 τὰς
2489 5405 2625 5468 ιδίας
2668 5407 2979 5478 ἁμαρτίας,
3031 5405 3144 5458 ἀλλ’
3179 5405 3261 5457 ὅτι
3299 5405 3620 5475 Χριστιανός
3662 5408 3799 5462 ἐστι,

2232 5493 2463 5565 Χριστός
2497 5496 2643 5547 ἐστιν
2683 5497 2712 5548 6
2744 5495 3115 5564 δικαζόμενος.
3167 5495 3256 5547 Ἐν
3299 5495 3452 5565 πάσῃ,
3492 5492 3585 5549 οὖν
3636 5497 3701 5564 τῇ
3731 5496 3800 5563 τῇ

2232 5584 2508 5648 δικάζεται
2541 5585 2773 5655 Χριστὸς
2817 5584 3056 5654 Ἰησοῦς·
3099 5588 3189 5638 καὶ
3218 5586 3406 5649 ὁσάκις
3429 5583 3520 5642 οὖν
3545 5589 3800 5656 Χριστιαη

2935 5763 2976 5794 ’⁸³
3013 5761 3174 5816 Matth
3235 5779 3366 5828 xxv,
3397 5761 3482 5816 ⁸56.
