4218 6292
398 304 501 358 ΗΞ

1563 297 1625 352 ιΝ
1670 295 2014 353 JERl‘LMIAM
2053 296 2333 351 llOMllJA
2371 297 2510 353 XIV.

3534 301 3632 356 Ill

389 422 476 483 νὸς
499 421 794 485 δικάζεται,
821 420 1050 489 Χριστός
1077 421 1220 472 ἐστιν
1248 423 1276 473 ὀ
1315 421 1666 491 δικαζόμενος
1706 421 1766 473 οὐ
1804 420 1962 490 μόνον
1997 434 2036 484 Α

1997 434 2036 484 Α
2067 417 2182 473 Non
2209 421 2385 473 solum
2411 431 2589 474 autem
2622 419 2763 489 apud
2793 419 3002 488 judices
3039 421 3223 475 sa:culi
3247 462 3262 486 ,
3301 430 3355 476 et
3391 423 3629 476 tribuna.

387 512 479 566 ἐπὶ
504 511 708 564 τούτων
744 511 852 564 τῶν
892 511 1287 580 δικαστηρίων
1333 511 1468 564 ἀλλὰ
1513 511 1644 582 φέρε
1696 527 1964 578 συκοφαν-

387 602 593 657 τεῖσθαι
615 603 940 674 Χριστιανὸν
965 603 1000 656 ἃ
1034 603 1159 674 περί
1206 621 1352 667 τινος
1392 602 1826 672 ἐγκαλούμενον,
1869 604 1962 655 καὶ

387 695 503 748 τότε
530 691 761 763 Χριστὸς
788 693 988 755 ἀδίκως
1021 692 1316 757 δικάζεται.
1368 695 1459 759 Ὠς
1483 695 1616 748 τίνα
1653 710 1730 765 με
1760 693 1962 758 ἔτεκες

391 783 573 852 ἄνδρα
618 782 998 852 δικαζόμενον
1039 785 1136 838 καὶ
1190 784 1642 855 διακρινόμενον
1688 785 1757 838 ἐν
1793 783 1960 853 πάσῃ

394 893 460 943 τιι
494 893 592 944 γιιο

457 965 565 1018 Καὶ
588 963 667 1016 ἔτι
694 963 749 1016 δὲ
774 964 947 1028 οὕτως
995 966 1227 1035 νοήσεις,
1259 965 1376 1030 πῶς
1405 963 1682 1030 δικάζεται
1729 967 1824 1019 καὶ
1849 967 1960 1019 δια-

391 1055 630 1129 κρίνεται
667 1058 724 1108 ὲν
744 1055 893 1127 πάσῃ
922 1059 984 1127 τῇ
1140 1057 1236 1120 Τίς
1263 1052 1355 1111 οὖν
1375 1057 1584 1122 δικάζει
1614 1058 1687 1126 (1)
1718 1059 1807 1111 τὸν
1830 1060 1962 1128 Χρι-

387 1144 595 1199 στιανὺν
628 1144 818 1214 λόγον;
849 1145 944 1208 Τίς
977 1146 1084 1200 τῶν
1105 1146 1275 1200 ἐθνῶν
1307 1186 1323 1211 ,
1361 1148 1463 1202 κᾶν
1494 1148 1679 1212 ἁπλῶς
1704 1148 1804 1200 οὐκ
1840 1147 1960 1212 ἐξε-

383 1231 532 1297 τάζει
552 1233 743 1297 αὐτόν;
775 1234 870 1297 Τίς
893 1235 953 1287 οὐ
977 1233 1124 1303 λέγει
1158 1235 1265 1288 τῶν
1297 1236 1566 1290 Ἰουδαίων
1595 1236 1662 1290 τά
1688 1237 1960 1310 περὶΧρι-

384 1321 647 1387 στιανῶν;
685 1323 780 1385 Τίς
823 1321 931 1376 τῶν
987 1321 1287 1392 Ἐλλήνωνς
1336 1322 1432 1386 Τίς
1471 1322 1579 1376 τῶν
1619 1323 1955 1392 φιλοσόφωνς

383 1413 477 1476 Τίς
507 1411 614 1466 τῶν
648 1411 908 1478 ίδιωτῶν;
941 1411 1226 1482 Πανταχοῦ
1283 1412 1490 1484 Ἰησοῦς
1534 1412 1810 1478 δικάζεται
1865 1415 1958 1467 καὶ

382 1503 621 1573 κρίνεται
641 1519 656 1532 θ
688 1503 783 1556 καὶ
811 1502 900 1570 ὑφ’
925 1494 998 1554 ὧν
1029 1501 1128 1571 μὲν
1156 1501 1608 1567 καταδικάζεται,
1649 1501 1738 1570 ὑφ’
1789 1497 1864 1555 ὧν
1899 1503 1956 1556 δὲ

379 1594 439 1646 οὐ
464 1591 903 1656 καταδικάζεται.
948 1593 1072 1648 Ἐάν
1108 1609 1172 1661 γε
1203 1592 1278 1664 μὴ
1308 1591 1755 1663 καταδικάζηται,
1778 1595 1956 1665 παρά-

377 1684 563 1746 δεκτος
594 1683 837 1752 γίνεται·
880 1683 1114 1752 ἀνοίγεις
1157 1682 1304 1753 αὑτῷ
1346 1683 1444 1748 τὰς
1491 1683 1740 1755 θυρίδας,
1779 1684 1956 1753 sict-ip-

2067 509 2196 561 lium
2231 517 2525 578 potestates
2554 507 2804 562 Christus
2835 507 3125 567 addicitur.
3155 510 3247 564 sed
3274 511 3437 564 etiam
3469 512 3524 565 si
3544 527 3633 565 ca-

2064 599 2326 653 lumniam
2358 599 2702 654 Christianus
2745 599 2814 653 ab
2851 599 3034 668 aliquo
3071 603 3325 669 patiatur,
3357 613 3410 658 ct
3438 619 3633 673 provo-

2063 705 2218 750 cetur
2247 696 2311 748 ad
2340 695 2510 758 litem,
2543 705 2674 749 tunc
2716 709 2936 764 quoque
2981 694 3164 764 justus
3203 694 3530 763 dijudicatur
3554 698 3634 751 in-

2057 785 2224 855 juste.
2257 784 2426 850 Quasi
2453 801 2603 852 quem
2641 799 2722 838 me
2751 785 2983 855 genuisti
3009 785 3178 838 virum
3206 785 3298 856 qui
3324 785 3556 854 judicer,
3584 800 3629 841 et

2061 871 2334 926 discernar
2358 871 2501 923 omni
2527 879 2697 924 terra’.

2132 961 2185 1016 8.
2228 960 2526 1016 Possumus
2551 969 2606 1014 et
2653 961 2807 1024 aliter
2848 962 3142 1031 intelligere
3165 962 3444 1030 quomodo
3475 962 3633 1020 Jesus

2062 1051 2454 1106 condemnetur
2481 1059 2535 1105 et
2561 1051 2888 1120 dijudicetur
2918 1052 2971 1106 in
3005 1054 3156 1106 omni
3189 1067 3354 1106 terra.
3379 1052 3515 1119 Quis
3535 1055 3632 1108 im-

2061 1141 2358 1209 proborum
2393 1157 2501 1195 non
2533 1142 2858 1196 condemnat
2893 1141 3256 1197 Christianam
3281 1142 3634 1213 religionem?

2061 1229 2196 1296 Quis
2226 1232 2506 1301 gentilium
2543 1231 2734 1286 saltem
2763 1232 3078 1286 transitorie
3103 1248 3212 1288 non
3241 1233 3443 1288 excutit
3472 1237 3633 1288 eam?

2060 1318 2194 1385 Quis
2219 1317 2530 1374 Judieorum
2560 1335 2667 1373 non
2692 1320 2758 1374 de
2791 1318 3118 1376 Christianis
3162 1321 3448 1391 loquitur?
3497 1322 3631 1387 Quis

2059 1409 2125 1465 de
2151 1410 2489 1480 philosophis
2505 1411 2530 1463 ?
2550 1409 2684 1476 Quis
2717 1413 2782 1466 de
2806 1412 3112 1482 imperitis?
3143 1413 3356 1483 Ubique
3379 1413 3632 1470 Christus

2058 1501 2452 1556 condemnatur
2475 1508 2638 1570 atque
2670 1501 3038 1556 discernitur:
3077 1509 3132 1556 et
3167 1506 3237 1558 ab
3257 1504 3377 1559 aliis
3407 1505 3626 1576 quidem

2057 1591 2471 1657 condemnatur,
2498 1591 2565 1645 ab
2586 1591 2710 1646 aliis
2732 1608 2840 1647 non
2875 1593 3290 1649 condemnatur.
3343 1592 3399 1647 Si
3446 1604 3628 1649 autem

2057 1697 2164 1738 non
2195 1683 2609 1750 condemnatur,
2637 1684 2967 1753 excipietur;
3009 1685 3221 1754 aperies
3241 1685 3290 1740 ei
3322 1687 3546 1748 ostium,
3576 1694 3631 1740 et

377 1792 528 1845 χεται
560 1774 694 1844 πρὸς
721 1775 811 1827 σέ·
851 1775 1123 1840 πιστεύεις
1160 1777 1240 1838 εἰς
1290 1774 1452 1827 αὐτόν
1492 1774 1567 1845 (2)
1590 1791 1603 1804 ⁸
1645 1774 1740 1828 ἐὰν
1785 1775 1842 1828 δὲ
1878 1775 1952 1846 μὴ
1987 1793 2026 1847 Β

1987 1793 2026 1847 Β
2056 1773 2386 1843 ingredietur
2415 1775 2482 1828 ad
2523 1785 2610 1841 te;
2638 1776 2817 1830 credis
2845 1775 2898 1829 in
2929 1790 3077 1841 eum,
3126 1785 3374 1832 vescetur
3423 1787 3623 1833 tecum.

378 1865 656 1937 παραδέξῃ
700 1869 830 1940 περὶ
867 1867 1296 1940 Χριστιανισμοῦ
1349 1865 1560 1921 ἀκούων
1588 1907 1602 1932 ,
1652 1867 1802 1921 οὐδὲν
1828 1869 1954 1922 ἀλλο

373 1957 684 2027 πεποίηκας
729 1959 762 2028 ἢ
810 1957 1171 2020 κατεδίκασας
1211 1959 1302 2011 τὸν
1355 1957 1562 2028 Ἰησοῦν
1603 1957 1950 2027 ψευδόμενον,

371 2047 449 2109 ὡς
488 2046 836 2116 πλανήσαντα
866 2046 992 2108 τοὺς
1018 2045 1359 2116 ἀνθρώπους,
1381 2045 1458 2109 ὡς
1482 2047 1582 2099 οὐκ
1599 2046 1951 2117 ἀληθεύοντα,

368 2139 462 2193 διὰ
491 2139 586 2192 τοῦ
617 2139 690 2210 μὴ
737 2140 1158 2194 πεπιστευκέναι
1189 2140 1267 2212 τῷ
1291 2142 1433 2213 λόγῳ
1460 2136 1504 2211 ᾦ
1534 2143 1791 2196 διδάσκει.
1858 2145 1954 2209 Ὠς

372 2230 512 2283 τίνα
536 2247 615 2299 με
639 2230 840 2296 ἔτεκες
863 2230 1052 2300 ἄνδρα
1086 2231 1468 2302 δικαζόμενον
1513 2235 1612 2290 καὶ
1663 2233 1953 2303 διακρινό-

361 2337 558 2389 μενον
584 2323 654 2374 ἐν
677 2321 844 2390 πάσῃ
865 2321 939 2389 τῇ
968 2321 1046 2391 τῇ
1061 2338 1080 2385 ;
1106 2323 1258 2376 Ὅσοι
1285 2323 1384 2394 μὲν
1405 2324 1608 2378 τέλειον
1639 2325 1948 2389 ἀπιστοῦσι,

369 2409 818 2474 καταδικάζουσιν
851 2412 1045 2464 αὐτόν·
1086 2413 1202 2466 ὅσοι
1226 2413 1281 2464 δὲ
1315 2413 1415 2466 ούκ
1448 2415 1789 2473 ἀπιστοῦσιν.
1817 2416 1952 2469 ἀλλὰ

367 2495 764 2564 ἀμφιδάλλουσι
777 2515 842 2550 πε
849 2499 902 2568 pl.
919 2498 1104 2563 αὑτοῦ,
1125 2499 1488 2569 διακρίνονται
1507 2519 1573 2554 πε
1582 2502 1634 2571 pl
1648 2503 1832 2556 αὑτοῦ.
1849 2506 1954 2558 Δύο

369 2586 564 2656 πάσχει
591 2587 619 2639 ό
651 2587 854 2657 Ἰησοῦς
882 2590 939 2640 ὲν
967 2587 1399 2660 ἀνθρώποις,ὲπὶ
1418 2591 1525 2662 (ῑσ.
1561 2593 1685 2660 ὑπό)
1724 2593 1822 2662 μὲν
1843 2595 1950 2648 τῶν

367 2677 609 2732 ἀπίστων
639 2679 1076 2744 καταδικάζεται,
1106 2681 1211 2733 ὑπὸ
1239 2681 1295 2734 δὲ
1322 2681 1561 2752 διψύχων
1588 2683 1942 2752 διακρίνεται.

376 2766 503 2819 Ἐἀν
531 2768 771 2839 φορὲσῃς
804 2769 903 2840 τὴν
925 2769 1108 2822 εἰκόνα
1135 2769 1228 2822 τοῦ
1258 2771 1582 2842 ἐπουρανίου
1615 2772 1948 2844 ἀποθέμενος

363 2857 461 2929 τὴν
492 2858 677 2912 εἰκόνα
700 2859 796 2912 τοῦ
819 2859 1027 2931 χοϊκοῦ,
1063 2861 1163 2914 οὐκ
1189 2857 1236 2913 εἷ
1267 2863 1338 2932 γῆ
1369 2862 1805 2928 καταδικάζουσα
1850 2866 1948 2919 αὑ-

365 2947 473 3014 τὸν,
499 2948 622 3006 οὐδὲ
650 2944 698 3002 εἰ
725 2947 797 3019 γῆ
831 2952 889 3003 ἐν
1011 2951 1462 3016 καταδικάζεταν
1523 2954 1705 3008 οὐκέτι
1753 2956 1825 3026 γῆ
1859 2956 1947 3027 εἴη

370 3038 716 3112 διακρίνουσα
749 3041 932 3097 αὐτόν.

2055 1861 2114 1916 Si
2145 1878 2274 1918 vero
2307 1862 2375 1918 de
2398 1863 2659 1934 religione
2684 1866 2909 1920 audiens
2934 1864 3243 1922 Christiana
3279 1883 3387 1922 non
3419 1870 3629 1937 ceperis

2053 1965 2195 2016 eam,
2228 1953 2363 2008 nihil
2406 1953 2556 2008 aliud
2594 1953 2760 2010 facies
2793 1971 2957 2025 quam
2983 1957 3371 2012 condemnabis
3415 1957 3626 2022 Jesum,

2054 2049 2114 2094 ut
2140 2041 2476 2109 mendacem,
2509 2051 2570 2096 ut
2593 2045 2936 2100 seductorem
2971 2045 3024 2099 in
3071 2061 3316 2102 errorem
3360 2050 3623 2104 mundum

2054 2131 2382 2188 trahentem.
2415 2133 2583 2199 Quasi
2615 2151 2768 2206 quem
2797 2151 2876 2189 me
2908 2136 3136 2205 genuisti
3165 2138 3335 2191 virum
3363 2140 3456 2207 qui
3476 2139 3629 2208 judi-

2053 2238 2140 2275 cer
2172 2230 2221 2276 et
2260 2222 2531 2278 discernar
2567 2226 2710 2278 omni
2745 2233 2917 2280 terrai.
2958 2224 3281 2296 Quicunque
3329 2229 3545 2296 penitus
3576 2231 3626 2284 ei

2053 2327 2162 2368 non
2186 2314 2433 2379 credunt,
2462 2314 2825 2370 condemnant
2849 2316 3020 2370 illum.
3046 2314 3151 2381 Qui
3173 2326 3350 2371 autem
3375 2319 3624 2384 credunt,

2051 2412 2104 2459 et
2138 2403 2321 2458 adhuc
2353 2405 2666 2476 ambigunt,
2717 2407 3018 2476 dijudicant
3071 2408 3246 2462 illum.
3295 2407 3414 2462 Duo
3464 2410 3626 2480 igitur

2050 2495 2194 2565 apud
2244 2497 2494 2552 homines
2537 2495 2790 2552 Christus
2829 2499 3160 2568 perpetitur:
3213 2499 3282 2554 ab
3331 2502 3626 2558 incredulis

2049 2585 2476 2652 condemnatur;
2503 2589 2572 2642 ab
2602 2589 3002 2657 ambigentibus
3033 2591 3378 2645 discernitur.
3416 2591 3470 2646 Si
3498 2609 3625 2662 por-

2048 2687 2132 2733 tas
2170 2677 2458 2748 imaginem
2490 2680 2732 2734 ccelestis
2762 2681 3009 2750 deposita
3047 2683 3284 2750 imagine
3323 2684 3522 2738 terreni
3555 2684 3623 2750 “,

2049 2785 2156 2826 non
2183 2785 2244 2825 es
2283 2779 2426 2825 terra
2453 2772 2828 2826 condemnatis
2855 2787 3002 2836 eum,
3051 2786 3227 2842 neque
3269 2771 3324 2827 in
3353 2779 3499 2829 terra
3532 2785 3622 2829 tua

2044 2859 2324 2929 iudicatur
2355 2868 2519 2930 atque
2543 2859 2894 2916 discernitur.

439 3133 506 3185 Ἠ
534 3133 716 3204 ἰσχύς
751 3150 871 3201 μου
900 3132 1178 3198 ἐξέλιπεν
1212 3135 1281 3188 ἐν
1328 3135 1452 3202 τοῖς
1503 3137 1941 3206 καταρωμένας
1968 3115 2010 3172 C

1968 3115 2010 3172 (ἶ
2115 3133 2169 3188 9.
2209 3130 2388 3185 Virtus
2414 3149 2525 3186 mea
2551 3132 2740 3202 defecit
2765 3133 2823 3186 in
2845 3133 2924 3188 Itis
2947 3134 3036 3203 qui
3062 3133 3379 3187 maledicunt
3398 3135 3527 3187 mihi
3550 3134 3614 3189 “.

355 3240 445 3291 με.
503 3223 562 3276 Ὀ
625 3223 944 3288 Ἀπόστολος
999 3226 1145 3294 λέγει
1194 3227 1325 3297 περὶ
1378 3227 1472 3280 τοῦ
1533 3229 1802 3300 Σωτῆρος,
1857 3229 1940 3280 ὅτι

360 3309 679 3380 ἐσταυρώθη
704 3309 763 3374 ἐξ
790 3312 1092 3375 ἀσθενείας.
1119 3315 1228 3366 Καὶ
1269 3317 1297 3367 ὁ
1337 3317 1622 3387 προφήτης
1657 3317 1712 3369 δὲ
1761 3334 1941 3388 παρα-

364 3401 564 3472 πλήσια
596 3401 810 3464 τούτοις
840 3402 987 3470 λέγει
1017 3404 1075 3457 ὲν
1107 3404 1212 3476 τῴο
1253 3406 1452 3472 Κύριε,
1494 3408 1579 3473 τίς
1613 3408 1940 3462 ἐπίστευσε

364 3487 430 3558 τῇ
460 3489 619 3559 ἀκοῇ
652 3490 856 3558 ἡμῶν,
883 3492 979 3545 καὶ
1009 3495 1040 3545 o'
1060 3493 1333 3563 ,βραχίων
1375 3496 1596 3562 Κυρίου
1636 3497 1754 3550 τίνι
1795 3497 1938 3551 ἀπε-

357 3582 633 3651 ααλύφθη
648 3597 668 3644 ;
715 3582 1165 3653 Ἀνηγτείλαμεν
1183 3585 1461 3638 ἐναντίον
1486 3587 1672 3640 αὐτοῦ
1699 3588 1777 3652 ὡς
1800 3603 1934 3641 παι-

356 3671 508 3739 δίον,
537 3673 617 3738 ὡς
639 3670 773 3740 ῥίζα
796 3673 865 3725 ὲν
892 3672 968 3743 γῇ
999 3672 1234 3744 διψώσῃ
1265 3674 1362 3746 (5).
1414 3673 1676 3744 Εἵδομεν
1726 3679 1933 3744 αὐτὸν,

356 3762 449 3815 καὶ
486 3765 603 3816 οὐκ
631 3757 796 3830 εἶχεν
822 3757 1004 3828 εἶδος,
1036 3762 1177 3816 οὐδὲ
1205 3763 1434 3830 κάλλος
1453 3781 1466 3794 ·
1496 3765 1657 3820 ἀλλὰ
1683 3767 1748 3819 τὸ
1777 3764 1933 3836 εἶδος

353 3852 516 3919 «ora;
542 3851 772 3922 ἄτιμον,
803 3851 1089 3906 ἐκλεῖπον
1137 3856 1295 3921 παρὰ
1327 3853 1468 3920 τοὺς
1491 3855 1660 3922 υἱοὺς
1683 3857 1800 3911 τῶν
1830 3859 1934 3914 ἀν-

354 3943 619 4011 θρώπων.
667 3944 1021 4010 Ἀνθρωπος,
1047 3944 1117 3996 ἐν
1145 3943 1349 4013 πλητῇ
1367 3944 1471 4007 ὢν,
1500 3946 1595 3999 καὶ
1637 3948 1707 4000 ἐν
1746 3950 1929 4014 πόνῳ,

355 4035 448 4087 καὶ
479 4033 652 4100 εἰδὼς
682 4033 884 4103 φέρειν
909 4035 1235 4102 μαλακίαν,
1279 4033 1377 4087 ὅτε
1421 4033 1828 4104 ἀπέστραπται
1863 4041 1929 4093 τὸ

355 4127 674 4192 πρόσωπον
694 4125 879 4181 αὐτοῦ
906 4106 1023 4180 ἀπὸ
1049 4125 1304 4193 ἀτιμίας,
1334 4128 1653 4198 ἠτιμάσθη,
1687 4131 1783 4183 καὶ
1819 4133 1930 4185 οὐκ

353 4216 659 4286 ἐλογίσθη.
713 4214 902 4285 Οὗτος
942 4217 1050 4283 τὰς
1087 4217 1339 4286 ἀνομίας
1384 4220 1552 4288 ἡμῶν
1601 4222 1784 4290 φέρει,
1831 4225 1929 4277 καὶ

355 4305 481 4374 περὶ
506 4304 678 4376 ἡμῶν
704 4305 1004 4362 ὀδυνᾶται·
1035 4306 1132 4360 καὶ
1166 4306 1338 4374 ἡμεῖς
1380 4307 1776 4378 ἐλογισάμεθα
1819 4311 1925 4364 αὑ-

351 4395 455 4448 τὸν
473 4391 627 4451 εἶναι
647 4395 715 4448 ἐν
745 4396 925 4461 πόνῳ,
962 4396 1060 4449 καὶ
1093 4397 1163 4450 ἐν
1194 4397 1400 4467 πληγῇ
1427 4399 1523 4453 καὶ
1547 4399 1616 4452 ἐν
1647 4399 1922 4455 κακώσει.

353 4485 538 4552 Αὐτὸς
565 4484 634 4538 δὲ
670 4485 1103 4554 ἐτραυματίσθη
1147 4485 1244 4540 διὰ
1287 4487 1391 4553 τὰς
1443 4488 1695 4558 ἀνομίας
1734 4491 1922 4559 ἡμῶν.

357 4577 594 4631 Παιδεία
623 4575 866 4646 εἰρήνης
884 4576 1050 4646 ἡμῶν
1072 4579 1163 4646 ἐφ’
1198 4580 1401 4632 αὐτόν’
1429 4579 1509 4645 τῷ
1533 4579 1782 4650 μώλωπι
1812 4585 1922 4637 αὐ-

2041 3223 2336 3292 Apostolus
2367 3223 2605 3292 loquitur
2634 3224 2702 3278 de
2729 3223 3009 3279 Salvatore
3039 3234 3248 3290 nostro,
3287 3225 3413 3292 quia
3440 3226 3620 3279 cruci-

2041 3315 2182 3370 ﬁxus
2213 3331 2276 3369 ex
2325 3315 2639 3388 inﬁrmitate
2685 3301 2773 3370 sit.
2827 3314 2926 3369 Cui
2960 3317 3248 3384 prophetes
3291 3316 3490 3369 similia
3536 3326 3610 3369 te-

2041 3413 2215 3462 SIatur
2243 3405 2428 3458 dicens
2456 3405 2534 3456 “:
2573 3404 2819 3470 Domine,
2862 3406 2982 3474 quis
3013 3407 3238 3459 credidit
3271 3405 3479 3460 auditui
3517 3424 3614 3460 no-

2038 3507 2168 3558 stro,
2202 3508 2249 3549 et
2282 3495 2552 3548 brachium
2585 3504 2734 3548 tuum
2806 3497 2890 3548 cui
2919 3497 3204 3550 revelatum
3240 3499 3359 3551 est?
3396 3499 3615 3551 Annuu-

2040 3587 2261 3640 tiabitur
2291 3602 2469 3639 coram
2505 3601 2562 3639 eo
2604 3586 2741 3638 sicut
2767 3586 2974 3655 infans,
3015 3589 3153 3642 sicut
3185 3588 3342 3641 radix
3373 3588 3428 3640 in
3472 3597 3611 3642 terra

2036 3671 2258 3725 sitienti.
2279 3671 2401 3726 Non
2424 3681 2500 3724 est
2522 3672 2717 3741 species
2742 3675 2790 3727 ei
2819 3690 2982 3744 neque
3011 3675 3219 3744 gloria;
3250 3674 3474 3728 vidimus
3493 3693 3610 3730 eum

2034 3769 2084 3814 et
2105 3776 2208 3814 non
2237 3759 2455 3813 habebat
2497 3763 2715 3830 speciem
2761 3779 2919 3833 neque
2973 3764 3233 3832 formam,
3277 3765 3369 3817 sed
3415 3769 3610 3833 species

2032 3854 2146 3922 ejus
2192 3853 2529 3917 inhonorata,
2568 3863 2616 3906 et
2658 3853 2906 3920 deﬁciens
2958 3855 3099 3906 circa
3146 3853 3286 3922 ﬁlios
3318 3854 3606 3910 hominum.

2036 3945 2210 3998 Homo
2249 3946 2304 3998 in
2335 3944 2492 4014 plaga
2530 3954 2578 3997 et
2610 3944 2810 4009 dolore,
2844 3943 3007 4015 214
3031 3946 3198 3998 sciens
3223 3945 3358 4013 ferre
3384 3947 3608 4016 inﬁrmi-

2034 4044 2219 4100 tatem,
2272 4035 2397 4103 quia
2453 4049 2636 4086 aversa
2675 4041 2752 4085 est
2784 4033 2946 4101 [acies
2995 4034 3130 4103 ejus,
3163 4033 3486 4104 depretiatus
3530 4050 3604 4091 est

2033 4138 2124 4177 nec
2145 4129 2500 4190 computatus.
2537 4119 2640 4173 Hic
2677 4130 2892 4188 peccata
2917 4131 3100 4175 nostra
3135 4123 3256 4192 fert,
3295 4134 3343 4176 et
3371 4141 3466 4193 pro
3511 4142 3603 4177 no-

2033 4213 2110 4266 bis
2127 4211 2302 4276 dolet;
2328 4220 2377 4265 et
2402 4226 2499 4264 nos
2523 4211 2942 4265 existimavimus
2962 4213 3016 4265 in
3041 4213 3310 4268 doloribus
3331 4231 3447 4268 eum
3470 4232 3600 4281 esse,

2031 4313 2080 4358 et
2110 4304 2164 4357 in
2196 4302 2352 4373 plaga
2377 4310 2429 4356 et
2462 4302 2516 4356 in
2549 4304 2841 4358 vexatione.
2891 4303 3014 4370 Ipse
3061 4315 3238 4360 autem
3275 4307 3602 4370 vulneratus,

2029 4405 2080 4449 et
2102 4395 2402 4464 inﬁrmatus
2427 4403 2504 4448 est
2523 4402 2735 4463 propter
2757 4395 3064 4464 iniquitates
3088 4409 3317 4450 nostras.
3351 4397 3604 4452 Doctrina

2026 4490 2172 4558 pacis
2202 4495 2394 4541 nostra:
2437 4502 2594 4556 super
2635 4502 2785 4542 eum:
2815 4489 2975 4543 livore
3007 4490 3120 4559 ejus
3172 4492 3352 4543 sanati
3397 4507 3599 4545 sumus.

2027 4578 2194 4650 Igitur
2215 4579 2453 4649 suscepit
2499 4577 2842 4634 inﬁrmitates
2877 4589 3224 4650 peccatorum
3267 4588 3598 4646 nostrorum,

354 4665 452 4719 τοῦ
481 4666 648 4736 ἡμεῖς
682 4666 946 4734 ἱάθημεν.
987 4667 1194 4722 Οὐκοῦν
1239 4671 1466 4724 ἀνέλαϐε
1501 4672 1600 4744 τὴν
1638 4673 1923 4729 ἀσθένειαν

2023 4681 2078 4728 et
2110 4671 2343 4741 portavit
2389 4687 2510 4737 nos,
2557 4681 2612 4726 et
2644 4675 2790 4727 venit
2837 4673 2903 4724 ad
2935 4687 3031 4726 eos
3071 4673 3164 4741 qui
3205 4673 3599 4729 maledicebant

353 4755 454 4808 τῶν
492 4758 902 4828 ἁμαρτημάτων
933 4758 1109 4829 ἡμῶν,
1165 4761 1258 4814 καὶ
1313 4762 1570 4833 ὲφόρεσεν
1612 4765 1794 4834 ἡμᾶς,
1825 4768 1920 4820 καὶ

2024 4763 2149 4827 sibi,
2182 4771 2236 4816 et
2274 4762 2444 4816 virtus
2475 4761 2596 4831 ejus
2626 4761 2822 4816 defecit
2866 4761 2934 4814 ab
2970 4763 3050 4817 cis
3079 4763 3172 4832 qui
3206 4765 3601 4821 maledicebant

353 4839 476 4913 ἦλθε
513 4847 648 4917 πρὸς
683 4848 808 4910 τοὺς
855 4849 1276 4918 καταρωμένους
1319 4851 1511 4914 αὑτὸν,
1555 4853 1648 4909 καὶ
1691 4855 1723 4924 ἡ
1763 4856 1917 4924 ἰσχὺς

2020 4867 2052 4907 e
2087 4851 2401 4906 caelestibus
2429 4851 2869 4906 descendentem.
2911 4850 3087 4906 Simul
3111 4853 3257 4907 enim
3289 4863 3343 4908 et
3381 4870 3594 4910 assum-

357 4935 514 4989 αὐτοῦ
545 4939 785 5003 ἐξέλιπεν
818 4938 928 4993 ἀπὸ
957 4939 1065 4992 τῶν
1094 4941 1495 5012 καταρωμένων
1537 4943 1631 4997 ἀπ’
1675 4943 1922 5016 οὐρανῶν
2019 4959 2023 5012 j

2019 4943 2126 5014 psit
2159 4943 2302 4997 servi
2331 4943 2596 5007 formam;
2629 4941 2865 4996 Verbum
2891 4959 3019 4998 caro
3051 4942 3255 4998 factum
3297 4945 3597 4999 exinanivit

356 5027 784 5090 καταόαίνοντος.
843 5028 993 5099 “Alta
1041 5029 1149 5100 γὰρ
1192 5030 1418 5084 ἀνέλαϐε
1456 5031 1555 5102 τὴν
1597 5032 1690 5085 τοῦ
1730 5033 1918 5088 δούλου

2022 5047 2102 5098 se,
2134 5041 2185 5086 et
2215 5032 2372 5100 juxta
2394 5031 2713 5101 Apostolum
2745 5031 3011 5086 dicentem
3050 5034 3090 5063 ⁵⁷
3116 5052 3127 5086 :
3169 5032 3479 5087 Exinauivit
3512 5050 3592 5088 se-

424 5183 468 5215 “
503 5185 522 5236 l
551 5183 675 5240 Cor.
719 5200 789 5239 xv
812 5223 826 5246 ,
874 5185 964 5240 49.
1041 5186 1086 5219 ⁸⁸
1122 5184 1323 5242 Jerem.
1351 5204 1441 5254 xv,
1471 5187 1556 5242 l0.
1633 5189 1678 5222 “
1709 5193 1814 5246 Isa.
1843 5209 1958 5260 LIII,
1992 5196 2090 5259 1,9

1217 5201 1323 5242 em.
1351 5204 1441 5254 xv,
1471 5187 1556 5242 l0.
1633 5189 1678 5222 “
1709 5193 1814 5246 lsa.
1843 5209 1958 5260 LIII,
1992 5196 2041 5259 l,
2067 5196 2170 5250 2st
2193 5210 2306 5265 seq.
2383 5193 2428 5226 δ”
2453 5193 2686 5264 Philipp.
2741 5209 2802 5260 ιι,
2833 5193 2882 5246 7.

420 5335 497 5416 (3)
536 5339 634 5416 ra;
661 5335 776 5395 οὖν
818 5337 1053 5400 δικάζει.
1093 5337 1327 5409 Legebat
1370 5338 1775 5412 Hieronymus:
1834 5345 1916 5410 τίς
2021 5347 2086 5400 αὐ

2021 5345 2168 5416 αὐτῷ
2199 5347 2298 5416 τὰς
2349 5345 2623 5416 θυρίδας,
2637 5345 2943 5416 εἰσέρχεται
2989 5344 3124 5416 πρὸς
3169 5346 3267 5400 σέ*
3315 5346 3589 5410 πιστεύεις

353 5403 412 5455 οι
431 5403 655 5485 Quaest.
1269 5476 1309 5485 __
1577 5403 1593 5412 '
1895 5403 1911 5410 '
2018 5453 2019 5460 ,

1895 5403 1911 5410 ’
2018 5419 2098 5479 εἰς
2122 5403 2303 5485 αὐτόν,
2328 5403 2478 5470 deest
2505 5403 3046 5485 ἀντίθετονξήοηῳοξ
3072 5403 3304 5469 vescetur
3348 5426 3532 5469 tecum.

536 5478 840 5558 Πιστεύεις
882 5480 969 5558 είς
1018 5478 1222 5558 αὐτόν.
1249 5476 1625 5558 Hieronymus
1656 5483 1904 5558 :_Credis

2077 5470 2168 5555 ’(5)
2207 5470 2338 5558 Post
2362 5485 2578 5558 bal/iber]
2609 5470 2983 5558 code‘x'qucm:
3017 5470 3239 5558 secutus
3278 5485 3587 5558 estAHieru-

359 5543 411 5627 in
444 5543 630 5622 Deum.
654 5555 885 5627 nascetur
915 5555 1102 5627 tecum.
1132 5546 1410 5627 Postrema
1442 5543 1554 5608 hare
1589 5554 1901 5609 tlesideran-
2013 5570 2025 5606 l

2013 5543 2231 5627 nvinus,
2287 5543 2513 5609 habebat
2535 5543 2684 5608 ι”ούκ
2728 5543 2876 5608 ἐστὶν
2911 5552 3048 5617 εἶδος
3078 5555 3244 5627 αὐτῷ,
3281 5554 3400 5610 οὐδὲ
3433 5555 3587 5622 δόξαι

359 5620 445 5697 tu}:
485 5612 538 5665 in
559 5615 774 5697 ‘codice
817 5613 1165 5697 Sgoralieusi.
1187 5617 1493 5697 .jAveiOesa
1523 5641 1722 5697 quippe
1753 5635 1901 5697 sunt,

2012 5613 2258 5691 Εῗδομεν,
2282 5633 2383 5676 etc.

368 5677 486 5732 Ἐὰν
513 5681 588 5750 μὴ
607 5683 1046 5751 καταδικάζηται,
1059 5685 1257 5754 παράδε
1267 5703 1388 5753 κτος
1404 5677 1611 5763 γίνεῖαι
1622 5677 1646 5728 τ
1658 5677 1903 5766 Ἄιδι-τιέξ
