4218 6292
519 382 625 440 HS

1970 386 2294 444 OlilGENIS

3662 387 3770 443 HG

517 506 682 567 ipsum
717 505 943 572 formam
969 506 1103 559 servi
1140 506 1421 575 accipiens,
1454 522 1599 561 nunc
1635 523 1854 578 quoque
1899 508 2083 577 iolui-

2193 510 2427 582 μορφὴν,
2452 513 2545 565 καὶ
2579 511 2770 566 ἑαυτὸν
2795 512 3082 574 ἐκένωσεν,
3102 508 3175 572 ὼς
3191 509 3220 560 ὁ
3253 506 3571 568 ’Λπόστολος
3598 501 3772 567 εἶπεν,

515 611 631 648 .ur:
674 593 854 649 Virtus
887 612 997 647 mea
1023 595 1211 663 defecit
1236 598 1290 650 in
1318 598 1383 650 iis
1407 599 1497 667 qui
1525 598 1844 652 maledicunt
1896 599 2043 652 mihi.

586 864 668 917 10.
688 861 982 919 Videamus
1005 873 1209 932 autem,
1234 865 1353 934 ipso
1368 866 1527 921 nobis
1548 883 1767 923 sensum
1787 868 2079 932 tribuente,

470 984 479 992 -
511 955 558 1008 si
595 968 660 1008 ex
689 954 794 1009 hoc
823 970 1075 1010 sermone
1104 957 1379 1023 possimus
1404 966 1459 1012 et
1507 958 1651 1012 aliud
1692 961 1821 1029 quid
1864 960 2086 1015 manife-

509 1044 649 1097 stius
676 1043 745 1096 ab
788 1043 870 1098 eis
892 1059 1014 1114 qua:
1057 1045 1200 1101 dicta
1230 1056 1357 1102 sunt
1384 1047 1598 1102 dicere:
1652 1046 1787 1101 Erat
1834 1049 1928 1102 lux
1960 1065 2081 1104 vera

506 1149 627 1205 quia
662 1133 931 1188 illuminat
972 1151 1175 1190 onmem
1224 1136 1487 1191 hominem
1521 1138 1805 1191 venientem
1840 1138 1895 1191 in
1946 1138 2105 1192 Itane

512 1224 765 1276 utendum
787 1222 854 1279 “.
887 1223 1005 1279 Lux
1035 1241 1163 1281 vera
1184 1225 1353 1280 Filius
1378 1226 1497 1289 Dei,
1522 1241 1644 1296 quae
1668 1226 1942 1280 illuminat
1964 1240 2085 1281 om-

508 1328 634 1366 nem
651 1313 924 1368 hominem
951 1316 1253 1369 venientem
1279 1316 1331 1369 in
1359 1316 1504 1369 hunc
1533 1315 1816 1371 mundum.
1843 1315 2084 1382 Quicun-

508 1419 618 1471 que
664 1404 945 1460 rationalis
978 1413 1082 1471 est,
1129 1407 1403 1475 particeps
1452 1421 1594 1461 vera:
1646 1406 1785 1461 lucis
1833 1406 2081 1462 eﬂicitur.

512 1490 816 1550 Rationalis
838 1505 1020 1549 autem
1053 1506 1138 1551 est
1161 1497 1342 1551 omnis
1378 1500 1563 1550 homo.
1609 1496 1746 1551 Cum
1783 1497 1946 1567 igitur
1966 1513 2087 1553 om-

510 1598 608 1639 nes
639 1584 893 1640 homines
925 1586 1221 1641 rationales
1273 1587 1403 1653 sint,
1440 1587 1494 1640 in
1543 1587 1872 1656 quihusdam
1916 1588 2086 1644 virtus

513 1678 799 1734 rationalis
828 1688 1076 1749 augetur,
1109 1679 1164 1733 in
1188 1678 1517 1748 quibusdam
1543 1678 1828 1734 minuitur.
1852 1678 1912 1735 Si
1940 1680 2087 1737 vide-

511 1767 592 1822 ris
623 1768 861 1823 animam
898 1769 1044 1824 vitiis
1079 1769 1317 1839 plenam,
1352 1780 1406 1824 et
1435 1769 1937 1838 perturbationibus
1966 1788 2084 1828 ser-

2191 602 2293 664 ὅτι,
2342 601 2676 655 Ἐκένωσεν
2722 599 2940 655 ἑαυτὸν
2987 596 3232 668 μορφὴν
3275 597 3499 650 δούλου
3550 595 3775 650 λαϐὼν.

2195 689 2507 753 Ἐξέιιιπεν
2528 686 2621 743 οὖν
2645 731 2661 755 ,
2693 691 2879 759 φησὶν,
2920 691 2959 759 ἡ
2994 690 3173 758 ισχύς
3197 705 3317 756 μου
3361 686 3433 739 έν
3475 684 3600 752 τοῖς
3633 702 3775 740 κατ-

2182 776 2509 844 αρωμένοις
2543 794 2638 845 με·

2256 866 2486 937 Ἴδωμεν
2528 869 2578 919 εἰ
2607 907 2622 931 ,
2657 866 2823 921 αὑτοῦ
2851 866 3084 930 διδόντος
3123 866 3215 919 τοῦ
3244 865 3418 933 Λόγου
3439 903 3456 927 ,
3497 863 3777 935 δυνάμεθα

2184 957 2278 1011 καὶ
2307 956 2434 1011 ἁλλο
2459 959 2793 1031 σαφέστερόν
2819 976 2874 1010 τι
2907 957 3058 1029 παρὰ
3089 957 3159 1011 τὰ
3186 957 3452 1029 εἰρημένα
3485 957 3659 1009 εἰπεῖν
3692 957 3775 1019 εἰς

2182 1048 2274 1101 τό’
2313 1048 2574 1117 Ἠίσχύς
2596 1066 2717 1118 μου
2738 1047 3020 1109 ἐξέλιπεν
3043 1049 3115 1101 ἐν
3159 1048 3286 1113 τοῖς
3331 1046 3775 1115 καταρωμένας

2178 1154 2275 1207 με.
2314 1134 2426 1193 Ἦν
2484 1138 2551 1192 τὸ
2601 1138 2725 1208 φῶς
2762 1137 2829 1192 τὸ
2860 1137 3151 1207 ἀληθινὸν
3212 1133 3247 1188 ὃ
3314 1135 3540 1206 φωτίζὲι
3579 1135 3776 1190 πάντα

2184 1227 2498 1297 ἄνθρωπον
2547 1229 2873 1299 ἐρχόμενον
2910 1231 2998 1291 είς
3033 1226 3141 1281 τὸν
3158 1227 3406 1296 κόσμον.
3442 1228 3551 1280 Καὶ
3569 1227 3628 1291 δς
3657 1229 3773 1282 ἐστι

2184 1318 2395 1387 λογικὸς
2447 1319 2666 1390 μετέχει
2708 1318 2803 1372 τοῦ
2865 1316 3122 1384 ἀληθινοῦ
3171 1319 3368 1387 φωτός.
3427 1319 3658 1387 Λογικὺς
3712 1319 3772 1373 δέ

2185 1411 2302 1463 ἐστι
2340 1411 2451 1472 πᾶς
2486 1408 2792 1481 ἄνθρωπος.
2856 1408 2947 1480 Τῷ
2976 1406 3104 1463 νοῦν
3134 1405 3211 1478 (ί)
3247 1406 3580 1479 μετεχόντων
3611 1406 3771 1478 λόγου

2187 1499 2402 1554 πάντων
2428 1497 2759 1570 ἀνθρώπων,
2825 1500 2884 1551 tv
2945 1498 3059 1551 τισὶ
3126 1497 3224 1569 μὲν
3281 1500 3316 1570 ἡ
3374 1498 3526 1568 ἰσχὺς
3554 1496 3648 1551 τοῦ
3686 1498 3775 1551 λό-

2186 1607 2282 1659 γου
2308 1588 2561 1661 ηὔξησεν,
2587 1589 2645 1643 tv
2666 1589 2776 1643 τισὶ
2805 1588 2863 1642 δὲ
2884 1588 3147 1643 ἐκλείπει.
3195 1585 3321 1641 Ἐὰν
3352 1586 3409 1640 δὲ
3452 1588 3570 1661 ἴδῃς
3596 1587 3774 1659 ψυχὴν

2187 1680 2412 1753 ἐμπαθῆ
2435 1682 2530 1734 καὶ
2546 1678 2889 1752 ἁμαρτωλὸν,
2908 1680 3028 1751 ὄψει
3044 1681 3162 1734 ἐκεῖ
3177 1679 3277 1753 τὴν
3301 1679 3455 1751 ἰσχὺν
3478 1678 3571 1733 τοῦ
3597 1681 3771 1749 Λόγου

2190 1773 2580 1827 ἐπιλείπουσαν
2599 1788 2613 1803 ο
2655 1771 2750 1825 ὲὰν
2778 1772 2835 1826 δὲ
2870 1771 2986 1843 ἴδῃς
3015 1771 3194 1843 ψυχὴν
3219 1772 3383 1840 ἁγίαν
3410 1772 3505 1825 καὶ
3531 1772 3769 1839 δικαίαν,

513 1859 770 1924 vientem,
801 1858 1009 1915 videbis
1037 1859 1312 1929 quomodo
1354 1861 1526 1916 virtus
1577 1859 1741 1917 Verbi
1771 1862 1990 1920 deﬁciat
2027 1865 2082 1920 in

2186 1864 2306 1934 ὕψει
2336 1864 2438 1935 τὴν
2475 1863 2627 1934 ἰσχὺν
2659 1861 2754 1916 τοῦ
2787 1862 2964 1931 Λόγου
2997 1863 3264 1935 ὁσημέραι
3296 1864 3768 1935 καρποφοροῦσαν·

510 1963 574 2002 ea
600 1963 613 1998 :
648 1947 694 2003 si
735 1947 933 2002 videris
961 1956 1208 2003 sanctam
1244 1958 1298 2003 et
1327 1949 1555 2018 justam,
1590 1950 1801 2006 videbis
1821 1953 1967 2023 quod
1989 1969 2088 2024 per

510 2038 758 2108 singulos
793 2037 912 2093 dies
937 2039 1112 2094 virtus
1143 2038 1235 2094 Dei
1272 2042 1520 2109 prollciat
1568 2051 1624 2098 et
1664 2055 1875 2100 crescat
1901 2045 1955 2099 in
1977 2061 2038 2100 ea
2068 2063 2083 2098 :

506 2141 563 2184 et
600 2130 702 2185 hoc
734 2129 881 2200 quod
922 2129 1181 2186 scribitur
1225 2132 1292 2187 de
1335 2131 1465 2190 Iesu
1511 2136 1728 2206 aptabis
1780 2136 1852 2193 ei.
1901 2135 2088 2210 Neque

509 2219 887 2275 tantummodo
905 2218 1066 2276 Jesus
1090 2221 1400 2292 proﬁciebat
1431 2226 1715 2294 sapientia,
1750 2236 1801 2282 et
1823 2240 2010 2299 (etate,
2037 2243 2089 2286 et

508 2310 685 2379 gratia
708 2312 849 2378 apud
879 2309 1039 2365 Deam
1061 2322 1109 2366 et
1144 2314 1379 2368 homines
1413 2314 1494 2382 ⁸⁹;
1521 2331 1710 2371 verum
1740 2329 1793 2373 et
1820 2320 1873 2373 in
1900 2320 2088 2392 singu-

509 2401 578 2454 lis
626 2399 929 2469 profectum
988 2402 1287 2471 sapientiae,
1310 2412 1363 2457 et
1414 2406 1610 2471 aetatis,
1653 2418 1706 2460 et
1739 2409 1926 2478 gratim
1952 2411 2090 2464 reei-

509 2491 806 2560 pientibus,
840 2492 1053 2562 prolicit
1086 2492 1245 2549 Iesus
1273 2497 1560 2565 sapientia,
1603 2508 1761 2553 aetate
1782 2540 1796 2563 ,
1830 2509 1884 2554 et
1917 2503 2086 2572 gratia

509 2582 651 2650 apud
682 2581 846 2638 Deum
876 2594 929 2639 et
954 2585 1226 2642 homines.
1259 2586 1453 2643 Sermo
1480 2602 1611 2659 ergo
1641 2588 1818 2646 Filius
1865 2590 1959 2647 Dei
1992 2593 2088 2662 qui

506 2682 625 2730 erat
668 2673 808 2732 Deus
856 2675 1095 2733 Verbum
1122 2719 1137 2744 ,
1180 2680 1274 2748 qui
1308 2678 1518 2734 habitat
1566 2680 1621 2734 in
1673 2680 1924 2736 dicente:
1974 2682 2090 2736 Hea

509 2767 658 2833 mihi,
682 2775 850 2821 mater
883 2783 1017 2831 mea,
1041 2776 1097 2821 et
1119 2768 1328 2837 reliqua
1361 2769 1518 2838 juxta
1552 2777 1804 2824 naturam
1837 2772 2090 2841 majesta-

510 2858 582 2914 tis
607 2874 720 2913 sua:
746 2857 1024 2927 loquitur:
1058 2857 1244 2913 Virtus
1290 2875 1406 2914 mea
1437 2860 1632 2931 defecit
1676 2862 1729 2916 in
1779 2862 2091 2917 maledicen-

511 2950 649 3002 tibus
679 2949 826 3002 mibi.
862 2947 920 3002 Si
958 2949 1086 3020 quis
1119 2950 1464 3008 maledixerit
1491 2951 1695 3019 Verbo,
1722 2954 1905 3009 statim
1941 2956 2086 3009 reci-

510 3042 589 3111 pit
611 3041 805 3107 vicem,
829 3049 884 3096 et
904 3049 1170 3097 tormenta
1197 3045 1513 3114 perpetitur.
1541 3044 1724 3101 Virtus
1738 3047 1939 3117 quippe
1960 3045 2087 3102 Jesn

509 3130 706 3187 defecit
732 3130 784 3185 in
811 3147 876 3189 eo
907 3147 1030 3187 cum
1061 3134 1198 3188 ratio
1228 3135 1513 3191 minuitur.
1560 3134 1617 3191 Si
1647 3137 1770 3207 quis
1825 3145 2086 3193 econtra-

2188 1956 2284 2008 καὶ
2307 1955 2368 2008 τὸ
2391 1955 2678 2026 εἰρημένον
2701 1954 2831 2025 περὶ
2859 1952 3033 2024 Ἰησοῦ
3057 1952 3361 2025 ἐφαρμόσει
3387 1956 3500 2018 τοῖς
3519 1953 3768 2018 δικαίοις.

2190 2046 2268 2098 Οὔ
2300 2044 2410 2117 γὰρ
2442 2045 2565 2100 καθ’
2602 2044 2791 2098 ἑαυτὸν
2837 2043 2995 2116 μόνον
3015 2046 3044 2098 6
3081 2043 3287 2115 Ἰησοῦς
3307 2044 3675 2113 προέκοπτεν
3702 2045 3774 2099 έν

2187 2135 2263 2205 τῇ
2293 2138 2500 2206 σοφίᾳ,
2536 2137 2636 2191 καί
2668 2138 2893 2207 ἡλικίᾳ,
2920 2136 3018 2191 καὶ
3063 2136 3257 2205 χάριτι
3298 2137 3459 2205 παρὰ
3511 2135 3633 2203 Θεῷ
3672 2136 3772 2191 καί

2189 2225 2542 2293 ἀνθρώποις.
2577 2226 2739 2295 Λέγει
2770 2221 2863 2279 οὖν
2900 2227 2929 2278 6
2959 2225 3130 2293 Λόγος
3151 2225 3180 2276 6
3208 2224 3337 2288 Υἱὸς
3381 2224 3478 2278 τοῦ
3514 2224 3651 2279 Θεοῦ
3695 2225 3771 2279 ὢν

2187 2318 2247 2370 tv
2274 2317 2349 2389 τῷ
2373 2318 2608 2371 εἰπόντιο
2643 2319 2812 2387 οἶμοι
2854 2316 2989 2387 ἐγὼ,
3024 2314 3234 2386 μῆτερ,
3279 2317 3373 2370 καὶ
3405 2317 3473 2371 τὰ
3511 2316 3659 2388 ἑξῆς,
3688 2317 3772 2371 δτι

2199 2410 2270 2465 'I!
2285 2411 2465 2480 ισχύς
2488 2426 2608 2480 μου
2633 2408 2913 2475 ἐξέλιπεν
2944 2408 3014 2462 ἐν
3043 2407 3166 2474 τοῖς
3199 2408 3633 2478 καταρωμένους
3664 2424 3765 2478 με.

2195 2501 2291 2563 Ὃς
2321 2500 2387 2554 ἂν
2416 2500 2795 2572 καταράσηται
2823 2497 2903 2568 τῷ
2933 2498 3111 2569 Λόγῳ,
3145 2491 3297 2561 οὗτος
3324 2496 3525 2560 εὐθέως
3560 2496 3771 2566 λαμὸἁ-

2188 2610 2267 2645 νει
2292 2594 2390 2663 τὴν
2422 2592 2641 2645 κόλασιν
2664 2594 2757 2644 ἐπὶ
2778 2590 2857 2662 τῷ
2881 2588 3293 2661 καταράσασθαι
3327 2588 3404 2660 τῷ
3439 2590 3614 2660 Λόγῳ,
3669 2589 3765 2641 ἐπὶ

2188 2682 2266 2752 τῷ
2293 2682 2609 2754 μέμψασθαι
2643 2686 2709 2754 τῇ
2738 2682 3057 2754 διδασκαλία
3103 2680 3300 2751 Ἰησοῦ.
3357 2682 3423 2734 Ἦ
3464 2680 3575 2752 γὰρ
3616 2681 3771 2752 ἰσχὺς

2188 2773 2283 2827 τοῦ
2321 2772 2496 2845 Ἰησοῦ
2543 2774 2784 2828 ἐκλείπει
2833 2776 2892 2827 ὲν
2924 2772 3002 2844 τῷ
3054 2773 3317 2844 τοιούτῳ,
3353 2774 3448 2827 καὶ
3494 2775 3594 2827 οὐκ
3622 2772 3771 2829 ἐστιν

2191 2867 2345 2937 ἰσχὺς
2366 2867 2526 2937 λόγου
2554 2869 2612 2923 tv
2641 2866 2788 2938 αὕτῷ
2812 2883 2826 2898 ·
2866 2866 2941 2930 ὡς
2970 2865 3130 2920 πάλιν
3159 2866 3224 2919 ὲκ
3256 2864 3350 2919 τοῦ
3387 2865 3649 2929 ἐναντίου,
3677 2865 3771 2919 ἐὰν

2192 2957 2494 3030 εὐλογήσῃς
2539 2957 2767 3030 Ἰησοῦν,
2792 2959 2885 3011 καὶ
2920 2955 3197 3030 παραδέξῃ
3224 2956 3386 3010 αὑτὸν
3405 2998 3419 3023 ,
3465 2958 3498 3026 ἡ
3537 2956 3686 3028 ἰσχὺς
3709 2956 3773 3009 τὸ

2187 3047 2424 3101 ἐναντιον
2457 3048 2654 3118 πάσχει
2695 3046 2725 3099 ὃ
2752 3046 2861 3110 (to.
2888 3040 2970 3117 οὗ)
2993 3046 3257 3100 πέπονθεν
3286 3046 3345 3099 tv
3383 3049 3496 3110 τοῖς
3517 3061 3769 3116 καταρω-

2191 3140 2371 3210 μένοις
2392 3138 2550 3193 αὐτόν
2570 3154 2586 3171 ⁸
2624 3137 2700 3201 ὡς
2729 3137 2838 3209 γὰρ
2863 3138 2982 3191 ἐκεῖ
3011 3135 3256 3201 ἐξέλιπεν
3287 3136 3345 3189 tv
3374 3139 3485 3198 τοῖς
3517 3152 3768 3208 καταρω-

511 3223 594 3278 rio
615 3223 948 3279 benedixerit
976 3231 1031 3279 et
1064 3227 1325 3295 receperit
1362 3226 1548 3282 Jesum
1574 3268 1590 3295 ,
1623 3231 1801 3283 virtus
1836 3228 1957 3298 ejus
1998 3227 2081 3282 di-

2191 3229 2391 3299 μένοις,
2426 3227 2598 3292 οὕτως
2620 3226 2851 3282 ἐνταῦθα
2880 3226 3029 3295 αὔξει
3061 3229 3119 3280 tv
3147 3228 3259 3290 τοῖς
3294 3225 3596 3295 εὐλογοῦσι.

513 3333 669 3373 versa
703 3333 866 3388 quam
888 3328 970 3374 est
999 3319 1050 3373 in
1081 3319 1531 3378 maledicentibus
1563 3322 1611 3378 ei
1644 3338 1802 3393 passa
1840 3323 2172 3394 perpetitur;
2239 3334 2297 3378 ut
2344 3324 2488 3379 enim
2522 3324 2575 3377 in
2608 3323 3051 3379 maledicenlibus
3090 3322 3394 3388 defecerat,
3441 3323 3521 3378 sic
3569 3322 3623 3376 in
3678 3323 3772 3377 be-

510 3411 882 3467 nedicentibus
918 3415 1133 3469 crescit.

581 3524 667 3580 Η.
703 3522 863 3593 Fiat,
893 3524 1111 3581 Domine
1132 3567 1148 3592 ,
1199 3526 1549 3596 dirigentibus
1579 3528 1677 3593 eis,
1713 3529 1760 3581 si
1805 3544 1906 3582 non
1937 3528 2085 3582 astiti

508 3619 605 3672 tibi
631 3618 686 3671 in
711 3626 938 3686 tempore
962 3620 1223 3671 malorum
1243 3635 1424 3673 eorum
1454 3620 1521 3672 ⁵⁰.
1548 3618 1687 3685 Quid
1708 3628 1792 3675 est
1817 3620 1919 3675 hoc
1941 3621 2084 3690 quod

506 3707 708 3765 dicitur
741 3728 757 3763 :
801 3707 950 3772 Fiat,
983 3708 1225 3775 Domine,
1252 3709 1346 3780 qui
1372 3718 1567 3779 potest,
1591 3726 1656 3765 ex
1687 3710 1808 3781 ipso
1833 3726 2086 3767 sermone

505 3800 831 3856 consideret.
861 3798 957 3855 His
984 3800 1136 3870 ipsis,
1171 3798 1416 3864 Domine,
1441 3798 1820 3871 dirigentibus,
1842 3799 1934 3870 qui
1973 3816 2087 3855 ma-

506 3890 809 3947 ledicebant
836 3891 992 3956 mihi,
1023 3890 1198 3946 virtus
1221 3906 1346 3962 qua:
1370 3891 1660 3947 deﬁciebat
1693 3891 1746 3946 in
1777 3892 1879 3952 eis.
1910 3890 2002 3947 ﬁni
2030 3892 2084 3947 in

508 3982 589 4036 eis
617 3996 741 4035 cum
787 3980 853 4035 ad
893 3981 1270 4051 paenitentiam
1316 3983 1568 4038 conversi
1622 3991 1747 4053 post
1801 3982 2084 4039 maledicta

508 4070 670 4141 215
692 4071 892 4140 quibus
915 4088 1000 4126 me
1029 4074 1496 4144 persequebantur
1520 4075 1799 4131 ambulare
1821 4078 2088 4147 coeperint

507 4173 714 4217 rectam
739 4163 904 4217 viam.
936 4160 1082 4227 Fiat,
1119 4163 1357 4229 Domine,
1377 4166 1727 4237 dirigentibus
1762 4168 1861 4233 eis,
1901 4169 1948 4222 si
1981 4185 2082 4223 non

506 4254 659 4309 astiti
678 4255 794 4311 tibi.
819 4253 1015 4311 Reddit
1041 4257 1305 4312 rationem
1334 4274 1504 4327 quare
1536 4259 1603 4314 iis
1653 4258 1746 4329 qui
1793 4260 2085 4315 maledice-

510 4345 638 4400 bant
680 4345 782 4399 sibi
816 4345 1056 4414 postulat
1091 4346 1447 4401 directionem
1495 4355 1659 4417 atque
1697 4347 1953 4402 virtutem
1998 4346 2083 4401 di-

508 4449 671 4489 cens:
706 4432 766 4489 Si
796 4448 899 4486 non
923 4434 1072 4485 astili
1106 4433 1200 4486 tibi
1240 4435 1297 4487 in
1336 4444 1562 4504 tempore
1590 4436 1853 4489 malorum
1878 4452 2077 4490 eorum.

2261 3504 2524 3567 Γένοιτο.
2556 3507 2761 3574 Κύριε,
2810 3505 3301 3561 κατευθυνάντων
3337 3506 3536 3559 αὐτῶν
3557 3544 3572 3569 ,
3607 3509 3659 3560 ει
3679 3509 3771 3578 μὴ

2185 3598 2495 3664 παρέστην
2521 3610 2619 3650 σοι
2652 3596 2722 3649 έν
2750 3595 2932 3665 καιρῷ
2959 3595 3077 3650 τῶν
3097 3595 3296 3650 κακῶν
3326 3595 3541 3650 αὐτῶν.
3562 3597 3652 3663 Τί,
3676 3602 3774 3669 τέ-

2184 3705 2365 3752 νοιτο,
2396 3688 2601 3755 Κύριε;
2647 3688 2705 3741 ’0
2730 3687 3026 3758 δυνὰμενος
3052 3686 3143 3757 ἀφ’
3179 3686 3376 3741 ἑαυτοῦ
3416 3689 3771 3759 συναγαγέτω

2184 3778 2245 3832 τὸ
2264 3777 2500 3833 τοιοῦτον
2524 3781 2604 3844 τὸ,
2633 3778 2868 3843 Γένοιτο,
2888 3778 3135 3832 Δέσποτα
3173 3778 3367 3849 Κύριε,
3399 3780 3768 3835 κατευθυνὰν-

2183 3885 2292 3920 των
2312 3867 2514 3934 αὐτῶν,
2541 3869 2750 3937 γένοιτο
2778 3870 2931 3939 ἰσχὺς
2955 3869 3282 3925 ἐκλείπουσα
3305 3873 3362 3924 tv
3388 3875 3499 3935 τοῖς
3526 3888 3771 3946 καταρω-

2189 3959 2393 4029 μένοις,
2427 3960 2557 4014 ὅταν
2586 3958 2725 4030 μετὰ
2749 3960 2810 4013 τὸ
2844 3960 3029 4025 κακῶς
3052 3979 3119 4033 με
3144 3964 3318 4016 εἰπεῖν
3336 4003 3351 4028 ,
3397 3964 3648 4035 τραπῶσι
3671 3964 3771 4037 τὴν

2183 4050 2396 4105 εὐθεῖαν
2426 4090 2440 4114 ,
2494 4050 2587 4105 καὶ⁵
2612 4051 2782 4122 αὐτὴν
2830 4052 3108 4107 ὀδεύσωσι.
3150 4052 3416 4118 Γένοιτο,
3461 4054 3755 4119 Δέσποτα,

2183 4142 2675 4198 κατευθυνάντων
2703 4144 2921 4207 αὐτῶν,
2954 4146 3008 4198 et
3040 4143 3128 4214 μὴ
3159 4145 3468 4213 παρέστην
3495 4159 3613 4201 σοι.
3636 4141 3772 4200 Εἶτα

2181 4231 2591 4303 δικαιολογεῖται
2624 4232 2775 4305 παρὰ
2793 4234 2903 4288 τῶν
2921 4233 3360 4304 κακολογούντων
3380 4235 3542 4289 αὐτὸν
3570 4234 3766 4304 λέγων’

2182 4325 2254 4376 Et
2274 4322 2360 4393 μὴ
2391 4324 2704 4393 παρέστην
2718 4343 2817 4381 σοι
2841 4327 2913 4380 έν
2938 4325 3119 4397 καιρῷ
3147 4326 3266 4380 τῶν
3302 4325 3504 4381 κακῶν
3549 4326 3766 4382 αὐτῶν.

2184 4409 2439 4483 Παρέστη
2464 4412 2541 4485 τῷ
2574 4413 2770 4485 Πατρὶ,
2797 4413 3026 4485 ίλασμὸς
3055 4413 3131 4469 ὢν
3167 4414 3295 4486 περὶ
3342 4414 3452 4469 τῶν
3484 4415 3770 4489 ἁμαρτιῶν

508 4524 693 4580 Astitit
714 4523 863 4579 Patri
895 4522 1209 4593 propitiatio
1254 4539 1352 4593 pro
1391 4497 1627 4593 peccatis
1675 4525 1878 4581 nostris
1903 4526 1972 4590 “,
2029 4535 2084 4581 et

2184 4499 2215 4567 ἡ
2224 4497 2359 4569 μῶν,
2383 4502 2478 4554 καὶ
2503 4502 2843 4571 παρεκάλεσε
2876 4504 3003 4577 περὶ
3034 4504 3210 4558 αὐτῶν
3233 4508 3291 4559 tv
3322 4506 3470 4578 αὐτῷ
3492 4506 3572 4577 τῷ
3592 4508 3770 4578 καιρῷ

508 4616 829 4686 deprecatus
846 4625 929 4672 est
948 4631 1073 4672 eum
1099 4617 1151 4671 in
1177 4623 1423 4686 tempore
1440 4616 1708 4672 malorum
1728 4627 2043 4672 nostrorum
2064 4637 2077 4691 ς

511 4722 685 4775 neque
709 4710 850 4762 enim
891 4708 1061 4764 astitit
1089 4715 1211 4778 post
1251 4715 1464 4775 tempus
1506 4706 1812 4763 aﬂlictionis
1858 4717 2075 4770 nostrae,

2181 4592 2291 4646 τῶν
2311 4593 2495 4648 κακῶν
2520 4595 2697 4667 ἡμῶν.
2736 4596 2875 4650 Ἀλλ’
2897 4597 3064 4652 ὄντων
3094 4599 3199 4653 τῶν
3221 4601 3562 4672 ἁμαρτωλῶν
3588 4603 3766 4675 ἡμῶν,

2182 4682 2413 4751 Χριστὸς
2434 4683 2574 4757 ὑπὲρ
2607 4686 2762 4756 ἡμῶν
2786 4686 3078 4742 ἀπέθανεν.
3115 4691 3185 4743 Et
3205 4689 3291 4759 μὴ
3321 4690 3640 4761 παρέστην
3668 4705 3769 4746 σοι

509 4796 607 4850 sed
629 4812 752 4848 rum
787 4798 963 4851 adhuc
990 4807 1301 4866 peccatores
1328 4810 1594 4861 essemus,
1626 4794 1785 4852 Iesus
1825 4797 2078 4852 Christus

2184 4772 2251 4824 ἐν
2271 4773 2452 4841 καιρῷ
2475 4775 2593 4829 τῶν
2614 4776 2815 4829 κακῶν
2837 4777 3053 4842 αὐτῶν,
3073 4780 3143 4831 ἐν
3156 4780 3341 4848 καιρῷ
3363 4781 3480 4834 τῶν
3503 4783 3771 4851 θλίψεων

510 4902 608 4957 pro
635 4884 791 4939 nobis
812 4896 1060 4943 mortuus
1098 4896 1200 4943 est.
1238 4886 1297 4942 Si
1332 4903 1435 4942 non
1461 4888 1609 4941 astiti
1636 4887 1733 4941 tibi
1760 4888 1814 4941 in
1851 4898 2077 4958 tempore

507 4974 772 5031 malorum
798 4991 998 5043 eorum,
1033 4987 1081 5031 et
1122 4978 1178 5031 in
1212 4987 1437 5047 tempore
1473 4978 1837 5033 tribulationis
1872 4994 2075 5046 eorum,

506 5076 757 5138 exsurgat
787 5067 1065 5122 inimicus:
1093 5084 1186 5139 ego
1204 5069 1352 5123 astiti
1382 5068 1481 5124 tibi
1504 5084 1599 5139 pro
1618 5070 1714 5123 eis.
1735 5068 1870 5135 Quis
1896 5079 2076 5125 autem

504 5168 592 5214 est
639 5157 893 5213 inimicus
932 5165 1151 5224 noster,
1204 5157 1567 5214 nisiZabulus
1594 5197 1611 5225 ,
1642 5158 1736 5229 qui
1786 5158 2081 5213 tribulahat

508 5261 632 5311 nos,
659 5254 712 5299 et
737 5244 870 5315 jugo
915 5245 1193 5301 servitutis
1226 5248 1539 5317 proruebat?
1578 5248 1867 5303 adversum
1913 5261 2076 5317 quem

508 5337 681 5391 astitit
709 5335 853 5391 Patri
880 5334 1146 5405 Salvator,
1179 5347 1234 5393 et
1262 5338 1330 5393 de
1368 5339 1678 5409 captivitate
1705 5353 1806 5394 nos
1836 5338 2074 5394 liberans

2183 4864 2382 4917 αὐτῶν
2399 4867 2487 4932 είς
2512 4867 2701 4936 ἀγαθὰ
2730 4868 2881 4935 πρὸς
2911 4869 3018 4923 τὸν
3043 4871 3262 4940 ἐχθρόν
3285 4872 3363 4943 (2)
3383 4889 3397 4903 ο
3434 4873 3533 4927 καὶ
3572 4874 3642 4927 ἐν
3687 4871 3769 4939 τῷ

2183 4952 2366 5021 καιρῷ
2404 4953 2514 5023 τῆς
2558 4958 2821 5025 θλίψεως
2869 4958 3089 5026 αὐτῶν,
3144 4963 3296 5033 φησὶ,
3332 4963 3444 5031 τῆς
3472 4963 3625 5033 πρὸς
3661 4965 3769 5019 τὸν

2182 5045 2399 5115 ἐχθρὸν
2421 5047 2535 5116 ἐγὼ
2591 5047 2899 5118 παρέστην
2940 5068 3037 5105 σοι
3063 5053 3459 5121 ὑπὲράὺτῶν.
3515 5055 3611 5119 Τίς
3644 5055 3701 5109 δὲ
3736 5057 3768 5108 6

2185 5134 2416 5208 ἐχθρὸς,
2467 5137 2500 5208 ἢ
2553 5139 2583 5191 ό
2631 5138 2897 5205 ἀντίδικος
2929 5141 3087 5212 ἡμῶν
3119 5141 3393 5208 διάϐολος,
3447 5143 3506 5207 ὃς
3552 5143 3768 5214 tonos»

2182 5236 2331 5305 ἡμᾶς
2347 5253 2362 5296 ;
2381 5236 2490 5289 Καὶ
2514 5237 2695 5307 σαφῶς
2712 5239 2770 5294 tv
2791 5240 2867 5311 τῷ
2893 5240 3070 5313 καιρῷ
3092 5241 3189 5311 τῆς
3205 5239 3404 5313 ἔχθρας
3431 5242 3638 5295 ἐκείνου
3666 5243 3767 5314 τῆς

2182 5338 2323 5391 κατὰ
2375 5337 2487 5393 τῶν
2534 5337 2836 5410 ἀνθρώπων
2884 5342 3132 5413 παρέστη
3182 5340 3260 5413 τῷ
3297 5341 3473 5413 Πατρὶ
3505 5344 3535 5397 6
3572 5342 3763 5416 Σωτὴρ

580 5471 626 5504 ⁸⁸
655 5471 894 5539 Joan.|,
945 5474 998 5529 9.
1075 5475 1120 5507 ⁸³
1154 5472 1287 5531 Luc.
1343 5491 1418 5543 ιι,
1459 5476 1548 5531 52.
1623 5477 1669 5508 ⁵⁸
1713 5474 1913 5533 Jerem.
1949 5478 2087 5543 xv,l

2229 5481 2271 5512 "
2304 5478 2507 5536 IJoan.
2544 5498 2604 5545 ιι,
2644 5483 2699 5537 2.

589 5680 662 5756 (Il)
708 5679 790 5756 ζῶ
816 5682 997 5756 νοῦν.-
1020 5684 1178 5756 Lege,
1213 5686 1320 5739 τῶν
1347 5685 1459 5741 οὖν.

590 5748 663 5819 se,
698 5751 801 5815 Εἰς
823 5751 1014 5820 ἀγαθὰ
1036 5748 1185 5822 πρὸς
1208 5755 1313 5809 τὸν
1331 5755 1565 5825 ἐχθρόν.
1593 5756 1827 5829 Legebat
1847 5758 2077 5815 fortasse

2184 5778 2474 5831 eronymus
2503 5761 2770 5827 ὲξανὰστα
2793 5761 2887 5819 τὸν
2912 5760 3124 5833 ἐχθρόν.
