4218 6292
380 290 479 344 ΜἸ

1514 285 1582 341 ΙΝ
1618 283 1964 342 JEREMIAM
2006 281 2282 339 IIOMILIA
2321 282 2460 337 XIV.

3535 285 3642 340 H8

377 412 408 480 ἡ
418 407 554 478 μῶν,
589 406 685 461 καὶ
721 407 910 480 ἐδεήθη
949 407 1074 480 περὶ
1111 406 1211 478 τῆς
1253 406 1534 480 ἡμετέρας
1558 405 1958 478 αἰχμαλωσίας,

2067 405 2296 460 reddidit
2326 401 2586 458 libertati.
2622 400 2746 457 llzee
2783 401 3096 473 prophetico
3121 401 3386 456 Dominus
3418 402 3640 456 dixerit.

379 501 464 553 ἵνα
524 498 907 570 λυτρωθῶμεν,
959 499 1054 552 καὶ
1108 497 1395 570 ῥυσθῶμεν
1455 497 1564 552 ἀπὸ
1599 497 1693 551 τοῦ
1745 495 1959 568 ἐχθροῦ.

380 590 564 644 Ταῦτα
590 589 690 661 μὲν
720 593 748 644 6
770 591 957 662 Σωτὴρ
983 592 1016 662 ἢ
1047 593 1077 644 6
1096 591 1381 662 προφήτης
1405 588 1696 660 είρηκέτω.
1720 591 1830 642 Καὶ
1853 589 1965 658 γὰρ

2065 496 2252 551 Potest
2272 504 2452 551 autem
2477 506 2530 550 et
2552 495 2810 565 propheta
2835 493 3023 548 eadem
3051 494 3256 550 dixisse
3287 510 3383 564 pro
3410 495 3641 566 populo,

2064 597 2119 643 et
2151 588 2204 640 in
2244 596 2486 657 tempore
2512 587 2780 641 malorum
2808 601 3022 640 eorum.

381 685 406 735 6
439 681 724 752 προφήτης
747 681 971 735 δύναται
991 680 1296 735 τὰτοιαῦτα
1321 681 1621 754 εἰρηκέναι,
1647 681 1742 734 καὶ
1768 675 1964 752 ηῦχθαι
2076 737 2082 742 ,

384 772 508 843 περὶ
534 772 628 826 τοῦ
650 772 782 825 λαοῦ
819 773 878 826 ἐν
898 773 976 843 τῷ
1009 771 1185 844 και
1210 772 1318 825 τῶν
1343 772 1528 826 κακῶν
1549 771 1749 825 αὐτῶν.

463 863 586 915 Ἐπὶ
618 862 826 926 τούτοις
849 863 902 916 τί
934 863 1293 932 ἀποκρίνεται
1317 865 1346 916 6
1374 863 1505 926 Θεὸς
1549 863 1686 935 πρὸς
1717 863 1810 916 τὸν
1833 861 1963 916 λαὸν

383 955 472 1007 τὸν
505 955 954 1025 κατηγορηθέντα
1011 954 1116 1007 ὑπὸ
1165 953 1259 1007 τοῦ
1305 956 1584 1025 προφήτου
1636 954 1668 1025 ἦ
1726 955 1831 1007 ὑπὸ
1869 953 1962 1005 τοῦ

383 1044 662 1117 Χριστοῦ;
696 1047 790 1099 καὶ
823 1045 996 1101 ταῦτα
1029 1046 1176 1115 λέγει
1205 1047 1344 1119 πρὸς
1374 1049 1555 1101 αὐτόν·
1593 1046 1845 1114 Σίδηρος
1868 1045 1966 1098 καί

383 1138 762 1206 περιϐόλαιον
787 1137 1061 1206 χαλκοῦν
1099 1139 1136 1207 ἠ
1177 1140 1358 1208 ἰσχύς
1382 1156 1519 1193 σου.
1548 1137 1787 1208 Σκληρὰ,
1810 1137 1964 1189 ἀνέν-

382 1229 554 1292 δοτος,
571 1230 671 1281 οὐκ
690 1227 1046 1300 ἐλαυνομένη,
1065 1223 1176 1282 οἷον
1205 1230 1446 1301 τμητική
1465 1246 1546 1294 τις
1568 1229 1663 1283 καὶ
1685 1227 1966 1300 διαιροῦσα

383 1313 419 1382 ἡ
463 1313 608 1384 ἰσχύς
639 1331 754 1378 σου,
794 1315 896 1368 οὐκ
915 1315 1000 1368 ἐπ’
1025 1315 1214 1386 ἀγαθῷ
1245 1311 1380 1369 οὖσα
1413 1317 1583 1386 ἰσχύς.
1607 1317 1717 1370 Kal
1745 1321 1967 1384 θησαυ-

383 1404 530 1471 ρούς
562 1420 679 1458 σου
707 1408 794 1472 είς
843 1408 1157 1475 προνομὴν
1197 1406 1389 1474 δώσω,
1445 1409 1838 1480 arui/Manta
1868 1409 1966 1464 διὰ

386 1496 592 1562 πάσας
629 1495 707 1566 (l)
767 1497 875 1564 τὰς
923 1498 1216 1568 ἁμαρτίας
1247 1515 1384 1555 σου.
1446 1501 1609 1566 Τίνας
1660 1502 1964 1579 θησαυροὺς

385 1587 495 1641 τῶν
529 1588 949 1660 ἁμαρτανόντων
970 1589 1185 1644 δίδωσιν
1218 1592 1299 1655 εἰς
1331 1593 1606 1666 προνομὴν
1632 1597 1661 1648 6
1686 1595 1837 1660 Θεὸς,
1871 1599 1966 1651 καὶ

386 1679 599 1733 δίδωσιν
627 1680 825 1744 αὐτοὺς
853 1679 1206 1752 ἀντάλλαγμα
1236 1683 1325 1736 διὰ
1358 1686 1537 1750 πάσας
1559 1686 1658 1750 τὰς
1690 1688 1963 1759 ἁμαρτίας

386 1768 566 1824 αὐτῶν
590 1786 605 1835 ;
633 1770 866 1843 Πότερόν
894 1788 1024 1825 ποτε
1056 1775 1184 1837 τοὺς
1220 1775 1313 1827 ἐπὶ
1345 1775 1446 1846 γῆς
1467 1755 1962 1849 θησαυριξομένους
1996 1755 2036 1810 Β

387 1859 604 1925 αὐτοίςς
643 1859 871 1924 ἕκαστος
899 1861 1008 1932 γὰρ
1030 1861 1138 1916 τῶν
1169 1862 1468 1934 ἀνθρώπων
1530 1865 1868 1938 θησαυρίζει·
1911 1871 1962 1922 εί

391 1949 489 2021 μὲν
515 1949 716 2018 φαῦλός
747 1951 921 2015 ἐστιν,
957 1952 1051 2004 ἐπὶ
1069 1949 1190 2021 γῆς·
1217 1953 1265 2005 εί
1289 1952 1345 2005 δὲ
1373 1953 1607 2017 ἀστεῖος,
1639 1955 1696 2008 ἐν
1725 1956 1959 2026 οὐρανῷ,

385 2040 460 2103 ὡς
491 2041 842 2114 ἐδιδάχθημεν
901 2043 1007 2096 ἀπὸ
1046 2042 1141 2096 τοῦ
1197 2045 1550 2114 Εὐαγγελίου.
1583 2047 1654 2098 Ἦ
1709 2047 1856 2115 λέγει
1887 2048 1966 2119 τῷ

387 2131 504 2202 λαῷ
533 2133 745 2203 ἐκείνῳ,
774 2133 876 2197 ὅτι,
899 2133 1092 2186 Mento
1115 2134 1203 2188 διὰ
1233 2136 1303 2188 τὰ
1329 2137 1704 2207 ἁμαρτήματά
1724 2154 1818 2191 σου
1842 2139 1966 2202 τοὺς

389 2223 704 2294 θησαυρούς
737 2240 830 2276 σου
855 2223 1056 2277 διδόναι
1080 2226 1160 2288 είς
1191 2231 1489 2299 προνομήν.
1527 2223 1637 2279 Ἦν
1667 2227 1723 2281 δὲ
1757 2223 1836 2292 εἷς
1859 2229 1966 2282 τῶν

388 2313 679 2381 θησαυρῶν
723 2314 1008 2385 Ἱερεμίας,
1039 2315 1197 2378 ἄλλος
1237 2316 1508 2388 θησαυρὸς
1571 2319 1816 2384 Ἡσαΐας·
1872 2320 1968 2392 θη-

390 2403 594 2474 σαυρὸς
620 2399 690 2474 ἦν
719 2405 812 2458 καὶ
833 2407 1057 2476 Μωσῆς.
1090 2405 1324 2471 Τούτους
1352 2410 1478 2472 τοὺς
1508 2408 1813 2482 θησαυροὺς
1841 2412 1959 2467 ἐλαι

390 2491 482 2547 ὗεν
513 2496 542 2547 6
573 2493 705 2558 Θεὸς
735 2495 829 2548 ἀπ’
853 2496 1065 2550 ἐκείνου
1109 2497 1202 2549 τοῦ
1251 2498 1405 2550 λαοῦ·
1453 2500 1547 2553 καὶ
1596 2500 1682 2554 διὰ
1728 2503 1965 2573 Χριστοῦ

389 2583 650 2648 εἰπόντος·
690 2585 1030 2653 Ἆρθήσεται
1080 2587 1180 2656 ἀφ’
1213 2587 1382 2657 ὑμῶν
1430 2591 1469 2658 ἠ
1519 2590 1812 2654 ,βασιλεία
1860 2594 1965 2647 τοῦ

393 2672 561 2740 Θεοῦ,
582 2674 680 2728 καὶ
702 2673 1020 2740 δοθήσεται
1048 2676 1204 2730 ἔθνει
1233 2676 1502 2731 ποιοῦντι
1527 2680 1669 2746 τοὺς
1695 2683 1964 2750 καρποὺς

389 2761 598 2831 αὐτῆς,
632 2763 726 2816 καὶ
773 2763 970 2817 ἔδωκεν
999 2766 1154 2836 ἡμῖν.
1206 2763 1372 2818 Δώσω
1417 2761 1509 2820 οὖν
1538 2766 1624 2821 διὰ
1652 2768 1751 2832 τὰς
1785 2771 1964 2843 ἁμαρ-

389 2852 510 2916 τίας
544 2870 636 2907 σου
669 2855 793 2917 τοὺς
813 2853 1117 2926 θησαυρούς
1141 2873 1233 2908 σου
1257 2858 1336 2918 είς
1363 2860 1655 2929 προνομήν·
1677 2862 1772 2914 καὶ
1797 2861 1961 2916 ἔδωκε

389 2945 517 3006 τοὺς
549 2943 856 3016 θησαυροὺς
889 2945 981 2998 τοῦ
1011 2945 1141 2999 λαοῦ
1191 2946 1400 3000 ἐκείνου
1427 2948 1576 3018 ἡμῖν·
1609 2950 1826 3021 πρῶτον
1853 2952 1962 3025 γὰρ

2140 867 2226 920 12.
2270 865 2444 936 Super
2474 883 2634 935 quem
2677 867 2959 935 respondit
2989 865 3151 933 Deus,
3190 878 3244 921 et
3299 868 3540 938 loquitur
3572 872 3646 926 ad

2069 955 2348 1024 pupulum,
2385 955 2479 1024 qui
2512 972 2542 1009 a
2576 954 2858 1009 Salvatore
2888 957 3001 1010 sive
3032 958 3290 1026 propheta
3335 959 3507 1014 fuerat
3552 975 3644 1014 ac-

2065 1054 2322 1108 cusatus,
2374 1045 2562 1099 dicens
2595 1045 2638 1076 ⁵¹
2670 1059 2684 1098 :
2717 1044 2943 1099 Ferrum
2991 1055 3039 1099 et
3076 1049 3396 1115 opertorium
3449 1065 3645 1105 cereum

2065 1136 2230 1188 virtus
2271 1144 2382 1190 tua.
2441 1137 2620 1202 Dura,
2673 1135 3057 1202 indomabilis,
3104 1155 3227 1208 quae
3279 1140 3478 1194 molliri
3535 1158 3646 1196 non

2065 1227 2279 1296 quaerit,
2307 1241 2429 1296 quae
2459 1227 2544 1281 vix
2575 1228 2932 1296 producatur.
2972 1228 3197 1283 Ferrum
3232 1239 3286 1284 et
3309 1233 3646 1301 opertorium

2063 1330 2263 1371 aereum
2314 1319 2486 1371 virtus
2535 1327 2656 1382 tua,
2710 1317 2762 1372 id
2812 1326 2896 1372 est
2941 1334 3134 1374 secans
3175 1330 3228 1375 et
3266 1322 3546 1389 dividens,
3591 1333 3646 1378 et

2065 1409 2201 1462 bene
2242 1409 2541 1478 composita
2585 1408 2931 1477 disturbans,
2977 1411 3262 1468 maledicta
3302 1415 3497 1469 virtus.
3547 1414 3643 1468 Di-

2063 1497 2217 1551 ritias
2259 1507 2378 1552 tuas
2409 1508 2460 1552 et
2498 1499 2770 1553 thesauros
2807 1509 2923 1553 tuos
2945 1501 2999 1554 in
3029 1501 3476 1570 deprtetlationem
3505 1506 3647 1559 dabo

2064 1590 2229 1657 gratis
2252 1587 2318 1642 ⁵³.
2359 1588 2624 1644 Concedit
2647 1589 2789 1645 Deus
2817 1600 2872 1645 et
2900 1590 2995 1645 dat
3025 1607 3121 1646 eos
3153 1597 3642 1651 commutationem

2064 1690 2282 1750 propter
2321 1681 2504 1736 omnia
2545 1691 2766 1751 peccata
2811 1698 3022 1738 eorum.
3065 1683 3330 1740 Utrumne
3367 1687 3466 1741 hos
3505 1704 3648 1758 quos

2066 1773 2168 1828 sibi
2208 1774 2260 1827 in
2302 1784 2445 1829 terra
2493 1775 3022 1837 thesaurizaverint?
3066 1777 3446 1847 unusquisque
3495 1779 3638 1834 enim

2065 1862 2343 1917 hominum
2372 1863 2703 1919 thesaurizat
2728 1865 2861 1931 sibi;
2903 1866 2946 1920 si
2973 1875 3056 1920 est
3083 1877 3352 1936 peccator,
3383 1868 3434 1922 in
3464 1875 3644 1934 terra;

2064 1954 2108 2007 si
2136 1954 2338 2023 justus,
2379 1955 2432 2008 in
2469 1955 2630 2018 coelo,
2663 1964 2724 2022 ut
2771 1971 2870 2011 nos
2909 1957 3095 2012 docuit
3126 1957 3500 2029 Erangelium.
3539 1961 3648 2015 Aut

2063 2045 2209 2114 quod
2255 2045 2416 2112 dicit,
2453 2045 2764 2100 istiusmodi
2804 2055 2889 2101 est
2936 2066 2949 2100 :
2999 2063 3126 2103 ecce
3174 2064 3316 2103 unus
3356 2049 3651 2106 thesaurus

2065 2132 2347 2192 Jeremias.
2381 2133 2520 2187 alius
2551 2133 2842 2187 thesaurus
2870 2144 2953 2188 est
2977 2132 3181 2200 Isaias;
3211 2136 3502 2190 thesaurus
3530 2145 3647 2189 erat

2065 2231 2117 2276 ct
2147 2221 2382 2292 Moyses,
2411 2231 2466 2277 et
2497 2222 2713 2290 reliqui.
2765 2220 2876 2276 Hos
2912 2223 3199 2278 thesauros
3244 2224 3469 2279 abstulit
3503 2222 3650 2280 Deus

2068 2328 2097 2366 a
2141 2313 2361 2382 populo,
2398 2321 2453 2368 et
2489 2328 2585 2382 per
2617 2312 2897 2368 Christum
2932 2315 3024 2383 qui
3056 2313 3192 2368 dixit
3227 2332 3240 2369 :
3287 2315 3568 2384 Auferetur
3615 2334 3646 2369 a

2069 2403 2209 2455 vobis
2256 2419 2469 2473 regnum
2514 2403 2632 2469 Dei,
2673 2413 2721 2456 et
2760 2402 2978 2457 dabitur
3023 2407 3164 2474 genti
3198 2406 3415 2475 facienti
3441 2408 3646 2476 [ructus

2066 2493 2182 2562 ejus
2215 2495 2282 2557 “,
2312 2495 2539 2565 largitus
2569 2504 2655 2550 est
2691 2494 2870 2549 nobis.
2915 2495 3064 2551 Dabo
3093 2511 3222 2566 ergo
3267 2509 3486 2566 propter
3525 2513 3650 2566 pec-

2067 2593 2187 2639 cata
2231 2595 2319 2639 tua
2363 2586 2648 2649 thesauros
2697 2595 2819 2641 tuos
2862 2586 2914 2640 in
2957 2588 3435 2656 deprwdationem.
3492 2588 3650 2643 Dedit

2069 2675 2224 2734 nobis
2254 2677 2541 2732 thesauros
2569 2678 2715 2732 illius
2738 2679 2921 2747 pepuli
2951 2677 3237 2742 Dominus,
3260 2680 3386 2748 quia
3409 2682 3646 2750 primum

2065 2764 2171 2819 illis
2200 2765 2406 2820 credita
2448 2775 2576 2820 sunt
2616 2767 2830 2836 eloquia
2871 2767 2985 2832 Dei,
3016 2777 3070 2822 et
3097 2769 3254 2823 nobis
3279 2769 3532 2840 deinceps
3561 2781 3648 2824 at-

2066 2857 2287 2911 tributa.
2343 2855 2508 2926 ldque
2564 2857 2710 2926 quod
2765 2858 3030 2927 scriptum
3084 2868 3166 2912 est
3209 2876 3224 2912 :
3272 2860 3560 2929 Auferetur
3613 2880 3647 2915 a

2063 2947 2206 3002 vobis
2249 2965 2461 3017 regnum
2493 2948 2607 3009 Dei,
2651 2957 2700 3002 et
2730 2949 2946 3002 dabitur
3001 2951 3144 3019 genti
3176 2950 3395 3018 facienti
3435 2952 3640 3020 [ructus

390 3035 587 3088 ἐκεῖνοι
619 3035 1018 3106 ἐπιστεύθησαν
1067 3035 1135 3088 τὰ
1166 3035 1320 3105 λόγια
1351 3037 1444 3090 τοῦ
1500 3039 1654 3093 Θεοῦ·
1697 3039 1815 3096 εἶτα
1843 3046 1958 3113 μετ’
1987 3091 1992 3123 4

2063 3035 2207 3102 eius,
2242 3037 2577 3093 asseruimus
2620 3037 2734 3104 jam
2782 3052 2905 3092 esse
2941 3038 3298 3107 completum.
3337 3037 3455 3094 Non
3497 3041 3648 3111 quod

389 3125 630 3189 ἐκείνους
659 3128 842 3197 ἡμεῖς.
906 3126 1355 3198 Ἑπιστεύθημεν,
1407 3129 1682 3200 ἀρθέντων
1735 3132 1842 3184 τῶν
1871 3133 1959 3186 λο-

389 3215 522 3284 γίων
549 3215 642 3269 τοῦ
674 3217 808 3270 Θεοῦ
836 3218 928 3270 ἀπ’
963 3217 1184 3270 ἐκείνων
1230 3220 1324 3272 καὶ
1373 3209 1631 3275 δοθέντων
1652 3225 1801 3293 ἡμῖν.
1852 3225 1962 3278 Καὶ

390 3306 622 3378 λέγομεν
648 3308 728 3372 τὸ,
768 3307 1105 3376 Ἁρθήσεται
1143 3309 1242 3378 ἀφ’
1271 3310 1439 3378 ὑμῶν
1469 3313 1507 3380 ή
1538 3313 1826 3376 ,βασιλεία
1855 3316 1962 3369 τοῦ

397 3400 567 3464 Θεοῦ,
593 3400 690 3453 καὶ
715 3399 1028 3466 δοθήσεται
1048 3403 1204 3458 ἔθνει
1230 3404 1499 3458 ποιοῦντι
1535 3407 1674 3472 τοὺς
1703 3409 1962 3478 καρποὺς

393 3486 600 3556 αὐτῆς,
627 3488 874 3560 εἰρῆσθαι
894 3489 999 3542 ὑπὸ
1016 3489 1109 3543 τοῦ
1141 3492 1411 3564 Σωτῆρος,
1437 3494 1529 3547 καὶ
1552 3495 1957 3568 πεπληρῶσθαι·

391 3581 493 3650 οὐχ
519 3581 602 3634 ὅτι
665 3581 806 3653 ἤρθη
857 3582 950 3634 ἀπ’
979 3583 1157 3636 αὐτῶν
1208 3585 1242 3654 ἡ
1277 3585 1486 3658 Γραφή·
1525 3587 1659 3642 ἀλλὰ
1712 3588 1806 3643 νῦν
1834 3592 1962 3644 οὑκ-

391 3671 472 3724 έτι
507 3672 583 3742 (2)
615 3671 796 3742 ἔχουσι
830 3673 922 3726 τὸν
959 3664 1121 3744 νόμον
1153 3676 1247 3728 καὶ
1276 3677 1401 3740 τοὺς
1434 3681 1733 3750 προφήτας,
1767 3681 1858 3734 τοῦ
1886 3682 1961 3754 μὴ

391 3764 616 3834 θεωρεῖν
670 3765 761 3816 τὸν
795 3765 851 3816 ἐν
883 3765 1064 3826 αὐτοῖς
1089 3764 1234 3819 νοῦν·
1269 3766 1450 3837 έχουσι
1506 3768 1613 3841 γὰρ
1660 3770 1728 3824 τὰ
1761 3772 1956 3842 βιϐλία.

405 3851 565 3906 Ἀλλὰ
597 3851 711 3915 πῶς
732 3853 872 3924 ἤρθη
899 3853 994 3905 ἀπ’
1029 3853 1206 3906 αὐτῶν
1237 3856 1270 3925 ἡ
1307 3855 1548 3924 βασιλεία
1579 3859 1672 3913 τοῦ
1693 3859 1862 3925 Θεοῦ;
1905 3862 1961 3916 '0

392 3941 518 4006 νοῦς
548 3944 655 3997 τῶν
698 3943 928 4015 Γραφῶν
957 3943 1100 4014 ἤρθη
1149 3946 1245 3997 ἀπ’
1277 3946 1478 4000 αὐτῶν·
1516 3949 1697 4003 οὐκέτι
1733 3950 1960 4016 σώζεται

388 4035 638 4106 διήγησις
669 4038 796 4108 παρ’
817 4038 997 4100 αὐτοῖς
1017 4037 1214 4108 νομικὴ
1246 4038 1280 4108 ἢ
1317 4041 1646 4112 προφητικὴ,
1678 4042 1790 4094 ἀλλ’
1825 4045 1962 4096 εἰσὶν

391 4125 875 4193 ἀναγινώσκοντες,
908 4127 1000 4180 καὶ
1042 4127 1116 4200 μὴ
1153 4127 1428 4192 νοοῦντες·
1467 4130 1822 4202 πεπλήρωται
1855 4133 1961 4203 γὰρ

389 4215 479 4270 διὰ
533 4216 630 4288 τὴν
691 4219 927 4290 Χριστοῦ
978 4219 1273 4291 ἐπιδημίαν
1325 4220 1403 4274 τό·
1455 4218 1646 4276 Εἶπον
1707 4222 1786 4288 τῷ
1835 4221 1962 4288 λαῷ

389 4306 620 4372 ἐκείνῳ·
669 4308 840 4378 Ἀκοῇ
855 4311 1172 4374 ἀκούσετε,
1226 4311 1323 4364 καὶ
1351 4314 1422 4366 οὐ
1449 4313 1536 4382 μὴ
1570 4313 1818 4382 συνῆτε,
1860 4315 1959 4368 καὶ

2066 3127 2344 3198 Scriptura
2369 3127 2438 3181 ab
2459 3128 2537 3180 eis
2571 3127 2749 3181 ablata
2775 3127 2845 3182 sit
2883 3145 2901 3180 ι
2931 3127 3132 3182 habent
3159 3129 3358 3198 quippe
3387 3131 3551 3200 216
3573 3131 3650 3185 le-

2065 3234 2181 3289 gem
2213 3227 2265 3273 et
2299 3218 2610 3287 prophetas,
2655 3217 2855 3273 habent
2879 3218 3156 3274 volumina
3199 3220 3503 3274 divinarum
3554 3223 3646 3278 lit-

2063 3319 2336 3375 terarum;
2368 3308 2459 3364 sed
2485 3309 2627 3378 quod
2663 3324 2770 3363 non
2812 3309 3108 3380 intelligant
3132 3326 3215 3366 ea.
3265 3311 3440 3382 Atque
3462 3314 3534 3368 ita
3563 3329 3650 3369 re-

2063 3415 2226 3470 gnum
2252 3398 2344 3454 Dei
2379 3400 2618 3454 ablatum
2647 3408 2730 3454 est
2763 3401 2831 3453 ab
2852 3401 2952 3464 eis,
2986 3401 3114 3456 dum
3140 3401 3432 3472 Scriptura.-
3453 3418 3649 3460 sensus

2064 3489 2330 3544 aufertur.
2370 3490 2616 3545 Cessavit
2667 3492 2808 3560 apud
2852 3506 2948 3546 eos
2987 3491 3122 3563 legis
3160 3504 3212 3548 et
3260 3495 3647 3564 prophetarum

2064 3583 2438 3652 interpretatio
2488 3601 2500 3637 :
2556 3582 2739 3652 legunt
2790 3583 2973 3638 omnia
3027 3593 3081 3638 et
3151 3599 3259 3638 non
3315 3585 3644 3654 intelligunt.

2066 3671 2290 3742 Expleta
2318 3681 2401 3727 est
2430 3672 2518 3726 illa
2561 3681 2682 3742 post
2727 3671 3020 3726 adventum
3054 3670 3270 3725 Domini
3309 3671 3590 3741 prophetia
3626 3691 3642 3727 :

2064 3764 2164 3818 Dic
2193 3764 2384 3835 populo
2411 3765 2530 3817 huic
2573 3781 2591 3818 :
2633 3763 2915 3818 Auditione
2960 3764 3209 3830 audietis,
3254 3773 3305 3817 et
3347 3780 3446 3818 non
3490 3765 3648 3820 intel-

2061 3855 2251 3927 ligetis,
2295 3866 2346 3910 et
2371 3865 2632 3910 cernentes
2672 3854 2930 3916 videbitis.
2962 3865 3012 3908 et
3058 3872 3158 3908 non
3203 3855 3399 3920 scietis,
3439 3855 3646 3912 incrus-

2061 3954 2234 3997 satum
2277 3953 2352 3998 est
2384 3944 2524 3998 enim
2561 3960 2652 3996 cor
2681 3943 2862 4012 populi
2884 3943 3042 4010 hujus
3069 3943 3136 3996 ⁵³.
3178 3941 3397 3997 Necnon
3426 3955 3480 4000 et
3513 3944 3643 4000 illud

2062 4035 2206 4104 quod
2232 4035 2302 4088 ab
2334 4033 2472 4088 Isaia
2497 4033 2697 4087 dicitur
2719 4035 2765 4064 “
2821 4029 3064 4100 :Auferet
3095 4032 3352 4089 Dominus
3388 4052 3419 4088 a
3451 4033 3643 4092 Judr’e‘t‘s

2062 4132 2112 4175 et
2153 4123 2216 4175 ab
2254 4121 2552 4175 Jerusalem
2587 4121 2819 4175 validum
2862 4132 2913 4175 et
2951 4122 3186 4176 validam
3214 4166 3230 4190 ,
3285 4124 3547 4194 gigantem
3593 4137 3640 4179 et

2064 4213 2323 4265 hominem
2364 4210 2690 4278 bellatorem,
2722 4221 2770 4266 et
2807 4213 3064 4282 judicent,
3093 4215 3420 4283 prophetam,
3463 4227 3511 4270 et
3554 4233 3646 4270 ar-

2065 4303 2278 4367 bitrum,
2316 4303 2686 4368 architectum,
2735 4312 2784 4356 et
2825 4305 3113 4372 sapientem
3165 4305 3480 4359 auditorem.
3522 4306 3644 4364 [iure

383 4396 727 4465 βλέποντες
749 4400 1036 4470 βλέψετε,
1081 4403 1176 4457 καὶ
1210 4405 1282 4456 οὐ
1303 4403 1390 4473 μὴ
1436 4404 1618 4472 ἴδητε·
1657 4406 1964 4475 ἐπαχύνθη

2069 4397 2250 4451 omnia
2279 4395 2500 4450 abstulit
2528 4395 2597 4450 ab
2632 4395 2738 4449 illis
2779 4395 2938 4460 Deus,
2973 4404 3026 4450 et
3057 4397 3214 4452 nobis
3248 4399 3341 4468 qui
3369 4415 3436 4453 ex
3471 4402 3644 4470 genti-

391 4488 502 4556 γὰρ
535 4490 572 4559 ή
602 4491 816 4558 καρδία
856 4491 962 4545 τοῦ
997 4493 1150 4547 λαοῦ
1198 4495 1434 4549 τούτου·
1487 4497 1841 4568 πεπλήρωται
1870 4499 1964 4552 καὶ

393 4579 454 4632 τὸ
476 4581 764 4653 εἰρημένον
798 4582 902 4634 ὑπὸ
933 4581 1027 4636 τοῦ
1071 4584 1317 4650 Ἡσαΐου,
1359 4586 1460 4648 ὅτι,
1505 4585 1734 4654 Ἀφελεῖ
1749 4588 1962 4654 Κύριος

391 4670 508 4723 ἀπὸ
573 4669 681 4739 τῆς
747 4673 1032 4741 Ἰουδαίας
1081 4677 1177 4729 καὶ
1243 4676 1360 4730 ἀπὸ
1418 4677 1528 4746 τῆς
1581 4677 1963 4748 Ἰερουσαλὴμ

393 4763 688 4830 ἰσχύοντα
733 4766 831 4818 καὶ
883 4767 1242 4835 ἰσχύουσαν,
1279 4767 1527 4836 γίγαντα
1585 4769 1683 4821 καὶ
1717 4771 1960 4838 πολεμι-

391 4853 553 4923 στὴν
602 4855 934 4925 ἄνθρωπον,
983 4858 1280 4926 δικαστὴν
1326 4860 1423 4913 καὶ
1472 4859 1807 4930 προφήτην,
1863 4862 1960 4915 καὶ

391 4947 767 5017 στοχαστὴν,
800 4950 900 5003 καὶ
948 4951 1144 5018 σοφὸν
1185 4949 1596 5019 ἀρχιτέκτονα,
1655 4953 1750 5008 καὶ
1785 4967 1964 5006 avre—

392 5035 498 5088 τὸν
543 5031 864 5104 ἀκροατήν.
935 5037 1123 5092 Ταῦτα
1177 5041 1350 5093 πάντα
1399 5042 1617 5110 ἀφεῖλεν
1647 5045 1676 5096 6
1707 5043 1840 5107 Θεὸς
1867 5044 1964 5096 ἀπ’

394 5127 643 5192 ἐκείνων,
675 5129 770 5182 καὶ
800 5128 1000 5184 ἔδωκεν
1023 5130 1352 5199 Εὐαγγέλιω
1384 5133 1513 5202 ἡμῖν
1545 5137 1657 5197 τοῖς
1696 5134 1803 5187 ἀπὸ
1855 5133 1965 5188 τῶν

393 5217 584 5271 ἐθνῶν·
618 5218 790 5274 ταῦτα
813 5220 901 5274 διὰ
933 5221 1014 5286 τὸ,
1050 5221 1160 5274 Καὶ
1193 5221 1336 5288 τοὺς
1362 5225 1703 5292 θησαυρούς
1735 5240 1851 5279 σου
1878 5227 1971 5292 είς

391 5309 706 5379 προνομὴν
765 5310 956 5377 δώσω,
1004 5312 1396 5384 ἀντάλλαγμα
1456 5313 1552 5368 διὰ
1612 5314 1815 5382 πάσας
1856 5317 1964 5384 τὰς

462 5448 506 5478 "
533 5445 732 5501 Jerem.
763 5464 852 5515 xv,
880 5449 966 5504 12.
1053 5451 1100 5483 ⁵³
1126 5451 1256 5505 ibid.
1288 5452 1371 5506 15.

390 5515 436 5547 ⁸⁷
473 5515 672 5571 Jerem.
705 5533 796 5582 xv,
850 5520 938 5575 l5.

1484 5453 1530 5484 ⁵³
1553 5454 1747 5508 Matth.
1788 5470 1903 5523 χχι,
1938 5456 2027 5513 45.

2069 4486 2170 4542 bus
2205 4503 2416 4552 sumus,
2455 4485 2499 4542 si
2528 4495 2707 4541 tamen
2740 4488 2989 4559 accipere
3013 4489 3372 4554 voluerimus,
3401 4492 3641 4546 tradidit.

2073 4577 2140 4632 Et
2171 4578 2440 4632 thesauros
2475 4585 2590 4632 tuos
2614 4580 2670 4632 in
2698 4578 3141 4649 deprwdationem
3170 4581 3326 4643 dabo,
3352 4594 3644 4638 commuta-

2069 4672 2262 4724 tionem
2289 4679 2500 4740 propter
2524 4672 2700 4724 omnia
2733 4681 2946 4740 peecata
2978 4682 3069 4725 tua
3101 4673 3154 4726 in
3177 4672 3422 4726 omnibus
3447 4675 3642 4744 ﬁnibus

2069 4763 2174 4816 tuis
2203 4763 2270 4817 ⁵⁷.
2309 4761 2462 4829 Quod
2491 4763 2622 4818 dicit
2652 4764 2757 4817 tale
2791 4772 2893 4818 est.
2932 4763 3034 4818 Ista
3068 4766 3248 4820 omnia
3274 4777 3492 4836 peccata
3527 4778 3640 4834 tua,

2069 4869 2191 4923 quae
2237 4854 2288 4906 in
2332 4856 2616 4910 universos
2661 4857 2796 4910 lines
2839 4868 3236 4926 provenerunt,
3290 4860 3386 4915 tibi
3433 4861 3639 4915 reddita

2066 4957 2212 5003 sunt.
2248 4946 2441 5003 Nullus
2463 4949 2662 5018 quippe
2701 4948 2822 5002 linis
2862 4948 3008 5004 illius
3042 4961 3126 5006 est
3160 4954 3368 5022 pepuli,
3401 4955 3496 5023 qui
3530 4971 3638 5009 non

2066 5040 2302 5111 peccatis
2330 5040 2452 5109 ejus
2483 5040 2722 5109 repletus
2751 5039 2822 5093 sit
2855 5057 2867 5092 :
2903 5054 3003 5094 nec
3046 5052 3258 5110 poterat
3303 5057 3409 5097 non
3460 5046 3641 5099 onmis

2064 5131 2184 5201 ejus
2218 5131 2340 5186 ﬁnis
2371 5131 2609 5202 peccatis
2636 5130 2852 5200 repleri,
2893 5130 3008 5198 qui,
3042 5143 3303 5201 quantum
3335 5134 3388 5187 in
3418 5149 3484 5188 eo
3514 5135 3636 5197 fuit,

2067 5220 2337 5278 interfecit
2362 5222 2630 5292 justitiam
2654 5261 2668 5286 ,
2700 5221 2746 5276 si
2789 5230 2872 5276 est
2899 5221 3150 5278 Christus
3180 5223 3428 5294 iustitia;
3471 5225 3638 5280 inter-

2065 5313 2192 5372 iecit
2221 5316 2577 5386 sapientiam,
2628 5313 2671 5367 si
2721 5323 2805 5368 est
2846 5314 3097 5370 Christus
3130 5317 3431 5385 sapientia;
3473 5316 3635 5372 inter.

2139 5456 2186 5490 "
2215 5453 2319 5511 lsa.
2355 5471 2428 5519 τι,
2463 5454 2532 5520 9;
2582 5451 2770 5505 Matth.
2807 5468 2924 5517 xm,
2961 5451 3045 5506 14.
3158 5452 3204 5483 ⁸⁶
3232 5451 3334 5506 lsa.
3377 5468 3463 5521 ιιι,
3497 5453 3546 5522 l,
3577 5450 3630 5508 Ξ.

464 5632 541 5696 (l)
574 5633 970 5709 furtimque
1003 5634 1093 5689 διὰ
1130 5637 1331 5702 πάσας,
1373 5645 1645 5709 εᾷιᾼειειενιι
1679 5656 1851 5709 usque
1892 5645 1956 5702 ad

2063 5666 2120 5706 ra
2131 5656 2275 5702 ntur.
3199 5640 3238 5709 ’Τ

396 5701 617 5768 πότερόν
645 5718 774 5756 ποτε
820 5701 875 5757 in
898 5701 1355 5774 interpretatione
1396 5707 1706 5782 Hieronymi
1747 5701 1958 5774 deside;

2134 5720 2215 5785 (‘2)
2260 5712 2487 5769 Οὐκέτι.
2527 5710 2760 5782 Legebat
2791 5709 3153 5780 Hieronymus
3186 5703 3284 5764 ἔτι.
