4218 6292
573 326 679 381 Hii
2047 314 2160 373 ORI

2207 313 2375 370 LENIS
3726 307 3826 361 42’.

574 447 670 515 qui
708 459 828 499 eam
880 441 1240 506 defendimus,
1293 448 1348 494 et
1407 438 1813 510 Scripturarum
1877 436 2151 493 voluntate

2207 459 2223 500 ι
2253 436 2463 508 ζομένῳ
2486 434 2704 500 ειδέναι,
2766 435 2850 490 ὅτι
2880 435 2941 488 οὐ
2987 434 3054 488 δι’
3076 433 3205 489 ἄλλο
3253 450 3304 487 τι
3341 431 3690 505 ὑϐρίζομαιῆ
3741 433 3827 487 διὰ

576 536 729 592 onmi
759 550 881 590 cum
907 532 1100 588 ﬁducia
1130 547 1249 585 eam
1272 529 1651 601 praedicamus.
1675 529 1865 600 igitur,
1887 537 2149 600 quantum

2255 529 2511 601 Χριστὸν,
2536 528 2594 581 ἐν
2617 525 2880 596 ἀνάγκαις
2907 523 3196 594 γενόμενον
3246 523 3466 590 εἰδέναι,
3492 523 3575 576 ὅτι
3627 523 3662 595 ή
3698 522 3823 578 ὑπό·

579 642 901 699 possumus,
931 623 998 678 ad
1035 624 1200 676 vitam
1248 623 1656 691 prophetarum,
1687 628 1745 676 et
1782 613 2153 690 apostolorum

2256 619 2405 683 θεσις
2426 619 2534 672 τῶν
2585 617 2898 687 ἀναγκαίων
2944 619 2975 671 ό
3005 615 3238 687 Χριστός
3270 617 3437 699 εστιν.
3480 614 3583 685 Εἴη
3618 631 3686 686 με
3717 614 3828 669 λοιι

578 717 1050 775 conversationem
1090 713 1411 769 imitandam
1460 727 1560 768 nos
1607 712 1985 778 extendamus,
2033 728 2154 768 mo-

2252 709 2576 783 δορούμενον
2608 709 2828 774 ειδέναι,
2859 709 2942 762 ὅτι
2964 709 2998 779 ἡ
3020 694 3291 780 πρόφασις
3317 706 3416 774 τῆς
3441 705 3706 778 λοιδορίας
3731 704 3832 760 οὐκ

580 808 760 863 lestias
779 817 832 863 et
860 807 1099 877 pericula
1128 822 1237 861 non
1266 807 1519 861 vitantes.
1558 803 1771 860 Atblcta
1800 805 1948 859 enim
1979 803 2026 858 si
2052 800 2160 858 dil-

2257 797 2400 852 ἔστιν
2426 797 2633 871 eum
2656 798 2738 852 ὅτι
2759 797 2959 852 ὲκδικῶ
2991 797 3090 869 τὴν
3114 798 3393 869 ἀλήθειαν,
3421 800 3518 854 καὶ
3546 798 3834 869 πρεσόεύω

576 898 870 953 licultatem
902 896 1218 953 certaminis
1250 895 1465 966 fugerit,
1492 910 1617 951 cum
1646 895 1831 950 laetitia
1860 910 1970 949 non
1990 908 2153 950 coro-

2259 891 2398 962 ὑπὲρ
2424 890 2535 944 τῶν
2571 890 2992 961 γεγραμμένων,
3016 889 3105 945 ἶνα
3122 890 3264 944 κατὰ
3301 890 3456 958 λόγον
3484 890 3619 944 Θεοῦ
3653 890 3831 947 πάντα

575 996 758 1050 natur,
797 996 852 1042 et
890 986 1065 1041 laudis
1094 985 1319 1055 gloriam
1354 1000 1462 1039 non
1497 983 1871 1055 consequitur.

2258 980 2498 1052 γίνηται,
2536 983 2633 1036 καὶ
2681 979 2773 1036 διὰ
2819 980 2977 1035 τοῦτο
3009 979 3455 1052 βλασφημοῦμαι.
3510 982 3621 1036 Καὶ
3674 984 3833 1053 ἡμεῖς

575 1073 671 1132 οὖν
704 1079 925 1142 πάντες,
971 1078 1071 1148 ὅση
1103 1077 1350 1148 δύναμις,
1390 1076 1714 1149 σπεύσωμεν
1764 1077 1860 1130 ἐπὶ
1902 1075 1992 1130 τὸν
2039 1075 2154 1146 βίον
2194 1075 2550 1147 προφητικὸν,
2595 1076 2688 1129 ἐπὶ
2719 1075 2810 1130 τὸν
2836 1074 2950 1146 βίον
2981 1076 3073 1131 τὸν
3095 1077 3470 1140 ἀποστολικδν,
3496 1076 3587 1137 τὸν
3606 1077 3833 1148 ὀχληρὸν

578 1173 658 1245 μὴ
709 1171 1019 1240 φεύγοντες*
1062 1169 1300 1241 ἀθλητὴς
1346 1168 1479 1241 γὰρ,
1530 1167 1596 1223 ἂν
1646 1168 1792 1241 φύγῃ
1836 1168 1897 1222 τὸ
1927 1169 2027 1239 τῆς
2054 1168 2334 1240 ἀθλήσεως
2368 1166 2618 1238 ὀχληρὸν,
2651 1166 2713 1219 τὸ
2739 1167 2838 1237 ἡδὺ
2859 1166 2954 1220 τοῦ
2997 1168 3261 1236 στεφάνου
3283 1166 3383 1219 οὐκ
3407 1166 3767 1238 ἀπολήψεται.

652 1265 741 1320 15.
783 1262 853 1317 Et
879 1265 978 1317 erit
1008 1279 1177 1317 sermo
1218 1272 1341 1315 tuus
1387 1262 1513 1315 mihi
1554 1261 1608 1315 in
1656 1260 1901 1316 lmtitiam
1932 1261 1999 1315 "’.
2030 1259 2148 1314 Non

576 1357 658 1412 ait
689 1374 703 1409 :
744 1354 858 1421 Est,
885 1353 979 1409 sed
1014 1370 1030 1408 :
1070 1352 1209 1419 Erit,
1239 1351 1504 1422 siquidem
1551 1352 1605 1406 in
1636 1352 1884 1420 praesenti
1911 1359 2154 1420 tempore

577 1462 849 1509 carceres,
878 1444 1093 1507 exsilia,
1122 1443 1484 1499 contumelias
1526 1458 1592 1498 ac
1630 1442 1848 1496 labores
1884 1442 2015 1495 mihi
2061 1441 2159 1495 tri-

580 1536 724 1599 buit;
771 1534 865 1590 sed
903 1533 1098 1587 horum
1138 1532 1384 1586 omnium
1428 1531 1550 1587 ﬁnis
1587 1533 1691 1586 erit
1723 1531 1929 1586 laetitia.
1963 1529 2031 1584 Et
2059 1530 2158 1585 erit

582 1643 752 1682 sermo
784 1636 903 1679 tuus
932 1625 1060 1678 mihi
1089 1624 1145 1677 in
1169 1623 1440 1688 lwtitiam,
1471 1632 1519 1676 et
1549 1623 1800 1694 gaudium
1830 1620 2002 1675 cordis
2037 1620 2157 1686 mei,

582 1718 710 1786 quia
740 1717 1037 1769 invocatum
1079 1722 1156 1767 est
1204 1730 1386 1767 nomen
1433 1723 1579 1766 tuum
1611 1728 1769 1783 super
1797 1728 1899 1776 me,
1941 1711 2160 1766 Domine

584 1806 750 1861 Pater
776 1807 1102 1876 omnipotens
1164 1804 1233 1858 “.
1270 1803 1495 1876 Etiamsi
1535 1802 1789 1859 Christus
1839 1803 1945 1858 hoc
1988 1803 2160 1870 dicit,

585 1914 691 1952 non
725 1898 982 1951 abhorret
1015 1895 1083 1949 ab
1130 1894 1404 1950 intellectu
1440 1912 1454 1948 :
1502 1908 1700 1949 nomen
1743 1894 1944 1963 quippe
1987 1892 2163 1948 Patris

583 1989 893 2043 invocatum
911 1997 993 2042 est
1025 2003 1186 2057 super
1213 2003 1362 2043 eum.
1395 1985 1519 2041 Non
1542 1986 1651 2040 sedi
1677 1985 1909 2056 219m
1940 1985 2163 2040 concilio

579 2079 877 2133 ludentium
896 2080 960 2132 “.
1004 2077 1062 2133 Si
1093 2079 1315 2149 quando
1337 2078 1552 2134 videbat
1573 2079 1858 2148 prophetes
1880 2092 1987 2132 non
2012 2077 2163 2132 solli-

585 2166 818 2221 ritorum
861 2167 1175 2232 concilium,
1211 2167 1305 2221 sed
1338 2165 1674 2229 ludentium,
1725 2164 1962 2236 fugiebat
2006 2165 2159 2222 illud.

588 2254 737 2310 Unde
763 2264 976 2325 oportet
1007 2269 1171 2311 nosse
1212 2254 1546 2310 dill'erentias
1573 2255 1928 2310 conciliorum
1955 2295 1970 2320 ,
2012 2255 2164 2310 solli-

584 2344 700 2411 citi,
734 2353 895 2415 atque
926 2344 1181 2401 ludentis.
1219 2345 1276 2399 Si
1310 2344 1417 2400 hoc
1445 2344 1735 2399 concilium
1774 2353 2021 2400 nostrum
2054 2343 2164 2399 sol-

583 2435 793 2490 licitum
839 2443 944 2500 est,
995 2434 1043 2490 si
1086 2435 1268 2489 omnia
1316 2449 1439 2490 cum
1484 2434 1852 2490 ecclesiastica
1885 2434 2161 2505 diligentia

582 2518 796 2596 quaerit,
842 2516 886 2580 si
939 2540 1119 2579 sermo
1167 2539 1293 2579 cum
1335 2524 1645 2595 disciplina,
1699 2523 1743 2579 si
1783 2524 1893 2578 vita
1927 2525 2160 2578 sollicita

581 2627 702 2684 est,
748 2616 795 2671 si
845 2615 1058 2687 negotia
1103 2631 1226 2671 cum
1273 2615 1487 2672 cautela
1513 2654 1529 2680 ,
1576 2614 1870 2669 concilium
1903 2623 2015 2675 est,
2051 2628 2159 2666 non

2326 1260 2434 1313 Καὶ
2471 1260 2642 1313 ἔσται
2675 1261 2709 1311 ό
2765 1260 2947 1329 λόγος
2972 1276 3087 1314 σου
3119 1259 3251 1329 ἐμοὶ
3288 1261 3376 1325 εις
3419 1261 3829 1329 εὐφροσύνην.

2257 1347 2373 1401 Οὐκ
2392 1347 2521 1401 ἔστι
2551 1346 2667 1411 νῦν,
2692 1346 2806 1401 ἀλλ’
2829 1348 3019 1401 ἔσται·
3038 1347 3161 1401 ἐπεὶ
3188 1346 3296 1418 γὰρ
3328 1347 3419 1402 ἐπὶ
3441 1347 3532 1403 τοῦ
3568 1349 3833 1420 παρόντος

2261 1439 2291 1491 6
2319 1437 2475 1506 λόγος
2510 1455 2603 1491 σου
2627 1440 2752 1510 ἐμοὶ
2777 1440 2857 1503 εἰς
2884 1438 3154 1509 φυλακὰς,
3193 1440 3275 1505 εἰς
3336 1439 3511 1503 δίκας,
3554 1456 3634 1504 εις
3696 1440 3835 1513 πρά⁴

2191 1582 2234 1637 Β
2265 1531 2566 1637 γματα,εἰς
2585 1530 2914 1637 δυσφημίας,
2938 1530 3261 1637 είςυπόνους,
3295 1529 3429 1585 ἀλλὰ
3458 1530 3518 1584 τδ
3549 1531 3699 1596 τελος
3721 1533 3837 1588 τού-

2262 1638 2370 1674 των
2398 1619 2703 1691 εὐφροσύνη
2729 1619 2992 1673 ὲστί.Καὶ
3014 1620 3148 1674 ἐστι
3173 1622 3207 1673 ὁ
3231 1621 3414 1689 λόγος
3435 1635 3554 1676 σου
3588 1623 3719 1692 ἐμοὶ
3745 1626 3834 1691 είς

2260 1710 2648 1779 εὐφροσύνην
2676 1709 2775 1762 καί
2828 1708 3022 1777 χαρὰν
3063 1708 3312 1778 καρδίας
3335 1727 3477 1779 μου,
3527 1710 3615 1765 ὅτι
3641 1713 3837 1768 ἐπικέ-

2263 1804 2477 1869 κληται
2497 1800 2564 1853 τὸ
2592 1797 2779 1870 ὄνομά
2798 1813 2914 1854 σου
2942 1800 3034 1852 ἐπ’
3049 1799 3175 1869 ἐμὲ,
3200 1801 3374 1867 Κύριε
3404 1805 3833 1876 παντόκρατορ.

2263 1893 2383 1946 Κᾶν
2408 1891 2640 1963 Χριστὸς
2674 1891 2828 1962 λέγῃ.
2853 1891 2916 1944 τὸ
2941 1891 3109 1963 ὄνομα
3131 1893 3224 1947 τοῦ
3242 1894 3455 1966 Πατρός
3481 1896 3836 1970 ἐπικέκληται

2263 1982 2351 2035 ἐπ’
2397 1982 2579 2036 αὐτόν.
2617 1984 2737 2036 Οὐκ
2774 1980 3028 2038 ἐκάθισα
3057 1982 3128 2036 ἐν
3151 1983 3446 2053 συνεδρίῳ
3476 1986 3676 2041 αὐτῶν
3705 2002 3838 2043 ,και-

2263 2072 2498 2133 ζόντων.
2535 2073 2603 2126 Εἴ
2645 2090 2773 2127 ποτε
2807 2072 3024 2145 ἑώρακε
3070 2074 3131 2128 τὸ
3162 2074 3437 2146 συνέδριον
3487 2079 3517 2130 6
3555 2080 3839 2151 προφήτης

2262 2164 2322 2218 οὐ
2370 2163 2798 2228 σπουδαζόντων,
2851 2165 2987 2218 ἀλλὰ
3037 2163 3356 2232 παιζόντων,
3408 2166 3605 2237 ἔφευγε
3637 2155 3836 2240 μᾶλλον

2261 2256 2324 2309 τὸ
2356 2255 2704 2324 συνάγεσθαι,
2737 2257 2884 2328 ἢπερ
2930 2256 3186 2312 ἔσπευδεν
3231 2259 3323 2313 ἐπὶ
3363 2262 3684 2332 συναγωγὴν
3711 2280 3839 2315 παι-

2263 2348 2483 2413 ζόντων.
2515 2347 2724 2419 Νοῆσαί
2775 2364 2834 2401 σε
2861 2343 2956 2403 οὖν
2997 2349 3079 2403 δεῖ
3106 2349 3369 2421 διαφορὰν
3415 2352 3689 2424 συνεδρίου
3719 2370 3839 2408 παι-

2263 2437 2485 2502 ζόντων,
2515 2438 2611 2493 καὶ
2643 2436 3070 2501 σπουδαζόντων.
3101 2438 3175 2493 Τὸ
3204 2438 3472 2511 συνέδριον
3494 2439 3648 2494 τοῦτο
3668 2457 3836 2495 σπου-

2261 2529 2411 2583 δαῖόν
2443 2531 2580 2595 ἐστι,
2603 2531 2699 2584 καὶ
2726 2528 2906 2582 πάντα
2926 2531 3070 2582 ποιεί
3113 2529 3251 2600 μετὰ
3275 2530 3524 2601 σπουδῆς,
3558 2532 3652 2585 καὶ
3674 2548 3836 2586 σπου-

2262 2617 2359 2688 δῆς
2386 2618 2563 2683 dilue“
2590 2618 2704 2684 καὶ,
2733 2617 2877 2672 κατὰ
2912 2618 2972 2671 τὸ
3000 2619 3313 2690 λεγόμενον,
3366 2621 3568 2693 σπουδὴ
3593 2623 3622 2674 6
3652 2620 3832 2691 λόγος,

586 2708 908 2773 ludentium,
938 2709 1032 2764 sed
1062 2707 1440 2763 sollicitorum.
1505 2703 1561 2758 Si
1606 2713 1787 2758 autem
1815 2703 2160 2774 dereliqucrit

2266 2708 2470 2779 σπουδὴ
2500 2710 2529 2761 6
2553 2707 2687 2778 βίος,
2726 2710 2819 2764 καὶ
2867 2710 3040 2784 πάντη
3072 2712 3191 2765 ἐστὶ
3212 2712 3273 2765 τὸ
3303 2713 3578 2784 συνέδριον
3624 2713 3685 2767 οῦ
3709 2730 3835 2766 παι-

583 2801 825 2854 studium
858 2798 1153 2870 religionis,
1180 2806 1234 2852 et
1254 2796 1527 2852 vacaverit
1552 2795 1763 2851 lusibus
1788 2795 1974 2850 mundi
2001 2794 2162 2850 istius

583 2891 679 2961 qui
728 2890 955 2945 veniunt
987 2906 1017 2945 a
1065 2889 1348 2959 pravitate,
1398 2886 1457 2942 lit
1502 2887 1793 2942 concilium
1839 2885 2155 2942 ludentium.

586 2983 675 3036 Ait
698 2981 882 3053 itaque
921 2981 1208 3052 praphetes
1235 2979 1280 3013 ⁷⁰
1310 2998 1324 3036 :
1362 2977 1482 3033 Non
1512 2979 1625 3032 sedi
1647 2980 1701 3039 in
1724 2977 1946 3032 concilio
1975 2976 2161 3030 luden-

586 3087 741 3135 tium,
765 3074 855 3129 sed
882 3073 1126 3129 timebam
1154 3089 1187 3125 a
1213 3071 1349 3142 facie
1371 3058 1557 3124 manus
1583 3078 1704 3123 tuae.
1732 3068 1868 3123 Cum
1898 3072 2008 3128 duo
2030 3069 2158 3126 mihi

516 3168 520 3170 ⁷
582 3175 768 3222 essent
787 3165 1087 3238 pr0posita,
1111 3163 1299 3220 sedere
1318 3162 1372 3217 in
1395 3158 1628 3217 concilio
1649 3160 1971 3226 ludentium,
1987 3167 2043 3215 et
2068 3157 2155 3215 of-

585 3258 803 3314 lendere
824 3258 1161 3328 maiestatem
1185 3263 1354 3317 tuam,
1391 3261 1482 3306 aut
1500 3264 1645 3307 certe
1666 3266 1887 3322 surgere
1907 3250 1972 3305 de
1995 3265 2079 3317 eo,
2101 3258 2157 3305 et

581 3367 649 3404 ea
673 3349 853 3404 facere
876 3363 998 3418 quae
1031 3347 1126 3401 tibi
1156 3345 1349 3416 placita
1371 3352 1546 3410 erant,
1579 3343 1753 3412 magis
1773 3340 1908 3412 elegi
1940 3355 2162 3410 surgere

586 3440 654 3493 de
687 3437 1103 3508 congregatione
1135 3436 1455 3500 ludentium,
1482 3442 1542 3489 nt
1564 3433 1772 3488 amicus
1808 3442 1934 3488 tuus
1964 3447 2161 3499 essem,

585 3547 751 3602 quam
789 3530 1061 3586 contraria
1093 3528 1299 3585 faciens
1319 3569 1334 3593 ,
1371 3530 1510 3584 inter
1540 3520 1636 3583 eos
1671 3516 1777 3598 qui.
1798 3527 1981 3583 hostes
2013 3518 2160 3592 sunt,

581 3620 910 3692 computari.
937 3614 1060 3674 Non
1090 3620 1201 3674 sedi
1231 3620 1286 3674 in
1315 3618 1537 3674 concilio
1564 3616 1878 3682 ludentium,
1901 3614 1991 3669 sed
2012 3616 2164 3672 time-

584 3718 706 3769 bam
730 3730 759 3767 a
776 3713 915 3784 facie
941 3729 1126 3766 manus
1153 3721 1276 3765 tute.
1311 3710 1377 3764 Et
1401 3708 1648 3764 Salvator
1677 3716 1862 3763 noster
1885 3722 1994 3762 non
2022 3706 2163 3760 sedit

586 3806 639 3859 in
666 3796 897 3862 concilio
922 3804 1249 3868 ludentium,
1278 3802 1373 3858 sed
1405 3800 1713 3856 surrexisse
1737 3814 1795 3853 se
1815 3796 2020 3852 docens
2042 3797 2117 3850 ait
2142 3812 2155 3850 :

591 3895 896 3949 Dimittetur
915 3894 1055 3950 vobis
1084 3898 1270 3948 domus
1301 3901 1469 3946 vestra
1493 3896 1722 3944 deserta.
1751 3887 1991 3959 Reliquit
2012 3888 2159 3941 enim

577 3986 768 4042 Sermo
791 3983 883 4038 Dei
905 3984 1121 4038 divinus
1144 3982 1434 4038 concilium
1453 3979 1787 4041 Iudaeorum,
1815 3986 1870 4033 et
1895 3976 2038 4032 aliud
2056 3976 2160 4032 sibi

584 4076 878 4131 concilium
909 4089 972 4130 ex
999 4074 1250 4145 gentibus
1276 4073 1643 4143 congregavit.

2264 2797 2486 2864 ζόντων,
2510 2800 2646 2855 em
2694 2800 3121 2866 σπουδαζόντων.
3158 2804 3328 2858 Ὅταν
3349 2802 3406 2857 δὲ
3436 2804 3498 2857 τὸ
3536 2804 3832 2876 συνέδριον,

2187 2922 2230 2981 C
2264 2890 2558 2946 καταλιπὸν
2606 2893 2705 2964 τὴν
2755 2892 2988 2965 σπουδὴν
3019 2894 3119 2966 τὴν
3154 2895 3369 2965 περὶτὰ
3391 2896 3685 2965 ἀναγκαῖα,
3711 2912 3836 2967 σχο-

2266 2980 2402 3055 λάζῃ
2432 2985 2543 3048 τοῖς
2573 2983 2843 3053 παιγνίοις
2873 2983 2967 3037 τοῦ
2996 2984 3189 3050 αἰῶνος
3226 2985 3418 3040 τούτου
3446 2988 3542 3041 καὶ
3565 2987 3834 3056 παιγνίοις

2264 3076 2374 3138 τοῖς
2405 3072 2512 3127 ἀπὸ
2539 3074 2641 3147 γῆς
2696 3073 2910 3140 κακίας,
2942 3074 3150 3138 γίνεται
3197 3077 3469 3148 συνέδριον
3509 3078 3831 3142 παιζόντων.

2262 3163 2428 3232 1Ιιησὶν
2461 3159 2553 3217 οὖν
2584 3159 2756 3227 οῦτοςο
2790 3166 2910 3219 Οὐκ
2935 3163 3185 3220 ἐκάθισα
3211 3165 3282 3219 ἐν
3319 3167 3618 3237 συνεδρίῳ
3637 3167 3837 3224 αὐτῶν

2260 3253 2603 3320 παιζόντων,
2618 3256 2755 3311 ἀλλ’
2770 3257 3150 3327 εὐλαόοὐμην
3163 3257 3282 3311 ἀπὸ
3294 3258 3618 3326 προσώπου
3634 3264 3836 3331 χειρός

2263 3359 2399 3400 σου.
2426 3346 2528 3401 Δύο
2539 3348 3109 3420 προκειμένων,ἦγουν
3130 3348 3453 3415 καθέζεσθαι
3485 3352 3545 3404 ὲν
3575 3368 3640 3404 συ
3652 3352 3834 3424 νεδρίῳ

2266 3435 2588 3503 παιζόντων,
2616 3437 2710 3491 καὶ
2741 3439 2825 3491 σοὶ
2846 3437 2924 3509 τῷ
2956 3437 3075 3509 Θεῷ
3100 3439 3485 3511 προσκόπτειν,
3519 3442 3614 3495 καὶ
3643 3443 3727 3496 σοι
3756 3442 3833 3513 μὴ

2267 3527 2543 3601 ἀρέσκειν,
2565 3528 2598 3601 ἢ
2620 3528 2928 3603 ἐγείρεσθαι
2954 3530 3065 3584 ἀπὸ
3088 3531 3360 3604 συνεδρίου
3390 3531 3714 3599 παιζόντων,
3741 3536 3834 3588 καὶ

2266 3622 2439 3672 ποιεῖν
2462 3619 2636 3674 ταῦτα
2675 3620 2712 3674 ἆ
2741 3638 2822 3674 σοι
2854 3620 3006 3691 φίλον
3035 3616 3122 3694 ἦν’
3149 3622 3372 3695 εἱλόμην
3398 3624 3598 3695 μᾶλλον
3620 3624 3835 3679 ἀνίστα-

2266 3710 2387 3763 σθαι
2419 3711 2526 3764 ἀπὸ
2557 3713 2650 3766 τοῦ
2706 3713 2982 3782 συνεδρίου
3036 3711 3364 3779 παιζόντων,
3414 3715 3508 3769 καὶ
3544 3715 3627 3770 σο¹ι
3683 3714 3834 3784 φίλος

2264 3796 2424 3868 εἶναι,
2453 3804 2595 3874 ἢπερ
2643 3805 2704 3858 τὸ
2756 3805 2993 3859 ἐναντίον
3033 3805 3199 3859 ποιῶν
3241 3805 3430 3878 ἐχθρὸς
3483 3808 3734 3877 γενέσθαι
3763 3811 3825 3882 τῇ

2268 3896 2630 3969 μακαριότητι
2681 3914 2792 3952 σου.
2836 3899 2958 3952 Οὐκ
3005 3898 3257 3954 ἐκάθισα
3286 3900 3356 3953 ἐν
3404 3901 3700 3970 συνεδρίῳ
3727 3903 3833 3957 αὺ-

2264 3988 2383 4041 τῶν
2402 3986 2746 4054 παιζόντων,
2779 3991 2916 4045 ἀλλ’
2948 3993 3328 4061 εὐλαϐούμην
3359 3993 3475 4046 ἀπὸ
3507 3992 3829 4061 προσώπου

2265 4076 2463 4144 χειρός
2487 4088 2623 4129 σου.
2682 4079 2791 4131 Καὶ
2822 4080 2851 4132 6
2906 4079 3094 4152 Σωτὴρ
3137 4078 3293 4150 ἡμῶν
3329 4080 3431 4133 οὐκ
3464 4080 3716 4135 ἐκάθισεν
3769 4082 3828 4134 ὲν

588 4167 848 4240 συνεδρίῳ
898 4165 1077 4219 αὐτῶν
1122 4162 1445 4228 παιζόντων,
1470 4161 1580 4216 ἀλλ’
1608 4162 1888 4232 ἀπανέστη
1931 4161 2024 4216 ἀπ’
2056 4162 2254 4219 αὐτῶν,
2281 4165 2390 4219 Καὶ
2443 4169 2665 4238 σημεῖόν
2699 4171 2813 4222 ἐστι
2855 4169 2948 4222 τοῦ
2992 4169 3286 4243 ἐγηγέρθαι
3331 4172 3422 4225 τὸν
3464 4172 3692 4245 Σωτῆρα
3720 4172 3830 4228 ἀπὸ

588 4264 862 4337 συνεδρίου
890 4261 1211 4327 παιζόντων,
1237 4261 1299 4313 τὸ
1323 4260 1602 4333 εἰρηκέναι
1627 4258 1808 4311 αὐτόν·
1842 4257 2099 4327 Ἀξείεται
2123 4258 2265 4327 ὑμῖν
2288 4263 2321 4313 ό
2349 4261 2511 4328 οἶκος
2534 4261 2700 4332 ὑμῶν
2712 4263 2949 4330 ἕρημος.
2980 4263 3348 4318 Καταλέλοιπε
3373 4264 3481 4336 γὰρ
3511 4267 3539 4318 ό
3559 4265 3714 4335 λόγος
3733 4270 3827 4324 τοῦ

584 4353 721 4409 Θεοῦ
752 4352 813 4406 τὸ
849 4351 1114 4406 Ἰουδαίων
1141 4350 1431 4421 συνέδριον,
1465 4349 1562 4404 καὶ⁹
1592 4348 1717 4403 ἄλλο
1755 4348 2025 4419 συνέδριον
2051 4349 2145 4402 καὶ
2195 4350 2516 4423 Ἐκκλησίαν
2559 4352 2735 4425 ἐαυτῷ
2763 4353 3025 4426 πεποίηκε
3051 4353 3147 4426 τὴν
3176 4355 3283 4409 ἀπὸ
3313 4355 3421 4411 τῶν
3443 4356 3632 4411 ἐθνῶν.

657 4444 747 4500 16.
789 4442 947 4499 Solus
983 4441 1225 4495 sedebam
1250 4441 1319 4494 τί.
1361 4439 1427 4494 Et
1455 4440 1569 4510 ipse
1600 4447 1812 4493 tantum
1842 4439 1959 4494 sine
1985 4453 2152 4506 expo-

2207 4446 2228 4499 >
2323 4444 2485 4499 Κατὰ
2521 4446 2714 4511 μόνας
2742 4443 3067 4513 ἐκαθήμην.
3102 4446 3211 4500 Καὶ
3240 4447 3309 4501 τὰ
3343 4448 3562 4519 ῥήματα
3593 4448 3826 4503 ἐνταῦθα

587 4538 783 4593 sitione
809 4550 991 4591 sermo
1008 4532 1238 4589 aediﬁcat
1259 4531 1561 4588 audientes.
1602 4530 1832 4598 Quando
1853 4537 1937 4585 est
1964 4528 2152 4583 multi-

587 4632 720 4685 tudo
768 4629 1145 4701 peccantium,
1193 4642 1294 4681 nec
1334 4624 1565 4681 sustinet
1613 4639 1796 4680 secum
1825 4622 2033 4694 justum
2068 4620 2155 4691 pie

590 4718 791 4785 vivere,
837 4725 969 4773 tunc
1027 4717 1276 4788 indigens
1327 4724 1412 4771 est
1458 4713 1645 4786 fugere
1681 4710 2153 4784 congregationem

587 4821 802 4870 eorum,
829 4817 883 4862 et
924 4798 1125 4863 imitari
1151 4806 1472 4883 prophetam
1500 4806 1810 4878 loquentem
1842 4824 1856 4861 :
1885 4802 2041 4861 Solus
2074 4819 2156 4857 se-

588 4899 817 4963 debam,-
860 4897 1059 4953 imitari
1090 4900 1254 4953 etiam
1282 4898 1664 4954 miserabiliter
1684 4907 2104 4968 conquerentem
2137 4911 2151 4949 :

587 4992 830 5055 Domine,
866 4990 1145 5060 prophetas
1182 5000 1298 5044 tuos
1330 4991 1655 5055 occiderunt,
1688 4987 1887 5041 altaria
1919 4985 2154 5056 stt/fode-

586 5092 711 5139 ruut
730 5122 747 5149 ,
778 5092 827 5137 et
856 5098 951 5152 ego
992 5080 1205 5135 relictus
1231 5097 1348 5135 sum
1380 5079 1547 5148 solus,
1572 5089 1623 5134 et
1646 5087 1886 5149 quaerunt
1918 5078 2152 5132 animum

587 5193 753 5231 meam
784 5177 1019 5245 accipere
1048 5172 1200 5226 illam
1223 5173 1290 5227 ".
1324 5170 1381 5227 Si
1407 5182 1587 5228 autem
1615 5170 1946 5226 voluerimus
1971 5182 2157 5223 sacra-

587 5276 696 5322 ttus
728 5264 935 5337 aliquid
963 5262 1210 5334 accipere
1242 5264 1298 5319 in
1325 5279 1393 5320 eo
1423 5264 1569 5335 quod
1610 5261 1807 5318 dicitur
1839 5279 1851 5314 :
1888 5258 2045 5314 Solus
2075 5275 2158 5313 se-

582 5359 791 5424 debant,
840 5355 1071 5415 forsitan
1122 5356 1463 5413 inveniemus
1506 5355 1724 5425 dignam
1756 5352 2155 5422 interpretatio-

587 5465 708 5504 nem
735 5449 938 5521 Spiritu
962 5457 1172 5506 sancto.
1201 5447 1430 5515 Quando
1450 5447 1619 5502 vitam
1644 5442 2006 5500 multitudinis
2031 5441 2154 5497 imi-

587 5550 790 5609 tamur,
820 5559 921 5600 nec
943 5541 1290 5600 conversatio
1309 5548 1496 5597 nostra
1522 5554 1554 5594 a
1578 5537 1778 5609 popqu
1811 5534 2024 5598 melior,
2053 5548 2154 5589 nec

587 5642 896 5702 contempto
940 5634 1124 5703 judice
1174 5638 1284 5690 Deo
1326 5633 1396 5689 ab
1441 5633 1725 5688 hominum
1781 5627 2002 5685 malitiis
2066 5641 2150 5682 se-

2257 4535 2545 4605 οἰκοδομεῖ.
2591 4535 2758 4589 Ὅταν
2793 4535 2997 4604 πλῆθος
3094 4537 3451 4610 ἁμαρτωλῶν,
3484 4538 3577 4591 καὶ⁵
3612 4539 3688 4612 μὴ
3726 4540 3825 4609 φέ-

2261 4641 2395 4697 ρωσι
2428 4625 2518 4679 τὸν
2545 4625 2751 4679 δίκαιον
2780 4625 2998 4698 βιοῦντα
3017 4645 3030 4659 ’
3075 4631 3168 4682 καὶ
3193 4630 3268 4693 ὡς
3293 4630 3445 4685 οὐδὲν
3473 4629 3673 4686 ἄτοπόν
3708 4635 3824 4689 ἐστι

2262 4714 2529 4782 φεύγοντα
2562 4714 2835 4788 συνέδρων
2872 4717 2969 4789 τῆς
3012 4719 3210 4783 κακίας
3253 4720 3594 4793 μιμήσασθαι
3629 4723 3720 4778 τὸν
3749 4727 3829 4779 εἰ·

2261 4802 2429 4856 πάντα
2447 4843 2463 4868 ,
2490 4805 2653 4859 Κατὰ
2674 4807 2870 4875 μόνας
2894 4806 3222 4876 ἐκαθήμην,
3257 4807 3597 4881 μιμήσασθαι
3621 4810 3713 4865 καὶ
3736 4811 3827 4863 τὸν

2258 4896 2483 4965 λέγοντα
2521 4896 2703 4951 Ἠλίαν
2725 4915 2740 4928 ο
2775 4899 2974 4967 Κύριε,
3010 4898 3151 4965 τοὺς
3188 4898 3491 4969 προφήτας
3523 4914 3641 4955 σου
3684 4899 3829 4954 ἁπέ-

2259 5007 2519 5054 κτειναν,
2547 4989 2620 5045 τὰ
2647 4990 3042 5060 θυσιαστήριά
3069 5006 3185 5046 σου
3213 4992 3630 5061 κατέσκαψαν,
3668 4989 3829 5061 κάγὼ

2248 5078 2624 5149 ὑπελείφθην
2664 5081 3029 5149 μονώτατος,
3076 5083 3173 5138 καὶ
3202 5082 3442 5152 ζητοῦσι
3473 5083 3587 5149 τὴν
3616 5086 3828 5151 ψυχήν

2243 5186 2360 5239 μου
2389 5170 2607 5225 λαϐεῖν
2634 5172 2864 5240 αὐτοῖς.
2892 5174 3043 5245 Τάχα
3073 5173 3154 5240 δὲ,
3179 5173 3284 5227 κᾶν
3318 5173 3616 5244 βαθύτερον
3640 5172 3826 5237 ἐξετά-

2250 5277 2351 5332 anc
2373 5260 2454 5326 τὸ,
2477 5262 2639 5318 Κατὰ
2656 5266 2852 5332 μόνας
2872 5265 3201 5336 ἐκαθήμην,
3223 5267 3478 5338 εὑρήσεις
3503 5271 3655 5327 τινας
3675 5263 3826 5330 ἄξιον

2249 5354 2373 5407 νοῦν
2402 5353 2601 5425 βάθους
2635 5356 2999 5427 προφητικοῦ.
3029 5358 3201 5411 Ὅταν
3225 5357 3314 5411 τὸν
3338 5356 3448 5411 τῶν
3478 5355 3686 5412 πολλῶν
3705 5355 3826 5427 βίον

2250 5442 2576 5515 μιμώμεθα,
2599 5445 2741 5500 ὥστε
2760 5447 2839 5518 μὴ
2861 5442 3000 5501 εἴναι
3026 5448 3491 5525 ἀνακεχωρηκότα
3512 5449 3700 5512 αὐτὸν,
3729 5450 3826 5504 καὶ

2249 5535 2533 5600 κρείττονα
2569 5536 2666 5591 καὶ
2700 5536 2979 5609 ἐξαίρετον
3008 5540 3159 5609 παρὰ
3185 5538 3311 5603 τοὺς
3338 5537 3586 5606 πολλοὺς,
3633 5540 3694 5603 οὐ
3725 5539 3822 5593 δύ-

2249 5643 2311 5677 να
2322 5643 2418 5695 μαι
2449 5626 2653 5695 λέγειν,
2690 5629 2854 5684 Κατὰ
2881 5629 3075 5700 μόνας
3100 5630 3433 5699 ἐκαθήμην,
3464 5631 3601 5687 ἀλλά
3631 5647 3644 5662 ο
3667 5631 3822 5685 Μετὰ

660 5745 702 5775 ⁸⁷
734 5742 932 5801 Jerem.
966 5764 1055 5809 xv.
1084 5749 1168 5802 16.
1244 5750 1288 5781 ⁸⁸
1325 5749 1454 5803 ibid.
1531 5750 1575 5783 ”
1607 5749 1737 5804 ihid.
1774 5746 1861 5799 l7.
1937 5745 1981 5775 ⁷⁰
2010 5741 2120 5833 Jer.
2153 5756 2160 5792 τ

2207 5757 2250 5806 ῖ,
2296 5736 2373 5791 l7.
2456 5739 2495 5770 τ·
2530 5738 2664 5795 ibid.
2704 5741 2791 5797 l7.
2866 5742 2912 5774 τι
2949 5741 3012 5798 ιιι
3043 5741 3178 5815 Reg.
3211 5760 3320 5810 xIx,
3354 5744 3440 5799 ιι.
