4218 6292
403 282 517 338 ιῖἒὶ

1547 292 1613 347 IN
1645 292 1989 351 JEREMIAM
2031 297 2307 355 HOMILIA
2350 300 2488 356 XIV.

3530 317 3634 375 ‘28

412 396 618 452 πολλῶν
659 400 941 475 ἐκαθήμην
964 421 976 434 ·
1008 403 1147 458 ὲπάν
1173 405 1230 458 δὲ
1269 407 1297 461 ὁ
1330 407 1443 477 βίος
1473 424 1576 481 μου
1601 412 1826 486 γένηται
1851 414 1976 468 δυσ·-
2002 421 2048 478 Α
2074 454 2078 459 ι

1968 443 1976 455 -
2002 421 2332 487 Aparatur‘,
2383 436 2488 474 non
2540 434 2830 489 possumus
2873 422 3052 480 dicere
3099 443 3113 480 :
3166 425 3322 482 Solus
3354 430 3634 499 sedebam,-

410 488 680 560 μίμητος,
713 490 855 545 ὥστε
884 511 950 564 με
981 495 1299 577 τηλικοῖξτον
1331 499 1615 568 γενέσθαι,
1649 503 1725 567 ὡς
1772 505 1973 577 μηδένα

411 581 783 653 παραπλήσιον
811 578 956 638 εἷναί
990 603 1089 656 μου
1119 587 1197 658 τῷ
1227 589 1349 661 ἡθει
1367 630 1382 655 ,
1420 590 1499 662 τῷ
1529 592 1627 664 βίῳ
1645 633 1659 658 ,
1684 598 1803 660 ταῖς
1828 597 1972 667 πρά-

405 670 551 740 ξεσι,
577 678 644 747 τῇ
679 675 875 748 σοφίᾳ,
895 677 1016 731 τότε
1044 676 1280 750 δύναμαι
1311 681 1510 750 λέγειν,
1544 685 1696 756 παρά
1724 688 1784 739 τὸ
1813 686 1973 756 μόνος

402 761 547 819 εἶναι
572 769 685 830 τοῖς
707 760 832 831 ὧδε,
863 768 956 821 καὶ
985 769 1191 840 μηδένα
1224 775 1564 843 μιμήσασθαί
1594 793 1682 846 με,
1715 776 1796 842 τὸ,
1813 778 1974 832 Κατὰ

393 857 594 925 μόνας
634 857 963 931 ἐκαθήμην.
1022 862 1270 929 Ἔξεστιν
1318 860 1409 918 οὖν
1451 866 1545 919 καὶ
1592 866 1667 938 μὴ
1727 867 1856 922 ὄντα
1910 885 1971 922 σε

401 945 802 1020 πρεσῦύτερον,
853 950 947 1003 καὶ
984 951 1057 1022 μὴ
1088 951 1216 1006 ὕντα
1250 969 1309 1006 σε
1337 956 1662 1019 ἐπίσκοπον,
1701 957 1834 1027 μηδὲ
1863 976 1970 1011 τινι

396 1041 534 1111 τιμῇ
574 1039 997 1115 ἑκκλησιαστικῇ
1031 1043 1412 1115 τετιμημένον,
1457 1049 1629 1102 εἰπεῖν
1674 1047 1830 1103 τοῦτο
1873 1049 1966 1114 τὸ,

396 1129 563 1184 Κατὰ
597 1131 782 1198 μόνας
817 1131 1156 1202 ἐκαθήμην,
1189 1134 1375 1189 τοῦτον
1418 1135 1688 1209 ζηλῶσαι,
1732 1140 1826 1192 καὶ
1858 1139 1970 1210 βίον

394 1221 719 1286 ἀναλαϐεῖν,
771 1221 913 1276 ὥστε
959 1226 1133 1278 εἰπεῖν
1153 1243 1165 1256 ·
1215 1228 1382 1281 Κατὰ
1410 1230 1597 1298 μόνας
1627 1231 1930 1302 ἐκαθήμην
1950 1271 1966 1298 ,

392 1310 485 1364 ὅτι
512 1314 755 1380 πικρίας
777 1315 1184 1385 ἐνεπλήσθην.
1222 1318 1285 1371 Ei
1314 1318 1474 1392 στενὴ
1514 1321 1608 1374 καὶ
1634 1321 1967 1395 τεθλιμμένη

391 1404 424 1473 ὴ
474 1404 597 1469 ὁδὸς
639 1408 672 1478 ἡ
723 1406 1010 1477 ἀπάγουσα
1051 1410 1133 1472 εἰς
1171 1407 1270 1480 τὴν
1313 1408 1480 1483 ζωὴν,
1524 1411 1606 1465 δεῖ
1635 1430 1694 1465 σε
1741 1413 1967 1485 πικρίας

392 1497 772 1569 ἐμπλησθῆναι
800 1500 861 1554 ὲν
887 1499 966 1569 τῷ
990 1500 1091 1571 βίῳ
1115 1500 1309 1572 τούτῳ,
1340 1503 1551 1568 οὐδενὸς
1585 1504 1809 1560 δύνασαι
1836 1506 1965 1574 γλύ-

392 1608 527 1655 κους
553 1591 879 1646 ἀπολαῦσαι.
918 1594 989 1646 Ἦ
1016 1594 1117 1646 οὐκ
1142 1589 1314 1660 οἶδας,
1341 1595 1423 1649 ὅτι
1451 1598 1485 1667 ή
1516 1597 1676 1669 ἑορτή
1704 1615 1796 1651 σου
1825 1597 1962 1669 μετά

388 1681 662 1754 πικρίδων
692 1681 900 1750 γίνεται
938 1683 1013 1754 (1)
1037 1701 1053 1750 ;
1083 1684 1256 1739 Ὅταν
1283 1686 1393 1757 γὰρ
1428 1686 1704 1758 ἐορτάζῃς
1733 1687 1923 1758 ἄζυμα
1941 1730 1957 1754 ,

387 1746 586 1843 φησὶν,
625 1746 723 1825 ἐπί
752 1746 1047 1840 ειτηερίιέιιόια·⁷
1064 1746 1442 1843 Spartaria-Ti
1468 1746 1713 1849 βούλεται
1741 1746 1958 1848 όνλόγος
1992 1746 2010 1802 Ι

386 1858 595 1930 λέγων,
622 1861 703 1916 ὅτι
733 1861 814 1916 δεῖ
845 1863 936 1918 τὸν
979 1867 1305 1938 ὲορτάζοντα
1334 1870 1428 1941 ’τῷ
1471 1870 1590 1941 Θεῷ
1637 1871 1820 1942 ἄζυμα
1866 1875 1959 1926 ἐπὶ

378 1952 656 2021 πικρίδων
684 1953 912 2020 ἐσθίειν,
944 1960 1324 2030 κατανοητέον.
1360 1961 1440 2015 Τὰ
1470 1962 1567 2032 μὲν
1610 1962 1797 2033 ἄζυμα
1838 1963 1957 2034 διη-

385 2044 599 2113 γήσατο
631 2045 659 2096 ὁ
682 2044 1050 2112 “Ἀπόστολος,
1077 2050 1179 2102 οὐκ
1206 2049 1351 2103 ἐστιν
1382 2050 1490 2121 ἐμὴ
1517 2053 1551 2121 ἡ
1581 2051 1866 2123 ἑρμηνεία,
1898 2055 1958 2109 τὸ

382 2130 448 2184 δὲ
496 2131 786 2186 ἀκόλουθον
826 2134 924 2206 τῆς
954 2136 1250 2207 ἑρμηνείας
1294 2138 1584 2205 ἀναγκαῖόν
1618 2142 1732 2192 ἐστι
1778 2158 1957 2213 παρα·-

385 2221 620 2293 πλησιον
646 2218 780 2276 εἶναι
813 2227 878 2296 τῇ
911 2224 1239 2298 ἀποστολικῇ
1267 2227 1537 2299 διηγήσει.
1591 2228 1648 2282 '0
1704 2230 1959 2285 Ἀπόστο-

381 2310 482 2374 λος
508 2312 576 2366 τά
606 2312 732 2387 περὶ
771 2313 877 2367 τῶν
908 2315 1133 2387 ἀζύμων
1163 2317 1458 2390 διηγήσατο
1484 2318 1655 2388 λέγων
1673 2336 1687 2351 ⁸
1733 2323 1959 2391 ’Βορεά-

381 2402 573 2473 ζωμεν
603 2404 693 2474 μὴ
722 2406 792 2460 ἐν
822 2405 967 2477 ζύμῃ
999 2407 1255 2476 παλαιᾷ,
1290 2411 1447 2480 μηδέ
1474 2413 1545 2466 ἐν
1567 2413 1711 2484 (om;
1743 2416 1956 2482 κακίας

382 2494 485 2547 καὶ
533 2496 858 2564 πονηρίας.
894 2498 1033 2552 ἀλλ’
1073 2499 1144 2553 ἐν
1181 2497 1420 2570 ἀζύμοις
1461 2504 1807 2573 είλικρινίας
1854 2506 1953 2560 καί

377 2584 462 2638 (1.1
472 2587 693 2653 ηθείας.
750 2586 879 2641 Δέον
929 2588 1079 2642 ἐστὶν
1127 2589 1416 2644 ἀποδοῦναι
1478 2592 1570 2647 τὸν
1617 2593 1772 2664 λόγον
1823 2598 1953 2670 περὶ

378 2677 491 2730 τῶν
522 2677 786 2749 πικρίδων
816 2678 1122 2745 ἀκολούθως
1147 2681 1226 2753 τῷ
1248 2681 1317 2735 τὰ
1342 2681 1535 2755 ἄζυμα
1551 2679 1690 2739 εἶναι
1722 2686 1948 2760 εἱλικρι-

379 2768 504 2833 νίας
541 2769 635 2822 καὶ
673 2769 930 2842 ἀληθείας
949 2789 964 2805 ’
993 2771 1082 2844 ἔχε
1106 2772 1162 2827 δὲ
1196 2772 1515 2848 είλικρινίαν
1543 2776 1635 2830 καὶ
1664 2778 1947 2852 ἀλήθειαν,

380 2861 475 2913 καὶ
504 2861 750 2934 πικρίδες
774 2861 985 2915 ἔσονταί
1014 2879 1121 2929 σοι,
1150 2863 1246 2918 καὶ
1270 2865 1472 2931 ἐσθίεις
1504 2868 1644 2940 μετά
1687 2871 1948 2943 πικρίδων

375 2951 444 3004 τὰ
491 2951 678 3023 ἄζυμα
717 2951 820 3023 τῆς
847 2952 1168 3025 εἰλικρινίας
1195 2954 1290 3009 καὶ
1318 2955 1606 3027 ἀληθείαςο
1640 2954 1753 3014 οἷον
1798 2961 1947 3015 ﬂat?-

375 3041 504 3108 λος,
540 3043 840 3115 ἐπειδήπερ
865 3045 1022 3118 ἤσθιε
1053 3047 1121 3100 τὰ
1151 3047 1334 3119 ἄζυμα
1360 3049 1682 3122 εἰλικρινίας
1710 3052 1803 3105 καὶ
1826 3051 1949 3124 ἀληο
1975 3076 2016 3133 C

372 3130 564 3198 θείας,
600 3133 694 3186 καὶ
731 3134 984 3207 πικρίδας
1027 3136 1206 3208 ῆσθιε,
1240 3139 1357 3202 πῶς
1389 3138 1640 3210 πικρίδας
1675 3139 1829 3211 ἧσθιε
1859 3141 1946 3194 λέ-

373 3240 490 3291 γων
512 3241 526 3256 ο
574 3226 813 3295 Ἐχθρὸς
835 3228 999 3297 ὑμῶν
1026 3228 1243 3299 γέγονα
1263 3230 1576 3298 ἀληθεύων
1612 3231 1795 3301 ὑμῖν;
1829 3231 1948 3296 πῶς

372 3317 633 3389 πικρεδας
658 3316 841 3389 ἢσθιεν
867 3319 937 3373 ἐν
964 3320 1148 3387 κόπῳ,
1174 3322 1271 3374 καὶ
1294 3322 1517 3391 μόχθῳ,
1549 3322 1647 3376 καὶ
1670 3322 1741 3376 ἐν
1762 3324 1946 3392 ἀγρυ-

372 3409 584 3474 πνίαις
626 3408 949 3474 πολλάκις,
997 3410 1067 3463 ἐν
1104 3411 1258 3480 λιμῷ
1286 3411 1385 3465 καὶ
1410 3411 1603 3481 δίψει,
1634 3413 1802 3486 χωρὶς
1838 3413 1946 3466 τῶν

371 3498 660 3570 παρεκτὸς
688 3540 704 3566 ,
734 3501 785 3553 εί
805 3500 979 3555 ταῦτα
1005 3497 1197 3573 οὐκῆν
1222 3502 1448 3574 ἀλήθεια
1483 3504 1621 3575 μετά
1648 3505 1940 3577 πικρίδωνς

376 3590 601 3662 ’Δζυμα
623 3591 761 3664 μετά
785 3593 1046 3666 πικρίδων
1067 3594 1270 3649 ἔδεσθε.
1294 3595 1405 3650 Καὶ
1422 3597 1523 3649 οὐκ
1544 3592 1943 3668 εἷπεν-’Δζυμα

374 3683 520 3754 μετά
549 3684 812 3755 πικρίδων
839 3684 1042 3750 ἔδεσθε,
1075 3685 1180 3750 ἕως
1213 3685 1561 3758 ὲμπλησθῆτε
1581 3727 1596 3751 ,
1631 3687 1819 3762 ὥσπερ
1850 3690 1944 3743 ἐπὶ

370 3776 485 3830 τῶν
512 3775 686 3831 ἀλλων
714 3776 979 3832 λέλεκται·
1006 3778 1271 3850 Φάγεσθε
1295 3779 1392 3833 καὶ
1416 3780 1937 3849 ἐμπλησθήσεσθε.

381 3871 438 3926 ’0
476 3872 762 3944 προφήτης
795 3873 1193 3945 προσεπιτείνει
1222 3874 1394 3943 λέγων
1424 3876 1557 3946 οὐχ,
1592 3875 1675 3929 ὅτι
1711 3878 1939 3949 πικρίαν

370 3963 596 4033 ἔφατον,
636 3963 771 4020 ἀλλά
793 3981 806 3995 ο
836 3966 1081 4033 Πικρίας
1106 3965 1494 4035 ἐνεπλήσθην
1514 3982 1526 3997 ο
1562 3966 1661 4039 ὅση
1690 3967 1936 4040 δύναμις,

369 4055 483 4108 τῶν
524 4055 733 4126 πικρῶν
767 4054 1169 4128 μετελάμϐανον
1201 4056 1541 4127 πραγμάτων
1557 4095 1572 4120 ,
1612 4057 1753 4111 ὥστε
1803 4059 1940 4130 μετά

373 4145 760 4218 πληρεστάτων
787 4147 1050 4218 πικρίδων
1081 4146 1418 4219 μεταλαϐεῖν.

442 4238 570 4292 Ἵνα
598 4238 656 4291 τί
678 4241 731 4292 οι
754 4237 1080 4308 μισοῦντές
1107 4255 1186 4308 με
1207 4238 1607 4308 κατισχύουσί
1623 4256 1700 4307 με
1720 4255 1741 4304 ;
1761 4238 1941 4293 Πολλά

2077 511 2329 568 sedemus
2354 512 2555 582 quippe
2584 528 2707 568 cum
2727 513 3009 584 plurimis.
3067 520 3293 584 Quando
3320 532 3500 579 autem
3527 527 3636 582 vita

2076 604 2261 651 nostra
2286 595 2449 652 fuerit
2479 599 2810 665 istiusmodi,
2842 610 2902 656 ut
2923 603 3104 659 nullus
3129 605 3285 667 nobis
3312 623 3495 678 sensu,
3524 626 3639 667 ser-

2073 698 2257 751 mone,
2306 686 2471 756 gestis
2516 697 2847 758 coaequetur,
2905 701 3037 747 tunc
3078 709 3372 764 possumus
3412 696 3634 755 dicere:

2073 773 2231 831 Solus
2268 779 2530 833 sedebam.
2586 779 2735 837 Licet
2762 783 2813 837 ei
2840 783 2933 853 qui
2967 801 3076 839 non
3107 795 3191 842 est
3220 788 3518 860 presbyter,
3542 803 3636 847 aut

2071 865 2380 936 cpiscopus,
2414 869 2577 939 220
2600 881 2694 927 aut
2715 871 2999 939 diaconus,
3039 883 3134 930 aut
3154 877 3259 932 alia
3283 878 3522 947 qualibet
3541 882 3629 938 de-

2071 962 2290 1009 coratus
2341 954 2599 1013 Ecclesiae
2640 958 2933 1030 dignitate,
2975 962 3111 1019 bene
3150 964 3351 1022 viventi
3405 966 3628 1026 dicere:

2073 1040 2231 1097 Salus
2262 1045 2504 1098 sedebam
2532 1049 2657 1118 quia
2687 1052 3050 1107 amaritudine
3077 1054 3263 1123 plenus
3300 1073 3419 1110 sum
3447 1059 3513 1112 ⁷³.
3573 1059 3630 1115 Si

2071 1141 2218 1187 arcta
2245 1142 2301 1190 et
2327 1145 2555 1206 angusta
2587 1149 2672 1194 est
2699 1141 2783 1195 via
2816 1154 2938 1212 qua;
2964 1143 3112 1200 ducit
3143 1147 3211 1201 ad
3245 1146 3432 1212 vitam,
3464 1164 3631 1221 expe-

2070 1223 2147 1279 dit
2181 1225 2278 1280 tibi
2306 1226 2376 1281 ab
2398 1228 2549 1282 omni
2580 1229 2866 1287 dulcedine
2908 1235 3200 1301 recedenti,
3231 1247 3288 1292 ut
3317 1240 3630 1296 amaritudi-

2068 1329 2137 1370 ne
2164 1314 2218 1368 in
2248 1319 2499 1386 praesenti
2522 1321 2720 1376 sarculo
2747 1325 3088 1394 complearis.
3128 1328 3211 1382 An
3244 1329 3463 1401 ignoras
3489 1351 3626 1405 quo-

2067 1406 2211 1461 niam
2250 1408 2566 1467 solemnitas
2592 1411 2682 1466 Dei
2710 1413 2980 1484 adjuuetis
3009 1421 3462 1480 amaritudinibus
3485 1427 3627 1482 cele-

2065 1487 2286 1552 bratur?
2312 1498 2401 1552 Ait
2434 1500 2635 1570 quippe
2659 1518 2841 1559 sermo
2868 1504 3085 1564 divinus
3111 1509 3158 1541 -"
3190 1529 3203 1564 :
3237 1510 3370 1566 Cum
3390 1514 3628 1571 habueri-

2065 1589 2132 1641 tis
2163 1589 2302 1642 diem
2334 1590 2555 1659 festum,
2578 1610 2767 1664 azyma
2796 1614 2953 1667 super
2978 1602 3386 1677 amaritudinem
3409 1609 3626 1662 mandu-

2062 1679 2270 1735 cubitis.
2346 1681 2523 1737 Simul
2569 1693 2750 1741 autem
2804 1688 3277 1748 considerandum
3312 1704 3442 1764 puto
3493 1698 3623 1768 quid

2061 1772 2187 1827 velit
2218 1775 2334 1831 haec
2359 1774 2537 1846 jussio
2567 1792 2688 1847 quae
2716 1782 2970 1852 praecepit
3009 1792 3255 1855 agentem
3288 1785 3497 1845 Pascha
3525 1788 3619 1846 Dei

2058 1877 2248 1935 azyma
2271 1881 2395 1920 eum
2430 1868 2887 1928 amaritudinibus
2916 1876 3267 1933 manducare.
3310 1878 3377 1934 Et
3401 1880 3470 1936 de
3490 1898 3617 1954 azy~

2059 1957 2162 2011 mis
2194 1957 2322 2028 quid
2352 1968 2436 2014 est
2475 1962 2596 2015 mea
2642 1962 3050 2033 interpretatio?
3097 1969 3390 2037 Apostolus
3418 1971 3620 2029 Paulus

2056 2049 2327 2117 exposuit.
2387 2049 2465 2107 De
2504 2053 2869 2111 amaritudine
2909 2072 3037 2112 vero
3081 2059 3229 2128 quod
3253 2063 3499 2131 sequitur
3525 2082 3621 2121 ne-

2056 2152 2209 2194 cesse
2236 2145 2321 2194 est
2353 2148 2412 2194 ut
2440 2141 2651 2213 aliquid
2694 2145 3008 2215 apostolica:
3055 2148 3405 2219 disputationi
3440 2156 3621 2213 simile

2058 2229 2334 2289 reddatur.
2386 2230 2463 2288 De
2492 2235 2700 2305 azymis
2725 2235 2910 2306 itaque
2931 2237 3238 2304 Apostolus
3256 2243 3329 2298 ita
3355 2243 3490 2300 dicit
3518 2246 3566 2279 ⁷⁸
3600 2267 3615 2302 ;

2059 2319 2221 2377 Festa
2263 2321 2576 2379 celebremus
2621 2341 2724 2381 non
2765 2328 2823 2382 in
2863 2329 3116 2399 fermento
3145 2337 3333 2397 veteri,
3372 2352 3533 2409 neque
3561 2342 3619 2396 in

2055 2412 2309 2481 fermento
2334 2413 2557 2471 malitiae
2585 2426 2635 2471 et
2667 2419 2934 2490 nequitiae,
2978 2423 3069 2477 sed
3092 2424 3147 2479 in
3177 2429 3379 2497 azymis
3404 2432 3620 2488 sinceri-

2056 2504 2182 2557 tatis
2208 2513 2259 2560 et
2282 2506 2536 2561 veritatis.
2590 2507 2666 2563 De
2694 2511 3152 2571 amaritudinibus
3183 2532 3406 2575 necesse
3442 2532 3528 2577 est
3559 2535 3617 2579 ut

2055 2595 2178 2650 talis
2208 2596 2347 2651 ratio
2377 2598 2631 2653 reddatur
2650 2638 2666 2665 ,
2721 2616 2842 2670 quae
2885 2603 3077 2659 doceat
3105 2606 3187 2662 sic
3217 2623 3313 2666 eas
3339 2609 3619 2669 celebran-

2051 2684 2150 2747 das
2171 2685 2447 2755 quomodo
2470 2702 2659 2759 azyma
2690 2691 3064 2750 eomedantur.
3106 2695 3311 2754 Habeto
3337 2702 3620 2758 sincerita-

2052 2784 2158 2832 tem
2192 2785 2248 2832 et
2273 2776 2580 2844 veritatem,
2618 2779 2678 2836 ἐι
2701 2782 3093 2841 amaritudines
3115 2794 3167 2842 te
3195 2802 3512 2860 sequentur,
3561 2803 3619 2850 et

2049 2867 2407 2926 manducabis
2426 2885 2614 2942 azyma
2637 2887 2761 2928 cum
2781 2874 3091 2933 sinceritate
3121 2887 3176 2934 et
3201 2882 3447 2939 veritate.
3474 2882 3614 2952 Quia

2049 2956 2250 3014 Paulus
2296 2961 2611 3019 istiusmodi
2660 2979 2851 3036 azyma
2884 2969 3233 3037 comedebat,
3286 2976 3615 3045 sequebatur

2049 3063 2173 3103 eum
2194 3050 2503 3106 amaritudo
2524 3051 2789 3109 dicentem
2818 3072 2832 3108 :
2857 3053 3118 3115 Inimicus
3141 3063 3280 3117 vobis
3302 3064 3473 3134 factus
3496 3084 3612 3122 sum

2050 3155 2169 3195 vera
2195 3140 2372 3195 dicens
2396 3142 2465 3196 ".
2526 3141 2885 3201 Manduc‘abat
2924 3151 3312 3210 amaritudines
3334 3156 3388 3210 in
3411 3157 3610 3225 dolore,

2048 3230 2103 3283 iu
2136 3229 2336 3299 labore,
2380 3233 2435 3286 in
2478 3234 2675 3304 uigiliis
2719 3236 3040 3308 frequenter,
3091 3242 3147 3296 in
3175 3243 3314 3312 fame
3339 3257 3388 3300 et
3416 3249 3510 3302 siti
3538 3251 3608 3315 ",

2046 3325 2199 3373 extra
2224 3328 2418 3376 caetera
2440 3337 2563 3391 quae
2585 3339 2682 3393 pro
2712 3326 2879 3381 totius
2907 3330 3096 3385 mundi
3122 3333 3297 3389 salute
3323 3339 3611 3409 pendebat,

2047 3418 2102 3464 et
2147 3423 2268 3478 qua:
2314 3426 2439 3466 eum
2489 3411 2763 3471 faciebant
2804 3421 3087 3488 praesidem
3132 3426 3374 3483 veritatis
3420 3445 3608 3502 azyma

2045 3516 2171 3557 cum
2214 3502 2669 3561 amaritudinibus
2719 3509 3071 3569 manducare.
3141 3513 3207 3570 Et
3262 3516 3347 3573 lex
3389 3520 3606 3588 quidem

2044 3593 2161 3649 haec
2185 3594 2317 3650 dicit
2336 3614 2349 3649 :
2366 3595 2567 3667 Azyma
2591 3610 2717 3653 cum
2740 3602 3194 3663 amaritudinibus
3220 3610 3486 3666 comedite
3505 3653 3520 3678 ,
3555 3624 3612 3667 et

2046 3685 2370 3757 implemiui,
2398 3689 2541 3745 sicut
2565 3699 2619 3746 et
2647 3692 2756 3747 alio
2782 3694 2904 3750 loco
2931 3696 3130 3753 dicitur
3151 3700 3217 3755 de
3237 3702 3563 3771 quibusdam
3590 3726 3604 3762 :

2047 3776 2368 3834 Manducate
2406 3790 2456 3835 et
2481 3782 2689 3852 implete
2733 3801 2840 3840 vos.
2891 3786 3158 3859 Propheta
3188 3807 3319 3846 vero
3350 3809 3458 3849 non
3492 3798 3603 3855 ait:

2042 3866 2475 3926 Amaritudinem
2509 3874 2755 3942 comedi,
2797 3877 2892 3932 sed
2924 3895 2937 3930 :
2964 3879 3334 3937 Amaritudine
3377 3887 3604 3956 repletus

2041 3975 2193 4024 sum;
2245 3963 2349 4017 hoc
2389 3972 2509 4028 est,
2561 3963 2616 4017 in
2667 3978 2753 4020 me
2796 3976 3006 4022 tantum
3051 3973 3233 4026 saeculi
3266 3980 3604 4043 persecutio-

2041 4066 2170 4106 num
2210 4053 2425 4121 pondtis
2470 4055 2750 4121 incubuit,
2796 4066 2856 4113 ut
2893 4058 3085 4129 plenus
3112 4066 3475 4126 amaritudine
3503 4071 3603 4128 tie-

2043 4155 2178 4197 rem.

2112 4233 2198 4289 l7.
2262 4234 2441 4303 Quare
2494 4237 2584 4307 qui
2641 4254 2720 4293 me
2773 4243 3090 4298 contristent
3139 4249 3510 4319 eonfortantur
3551 4255 3604 4309 in

373 4328 519 4412 ἔσχε⁹
545 4329 844 4411 πράγματα
868 4371 883 4394 ,
936 4329 1172 4401 ἔπασχεν
1219 4330 1329 4383 ἀπὸ
1381 4329 1489 4383 τῶν
1551 4329 1811 4385 θελόντων
1857 4329 1935 4402 (2)
1968 4402 2005 4415 _

1968 4402 2005 4415 ἡ
2040 4342 2120 4380 me
2140 4326 2223 4380 "‘t
2276 4326 2441 4383 Multa
2476 4344 2674 4400 passus
2720 4343 2805 4389 est
2827 4332 3094 4394 Jeremias
3120 4340 3190 4396 ab
3218 4340 3307 4399 bis
3338 4343 3433 4415 qui
3463 4347 3604 4402 veri-

370 4406 587 4472 ἀκούειν
608 4418 670 4471 τὸ
698 4408 894 4489 ἀληθὲς
913 4456 927 4480 ,
954 4418 1045 4472 καὶ
1073 4418 1314 4489 ἥκουσαν
1340 4416 1506 4473 αὑτοῦ
1538 4421 1756 4474 ἐκείνοι.
1774 4423 1937 4473 Δυνα-
1968 4402 2010 4457 D

1968 4402 2010 4457 ο
2038 4427 2204 4474 tatem
2230 4420 2423 4476 audire
2455 4422 2747 4493 nolebant,
2790 4436 2843 4483 et
2865 4442 3023 4485 erant
3057 4431 3149 4487 illo
3176 4433 3230 4488 in
3264 4402 3373 4492 hoc
3407 4438 3603 4494 saeculo

369 4509 596 4583 τὼτεροι
623 4510 679 4564 δὲ
708 4508 938 4564 ἐνταῦθα
975 4510 1034 4563 ὲν
1060 4510 1137 4582 τῷ
1166 4510 1322 4565 αἰῶνι
1361 4509 1537 4582 τούτῳ
1555 4553 1571 4575 ,
1615 4510 1803 4582 ἐπειδὴ
1834 4511 1934 4564 οὐκ

371 4599 516 4656 ἔστιν
560 4602 594 4673 ὴ
638 4596 883 4672 βασιλεία
927 4599 1021 4655 τοῦ
1061 4600 1198 4655 Θεοῦ
1236 4603 1300 4656 ὲκ
1331 4601 1424 4656 τοῦ
1468 4601 1664 4665 αἰῶνος
1709 4601 1932 4665 τούτου,

369 4691 503 4747 ἀλλά
534 4691 642 4746 ἀπὸ
683 4691 793 4747 τῶν
833 4692 1187 4765 κρειττόνων,
1217 4692 1294 4758 ὣς
1332 4710 1500 4765 φησιν
1535 4695 1565 4747 ὁ
1605 4693 1826 4765 Σωτήρ’
1864 4694 1936 4746 El

369 4780 444 4854 ἦν
469 4786 540 4840 ἐκ
569 4784 677 4840 τοῦ
715 4785 947 4855 κόσμου
977 4785 1191 4840 τούτου
1231 4787 1270 4855 ἠ
1291 4784 1582 4850 ,βασιλεία
1622 4785 1661 4852 ἠ
1685 4784 1799 4854 ἐμὴ
1819 4824 1835 4849 ,
1879 4786 1935 4837 οί

2038 4507 2312 4579 fortiores,
2349 4512 2605 4582 quoniam
2636 4531 2745 4573 non
2773 4534 2999 4590 regnum
3036 4521 3129 4579 Dei
3156 4524 3223 4581 de
3252 4528 3450 4583 saeculo
3475 4530 3600 4598 isto,

2040 4601 2133 4656 sed
2164 4602 2232 4659 de
2262 4603 2368 4658 alia
2389 4605 2625 4675 quadam
2658 4608 2952 4668 viventium
2986 4616 3237 4685 regione,
3272 4628 3330 4674 ut
3354 4618 3603 4679 Salvator

2040 4690 2120 4747 ait
2151 4710 2167 4745 :
2196 4691 2257 4748 Si
2279 4702 2415 4748 esset
2443 4696 2508 4750 de
2536 4698 2634 4752 hoc
2657 4703 2853 4755 mundo
2883 4719 3100 4772 regnum
3132 4722 3322 4773 meum,
3373 4704 3603 4769 ministri

2040 4783 2142 4837 mei
2162 4781 2462 4840 laborarent
2509 4803 2566 4844 ut
2596 4805 2700 4844 non
2735 4792 2971 4870 traderer
2996 4795 3240 4864 Judteis;
3284 4803 3599 4862 confortan-

436 4923 486 5009 ζ³
513 4920 624 4978 Jer.
657 4938 746 4988 xv,
787 4923 877 5009 l2;
943 4924 991 4956 τ’
1031 4922 1201 4978 Exod.
1235 4937 1338 4988 ιιι,
1363 4922 1419 4978 8.
1490 4923 1539 4954 "
1569 4921 1589 4976 l
1620 4920 1749 4983 Cor.
1781 4937 1835 4987 ν,
1860 4919 1914 4974 8.
2000 4921 2046 4952 ⁷⁸
2076 4919 2102 4976 ε

1946 4896 1965 4907 δ
2000 4921 2046 4952 ⁷⁸
2076 4919 2251 4976 Galat.
2298 4938 2371 4990 tv,
2398 4922 2485 4980 l6.
2560 4927 2607 4959 ⁷⁷
2635 4925 2676 4980 ΙΙ
2714 4925 2842 4984 Cor.
2870 4929 3063 4999 x527.
3160 4937 3208 4970 ⁷⁸
3234 4936 3345 4995 Jer.
3377 4955 3469 5009 xv,
3507 4943 3594 5002 l8.

371 4990 414 5021 "
439 4989 596 5048 Joan.
627 5007 781 5057 xvm,
808 4991 897 5046 36.

439 5126 514 5199 (l)
554 5128 674 5182 Ὅτι
720 5129 760 5196 ἠ
797 5126 970 5250 animi
1012 5142 1129 5181 σου
1162 5126 1311 5208 μετὰ
1355 5126 1642 5196 stupido)?
1683 5127 1926 5198 γίνεται.

439 5198 542 5250 ίοιι.
577 5214 689 5250 xu.
721 5197 791 5250 8.
894 5195 986 5250 XX
1040 5195 1421 5250 reddiderunt.
1460 5196 1598 5250 αετά
1644 5196 1926 5250 πικρίδων.

374 5192 542 5253 Εκόᾶ.
577 5214 689 5264 xu,
721 5192 791 5262 8,
845 5192 986 5250 LXX
1040 5192 1421 5266 reddiderunt,
1454 5192 1598 5270 μετά
1644 5192 1927 5269 πικρίδων,

374 5289 512 5356 quod
556 5287 817 5345 Hebraice
856 5298 941 5343 est
976 5297 1176 5347 manu
1208 5272 1324 5348 '78:
1371 5287 1656 5344 Ionatham
1692 5307 1707 5344 :
1738 5272 1930 5354 ποιοίη

373 5362 595 5459 ῖνωδΊνΊ,
624 5395 743 5432 cum
766 5377 1045 5468 part/uenio.
1063 5386 1113 5432 et
1142 5377 1322 5433 intibis
1343 5393 1362 5442 ;
1383 5376 1777 5451 Hieronymus:
1809 5396 1929 5434 cum

373 5465 954 5541 lactat-isagrestibus,
1012 5465 1368 5541 Cyprianus:
1417 5486 1534 5524 cum
1595 5472 1925 5541 picridibus;

2033 5124 2293 5180 ducabitis
2326 5130 2473 5211 enim_
2489 5145 2676 5200 azyma
2707 5147 2825 5185 cum
2854 5137 3232 5205 amaritudine,
3263 5144 3368 5196 sive
3388 5142 3592 5211 picriis.

2031 5203 2232 5273 quam
2259 5197 2508 5273 generale
2535 5197 2731 5255 nomen
2753 5212 2855 5266 est,
2887 5221 2995 5273 quo
3026 5197 3442 5272 aunara'omni'a.
3463 5222 3517 5266 et
3545 5197 3593 5268 si

2029 5265 2151 5338 ejus
2184 5265 2400 5338 mentio
2424 5269 2516 5332 ιιι,
2563 5284 2749 5324 amara
2782 5265 2963 5328 omnia
2993 5277 3168 5333 edulia
3200 5265 3589 5338 continentur:

2034 5334 2087 5391 id
2120 5343 2300 5415 autem
2347 5336 2435 5415 phis
2465 5338 2598 5393 locis
2627 5340 2693 5394 ad
2740 5351 2941 5415 certam
2976 5348 3209 5415 speciem
3242 5334 3591 5406 LXXiintWer-Q

2029 5413 2210 5488 pretes
2233 5414 2568 5488 revocarunt
2588 5449 2604 5473 ,
2633 5413 2889 5488 πικρίδας
2928 5413 3153 5488 nempe,
3181 5419 3324 5488 quod
3353 5420 3594 5478 deterius

2029 5426 2210 5476 pretes
2243 5426 2566 5461 revocarunt
2588 5449 2604 5473 ,
2633 5426 2731 5462 πικ
2775 5426 2889 5477 ιοας
2928 5430 3049 5469 nem
3135 5456 3153 5482 ,
3181 5426 3324 5488 quod
3353 5426 3594 5478 deterims

2028 5484 2112 5531 est
2142 5475 2366 5559 lactugas
2391 5490 2563 5546 genus
2593 5496 2606 5532 :
2641 5426 2781 5532 [ιΧςί
2813 5490 2992 5538 autem
3046 5432 3405 5559 {licerenymus
3436 5505 3596 5546 secu-

374 5534 689 5611 dmbrosius
712 5559 725 5571 ο
794 5556 913 5593 eum
957 5534 1347 5611 ania‘jitudine,
1381 5534 1835 5611 quemadmodum
1870 5534 1925 5600 et
2025 5557 2115 5600 tus
2143 5556 2248 5600 est.
2280 5534 2541 5600 "usurus.

374 5604 611 5688 plerique
662 5609 1000 5688 interpretes.
1038 5608 1293 5688 _l{ulinus
1334 5604 1621 5688 liomiliam
1675 5611 1922 5688 Origenis

371 5674 680 5746 t'igesimam
715 5674 925 5732 tertiam
957 5679 1009 5731 in
1035 5677 1303 5733 Numeros
1333 5679 1694 5750 interpretans
1721 5699 1734 5735 :
1771 5674 1924 5742 blan-

681 5770 952 5832 ΡΑτιιοι..
986 5762 1102 5831 Gn.
1142 5773 1311 5834 Xlll.

2090 5615 2173 5700 (ἑ)
2199 5615 2355 5700 ,Ἀπῤ
2396 5613 2516 5700 Itin:
2562 5619 2879 5676 θελόντων.
2914 5622 3145 5695 Legebat
3181 5606 3543 5700 Hieronymus
3574 5647 3590 5686 :

2024 5688 2134 5744 ἀπὸ
2156 5684 2262 5738 τῶν
2295 5684 2370 5757 μὴ
2396 5683 2679 5742 θελόντων.

3331 5795 3401 5855 ιῖι
