4218 6292
550 289 652 348 όΞἹ

1924 285 2244 346 (INGEle

3262 230 3345 268 ι’ἶῖξ

3693 287 3795 344 ιὲθ

549 424 638 469 ιιιι·
665 425 795 483 ergo
824 411 1087 465 adversus
1106 423 1237 463 eum
1266 407 1324 461 in
1349 405 1552 461 mulo
1575 405 1697 460 isto.
1759 403 1824 460 Et
1855 406 1999 476 quod
2027 405 2116 471 ju-
2145 407 2190 462 Δ

2145 407 2190 462 Δ
2217 401 2502 468 ὑπηρέται
2535 403 2590 453 ol
2615 400 2742 469 ἐμοι
2773 397 3125 469 ἠγωνίζοντο
3173 401 3284 464 ἄν,
3338 401 3438 455 ἵνα
3475 399 3561 470 μὴ
3606 417 3796 471 παρα-

549 508 669 554 stus
715 497 945 552 debilior
987 496 1060 550 sit
1111 510 1140 549 a
1192 495 1641 565 persequentibus
1669 509 1750 561 se,
1805 496 1925 551 vide
1954 495 2110 564 221

549 599 850 660 martyrum
875 586 1176 657 passiones.
1215 585 1388 642 iudex
1415 587 1467 640 in
1495 587 1620 642 altis
1645 586 2009 642 tribunalibus
2037 603 2116 642 se-

544 681 658 746 det,
685 679 752 732 ad
781 685 1018 741 ruetum,
1039 685 1093 732 et
1121 677 1188 731 ad
1219 677 1442 732 delicias
1471 677 1823 747 prominens;
1852 678 2118 732 Christia-

551 779 654 825 nus
681 769 736 823 in
768 781 877 838 quo
899 767 1155 824 Christus
1186 769 1414 834 habitat,
1442 769 1721 836 judicatur
1747 769 1940 838 plenus
1965 784 2120 823 ama-

544 857 805 923 ritudine,
834 865 890 912 et
910 857 976 912 ad
1001 865 1227 912 mortem
1255 873 1426 928 usque
1457 857 1733 928 subjectus
1751 897 1768 919 ,
1795 857 2117 912 confortatis

542 945 788 1004 inimicis
819 949 936 1004 suis
963 949 1248 1004 adversum
1281 963 1357 1003 se.

617 1124 706 1181 18.
726 1124 896 1196 Plaga
917 1140 1033 1180 mea
1049 1126 1207 1194 ﬁrma
1225 1135 1301 1179 est
1314 1125 1382 1192 ⁸⁶;
1399 1125 1534 1178 unde
1553 1124 1824 1180 sanabor.’
1846 1123 1948 1192 Qui
1981 1139 2115 1180 con-

551 1221 822 1275 lortantur
848 1223 903 1274 in
933 1235 1020 1276 me
1047 1220 1267 1275 vulnera
1306 1219 1543 1275 inferunt
1570 1219 1796 1285 mihl,et
1811 1219 1966 1290 plaga
1996 1233 2116 1275 mea

548 1312 701 1366 ﬁrma
729 1320 830 1366 est.
863 1311 1073 1366 Sivede
1105 1325 1268 1366 cruce
1296 1307 1511 1364 Domini
1533 1309 2118 1378 praedicatum,sivede

545 1403 726 1470 iustis,
765 1400 878 1457 sive
902 1402 1211 1472 specialiter
1229 1402 1295 1456 de
1326 1398 1556 1456 Jeremia
1583 1401 1822 1456 volueris
1850 1403 2114 1472 accipere,

549 1509 654 1547 non
675 1492 987 1548 abhorrebit
1000 1507 1029 1546 a
1047 1506 1229 1546 sensu.
1247 1489 1416 1561 Plaga
1429 1507 1542 1544 mea
1557 1491 1714 1560 ﬁrma
1741 1499 1815 1544 est
1834 1508 1852 1556 ;
1876 1493 2012 1545 unde
2030 1507 2118 1545 sa-

547 1585 755 1639 nctor?
805 1583 871 1637 Et
901 1581 1152 1637 Salvator
1183 1591 1364 1652 petest
1397 1581 1580 1635 dicere
1614 1599 1628 1638 :
1671 1580 1818 1636 Unde
1845 1581 2116 1638 sanaborl

557 1674 1013 1730 resurrectionem
1066 1689 1218 1728 suam
1264 1681 1388 1743 post
1441 1672 1716 1727 clavorum
1787 1673 2115 1729 annuntians

2217 490 2370 545 δοθῶ
2398 490 2522 556 τοῖς
2558 491 2878 556 Ἰουδαίοις.
2915 492 2977 543 οι
3010 490 3307 556 λυποῦντες
3339 489 3431 548 οὖν
3459 493 3550 546 τὸν
3587 497 3800 567 προφή-

2215 598 2314 653 την
2359 583 2649 652 κατίσχυον
2687 581 2849 636 αὑτοῦ
2878 583 2936 634 ὲν
2968 580 3046 652 τῷ
3077 582 3266 653 κόσμῳ
3311 580 3507 654 τούτῳ.
3539 585 3663 636 Ὀτι
3689 585 3800 658 γὰρ

2219 674 2480 744 ἰσχύουσι,
2527 674 2748 745 βλέπετε
2803 675 2926 737 τοὺς
2964 675 3263 745 μάρτυρας.
3304 675 3362 728 '0
3392 675 3650 747 δικαστὴς
3699 695 3800 731 κα-

2217 765 2432 831 θέζεται
2483 767 2716 831 δικάζων
2735 807 2750 831 ,
2789 766 2885 819 καὶ
2912 764 3129 834 τρυφῶν
3171 765 3230 817 ἐν
3255 764 3333 836 τῷ
3364 766 3702 838 δικαστηρίῳ
3721 784 3735 797 σ
3768 769 3798 821 ό

2215 857 2569 928 Χριστιανὸς,
2597 850 2716 925 ὲνῷ
2738 860 2854 909 ἐστι
2885 854 3123 925 Χριστὸς
3149 854 3502 928 δικαζόμενος
3523 895 3538 919 ,
3569 859 3797 931 πικρίας

2216 947 2522 1020 ἐνεπλήσθη
2547 988 2562 1012 ,
2595 948 2690 1001 καὶ
2725 943 3276 1000 καταδεδυνάστευται
3305 946 3410 999 ὑπὸ
3434 947 3529 1000 τοῦ
3571 947 3760 1001 ἀδίκου
3781 989 3796 1013 ,

2218 1040 2312 1094 καὶ
2345 1036 2791 1102 καταδικάζεται.

2299 1131 2360 1186 Ὴ
2405 1128 2609 1200 πληγή
2655 1146 2776 1199 μου
2822 1128 3067 1198 στερεά·
3116 1130 3302 1185 πόθεν
3345 1131 3698 1201 ἰαθήσομαυ
3731 1133 3797 1186 οι

2217 1221 2602 1292 κατισχύοντες
2632 1237 2721 1292 με,
2753 1220 2848 1273 καὶ
2872 1221 2905 1293 ἡ
2932 1221 3111 1292 πληγή
3149 1237 3250 1292 μου
3285 1221 3406 1275 ἐστὶ
3439 1223 3652 1295 στερεά.
3672 1225 3794 1276 Εἴτε

2217 1311 2552 1384 προφητεύει
2582 1309 2674 1364 τὸν
2703 1311 2934 1382 σταυρὸν
2966 1310 3185 1364 ἑαυτοῦο
3222 1311 3415 1382 στερεὰ
3459 1312 3568 1383 γὰρ
3610 1313 3792 1384 πληγή

2217 1405 2363 1457 ἐστιν
2412 1404 2441 1456 ό
2489 1403 2719 1474 σταυρὸς
2767 1403 2888 1456 ὅσον
2937 1403 3030 1454 ἐπὶ
3075 1405 3192 1466 τοῖς
3241 1403 3562 1474 σταυροῦσιν
3606 1405 3788 1460 αὐτόν·

2216 1494 2326 1548 εἴτε
2367 1495 2494 1566 περὶ
2528 1495 2743 1549 πάντων
2772 1493 2878 1548 τῶν
2908 1492 3132 1548 δικαίων
3176 1493 3389 1562 λέγεται
3405 1537 3421 1564 ,
3449 1499 3508 1550 ὲν
3543 1492 3624 1561 οἷς
3656 1497 3775 1569 πλη-

2216 1585 2318 1657 γὴν
2352 1584 2578 1658 στερεὰν
2605 1584 2907 1656 λαμϐάνει’
2957 1584 3068 1638 εἴτε
3112 1585 3207 1640 καὶ
3248 1585 3341 1638 ἐπὶ
3384 1585 3477 1639 τοῦ
3512 1590 3792 1660 προφήτου

2215 1676 2446 1731 ἄκουσον
2499 1675 2657 1730 τοῦτο
2708 1675 2824 1746 (καὶ
2856 1677 2964 1748 γὰρ
2996 1677 3090 1731 καὶ
3114 1678 3275 1741 αὐτὸς
3307 1677 3539 1732 πέπονθε
3567 1680 3636 1733 τὰ
3663 1682 3796 1734 άναο

546 1766 804 1830 vulnera;
831 1775 883 1819 et
904 1765 1086 1834 justus
1109 1764 1201 1834 qui
1231 1773 1354 1834 post
1379 1764 1564 1834 plagas
1588 1765 1780 1835 recipit
1803 1766 2110 1820 sanitatem.
2145 1745 2187 1800 Β

2145 1745 2187 1800 Β
2215 1765 2574 1837 γεγραμμένα
2623 1767 2678 1818 ἐν
2709 1745 2774 1836 τῇ
2813 1745 3116 1838 προφητείᾳ
3153 1767 3194 1836 ),
3241 1767 3438 1825 ταύτόν
3488 1769 3793 1840 ἐπιδέχεται

549 1855 718 1910 Facta
758 1869 834 1909 est
885 1856 1014 1908 mihi
1055 1855 1401 1925 (subauditur
1432 1855 1610 1926 plaga)
1636 1856 1771 1911 sicut
1805 1869 1943 1927 aqua
1970 1873 2115 1911 men-

543 1947 654 1999 dax
675 1962 774 2000 non
807 1947 1002 2020 habens
1027 1946 1184 2015 ﬁdem
1215 1945 1285 2000 ⁸⁸.
1333 1945 1388 1999 Si
1415 1947 1634 2015 quidem
1666 1948 1820 2018 plaga
1854 1963 1974 2003 mea
2005 1964 2113 2004 non

544 2045 748 2099 manet,
782 2037 874 2091 sed
906 2051 1071 2106 super
1100 2051 1188 2090 me
1208 2037 1424 2092 transit.
1468 2035 1596 2091 Ideo
1637 2040 1749 2094 hate
1771 2040 1902 2094 dicit
1927 2041 2108 2096 Domi-

539 2143 639 2182 mts
662 2144 679 2182 :
704 2127 764 2182 Si
794 2143 1068 2182 conversus
1111 2129 1297 2198 fueris,
1338 2130 1614 2184 restituam
1643 2141 1692 2185 te
1709 2131 1778 2187 ".
1818 2131 1898 2187 Ad
1925 2147 2114 2189 omnes

542 2221 659 2274 inec
702 2220 938 2291 loquitur
985 2219 1150 2285 Deus,
1199 2233 1341 2290 quos
1361 2222 1558 2276 reverti
1597 2223 1712 2276 vult
1753 2223 1819 2278 ad
1855 2223 2110 2279 salutem.

547 2309 769 2368 Videtur
819 2323 998 2368 autem
1044 2311 1301 2382 quiddam
1339 2313 1648 2384 signiﬁcare
1689 2315 1930 2388 mysterii
1963 2315 2018 2370 in
2046 2326 2112 2371 eo

541 2408 688 2478 quod
714 2408 794 2462 ait
836 2425 850 2463 :
903 2407 1194 2463 Restituam
1227 2417 1306 2473 te;
1344 2421 1504 2463 nemo
1529 2409 1730 2478 quippe
1765 2408 1978 2463 restitui
2009 2423 2113 2478 po-

544 2507 671 2564 test,
709 2499 813 2554 nisi
845 2499 902 2552 in
931 2511 1055 2553 eum
1091 2499 1271 2554 locum
1305 2499 1448 2553 unde
1485 2505 1610 2554 ante
1638 2498 2000 2564 discesserat;
2055 2505 2114 2554 nt

540 2599 669 2658 puta
710 2587 756 2642 si
800 2589 1106 2643 membrum
1144 2589 1390 2659 corporis
1431 2588 1538 2643 mei
1572 2587 1736 2642 fuerit
1777 2603 1807 2643 a
1853 2604 2113 2660 compage

540 2677 897 2747 disiunctum,
934 2677 1182 2732 medicus
1229 2678 1360 2731 illud
1403 2679 1457 2732 in
1499 2678 1791 2746 pristinum
1819 2679 1997 2734 locum
2021 2695 2112 2735 re—

541 2769 765 2822 stituere
809 2776 1062 2824 conatur.
1123 2765 1178 2820 Si
1206 2765 1405 2834 aliquis
1436 2773 1719 2836 separatur
1749 2781 1779 2821 e
1814 2769 2022 2836 patria,
2057 2770 2112 2825 in

541 2856 792 2912 exsilium
820 2857 1076 2920 mittitur,
1096 2865 1152 2911 et
1177 2865 1365 2926 postea
1389 2869 1484 2927 per
1505 2857 1900 2928 indulgentiam
1923 2875 2110 2916 eorum

541 2948 636 3017 qui
665 2956 895 3016 possunt
917 2947 1138 3002 exsules
1167 2947 1396 3012 solvere,
1432 2947 1674 3003 redditur
1702 2950 1957 3019 libertati,
1985 2953 2112 3008 red»

542 3037 584 3089 it
626 3036 767 3090 unde
800 3033 975 3090 luerat
1004 3035 1284 3105 expulsus.
1327 3035 1478 3090 Miles
1512 3051 1730 3108 quoque
1766 3039 2008 3109 abiectus
2044 3057 2110 3096 ex

539 3126 731 3179 ordine
757 3138 862 3178 suo
893 3124 1199 3179 restituitur
1237 3124 1436 3187 ordini,
1476 3126 1521 3180 si
1550 3129 1823 3196 acceperit
1865 3131 2102 3186 veniam.

540 3216 616 3270 Ita
642 3225 695 3270 et
726 3230 870 3270 nunc
899 3216 1099 3272 dicitur
1126 3216 1193 3270 ad
1220 3216 1446 3270 mortale
1487 3231 1679 3286 genus,
1728 3217 1779 3273 id
1805 3229 1887 3275 est
1912 3223 1978 3274 ad
2007 3237 2108 3277 nos

541 3309 811 3374 homines,
855 3307 946 3378 qui
978 3323 1009 3362 a
1041 3307 1151 3362 Deo
1180 3306 1460 3361 fueramus
1505 3307 1680 3362 aversi
1715 3326 1730 3363 :
1763 3307 1821 3362 Si
1853 3312 2106 3366 conversi

539 3399 776 3463 l'ueritis,
831 3398 1118 3453 restituam
1146 3414 1266 3453 vos.
1319 3397 1473 3452 Finis
1497 3398 1696 3469 quippe
1725 3403 2106 3470 repromissio-

541 3490 627 3544 nis
673 3488 944 3543 restitutio
985 3498 1103 3553 est,
1147 3489 1284 3543 utin
1308 3488 1532 3545 Actibus
1571 3491 1942 3559 apostolorum
1976 3493 2107 3564 legi-

535 3595 701 3635 mus:
742 3578 914 3650 Usque
943 3579 1012 3632 ad
1043 3587 1277 3648 tempora
1322 3579 1671 3634 restitutionis
1714 3583 1949 3636 omnium
1988 3597 2108 3656 qua

533 3673 742 3726 loeutus
781 3679 857 3724 est
893 3671 1028 3724 Deus
1056 3686 1148 3739 per
1175 3685 1230 3724 os
1253 3679 1554 3723 sanctorum
1580 3671 1951 3740 prophetarum
1982 3692 2108 3730 suae

536 3779 656 3817 rum
678 3761 745 3829 ⁸³,
778 3762 832 3816 in
858 3761 1081 3817 Christo
1107 3759 1260 3824 Iesu,
1309 3763 1394 3814 cui
1425 3768 1508 3816 est
1533 3761 1704 3831 gloria
1737 3773 1792 3819 et
1813 3763 2104 3835 imperium

537 3853 592 3908 in
625 3855 822 3909 saecula
846 3854 1189 3909 saeculorum.
1231 3851 1428 3906 Amen.

2211 1859 2305 1911 τὸν
2335 1858 2461 1912 νοῦν
2487 1857 2628 1912 κατὰ
2657 1858 2755 1928 τὴν
2787 1857 3050 1927 λέγουσαν
3100 1858 3275 1925 λέξινο
3335 1861 3396 1915 Ἡ
3435 1863 3639 1933 πληγή
3671 1881 3792 1932 μου

2213 1945 2458 2014 στερεά·
2505 1947 2689 2000 πόθεν
2736 1946 3088 2015 ίαθήσομαιξ
3140 1947 3248 2000 Kal.
3303 1951 3331 2002 ό
3374 1950 3565 2022 Σωτὴρ
3603 1951 3752 2020 λέγει
3773 1967 3789 1982 ο

2212 2037 2405 2092 Πόθεν
2433 2034 2786 2105 ίαθήσομαι;
2827 2036 2938 2107 Τὴν
2984 2036 3276 2090 ἀνάστασιν
3331 2038 3432 2111 τὴν
3479 2043 3543 2094 ὲκ
3586 2041 3795 2114 νεκρῶν

2213 2124 2544 2197 προφητεύει
2581 2125 2718 2196 μετὰ
2742 2125 2845 2196 τὴν
2882 2125 3108 2198 στερεὰν
3137 2127 3382 2200 πληγήνσ
3431 2130 3539 2184 κᾶν
3567 2131 3662 2185 ἐπὶ
3698 2131 3792 2187 τοῦ

2213 2219 2424 2273 δικαίου
2444 2218 2500 2272 δὲ
2525 2217 2888 2289 λαμϐάνηται,
2921 2218 3059 2290 μετὰ
3086 2221 3183 2284 τὰς
3218 2220 3432 2292 πληγὰς
3457 2222 3664 2291 γίνεται
3697 2227 3794 2280 πά-

2212 2307 2295 2362 λιν
2329 2309 2490 2373 ίασις.
2528 2307 2808 2378 Ἐγεννήθη
2850 2324 2953 2377 μοι
2999 2311 3112 2363 οὐκ
3142 2308 3288 2380 ἕχον
3317 2311 3395 2384 (1)
3433 2314 3677 2368 πίστιν·
3727 2315 3794 2368 οὐ

2211 2401 2340 2475 γὰρ’
2365 2401 2513 2472 μένει
2557 2403 2591 2472 ἠ
2642 2399 2865 2471 πληγὴ,
2903 2400 3040 2456 ἀλλὰ
3073 2402 3426 2475 παρέρχεται.
3475 2407 3578 2459 Διὰ
3610 2407 3788 2461 τοῦτο

2211 2491 2352 2545 τάδε
2379 2491 2540 2561 λέγει
2562 2491 2780 2557 Κύριος
2799 2507 2812 2519 ·
2853 2490 2990 2544 Ἐὰν
3021 2491 3414 2562 ἐπιστρέψης,
3439 2496 3536 2549 καὶ
3567 2497 3792 2551 ἀποκα..

2211 2583 2496 2651 ταστήσω
2526 2599 2618 2635 σε.
2647 2579 2834 2634 Ταῦτα
2861 2580 3024 2634 πάλιν
3053 2582 3266 2651 λέγεται
3295 2586 3428 2656 πρὸς
3454 2587 3705 2652 ἕκαστον,
3728 2588 3789 2644 ὃν

2213 2673 2584 2744 παρακαλέσει
2616 2673 2646 2723 ὁ
2676 2671 2809 2736 Θεὸς
2841 2673 3168 2743 ἐπιστρέψαι
3196 2675 3332 2747 πρὸς
3363 2678 3545 2732 αὐτόν.
3577 2682 3798 2753 Monii-

2217 2781 2330 2834 ριον
2361 2763 2420 2816 δέ
2454 2781 2541 2833 μοι
2574 2763 2725 2817 δοκεῖ
2753 2761 2987 2817 ἐνταῦθα
3017 2763 3302 2833 δηλοῦσθαι
3331 2769 3388 2822 ἐν
3410 2769 3506 2840 τῷ,
3547 2771 3789 2826 Ἀποκα-

2212 2856 2492 2922 ταστήσω
2539 2873 2631 2911 σε.
2665 2856 2854 2922 Οὐδεὶς
2887 2856 3319 2913 ἀποκαθίσταται
3349 2863 3428 2925 εἰς
3469 2879 3591 2918 τινα
3625 2865 3790 2916 τόπον

2217 2948 2482 3019 μηδαμῶς
2505 2964 2634 3000 ποτε
2659 2948 2947 3018 γενόμενος
2967 2950 3083 3003 ἐκεῖ
3103 2966 3116 2979 ·
3141 2949 3255 3004 ἀλλ’
3282 2952 3316 3022 ἡ
3346 2953 3788 3018 ἀποκατάστασις

2139 3073 2181 3130 c
2216 3041 2360 3094 ἐστιν
2388 3042 2468 3105 είς
2497 3040 2564 3094 τά
2595 3043 2769 3094 οἰκεῖα
2791 3058 2804 3071 °
2845 3037 2956 3096 οἷον
2988 3042 3251 3116 ἔξαρθρόν
3296 3060 3395 3114 μου
3431 3045 3527 3098 ἐὰν
3565 3044 3790 3116 γένηται

2219 3130 2376 3202 μέλος
2393 3171 2405 3192 ,
2433 3133 2462 3184 ό
2491 3130 2672 3199 ἰατρὸς
2699 3133 2956 3202 πειρᾶται
2979 3131 3421 3185 ἀποκατάστασιν
3450 3132 3671 3202 ποιῆσαι
3692 3132 3787 3188 τυῦ

2213 3219 2499 3292 ἐξάρθρου.
2541 3221 2709 3273 Ὂταν
2738 3219 2842 3284 ἔξω
2875 3238 2958 3284 τις
2987 3221 3210 3290 γένηται
3251 3219 3351 3289 τῆς
3377 3220 3654 3292 πατρίδος,
3679 3221 3789 3276 εἴτε

2211 3311 2432 3374 δικαίως
2484 3310 2595 3363 εἴτε
2647 3310 2885 3376 ἀδίκως,
2924 3311 3286 3384 ἀπολαμϐάνει
3328 3311 3384 3365 δὲ
3432 3312 3496 3365 τὸ
3528 3312 3789 3368 δύνασθαι

2213 3401 2374 3456 πάλιν
2400 3403 2458 3455 ἐν
2484 3404 2549 3472 τῇ
2581 3401 2796 3472 πατρίδι
2826 3399 2965 3455 εἶναι
2993 3402 3133 3456 κατὰ
3160 3403 3286 3465 τοὺς
3313 3402 3531 3472 νόμους,
3547 3405 3791 3458 ἀποκατ-

2213 3490 2342 3562 ἐστη
2371 3492 2462 3544 ἐπὶ
2490 3492 2590 3564 τὴν
2631 3491 2868 3562 πατρίδα
2890 3491 2988 3562 τὴν
3035 3491 3245 3546 ἑαυτοῦ.
3294 3493 3367 3544 Τὸ
3397 3493 3526 3546 αὐτὸ
3555 3494 3663 3547 νόει
3697 3511 3788 3564 μοι

2212 3584 2304 3636 καὶ¹
2333 3583 2426 3636 ἐπὶ
2449 3580 2783 3651 στρατιώτου
2806 3624 2821 3649 ,
2849 3582 3204 3652 ἐκϐληθέντος
3229 3582 3338 3636 άπὸ
3366 3583 3467 3654 τῆς
3500 3584 3637 3646 ιδίας
3680 3603 3786 3638 πα-

2214 3671 2490 3744 ρατάξεως
2510 3711 2526 3737 ,
2555 3671 3084 3742 άποκαθισταμένου.
3119 3673 3280 3740 Λέγει
3311 3668 3404 3726 οὖν
3431 3673 3617 3727 ἐνθάδε
3649 3657 3787 3748 πρὸς

2211 3765 2360 3835 ἡμᾶς
2399 3764 2527 3826 τοὺς
2571 3763 3003 3834 ἐπιστρέψαντας
3023 3801 3038 3825 ,
3068 3763 3150 3816 ὅτι
3171 3803 3186 3826 ,
3219 3762 3312 3816 ἐὰν
3345 3763 3782 3835 ἐπιστρέψωμεν,

2215 3855 2656 3925 ἀποκαταστήσει
2685 3855 2854 3925 ἡμᾶς.
2887 3855 2996 3908 Καὶ
3023 3853 3130 3926 γὰρ
3155 3853 3219 3908 τὸ
3247 3854 3398 3918 τέλος
3428 3855 3527 3926 τῆς
3555 3857 3787 3924 ἐπαγγε-

532 3948 653 4011 λίας
696 3947 932 4001 τοιοῦτόν
975 3948 1158 4009 ἐστιν,
1198 3944 1274 4008 ὡς
1318 3946 1376 3997 ἐν
1421 3947 1542 4009 ταῖς
1594 3945 1860 4015 Πράεεσι
1889 3947 2000 4002 τῶν
2055 3949 2367 4007 ἀποστόλων
2397 3948 2705 4019 γέγραπται
2751 3946 2810 3999 ἐν
2867 3947 2975 4016 τῷ,
3011 3949 3171 4015 Ἄχρι
3227 3946 3461 4015 χρόνων
3495 3947 3786 4001 ἀποκατα-

530 4037 801 4103 στάσεως
853 4036 1092 4090 πάντων
1137 4031 1226 4090 ὧν
1254 4035 1560 4104 ἐλάλησεν
1589 4039 1623 4091 d
1671 4035 1816 4104 Θεὸς
1855 4038 1953 4093 διὰ
1996 4043 2293 4112 στόματος
2337 4037 2456 4092 τῶν
2493 4037 2676 4108 ἁγίων
2720 4035 2906 4092 αὐτοῦ
2945 4036 3049 4090 ἀπ’
3085 4035 3300 4104 αἰῶνος
3335 4037 3676 4108 προφητῶν,
3723 4040 3785 4094 ἐν

531 4129 751 4204 Χριστῷ
798 4127 971 4201 Ἰησοῦ
991 4171 1007 4198 ,
1051 4121 1093 4197 ᾧ
1137 4131 1281 4182 ἐστιν
1319 4131 1352 4198 ἠ
1402 4127 1527 4194 δόξα
1559 4129 1654 4184 καὶ
1687 4129 1748 4183 τὸ
1780 4131 1980 4202 κράτος
2023 4136 2105 4199 είς
2138 4136 2263 4199 τοὺς
2292 4133 2493 4195 αίῶνας
2518 4130 2625 4184 τῶν
2654 4128 2884 4182 αίὼνων.
2930 4129 3122 4200 Ἀμήν.

987 4221 1150 4290 232
1191 4219 1472 4274 liOMlLlA
1526 4219 1645 4276 xv.
2135 4232 2182 4286 ι)

1526 4219 1645 4276 XV.
2135 4232 2182 4286 ι)
2793 4220 3036 4274 ΟΜΙΛΙΛ
3075 4221 3172 4272 IE’.

1081 4309 1138 4363 In
1173 4311 1304 4364 illud
1338 4311 1516 4379 ipsum
1537 4329 1550 4364 :

532 4401 648 4456 llru
689 4418 792 4466 me,
824 4408 994 4453 mater
1015 4398 1094 4452 “l
1129 4401 1324 4453 iterum
1370 4402 1546 4471 aliter.
1587 4418 1761 4471 usque
1801 4403 1872 4457 ad
1916 4404 2094 4459 istud:

599 4472 918 4544 Maledictus
942 4471 1095 4544 homo
1123 4470 1569 4544 quiuspemﬂhabet
1598 4473 1654 4526 in
1673 4470 1904 4542 homine,
1927 4482 1976 4528 et
1997 4475 2098 4544 ﬁr-

601 4542 764 4595 mabit
795 4557 1004 4594 carnem
1036 4538 1240 4593 brachii
1270 4539 1353 4592 sui
1378 4539 1447 4596 ⁸⁸⁸.

2849 4312 2944 4374 Et;
2979 4311 3110 4364 αὑτό
3127 4328 3142 4341 ⁸

2203 4407 2371 4474 Οῐμοι
2403 4403 2550 4475 ἐγὼ,
2577 4403 2767 4473 μῆτερ
2780 4403 2801 4456 .'
2830 4401 3221 4475 πάλινᾼάλλως,
3261 4401 3425 4475 μέχρι
3449 4401 3544 4475 τοῦ
3560 4419 3575 4432 ο
3621 4402 3757 4475 ἐπι-

2272 4471 2600 4542 ὸιατάρατυῤ
2639 4471 2949 4540 ἄνθρωπος
2985 4471 3054 4542 ὃς
3102 4471 3216 4540 τὴν
3252 4471 3489 4542 ἐλπίδα
3513 4473 3638 4542 ἔχει
3680 4473 3773 4524 ἐπ’

2269 4539 2619 4666 diadema-tor,
2679 4539 2778 4596 καὶ
2843 4541 3114 4610 στηρίξει
3166 4539 3383 4608 σάρκα
3446 4539 3774 4624 ,βραχίονος

2271 4629 2308 4665 a
2352 4629 2476 4666 του.

604 4697 652 4749 1.
682 4695 783 4762 Qui
809 4697 1004 4752 beatos
1027 4695 1320 4767 praedicant
1345 4695 1655 4767 prephetas,
1685 4695 1940 4766 ipsosque
1967 4695 2099 4752 bea-
2269 4726 2270 4731 η

2269 4701 2333 4756 Ol
2369 4700 2762 4774 μακαρίζοντες
2794 4699 2918 4763 τοὺς
2952 4700 3235 4771 προφήτας
3257 4737 3270 4762 ,
3305 4698 3401 4751 καὶ
3426 4697 3508 4769 τῷ
3553 4699 3777 4770 μακαρί-

528 4795 613 4840 tos
643 4784 986 4856 praedicando
1029 4793 1288 4855 exoptant
1328 4795 1536 4854 partem
1573 4786 1776 4841 habere
1815 4803 1939 4842 cum
1967 4803 2097 4860 pro-

2197 4791 2314 4859 ζειν
2350 4793 2549 4855 αὐτοὺς
2599 4791 2882 4862 εὐχόμενοι
2925 4791 3022 4862 τὴν
3061 4791 3253 4861 μερίδα
3299 4789 3444 4860 ἔχειν
3484 4791 3624 4860 μετὰ
3665 4791 3775 4846 τῶν

527 4875 726 4947 phetis,
759 4875 805 4930 si
835 4876 1091 4946 colligant
1123 4892 1188 4932 ex
1213 4877 1545 4948 pr0pheticis
1577 4878 1924 4934 sermonibus
1949 4879 2093 4947 quod

2198 4883 2517 4956 προφητῶν,
2547 4885 2873 4952 συνάγοντες
2905 4882 2980 4954 (2)
3024 4881 3131 4936 ἀπὸ
3159 4881 3267 4935 τῶν
3297 4881 3469 4949 λόγων
3501 4881 3610 4936 τῶν
3638 4899 3773 4954 προ-

525 4968 798 5038 ρικοίνυο
837 4969 1040 5023 eminet
1088 4968 1142 5022 in
1187 4969 1431 5039 ipsorum
1474 4968 1778 5038 prophetia,
1823 4970 1926 5024 sibi
1964 4970 2097 5037 ipsis

2196 4973 2439 5046 φητικῶν
2481 4973 2549 5028 τά
2596 4972 2848 5044 ἐξαίρετα
2900 4972 3002 5042 τῆς
3054 4970 3388 5042 προφητείας
3421 4967 3635 5026 αὐτῶν·
3672 4969 3771 5044 ζη-

517 5060 817 5129 quserendo
837 5059 1238 5129 persuadebunt
1261 5058 1374 5114 fore
1396 5068 1474 5123 ut,
1496 5059 1541 5113 si
1569 5058 1819 5112 similiter
1838 5060 2094 5124 vixerint,

2193 5062 2413 5127 τοῦντες
2443 5059 2535 5116 οὖν
2565 5062 2854 5128 πεισθεῖεν,
2881 5063 2947 5118 ἂν
2977 5061 3120 5116 κατὰ
3150 5061 3216 5114 τὰ
3241 5059 3382 5114 αὐτὰ
3405 5060 3694 5131 βιιῦσωσιν,
3723 5065 3773 5116 εί

519 5149 682 5204 etiam
717 5150 762 5206 si
789 5149 918 5220 quid
949 5149 1143 5204 durum
1175 5150 1231 5204 in
1260 5149 1361 5205 hac
1386 5149 1495 5204 vita
1523 5165 1588 5205 ac
1611 5149 1826 5205 difﬁcile
1845 5159 2098 5206 occurrat

2193 5154 2286 5209 καὶ
2341 5153 2573 5225 σκληρὸν
2619 5153 2799 5218 αὐτοῖς
2860 5154 2935 5226 (5)
3003 5153 3370 5224 ἀπαντήσεται
3427 5153 3486 5205 ὲν
3537 5152 3615 5223 τῷ
3669 5152 3771 5226 βίῳ

521 5240 888 5310 propheticum
911 5243 1072 5295 vitam
1103 5240 1466 5305 imitantibus,
1488 5256 1596 5294 una
1621 5249 1800 5296 tamen
1833 5257 1955 5296 eum
1982 5241 2088 5298 illis

2195 5245 2368 5316 τούτῳ
2418 5245 2698 5316 μιμεῖσθαι
2729 5245 2805 5317 (4)
2849 5243 2942 5299 τὸν
2994 5242 3108 5314 βίον
3146 5242 3238 5296 τὸν
3280 5243 3651 5316 προφητικὸν·
3686 5240 3767 5292 ὅτι

591 5378 636 5409 ³ο
664 5376 774 5433 Jcr.
804 5394 893 5441 xv,
926 5376 1008 5432 18.
1105 5377 1147 5409 ⁸¹
1179 5376 1308 5431 ibid.
1384 5377 1428 5409 ⁸³
1453 5375 1585 5431 ibid.
1620 5375 1708 5431 19.
1783 5375 1972 5432 "Act.
2005 5393 2086 5442 ιιι,
2113 5380 2202 5433 21.

1543 5375 1585 5431 .l.
1620 5375 1708 5431 19.
1783 5375 1972 5432 "Act.
2005 5393 2086 5442 ιιι,
2113 5380 2202 5433 21.
2277 5381 2324 5415 ⁸⁵
2355 5381 2463 5437 Jer.
2494 5397 2581 5446 xv,
2615 5381 2702 5435 10.
2779 5379 2952 5435 "Jer.
3001 5392 3132 5442 xvn,
3155 5376 3209 5430 5.

589 5539 663 5608 (1)
715 5539 991 5606 Eros-don
1033 5555 1132 5606 μοι
1177 5538 1289 5591 οὐκ
1329 5536 1494 5603 ἕχον.
1547 5530 1783 5601 Legebat
1826 5529 2088 5599 Hierony-

589 5623 642 5660 rts
669 5626 681 5660 :
725 5607 986 5672 Ἑγενήθη
1024 5622 1110 5672 μοι
1137 5608 1214 5670 ὠς
1247 5605 1392 5672 ὕδωρ
1419 5603 1610 5672 ψευδὲς
1646 5600 1745 5672 οὐκ
1779 5600 1937 5672 ἕχον.-

1901 5543 2088 5599 erony-
2265 5536 2344 5672 ἓὸ)
2379 5534 2557 5590 Codex
2594 5534 2862 5599 Vatican.,
2897 5535 2993 5588 καὶ
3021 5535 3068 5586 εί
3105 5535 3338 5605 σκληρὸν
3370 5534 3567 5591 αὐτῶν.

1907 5635 1937 5672 ~_
2289 5605 2343 5672 4)
2381 5606 2559 5660 Codex
2594 5604 2846 5670 Scorial.,
2877 5603 3269 5672 μιμείσθωσαν.

521 5600 681 5679 mus:
725 5600 987 5679 Ἐγενήθη
1024 5600 1110 5676 μοι
1137 5608 1214 5679 ᾡς
1238 5600 1396 5679 Δὕδωρ
1419 5603 1610 5679 dandi;
1633 5600 1745 5679 οὐκ
1779 5600 1937 5679 ἕχον..

1602 5600 1745 5679 ῐίτζῦκ
1779 5600 1937 5679 ἔχονο,
2381 5606 2559 5660 Codex
2594 5604 2846 5670 Scnrial.,
2877 5600 3268 5674 μιμείσθωσανζ

593 5675 669 5744 (ί)
709 5666 1102 5743 Συὶ-ἀγίοιῖτὲς.
1141 5666 1324 5730 codex
1357 5666 1747 5734 Scorialensis,
1791 5666 2082 5727 συνιόντες.
