4218 6292
481 396 582 457 lim

1919 400 2242 461 ORIGENIS

3611 391 3712 452 ιιο

475 523 702 586 mundo,
748 530 805 577 ut
837 537 1172 593 consurgens
1195 522 1434 586 Christo,
1469 525 1612 580 vivat
1653 525 1772 580 Duo.
1820 526 1876 579 Si
1904 542 2033 596 ergo
2064 526 2141 590 Α]

2064 537 2108 590 Α
2135 525 2358 597 ληφθεὶς
2383 525 2486 579 ὑπὸ
2515 525 2621 579 τῶν
2649 525 2840 578 ἀλιέων
2877 520 3068 593 Ἰησοῦ,
3095 521 3187 574 καὶ⁵
3212 517 3451 573 ἀνελθὼν
3477 517 3586 573 ἀπὸ
3611 520 3715 590 τῆς

476 613 656 678 possis
716 611 783 664 ad
833 611 1234 678 intelligendum
1281 627 1502 667 sensum
1559 629 1719 683 quem
1771 629 2035 668 conamur

475 715 768 770 exponere,
828 699 1013 753 animo
1064 701 1323 758 inducere
1379 705 1556 773 pisces
1591 703 1658 758 de
1690 705 1826 758 mari
1861 713 2037 758 estra-

473 800 611 856 ctos,
670 780 828 844 aliam
879 807 1074 848 rursus
1106 795 1273 848 vitam
1316 810 1614 861 assumere,
1651 804 1706 849 et
1741 795 1887 849 aliud
1914 811 2037 850 eor-

473 897 575 950 pus
600 881 842 946 inducrc,
892 891 1024 938 tunc
1048 885 1187 939 scies
1215 900 1324 954 quo
1346 886 1504 940 nobis
1533 886 1822 955 profecerit
1848 902 2036 940 exem-

473 972 639 1040 plum.
686 969 858 1026 Nemo
906 973 1266 1043 blasphemet,
1308 991 1470 1032 nemo
1497 979 1638 1031 male
1673 977 1889 1041 laceret,
1927 993 2036 1032 non

475 1071 698 1117 vocetur
728 1064 934 1118 crimen
968 1066 1113 1133 quod
1141 1065 1210 1119 ab
1237 1067 1459 1121 alterius
1489 1068 1780 1122 abductum
1828 1077 1912 1121 est
1955 1069 2038 1120 in-

474 1153 786 1224 telligentia.
801 1154 866 1209 Et
891 1164 947 1210 tu
973 1155 1137 1226 igitur
1159 1171 1280 1212 cum
1299 1157 1538 1228 228M
1562 1160 1742 1213 saeculi
1763 1159 1922 1215 istius
1941 1159 2040 1214 llu-

470 1245 650 1302 etibus
677 1261 773 1316 per
793 1246 1088 1317 discipulos
1117 1247 1332 1303 Domini
1367 1249 1534 1306 fueris
1555 1259 1850 1318 extractus,
1890 1261 2037 1307 muta

470 1338 715 1406 corporis
763 1337 911 1402 vitia,
958 1347 1108 1392 muta
1159 1354 1378 1394 sensum
1413 1341 1642 1406 animae;
1689 1357 1800 1396 non
1845 1342 1920 1398 sis
1949 1343 2038 1397 ille

472 1428 637 1495 piscis
658 1429 822 1498 quiin
843 1428 998 1484 salsis
1020 1429 1324 1485 versabaris
1352 1431 1533 1498 undis;
1560 1431 1653 1486 sed
1678 1432 1744 1486 de
1771 1431 2039 1502 profundo

473 1521 680 1589 gurgite
727 1531 918 1575 erutus
965 1521 1030 1574 ad
1087 1521 1311 1579 meliora
1358 1530 1693 1589 convertere,
1741 1525 2040 1578 secundum

475 1613 605 1666 illud
645 1615 1004 1682 apostolicum
1052 1617 1144 1668 ηε
1193 1614 1307 1668 Nos
1364 1626 1539 1670 autem
1583 1633 1760 1671 omnes
1810 1619 2040 1672 revelata

474 1704 615 1771 facie
627 1705 851 1774 gloriam
875 1705 1088 1759 Domini
1108 1705 1536 1775 contemplantes,
1559 1709 1612 1762 in
1639 1709 1874 1762 eamdem
1903 1710 2038 1762 ima-

475 1795 646 1862 ginem
674 1795 1117 1866 transformamur
1142 1797 1206 1850 de
1228 1797 1399 1866 gloria
1430 1799 1481 1851 in
1519 1799 1764 1866 gloriam,
1799 1800 1954 1869 quasi
2000 1816 2032 1852 a

2137 617 2429 686 Θαλάσσης,
2463 616 2554 669 καὶ
2585 615 2744 679 αὐτὸς
2779 616 2876 686 μὲν
2908 613 3258 684 ἀποθνήσκει,
3295 611 3628 683 ἀποθνήσκει
3649 611 3708 664 δὲ

2135 709 2212 779 τῷ
2241 709 2446 779 κόσμῳ,
2467 707 2796 778 ἀποθνήσκει
2814 710 2876 777 τῇ
2911 707 3172 778 ἁμαρτίᾳ,
3194 704 3289 760 καὶ
3320 703 3456 774 μετά
3479 703 3542 756 τὸ
3575 705 3712 758 ἀπο-

2135 799 2316 852 θανεῖν
2347 799 2424 870 τῷ
2456 800 2644 870 κόσμῳ
2677 799 2768 853 καὶ
2802 800 2867 869 τῇ
2901 797 3174 869 ἁμαρτίᾳ,
3221 795 3561 860 ζωοποιεῖται
3604 794 3711 848 ὑπὸ

2135 890 2228 944 τοῦ
2273 890 2430 958 λόγου
2461 891 2555 943 τοῦ
2593 889 2759 954 Θεοῦ,
2813 891 2908 942 καὶ
2942 886 3307 958 ἀναλαμϐάνει
3334 887 3500 956 ἀλλην
3527 885 3672 958 ζωήν
3691 903 3706 919 ο

2135 981 2268 1034 ὡσεὶ
2301 980 2468 1032 ἐδύνω
2499 980 2618 1034 καθ’
2657 979 2914 1032 ὑπόθεσιν
2950 977 3025 1047 (1)
3061 978 3248 1048 νοῆσαι
3275 975 3372 1046 τὴν
3399 975 3493 1028 τοῦ
3528 976 3711 1046 ἰχθύος

2134 1071 2312 1141 ψυχὴν
2356 1071 2795 1142 μεταϐάλλουσαν
2832 1068 2970 1142 μετά
2998 1069 3058 1121 τὸ
3091 1067 3325 1131 ἐξελθεῖν
3347 1066 3456 1120 ἀπὸ
3486 1067 3578 1120 τοῦ
3601 1065 3708 1119 σώ-

2140 1179 2308 1232 ματος
2341 1161 2430 1213 τοῦ
2463 1161 2704 1231 ἰχθυῖκοῦ
2727 1200 2742 1223 ,
2776 1161 2872 1214 κα)⁸
2899 1159 3188 1229 γινομένην
3221 1176 3271 1210 τι
3305 1161 3548 1228 κρεῖττον
3578 1157 3710 1227 παρ’

2141 1252 2311 1322 ἰχθύν.
2347 1253 2704 1322 Παράδειγμα
2733 1251 2939 1306 ἔλαϐον.
2985 1251 3074 1321 Μὴ
3099 1249 3352 1320 ἀφορμάς
3387 1265 3470 1310 τις
3502 1247 3711 1318 λαμϐα-

2138 1345 2275 1396 νέτω
2305 1337 2378 1396 ὧν
2419 1344 2520 1396 οὐκ
2563 1344 2782 1414 ἤκουσε,
2818 1342 3057 1396 τοιοῦτον
3085 1342 3148 1412 δή
3179 1358 3230 1394 τι
3259 1341 3446 1412 νοήσῃ.
3487 1339 3708 1410 Ἀνελή-

2136 1433 2302 1496 λυθας
2352 1433 2460 1486 ἀπὸ
2516 1434 2616 1503 τῆς
2661 1433 2953 1504 θαλάσσης,
3001 1429 3290 1486 ὑποπεσὼν
3326 1433 3436 1493 τοῖς
3474 1430 3710 1493 δικτύοις

2139 1524 2246 1578 τῶν
2275 1523 2532 1595 μαθητῶν
2584 1524 2789 1596 ἰησοῦο
2831 1521 3061 1588 ἐξελθὼν
3093 1521 3442 1594 μεταϐάλλεις
3482 1522 3580 1592 τὴν
3603 1521 3709 1590 ψυ-

2139 1615 2260 1686 χὴν,
2295 1616 2476 1668 οὐκέτι
2523 1614 2676 1685 ἰχθὺς
2719 1611 2792 1679 εἴ,
2823 1612 3112 1684 διατρίϐων
3161 1615 3274 1676 τοῖς
3319 1612 3578 1683 ἁλμυροῖς
3609 1612 3711 1682 τῆς

2138 1705 2412 1774 θαλάσσης
2461 1704 2730 1776 κύμασινο
2787 1704 2900 1758 ἀλλ’
2947 1703 3148 1767 εὐθέως
3183 1720 3275 1757 σου
3315 1701 3634 1774 μεταϐάλλει
3673 1705 3708 1774 ἡ

2136 1797 2301 1867 ψυχὴ,
2356 1799 2450 1851 καὶ
2483 1796 2944 1870 μεταμορφοῦται,
2996 1795 3089 1849 κιιιλ⁸
3129 1795 3339 1862 γίνεται
3385 1795 3630 1866 κρεῖττόν
3656 1811 3709 1848 τι

477 1883 692 1938 Domini
724 1887 935 1956 spiritu.
978 1886 1044 1942 Et
1069 1903 1191 1942 cum
1218 1887 1384 1943 fueris
1407 1887 1475 1941 ab
1498 1889 1757 1958 apostolis
1788 1905 1852 1943 ac
1874 1890 2033 1943 disci-
2064 1880 2106 1934 Β
2136 1904 2143 1937 1

2064 1880 2106 1934 B
2136 1886 2230 1938 καὶ⁵
2263 1885 2534 1956 θειότερον
2568 1888 2696 1959 παρ’
2729 1886 2757 1937 6
2787 1882 2854 1956 ἦν
2881 1885 2940 1938 τὸ
2975 1883 3254 1955 πρότερον.
3285 1883 3416 1935 ⁸ου
3445 1882 3502 1934 δὲ
3541 1899 3707 1952 μετα-

474 1973 616 2040 pulis
640 1971 766 2028 Jesu
801 1975 1029 2030 marinis
1053 1974 1308 2032 ﬂuctibus
1337 1977 1616 2043 liberatus,
1650 1979 1760 2032 noli
1793 1993 2036 2047 quaerere

471 2061 824 2130 profundum,
872 2067 964 2120 scd
997 2065 1051 2118 in
1081 2066 1357 2121 montibus
1395 2067 1466 2120 sit
1514 2068 1860 2122 conversatio
1906 2078 2032 2134 tua;

473 2161 533 2206 ut
559 2153 670 2221 jam
700 2169 806 2207 non
836 2154 1036 2210 habeas
1067 2171 1204 2225 opus
1235 2158 1618 2228 piscatoribus,
1641 2161 1733 2230 qui
1763 2169 1814 2215 te
1844 2178 2034 2216 rursus

469 2243 539 2296 de
577 2242 831 2300 ﬂuctibus
876 2247 1183 2314 extrahant,
1233 2249 1327 2304 sed
1379 2249 1502 2306 aliis
1541 2251 1864 2319 quibusdam
1895 2267 2035 2322 quos

469 2342 754 2388 venatores
781 2331 1066 2404 Scriptura
1095 2345 1393 2406 nuncupat,
1420 2338 1512 2407 qui
1544 2347 1594 2392 te
1620 2349 1804 2408 postea
1836 2355 2034 2394 venen-

470 2433 559 2478 tur
603 2425 671 2479 de
719 2436 922 2492 monte,
965 2425 1032 2482 de
1062 2429 1220 2492 colle,
1253 2429 1321 2483 de
1350 2430 1485 2484 locis
1514 2431 1831 2498 altioribus;
1864 2432 1935 2486 ibi
1965 2433 2037 2487 sit

470 2512 840 2568 deambulatio
878 2521 990 2579 tua,
1023 2515 1099 2569 ibi
1131 2531 1303 2582 mens,
1333 2531 1554 2585 gressus
1580 2525 1634 2571 et
1663 2518 1858 2581 statio;
1897 2516 2035 2570 obli-

470 2603 679 2658 \iscere
708 2605 908 2672 maris;
935 2605 1257 2661 obliviscere
1275 2607 1495 2660 vallium
1515 2622 1578 2660 ac
1602 2605 2030 2676 profundorum;

469 2695 591 2749 veni
626 2695 694 2749 ad
718 2706 954 2764 montes,
991 2697 1318 2767 prophetas;
1355 2698 1476 2752 veni
1505 2697 1569 2752 ad
1595 2698 1791 2762 colles,
1819 2698 2031 2766 justos;

470 2787 602 2857 ipsis
623 2789 694 2843 sit
725 2789 1068 2844 conversatio
1103 2796 1193 2840 tua
1222 2805 1236 2852 ;
1268 2796 1327 2840 ut
1352 2803 1474 2842 cum
1511 2789 1626 2842 dies
1651 2787 1841 2841 mortis
1867 2787 2034 2841 adve-

2139 1975 2437 2049 μορφοῦται
2465 1978 2558 2030 καὶ
2581 1976 3166 2048 μεταϐάλλεται,ἀκουε
3183 1973 3396 2027 Παύλου
3424 1972 3670 2041 λέγοντος
3689 1989 3708 2004 ο

2149 2068 2339 2135 Ἡμεῖς
2357 2069 2425 2122 δὲ
2441 2069 2680 2133 πάντες,
2708 2065 3249 2135 ἀνακεκαλυμμένῳ
3270 2063 3566 2140 ⁴προσωπείῳ
3595 2065 3712 2132 τὴν

2135 2159 2321 2224 δόξαν
2345 2159 2564 2226 Κυρίου
2587 2156 3114 2226 κατοπτριζόμενοι,
3148 2156 3262 2224 τὴν
3283 2155 3478 2223 αὐτὴν
3507 2157 3711 2210 εἰκόνα

2131 2250 2661 2320 μεταμορφούμεθα
2697 2248 2819 2302 ἀπὸ
2862 2247 3046 2314 δόξης
3087 2250 3173 2312 εις
3203 2245 3392 2311 δόξαν
3445 2245 3709 2314 καθάπερ

2135 2341 2251 2395 άπὸ
2279 2342 2502 2407 Κυρίου
2527 2340 2881 2408 πνεύματος.
2918 2340 3030 2391 Καὶ
3061 2337 3507 2409 μεταμορφωθείς
3537 2353 3594 2389 τε
3625 2335 3714 2390 οῦ-

2134 2451 2241 2496 τως
2272 2434 2300 2484 6
2343 2431 2493 2502 ἰχθὺς
2525 2432 2552 2482 6
2592 2431 2696 2484 ὑπὸ
2739 2430 2848 2483 τῶν
2894 2429 3086 2484 ἀλιέων
3145 2428 3320 2500 Ἰησοῦ
3363 2427 3705 2498 συλληφθεὶς,

2136 2523 2449 2578 καταλιπὼν
2508 2522 2608 2586 τὰς
2666 2525 2723 2576 ἐν
2777 2521 3022 2595 θαλάσσῃ
3071 2521 3370 2592 διατριϐὰς,
3428 2517 3709 2589 διατριϐὰς

2135 2618 2367 2668 ποιεῖται
2390 2617 2448 2667 ἐν
2467 2614 2668 2684 ὄρεσιν,
2687 2614 2826 2666 ὥστε
2853 2614 3015 2666 αὑτὸν
3039 2612 3290 2682 δεηθῆναι
3313 2609 3492 2663 οὐκέτι
3513 2607 3707 2662 ἀλιέων

2133 2705 2242 2758 τῶν
2273 2705 2582 2772 ἀναγόντων
2615 2703 2778 2758 αὑτὸν
2805 2704 2910 2756 ἀπὸ
2941 2704 3247 2772 θαλάσσης,
3280 2701 3415 2754 ἀλλὰ
3441 2698 3708 2769 δευτέρων

2133 2796 2317 2860 τινῶν,
2367 2790 2477 2849 οἷον
2503 2795 2878 2865 ὀνομάζονται,
2921 2794 3198 2865 θηρευτῶν
3228 2793 3422 2854 οἵτινες
3443 2789 3697 2862 θηρεύουο

469 2879 632 2944 nerit,
665 2879 951 2933 mittantur
975 2891 1282 2944 venatores,
1307 2879 1398 2933 alii
1425 2879 1645 2948 quidam
1681 2895 1710 2932 a
1746 2878 2032 2948 piscatori-

468 2968 604 3034 bus,
639 2971 732 3038 qui
764 2985 926 3038 super
949 2972 1379 3042 assumptionem
1416 2970 1696 3025 constituti
1723 2979 1871 3037 sunt,
1902 2979 1956 3024 et
1985 2979 2036 3024 te

467 3075 593 3115 cum
629 3061 839 3115 caeteris
872 3063 1077 3117 sanctis
1115 3063 1182 3118 de
1215 3064 1382 3131 colle,
1419 3063 1487 3117 dc
1515 3070 1718 3127 monte,
1755 3061 1822 3116 de
1852 3061 2032 3116 altiori

2134 3068 2246 3129 τοῖς
2269 3065 2502 3128 δικτύοις
2524 3063 2632 3118 τῶν
2653 3064 2910 3137 μαθητῶν
2951 3063 3145 3136 Ἰησοῦ,
3177 3059 3446 3133 μετάϐαλε
3473 3056 3581 3112 ἀπὸ
3608 3056 3710 3126 τῆς

467 3152 591 3205 loco
626 3149 916 3219 accipiant.
950 3150 1086 3206 Vide
1117 3160 1298 3206 autem
1335 3153 1380 3208 si
1416 3169 1524 3206 non
1568 3161 1778 3206 sacrata
1812 3167 1946 3206 voce
1979 3153 2032 3206 in
2061 3204 2102 3229 η

2061 3204 2102 3229 η
2137 3158 2432 3229 θαλάσσης,
2494 3157 2749 3211 ἐπιλάθου
2788 3157 2977 3226 αὐτῆς,
3023 3153 3127 3226 ἦκε
3179 3155 3270 3206 ἐπὶ
3304 3151 3374 3204 τὰ
3422 3151 3546 3222 ὅρη.
3585 3148 3710 3209 τοὺς

467 3242 656 3298 eadem
700 3243 969 3298 sententia
1016 3245 1278 3314 propheta
1312 3245 1581 3299 consentit
1622 3245 1811 3299 dicens
1845 3263 1858 3298 :
1900 3242 2034 3297 Ecce
2059 3237 2102 3262 ν

2059 3237 2102 3262 ν
2140 3247 2443 3317 προφήτας,
2490 3246 2586 3300 καὶ
2623 3246 2717 3298 ἐπὶ
2747 3246 2873 3309 τοὺς
2904 3245 3144 3316 βουνοὺς,
3177 3243 3303 3306 τοὺς
3325 3241 3584 3303 δικαίους,
3617 3237 3711 3290 καὶ

465 3351 560 3405 ego
592 3336 744 3388 mitto
762 3336 1050 3404 piscatores
1073 3337 1436 3394 multos.dicit
1465 3336 1744 3400 Dominus,
1773 3347 1822 3390 et
1863 3337 2035 3406 pisca-

2141 3336 2293 3390 ποιοῦ
2320 3339 2438 3388 ἐκεῖ
2459 3337 2558 3399 τὰς
2579 3335 2882 3407 διατριϐὰς,
2911 3337 2998 3390 ἴνα
3024 3333 3160 3405 μετὰ
3193 3333 3386 3395 ταῦτα,
3417 3334 3505 3384 ὅτε
3533 3331 3711 3384 όκαιο

467 3427 664 3481 buntur
701 3444 808 3485 eos.
857 3427 925 3481 Et
958 3438 1075 3499 post
1110 3429 1220 3482 haec
1256 3430 1464 3483 mittam
1511 3437 1778 3482 venatores
1816 3427 2032 3494 multos,

2143 3428 2235 3500 ρός
2254 3445 2336 3480 σοι
2363 3429 2464 3498 τῆς
2493 3427 2674 3492 ἐξόδου
2695 3430 2912 3499 ἐπιστῇ,
2945 3425 3268 3497 πεμφθῶσιν
3291 3426 3339 3477 οἱ
3369 3421 3583 3476 πολλλοὶ
3610 3419 3709 3490 θη-

468 3528 525 3571 ut
554 3519 765 3588 capiant
794 3535 879 3573 eos
906 3535 1068 3589 supra
1092 3535 1294 3573 omnem
1325 3529 1548 3574 montem
1573 3529 1622 3572 et
1651 3519 1835 3572 collem
1856 3520 1922 3574 ’°.

2142 3520 2360 3592 ρευταὶ,
2407 3519 2582 3592 ἐτεροι
2611 3521 2762 3592 παρά
2801 3519 2927 3583 τοὺς
2971 3519 3156 3581 ἁλιεῖς.
3205 3517 3360 3579 Τίνες
3395 3515 3438 3568 δ’
3488 3512 3554 3566 ἂν
3599 3507 3711 3564 εἷεν

463 3605 610 3666 οὗτοι
643 3611 676 3683 ἢ
707 3615 754 3666 οἱ
772 3613 1186 3684 ἐπιτεταγμένοι
1217 3614 1311 3666 ἐπὶ
1339 3613 1433 3666 τοῦ
1468 3614 1908 3685 παραλαμϐάνειν
1934 3614 2033 3677 τὰς
2070 3615 2249 3685 ψυχὰς
2287 3615 2383 3678 τὰς
2415 3616 2472 3668 ἐν
2513 3615 2741 3686 βουνοῖς,
2787 3614 2888 3678 τὰς
2939 3615 3015 3685 μὴ
3063 3615 3208 3667 κάτω
3263 3610 3545 3681 κειμέναςς
3599 3607 3709 3661 Καὶ

465 3704 569 3773 δρα
602 3703 649 3755 εἰ
679 3703 754 3775 μὴ
789 3705 1030 3777 κέκραγε
1090 3705 1365 3776 μυστικῶς
1389 3706 1564 3761 ταῦτα
1593 3706 1769 3774 λέγων
1809 3709 1837 3760 6
1864 3710 2166 3778 προφήτης,
2208 3709 2301 3762 καὶ
2351 3707 2538 3762 τοῦτον
2579 3707 2850 3780 παριστὰς
2894 3707 2985 3760 τὸν
3024 3706 3146 3759 νοῦν
3169 3707 3227 3757 ὲν
3262 3703 3340 3773 τῷ
3364 3720 3376 3733 ·
3416 3700 3568 3756 Ἰδοὺ
3595 3697 3710 3766 ἐγὼ

463 3793 826 3848 ἀποστέλλω
879 3795 1066 3862 ἁλιεῖς
1115 3797 1384 3863 πολλοὺς
1406 3837 1423 3861 ,
1467 3798 1628 3868 λέγει
1669 3800 1883 3867 Κύριος
1905 3841 1919 3865 ,
1960 3801 2058 3853 καὶ
2122 3801 2516 3854 άλιεύσουσιν
2549 3801 2788 3866 αὐτούς.
2821 3799 2925 3853 Καὶ
2967 3797 3117 3866 μετὰ
3155 3794 3338 3849 ταῦτα
3395 3787 3710 3847 ἀποστελῶ

464 3888 734 3953 πολλοὺς
789 3889 1082 3957 θηρευτὰς
1106 3930 1121 3955 ,
1189 3890 1290 3944 καὶ
1342 3892 1749 3960 θηρεύσουσιν
1818 3893 2040 3958 αὐτοὺς
2071 3893 2271 3948 ἐπάνω
2299 3895 2525 3948 sva-nov
2556 3895 2752 3962 ὄρους,
2787 3892 2884 3946 καὶ
2911 3891 3109 3944 ἐπάνω
3132 3887 3357 3952 παντὸς
3396 3885 3636 3940 Βουνοῦ.

536 3985 592 4039 2.
642 3985 700 4039 Si
745 3987 829 4040 vis
867 3995 921 4041 et
973 3995 1029 4049 tu
1053 3987 1121 4041 ab
1146 3987 1232 4042 his
1264 3987 1616 4043 venatoribus
1645 3988 1784 4057 capi,
1812 4002 1943 4042 cave
1971 4003 2039 4042 ne

2038 4015 2039 4034 ς
2209 3986 2381 4056 Εἴπερ
2413 3981 2505 4039 οῦν
2543 3985 2717 4047 θέλεις
2743 3983 3107 4054 συλληφθῆναι
3141 3981 3244 4033 ὑπὸ
3271 3979 3380 4032 τῶν
3408 3977 3704 4049 θηρευτῶν,

466 4077 700 4132 verseris
735 4077 788 4130 in
815 4077 1077 4144 vallibus,
1108 4093 1176 4133 ne
1210 4079 1264 4133 in
1306 4079 1411 4134 alia
1437 4079 1630 4134 humili
1663 4081 1882 4149 regione
1906 4094 2038 4134 con-

2137 4079 2239 4150 ὅρα
2270 4078 2345 4149 μη
2375 4075 2478 4139 τὰς
2499 4074 2778 4148 διατριϐὰς
2804 4074 3004 4145 ποιήσῃ
3039 4073 3097 4124 ἐν
3131 4073 3252 4133 ταῖς
3278 4068 3489 4124 κοιλάσι
3514 4106 3528 4129 ,
3572 4068 3706 4139 μηδὲ

465 4167 650 4222 sistas.
677 4163 871 4230 Quaere
899 4165 1085 4232 colles,
1133 4181 1314 4235 quaere
1354 4175 1615 4233 montem,
1648 4166 1702 4220 in
1731 4181 1893 4236 quem
1918 4165 2036 4220 viso

2137 4171 2289 4224 κάτω
2323 4186 2427 4222 που
2461 4167 2747 4239 διατρίψῃς
2768 4207 2783 4231 ,
2835 4165 2969 4218 ἀλλά
3001 4162 3150 4234 ζήτει
3181 4160 3249 4216 τὰ
3272 4161 3394 4232 ὄρη,
3427 4159 3601 4212 ἀνάϐα
3629 4161 3707 4221 εἰς

2136 2903 2220 2940 σιν
2276 2885 2386 2938 ἀπὸ
2435 2886 2636 2948 παντὸς
2681 2885 2838 2956 ὅρους
2870 2923 2885 2948 ,
2935 2884 3028 2938 καὶ
3077 2883 3185 2937 ἀπὸ
3245 2880 3444 2943 παντὸς
3496 2877 3705 2949 βουνοῦ.

2148 2975 2378 3039 ’Δναϐἀς
2412 2971 2506 3028 οῦν
2550 2977 2612 3028 σὺ
2654 2975 2759 3029 ἀπὸ
2787 2975 2887 3044 τῆς
2921 2975 3224 3045 θαλάσσης,
3256 2973 3350 3025 καὶ
3387 2969 3710 3038 συλληφθεὶς

466 4259 668 4328 p0pulo
692 4256 956 4313 Dominus
987 4257 1265 4326 ascendit,
1293 4266 1348 4314 et
1375 4259 1547 4315 secuti
1575 4267 1704 4314 sunt
1726 4274 1849 4314 eum
1877 4258 2039 4313 disci-

465 4348 600 4418 puli,
629 4363 692 4402 ex
711 4363 820 4418 quo
841 4347 1089 4417 aperiens
1109 4364 1171 4403 os
1201 4364 1361 4403 suum
1385 4349 1574 4404 docuit
1600 4364 1715 4416 eos,
1739 4349 1986 4404 dicens“
2015 4368 2030 4403 :

463 4438 617 4494 Beati
667 4453 919 4508 pauperes
959 4438 1190 4505 spiritu,
1231 4439 1481 4505 quoniam
1535 4439 1770 4502 ipsorum
1825 4445 1899 4492 est
1951 4453 2036 4490 re-

463 4547 621 4600 gnum
673 4529 958 4594 caelorum,
1010 4532 1065 4580 et
1109 4525 1349 4594 reliquas
1393 4537 1599 4596 septem
1652 4527 2038 4582 beatitudines.

467 4620 648 4691 Neque
696 4636 826 4676 vero
869 4625 1027 4689 putes
1077 4616 1242 4672 licere
1292 4617 1378 4672 his
1405 4619 1792 4682 venatoribus,
1821 4620 2038 4674 aliunde

468 4712 747 4779 homines,
777 4713 883 4767 nisi
922 4711 990 4766 de
1022 4709 1300 4764 montibus
1331 4722 1396 4762 ac
1427 4708 1656 4764 collibus
1689 4725 1952 4778 qumrere,
1984 4719 2039 4764 et

465 4803 613 4877 quod
644 4804 910 4872 sequitur,
946 4803 1010 4856 de
1038 4802 1273 4856 cavernis
1305 4808 1594 4871 petrarum.
1624 4799 1781 4856 Unde
1807 4816 2031 4870 possum

466 4894 770 4963 intelligere
811 4893 1033 4968 petras?
1061 4893 1205 4947 unde
1243 4906 1509 4948 cavernas
1539 4893 1851 4961 petrarum?
1875 4893 2033 4948 venio

465 4987 533 5043 ad
563 4983 812 5038 Exodum
837 4999 852 5048 ;
909 4999 1093 5053 (μιξειο
1118 4984 1353 5052 aliquam
1388 4982 1852 5053 interpretationis
1879 4999 2034 5039 occa-

465 5077 708 5142 sionem;
765 5075 970 5142 ubique
1009 5074 1223 5129 invenio
1272 5075 1539 5129 volentem
1579 5073 1815 5145 Moysem
1851 5075 2031 5130 videre

466 5167 756 5225 Dominum
779 5210 792 5231 ,
815 5173 870 5219 et
902 5163 1192 5219 Dominum
1216 5165 1389 5220 eidem
1417 5165 1842 5236 promittentem,
1867 5177 2031 5234 atque

464 5263 732 5317 dicentem
757 5261 802 5292 ³⁸
845 5278 857 5312 :
887 5257 1020 5311 Ecce
1033 5272 1167 5327 pono
1190 5257 1353 5326 229
1383 5266 1430 5311 te
1449 5257 1501 5311 in
1534 5273 1752 5310 caverna
1778 5265 1960 5326 petrw,
1982 5267 2030 5309 et

459 5353 746 5422 Conspicies
761 5351 1052 5423 posteriora
1077 5364 1221 5412 mea;
1247 5349 1436 5417 faciem
1450 5357 1623 5402 autem
1645 5365 1810 5403 meam
1828 5365 1927 5402 non
1953 5349 2032 5400 ri-

536 5519 576 5553 "
600 5514 642 5569 ll
671 5516 797 5570 Cor.
824 5529 906 5578 ιιι,
932 5512 1018 5568 18.
1096 5512 1142 5546 ²⁰
1163 5511 1363 5567 Jerem.
1399 5529 1509 5579 xvi,
1549 5511 1634 5570 16.
1684 5514 1726 5544 ’ί
1761 5513 1947 5573 Matth.
1984 5531 2035 5578 v,
2070 5515 2105 5570 5.

537 5653 611 5717 (Ι)
651 5651 807 5702 Ὠσεὶ
835 5650 1025 5702 ἐδύνω
1052 5647 1179 5702 καθ’
1208 5649 1517 5711 ὑπόθεσιν,
1551 5659 1652 5704 etc.
1685 5649 1809 5703 Haac
1845 5653 1915 5704 ita
1943 5652 1995 5703 in
2015 5680 2028 5690 -

465 5720 804 5786 tea-putiixissc
829 5719 1040 5786 videtur
1073 5717 1432 5786 Hieronymus
1477 5739 1489 5770 :
1529 5720 1672 5772 'Oasl
1705 5719 1872 5774 ἐδύνω
1898 5719 1999 5774 καθ
2019 5721 2030 5740 ’

467 5783 718 5844 ὑπόθεσιν
756 5787 942 5856 νοῆσαι
972 5785 1066 5857 τὴν
1103 5783 1194 5838 τοῦ
1239 5783 1418 5854 ἰχθύος
1452 5787 1626 5857 ψυχὴν
1672 5790 2066 5858 μεταϐά).λου-,

2135 4261 2196 4314 τὸ
2221 4261 2346 4333 ὅρος
2368 4299 2384 4324 ,
2431 4260 2566 4313 ὅπου
2605 4257 2813 4329 Ἰησοῦς
2856 4253 3251 4328 μετεμορφώθη
3277 4292 3292 4317 ,
3335 4251 3512 4306 ἀνάϐα
3537 4253 3616 4314 εἰς
3646 4250 3708 4302 τδ

2138 4353 2283 4425 ὅρος,
2310 4352 2394 4422 ἐφ’
2428 4343 2489 4404 οῦ
2516 4349 2637 4404 ἰδὼν
2674 4349 2800 4413 τοὺς
2826 4349 3016 4418 ὄχλους
3049 4345 3383 4417 ἀναϐέϐηκεν
3408 4347 3436 4398 6
3478 4344 3703 4413 Ἰησοῦς,

2141 4446 2237 4496 καὶ
2272 4441 2644 4513 ἠκολούθησαν
2684 4439 2832 4510 αὐτῷ
2858 4440 2908 4492 οἱ
2928 4437 3164 4509 μαθηταὶ
3189 4476 3204 4500 ,
3249 4436 3374 4490 ἔνθα
3405 4433 3618 4500 ἀνοίξας
3646 4433 3706 4485 τὸ

2141 4535 2315 4604 στόμα
2357 4533 2522 4586 αὐτοῦ
2573 4531 2777 4597 ἐδίδαξε
2827 4529 3030 4596 λέγων’
3069 4529 3354 4598 Μακάριοι
3388 4530 3440 4580 οι
3484 4526 3705 4594 πτωχοὶ

2138 4625 2220 4690 τῷ
2262 4626 2552 4692 πνεύματι
2574 4661 2588 4686 ,
2641 4621 2728 4674 ὅτι
2775 4619 2972 4674 αὐτῶν
3008 4620 3174 4673 ἐστιν
3212 4622 3249 4688 ἡ
3276 4619 3561 4684 ,βασιλεία
3588 4617 3707 4670 τῶν

2137 4713 2441 4782 οίιοανῶν·
2485 4715 2579 4768 καὶ
2607 4715 2734 4777 τοὺς
2764 4712 2892 4782 ἐξῆς
2921 4712 3122 4765 τούτων
3159 4709 3557 4783 μακαρισμούς.
3597 4708 3707 4762 Καὶ

2135 4806 2236 4858 οὐκ
2271 4803 2445 4868 ἐξεστὶ
2480 4822 2542 4872 γε
2571 4803 2781 4866 τούτοις
2816 4805 2927 4867 τοῖς
2957 4801 3244 4874 θηρευταϊς
3279 4799 3568 4868 ἀλλαχόθεν
3589 4798 3708 4851 συλ-

2134 4894 2316 4948 λαϐεῖν
2357 4895 2389 4965 ἦ
2420 4895 2526 4949 ἀπὸ
2553 4895 2661 4947 τῶν
2703 4894 2892 4966 ὀρέων,
2929 4894 3024 4948 καὶ
3063 4893 3173 4946 τῶν
3200 4891 3424 4964 βουνῶν,
3467 4891 3562 4944 καὶ
3585 4889 3705 4944 ἀπὸ

2133 4985 2252 5039 τῶν
2284 4983 2623 5054 τρυμαλιῶν
2664 4983 2782 5037 τῶν
2827 4983 3082 5052 πετρῶν·
3119 4982 3292 5037 ταῦτα
3329 4981 3438 5052 γὰρ
3461 4980 3550 5034 ’τά
3580 4980 3706 5052 τρία

2133 5075 2384 5128 λέλεκται
2436 5077 2494 5128 ἐν
2529 5074 2605 5145 τῷ
2655 5076 2940 5146 προφήτηο
2996 5071 3296 5128 Ἀποστελῶ
3339 5071 3446 5142 γὰρ
3479 5069 3706 5131 πολλοὺς

2139 5165 2426 5238 θηρευτὰς,
2472 5166 2567 5219 καλ⁸
2620 5166 2974 5238 θηρεύσουσιν
3031 5166 3225 5227 αὐτοὺς
3277 5161 3461 5216 ἐπάνω
3508 5159 3704 5223 παντὸς

2138 5257 2296 5327 ὅρους
2321 5297 2335 5320 ,
2396 5257 2488 5309 καὶ
2540 5256 2724 5310 ἐπάνω
2775 5257 2880 5309 ἀπὸ
2926 5255 3119 5318 παντὸς
3171 5252 3358 5325 βουνοῦ
3384 5293 3399 5318 ,
3453 5253 3548 5305 καὶ
3599 5250 3707 5304 ἀπὸ

2139 5348 2248 5400 τῶν
2279 5347 2589 5420 τρυμαλιῶν
2632 5346 2738 5401 τῶν
2781 5347 3012 5419 πετρῶν.
3057 5345 3226 5397 Πόθεν
3267 5340 3359 5398 οῦν
3396 5343 3572 5414 νοήσω
3606 5342 3704 5406 τὰς

2203 5516 2245 5547 ⁹²
2276 5514 2447 5568 Exod.
2482 5529 2675 5577 xxxm,
2700 5513 2791 5578 22,
2825 5515 2915 5568 25.

2139 5668 2236 5703 σαν
2272 5651 2408 5720 μετά
2439 5653 2498 5704 τὸ
2533 5651 2762 5715 ἐξελθεῖν
2784 5651 2890 5703 ἀπὸ
2912 5650 3004 5702 τοῦ
3033 5648 3276 5720 σωματος
3300 5649 3391 5702 τοῦ
3431 5649 3704 5720 ἰχθυῖκοῦ,

2138 5718 2552 5804 κιαὶῃγινομενην
2581 5738 2632 5773 τι
2660 5723 2922 5804 κρεῖττον.
2972 5718 3104 5788 Παρ’
3157 5719 3304 5787 ἰχθῦν
3357 5718 3708 5791 παράδειγμα

2140 5789 2355 5844 ἔλαϐον·
2389 5789 2462 5856 μὴ
2497 5789 2744 5855 ἀφορμάς
2775 5805 2873 5851 τις,
2907 5799 3006 5844 ulc.
