4218 6292
372 386 469 447 Ml
1521 386 1587 442 IN
1620 388 1949 445 JEREMIAK

2045 389 2288 446 IOMILIA
2324 388 2464 445 xu.
2550 354 2555 357 ’
3511 392 3618 448 ιιι

369 501 572 568 πέτρας
620 497 712 554 καὶ
765 499 864 563 τὰς
902 494 963 553 ἑν
1004 497 1123 564 ταῖς
1156 497 1382 572 πέτραις
1412 500 1760 572 τρυμαλιάς;
1812 503 1943 574 Ἔρ-

2046 502 2211 558 debis.
2256 500 2311 556 Si
2345 502 2661 558 consideres
2681 501 2811 572 quid
2832 501 2904 557 ibi
2941 511 3089 571 petra
3121 500 3352 567 dicatur,
3383 510 3438 556 et
3466 501 3614 559 fora-

369 608 536 667 χομαι
562 594 655 647 ἐπὶ
684 591 781 663 τὴν
804 592 1072 657 Ἕξοδον,
1097 592 1276 664 ζητῶν
1292 593 1433 663 ἴχνος
1450 594 1629 665 εὑρεῖν
1644 593 1944 666 διηγήσεως

2047 606 2172 646 men
2197 601 2382 661 petrae,
2413 591 2669 661 intelligis
2693 600 2748 646 et
2776 600 3008 646 caeteras
3032 596 3234 659 petras,
3261 598 3316 643 et
3338 600 3612 658 petrarum

369 684 478 739 τῶν
512 684 828 756 τρυμαλιῶν
856 685 965 738 τῶν
995 685 1210 756 πετρῶν
1232 701 1248 716 ο
1280 686 1519 757 εὑρίσκω
1552 686 1793 739 Μωῦσέα
1821 688 1939 739 ἐκεῖ

2045 682 2336 739 foramina.
2392 681 2525 748 Quae
2576 682 2741 753 igitur
2784 689 2866 736 est
2909 681 3097 750 petra!
3147 680 3411 736 Dominus
3455 679 3616 738 Jesus

373 775 692 847 βουλόμενον
727 774 931 843 γνῶναι
957 776 1048 831 τὸν
1073 776 1207 829 Θεὸν
1225 815 1240 841 ,
1281 776 1375 829 καὶ
1398 776 1490 830 τὸν
1515 776 1647 829 Θεὸν
1677 776 1946 844 ἐπαγγελ-

2045 774 2317 830 Christus.
2339 774 2596 829 Bibebant
2622 774 2761 828 enim
2789 772 2854 826 de
2875 770 3148 841 spirituali
3167 780 3409 841 sequente
3428 789 3515 827 eos
3528 792 3618 844 pe-

373 869 593 941 λόμενον
624 867 794 938 αὐτῷ,
848 868 944 921 καὶ
995 868 1258 937 λέγονται
1322 868 1475 923 Ἰδοὺ
1514 866 1682 935 θήσω
1730 883 1806 923 σε
1857 871 1946 935 εὶς

2047 877 2135 923 tra
2148 868 2218 924 “.
2259 866 2330 921 Et
2357 882 2516 937 super
2543 874 2749 936 petram
2778 864 2970 919 statuit
2986 864 3141 934 pedes
3168 880 3306 919 meos
3334 865 3410 932 ³⁸,
3444 866 3498 919 in
3523 868 3618 920 tri-

376 958 532 1028 ὀπὴν
546 958 658 1028 τῆς
685 958 925 1027 πέτρας,
947 960 1045 1013 καί
1071 959 1466 1027 κατανοήσεις
1475 977 1595 1028 μου
1617 959 1690 1014 τὰ
1716 960 1908 1013 ὀπίσω
1926 976 1942 990 ·

2051 953 2262 1030 gesimo
2308 973 2458 1013 nono
2496 957 2710 1027 psalmo
2760 954 2982 1010 dicitur.
3042 953 3196 1020 Quod
3244 965 3329 1010 est
3373 954 3617 1010 foramen

376 1052 437 1104 τ)
488 1050 558 1104 δὲ
610 1053 935 1118 πρόσωπόν
967 1068 1088 1120 μου
1130 1054 1242 1105 οὐκ
1284 1050 1613 1121 ὀφθήσεταί
1644 1064 1764 1104 σοι.
1821 1050 1947 1105 Ἐὰν

2054 1050 2262 1121 ρειῐωῖ
2299 1048 2429 1104 Vide
2475 1062 2601 1103 eum
2657 1045 2800 1116 apud
2850 1044 3018 1101 Deum
3062 1044 3277 1101 Patrem
3304 1084 3320 1110 ,
3382 1044 3617 1101 Verbum

373 1144 573 1215 νοήσῃς
603 1143 720 1195 ἐκεῖ
737 1142 837 1213 τὴν
873 1141 1099 1213 πέτραν,
1141 1145 1238 1197 καὶ
1270 1142 1389 1215 ῐδῃς
1427 1143 1545 1194 ἐκεῖ
1569 1141 1669 1212 τὴν
1692 1140 1831 1211 ὀπὴν
1851 1141 1951 1212 τῆς

372 1233 601 1306 πέτρας,
639 1233 759 1287 τίνα
789 1232 989 1305 τρόπον
1023 1234 1117 1286 ἐπὶ
1146 1234 1245 1303 τῆς
1277 1232 1480 1304 πέτρας
1519 1230 1692 1296 ἱστὰς,
1726 1232 1822 1285 καὶ
1850 1232 1950 1303 τὴν

370 1327 516 1399 ὀπὴν
539 1325 638 1397 τὴν
661 1327 720 1379 ἐν
741 1329 810 1397 τῇ
835 1325 1013 1399 πέτρᾳ
1045 1324 1188 1390 ἰδὼν,
1224 1324 1444 1396 βλέπεις
1472 1325 1564 1379 τὸν
1590 1324 1723 1378 Θεὸν
1745 1323 1833 1378 διὰ
1853 1323 1952 1394 τῆς

368 1417 518 1487 ὀπῆς
567 1417 689 1488 τῆς.
711 1417 918 1489 πέτρας
936 1439 973 1479 ,·
1001 1417 1122 1487 bibet
1157 1434 1220 1471 τε
1262 1417 1359 1471 καὶ
1390 1416 1492 1488 τὰς
1519 1416 1719 1481 πολλὰς
1748 1415 1952 1487 πέτρας

373 1509 471 1562 καὶ
510 1507 818 1579 τρυμαλιὰς
854 1507 1054 1562 αὐτῶν.
1115 1506 1211 1572 Τίς
1259 1503 1353 1562 οὖν
1401 1509 1585 1579 ἐκείνη
1629 1509 1663 1579 ἡ
1693 1508 1888 1579 -πέτρα
1914 1509 1948 1578 ἡ

2054 1138 2250 1206 Deum,
2299 1139 2510 1193 videbis
2535 1138 2802 1208 integram
2828 1147 3072 1208 petram;
3104 1136 3229 1192 vide
3257 1138 3621 1207 dispensatio-

2053 1246 2177 1286 nem
2211 1229 2481 1300 assumpti
2504 1229 2774 1299 corporis,
2806 1228 3015 1284 videbis
3040 1228 3282 1284 foramen
3314 1238 3500 1300 petrae,
3525 1245 3623 1300 per

2050 1320 2203 1391 quod
2244 1322 2546 1391 posteriora
2577 1319 2674 1375 Dei
2695 1319 2852 1390 juxta
2885 1320 3304 1390 possibilitatem
3335 1308 3624 1378 imbecilli-v

2054 1414 2182 1470 tatis
2244 1427 2359 1468 suae
2411 1411 2687 1466 humanus
2735 1412 2977 1467 intuetur
3016 1421 3289 1484 aspectus.
3331 1411 3448 1469 Hoc
3473 1415 3621 1470 enim

2050 1515 2133 1561 est
2167 1504 2315 1575 quod
2342 1503 2420 1558 ait
2451 1502 2497 1534 "
2528 1519 2542 1555 :
2584 1498 2792 1557 Videbis
2819 1505 3107 1573 posteriora
3141 1521 3277 1559 mea.

376 1599 509 1669 μίας
553 1598 618 1652 Ἦ
665 1600 841 1671 πέτρα
886 1600 945 1654 δὲ
976 1595 1048 1672 ἦν
1094 1602 1124 1654 ὸ
1170 1600 1421 1672 Χριστός.
1469 1601 1720 1654 Ἔπινον
1742 1599 1854 1668 γὰρ
1889 1599 1959 1653 ἐκ
2029 1595 2434 1667 πνευματικῆς
2474 1594 2932 1662 ἀκολουθούσης
2961 1594 3200 1663 πέτρας.
3221 1594 3332 1651 Καὶ
3358 1596 3623 1664 ἔστησεν

370 1693 472 1747 ἐπὶ
521 1691 748 1761 πέτραν
797 1693 941 1759 τοὺς
984 1692 1176 1759 πόδας
1214 1710 1354 1763 μου,
1406 1695 1464 1748 ὲν
1493 1693 1571 1762 τῷ
1605 1692 1809 1764 ὲννάτῳ
1856 1693 1951 1746 καὶ
1989 1690 2297 1763 τριακοστῷ
2347 1692 2559 1761 λέγεται
2592 1688 2813 1763 ψαλμῷ.
2838 1690 2934 1754 Τίς
2955 1693 2990 1761 ἡ
3025 1689 3131 1760 ὸπὴ
3154 1691 3188 1760 ἡ
3218 1691 3274 1742 ὲν
3294 1691 3361 1760 τῇ
3406 1689 3617 1760 πέτρας

300 1768 310 1774 ’
371 1782 469 1837 ἐὰν
514 1783 630 1857 ἴδῃς
666 1784 765 1854 τὴν
812 1783 982 1856 Ἰησοῦ
1023 1785 1348 1857 ἐπιδημίαν,
1390 1787 1509 1842 ὅλον
1545 1789 1707 1843 αὐτὸν
1736 1791 1936 1861 νοήσας
1973 1788 2199 1860 πέτραν,
2230 1788 2352 1859 ὄψει
2393 1789 2493 1861 τὴν
2531 1789 2671 1861 ὀπὴν
2708 1787 2851 1842 κατά
2891 1786 2991 1857 τὴν
3019 1786 3309 1856 ἐπιδημίαν
3337 1784 3524 1851 αὑτοῦ,
3550 1784 3618 1837 δι’

370 1872 440 1947 ἦς
482 1875 620 1947 ὀπῆς
646 1876 927 1949 θεωρεῖται
958 1878 1020 1931 τὸ
1056 1878 1194 1950 μετὰ
1230 1880 1320 1934 τὸν
1351 1881 1507 1938 Θεὸν.
1548 1882 1801 1937 Τοιοῦτον
1827 1883 1935 1955 γὰρ
1973 1887 2173 1938 νοεῖται
2201 1885 2258 1937 ὲν
2289 1884 2399 1955 τῷ·
2447 1883 2558 1938 Καὶ
2596 1885 2733 1953 ὄψει
2764 1881 2836 1937 τὰ
2874 1882 3065 1935 ὀπίσω
3091 1898 3231 1951 μου.

454 1968 592 2022 Ἀλλ’
622 1964 777 2042 εὗρον
804 1972 931 2043 μίαν
962 1973 1102 2045 ὀπὴν
1122 1976 1251 2044 μιᾶς
1278 1975 1503 2046 πέτραςο
1536 1977 1840 2047 μεταδαίνω
1863 1975 1941 2046 τῷ

2112 1978 2167 2033 ’5.
2204 1975 2387 2030 Inveni
2427 1992 2592 2031 unam
2639 1989 2929 2031 cavernam
2966 1974 3129 2028 unius
3182 1983 3385 2041 petrae;
3435 1985 3621 2040 qua-ro

368 2058 513 2130 λόγῳ
543 2061 653 2115 ἀπὸ
684 2062 784 2132 τῆς
813 2064 954 2132 ὀπῆς
983 2065 1076 2117 ὲπὶ
1100 2064 1198 2136 τὴν
1239 2066 1543 2137 τρυμαλιὰν
1582 2068 1680 2137 τῆς
1718 2069 1943 2139 πέτρας,

367 2144 635 2218 ζητῶκαὶ
660 2150 757 2215 τὰς
784 2152 984 2216 πολλὰς
1012 2154 1237 2226 πέτρας.
1280 2157 1407 2210 Ἐὰν
1432 2155 1570 2210 ἔλθω
1609 2159 1703 2211 ἐπὶ
1738 2159 1828 2212 τὸν
1853 2175 1947 2228 χο-

368 2241 467 2313 ρὸν
500 2240 611 2294 εἴτε
641 2242 749 2296 τῶν
782 2245 1070 2316 προψητῶν
1090 2285 1106 2309 ,
1149 2245 1258 2299 εἴτε
1303 2246 1414 2302 τῶν
1444 2248 1759 2303 ἀποστόλων
1782 2290 1795 2314 ,
1837 2250 1947 2303 εἴτε

367 2328 465 2381 καὶ
497 2329 982 2402 ἑπαναὸεὸηκότων
1013 2335 1182 2402 ἁγίων
1208 2335 1474 2403 ἀγγέλων,
1501 2334 1662 2405 λέγω,
1698 2338 1780 2391 ὅτι
1809 2338 1947 2392 πάν-

363 2435 460 2481 τες
474 2420 523 2471 οί
550 2420 788 2491 Χριστοῦ
823 2424 1079 2495 μιμηταὶ,
1112 2425 1188 2491 ὡς
1218 2427 1424 2490 ἐκεῖνος
1449 2426 1624 2499 πέτρα
1670 2429 1816 2494 ἐστὶ,
1852 2429 1949 2482 πέ-

366 2526 473 2581 τρα
504 2510 766 2579 γίνονται.
796 2514 906 2568 Καὶ
947 2515 1135 2588 ὥσπερ
1161 2518 1370 2581 ἐκεῖνος
1406 2516 1521 2588 ἔχει
1564 2518 1730 2590 ὸπὴν,
1785 2519 1854 2573 δι’
1879 2516 1951 2592 ἦς·

369 2604 709 2655 κατανοεϊται
733 2604 804 2657 τὰ
829 2605 1005 2658 ὀπίσω
1043 2606 1136 2660 τοῦ
1184 2607 1321 2662 Θεοῦ
1341 2649 1356 2674 ,
1401 2611 1492 2664 τὸν
1534 2610 1700 2665 αὐτὸν
1746 2611 1946 2682 τρόπον

366 2690 621 2756 ἕκαστος,
651 2692 768 2746 ὁδὸν
793 2694 969 2760 διδοὺς
998 2696 1091 2750 τοῦ
1111 2698 1347 2752 νοεῖσθαι
1374 2699 1508 2754 Θεὸν
1533 2700 1622 2754 διὰ
1650 2700 1758 2754 τῶν
1794 2700 1949 2768 λεγο-

371 2783 548 2852 μένων
578 2785 669 2838 ὑπ’
687 2785 874 2851 αὐτοῦ,
900 2790 1046 2841 ποιεῖ
1074 2790 1131 2842 ὲν
1155 2788 1305 2862 αὐτῷ
1341 2788 1498 2858 ὀπήν.
1532 2791 1596 2845 Εἰ
1619 2790 1678 2844 δὲ
1712 2791 1806 2845 καὶ
1847 2790 1945 2846 ἄλ-

366 2877 475 2941 λως
498 2876 675 2948 βούλει
702 2878 966 2949 ὀνομάσαι
1018 2881 1346 2953 τρυμαλιὰν,
1379 2884 1472 2953 ἀφ’
1503 2879 1571 2955 ἧς
1597 2884 1736 2954 ὀπῆς
1761 2884 1795 2954 ἢ
1816 2900 1947 2957 τρυ-

302 3031 308 3035 ν
370 2966 571 3036 μαλιᾶς
609 2967 729 3038 ὄψει
777 2968 869 3023 διὰ
917 2970 1015 3040 μὲν
1056 2972 1331 3036 Μωῦσέως
1385 2974 1479 3027 τὸν
1507 2973 1669 3044 νόμον
1693 3013 1708 3038 ,
1741 2973 1831 3028 διὰ
1886 2975 1946 3030 δὲ

379 3059 603 3111 Ἡσαΐου
622 3058 721 3131 τὴν
754 3061 1088 3133 προφητείαν
1119 3063 1306 3129 αὑτοῦ,
1336 3063 1426 3118 διὰ
1454 3065 1511 3118 δὲ
1555 3064 1814 3135 Ἱερεμίου
1852 3064 1949 3119 ἄλ-

367 3147 493 3212 λους
525 3148 715 3218 λόγους
747 3150 904 3207 Θεοῦ.
953 3153 1017 3205 Et
1058 3152 1117 3206 δὲ
1149 3156 1244 3209 καὶ
1287 3155 1517 3224 ἄγγελος
1557 3155 1706 3209 ἔσται
1746 3155 1943 3221 λαλῶν,

365 3237 445 3300 ὡς
473 3238 723 3310 ὲλάλησε,
755 3242 898 3296 κατὰ
926 3242 988 3296 τὸ
1024 3246 1314 3315 εἰρημένον
1359 3248 1419 3299 ὲν
1462 3245 1541 3317 τῷ
1590 3245 1941 3318 Εὑαγγελίῳ·

2049 2068 2184 2124 alias
2217 2077 2425 2138 petras,
2479 2077 2534 2122 et
2577 2067 2715 2123 alias
2756 2080 3049 2130 cavernas;
3092 2064 3250 2118 venio
3292 2062 3358 2117 ad
3387 2062 3616 2116 chorum

2048 2162 2437 2228 prophetarum
2461 2168 2624 2228 atque
2641 2156 3008 2227 apostolorum
3040 2162 3095 2209 et
3121 2151 3618 2208 transcendentium

2049 2255 2362 2301 sanctorum
2415 2247 2759 2317 angelorum,
2804 2253 2859 2301 et
2888 2245 3012 2300 dico
3042 2243 3168 2313 quia
3208 2257 3399 2297 omnes
3442 2241 3624 2296 imita-

2050 2344 2195 2391 tores
2240 2335 2444 2391 Christi
2493 2345 2659 2407 petrae
2699 2338 2832 2401 sint,
2885 2344 2945 2390 ut
2995 2343 3142 2404 petra
3171 2341 3255 2389 est
3283 2332 3370 2387 ille
3397 2332 3491 2402 qui
3522 2333 3623 2386 do—

2048 2430 2185 2483 cuit.
2217 2427 2280 2483 Et
2312 2430 2458 2483 sicut
2489 2430 2592 2484 iste
2620 2428 2783 2483 habet
2814 2427 3058 2483 foramen
3090 2442 3185 2496 per
3203 2425 3351 2496 quod
3372 2424 3625 2479 videntur

2047 2521 2350 2590 posteriora
2385 2519 2513 2587 Dei;
2549 2520 2739 2575 eodem
2783 2520 2946 2575 modo
2969 2518 3343 2588 unusquisque
3373 2524 3622 2571 nostrum

2048 2611 2141 2680 qui
2185 2626 2282 2680 per
2323 2626 2608 2667 sermones
2639 2627 2770 2667 suos
2799 2612 2945 2665 viam
2986 2609 3175 2680 pandit
3206 2608 3272 2663 ad
3312 2607 3620 2676 intelligen-

2046 2701 2176 2756 dum
2222 2701 2417 2767 Deum,
2457 2702 2588 2756 facit
2615 2713 2670 2757 et
2716 2718 2775 2758 se
2821 2701 3066 2756 foramen
3108 2708 3295 2770 petrae.
3350 2698 3409 2752 Si
3441 2706 3621 2751 autem

2046 2791 2205 2846 aliter
2257 2792 2342 2847 vis
2400 2792 2703 2862 intelligere
2754 2799 2988 2862 petram,
3040 2802 3095 2846 et
3143 2798 3308 2860 petrae
3354 2786 3620 2850 foramen,

2045 2882 2170 2939 ride
2213 2899 2309 2953 per
2340 2883 2563 2956 Moysen
2610 2884 2820 2953 legem;
2863 2898 2960 2953 per
3001 2880 3198 2939 Isaiam
3244 2876 3619 2951 prophetiam;

2045 2988 2144 3045 per
2187 2972 2481 3028 Jeremiam
2530 2974 2633 3028 alia
2681 2973 2899 3043 eloquia
2933 2973 3137 3028 divina.
3166 2969 3262 3025 Sin
3295 2962 3622 3038 vero'ange-
3692 3028 3695 3031 _

2047 3064 2133 3119 lus
2159 3061 2321 3119 fuerit
2345 3073 2397 3118 ct
2424 3064 2681 3133 loquatur
2703 3063 2757 3117 in
2790 3062 3204 3129 hontine,juxta
3231 3059 3362 3113 illud
3396 3056 3624 3128 prophe-

2046 3156 2216 3211 ticum
2241 3156 2286 3188 "
2312 3175 2324 3210 :
2352 3155 2582 3226 Angelus
2612 3157 2703 3226 qui
2731 3154 3044 3227 loquebatur
3075 3154 3129 3207 in
3155 3169 3256 3219 me,
3288 3160 3408 3207 asto
3439 3150 3492 3203 in
3519 3164 3621 3207 an-

2047 3246 2187 3317 gelo,
2238 3257 2292 3301 et
2326 3262 2421 3316 per
2445 3246 2692 3302 foramen
2714 3246 2833 3316 ejus
2863 3245 3107 3315 angelice
3138 3244 3292 3299 video
3321 3242 3510 3297 Deum.

377 3330 434 3382 '0
455 3331 663 3387 λαλῶν
687 3334 757 3387 ἐν
781 3334 911 3404 ἐμοὶ
937 3335 1034 3407 (1),
1055 3337 1229 3409 ,κάκεί
1257 3338 1482 3409 ἵσταμαι
1513 3338 1606 3392 ἐπὶ
1636 3338 1731 3392 τοῦ
1771 3339 2028 3410 ἀγγέλου,
2096 3339 2191 3392 καὶ
2219 3337 2431 3409 βλέπων
2457 3341 2619 3393 κάκεῖ
2659 3338 2883 3412 πέτραν,
2928 3338 3022 3391 καὶ
3079 3336 3218 3409 ὀπὴν
3267 3334 3493 3408 πέτρας,
3527 3338 3624 3393 καὶ

371 3423 581 3494 βλέπων
606 3424 912 3494 ἁγγελικῶς
936 3427 1028 3483 τὸν
1061 3427 1218 3484 Θεὸν.

451 3514 609 3570 Ἀλλὰ
635 3517 1075 3589 παραδείγματός
1108 3537 1199 3591 μοι
1239 3521 1397 3593 χρεία
1420 3561 1436 3585 ,
1481 3521 1568 3577 ἴνα
1606 3521 1943 3594 παραστήσω

2117 3521 2172 3576 4.
2232 3520 2551 3591 Exemplum
2606 3521 2782 3577 habeo
2839 3520 3228 3582 necessarium.
3284 3528 3345 3575 ut
3392 3518 3615 3575 doceam

370 3605 486 3671 πῶς
515 3604 659 3662 ἔστιν
688 3607 909 3662 ἐλθόντα
934 3610 1024 3663 ἐπὶ
1049 3610 1278 3680 ἄγγελον
1295 3653 1310 3678 ,
1340 3613 1436 3666 καὶ
1464 3613 1531 3667 δι’
1569 3613 1800 3681 ἀγγέλου
1849 3612 1941 3667 τὸν

368 3695 499 3749 Θεὸν
525 3696 672 3751 iactv.
691 3697 1000 3769 Γέγραπται
1032 3700 1143 3772 γὰρ
1174 3702 1235 3756 ὲν
1263 3703 1329 3772 τῇ
1346 3700 1597 3769 Ἐξόδῳ·
1619 3703 1810 3771 Ὠφθη
1838 3701 1943 3772 ἄγκ-

370 3790 547 3855 γελος
572 3789 794 3856 Κυρίου
816 3791 891 3843 ἐν
907 3792 1086 3861 φλογὶ
1108 3791 1299 3860 πυρὸς
1314 3790 1510 3857 ,ϐάτου
1551 3791 1633 3858 τῷ
1683 3792 1936 3848 Μωυσεῖ.

370 3881 478 3935 Καὶ
508 3878 619 3948 δρᾷ
641 3880 906 3949 Μωῠσῆς
927 3881 1016 3936 ὅτι
1043 3884 1083 3952 ἠ
1106 3881 1298 3951 βάτος
1317 3885 1542 3956 καίεται
1563 3886 1728 3954 πυρὶ,
1764 3887 1862 3941 καί
1896 3889 1934 3957 ἡ

363 3968 556 4035 ,ϐάτος
602 3972 676 4024 οὐ
712 3972 1111 4028 κατακαίεται.
1156 3975 1267 4028 Καὶ
1298 3974 1399 4027 οὐκ
1442 3970 1594 4030 εἶπεν
1635 3977 1669 4047 ή
1726 3975 1937 4049 Γραφὴ,

368 4059 556 4132 ὥσπερ
589 4057 709 4116 εἷπε
749 4064 892 4119 κατὰ
929 4064 1027 4136 τὴν
1068 4062 1241 4136 ἀρχὴν
1259 4103 1275 4128 ,
1307 4064 1389 4118 ὅτι
1406 4105 1421 4130 ,
1466 4065 1640 4137 Ὠφθη
1690 4066 1939 4137 ἄγγελος,

367 4151 539 4216 οὕτως
590 4153 776 4208 ἐνθάδε
800 4196 816 4221 ,
851 4155 953 4220 ὅτι,
991 4154 1257 4223 Ἀγγελος
1300 4154 1506 4227 Κυρίου
1525 4172 1541 4188 °
1591 4157 1704 4210 ἀλλ’
1724 4175 1738 4188 ·
1795 4157 1942 4228 Ἐγὼ

370 4241 514 4309 Θεὸς
548 4244 813 4314 Ἀϐραὰμ,
846 4245 944 4300 καί
980 4244 1125 4310 Θεὸς
1168 4245 1384 4309 Ἰσαὰκ,
1413 4245 1512 4300 καί
1540 4247 1685 4312 Θεὸς
1726 4246 1938 4302 Ἰακώϐ.

368 4328 475 4387 Ἧν
503 4327 597 4387 οὖν
618 4335 737 4388 ἐκεῖ
772 4337 802 4388 ὸ
830 4335 963 4399 Θεὸς
1003 4337 1061 4390 έν
1091 4334 1170 4407 τῷ
1204 4335 1420 4407 ἀγγέλῳ
1444 4335 1834 4409 θεωρούμενος,
1865 4336 1942 4401 ὡς

366 4424 454 4479 διὰ
477 4424 580 4495 τῆς
601 4426 802 4498 πέτρας
825 4427 958 4489 Θεὸς
979 4427 1400 4499 γινωσκόμενος,
1420 4428 1515 4482 καὶ
1544 4429 1645 4501 τῆς
1669 4426 1812 4499 ὀπῆς
1842 4428 1940 4499 τῆς

367 4516 425 4568 ἐν
454 4515 620 4588 αὐτῷ.
649 4519 765 4571 Οὐκ
788 4515 935 4582 οἶδας
958 4516 1051 4575 οὖν
1080 4519 1209 4574 πότε
1240 4519 1546 4591 πέμπονται
1574 4522 1622 4575 oi
1652 4520 1933 4594 θηρευταίο

364 4606 455 4661 διὰ
479 4607 640 4663 τοῦτο
680 4609 945 4681 μηδέποτε
983 4611 1090 4665 ἀπὸ
1121 4610 1228 4683 τῶν
1267 4612 1439 4685 ὀρέων
1477 4612 1748 4685 καταόῇς,
1802 4615 1939 4687 μηδὲ

367 4697 674 4771 καταλίπῃς
704 4702 828 4765 τοὺς
869 4701 1106 4771 βουνοὺς,
1131 4703 1265 4774 μηδὲ
1297 4702 1400 4768 ἔξω
1428 4704 1504 4777 (2)
1546 4706 1805 4777 εὑρεθῇς·
1848 4705 1937 4759 λε·-

365 4785 628 4859 κθήσεταί
663 4806 745 4844 σοι
785 4791 860 4854 ὡς
882 4790 987 4857 ἔξω
1011 4793 1344 4863 τυγχάνοντι,
1378 4796 1473 4849 καὶ
1496 4795 1703 4865 λέγοντι
1738 4796 1807 4851 τὰ
1830 4798 1937 4851 τῶν

2044 3609 2320 3678 quomodo
2363 3612 2540 3679 possit
2568 3610 2767 3680 aliquis
2797 3611 2850 3664 in
2883 3609 3073 3680 angelo
3102 3610 3408 3665 consistens
3437 3609 3620 3662 videre

2044 3699 2239 3754 Deum.
2271 3700 2546 3771 Scriptum
2573 3711 2652 3757 est
2682 3702 2735 3755 in
2767 3700 2955 3757 Exodo
2980 3702 3025 3733 ’⁸
3062 3720 3077 3756 :
3110 3699 3367 3770 Apparuit
3403 3698 3617 3768 angelus

2047 3790 2258 3845 Domini
2304 3792 2360 3844 in
2403 3792 2620 3861 ﬂamma
2652 3791 2772 3846 rubi
2821 3792 3029 3862 Moysi,
3072 3801 3122 3845 et
3158 3790 3365 3845 videbat
3410 3789 3618 3859 Moyses

2040 3883 2166 3953 quia
2202 3882 2425 3935 ardebat
2469 3883 2652 3948 rubus,
2713 3893 2762 3936 et
2801 3899 2904 3936 non
2947 3880 3368 3935 comburebatur.
3404 3877 3471 3933 Et
3509 3895 3614 3934 non

2041 3970 2204 4026 sicuti
2234 3979 2474 4040 coeperat
2509 3969 2793 4041 Scriptura
2834 3970 2890 4024 in
2929 3985 2995 4024 eo
3021 3970 3166 4038 quod
3204 3960 3418 4026 dixerat
3448 3989 3464 4028 :
3502 3971 3611 4041 Ap-

2039 4061 2224 4132 paruit
2256 4062 2481 4130 angelus
2509 4060 2746 4127 Domini,
2777 4062 2858 4115 sic
2889 4069 2943 4115 et
2970 4061 3024 4114 in
3060 4060 3283 4132 reliquis
3322 4064 3617 4119 subsecuta

2040 4158 2146 4216 est,
2192 4158 2253 4204 ut
2297 4149 2502 4203 diceret
2532 4166 2546 4203 :
2577 4148 2690 4219 Ego
2721 4150 2945 4219 angelus
2985 4149 3235 4220 Domini,
3281 4153 3375 4208 sed
3402 4154 3479 4208 ait
3515 4155 3561 4189 "
3599 4173 3611 4206 :

2042 4238 2157 4310 Ego
2192 4238 2331 4293 Deus
2353 4230 2621 4292 Abraham
2642 4279 2658 4303 ,
2691 4246 2741 4292 et
2772 4238 2912 4293 Deus
2945 4238 3129 4306 Isaac,
3162 4251 3212 4297 et
3245 4240 3387 4297 Deus
3413 4241 3608 4297 Iacob.

2040 4328 2170 4386 Erat
2199 4345 2331 4401 ergo
2382 4329 2456 4384 ibi
2483 4328 2628 4384 Deus
2660 4330 2713 4383 in
2741 4330 2935 4402 angelo
2959 4332 3190 4388 visibilis
3209 4372 3224 4399 ,
3264 4341 3320 4389 et
3349 4349 3444 4404 per
3467 4332 3614 4388 fora-

2041 4437 2165 4476 men
2212 4420 2330 4492 ejus
2368 4421 2705 4490 apparebant
2748 4422 3047 4491 posteriora
3077 4424 3216 4494 ejus.
3259 4424 3397 4492 Quia
3449 4423 3616 4495 igitur

2040 4517 2223 4573 ueseis
2254 4531 2366 4587 quo
2395 4523 2642 4587 tempore
2671 4519 2961 4574 mittantur
3005 4527 3292 4574 venatores
3315 4558 3330 4583 ,
3369 4531 3503 4571 cave
3546 4532 3613 4570 ne

2040 4613 2339 4686 aliquando
2382 4611 2451 4668 de
2484 4622 2669 4668 monte
2701 4613 3000 4669 descendas
3024 4651 3041 4677 ,
3084 4627 3154 4667 ne
3185 4611 3463 4680 relinquas
3495 4610 3610 4666 col-

2039 4705 2141 4773 les,
2184 4720 2253 4761 ne
2294 4705 2361 4760 de
2400 4705 2650 4760 cavernis
2679 4714 2954 4775 petrarum
2984 4717 3164 4757 exeas.
3203 4698 3260 4755 Si
3291 4701 3434 4756 enim
3478 4701 3612 4757 foris

2040 4793 2210 4850 fueris
2258 4795 2533 4863 inventus,
2577 4796 2827 4851 dicentur
2861 4793 2956 4848 tibi
2995 4807 3059 4847 ea
3088 4808 3212 4862 qua:
3244 4792 3280 4847 ii
3325 4792 3418 4863 qui
3473 4793 3610 4850 foris

362 4875 502 4942 ἔξω·
545 4878 785 4949 Ἀφρογ,
812 4884 1001 4953 ταύτῃ
1034 4883 1109 4953 τῇ
1140 4886 1311 4939 νυκτὶ
1332 4863 1649 4942 ἀπαιτοῦσι
1676 4885 1792 4955 τὴν
1817 4890 1936 4956 ψυ-

2045 4896 2168 4943 sunt
2206 4895 2483 4942 merentur
2522 4887 2711 4941 audire
2751 4886 2796 4917 ⁸⁸
2826 4904 2839 4940 :
2865 4883 3062 4951 Stulte,
3094 4885 3194 4939 hac
3237 4896 3387 4941 nocte
3426 4889 3610 4941 anima

362 4970 485 5039 χήν
509 4986 628 5027 σου
656 4973 772 5027 ἀπὸ
819 4973 967 5027 σοῦ·
1009 4973 1048 5027 ἂ
1086 4973 1156 5027 δὲ
1197 4976 1528 5044 ἡτοίμασας
1567 4976 1686 5028 τίνι
1721 4974 1938 5037 gazae;

364 5061 700 5134 Λεχθήσεται
727 5062 784 5117 δέ
804 5081 885 5117 σοι
911 5063 1105 5127 ταῦτα,
1135 5063 1230 5117 ἐὰν
1259 5066 1503 5138 φάσκῃς·
1544 5065 1788 5120 Καθελῶ
1815 5083 1936 5135 μου

361 5152 472 5217 τὰς
499 5153 829 5221 ἀποθήκας,
862 5155 958 5208 καὶ
979 5153 1254 5223 μείζονας
1290 5153 1678 5224 οἰκοδομήσω,
1707 5154 1805 5208 καὶ
1825 5151 1938 5221 ἐρῶ

361 5238 440 5307 τῇ
480 5241 654 5312 ψυχῇ
672 5260 824 5311 μουο
873 5244 1046 5313 Ψυχὴ
1071 5285 1087 5309 ,
1127 5244 1287 5314 ἔχεις
1326 5246 1517 5314 ἀγαθὰ
1564 5245 1809 5314 κείμενα
1850 5246 1937 5311 είς

360 5331 468 5399 ἐτη
514 5333 741 5388 πολλῶ
797 5337 1132 5405 ἀναπαύου,
1180 5335 1366 5407 φάγε,
1397 5337 1495 5391 πίε
1519 5377 1533 5401 ,
1585 5336 1932 5406 εὐφραίνου.

2040 4987 2133 5055 tua
2174 4985 2379 5048 repente
2418 4977 2687 5045 auferetur
2714 4975 2876 5048 230
2908 4995 2941 5032 a
2976 4987 3062 5034 te:
3083 4996 3200 5049 quae
3240 4990 3414 5035 autem
3442 4997 3607 5052 para-

2037 5067 2143 5130 sti,
2177 5069 2327 5136 cujus
2353 5066 2546 5120 erunt?
2577 5064 2836 5119 Dicentur
2864 5077 3043 5121 autem
3067 5068 3162 5121 tibi
3197 5066 3321 5129 ista,
3369 5067 3414 5120 si
3457 5068 3609 5121 dixe—

2036 5156 2114 5212 ris
2152 5173 2166 5210 :
2202 5155 2483 5210 Destruam
2525 5154 2824 5225 apothecas,
2852 5146 2902 5208 et
2935 5156 3157 5225 majores
3199 5156 3508 5225 aediﬁcabo,
3557 5163 3606 5207 et

2039 5246 2213 5300 dicam
2248 5247 2444 5301 anima:
2473 5261 2599 5300 meae
2641 5259 2658 5299 :
2694 5245 2910 5310 Anima,
2942 5245 3098 5299 habes
3122 5246 3257 5300 bona
3290 5247 3514 5316 reposita
3552 5245 3607 5297 in

2035 5353 2200 5393 mmo»
2245 5341 2466 5404 multos;
2518 5337 2774 5407 requiesce
2801 5378 2815 5399 ,
2866 5336 3075 5390 comede
3105 5378 3121 5405 ,
3185 5337 3338 5402 bibe,
3397 5334 3602 5391 (tutare.

435 5444 538 5532 ’χι
572 5444 700 5532 Gsr'.
729 5462 785 5510 Χ,
815 5448 868 5502 4.
912 5447 1184 5532 Mutfsal.
1216 5464 1405 5516 xxxix,
1436 5449 1490 5502 5.
1565 5449 1610 5481 ’⁸
1639 5446 1807 5532 Exod.
1851 5465 1949 5504 xxx

2045 5450 2176 5507 .25.
2251 5452 2297 5486 ’τ
2322 5418 2488 5504 Ζοοῑι.
2534 5465 2594 5514 ιι,
2627 5450 2679 5504 5.
2756 5446 3003 5504 "Exod.
3051 5463 3134 5512 ιιι,
3170 5450 3227 5502 2.
3329 5449 3374 5481 ιο
3429 5447 3604 5506 Exod.

365 5529 446 5581 Vt,
478 5514 530 5568 ’5.
607 5514 652 5546 ³⁰
679 5515 810 5571 Luc.
869 5531 969 5583 xtl,
999 5519 1088 5571 ‘20.

564 5608 741 5683 κατὰΔ
754 5609 818 5662 τὸ
838 5611 1169 5683 ‘elprutéror
1200 5613 1270 5683 ἐν
1311 5610 1391 5677 τῷ
1408 5612 1768 5683 *Εὐαγγαίίῳ
1788 5632 1801 5645 ο
1867 5617 1919 5670 '0

2045 5612 2156 5668 me
2196 5611 2463 5681 ejusmodi
2503 5611 2881 5683 ἁμαρτήματα
2908 5607 3127 5680 Origeni
3166 5609 3430 5665 solemnia
3457 5616 3586 5664 sunt

365 5673 686 5754 μυιῶνηὲν
717 5678 865 5746 ἐμοί.
901 5673 1201 5754 Ἠιὶἱξεηιιιι*
1250 5673 1371 5736 ὶιιοο
1407 5673 1632 5736 Zachar.
1663 5673 1747 5750 ιι,’
1769 5685 1835 5754 5;
1868 5689 1921 5745 in

371 5745 660 5818 Evangelio
687 5745 865 5802 autem
892 5750 1199 5815 neutiquam
1227 5759 1559 5819 comparent,
1595 5755 1686 5808 sed
1707 5745 1921 5833 ’μνηξιο-

2035 5684 2389 5825 magna
2418 5751 2551 5821 ἔξω.
2585 5750 2822 5822 Legebat
2850 5749 3231 5822 Hieronymus,
3250 5750 3297 5804 ei
3329 5749 3385 5806 δὲ
3408 5746 3535 5815 ἔξω.
