4218 6292
581 421 681 473 N7

2015 409 2175 465 ORIG
2184 408 2339 463 Ele

3707 399 3808 455 ΗΒ

577 534 675 589 ηιιί
732 532 1113 598 derelinquens
1162 525 1227 579 de
1278 524 1744 583 manifestioribus
1784 526 2136 582 intellectum.
2169 533 2209 586 Λ

2243 526 2372 594 ἡμῖν
2400 522 2456 575 δὲ
2489 521 2844 576 καταλέλοιπε
2876 520 3037 585 νοεῖν,
3080 520 3161 572 ὄτι
3197 515 3365 593 εἶπεν·
3424 515 3484 571 '0
3515 514 3647 581 θιδς
3699 518 3811 591 πῦρ

578 621 763 691 Neque
791 620 936 675 enim
960 617 1035 682 id,
1061 616 1203 686 quod
1227 616 1295 670 ad
1319 616 1610 687 imaginem
1644 628 1699 673 et
1728 618 2141 673 similitudinem

576 725 733 766 suam
787 708 1090 779 permanet,
1148 706 1293 776 ignis
1349 706 1453 761 iste
1513 707 1810 772 consumit,
1863 723 1970 761 non
2015 724 2142 777 pro-

577 801 724 871 prias
749 799 1063 863 creaturas;
1114 796 1212 850 sed
1242 796 1672 866 superaedilicata
1713 798 1883 869 ligna,
1933 798 2142 863 fenum,

576 889 851 959 stipulam.
877 887 1057 943 Locus
1078 896 1163 942 est
1196 886 1455 953 ditilcilis,
1502 896 1557 943 et
1584 888 1652 943 ad
1677 889 2142 959 interpretandum

576 979 729 1034 nimii
761 979 980 1035 sudoris
1029 993 1217 1048 egens,
1254 987 1314 1032 ut
1352 994 1476 1032 cum
1505 979 1695 1048 primis
1740 981 1975 1036 secunda
2009 996 2144 1036 con-

575 1071 837 1126 sentiant.
867 1069 1343 1140 Repro‘missiones
1368 1069 1617 1140 legimus,
1649 1078 1703 1124 et
1728 1080 1849 1138 post
1889 1087 2145 1142 prospera

575 1170 797 1231 repente
819 1161 999 1216 tristia
1032 1160 1396 1230 prmdicantur
1423 1178 1437 1213 :
1497 1158 1566 1214 Et
1596 1159 1907 1226 retribuam,
1948 1162 2143 1232 inquit,

577 1250 688 1305 illis
723 1251 956 1321 primum
976 1250 1209 1320 duplices
1239 1250 1534 1319 injustitias
1579 1269 1760 1307 eorum
1771 1270 1793 1319 ;
1837 1257 2147 1312 necessario

575 1339 883 1409 appositum
937 1346 1041 1403 est,
1090 1340 1356 1407 primum;
1422 1339 1656 1407 primum
1699 1340 1900 1410 quippe
1928 1350 2147 1412 propter

579 1429 878 1499 injustitias
933 1436 1206 1483 tormenta
1278 1429 1629 1498 perpetimur,
1675 1430 1869 1486 deinde
1927 1440 2146 1502 propter

574 1520 845 1589 justitiam
868 1531 1219 1574 coronamur.
1267 1515 1453 1587 Neque
1476 1519 1620 1573 enim
1672 1521 1981 1575 econtrario
2022 1532 2148 1577 ante

574 1611 863 1665 tribuenda
896 1608 1213 1687 suntjusta,
1257 1617 1313 1663 et
1361 1608 1442 1664 sic
1498 1610 1767 1665 reddenda
1801 1622 2041 1682 peccata,
2089 1621 2148 1667 ut

575 1698 918 1756 cessantibus
968 1698 1149 1767 bonis,
1188 1699 1317 1752 vitia
1362 1706 1565 1754 aeterna
1618 1711 2002 1771 permaneant;
2031 1705 2145 1757 sed

574 1799 701 1844 ante
724 1788 1048 1858 recipiemus
1078 1787 1263 1865 mala,
1305 1796 1361 1841 et
1388 1788 1582 1842 deinde
1612 1790 1774 1853 bona,
1827 1800 1886 1845 ut
1920 1791 2147 1846 sublatis

2247 614 2362 666 ἐστι
2391 611 2804 666 καταναλίσκον.
2856 609 3012 662 Ἔστι
3060 625 3111 661 τι
3169 606 3231 660 τὸ
3259 605 3806 677 καταναλισκόμενον.

2246 702 2311 756 Τί
2337 698 2430 756 οὖν
2464 704 2580 755 ἐστι
2609 702 2668 755 τὸ
2716 699 3281 770 καταναλισκόμενον;
3319 695 3381 750 ού
3426 696 3536 769 γάρ
3585 695 3646 750 τὺ
3691 702 3810 753 κατ’

2245 793 2429 847 είκόνα
2475 794 2568 847 καὶ
2618 793 2877 864 ὁμοίωσιν
2905 791 3203 854 ἀναλίσκει,
3235 776 3394 844 ,ἀλλά
3419 788 3510 843 τὸν
3537 791 3823 873 ὲποικοδοζ

2246 887 2485 959 μηθέντα
2507 887 2717 959 χόρτον,
2747 887 2815 940 τὰ
2834 882 3325 956 ἐποικοδομηθέντα
3352 881 3504 948 ξύλα,
3533 882 3631 953 τὴν
3657 885 3809 938 ἑποι-

2243 977 2632 1050 κοδομηθεῖσαν
2678 979 2948 1049 καλάμην.
3018 976 3076 1030 '0
3129 975 3292 1038 τόπος
3331 970 3399 1046 ἦν
3456 974 3811 1047 δυσδιήγητος

2247 1070 2467 1141 σφόδρα.
2515 1070 2865 1140 Ἐπαγγελίαι
2885 1066 3045 1141 ἦσαν,
3072 1068 3167 1122 καὶ
3195 1066 3330 1137 μετὰ
3355 1067 3455 1131 τὰς
3481 1067 3811 1136 ἐπαγγελίας

2243 1159 2409 1229 λέγει·
2441 1161 2551 1215 Καὶ
2593 1159 3013 1217 ἀνταποδώσω·
3034 1157 3263 1226 πρῶτον
3302 1154 3524 1223 διπλᾶς
3551 1156 3657 1222 τὰς
3685 1156 3808 1211 est.

2244 1251 2378 1317 κίας
2406 1248 2624 1304 αὐτῶν.
2697 1248 3031 1317 ’Δναγκαίως
3073 1248 3396 1320 πρόσκειται
3439 1245 3502 1300 τὸ
3542 1245 3804 1315 πρῶτον·

2244 1340 2458 1414 πρῶτον
2487 1339 2597 1410 γάρ
2626 1342 2695 1395 τά
2717 1341 2818 1411 τῆς
2850 1339 3081 1403 ἀδικίας,
3123 1334 3242 1393 εἷτα
3273 1338 3348 1410 (1)
3395 1337 3464 1391 τά
3493 1337 3590 1408 τῆς
3609 1337 3811 1393 δικαιο-

2246 1436 2411 1507 σύνης
2441 1434 2746 1489 ἀποδίδοται
2762 1452 2776 1466 ·
2809 1433 2870 1487 οὐ
2892 1432 3003 1504 γὰρ
3030 1430 3295 1489 ἀνάπαλιν
3322 1432 3352 1484 ό
3373 1429 3506 1495 Θεὸς
3535 1431 3812 1485 ἀνταποδί-

2243 1524 2422 1578 δωσιν.
2451 1524 2513 1577 Et
2547 1522 2762 1594 πρῶτον
2782 1521 3031 1575 ἀπεδίδου
3058 1519 3128 1573 τά
3174 1516 3374 1588 ἀγαθά,
3409 1518 3497 1574 ἵνα
3522 1518 3810 1573 ἀπολάϐω-

2248 1634 2346 1689 μεν
2369 1617 2438 1670 τά
2465 1615 2630 1680 κακά,
2665 1613 2758 1669 νῦν
2783 1614 2839 1667 δὲ
2867 1611 3154 1667 ἀποδίδωσι
3200 1609 3270 1665 τὰ
3309 1608 3475 1676 κακά,
3523 1608 3630 1664 ἔδει
3652 1609 3820 1682 λῆξαι.

2243 1708 2312 1762 τὰ
2344 1706 2544 1777 ἀγαθά,
2576 1707 2662 1760 ἵνα
2685 1703 3045 1775 ἀπολάϐωμεν
3069 1702 3137 1756 τὰ
3162 1701 3328 1767 κακά,
3363 1702 3449 1756 ἵνα
3496 1701 3648 1766 τέλος
3669 1701 3812 1776 λάϐῃ

2244 1798 2331 1855 διά
2361 1797 2453 1852 τοῦ
2489 1795 2795 1868 ἀφανισμοῦ
2826 1795 2934 1849 τῶν
2959 1793 3144 1849 κακῶν
3169 1793 3238 1847 τά
3274 1793 3374 1864 τῆς
3407 1792 3680 1856 κολάσεως
3700 1793 3812 1847 τῶν

578 1879 749 1944 vitiis,
775 1878 1003 1933 virtutes
1049 1887 1399 1947 permaneant
1445 1879 1501 1932 in
1561 1889 1844 1935 aeternum.
1902 1880 2143 1938 Observa
2178 1875 2209 1928 Π

2246 1890 2547 1955 παθόντων,
2577 1890 2663 1944 ἴνα
2692 1889 2828 1960 μετὰ
2855 1886 3026 1942 ταῦτα
3049 1886 3233 1957 ἀποδῷ
3269 1885 3340 1941 τ”ἀ
3375 1885 3571 1954 ἀγαθά.
3606 1884 3696 1940 Διδ
3717 1886 3812 1939 εὑ-

576 1985 795 2024 omnem
872 1969 1188 2024 thesaurum
1263 1968 1704 2039 Scripturarum,
1777 1982 1830 2028 et
1903 1974 2145 2030 invenies

575 2074 788 2129 semper
819 2058 987 2113 Deum
1009 2074 1072 2113 ea
1100 2061 1335 2129 primum
1368 2061 1789 2116 comminantem
1816 2079 1938 2132 qua:
1967 2064 2141 2120 tristia

574 2157 725 2215 sunt,
753 2157 807 2203 et
838 2164 901 2203 ea
933 2150 1187 2219 deinceps
1218 2148 1537 2205 inferentem
1588 2167 1709 2221 quae
1736 2153 1978 2207 laetitiam
2006 2170 2144 2224 pra:-

575 2243 738 2295 beant
769 2240 1139 2296 audientibus.
1170 2240 1400 2309 Occidit,
1430 2251 1485 2296 et
1527 2242 1798 2311 virilicat;
1830 2247 2065 2314 percutit
2091 2257 2144 2302 et

574 2340 772 2397 sanat;
832 2331 947 2402 ipse
993 2331 1239 2387 dolorem
1294 2331 1444 2399 facit,
1498 2342 1552 2388 et
1611 2350 1826 2390 rursum
1873 2337 2140 2405 restituit;

572 2421 864 2492 percussit,
889 2430 941 2477 et
965 2438 1160 2477 manus
1205 2423 1325 2493 ejus
1364 2435 1692 2479 sanaverunt
1740 2426 1807 2481 ‘°.
1840 2427 2016 2497 Super
2057 2429 2143 2485 bis

570 2527 724 2583 ergo,
764 2512 857 2582 qui
879 2512 1064 2583 justus
1099 2522 1203 2577 est,
1229 2513 1502 2569 intellectu
1535 2515 1620 2585 pio
1640 2517 1993 2573 considerans
2021 2534 2143 2588 quae

568 2602 849 2667 dicuntur,
879 2603 1222 2674 ingemiscat,
1247 2612 1301 2657 et
1328 2605 1474 2661 dicat
1501 2604 1545 2637 δι
1577 2624 1593 2659 :
1623 2605 1865 2672 Domine,
1886 2609 2006 2679 quis
2040 2611 2140 2664 Ita—

569 2693 760 2747 bitabit
808 2695 861 2747 in
910 2693 1247 2748 tabernaculo
1287 2702 1399 2760 tuo,
1448 2707 1540 2750 aut
1601 2698 1719 2767 quis
1755 2702 2033 2769 requiescet
2085 2704 2142 2756 in

569 2794 742 2836 monte
763 2790 944 2836 sancto
973 2783 1101 2835 tuo.’
1125 2781 1229 2845 Qui
1262 2782 1581 2851 ingreditur,
1631 2784 1828 2853 inquit.
1861 2787 1973 2839 sine
2027 2804 2141 2840 ma-

567 2874 710 2937 cula,
760 2881 813 2926 et
840 2881 1092 2942 operatur
1107 2872 1404 2939 justitiam,
1450 2874 1541 2942 qui
1583 2872 1818 2945 loquitur
1869 2880 2147 2943 veritatem

568 2964 623 3015 in
655 2963 810 3016 corde
833 2979 951 3022 suo.
986 2964 1076 3034 qui
1098 2978 1199 3016 non
1236 2963 1340 3033 egit
1376 2963 1555 3016 dolum
1593 2964 1647 3017 in
1694 2965 1879 3037 lingua
1898 2983 2018 3033 sua,
2048 2973 2140 3023 nec

572 3054 696 3122 fecit
728 3054 968 3122 proximo
997 3070 1093 3108 suo
1138 3053 1361 3118 malum,
1389 3064 1437 3109 et
1479 3055 1817 3127 opprobrium
1860 3074 1963 3112 non
1990 3075 2139 3115 accc-

568 3147 645 3214 pit
668 3143 914 3199 adversus
948 3144 1216 3214 proximos
1245 3161 1390 3201 suos.
1435 3144 1548 3202 Nos
1584 3148 1748 3203 etiam
1791 3164 1898 3205 non
1923 3151 2008 3207 his
2041 3164 2139 3221 ορ-
2166 3201 2209 3258 c

572 3239 897 3307 probremus
931 3243 1023 3312 qui
1055 3258 1085 3296 a
1120 3245 1359 3314 peccatis
1395 3245 1461 3300 ad
1495 3246 1866 3316 penitentiam
1914 3262 2142 3302 conver-

572 3340 783 3395 tuutur,
823 3331 1105 3402 Scriptura
1155 3334 1371 3392 dicente
1393 3334 1439 3368 “
1472 3353 1486 3391 :
1538 3335 1622 3390 Nc
1674 3337 1988 3406 impropcres
2028 3336 2140 3390 viro

565 3425 887 3479 canuertcnti
904 3443 935 3477 a
952 3426 1199 3494 peccatis.
1219 3425 1569 3496 Opprobrium
1595 3444 1698 3483 non
1713 3430 1911 3496 accepit
1952 3428 2142 3482 adver-

568 3529 659 3567 sus
669 3515 936 3582 proximos
952 3531 1097 3580 suos;
1117 3517 1185 3569 ad
1198 3517 1422 3570 nihilum
1436 3517 1569 3571 detlu
1577 3526 1691 3571 ctus
1704 3527 1780 3571 est
1795 3520 1848 3571 in
1861 3526 2141 3587 conspectu

568 3603 681 3671 ejus
707 3603 1005 3674 malignus;
1025 3607 1263 3660 timentes
1282 3617 1456 3662 autem
1483 3607 1765 3662 Dominum
1803 3609 2132 3679 magniﬁcat.

566 3693 770 3766 Omnes
795 3694 957 3765 igitur
979 3696 1294 3767 quicunque
1330 3700 1609 3753 materiam
1643 3700 1787 3754 illius
1820 3700 1960 3771 ignis
1983 3700 2143 3755 habe-

566 3801 690 3840 mus
730 3785 783 3839 in
821 3786 1003 3854 nobis,
1034 3785 1269 3856 primum
1294 3789 1617 3858 recipiemus
1644 3798 1831 3845 nostra
1853 3790 2066 3845 delicta.

633 3878 796 3949 233
812 3877 862 3934 7.
884 3878 990 3935 Sed
1013 3880 1155 3935 dicet
1179 3880 1310 3934 mihi
1337 3881 1536 3950 aliquis
1555 3880 1625 3936 de
1642 3882 1988 3936 audientibus
2007 3901 2020 3937 :
2041 3881 2144 3936 Ex-

567 3984 704 4037 pone
724 3979 779 4024 et
809 3970 860 4024 id
881 3969 1028 4040 quod
1053 3970 1332 4040 sequitur":
1360 3971 1601 4041 Duplices
1623 3972 1917 4042 injustitias
1939 3989 2138 4026 eorum.

574 4058 702 4111 Esto
730 4058 952 4127 quippe.
977 4061 1187 4131 recipio
1212 4076 1329 4115 mea
1369 4070 1612 4132 peccata,
1642 4073 1700 4118 ut
1731 4063 2066 4127 compleatur
2088 4065 2139 4118 id

566 4146 710 4214 quod
753 4146 823 4200 ab
871 4149 1132 4217 Apostnlo
1185 4151 1389 4206 dictum
1454 4162 1539 4208 est
1570 4153 1654 4209 “z
1706 4151 1767 4207 Si
1812 4154 1962 4221 cujus
2009 4170 2139 4224 opus

569 4236 783 4302 arserit,
834 4238 1208 4295 detrimentum
1253 4244 1526 4312 patietur;
1591 4246 1702 4314 ipse
1741 4255 1915 4300 autem
1963 4246 2140 4300 salvus

565 4325 692 4391 erit,
730 4327 806 4381 sic
842 4337 1016 4383 tamen
1045 4334 1201 4401 quasi
1238 4350 1330 4402 per
1355 4336 1522 4405 ignem
1556 4352 1575 4390 :
1620 4352 1719 4391 cur
1745 4352 1873 4392 vero
1904 4338 2139 4408 duplicia

568 4418 772 4488 recipio
800 4423 1063 4488 peccata?
1081 4422 1181 4476 Cui
1207 4427 1640 4494 respondendum
1665 4437 1769 4493 est,
1803 4430 1929 4497 quia
1960 4447 2138 4484 seruus

2251 1980 2434 2050 ρήσεις
2465 1980 2522 2031 ὲν
2577 1981 2696 2042 ταῖς
2755 1980 2928 2049 ἱεραῖς
2980 1979 3223 2049 Γραφαῖς
3279 1977 3372 2031 τὸν
3429 1976 3559 2031 Θεὸν
3589 1976 3810 2047 λέγοντα

2247 2069 2460 2141 πρῶτον
2487 2069 2557 2123 τά
2583 2071 2844 2125 δοκοῦντα
2886 2066 3025 2124 εἶναι
3076 2068 3520 2141 σκυθρωπότερα,
3551 2069 3645 2123 καὶ
3675 2069 3814 2139 μετά

2244 2160 2415 2214 ταῦτα
2439 2159 2507 2215 τὰ
2526 2161 2826 2231 κρείττονα.
2865 2159 3005 2229 Ἐγὼ
3027 2158 3329 2223 ἀποκτενῶ,
3347 2161 3440 2213 καὶ
3466 2159 3563 2230 ζῇν
3582 2160 3806 2229 ποιήσω·

2245 2252 2492 2318 πατάξω,
2538 2250 2694 2320 κάγὼ
2748 2252 2989 2323 ἰάσομαι.
3041 2250 3211 2316 Αὐτὸς
3269 2250 3454 2320 ἀλγεῖν
3508 2252 3669 2314 ποιεῖ,
3716 2250 3814 2305 καὶ

2245 2344 2405 2398 πάλιν
2433 2343 2883 2414 ἀποκαθίστησιν·
2913 2343 3126 2403 ἔπαισε,
3143 2343 3233 2396 καὶ
3255 2345 3312 2395 αἱ
3339 2345 3517 2413 χεῖρες
3545 2341 3705 2395 αὑτοῦ
3733 2341 3817 2395 ld-

2246 2451 2427 2489 σαντο.
2466 2433 2588 2488 Ἐπὶ
2614 2432 2822 2498 τούτοις
2847 2433 2963 2487 ἐστι
3006 2432 3098 2487 τὸν
3124 2432 3369 2499 νοοῦντα,
3424 2431 3513 2487 καὶ
3537 2430 3812 2502 διακείμε-

2243 2542 2332 2580 νον
2360 2525 2499 2597 πρὸς
2526 2524 2596 2580 τά
2634 2525 2902 2598 λεγόμενα
2938 2526 3133 2578 εἰπεῖν’
3182 2524 3375 2592 Κύριε,
3407 2524 3497 2588 τίς
3529 2520 3811 2589 παροική-

2245 2634 2340 2673 σει
2366 2619 2437 2672 ἐν
2474 2617 2555 2683 τῷ
2583 2616 2929 2687 σκηνώματι
2959 2632 3116 2680 σου;
3148 2616 3186 2683 ἢ
3232 2615 3322 2682 τίς
3353 2612 3807 2681 κατασκηνώσει

2244 2707 2314 2760 ὲν
2357 2708 2478 2775 ὄρει
2535 2707 2680 2778 ἁγίῳ
2732 2722 2884 2772 σου;
2935 2708 3339 2777 Πορευόμενος
3389 2705 3644 2775 ἄμωμος,
3709 2706 3809 2758 καὶ

2243 2797 2625 2868 ἐργαζόμενος
2679 2797 3090 2865 δικαιοσύνην,
3144 2795 3352 2852 λαλῶν
3399 2795 3684 2861 ἀλήθειαν
3741 2795 3815 2848 ἐν

2244 2887 2458 2956 καρδία
2487 2886 2695 2953 αὑτοῦ,
2731 2887 2800 2954 ὃς
2841 2888 2957 2950 Δοὐκ
2987 2886 3291 2951 ἐδόλωσεν
3324 2887 3395 2940 ὲν
3423 2883 3675 2957 γλώσσῃ
3700 2887 3807 2939 αὑ-

2245 2974 2373 3041 τοῦ,
2411 2973 2512 3030 καί
2558 2977 2669 3031 οὐκ
2692 2975 2943 3044 ἐποίησε
2981 2975 3062 3042 τῷ
3095 2975 3365 3042 πλησίον
3391 2973 3577 3042 αὐτοῦ
3597 2973 3808 3051 κακόν,

2242 3059 2341 3119 καὶ
2367 3064 2709 3135 ὀνειδισμὸν
2736 3066 2849 3118 οὐκ
2869 3053 3085 3119 ἐλαϐεν
3118 3065 3213 3118 ἐπὶ
3254 3065 3395 3131 τοὺς
3426 3062 3670 3134 ἔγγιστα
3711 3065 3812 3117 αὐ-

2242 3155 2367 3209 τοῦ.
2428 3156 2613 3226 Ἡμεῖς
2643 3155 2701 3208 δὲ
2745 3155 3069 3227 ὀνειδίζομεν
3119 3156 3365 3219 καὶτοὺς
3422 3152 3831 3226 μετανοοῦνταςκ

2245 3246 2336 3299 καὶ
2362 3248 2807 3317 ἐπιστρέφοντας,
2851 3246 3117 3319 λεγούσης
3138 3246 3239 3318 τῆς
3260 3246 3498 3318 Γραιρῆς·
3530 3244 3624 3312 Μὴ
3660 3244 3816 3297 ὀνεί-

2242 3337 2359 3399 διζε
2416 3338 2728 3408 ἄνθρωπον
2797 3337 3250 3407 ἀποστρέφοντα
3315 3336 3432 3391 ἀπὸ
3500 3336 3809 3406 ἁμαρτίας.

2256 3426 2620 3497 Ὀνειδισμὸν
2650 3429 2761 3482 οὐκ
2785 3426 3001 3482 ἔλαϐεν
3048 3428 3145 3481 ἐπὶ
3173 3426 3312 3492 τοὺς
3334 3426 3578 3497 ἔγγιστα
3599 3424 3808 3479 αὐτοῦ·

2242 3517 2634 3582 ἐξουδένωται
2651 3516 2906 3572 ἐνώπιον
2923 3516 3109 3572 αὐτοῦ
3139 3517 3636 3585 ποιηρευόμενος·
3670 3514 3813 3582 τοὺς

2242 3604 2311 3659 δὲ
2358 3597 2767 3675 φοϐουμένους
2799 3606 3020 3675 Κύριον
3073 3603 3320 3670 δοξάζει.
3369 3604 3575 3667 Πάντες
3619 3597 3712 3656 οὖν
3761 3604 3813 3655 oi.

2242 3696 2454 3768 ἔχοντες
2503 3695 2634 3769 ὓλην
2692 3696 2902 3752 ἐκείνου
2933 3696 3028 3752 τοῦ
3061 3696 3255 3769 πυρὸς,
3295 3695 3508 3768 πρῶτον
3539 3694 3813 3768 ἀποληψό-

2249 3784 2389 3856 μεθα
2418 3785 2487 3839 τά
2522 3785 2889 3858 ἁμαρτήματα
2921 3786 3099 3858 ήμῶν.
3556 3858 3561 3861 1

2324 3877 2460 3931 Ἀλλ’
2497 3879 2615 3949 ἐρεῖ
2636 3893 2719 3941 τις
2741 3876 2849 3930 τῶν
2890 3875 3226 3930 ἀκουόντων·
3288 3874 3552 3947 Διήγησαι
3592 3875 3686 3929 καὶ
3713 3874 3813 3927 Διο

2242 3969 2420 4036 πλᾶς.
2458 3970 2639 4023 Ἔστω
2690 3967 2801 4040 γὰρ
2842 3968 3243 4039 ἀπολαμϐάνειν
3278 3984 3345 4038 με
3391 3968 3488 4030 τάς
3542 3963 3811 4037 ἁμαρτίας

2242 4061 2478 4134 πρῶτον,
2519 4060 2627 4125 ἵνα,
2661 4059 2800 4114 ἐπὰν
2830 4059 2981 4114 λάϐω
3022 4059 3122 4123 τὰς
3167 4056 3460 4130 ἁμαρτίας,
3492 4056 3630 4128 μετά
3652 4055 3814 4109 τοῦτο
3905 4103 3910 4108 .

2243 4152 2503 4225 πληρωθῇ
2522 4152 2581 4206 τὸ
2608 4151 2759 4225 παρὰ
2787 4150 2866 4223 τῷ
2908 4150 3210 4220 Ἀποστόλῳ
3229 4149 3533 4220 εἰρημένον·
3556 4146 3629 4202 El
3645 4162 3807 4211 τινος

2243 4242 2307 4296 τὸ
2334 4243 2512 4313 ἔργον
2534 4240 2996 4312 κατακαήσεται,
3043 4236 3481 4308 ζημιωθήσεται·
3527 4233 3709 4300 αὐτὸς
3740 4234 3811 4287 δὲ

2241 4332 2596 4401 σωθήσεται,
2657 4332 2844 4398 οὕτως
2879 4330 2948 4384 δὲ
2992 4331 3074 4397 ὠς
3104 4329 3202 4383 διὰ
3258 4330 3466 4398 πυρός·
3519 4326 3572 4380 τί
3611 4327 3811 4399 δήποτε

2239 4426 2434 4490 διπλᾶς
2462 4424 2829 4495 ἀπολαμϐάνω
2857 4423 2956 4487 τάς
3011 4421 3319 4494 άμαρτίας;
3361 4418 3517 4474 Ἀλλά
3568 4419 3806 4482 λεκτέον,

565 4510 658 4579 qui
676 4509 777 4564 scit
807 4508 1127 4564 uoluntatem
1152 4511 1351 4564 domini
1381 4515 1486 4580 sui,
1514 4525 1560 4568 et
1588 4533 1688 4569 non
1712 4517 1840 4585 facit
1860 4534 1996 4583 eam,
2024 4518 2139 4586 pla-
2170 4523 2209 4582 Ι]

2242 4520 2344 4580 ὅτι,
2378 4517 2597 4582 δοῦλος
2647 4519 2680 4570 ό
2728 4515 2898 4581 εἰδὼς
2922 4514 2988 4568 τὸ
3017 4513 3247 4584 θέλημα
3270 4512 3374 4568 τοῦ
3431 4512 3663 4580 κυρίου,
3710 4512 3810 4565 καὶ

564 4601 643 4672 gis
677 4598 949 4669 vapulabit
993 4599 1177 4654 multis
1214 4599 1295 4663 “;
1322 4601 1544 4671 dignum
1598 4603 1865 4672 siquidem
1927 4614 2011 4659 est
2040 4620 2137 4661 eos

566 4690 658 4757 qui
686 4700 875 4760 gentes
901 4699 1051 4756 sunt,
1085 4690 1352 4760 simplicia
1376 4691 1614 4762 recipere
1647 4703 1892 4762 peccata,
1930 4703 1981 4750 et
2036 4711 2135 4750 nos

566 4779 822 4846 duplicia,
851 4780 1065 4835 dicente
1103 4780 1364 4850 Apostolo
1387 4777 1432 4811 “
1460 4796 1475 4833 :
1529 4779 1835 4836 Voluntaria
1873 4784 2137 4853 peccanti-

566 4867 661 4919 bus
695 4866 843 4921 nobis
876 4879 992 4937 post
1048 4871 1394 4940 cognitionem
1423 4873 1660 4926 veritatis
1690 4872 1807 4942 jam
1842 4875 1986 4930 ultra
2030 4892 2135 4930 non

567 4965 796 5008 remanet
821 4971 917 5024 pro
942 4966 1152 5026 peccato
1212 4960 1411 5024 hostia,
1469 4961 1737 5016 horribilis
1776 4975 1949 5020 autem
1989 4983 2134 5037 qua:-

562 5048 687 5099 dam
721 5049 1045 5116 exspectatio
1059 5048 1254 5117 judicii
1280 5052 1438 5121 ignis,
1486 5052 1627 5107 zelus
1651 5055 1914 5111 comedere
1943 5060 2132 5114 habens

561 5138 915 5193 adversarios.
948 5138 1337 5210 Prophetatum
1370 5154 1456 5200 est
1489 5146 1556 5199 de
1587 5146 1671 5201 his
1693 5147 1787 5217 qui
1818 5164 1848 5202 a
1882 5162 2131 5219 peceato-

563 5231 716 5285 ribus
748 5240 801 5285 et
830 5232 1182 5288 venatoribus
1206 5234 1272 5288 de
1293 5235 1563 5303 profundo
1610 5238 1663 5291 in
1698 5241 1978 5296 montibus
2005 5253 2132 5297 sunt

560 5323 840 5385 abstracti,
872 5324 1147 5393 quomodo
1172 5326 1438 5396 recipiant
1470 5329 1708 5397 primum
1744 5331 1979 5402 duplicia
2006 5350 2132 5405 pec-

631 5455 676 5488 “
700 5453 917 5512 Denter.
976 5474 1144 5519 xxx",
1179 5459 1267 5512 59.

560 5523 602 5553 δ”
626 5526 759 5581 Luc.
792 5544 890 5592 xu,
926 5528 1014 5583 47.
1091 5529 1136 5561 ’⁵⁵
1168 5527 1329 5583 l‘lebr-
1362 5547 1415 5590 κς
1443 5530 1495 5598 δ»
1525 5532 1612 5586 27-

636 5641 709 5710 (I)
737 5641 970 5714 Πρῶτοι·
998 5645 1104 5713 γὰρ
1136 5645 1209 5698 τὰ
1240 5644 1360 5712 τῆς,
1382 5646 1636 5714 ἀδικίας,
1685 5645 1831 5712 εἶτα,
1877 5658 1979 5704 etc.
2016 5649 2133 5704 Non

571 5710 879 5789 lines-ollim
928 5710 1078 5765 loco
1120 5715 1211 5767 sed
1261 5710 1531 5789 sescentis
1569 5710 1702 5789 aliis
1761 5710 2134 5789 purgatorium

577 5781 763 5837 :taluit
792 5778 1069 5848 Origenes,
1108 5792 1162 5837 at
1195 5800 1295 5837 suo
1331 5785 1513 5848 modo,
1567 5787 1637 5841 ita
1672 5778 1894 5857 neti-ipe,»
1936 5801 1994 5846 ut
2025 5806 2131 5843 non

2239 4609 2324 4678 μὴ
2355 4606 2611 4674 ποιήσας
2660 4606 2809 4661 κατὰ
2852 4604 2918 4659 τὸ
2963 4604 3191 4676 θέλημα
3239 4602 3446 4670 αὐτοῦ,
3485 4599 3811 4671 δαρήσεται

2242 4700 2353 4752 οὐκ
2382 4697 2610 4766 ὀλίγας,
2654 4695 2813 4751 ἀλλὰ
2865 4693 3119 4761 πολλάς.
3172 4694 3353 4761 Ἀξιον
3394 4689 3486 4748 οὖν
3542 4695 3657 4746 ἐστι
3685 4692 3809 4756 τοὺς

2245 4788 2343 4859 μὲν
2399 4788 2505 4840 ἀπὸ
2556 4787 2664 4841 τῶν
2712 4785 2881 4842 ἐθνῶν
2941 4784 3352 4858 ἁμαρτάνοντας
3406 4781 3810 4853 ἀπολαμϐάνειν

2241 4879 2419 4934 αὐτῶν
2453 4878 2599 4932 ἁπλᾶ
2655 4878 2725 4931 τά
2756 4879 3145 4950 ἁμαρτήματα,
3189 4877 3335 4948 ἡμᾶς
3363 4876 3419 4930 δὲ
3461 4874 3623 4929 διπλᾶ
3654 4873 3810 4945 ἡμῶν

2241 4969 2644 5041 ἀπολαμϐάνειν
2676 4967 2745 5022 τὰ
2786 4969 3118 5041 πταίσματα·
3148 4968 3466 5034 Ἑκουσίως
3489 4967 3597 5037 γὰρ
3628 4965 3809 5035 ἀμαρ-

2238 5063 2540 5116 τανόντων
2594 5060 2762 5130 ἡμῶν
2786 5060 2938 5131 μετὰ
2976 5061 3044 5115 τὸ
3092 5060 3299 5116 λαϐεῖν
3330 5060 3446 5129 τὴν
3486 5060 3812 5129 ἐπίγνωσιν

2237 5153 2349 5223 τῆς
2380 5155 2684 5223 ἀληθείας,
2735 5156 2936 5211 οὐκέτι
2976 5156 3110 5231 περὶ
3146 5155 3445 5228 ἁμαρτιῶν
3500 5154 3810 5209 ἀπολείπει

2236 5263 2332 5299 ται
2360 5247 2561 5312 θυσία,
2605 5249 2825 5317 φοϐερὰ
2866 5249 2933 5303 δέ
2981 5267 3073 5315 τις
3116 5247 3341 5319 ἐκδοχὴ
3399 5248 3671 5315 κρίσεως,
3712 5244 3810 5299 καὶ

2235 5336 2425 5403 πυρὸς
2473 5335 2671 5406 ζῆλος,
2714 5339 2941 5394 ἐσθίειν
2978 5338 3317 5408 μέλλοντος
3357 5336 3500 5403 τοὺς
3550 5338 3811 5391 ὑπεναν-

1370 5459 1414 5493 “
1449 5459 1652 5538 l’saljn.
1696 5478 1805 5528 xtv,
1853 5464 1903 5529 Ι,
1951 5465 2006 5530 2,
2047 5465 2099 5518 5.
2177 5466 2209 5498 ⁸³

2246 5468 2414 5527 Eceli.
2482 5488 2596 5537 vm,
2645 5472 2698 5528 6.
2730 5472 2873 5528 Psal.
2924 5487 3034 5538 xw,
3061 5470 3116 5536 3,
3152 5470 3207 5524 4.
3283 5469 3326 5500 ⁸³
3362 5467 3381 5520 l
3430 5467 3558 5523 Cor.
3594 5483 3681 5532 In,
3719 5467 3806 5525 15.

2244 5651 2381 5707 alius
2412 5653 2573 5722 ignis,
2605 5668 2714 5705 non
2774 5651 2891 5705 alia:
2937 5661 3131 5719 paena),
3167 5663 3330 5722 quam
3381 5653 3706 5717 purgatortt,
3750 5652 3808 5699 et

2242 5719 2581 5797 temporariae
2604 5721 2816 5776 animus
2844 5719 3439 5792 torqueant.‘llverws.
