4218 6292
454 256 559 312 449

1620 257 1691 313 1N
1727 257 2077 315 JEREMIAM
2122 261 2414 318 HOMILIA
2450 263 2593 321 XVI.

3624 277 3728 331 ιεο

451 375 639 440 τίους.
675 371 1067 451 Προεφητεύθῃ
1115 371 1185 426 τά
1219 371 1348 441 περὶ
1387 371 1496 425 τῶν
1555 371 1920 445 ἀλιευομένων
1949 377 2044 429 καὶ

2151 387 2272 432 cata
2302 394 2423 434 sua.
2455 378 2704 436 Posthazc
2724 379 2791 437 de
2828 382 3115 438 vocatione
3156 383 3397 455 gentium
3433 389 3729 457 propheta-

450 462 886 535 ἀποληψομὲνων
910 462 1127 535 πρῶτον
1173 462 1368 527 διπλᾶς
1396 463 1496 526 τὰς
1526 464 1802 536 ἁμαρτίας
1835 464 2037 519 αὐτῶν.

451 555 607 611 Μετά
636 552 813 608 ταῦτα
842 553 1238 626 προφητεύεται
1283 556 1317 626 ἡ
1346 553 1539 625 κλῆσις
1579 554 1688 609 τῶν
1715 555 1886 610 ἐθνῶν
1938 573 2038 610 σας

420 718 435 723 ἢ
459 647 738 719 φᾶστερον,
769 647 893 717 οὐχὶ
946 645 1318 718 καλουμένων,
1353 645 1491 700 ἀλλὰ
1533 645 1908 717 κεκλημένων,
1946 648 2039 701 καὶ

461 745 578 814 οὐχὶ
598 742 818 799 εἰδότων
841 740 894 794 τί
919 741 1441 814 ἑξομολογήσωνται,
1487 741 1580 796 καὶ
1630 742 1681 795 τί
1714 742 2039 816 εὐχαριστή-

2146 479 2259 524 tum
2294 480 2399 536 est,
2434 487 2760 527 nonueorum
2790 472 2884 543 qui
2911 474 3141 530 necdum
3170 486 3545 547 cognoverunt
3566 477 3729 536 Chri-

2145 570 2313 626 stum,
2343 564 2438 618 sed
2472 565 2566 635 qui
2611 565 2725 635 jam
2787 568 2965 621 vocati
3010 577 3158 631 sunt,
3211 578 3270 621 ut
3327 568 3503 624 sciant
3537 570 3729 628 laudes
3798 623 3803 628 .

2143 653 2347 709 referre
2372 671 2470 726 pro
2497 658 2667 727 gratia
2701 666 2792 714 :et
2824 658 2878 713 in
2915 656 3155 715 Ecclesia
3206 660 3568 717 consistentes
3593 678 3728 719 con—

2145 746 2421 814 ﬁteantur,
2441 757 2496 803 et
2528 750 2758 806 adorent
2790 765 2986 805 nomen
3012 750 3153 820 ejus.

465 850 643 903 σωσιν,
669 835 787 890 ἀλλ’
829 837 933 909 ἤδη
967 835 1384 908 μεμαθηκότων.
1446 835 1535 890 Ἐν
1564 834 1674 908 γὰρ
1724 839 1837 901 τοῖς
1895 838 2183 909 προτέροις
2235 842 2600 914 μανθάνομεν,
2662 845 2745 898 ὅτι
2795 816 3126 918 ἐκλήθησαν,
3199 816 3551 920 ήλιεόθησαν,
3606 850 3728 921 ωηο

463 932 754 1006 ρεύθησαν,
787 932 1065 986 πείσονται
1097 931 1154 985 δὲ
1215 933 1272 985 ὲν
1305 932 1418 994 τοῖς
1449 930 1743 1005 δευτέροις.
1811 931 2041 1003 Ἲδωμεν
2078 932 2130 986 τί

460 1026 663 1101 μᾶλλον
690 1027 749 1081 δὲ
773 1026 1191 1100 μεμαθηκότων.

525 1121 739 1190 Κύριε,
788 1121 872 1176 σὺ
923 1122 1105 1192 ἰσχύς
1143 1139 1285 1193 μου,
1329 1122 1428 1176 καὶ
1465 1121 1719 1190 ,βοήθειά
1755 1139 1895 1192 μου,
1942 1123 2041 1176 καὶ

458 1211 770 1284 καταφυγή
813 1230 947 1282 μου.
984 1213 1057 1267 ἐν
1102 1215 1292 1284 ᾑμέρᾳ
1328 1213 1561 1269 κακῶν
1606 1214 1756 1283 πρὸς
1786 1212 1862 1268 σὲ
1896 1214 2040 1281 ἔθνη

464 1303 721 1370 ἥξουσιν
750 1304 867 1360 ἀπὸ
902 1304 1166 1374 ἐσχάτου
1204 1304 1315 1376 τῆς
1348 1304 1481 1375 γῆς,
1517 1305 1618 1359 καί
1659 1305 1926 1374 ἐροῦσιν,
1961 1305 2042 1371 ὡς

469 1391 674 1462 Ψευδῆ
697 1392 1034 1460 ἐκτήσαντο
1062 1397 1117 1449 οἱ
1149 1394 1402 1463 πατέρες
1442 1391 1613 1466 ἡμῶν
1640 1392 1859 1450 εἴδωλα
1876 1435 1891 1461 ,
1929 1396 2041 1449 οὐκ

462 1484 636 1539 ἔστιν
660 1484 731 1538 ἐν
769 1484 976 1552 αὐτοῖς
1012 1485 1316 1555 ὠφέλημα.
1364 1486 1485 1541 Ἀπ’
1532 1486 1761 1559 ἐσχάτου
1802 1487 1901 1557 τῆς
1933 1486 2039 1557 γῆς

461 1571 593 1647 ἦλθε
636 1576 706 1630 τὰ
744 1575 873 1648 ἔθνη
918 1577 1057 1650 πρὸς
1090 1576 1179 1632 τὸν
1222 1577 1376 1641 Θεὸν,
1421 1579 1514 1633 καὶ
1557 1579 1746 1652 εἴρηκε
1780 1578 1847 1633 τὰ
1887 1577 2034 1650 ἔθνηο

470 1667 675 1737 Ψευδῆ
710 1668 1046 1736 ἐκτήσαντο
1085 1673 1138 1724 οἱ
1170 1670 1419 1740 πατέρες
1463 1671 1634 1742 ἡμῶν
1662 1671 1907 1736 εῑδωλα,
1941 1672 2039 1726 καὶ

2161 937 2497 1008 προφητεύει
2520 938 2649 1011 περὶ
2680 939 2862 1011 ἡμῶν,
2895 940 2996 1011 ἤδη
3039 939 3417 1012 μανθανόντων
3453 941 3729 1012 εὔχεσθαι,

2218 1121 2272 1176 8.
2314 1122 2560 1187 Domine,
2588 1122 2847 1192 fortitudo
2871 1139 3010 1189 mea,
3034 1133 3085 1177 et
3119 1122 3470 1193 adjutorinm,
3502 1132 3552 1177 et
3585 1124 3730 1190 refna

2147 1215 2293 1284 gium
2325 1230 2500 1268 meum
2533 1215 2589 1268 in
2619 1214 2706 1268 die
2735 1215 3021 1280 malorum,
3049 1215 3118 1268 ad
3150 1224 3196 1269 te
3228 1224 3404 1284 gentes
3431 1216 3634 1269 venient
3664 1216 3730 1269 ab

2143 1316 2374 1359 extremo
2404 1314 2576 1371 term,
2604 1313 2656 1358 et
2681 1305 2879 1372 dicent,
2909 1307 3157 1376 quoniam
3191 1304 3360 1360 Falsa
3389 1306 3729 1377 possederunt

2143 1405 2318 1466 patres
2356 1405 2525 1451 nostri
2563 1397 2878 1460 simulacra,
2927 1414 3018 1452 nec
3055 1407 3131 1451 est
3174 1398 3231 1451 in
3273 1398 3382 1453 illis
3423 1400 3635 1454 utilitas
3661 1397 3727 1450 “.

2145 1488 2434 1555 Quomodo
2464 1488 2534 1543 ab
2561 1496 2810 1543 extremo
2838 1497 2998 1544 terra:
3026 1498 3293 1543 venerunt
3317 1499 3507 1560 gentes
3530 1489 3599 1545 ad
3621 1488 3731 1543 Do-

2147 1581 2379 1644 minum,
2425 1587 2481 1634 et
2526 1579 2830 1635 dixerunt:
2870 1579 3136 1646 Quoniam
3192 1579 3334 1651 falsa
3390 1586 3733 1650 possederunt

2149 1680 2322 1736 patres
2344 1671 2515 1726 nostri
2535 1670 2845 1735 simulacra,
2873 1688 2964 1725 nec
2984 1681 3063 1726 est
3091 1672 3146 1725 in
3174 1671 3564 1728 illisutilitas?
3592 1671 3730 1739 Qui-

461 1761 575 1814 οὐκ
602 1759 777 1814 ἐστιν
805 1759 875 1814 ἐν
919 1760 1125 1827 αὐτοῖς
1159 1760 1462 1831 ὠφέλημα.
1505 1741 1632 1826 Πῶς
1672 1761 1779 1816 ἀπὸ
1812 1761 2042 1831 ἐσχάτου

2150 1776 2271 1816 nam
2301 1759 2389 1816 isti
2435 1760 2527 1830 qui
2561 1760 2786 1814 veniunt
2840 1761 2909 1815 ab
2953 1762 3253 1816 extremis?
3278 1762 3419 1817 Sunt
3447 1763 3538 1817 alii
3569 1764 3731 1832 primi

461 1850 563 1923 τῆς
593 1852 732 1923 γῆς;
768 1852 887 1907 Εἰσί
918 1869 1063 1917 τινες
1090 1851 1189 1924 τῆς
1221 1852 1325 1924 γῆς
1367 1853 1604 1926 πρῶτοι,
1640 1854 1733 1908 καὶ
1761 1854 1866 1907 είσί
1897 1868 2044 1917 τινες

461 1944 560 2014 τῆς
589 1943 694 2016 γῆς
735 1943 983 2017 laxatos;
1015 1945 1171 2010 Τίνες
1211 1945 1448 2018 πρῶτοις
1492 1946 1556 1999 0i
1603 1945 1758 2015 σοφοὶ
1798 1942 1894 1998 τοῦ
1945 1945 2041 1998 κό·

464 2053 625 2107 σμου,
652 2038 701 2091 οἱ
734 2038 996 2105 εὐγενεῖς,
1019 2037 1069 2090 ol
1103 2037 1368 2101 πλούσιοι,
1397 2038 1447 2090 οἱ
1475 2036 1857 2108 ἀξιωματικοί.
1886 2037 2044 2101 Τίνες

460 2131 511 2182 oi
549 2128 804 2198 ἑσχατοις
842 2127 924 2182 Τά
957 2128 1119 2200 μωρά
1144 2129 1239 2183 τοῦ
1283 2129 1490 2200 κόσμου
1525 2128 1803 2193 ἐξελέξατο
1831 2130 1859 2182 ὁ
1887 2127 2040 2192 Θεὸς,

461 2217 532 2272 τὰ
564 2219 756 2290 ἀγενῆ,
791 2218 859 2273 τὰ
889 2220 1316 2293 ἐξουθενημένα,
1359 2221 1429 2274 τὰ
1463 2220 1536 2293 μὴ
1568 2221 1713 2275 ὄντα.
1753 2220 2042 2285 Ἦξουσιν

459 2302 578 2361 οὖν
601 2307 744 2375 ἔθνη
775 2307 875 2362 ἀπ’
900 2307 1166 2378 ἐσχάτου
1196 2309 1307 2379 τῆς
1339 2308 1482 2380 γῆς’
1512 2309 1645 2363 ὡσεὶ
1677 2309 1863 2378 ἔλεγεν
1881 2350 1896 2374 ,
1935 2307 2042 2363 ἀπὸ

459 2397 787 2453 τελευταίων
834 2398 944 2453 τῶν
993 2399 1089 2453 ἑπΐ
1131 2401 1232 2471 γῆς
1276 2399 1606 2472 ἀνθρώπων,
1656 2401 1766 2454 ἀπὸ
1820 2399 2039 2473 μωρῶν,

464 2489 574 2542 ἀπὸ
601 2488 832 2558 ἀγενῶν,
875 2488 984 2543 ἀπὸ
1019 2490 1487 2563 ἑξουθενημένων.
1509 2492 1618 2548 Καὶ
1662 2492 1931 2560 ἐροῦσιν,
1960 2492 2042 2559 ὠς

473 2576 673 2647 Ψευδῆ
719 2577 1058 2647 ἐκτήσαντο
1090 2582 1145 2634 οἱ
1184 2580 1434 2649 πατέρες
1472 2579 1642 2651 ἡμῶν
1667 2581 1905 2646 εἴδωλα,
1942 2580 2042 2636 καὶ

461 2673 573 2725 οὐκ
601 2669 775 2726 ἐστιν
808 2673 879 2726 ἐν
914 2671 1121 2739 αὐτοῖς
1146 2672 1449 2743 ὠφέλημα·
1494 2674 1592 2745 οὐχ
1645 2675 1728 2728 ὅτι
1771 2674 1888 2728 ἑστί
1917 2691 2041 2728 τινα

462 2761 659 2817 εἴδωλα
698 2762 906 2836 ἀληθῆ,
967 2757 1043 2818 ὧν
1090 2765 1225 2836 πρὸς
1266 2764 1668 2837 ἀντιδιαστολὴν
1706 2764 1922 2835 λέγεται
1972 2763 2041 2819 τὰ

2150 1862 2338 1919 terrm;
2396 1859 2525 1906 sunt
2573 1851 2664 1905 alii
2720 1850 3026 1907 novissimi.
3061 1853 3164 1919 Qui
3217 1861 3344 1908 sunt
3392 1854 3593 1925 primi?
3633 1853 3734 1908 Sa-

2127 1932 2360 2011 ‘pientes
2380 1941 2589 2007 saeculi,
2613 1941 2850 2008 nobiles,
2886 1943 3108 2008 divites,
3136 1945 3449 2014 optimates.
3475 1945 3579 2011 Qui
3604 1956 3734 2001 sunt

2149 2030 2415 2085 extremi?
2451 2030 2520 2063 “‘
2554 2029 2735 2085 Stulta
2767 2033 2951 2085 mundi
2979 2033 3134 2103 elegit
3163 2032 3326 2097 Deus,
3351 2043 3409 2088 ut
3441 2035 3732 2104 confundat

2150 2123 2336 2194 fortia,
2372 2134 2420 2177 et
2451 2138 2513 2177 ea
2551 2139 2669 2194 quae
2693 2139 2796 2177 non
2848 2134 3022 2188 erant,
3060 2136 3116 2181 nt
3149 2126 3389 2179 destruat
3427 2142 3544 2196 quat
3584 2139 3728 2182 sunt.

2156 2213 2370 2269 Venient
2412 2223 2586 2284 gentes
2615 2214 2679 2268 ab
2724 2226 2956 2269 extremo
2988 2223 3174 2283 teme;
3198 2219 3354 2288 quasi
3390 2219 3587 2274 dixerit
3622 2218 3732 2273 :de

2148 2305 2236 2361 his
2278 2307 2536 2362 omnibus
2579 2306 2674 2375 qui
2715 2315 2842 2361 sunt
2887 2309 3175 2363 novissimi
3218 2324 3382 2378 super
3418 2317 3641 2376 terram,
3667 2312 3734 2365 de

2148 2395 2335 2462 fatuis,
2379 2396 2447 2450 de
2474 2395 2826 2466 ignobilibus,
2876 2398 2943 2452 de
2982 2398 3228 2466 abjectis.
3272 2399 3337 2453 Et
3369 2401 3565 2468 dicent,
3596 2418 3733 2473 quo-

2148 2488 2296 2540 niam
2329 2484 2499 2542 Falsa
2527 2487 2868 2556 possederunt
2910 2499 3086 2558 patres
3117 2492 3285 2545 nostri
3318 2492 3629 2560 simulacra,
3643 2509 3736 2548 nee

2147 2588 2225 2633 est
2247 2583 2302 2632 in
2327 2579 2438 2633 illis
2469 2580 2717 2646 utilitas;
2746 2597 2851 2635 non
2869 2583 2999 2652 quia
3020 2596 3146 2637 vera
3175 2585 3286 2659 sint
3316 2585 3483 2652 idola,
3506 2587 3572 2640 ad
3598 2602 3733 2656 quo~

2150 2683 2272 2721 rum
2312 2667 2719 2723 distinctionem
2768 2685 2915 2723 nunc
2958 2669 3098 2725 falsa
3140 2672 3415 2739 dicantur,
3462 2676 3554 2730 sed
3590 2675 3732 2728 idola

2147 2775 2269 2833 quae
2289 2759 2423 2815 falsa
2454 2770 2584 2816 sunt
2610 2776 2704 2830 per
2734 2769 3011 2826 naturam,
3037 2763 3185 2817 nulla
3209 2776 3294 2818 est
3317 2764 3371 2818 in
3393 2765 3474 2819 eis
3497 2765 3728 2821 utilitas.

458 2854 656 2927 ψευδῆ,
706 2855 843 2912 ἀλλὰ
887 2854 1083 2910 εἴδωλά
1119 2874 1240 2911 τινα
1278 2861 1345 2929 τῇ
1376 2857 1534 2926 φύσει
1571 2858 1687 2911 ἐστὶ
1716 2856 1907 2929 ψευδῆ,
1942 2857 2037 2911 καὶ
2061 2855 2161 2909 οὐκ
2194 2853 2340 2905 ἔστιν
2373 2854 2430 2905 ἐν
2456 2852 2640 2916 αὐτοῖς
2666 2850 2957 2925 ὠφέλημα.

537 2953 607 3007 ει
649 2950 888 3020 ποιήσει
929 2950 1121 3017 ἐαυτῷ
1173 2950 1481 3018 ἄνθρωπος
1516 2951 1710 3017 θεούς.
1755 2950 1829 3004 Οὐ
1882 2950 2038 3022 μόνον

461 3045 570 3101 ἀπὸ
631 3043 739 3098 τῶν
797 3042 1130 3115 ἀγαλμάτων
1193 3040 1436 3096 ποιοῦσιν
1506 3042 1716 3105 ἑαυτοῖς
1763 3040 2039 3110 ἄνθρωποι

462 3098 652 3199 θεοὺς,
699 3134 813 3188 ἀλλ’
846 3098 1109 3207 ἐὑρήσεις
1153 3133 1248 3187 καὶ
1298 3131 1407 3185 ἀπὸ
1456 3131 1564 3185 τῶν
1601 3098 2042 3204 ἀναπλασμάτων
2069 3098 2117 3161 c

466 3225 755 3290 ποιοῦντας
785 3224 1105 3296 ἀνθρώπους
1128 3225 1341 3288 ἑαυτοῖς
1363 3222 1539 3288 θεούςο
1570 3225 1685 3277 ὅσοι
1711 3223 1821 3295 γὰρ
1851 3223 2040 3277 δύναν-

465 3333 551 3368 ται
585 3314 890 3370 ἀναπλάσαι
922 3312 1056 3367 Θεὸν
1085 3312 1292 3384 ἕτερον,
1329 3311 1424 3365 καὶ
1471 3309 1827 3381 κοσμοποιίαν
1873 3307 2039 3380 ἀλλην

467 3406 619 3478 παρά
646 3406 742 3479 τὴν
774 3406 879 3460 uno
911 3404 1002 3459 τοῦ
1044 3402 1360 3476 Πνεύματος
1401 3400 1919 3472 ἀναγεγραμμένην,
1950 3399 2043 3453 καὶ

466 3497 631 3568 ἄλλην
657 3497 985 3569 ,οἰκονομίαν
1028 3495 1237 3567 κόσμου
1285 3493 1435 3565 παρὰ
1482 3493 1580 3566 τὴν
1633 3491 1841 3564 ἀληθῆ,
1894 3485 2041 3545 οὗτοι

470 3593 670 3657 πάντες
715 3592 979 3663 ἑποίησαν
1015 3590 1224 3652 ἑαυτοῖς
1261 3587 1437 3650 θεοὺς,
1464 3586 1576 3665 ’καὶ
1629 3583 2041 3657 προσεκύνησαν

466 3672 575 3747 τοῖς
610 3681 790 3754 ἔργοις
820 3679 930 3733 τῶν
974 3676 1192 3750 χειρῶν.
1239 3671 1398 3742 Οἶον,
1451 3675 1643 3748 νόησόν
1696 3693 1784 3746 μοι
1828 3673 1939 3729 εἴτε
1984 3676 2041 3727 ἑν

469 3772 692 3844 Ἕλλησι
719 3773 843 3836 τοὺς
865 3770 1229 3842 γεννήσαντας
1245 3767 1508 3840 δόγματα,
1531 3768 1651 3840 φέρ’
1666 3768 1862 3832 εἰπεῖν,
1879 3766 2039 3838 τῆσδε

464 3863 564 3934 τῆς
597 3862 914 3933 φιλοσοφίας
944 3860 978 3933 ἢ
1004 3858 1194 3931 τῆσδε,
1223 3858 1334 3912 εἴτε
1366 3861 1424 3912 ἑν
1468 3861 1585 3921 ταῖς
1625 3857 1867 3929 αἱρέσεσι
1913 3857 2040 3921 τοὺς

466 3957 829 4027 γεννήσαντας
862 3952 1111 4027 πρώτους
1139 3950 1408 4022 δόγματα,
1441 3942 1587 4004 οὗτοι
1624 3950 1883 4020 ἐποίησαν
1917 3952 2041 4004 ἑαυ-

465 4049 577 4112 τοῖς
601 4046 794 4101 εἴδωλα
826 4047 920 4099 καὶ
951 4042 1350 4114 ἁναπλάσματα
1384 4041 1482 4112 τῆς
1512 4040 1690 4112 ψυχῆς
1708 4082 1722 4106 ,
1750 4041 1846 4095 καὶ
1877 4058 2041 4112 στρα-

466 4139 655 4212 φέντες
693 4136 1105 4212 προσεκύνησαν
1126 4137 1238 4199 τοῖς
1269 4132 1453 4207 ἔργοις
1482 4132 1591 4186 τῶν
1617 4132 1816 4204 χειρῶν
1838 4132 2037 4196 αὐτῶν,

468 4231 855 4303 ἀποδεξάμενοι
906 4230 981 4293 ὠς
1026 4227 1285 4298 ἀλήθειαν
1332 4224 1402 4280 τὰ
1461 4223 1567 4278 ῐδια
1617 4223 2035 4295 ἀναπλάσματα.

467 4325 677 4389 Πάντας
707 4317 800 4378 οὖν
828 4322 955 4385 τοὺς
989 4317 1263 4392 αἰσθητῶς
1291 4317 1388 4372 καὶ
1425 4318 1553 4381 τοὺς
1587 4315 1793 4389 νοητιῖκι
1825 4314 2041 4369 ποιοῦν-

2152 2952 2155 2955 “
2218 2948 2273 3002 9.
2316 2946 2377 3002 Si
2401 2947 2561 3017 faciet
2591 2945 2692 3000 sibi
2721 2948 2875 3000 homo
2902 2947 3049 3010 deos,
3079 2959 3127 3004 et
3153 2951 3249 3005 isti
3275 2967 3379 3006 non
3406 2961 3530 3006 sunt
3550 2952 3630 3006 dii
3651 2950 3724 2983 δ’·

2145 3038 2264 3096 Non
2299 3040 2475 3096 solum
2508 3038 2575 3093 de
2605 3038 2884 3108 corporeis
2917 3040 3227 3097 simulacris
3252 3041 3462 3098 faciunt
3493 3044 3598 3099 sibi
3626 3044 3728 3097 ho-

2154 3131 2330 3187 mines
2355 3129 2508 3190 deos,
2546 3128 2641 3182 sed
2685 3137 2741 3182 et
2775 3127 2845 3182 de
2884 3129 3047 3183 corde
3080 3130 3398 3202 contingunt
3429 3148 3444 3187 :
3470 3133 3562 3202 qui
3586 3137 3730 3190 enim

2145 3228 2376 3293 possunt
2398 3218 2660 3275 simulare
2686 3218 2854 3273 alium
2880 3229 3184 3277 creatorem
3214 3230 3367 3277 extra
3399 3225 3733 3280 universita-

2144 3313 2215 3367 tis
2247 3309 2412 3382 234
2451 3307 2643 3375 Deum,
2691 3309 2858 3364 alium
2915 3308 3179 3381 Spiritum
3234 3324 3508 3382 sanctum,
3560 3317 3728 3374 alium

2143 3403 2450 3466 Christum,
2475 3402 2582 3455 alia
2618 3401 2818 3455 sucula
2858 3410 3012 3456 extra
3047 3402 3162 3458 haec
3193 3419 3317 3474 qua:
3349 3407 3649 3473 cernimus,
3686 3408 3726 3462 ii

2144 3511 2336 3551 omnes
2359 3495 2605 3550 fecerunt
2632 3495 2735 3551 sibi
2765 3495 2919 3558 deos,
2946 3504 2999 3548 et
3020 3494 3391 3551 adoraverunt
3421 3512 3585 3567 opera
3611 3513 3734 3553 ma-

2138 3603 2312 3642 nuum
2340 3600 2586 3640 suarum.
2613 3585 2816 3640 Omnes
2841 3584 3149 3654 philosophi
3176 3585 3269 3654 qui
3299 3586 3451 3641 varia
3473 3586 3728 3657 dogmata

2145 3680 2526 3753 prodiderunt,
2563 3692 2755 3732 omnes
2785 3675 3023 3730 haeretici
3057 3674 3149 3745 qui
3197 3683 3446 3730 auctores
3472 3676 3538 3730 ad
3571 3678 3731 3731 aliter

2142 3773 2474 3831 credendum
2512 3770 2579 3826 de
2614 3769 2726 3825 Dco
2762 3768 2983 3824 miseris
3022 3767 3346 3822 mortalibus
3374 3767 3727 3837 exstiterunt,

2143 3867 2390 3922 fecerunt
2424 3865 2528 3920 sibi
2559 3863 2724 3929 idola,
2747 3871 2801 3916 et
2834 3860 3003 3915 animi
3030 3860 3361 3928 voluptatem
3394 3869 3723 3929 putaverunt

2144 3955 2339 4020 Deum,
2368 3964 2422 4009 et
2460 3953 2710 4009 conversi
2739 3951 3108 4004 adoraverunt
3135 3962 3274 4016 opus
3301 3962 3561 4004 manuum
3595 3968 3725 4007 sua-

2136 4062 2288 4111 rum,
2325 4055 2579 4116 putantes
2612 4058 2739 4096 vera
2764 4053 2887 4095 esse
2908 4055 3033 4109 quae
3057 4038 3346 4096 ﬁiixet‘ant.
3381 4039 3585 4099 Omnes
3618 4045 3722 4114 igi-

2142 4146 2231 4190 tur
2254 4146 2361 4189 tam
2389 4135 2456 4189 de
2490 4131 2688 4187 visibili
2718 4126 2968 4192 materia,
2995 4144 3158 4203 quam
3191 4129 3259 4182 de
3285 4128 3439 4186 falsis
3457 4133 3726 4201 dogmati-

2134 4225 2245 4280 ‘bus
2268 4224 2533 4294 ﬁngentes
2555 4220 2657 4274 sibi
2683 4220 2834 4282 deos,
2860 4215 3250 4288 corripitnunc
3279 4234 3461 4274 sermo
3486 4221 3722 4288 divinus,

2141 4316 2329 4372 dicens
2346 4314 2392 4346 ⁸⁸
2409 4331 2424 4369 :
2444 4312 2504 4368 Si
2520 4312 2676 4381 faciet
2698 4309 2801 4365 sibi
2817 4309 2969 4363 homo
2984 4309 3130 4377 deos,
3148 4322 3197 4363 et
3212 4310 3305 4363 isti
3335 4327 3438 4365 non
3466 4323 3590 4367 sunt
3611 4313 3725 4381 dii;

464 4433 560 4480 τας
595 4415 805 4478 ἑαυτοῖς
832 4411 986 4475 θεοὺς
1017 4409 1305 4481 διελέγχων
1332 4409 1360 4462 ὁ
1385 4406 1542 4476 λόγος
1568 4407 1750 4506 φησιν’
1772 4408 1843 4461 El
1868 4405 2040 4473 ποιή-

2143 4416 2411 4480 propterea
2424 4405 2567 4459 mani
2572 4404 2773 4474 festabo
2783 4402 2892 4456 illis
2903 4401 2957 4455 in
2973 4396 3199 4472 tempore
3211 4402 3314 4457 ista
3328 4418 3457 4474 opus
3474 4419 3726 4459 ntanuum

465 4522 559 4560 σει
602 4502 797 4570 ἐαυτῷ
841 4500 1147 4569 ἅνθρωπος
1198 4497 1393 4564 θεοὺς,
1428 4496 1528 4553 καί
1563 4493 1729 4552 οὗτοι
1772 4497 1885 4551 οὐκ
1919 4495 2039 4550 sici

2146 4515 2405 4561 mearum,
2426 4496 2702 4551 ostendam
2734 4492 2843 4548 illis
2877 4492 3123 4546 virtutem
3138 4508 3345 4557 meam;
3379 4494 3434 4548 in
3460 4509 3569 4564 quo
3599 4505 3727 4550 tem-

466 4599 605 4652 aeol'
640 4597 739 4652 διὰ
762 4595 936 4650 τοῦτο
956 4592 1071 4664 ἐγὼ
1093 4589 1344 4661 δηλώσω
1367 4589 1569 4657 αὐτοῖς
1591 4588 1705 4659 τὴν
1729 4590 1899 4662 χεῖρά
1918 4608 2038 4662 μου

2149 4605 2301 4661 pore,
2342 4587 2449 4643 nisi
2496 4587 2551 4640 in
2593 4585 2718 4650 isto,
2753 4599 2865 4654 quo
2907 4581 3159 4637 Salvator
3197 4591 3381 4636 noster
3427 4584 3725 4655 assumpsit

464 4692 534 4744 ἐν
568 4689 646 4757 τῷ
682 4687 866 4758 καιρῷ
902 4687 1120 4750 τούτῳ,
1150 4685 1248 4739 καὶ
1309 4681 1532 4754 τνωριῶ
1569 4682 1772 4750 αὐτοῖς
1797 4684 1895 4738 καὶ
1932 4682 2047 4751 τὴν

2152 4696 2349 4752 corpus
2376 4676 2711 4733 humanum?
2740 4674 2811 4728 Et
2841 4675 3006 4728 scient
3027 4672 3155 4743 quia
3173 4688 3267 4742 ego
3293 4688 3412 4726 sum
3444 4673 3718 4732 Dominus.

465 4783 722 4854 δύναμιν
753 4797 892 4852 μου·
939 4780 1074 4846 ποίῳ
1104 4777 1312 4850 καιρῷ,
1356 4778 1391 4850 ἢ
1430 4776 1638 4849 causa»;
1684 4776 1941 4831 δεικνύων
1972 4777 2028 4831 δὲ
2065 4777 2158 4831 τὸν
2184 4774 2374 4844 καιρὸν
2395 4771 2492 4841 τῆς
2520 4767 2820 4841 παρουσίας
2849 4762 2943 4817 τοῦ
2980 4762 3215 4835 Κυρίου·
3243 4763 3353 4818 Kal
3367 4766 3719 4836 γνώσονται,

471 4877 649 4949 φησιν,
679 4875 771 4930 ὅτι
793 4870 982 4943 ὄνομά
997 4888 1098 4942 μοι
1130 4871 1361 4939 Κύριος.

538 4945 672 5024 Εἶτα
692 4967 827 5038 ἄλλη
854 4964 973 5019 ἐστὶ
1005 4963 1331 5036 προφητεία,
1354 4962 1421 5032 ἢν
1455 4961 1555 5014 οὐκ
1581 4954 1678 5012 οἷδ’
1711 4958 1860 5021 ὃπως
1883 4956 2034 5030 παρά

2215 4954 2304 5009 10.
2345 4949 2550 5007 Deinde
2577 4947 2682 5003 alia
2711 4945 2961 5017 sequitur
2992 4947 3274 5018 prophetia
3306 4950 3494 5020 (quam
3533 4950 3721 5004 nescio

469 5035 990 5132 τοῖςἘδδομηκοντα
1004 5035 1103 5127 οὔχ
1113 5053 1365 5127 εὕρομεν,
1386 5051 1617 5125 εὕρομεν
1635 5050 1694 5104 δὲ
1713 5051 1770 5104 ἑν
1792 5052 1910 5114 ταῖς
1933 5049 2037 5103 λοι.

2143 5057 2311 5115 quare
2341 5039 2484 5111 apud
2519 5035 2872 5107 Septuaginta
2900 5051 3009 5091 non
3034 5038 3392 5104 invenientes,
3426 5040 3479 5093 in
3508 5041 3719 5094 caneris

466 5125 594 5218 παῖς
618 5125 882 5214 ἐκδόσεσι,
898 5125 1143 5220 δηλονότι
1168 5125 1423 5216 κειμένην
1451 5145 1506 5196 ἑν
1530 5142 1610 5214 τῷ
1624 5140 1917 5214 Ἕδραῖκῷ,
1941 5138 2037 5194 καὶ⁸

2143 5132 2499 5197 editionibus,
2522 5145 2644 5199 qua:
2670 5142 2793 5182 cum
2819 5125 3046 5182 Hebraeo
3068 5130 3421 5185 consentiunt
3442 5144 3714 5195 sermone,

469 5246 823 5317 πεπλήρωται
847 5218 1184 5314 πραγμάτων
1209 5232 1672 5304 ἀναγκαιοτάτων,
1699 5232 2036 5306 δυναμένων,

2143 5221 2508 5294 reperimus),
2530 5233 2652 5290 qua:
2673 5218 2830 5288 plena
2855 5224 2939 5273 est
2968 5220 3293 5274 necessariis
3318 5218 3497 5284 rebus,
3530 5227 3584 5273 et
3606 5228 3714 5273 tam

472 5338 564 5392 ἑὰν
596 5308 971 5409 π’ῥοσέχωμὲν,
1000 5308 1322 5400 ἐπιστρέψαι
1354 5324 1451 5397 τὴν
1474 5323 1650 5395 ψυχὴν
1679 5324 1857 5398 ἡμῶν,
1883 5321 2040 5380 Οὕτω

2146 5316 2392 5380 utilibus,
2426 5322 2485 5369 ut
2514 5311 2707 5383 possit,
2734 5311 2778 5366 si
2805 5310 3020 5365 animus
3040 5308 3205 5365 fuerit
3228 5318 3486 5369 attentus.
3515 5325 3546 5363 a
3572 5310 3716 5367 vitiis

473 5427 525 5480 δὲ
555 5399 667 5497 ιχεὶ
699 5399 1031 5495 τὰΠρηματαο
1071 5399 1345 5489 Ἀμαρτια
1391 5412 1579 5468 Ἰούδα
1609 5412 1927 5488 γέγραπται
1970 5413 2041 5468 ἐν

2145 5422 2404 5465 revocare
2426 5406 2703 5460 lectorem.
2733 5401 2826 5459 Sic
2851 5410 3033 5456 autem
3065 5402 3308 5471 sequitur
3329 5399 3407 5454 “:
3436 5399 3716 5455 Peccatum

468 5582 478 5651 ξ
551 5581 596 5617 ⁸⁸
618 5582 817 5640 Jerem.
845 5598 954 5647 μοι,
987 5589 1071 5637 19.
1146 5572 1260 5636 ⁴⁶Ὶ
1285 5580 1408 5636 Cor.
1444 5596 1481 5647 ι,
1505 5579 1592 5634 27.
1666 5580 1709 5618 ⁸⁷
1736 5590 1891 5665 ibid“
1916 5587 2009 5646 20,

2162 5574 2362 5632 Jerem.
2394 5590 2502 5640 xw,
2533 5573 2622 5639 20,
2645 5571 2734 5626 (ξι.
2812 5564 2861 5599 δ’
2880 5566 3081 5624 Jerem.
3117 5582 3248 5627 xm.
3280 5574 3325 5623 l.
