4218 6292
374 317 477 373 457

454 457 552 510 Ἐν
585 455 786 525 ἡμίσει
818 455 885 510 δὲ
915 456 1147 525 ἡμερῶν
1184 456 1370 509 αὑτοῦ
1407 455 1948 524 ἐγκαταὶείψουσιν
1978 444 2022 497 Α

378 548 577 604 αὐτόν.
616 547 804 618 Ἡμεῖς
839 547 1068 610 πάντες,
1105 547 1154 599 οἱ
1196 546 1480 616 γενόμενοί
1531 562 1661 598 ποτε
1709 545 1813 598 ὑπὸ
1855 543 1946 597 τὸν

380 639 608 708 πέρδικα
636 637 730 691 τὸν
760 639 1108 709 φωνήσαντα·
1155 635 1404 706 ὲφώνησε
1428 634 1537 706 γὰρ
1581 635 1643 688 οὐ
1677 634 1834 706 μόνον
1859 633 1948 686 διὰ

377 727 480 779 τῶν
515 729 948 798 προειρημένων,
975 724 1108 778 ἀλλὰ
1135 725 1227 778 καὶ
1245 724 1335 777 διὰ
1367 724 1582 778 πάντων
1613 720 1948 788 ἁπαξαπλῶς

375 818 480 871 τῶν
510 817 865 882 ἀπατῶντων,
899 819 992 872 καὶ
1021 817 1097 880 ὡς
1128 817 1217 869 ἐπὶ
1245 815 1524 870 εὐσέϐειαν
1557 816 1654 888 τὴν
1685 816 1948 886 ἀθεότητα

373 908 832 980 προκαλουμένων
883 907 975 962 ἐπὶ
1021 908 1265 978 δόγματα
1310 909 1526 963 ἐναντία
1577 911 1642 979 τῇ
1696 908 1947 980 ἀληθείᾳ.

383 997 519 1049 Ἀλλ’
577 999 636 1049 ἐν
687 996 874 1068 ἡμίσει
924 997 1148 1068 ήμερῶν
1199 996 1364 1050 αὑτοῦ
1412 997 1950 1068 ὲγκαταλελοίπαμεν

369 1085 560 1141 αὐτόν*
598 1087 768 1138 πᾶσαι
806 1086 904 1156 μὲν
935 1085 1043 1156 τὰρ
1089 1086 1146 1139 αἱ
1185 1085 1386 1156 ἡμέραι
1433 1085 1596 1139 αὐτοῦ
1648 1087 1705 1140 αἱ
1748 1086 1948 1157 ἡμέραι

367 1175 472 1226 εἰσὶ
517 1173 610 1227 τοῦ
642 1173 835 1236 αἰῶνος
863 1173 1076 1232 τούτου,
1121 1175 1275 1228 Ἐπεὶ
1317 1174 1374 1227 δὲ
1424 1173 1660 1239 ἐξείλετο
1705 1176 1849 1243 ἡμᾶς
1885 1176 1950 1227 ὲκ

365 1261 462 1316 τοῦ
489 1262 681 1327 αίῶνος
713 1263 809 1316 τοῦ
851 1263 1144 1327 ἐνεστῶτος
1170 1263 1410 1334 πονηροῦ
1438 1261 1670 1334 Χριστὸς
1705 1263 1944 1334 Ἰησοῦς,

364 1353 454 1408 διὰ
485 1355 641 1408 τοῦτο
666 1357 723 1409 ὲν
756 1355 941 1425 ἡμίσει
967 1355 1190 1426 ἡμερῶν
1215 1354 1381 1408 αὐτοῦ
1413 1354 1947 1425 ἐγκαταλελοίπαμεν

367 1446 555 1500 αὐτόν.
595 1445 708 1499 Καὶ
727 1445 821 1499 ἐπ’
844 1445 1122 1515 ἐσχάτων
1146 1446 1332 1500 αὑτοῦ
1352 1446 1523 1499 ἔσται
1549 1443 1774 1514 ἄφρων.
1809 1445 1947 1498 Πότε

366 1539 480 1608 γὰρ
524 1538 784 1608 φρόνιμος
828 1533 930 1608 ἦν,
975 1537 1045 1590 ἶν’
1096 1539 1181 1590 ἐπ’
1233 1539 1476 1608 ἐσχάτων
1517 1535 1684 1592 αὐτοῦ
1721 1537 1947 1608 γένηται

367 1628 586 1697 depinxt;
634 1624 794 1679 Ἀλλὰ
836 1627 1104 1696 φήσομεν,
1148 1626 1229 1679 ὅτι
1274 1623 1535 1695 φρόνιμος
1575 1618 1644 1694 ἦν
1669 1639 1682 1652 ε
1744 1623 1798 1674 '0
1837 1621 1948 1691 τὰρ

361 1719 502 1786 ὄφις
539 1715 617 1789 ἦν
653 1718 1094 1788 φρονιμώτατος
1137 1717 1378 1772 πάντων
1425 1715 1542 1770 τῶν
1581 1716 1800 1783 θηρίων
1829 1713 1948 1767 τῶν

1501 316 1562 369 IN
1601 314 1948 370 JliiiEMIAM
1990 312 2270 368 III).\I|LI;\
2325 311 2480 367 XVII.

3511 319 3616 372 458

2119 432 2171 485 5.
2221 430 2282 484 In
2325 433 2494 486 medio
2525 432 2726 485 dierum
2764 435 2875 501 ejus
2910 432 3265 501 derelinquent
3312 450 3452 489 eum.
3506 434 3618 486 Nos

2055 541 2244 580 omnes
2271 525 2361 595 qui
2390 527 2663 594 quondam
2691 524 2894 579 fuimus
2923 525 3025 579 sub
3047 525 3330 579 clamantis
3357 536 3622 595 potestate

2054 615 2322 685 perdicis;
2355 615 2610 668 clamavit
2653 615 2854 684 quippe
2888 630 2996 667 non
3030 614 3204 668 solum
3237 631 3329 684 per
3355 631 3450 670 eos
3481 631 3620 683 quos

2055 721 2217 775 supra
2267 705 2730 770 memoravimus,
2773 705 2868 758 sed
2918 719 3010 774 per
3037 719 3231 759 omnes
3283 705 3618 774 generaliter.

2053 798 2146 866 qui
2176 796 2332 865 quasi
2371 796 2438 850 ad
2473 796 2725 866 pietatem
2768 805 2823 849 et
2867 796 2933 849 ad
2979 795 3295 863 religionem
3333 805 3620 855 vocantes.

2055 889 2157 942 sub
2199 888 2474 941 contrario
2508 887 2720 942 veritati
2761 885 3015 957 dogmate
3047 887 3442 941 clamaverunt.
3488 885 3623 952 Nos,

2055 978 2278 1049 inquam
2304 1019 2319 1045 ,
2353 979 2595 1033 universi
2630 979 2685 1034 in
2726 979 2955 1034 dimidio
3001 981 3212 1034 dierum
3258 979 3377 1049 ejus
3430 977 3625 1034 dereli-

2055 1072 2276 1140 quimus
2305 1086 2454 1126 eum.
2487 1070 2554 1126 Et
2580 1086 2770 1126 omnes
2802 1072 3021 1144 quidem
3058 1073 3178 1127 dies
3207 1071 3371 1142 hujus
3399 1072 3582 1126 sa-culi
3607 1112 3624 1136 ,

2055 1165 2148 1220 sed
2185 1166 2311 1234 quia
2341 1181 2440 1220 nos
2465 1181 2530 1220 ex
2564 1166 2786 1220 instanti
2833 1167 3034 1222 saeculo
3081 1181 3314 1236 nequam
3344 1166 3487 1221 eruit
3529 1165 3628 1220 Da-

2055 1256 2238 1310 minus
2267 1254 2423 1311 Jesus
2443 1295 2457 1319 ,
2492 1257 2699 1312 ideirco
2729 1257 2782 1311 in
2835 1257 3014 1314 medio
3044 1259 3257 1313 dierum
3307 1259 3426 1327 ejus
3471 1258 3627 1312 dere-

2058 1348 2321 1418 liquimus
2374 1364 2521 1402 eum.
2565 1346 2634 1400 Et
2676 1349 3018 1402 novissimum
3063 1349 3178 1418 ejus
3220 1350 3320 1402 erit
3347 1350 3622 1418 insipiens;

2052 1438 2283 1504 Quando
2334 1449 2516 1494 autem
2567 1439 2788 1509 sapiens
2836 1438 2972 1506 fuit,
3020 1449 3080 1494 ut
3113 1441 3472 1495 novissimum
3507 1442 3628 1509 ejus

2053 1531 2246 1585 merito
2274 1530 2538 1600 insipiens
2581 1531 2715 1586 ﬁat?
2742 1530 2848 1586 Sed
2877 1531 3126 1585 dicamus
3159 1547 3284 1586 eum
3321 1529 3494 1586 fuisse
3533 1548 3623 1585 sa-

2052 1622 2286 1691 pientem
2305 1623 2351 1654 ⁸⁸
2378 1637 2394 1674 :
2427 1621 2649 1694 Serpens
2679 1625 2869 1694 quippe
2893 1623 3186 1692 sapientior
3230 1633 3346 1677 erat
3385 1624 3625 1676 omnibus

2055 1713 2231 1768 bestiis
2267 1730 2424 1784 super
2455 1724 2676 1779 terram,
2719 1730 2854 1785 quas
2891 1713 3012 1782 fecit
3048 1711 3304 1766 Dominus
3339 1712 3496 1767 Deus.
3527 1712 3596 1766 Sa

363 1807 462 1859 ἐπὶ
500 1806 612 1877 τῆς
636 1848 650 1872 ,
684 1803 774 1861 ὧν
797 1809 1049 1875 ἐποίησε
1070 1809 1284 1875 Κύριος
1307 1809 1338 1860 ὁ
1372 1807 1535 1872 Θεός.
1564 1805 1831 1876 Φρόνιμος
1853 1799 1943 1875 ἦν,

2051 1805 2212 1902 piens
2233 1802 2337 1858 fuit
2363 1804 2520 1873 juxta
2554 1805 2605 1859 id
2633 1805 2779 1874 quod
2819 1803 3084 1872 scriptum
3116 1811 3204 1857 est
3228 1804 3272 1834 ⁵⁷
3301 1819 3317 1854 :
3349 1802 3625 1856 Adducam

364 1899 506 1951 κατὰ
533 1899 593 1952 τὸ
624 1899 910 1971 εἰρημένον
956 1901 1016 1953 ὲν
1064 1899 1143 1970 τῷ
1178 1897 1377 1970 Ἱῐσαῖᾳ
1399 1914 1413 1928 ·
1450 1895 1678 1960 Ἐπάξω
1709 1895 1821 1966 γὰρ
1845 1895 1944 1948 ἐπὶ

364 1990 472 2042 τὸν
504 1989 658 2044 νοῦν
685 1991 790 2043 τὸν
803 1989 996 2059 μέγ-αν
1025 1989 1131 2042 τὸν
1156 1987 1419 2057 ἄρχοντα
1443 1987 1560 2040 τῶν
1597 1987 1943 2055 Ἀσσυρίων.

363 2078 516 2134 Eine
542 2081 687 2150 γάρ·
736 2081 814 2149 Τῇ
856 2082 1027 2149 ἰσχύϊ
1053 2079 1286 2145 ποιήσω
1317 2079 1412 2131 καὶ
1449 2075 1524 2144 τῇ
1553 2077 1744 2145 σοφίᾳ
1769 2081 1786 2096 ⁹
1807 2083 1824 2098 ·
1849 2080 1862 2097 ⁸
1891 2081 1904 2097 ³
1930 2081 1947 2097 ·

2051 1893 2208 1963 διῳεὲ
2235 1911 2447 1949 sensum
2473 1895 2724 1964 grandem
2755 1895 3042 1964 principem
3069 1895 3426 1963 Assyriorum.
3477 1893 3642 1962 Dixit

2055 1996 2270 2040 autem:
2308 1985 2569 2040 Violentia
2618 2002 2733 2039 mea
2785 1986 3019 2054 faciam,
3066 1995 3115 2039 et
3157 1986 3419 2054 sapientia
3473 1985 3626 2038 intel-

2058 2075 2224 2130 lectus
2274 2076 2514 2145 auferam
2583 2077 2711 2145 fines
2759 2077 3029 2146 gentium,
3079 2085 3128 2130 et
3178 2077 3394 2129 uirtutes
3447 2090 3627 2130 eorum

360 2175 684 2241 depnscam.
731 2182 779 2226 et
824 2171 1151 2226 commovebo
1183 2172 1422 2225 civitates
1455 2169 1808 2223 inhabitatus.
1854 2167 1913 2223 Si
1941 2168 2066 2240 quis
2097 2177 2278 2238 potest
2301 2210 2316 2235 ,
2357 2169 2620 2239 intelligat
2651 2170 2924 2240 quomodo
2952 2169 3312 2226 novissimum
3357 2168 3479 2238 ejus
3527 2173 3629 2222 erit

359 2264 614 2318 stultum.
653 2264 760 2318 Iste
788 2264 856 2318 ab
890 2278 956 2318 co
989 2263 1136 2333 quod
1168 2262 1271 2318 fuit
1298 2266 1518 2335 sapiens
1549 2265 1713 2328 male,
1773 2262 2071 2331 sapientior
2093 2269 2212 2316 erat
2237 2261 2494 2340 omnibus
2519 2262 2708 2317 bestiis
2735 2279 2901 2334 super
2926 2273 3125 2318 terram
3159 2281 3172 2317 :
3209 2263 3269 2318 Iit
3297 2259 3630 2326 econtrario,

364 2369 436 2409 eo
463 2356 610 2424 quod
657 2357 877 2426 sapiens
914 2358 1051 2421 fuit,
1107 2358 1247 2412 male
1289 2359 1578 2429 insipiens.
1613 2357 1886 2426 Intelliges
1931 2371 2062 2411 vero
2086 2356 2223 2426 quid
2258 2357 2331 2412 sit
2359 2376 2372 2413 :
2409 2356 2773 2412 Nouissimam
2801 2358 2914 2427 ejus
2940 2360 3046 2412 erit
3076 2359 3361 2428 insipiens,
3409 2356 3456 2411 si
3481 2356 3631 2410 scias

363 2460 647 2522 quomodo
676 2457 838 2510 etiam
867 2455 966 2510 tibi
994 2471 1088 2525 per
1118 2457 1442 2527 Apostolum
1475 2455 1847 2527 praecipiatur,
1876 2451 2042 2525 238
2075 2463 2137 2508 ut
2181 2468 2279 2524 pro
2326 2453 2501 2508 salute
2533 2462 2626 2508 tua
2675 2447 3044 2524 insipientiam
3079 2456 3310 2527 recipias
3340 2473 3353 2508 :
3383 2457 3450 2513 Si
3477 2463 3594 2530 quis
3616 2507 3629 2518 .

366 2555 628 2625 inquit",
652 2555 858 2609 videtur
880 2551 983 2607 sibi
1009 2554 1216 2622 sapiens
1247 2567 1356 2605 esse
1386 2551 1439 2604 in
1473 2550 1617 2604 vobis
1648 2549 1704 2604 in
1735 2549 1838 2603 isto
1865 2548 2083 2615 sarculo,
2108 2548 2305 2603 stultus
2331 2549 2449 2617 ﬁat.
2473 2546 2646 2603 Solvit
2677 2549 2768 2618 qui
2794 2558 2919 2604 ante
2944 2549 3200 2606 clamavit
3223 2568 3236 2603 :
3274 2553 3484 2612 Stultus
3508 2571 3630 2614 esln

365 2657 423 2705 et
452 2647 667 2715 fatuus,
693 2656 756 2702 ut
786 2648 1003 2716 sapiens
1035 2647 1152 2700 tias.
1203 2643 1260 2700 Si
1292 2645 1482 2715 itaque
1509 2652 1594 2699 est
1638 2643 1889 2715 quasdam
1920 2642 2185 2714 sapientia
2214 2641 2535 2711 culpabilis,
2580 2643 2732 2711 juxta
2793 2657 2958 2711 quam
2997 2643 3091 2698 lilii
3124 2647 3310 2701 saeculi
3350 2650 3514 2718 hujus
3544 2667 3629 2706 sa-

367 2743 663 2813 pientiores
696 2753 824 2798 sunt
856 2742 982 2796 ﬁliis
1008 2741 1150 2797 lucis
1176 2741 1230 2796 in
1261 2740 1611 2812 generatione
1644 2740 1745 2794 ista
1769 2781 1784 2806 ,
1819 2739 2001 2794 bonus
2027 2745 2111 2793 est
2147 2735 2292 2791 Deus
2321 2737 2416 2806 qui
2448 2735 2741 2792 contrariis
2771 2736 2989 2792 diversa
3026 2739 3318 2808 subvertit,
3353 2753 3412 2798 ut
3461 2743 3627 2800 faciat

367 2841 627 2909 compleri
656 2841 707 2894 id
738 2840 880 2910 quod
913 2841 1118 2895 dictum
1151 2849 1272 2895 est:
1309 2836 1680 2894 Nouissimam
1713 2839 1830 2909 ejus
1875 2839 1976 2894 erit
2024 2839 2301 2908 insipiens.
2345 2838 2575 2905 Quando
2617 2839 2978 2895 novissimum
3011 2839 3131 2909 ejus
3177 2838 3280 2894 erit
3319 2839 3631 2910 insipiens?

367 2929 591 3001 Oportet
620 2933 903 2988 Christum
936 2949 1187 3004 regnare,
1218 2948 1392 3004 usque
1421 2932 1555 2989 dum
1603 2944 1770 3004 ponat
1795 2949 1987 2990 omnes
2021 2935 2275 2990 inimicos
2301 2935 2422 3004 ejus
2451 2933 2594 2993 Deus
2636 2935 2739 2990 sub
2766 2935 2995 3006 pedibus
3025 2935 3165 3005 ejus.
3197 2933 3338 2989 Cum
3363 2935 3546 2988 eiimia
3575 2936 3625 2989 ei

367 3027 681 3096 subjecerit,
712 3028 1048 3085 novissimus
1074 3029 1334 3086 inimicus
1357 3030 1674 3086 destruetur
1703 3046 1856 3087 mors
1876 3049 1891 3096 ;
1911 3045 2038 3085 eum
2065 3031 2342 3086 destructa
2369 3031 2532 3087 fuerit
2556 3047 2725 3100 mors,
2759 3040 2891 3088 tunc
2920 3039 3166 3087 extrema
3194 3031 3426 3102 perdicis
3444 3041 3627 3094 erunt.

366 3127 423 3172 et
446 3120 805 3175 novissimum
831 3118 952 3190 ejus
979 3120 1071 3175 ﬁet
1107 3119 1392 3190 insipiens.
1425 3120 1550 3175 Haec
1578 3121 1645 3176 de
1677 3122 1913 3190 perdice.

437 3210 492 3265 4.
533 3209 874 3285 Principium
894 3227 1024 3268 vero
1049 3212 1275 3282 capituli
1313 3213 1539 3268 Secundi
1574 3214 1718 3269 istud
1748 3214 1948 3269 lectum
1977 3223 2060 3269 est
2093 3233 2104 3267 :
2145 3211 2388 3266 Thronus
2423 3211 2606 3281 gloria:
2635 3215 2905 3269 exaltatus
2940 3215 3005 3268 ab
3034 3215 3190 3268 initio
3221 3214 3391 3280 iocus,
3427 3214 3631 3269 sancti-

368 3303 550 3372 ﬁcatio
582 3312 785 3366 nostra,
814 3303 1130 3356 sustentatio
1156 3301 1351 3359 Israel.
1386 3303 1632 3369 Domine,
1665 3321 1841 3359 omnes
1868 3305 1960 3375 qui
1990 3313 2038 3358 te
2064 3304 2456 3374 dereiiquerunt
2489 3305 2886 3374 confundantur
2913 3304 3233 3371 decedentes,
3258 3320 3416 3374 super
3438 3313 3633 3358 terram

365 3393 690 3456 scribantur,
717 3396 842 3463 quia
869 3394 1260 3464 dereliquerunt
1289 3395 1488 3464 fontem
1515 3396 1636 3448 vitta
1668 3395 1975 3450 Dominum.
2020 3394 2168 3449 Dixit
2213 3394 2382 3450 Isaias
2418 3394 2610 3449 beatus
2643 3396 2906 3464 propheta
2933 3395 3124 3451 videns
3147 3394 3439 3450 Dominum
3467 3403 3521 3451 et
3546 3411 3630 3451 re—

368 3499 535 3557 gnum
567 3485 690 3554 ejus
718 3485 788 3537 ⁸³.
828 3483 948 3537 Vidi
981 3484 1262 3538 Dominum
1294 3485 1529 3541 Sabaoth
1559 3484 1820 3541 sedentem
1848 3503 2008 3557 super
2031 3487 2205 3539 sedem
2228 3486 2492 3540 excelsam
2523 3496 2572 3540 et
2617 3487 2895 3541 eleuatum.
2943 3486 3088 3541 Vidit
3126 3487 3468 3544 etJeremias
3495 3505 3632 3558 quo-

366 3577 534 3634 modo
562 3577 706 3631 Deus
731 3586 942 3646 regnat,
973 3586 1193 3646 propter
1221 3579 1367 3647 quod
1395 3578 1706 3646 glorificans
1734 3595 1858 3633 cum
1893 3579 1969 3633 ait
1993 3597 2006 3633 :
2035 3577 2276 3632 Thronus
2302 3578 2490 3647 gloria:
2521 3577 2786 3631 exaltatus
2813 3577 2880 3630 ab
2906 3579 3058 3632 initio
3078 3579 3226 3632 locus
3274 3579 3632 3648 sanctiﬁcatio

368 3681 570 3724 nostra.
597 3669 722 3722 Sive
749 3669 815 3723 de
842 3670 1062 3724 Christo
1094 3671 1333 3726 volueris
1363 3671 1464 3727 ista
1492 3673 1816 3742 intelligere,
1849 3689 1956 3728 non
1991 3673 2279 3743 peccabis;
2313 3673 2426 3728 sive
2458 3675 2525 3729 de
2555 3671 2740 3738 Patre,
2772 3689 2881 3729 non
2913 3673 3079 3742 impie
3106 3672 3308 3728 senties
3333 3691 3347 3739 ;
3372 3682 3455 3727 est
3485 3674 3629 3727 enini

372 3764 602 3816 thronus
628 3761 812 3830 glorise
845 3762 1115 3824 excelsus,
1161 3771 1216 3816 et
1263 3777 1296 3817 a
1341 3763 1614 3834 principio
1648 3763 1905 3820 Salvator
1953 3775 2058 3822 est.
2084 3765 2343 3822 Tln'onus
2371 3766 2556 3836 gloria:
2582 3775 2667 3821 est
2697 3775 2916 3836 prepter
2947 3765 3095 3836 quod
3143 3779 3368 3833 regnum
3396 3764 3552 3834 ejus,
3580 3777 3635 3820 ct

374 3851 472 3905 ...ὁ
497 3849 728 3922 Χριστός
761 3851 939 3904 ἐστιν’
969 3850 1096 3904 Ὅτε
1129 3851 1238 3921 γὰρ
1265 3855 1298 3906 ὀ
1322 3851 1574 3922 ἁγιάζων
1602 3855 1699 3907 καὶ
1724 3855 1953 3927 οὶὰγιίι-

2061 3858 2418 3913 sanctificatio
2461 3866 2645 3912 nostra
2676 3857 2927 3911 Christus
2970 3865 3089 3920 est;
3117 3856 3244 3926 quia
3281 3864 3331 3908 et
3365 3857 3466 3910 iste
3505 3873 3632 3910 san-

371 3938 597 4008 ζόμενοι
625 3940 693 4004 ἐξ
715 3940 854 4007 ἐνὸς
869 3939 1113 4006 πάντες.
1152 3941 1441 4010 Ὑπομονὴ
1475 3944 1952 4020 Ἰσραήλ.”οσπερ

2056 3951 2296 4018 cti/icans
2315 3988 2332 4011 ,
2372 3959 2422 4002 et
2466 3965 2560 4001 uos
2598 3947 2919 4016 sanctiﬁcati
2950 3961 3015 3998 ea:
3036 3963 3139 4000 uno
3158 3962 3335 4000 omnes
3355 3963 3534 4002 sumus
3561 3945 3626 3999 ⁸⁸.

371 4030 814 4104 αὐτοδικαιοσύνη
857 4031 1006 4085 ἐστὶν
1039 4032 1068 4083 ὁ
1103 4033 1324 4104 Σωτὴρ,
1357 4033 1718 4104 αὑτοαλήθεια
1739 4075 1753 4097 ,
1791 4037 1952 4088 αὑτο-

372 4123 677 4193 αγιασμὸς,
710 4122 880 4188 οὕτως
919 4123 1320 4194 αὐτοῦπομονή.
1375 4124 1486 4179 Καὶ
1517 4124 1616 4176 οὐκ
1645 4125 1791 4178 ἔστιν
1829 4124 1954 4178 οὔτε

371 4213 578 4266 δίκαιον
610 4208 750 4266 εἶναι
794 4215 963 4286 χωρὶς
1001 4213 1240 4286 Χριστοῦ
1263 4254 1277 4279 ,
1311 4213 1439 4268 οὔτε
1473 4215 1628 4282 ἅγιον
1658 4215 1829 4286 χωρὶς
1862 4215 1956 4268 αὑ-

372 4301 501 4363 τοῦ,
548 4299 673 4354 οὔτε
713 4302 1005 4372 ὑπομένειν
1041 4303 1116 4374 μὴ
1163 4303 1400 4375 Χριστὸν
1433 4303 1656 4374 ἔχοντα·
1708 4304 1955 4376 ὑπομονὴ

373 4393 480 4464 γὰρ
518 4393 736 4464 Ἰσραὴλ
763 4394 924 4458 αὐτός
952 4396 1090 4449 ἐστι.
1122 4395 1242 4449 Κᾶν
1271 4395 1327 4449 δὲ
1354 4396 1447 4448 ἐπὶ
1474 4394 1565 4449 τὸν
1589 4395 1722 4449 Θεὸν
1751 4389 1954 4466 ἀναφέ-

375 4501 496 4559 ρῃς,
521 4483 631 4538 οὐδ’
660 4483 834 4548 οὕτως
866 4485 1174 4556 ἀσεϐήσεις.
1197 4488 1396 4556 Κύριε,
1429 4485 1653 4554 πάντες
1681 4491 1735 4542 ot
1770 4503 1952 4542 κατα-

372 4577 656 4642 λιπόντες
722 4589 796 4628 σε
856 4577 1474 4646 καταισχυνθήτωσαν
1525 4578 1952 4647 ἀφεστηκότες.

379 4666 646 4730 Ἕκαστος
698 4666 853 4738 ἡμῶν
879 4707 892 4730 ,
947 4668 1034 4720 ὅτε
1092 4669 1428 4738 ἁμαρτάνει,
1488 4669 1806 4724 καταλείπει
1865 4671 1957 4725 τὸν

373 4757 506 4812 Θεὸν
528 4797 545 4821 ,
589 4759 684 4812 καὶ
719 4758 944 4828 βέϐηλος
987 4759 1270 4830 γινόμενος
1301 4763 1618 4817 καταλείπει
1651 4764 1919 4834 ἁγιασμὸν
1939 4804 1954 4827 ,

375 4851 466 4905 καὶ
494 4851 749 4920 πολεμῶν
781 4849 1102 4904 καταλείπει
1134 4853 1388 4924 εἰρήνην,
1434 4857 1527 4909 καὶ
1556 4855 1660 4909 ὑπὸ
1694 4855 1771 4925 τῷ
1803 4856 1959 4908 πολε-

381 4940 489 5010 μίῳ
520 4940 802 5010 γινόμενος
832 4939 1151 4994 καταλείπει
1183 4941 1279 5013 τήν
1305 4943 1700 5016 ἀπολύτρωσιν,
1727 4947 1820 5000 καὶ
1855 4945 1958 5009 ἔξω

379 5031 474 5102 τῆς
510 5027 700 5101 σοφίας
725 5032 799 5086 ὣν
828 5032 922 5087 τοῦ
955 5032 1088 5086 Θεοῦ
1125 5034 1444 5089 καταλείπει
1472 5036 1568 5108 τὴν
1607 5037 1816 5107 σοφίαν.
1847 5039 1961 5092 Πᾶν

381 5142 464 5179 σιν
475 5122 567 5180 οὖν
584 5130 692 5191 τοῖς
711 5128 1092 5182 καταλείπουσι
1114 5126 1206 5179 τὸν
1232 5127 1363 5180 Θεὸν
1378 5130 1578 5200 ἀρᾶται
1595 5133 1624 5184 ὁ
1648 5133 1954 5204 προφήτης,

2057 4039 2385 4095 Sustentatio
2431 4035 2630 4094 Israel.
2698 4038 2854 4093 Sicut
2921 4038 3037 4108 ipse
3088 4037 3300 4108 iustitia
3345 4042 3632 4102 Christus.

2057 4133 2173 4201 ipse
2204 4130 2425 4196 veritas,
2477 4129 2596 4199 ipse
2651 4129 3011 4185 sanctiﬁcatio
3035 4169 3052 4193 ,
3083 4130 3331 4186 similiter
3359 4142 3443 4186 est.
3467 4133 3631 4188 etiam

2057 4225 2172 4293 ipse
2219 4222 2566 4277 sustentatio.
2618 4220 2683 4275 Et
2722 4237 2831 4276 non
2871 4221 3078 4301 aliquid
3123 4222 3330 4292 justum
3366 4224 3486 4279 sine
3531 4241 3631 4291 eo,

2057 4331 2234 4386 neque
2279 4314 2488 4384 patiens
2537 4314 2680 4384 quod
2736 4313 2791 4368 in
2844 4329 2902 4370 se
2950 4329 3058 4368 non
3113 4315 3277 4371 habet
3312 4317 3630 4372 Christum:

2058 4405 2173 4475 ipse
2195 4415 2284 4460 est
2322 4403 2470 4458 enim
2513 4404 2841 4459 sustentatio
2871 4405 3058 4459 Israel.
3113 4405 3171 4460 Si
3219 4415 3399 4462 autem
3431 4409 3498 4462 ad
3532 4406 3635 4462 Pa-

2057 4502 2194 4550 trem
2221 4503 2275 4547 ει
2303 4493 2406 4548 hoc
2431 4494 2699 4559 retuleris,
2731 4511 2837 4551 non
2871 4495 3037 4566 impie
3073 4496 3354 4566 intelligis.
3388 4496 3631 4562 Domine,

2057 4569 2232 4641 omnes
2258 4586 2350 4656 qui
2379 4594 2426 4638 te
2450 4585 2814 4655 derelinquunt
2845 4579 3243 4655 cenfundantur
3287 4589 3630 4644 discedentes.

2059 4674 2448 4746 Unusquisque
2494 4685 2738 4733 nostrum
2779 4677 3001 4746 quando
3036 4687 3259 4747 peccat,
3292 4696 3387 4751 per
3417 4697 3480 4736 ea
3514 4697 3637 4753 quae

2057 4777 2246 4838 peccat
2291 4767 2567 4823 Christum
2628 4769 2886 4838 relinquit
2917 4789 2930 4824 :
2959 4772 3274 4842 relinquens
3319 4783 3498 4828 autem
3548 4773 3635 4828 Fi-

2060 4859 2215 4925 lium,
2245 4860 2506 4930 relinquit
2530 4871 2584 4914 et
2615 4859 3114 4930 Patrem.lnjustus
3161 4879 3191 4916 a
3237 4863 3450 4932 justitia
3477 4865 3636 4934 longe

2058 4959 2161 5009 est.
2195 4950 2433 5018 pollutus
2464 4966 2494 5004 a
2525 4951 2910 5017 sanctimonia,
2944 4953 3172 5009 bellator
3201 4969 3231 5008 a
3261 4969 3392 5024 pace
3417 4972 3430 5021 ;
3456 4961 3510 5008 et
3539 4955 3633 5024 qui

2060 5041 2164 5094 sub
2199 5049 2467 5111 potestate
2500 5042 2705 5097 inimici
2740 5059 2864 5098 esse
2913 5044 3132 5114 incipit,
3179 5061 3209 5100 a
3261 5044 3636 5114 redemptione

2061 5133 2119 5184 llt
2148 5133 2390 5198 alienus;
2423 5141 2476 5188 et
2504 5133 2598 5203 qui
2627 5143 2779 5189 extra
2813 5136 3132 5205 sapientiam
3164 5135 3254 5190 Dei
3284 5145 3387 5199 est,
3413 5135 3637 5204 sapien-

377 5215 640 5269 διδάσκων
680 5218 826 5286 ἡμᾶς
845 5219 904 5269 τὸ
922 5218 1178 5287 ἐσόμενον
1204 5217 1406 5282 αὐτοῖς,
1431 5217 1604 5286 λέγων
1626 5219 1702 5272 τό·
1726 5219 1953 5287 Πάντες

2061 5225 2189 5279 tiam
2227 5222 2316 5278 Dei
2346 5225 2690 5296 derelinquit.
2746 5225 2954 5282 Docens
2988 5228 3172 5298 itaque
3204 5243 3306 5282 nos
3336 5228 3593 5297 propheta
3615 5270 3633 5294 ,

383 5306 438 5356 oi
485 5307 950 5374 καταλείποντές
989 5323 1062 5360 σε
1118 5307 1753 5376 καταισχυνθήτωσαν.
1790 5312 1953 5366 Ὀσον

385 5394 759 5466 ἀφεστήκασι,
800 5397 1049 5451 τοσοῦτον
1091 5397 1188 5452 ἐπὶ
1227 5396 1336 5465 τῆς
1381 5398 1495 5468 γῆς
1535 5399 1954 5469 γραρήτωσίιν.

387 5485 596 5548 Πάντες
612 5485 885 5558 ἄνθρωποι
911 5489 1230 5562 γράφονται,
1263 5491 1312 5542 oi
1348 5491 1445 5562 μὲν
1479 5491 1622 5559 ἆγιοι
1642 5493 1698 5547 ἐν
1721 5497 1956 5574 οὐρανῷ,

467 5674 514 5707 ⁸⁸
539 5675 672 5732 Gen.
706 5691 790 5740 In,
815 5677 863 5729 I.
942 5678 985 5709 ⁵⁷
1019 5677 1123 5733 lsa.
1150 5695 1218 5743 κ,
1249 5680 1350 5747 12,
1384 5679 1467 5736 15.
1547 5679 1633 5734 ⁸⁸1
1661 5684 1784 5756 Cor.
1819 5714 1873 5755 in
1898 5737 1912 5763 ,
1949 5711 1953 5722 λ

2119 5679 2164 5712 σθ
2199 5679 2304 5730 isa.
2341 5692 2414 5740 \‘l,
2451 5677 2500 5731 1.
2580 5678 2625 5709 ⁸⁸
2659 5679 2820 5735 Hebr.
2851 5697 2913 5748 ιι,
2941 5681 3028 5733 II.

673 5773 943 5831 PaTBOL.
979 5773 1092 5832 (in.
1124 5774 1292 5833 XIII.

2062 5314 2190 5385 quid
2221 5316 2288 5370 de
2322 5316 2577 5372 omnibus
2604 5317 2697 5387 qui
2737 5315 3028 5372 Dominum
3056 5318 3345 5383 deserunt,
3390 5315 3459 5370 sit
3492 5315 3635 5370 futu-

2067 5421 2208 5470 rum,
2243 5406 2318 5460 ait
2350 5423 2362 5459 :
2398 5405 2635 5462 Universi
2665 5410 2756 5478 qui
2781 5420 2828 5463 te
2849 5409 3218 5479 derelinquunt
3245 5407 3639 5478 confundantur

2065 5495 2412 5560 discedentes,
2442 5497 2544 5553 hoc
2577 5507 2684 5566 est,
2716 5511 2981 5569 quantum
3018 5507 3069 5553 te
3097 5499 3380 5559 deserunt,
3409 5499 3640 5554 confun—

3246 5721 3308 5810 is
