4218 6292
517 322 639 390 450

1997 324 2320 390 ORIGENIS

3694 343 3807 399 460

514 453 736 508 dantur
756 453 1114 509 discedentes.
1145 450 1315 522 Super
1342 461 1536 507 terram
1566 454 1887 519 scribantur,
1911 470 2102 511 omnes

2205 453 2254 505 οἰ
2302 450 2357 504 δὲ
2399 448 2715 521 ἁμαρτωλοί
2763 447 2856 500 ἐπὶ
2896 447 2995 519 τῆς
3042 447 3165 518 γῆς.
3214 447 3447 518 Λέγεται
3494 452 3632 524 πρὸς
3674 459 3800 522 τως

534 543 787 599 homines
809 543 1216 612 describuntur,
1231 546 1408 601 sancti
1426 546 1480 600 in
1503 548 1666 610 casio,
1686 555 1999 617 peccatores
2024 562 2111 601 su-

531 650 632 704 per
649 644 866 691 terram.
895 635 1036 691 Dicit
1062 637 1130 692 ad
1161 638 1461 709 discipulos
1484 638 1647 696 Jesns
1665 640 1739 691 ἰε
1762 638 1997 694 Gaudete
2021 655 2115 692 an-

2216 541 2463 613 μαθητὰς
2493 540 2596 593 ὑπὸ
2626 539 2719 593 τοῦ
2755 538 2931 610 Ἰησοῦ
2957 555 2969 569 ·
3001 540 3263 609 Χαίρετε,
3289 541 3381 595 ὅτι
3423 544 3496 597 τὰ
3536 545 3809 617 ὀνόματα

2211 631 2377 700 ὑμῶν
2404 629 2726 700 Τέγραπται
2756 630 2828 682 ἐν
2848 628 2974 695 τοῖς
3000 630 3298 697 οὐρανοῖς.
3342 633 3554 687 Οὐκοῦν
3586 639 3801 709 χαίρειν

534 743 655 791 tem,
684 732 807 801 quia
833 731 1046 783 nomina
1070 740 1244 785 vestra
1265 733 1465 803 scripta
1486 743 1607 786 sunt
1654 734 1704 786 in
1739 733 1901 787 cretis.
1940 733 2108 802 Igitur

2208 723 2321 787 δεῖ,
2361 721 2458 776 ἐὰν
2488 720 2729 785 τοιοῦτός
2756 738 2841 784 τις
2873 720 3101 792 γένηται
3121 762 3139 787 ,
3174 722 3262 775 ἶνα
3300 722 3371 776 τὸ·
3405 724 3583 797 ὄνομα
3630 730 3811 783 αὐτοῦ·

530 828 743 888 oportet
762 820 931 874 lauari
957 822 1001 875 si
1030 821 1154 876 talis
1179 823 1307 889 quis
1336 822 1520 886 fuerit,
1537 835 1595 877 nt
1616 837 1815 877 nomen
1836 823 1956 894 ejus
1977 822 2111 877 scri-

530 912 690 966 batur
717 911 882 982 239
911 913 964 966 in
996 913 1169 967 cmlis.
1199 912 1265 967 Et
1281 915 1557 983 quomodo
1575 914 1850 983 justorum
1885 914 2107 967 nomina

531 1004 583 1055 in
605 1004 978 1072 superioribus
999 1005 1443 1069 conscribuntur,
1480 1006 1560 1061 sic
1585 1004 1895 1060 econtrario
1913 1019 2104 1059 eorum

529 1093 623 1163 qui
651 1105 1041 1149 conversantur
1070 1104 1303 1160 terreno,
1326 1096 1418 1165 qui
1451 1111 1559 1149 non
1589 1104 1976 1166 pertranseuut
1997 1104 2107 1149 tero

529 1200 645 1241 ram
676 1184 869 1253 Edom,
902 1188 999 1242 sed
1024 1203 1186 1260 agros
1213 1197 1371 1243 terra:
1403 1186 1595 1254 Edom,
1622 1196 1677 1243 et
1707 1188 1897 1243 vineas
1927 1187 2106 1257 possio

526 1277 677 1344 dent,
718 1278 1032 1334 scribuntur
1057 1281 1276 1335 nomina
1298 1281 1452 1349 quasi
1483 1280 1906 1351 relinquentium
1932 1279 2101 1333 Deum

530 1384 701 1439 super
736 1377 961 1424 terram.
991 1369 1402 1439 Coufundantur
1434 1371 1776 1437 discedentes,
1812 1386 1971 1440 super
1998 1378 2111 1423 ter-

527 1476 646 1514 ram
681 1460 1003 1515 scribantur.
1036 1462 1154 1527 Quo
1181 1462 1335 1517 enim
1358 1472 1522 1518 metro
1560 1464 1726 1518 mensi
1762 1475 1908 1530 sunt,
1941 1477 2105 1517 reme-

528 1552 692 1605 tietur
726 1552 804 1606 eis
846 1553 977 1622 ipsis
997 1553 1064 1606 η.
1121 1552 1235 1607 Sibi
1285 1555 1664 1625 unusquisque
1709 1568 1874 1609 causa
1922 1561 2005 1610 est
2044 1561 2104 1608 ut

528 1643 803 1698 scribatur
827 1658 991 1714 super
1016 1654 1238 1712 terram,
1268 1646 1315 1700 si
1356 1660 1462 1700 non
1503 1646 1749 1701 coelestia
1773 1647 2013 1716 requirat
2046 1647 2098 1702 in

527 1741 694 1797 terra.
720 1734 765 1788 si
797 1749 1009 1805 semper
1029 1735 1210 1790 anima
1239 1736 1360 1806 ejus
1382 1737 1450 1792 de
1475 1736 1632 1793 istius
1656 1738 1841 1793 mundi
1869 1739 2099 1808 negotiis

526 1832 739 1888 aestuet,
773 1841 894 1896 qua:
926 1825 1178 1881 videntur
1203 1828 1403 1882 saecuio
1421 1827 1584 1882 bona.
1617 1827 1675 1882 Si
1702 1843 1833 1883 vero
1862 1829 2101 1884 audieris

524 1913 709 1971 Iesum
742 1918 1049 1987 loquentem
1079 1920 1163 1975 ":
1208 1918 1390 1974 NoIite
1420 1920 1563 1974 uobis
1591 1920 1952 1976 thesaurizare
1991 1922 2100 1976 the-

524 2025 711 2063 sauros
737 2026 892 2080 super
921 2018 1140 2074 terram,
1161 2010 1253 2064 ubi
1279 2010 1415 2064 tinea
1437 2018 1486 2064 et
1508 2026 1703 2065 uermes
1728 2012 2099 2078 exterminant,

522 2109 575 2153 et
608 2100 697 2155 ubi
730 2100 879 2170 [ures
919 2098 1179 2170 e/fodiunt
1220 2109 1272 2155 et
1310 2100 1584 2170 furantur,
1616 2102 1708 2156 sed
1747 2102 2112 2159 thesaurizate

523 2191 666 2248 vobis
700 2193 971 2248 thesauros
999 2194 1057 2247 in
1092 2192 1259 2248 calo:
1299 2192 1392 2263 qui
1428 2192 1873 2249 tbesaurizaverit
1905 2194 2011 2249 sibi
2044 2195 2101 2250 in

521 2284 685 2348 cado,
731 2285 848 2355 ipse
895 2283 1006 2340 sibi
1043 2299 1211 2341 causa
1264 2293 1367 2351 est,
1418 2293 1477 2341 ut
1515 2285 1787 2340 scribatur
1828 2286 1883 2340 in
1923 2287 2098 2342 cmlis.

524 2373 650 2432 Haec
681 2385 900 2446 propter
942 2376 997 2431 id
1038 2376 1185 2447 quod
1221 2375 1486 2447 scriptum
1529 2384 1616 2431 est
1653 2392 1669 2430 :
1701 2372 1869 2444 Super
1902 2386 2100 2430 terram

523 2471 858 2533 scribantstr,‘
890 2483 1229 2539 causamque
1255 2477 1654 2524 commemorat
1683 2486 1697 2522 :
1726 2466 1868 2532 Quia
1905 2468 2100 2522 dereli-

521 2570 743 2631 queruut
769 2562 966 2629 [autem
993 2562 1114 2616 uiue
1146 2560 1453 2617 Dominum.
1482 2560 1548 2615 Et
1588 2562 1642 2615 in
1683 2561 1952 2631 principio
1985 2561 2102 2631 ipse

523 2651 783 2721 propheta
811 2666 879 2705 ex
912 2666 1145 2720 persona
1172 2650 1383 2705 Domini
1424 2650 1557 2705 dicit
1577 2651 1625 2682 ’δ
1651 2670 1665 2705 :
1702 2650 1785 2704 Me
1811 2650 2103 2721 dereliqu-

519 2752 668 2808 τινα,
689 2742 883 2812 fontem
910 2743 1067 2807 uiue;
1094 2751 1149 2798 et
1172 2757 1320 2797 nunc
1350 2759 1365 2797 :
1399 2740 1542 2808 Quia
1568 2742 1957 2813 deretiquerunt
1982 2743 2105 2813 {on-

522 2843 623 2888 tem
664 2835 785 2889 uite
815 2832 1120 2888 Dominum.
1160 2831 1418 2889 Dicamus
1456 2847 1587 2903 ergo
1613 2842 1666 2889 et
1701 2847 1824 2899 nos,
1864 2833 1909 2890 si
1945 2834 2102 2888 nolu-

523 2941 648 2980 mus
684 2925 1062 2994 derelinquere
1111 2923 1314 2980 fontem
1367 2925 1491 2981 vita:
1549 2925 1863 2987 Dominum,
1912 2939 2100 2979 vorem

518 3018 894 3087 proximorum
927 3016 1054 3074 Jcsu
1100 3016 1303 3073 Christi
1334 3016 1751 3089 discipulorum,
1792 3033 1899 3086 qua
1934 3017 2100 3073 locuti

2207 812 2555 884 ὲγγράφηται
2596 813 2660 864 ἐν.
2697 813 2809 874 τοῖς
2857 811 3126 880 οὐρανοῖς.
3172 810 3259 876 Ὠς
3293 812 3352 868 δὲ
3395 813 3457 867 τὸ
3488 814 3662 887 ὄνομα
3687 820 3798 872 τῶν

2206 901 2376 970 ἁγίων
2402 901 2737 973 ἐγγράφεται
2771 901 2834 953 ὲν
2875 902 2987 963 τοῖς
3018 900 3293 971 οὐρανοῖς,
3323 900 3471 957 οὕτω
3504 904 3613 958 τῶν
3641 907 3795 961 πολι-

2204 990 2510 1059 τευομένων
2552 991 2757 1060 γηΐνως
2775 1029 2791 1055 ,
2840 988 2948 1069 τῶν
2988 989 3049 1043 οὐ
3098 990 3250 1044 πάνυ
3276 995 3658 1065 πορευομένων
3695 996 3795 1067 τὴν

2204 1080 2308 1151 γῆν
2357 1078 2554 1151 Ἐδὼμ,
2598 1080 2735 1135 ἀλλὰ
2777 1080 2904 1144 τοὺς
2943 1080 3149 1152 ἀγροὺς
3193 1081 3294 1152 τῆς
3342 1082 3522 1156 Ἐδὼμ
3561 1087 3801 1158 ἐχόντων

2204 1170 2299 1224 καὶ
2324 1171 2452 1235 τοὺς
2494 1170 2847 1242 ἀμπελῶνας,
2878 1170 3153 1242 γράφεται
3179 1171 3249 1226 τὰ
3283 1172 3546 1244 ὀνόματα,
3591 1175 3668 1241 ὼς
3696 1193 3796 1231 κα.

2202 1261 2567 1317 ταλειπόντων
2608 1261 2700 1316 τὸν
2732 1260 2868 1314 Θεὸν
2900 1260 2997 1314 ἐπὶ
3033 1261 3132 1333 τῆς
3182 1262 3306 1333 γῆς.
3340 1266 3796 1335 Καταισχυνθή-

2203 1368 2406 1408 τωσαν
2443 1353 2584 1426 γὰρ,
2628 1353 2826 1425 φησιν,
2865 1353 3313 1422 ἀφεστηκότες,
3365 1356 3466 1411 ἐπὶ
3518 1356 3630 1428 τῆς
3678 1359 3793 1429 γῆς

2204 1442 2634 1514 γναφήτωσαν’
2669 1444 2765 1498 καὶ
2799 1443 2910 1515 γὰρ
2937 1436 2988 1510 ᾧ
3018 1443 3216 1513 μέτρῳ
3247 1446 3516 1515 μετρεῖτε
3534 1486 3551 1512 ,
3575 1465 3799 1518 μετρη..

2204 1535 2451 1603 θήσεται
2478 1533 2640 1604 ὑμῖν.
2683 1534 2864 1599 Δῐτιος
2889 1535 3119 1601 ἕκαστος
3156 1537 3336 1609 ἐαυτῷ
3368 1540 3486 1591 ἐστι
3521 1540 3617 1594 τοῦ
3650 1558 3790 1613 γρα-

2206 1627 2388 1698 φῆναι.
2417 1627 2481 1680 Εἰ
2519 1625 2613 1679 ἐπὶ
2655 1626 2758 1697 γῆς
2790 1624 2994 1698 ζητεῖς,
3025 1628 3085 1681 οὐ
3120 1626 3305 1702 ζητεῖς
3349 1630 3419 1685 τὰ
3450 1631 3701 1703 οὐράνια.
3727 1634 3797 1686 Εἰ-

2205 1717 2425 1772 νόνευκέ
2472 1733 2565 1770 σου
2613 1718 2646 1787 ἠ
2692 1716 2839 1789 ψυχὴ
2881 1718 3009 1789 περὶ
3062 1719 3134 1774 τὰ
3178 1721 3305 1792 τῇδε
3350 1721 3672 1794 πράγματα,
3721 1726 3795 1777 σὺ

2134 1793 2183 1848 Β
2205 1807 2418 1879 σεαυτῷ
2448 1806 2619 1872 αῖτιος
2644 1809 2770 1882 γίνῃ
2797 1808 2893 1863 τοῦ
2928 1809 3103 1882 Ἰησοῦ
3135 1811 3403 1881 λέγοντος·
3431 1793 3530 1882 Μὴ
3563 1817 3790 1882 onagru-

519 3118 649 3163 sunt
678 3109 744 3162 aut
780 3109 1124 3177 magistrum,
1158 3122 1283 3163 cum
1315 3108 1394 3163 eis
1420 3109 1626 3163 diceret
1648 3108 1730 3162 ηε
1771 3106 2028 3178 Nunquid
2048 3118 2098 3162 et
2125 3135 2173 3197 ο

519 3215 607 3252 uos
636 3197 790 3252 vultis
823 3198 1101 3252 recedere!
1126 3194 1267 3263 Quid
1313 3196 1478 3267 igitur
1523 3197 1806 3253 dicemus?
1854 3197 2094 3262 Domine,

520 3290 591 3344 ad
625 3306 777 3360 quem
805 3288 1038 3344 ibimus?
1077 3289 1231 3344 verba
1264 3289 1385 3343 vitae
1414 3298 1472 3342 tu
1506 3289 1685 3347 habes.
1720 3288 1810 3345 Sic
1837 3289 1984 3345 [inita
2015 3299 2098 3347 est

520 3383 682 3437 etiam
711 3382 934 3438 secundi
961 3381 1189 3452 capituli
1210 3382 1673 3453 circumscriptio.

586 3545 645 3600 5.
688 3543 933 3614 Sequens
969 3541 1146 3597 oratio
1186 3549 1270 3597 est
1313 3541 1415 3596 ista
1448 3541 1771 3597 continens:
1812 3540 1957 3597 Sana
1992 3557 2094 3607 nte,

524 3634 765 3699 Domine,
793 3643 842 3687 et
871 3630 1137 3697 sauabor;
1174 3630 1378 3686 salvum
1419 3649 1498 3686 me
1542 3633 1651 3702 fac,
1699 3641 1747 3686 et
1785 3633 1961 3687 salvus
1983 3650 2096 3701 ero,

514 3722 769 3793 quoniam
800 3722 1051 3794 gloriatio
1068 3738 1197 3783 ,mea
1226 3731 1280 3775 tu
1302 3738 1378 3776 es.
1410 3720 1544 3776 Ecce
1565 3723 1667 3792 ipsi
1689 3722 1869 3775 dicunt
1892 3723 1962 3776 ad
1985 3737 2095 3777 me:

524 3811 628 3867 Ubi
652 3822 731 3867 est
756 3827 927 3867 sermo
956 3808 1171 3864 Domini
1196 3811 1221 3866 2
1250 3810 1443 3866 ueniat.
1480 3810 1590 3885 Ego
1623 3822 1798 3864 autem
1822 3827 1923 3866 non
1950 3812 2094 3866 labo-

519 3905 633 3958 ταοὶ
672 3902 985 3973 subsequens
1025 3909 1145 3970 post
1187 3911 1255 3965 te,
1285 3913 1334 3955 et
1357 3900 1499 3954 diem
1525 3900 1754 3955 hominis
1777 3917 1879 3956 non
1906 3917 2098 3957 concu-

520 3994 648 4063 piui,
678 4004 735 4047 tu
766 3992 889 4046 scis.
938 3988 1048 4046 Soli
1100 3992 1193 4062 qui
1229 3999 1450 4062 propter
1483 3991 1624 4046 male
1658 3990 1919 4047 habentes
1950 3991 2101 4047 venit

519 4086 752 4153 medico,
806 4084 1009 4140 dicenti
1031 4084 1077 4118 “
1106 4103 1119 4139 :
1147 4082 1271 4139 Non
1312 4084 1548 4156 indigent
1589 4084 1710 4138 sani
1750 4083 1971 4147 medico,
2006 4087 2101 4139 sed

519 4175 660 4231 male
687 4174 957 4239 habentes,
990 4173 1281 4231 dicendum
1315 4182 1401 4229 est
1443 4172 1781 4230 conﬁdenter
1817 4174 1887 4229 ab
1914 4190 1981 4230 eo
2001 4176 2095 4246 qui

519 4270 871 4336 aegrotantem
908 4277 1065 4319 suam
1115 4263 1354 4318 animam
1395 4264 1510 4317 Vult
1541 4263 1738 4318 salvari
1768 4281 1781 4318 :
1817 4261 1964 4318 Sana
1992 4279 2092 4329 me,

524 4357 763 4423 Domine,
785 4362 838 4409 et
865 4353 1115 4408 sanabor.
1150 4352 1366 4409 Etenim
1394 4352 1487 4407 illa
1514 4353 1567 4407 in
1597 4352 1888 4426 Evangelio
1913 4355 1957 4386 ⁸⁷
1982 4370 2098 4409 ιιιιι-

522 4450 620 4506 lier
661 4446 985 4520 sanguinem
1020 4443 1219 4508 ﬂuens,
1255 4458 1473 4498 omnem
1520 4445 1880 4500 substantiam
1937 4460 2092 4501 suam

519 4540 771 4612 expendit
811 4540 866 4594 in
901 4534 1150 4603 medicis,
1181 4547 1282 4591 nec
1314 4534 1491 4606 potuit
1528 4551 1558 4589 a
1589 4550 1864 4607 quoquam
1904 4551 2095 4592 eorum

521 4632 736 4696 sanari;
767 4629 833 4686 ad
861 4629 1071 4685 nullum
1096 4626 1299 4699 quippe
1330 4640 1398 4681 ex
1439 4626 1520 4683 eis
1541 4626 1765 4698 dignum
1799 4638 1917 4684 erat
1937 4629 2043 4685 dici
2077 4648 2093 4685 :

524 4720 669 4775 Sana
700 4736 805 4784 me,
841 4719 1083 4787 Domine,
1127 4729 1178 4775 et
1222 4716 1484 4783 sanabor;
1517 4717 1620 4773 nisi
1666 4718 1733 4773 ad
1776 4720 1953 4775 solum
2006 4718 2095 4776 cui

521 4808 720 4867 suﬂiclt
743 4810 1044 4867 vestimenti
1078 4818 1287 4867 tantum
1317 4810 1584 4869 ﬁmbriam
1618 4822 1858 4885 tangere,
1885 4814 1973 4870 cui
1996 4830 2097 4886 ego

523 4902 616 4957 uni
646 4900 823 4957 dicam
851 4919 865 4955 :
893 4899 1038 4956 Sana
1069 4918 1168 4969 me,
1210 4903 1446 4972 Domine,
1476 4916 1524 4960 et
1563 4905 1813 4960 sanabor.
1837 4904 1993 4962 Tunc
2020 4908 2098 4961 si-

520 4990 740 5066 quidem
771 4992 1092 5048 medicinam
1120 4992 1284 5066 240
1311 4996 1518 5053 sanitas
1548 4998 1817 5067 sequitur,
1850 4997 1895 5052 si
1947 4997 2099 5052 Chri-

522 5094 641 5144 stus
665 5099 859 5141 curare
888 5084 1171 5157 dignetur:
1202 5084 1421 5143 Salvum
1449 5105 1531 5143 me
1562 5088 1670 5159 fac,
1702 5097 1753 5142 et
1781 5087 1957 5143 salvus
1984 5105 2093 5146 ero.

525 5174 720 5233 Falsus
751 5190 911 5248 equus
946 5178 1003 5232 in
1046 5178 1273 5233 salutem
1300 5179 1368 5234 “.
1412 5177 1706 5248 Propterea
1763 5176 1813 5233 ei
1864 5177 2041 5234 dicam
2080 5199 2094 5235 :

521 5267 740 5325 Saluum
766 5282 845 5323 nte
881 5267 989 5339 fac,
1041 5276 1092 5322 et
1132 5267 1311 5325 salvus
1346 5284 1455 5325 ero.
1500 5267 1566 5324 Et
1606 5269 1709 5323 boc
1746 5265 1814 5323 ita
1852 5271 2098 5340 gaudebo

518 5360 688 5432 loqui,
720 5359 767 5416 si
805 5361 953 5417 omni
978 5363 1304 5418 renuntians
1336 5362 1527 5433 gloriae
1548 5359 1795 5417 saeculari
1824 5369 2014 5429 potero
2046 5372 2099 5418 ct

520 5453 725 5524 reliqua
755 5451 938 5511 dicere
970 5471 985 5509 :
1018 5452 1285 5520 Quoniam
1306 5454 1477 5527 gloria
1505 5468 1621 5507 mea
1648 5462 1703 5504 tu
1729 5468 1817 5513 es;
1848 5463 1940 5508 aut
1970 5470 2096 5510 cum

2130 4489 2174 4545 Ι)

2195 1894 2384 1964 plst
2402 1895 2545 1966 ὑμῖν
2564 1896 2907 1964 θησαυροὺς
2933 1897 3034 1951 ἐπὶ
3059 1897 3170 1967 τῆς
3195 1899 3328 1970 τῆς,
3353 1900 3508 1954 ὅπου
3532 1900 3653 1969 σὴς
3682 1904 3784 1954 καί

2187 1984 2421 2057 βρῶσις
2483 1984 2838 2055 ἀφανίζουσι
2857 2024 2874 2052 ,
2918 1986 3015 2041 καὶ
3056 1987 3208 2041 ὅπου
3248 1987 3499 2043 κλέπται
3543 1988 3789 2058 διορύσ-

2200 2090 2384 2131 σουσι
2429 2076 2527 2131 καί
2572 2075 2978 2142 κλέπτουσιν,
3011 2077 3175 2133 ἀλλὰ
3218 2079 3600 2149 θησαυρίζετε
3641 2081 3785 2151 ὑμῖν

2200 2166 2544 2236 θησαυροὺς
2583 2166 2655 2220 ἐν
2695 2166 2992 2235 οὐρανοῖς.
3034 2168 3396 2241 Θησαυρίζεις
3433 2171 3491 2223 ὲν
3536 2169 3781 2242 οὐρανῷι

2203 2257 2414 2329 σεαυτῷ
2441 2257 2614 2321 αἴτιος
2651 2253 2704 2311 εἷ
2748 2257 2842 2311 τοῦ
2886 2258 2946 2311 τὸ
2990 2259 3163 2331 ὄνομα
3192 2276 3284 2313 σου
3321 2259 3694 2331 ἐγγράφεσθαι
3728 2261 3791 2312 ὲν

2199 2352 2314 2414 τοῖς
2340 2350 2615 2421 οὐρανοῖς.
2649 2348 2837 2404 Ταῦτα
2861 2350 2950 2404 διὰ
2983 2352 3064 2404 τόν
3115 2351 3238 2405 Ἐπὶ
3271 2352 3382 2420 τῆς
3411 2351 3527 2422 γῆς
3557 2352 3785 2423 ’βαφή-

2199 2456 2424 2497 τωσαν.
2474 2442 2584 2494 Καὶ
2632 2441 2732 2514 τὴν
2778 2441 2958 2495 αἰτίαν
3009 2442 3174 2510 λέγει·
3228 2443 3347 2495 Ὅτι
3387 2442 3789 2511 ἐγκατέλιπον

2200 2534 2407 2605 πηγὴν
2438 2531 2589 2602 ζωῆς
2622 2533 2731 2586 τὸν
2761 2534 2997 2602 Κύριον.
3043 2532 3150 2587 Καὶ
3184 2533 3243 2587 ἐν
3275 2535 3347 2605 τῇ
3374 2533 3516 2604 ἀρχῇ
3557 2536 3587 2588 ὁ
3619 2533 3793 2598 αὐτὸς.

2202 2627 2489 2700 προφήτης
2518 2624 2702 2694 ἔλεγεν
2728 2625 2793 2678 ὲκ
2821 2621 3112 2697 προσώπου
3134 2623 3229 2677 τοῦ
3255 2623 3411 2677 Θεοῦ·
3452 2625 3587 2694 Ἐμὲ
3609 2625 3785 2695 ἐγκα-

2208 2716 2475 2782 τέλιπον,
2506 2715 2712 2788 πηγὴν
2753 2716 2971 2782 ὕδατος
3005 2713 3169 2785 ζωῆς·
3207 2715 3302 2770 καὶ
3336 2715 3449 2771 νῦν·
3477 2716 3784 2787 ἐγκατέλι-

2202 2822 2323 2863 πον
2357 2807 2561 2879 πηγὴν
2605 2806 2754 2885 ζωῆς
2802 2807 2909 2861 τὸν
2956 2808 3195 2875 Κύριον.
3244 2806 3500 2879 Εῐπωμεν
3548 2804 3642 2863 οὖν
3685 2810 3782 2865 καὶ

2202 2901 2386 2973 ἡμεῖς,
2418 2899 2576 2972 εἴπερ
2609 2898 2834 2969 θέλομεν
2871 2900 2947 2972 μὴ
3000 2896 3386 2968 ἐγκαταλιπεῖν
3426 2899 3605 2970 πηγὴν
3633 2900 3781 2970 ζωῆς

2201 2992 2292 3046 τὸν
2327 2990 2552 3064 Κύριον,
2601 2991 2701 3062 τὴν
2753 2989 2936 3062 φωνὴν
2967 2988 3074 3043 τῶν
3115 2988 3352 3061 γνησίων
3396 2989 3569 3061 ’1ησοῦ
3600 2992 3782 3063 μαθη-

2202 3084 2330 3149 τῶν,
2363 3083 2431 3155 ἠν
2475 3083 2730 3155 εἰρήκασι
2762 3079 2900 3154 πρὸς
2943 3081 3036 3134 τδν
3069 3079 3388 3157 διδάσκαλον
3416 3083 3638 3138 εἰπόντα
3680 3086 3780 3138 αὑ-

2202 3177 2332 3240 τοῖς*
2384 3174 2482 3244 Μὴ
2528 3175 2628 3229 καί
2674 3172 2844 3244 ὑμεῖς
2897 3171 3101 3228 θέλετε
3147 3174 3546 3242 πφεύεσθαυ
3578 3174 3642 3229 Τί
3685 3171 3780 3229 οὖν

2202 3265 2478 3338 εῖπωμενς
2515 3264 2625 3319 Kal
2652 3263 2803 3333 πρὸς
2842 3263 2977 3318 τίνα
3017 3263 3509 3334 ἀπελευσόμεθα;
3533 3264 3783 3335 ῥήματα

2202 3354 2350 3427 ζωῆς
2379 3357 2621 3411 αἰωνίου
2668 3355 2845 3426 ἔχεις.
2889 3352 3106 3410 Ἔνθάδε
3152 3354 3308 3428 ἔληξε
3355 3355 3449 3410 καὶ
3490 3357 3524 3427 ἡ
3554 3355 3782 3430 δευτέρα

2202 3465 2272 3502 πε
2281 3448 2500 3521 ρικοπή.
3554 3508 3557 3509 ,

2273 3536 2408 3593 Εἶτα
2438 3538 2601 3593 πάλιν
2633 3537 2765 3609 εὐχή
2795 3538 2962 3603 ἐστιν,
3003 3536 3175 3602 οὕτως
3207 3536 3426 3610 ἔχουσα·
3466 3537 3658 3595 ἰασαί
3686 3554 3779 3609 με.

2202 3632 2401 3701 Κύριε,
2436 3630 2533 3685 καὶ
2561 3628 2900 3698 ἰαθήσομαιο
2933 3626 3139 3683 σῶσόν
3160 3645 3258 3698 με,
3283 3629 3381 3683 καὶ
3412 3627 3778 3698 σωθήσομαι,

2203 3722 2292 3777 ὅτι
2341 3721 2620 3792 καύχημὰ
2665 3738 2785 3791 μου
2834 3719 2917 3775 σὺ
2958 3715 3033 3775 εἷ.
3094 3718 3239 3775 Ἰδοὺ
3301 3721 3469 3777 αὐτοί
3530 3721 3783 3792 λέγουσι

2202 3814 2351 3882 πρός
2395 3830 2503 3883 με·
2540 3812 2664 3867 Ποῦ
2709 3812 2881 3866 ἐστιν
2925 3813 2961 3866 ό
3000 3812 3184 3881 λόγος
3233 3812 3488 3881 Kvplov;
3536 3812 3780 3868 ἐλθέτω.

2214 3902 2356 3974 Ἐγὼ
2380 3900 2448 3957 δὲ
2470 3905 2581 3958 οὐκ
2605 3901 2904 3956 ἐκοπίασα
2935 3901 3394 3956 κατακολουθῶν
3420 3903 3612 3956 ὀπίσω
3639 3917 3780 3967 σου,

2202 3994 2302 4049 καί
2347 3994 2576 4064 ἡμέραν
2615 3991 2931 4062 ἀνθρώπου
2962 3995 3074 4047 οὐκ
3115 3994 3463 4065 ἐπεθύμησα
3480 4035 3495 4060 ,
3526 3992 3607 4048 σὺ
3648 3993 3780 4047 ἐπί-

2202 4102 2446 4144 στασαι.
2475 4085 2640 4157 Μόνῳ
2662 4084 2740 4156 τῷ
2766 4085 3047 4157 ἐληλυθότι
3078 4084 3166 4138 διὰ
3190 4087 3314 4148 τοὺς
3343 4084 3529 4149 κακῶς
3558 4085 3778 4156 ἔχοντας

2206 4174 2394 4248 ἰατρῷ,
2426 4173 2520 4229 καί
2545 4173 2782 4243 λέγοντι·
2814 4175 2890 4228 Οὐ
2929 4174 3118 4247 χρείαν
3168 4173 3379 4245 ἔχουσιν
3418 4176 3467 4228 οἱ
3505 4174 3780 4245 ἰσχύοντες

2204 4266 2414 4340 ἰατροῦ,
2452 4266 2567 4321 ἀλλ’
2613 4267 2664 4320 οἰ
2707 4265 2895 4330 κακῶς
2934 4265 3170 4338 ἔχοντες,
3207 4266 3378 4318 εἰπεῖν
3406 4263 3479 4337 (Ι)
3512 4265 3782 4337 τεθαρρη-

2202 4360 2377 4423 κότως
2410 4357 2586 4411 πάντα
2612 4356 2703 4411 τὸν
2747 4356 3071 4428 βουλόμενον
3113 4354 3513 4429 θεραπευθῆναι
3546 4355 3655 4409 ἀπὸ
3683 4356 3777 4408 τοῦ

2202 4452 2378 4503 νοσεῖν
2422 4448 2521 4520 τὴν
2564 4446 2744 4517 ψυχὴν
2791 4445 2982 4500 αὑτοῦ·
3018 4445 3212 4501 Ἵασαί
3253 4462 3331 4516 με
3352 4485 3367 4509 ,
3418 4446 3594 4516 Κύριε
3614 4485 3629 4511 ,
3674 4447 3774 4499 καί

2205 4538 2541 4609 ἰαθήσομαι.
2570 4538 2634 4591 Εἰ
2665 4536 2725 4590 δέ
2752 4552 2836 4600 τις
2865 4534 3020 4598 ἄλλος
3053 4532 3203 4606 παρὰ
3229 4534 3417 4590 τοῦτον
3450 4535 3781 4604 ἐπαγγέλλε-

2202 4650 2292 4687 ται
2331 4629 2430 4703 τὴν
2468 4628 2574 4684 τῶν
2605 4626 2791 4700 ψυχῶν
2832 4627 3098 4699 ἰατρικὴν,
3141 4628 3241 4683 οὐκ
3278 4628 3345 4682 ἂν
3376 4626 3559 4696 λέγοις
3588 4627 3779 4698 ἐκείνῳ

2202 4721 2497 4794 ἀληθεύων
2534 4721 2728 4776 Ἵασαι
2767 4735 2865 4788 με,
2900 4720 3097 4786 Κύριε,
3138 4719 3237 4772 καί
3280 4718 3619 4787 ἰαθήσομαι.
3668 4717 3779 4770 Καὶ

2202 4814 2312 4885 γὰρ
2342 4811 2525 4882 ἐκείνη
2559 4810 2593 4881 ή
2621 4806 2991 4880 αἱμορροοῦσα
3025 4806 3331 4879 ἐδαπάνησε
3354 4806 3422 4860 τὰ
3453 4806 3583 4879 παρ’
3609 4805 3779 4876 αὐτῆς

2204 4905 2380 4959 πάντα
2414 4904 2492 4966 εἰς
2524 4901 2651 4964 τοὺς
2684 4902 2923 4971 ἰατροὺς,
2951 4899 3047 4953 καὶ
3074 4899 3174 4953 οὐκ
3201 4896 3417 4969 ἴσχυσεν
3450 4897 3544 4951 ὑπ’
3567 4894 3780 4959 οὐδενὸς

2203 4997 2380 5052 αὐτῶν
2416 4996 2836 5071 θεραπευθῆναι·
2887 4998 3024 5071 πρὸς
3066 4997 3254 5053 οὐδένα
3292 4997 3401 5069 γὰρ
3437 4995 3660 5051 ἐκείνων
3687 4992 3783 5048 εὖ·

2202 5086 2358 5156 λογον
2387 5083 2455 5161 ἦν
2500 5090 2695 5142 εἰπεῖν’
2724 5088 2919 5143 “Iaca!
2945 5104 3043 5158 με,
3073 5088 3284 5155 Κύριε,
3312 5086 3412 5139 καὶ
3442 5085 3778 5154 ἰαθήσομαι.

2201 5180 2234 5252 ἢ
2260 5179 2396 5253 πρὸς
2435 5180 2613 5253 μόνον,
2646 5183 2809 5254 ἀρκεῖ
2839 5181 2913 5254 (2)
2944 5179 3185 5252 ἅψασθαι
3218 5177 3312 5232 τοῦ
3349 5178 3652 5250 κρασπέδου
3683 5177 3781 5235 τοῦ

2202 5272 2437 5344 ἱματίου.
2491 5273 2649 5342 Λέγω
2693 5270 2787 5327 οὖν
2820 5273 2958 5345 πρὸς
2988 5271 3196 5325 τοῦτον*
3238 5270 3431 5325 "Iuvat
3452 5287 3548 5340 με.
3579 5269 3778 5338 Κύριε,

2201 5365 2300 5419 καί
2352 5362 2685 5434 ἱαθήσομαι.
2738 5364 2873 5418 Ἐὰν
2909 5363 3016 5435 γὰρ
3048 5362 3217 5430 ἐάσῃ,
3247 5361 3314 5415 τὸ
3347 5360 3523 5426 τέλος
3564 5361 3779 5417 ἐπακο-

2202 5454 2492 5521 λουθήσει
2524 5454 2598 5523 τῇ
2626 5455 2743 5510 ἀπὸ
2770 5453 2886 5508 σοῦ
2915 5451 3069 5507 ἰάσει
3105 5454 3144 5522 ἡ
3174 5452 3473 5522 θεραπεία,
3504 5449 3585 5517 ὥς
3610 5467 3676 5521 τε
3703 5447 3783 5504 ἄν

593 5611 637 5644 ⁸⁸
674 5611 807 5685 Luc.
834 5629 889 5680 κ,
920 5613 1009 5668 t0.
1084 5613 1346 5685 ‘fﬁMattb.
1375 5632 1473 5678 vn,
1498 5618 1553 5671 2.
1635 5617 1681 5648 “
1709 5612 1900 5685 Matth.
1927 5632 1998 5682 νι,
2028 5617 2108 5685 l9,

2199 5620 2233 5672 ἰ.
2303 5619 2349 5651 ⁸⁸
2374 5617 2569 5674 Jerem.
2605 5633 2663 5682 ιι,
2693 5616 2781 5671 1⁸5.
2858 5615 2904 5650 ⁸⁵
2933 5613 3093 5670 Joan.
3127 5630 3204 5685 VI,
3236 5614 3325 5671 68.
3403 5615 3449 5647 “
3482 5612 3669 5668 Matth.
3704 5627 3782 5681 ιδ,

524 5678 613 5736 12.
690 5678 891 5738 "Luc.
944 5698 1060 5747 vui,
1087 5684 1180 5738 45.
1257 5683 1302 5716 ⁸⁸
1333 5685 1479 5740 i’sal.
1507 5700 1686 5746 χχχιι,
1722 5682 1806 5735 l7.

454 5752 1265 5846 “mndata
1293 5775 1395 5846 χρή
1425 5776 1514 5830 vel
1537 5775 1625 5829 δεῖ
1654 5774 1847 5827 εἰπεῖν.
1957 5800 1963 5805 ·
2045 5761 2052 5768 ”

2276 5778 2353 5850 (2)
2385 5779 2586 5847 Ἀρκεῖ.
2620 5776 2759 5847 Lege
2785 5790 2800 5829 :
2829 5768 2892 5828 οὗ
2912 5776 3093 5849 ἀρκεῖ.
