4218 6292
444 390 550 447 ὅ·ῧῦ

982 500 1260 558 IIOMILIA
1299 499 1485 555 XVIII.

1062 594 1124 648 In
1155 594 1296 650 istud
1317 594 1398 647 ’δε

451 691 684 744 ῖὶνρνίηιυι
731 687 867 758 quod
902 685 1118 758 factum
1166 695 1253 758 est
1297 702 1329 758 ιι
1366 680 1589 758 Domino
1620 680 1687 758 at!
1710 679 2017 758 Jeremiam,

523 762 698 814 dicens
727 750 933 823 ἔδω·θέ
960 768 1004 808 et
1032 755 1283 809 descende
1312 756 1366 808 in
1392 753 1604 805 domum
1628 750 1815 823 ﬁguli;
1849 765 2020 823 usque

516 832 586 882 ad
621 827 747 882 Illud
777 844 791 880 :
818 820 898 878 Αᾱ
925 827 1222 894 ponendum
1243 836 1449 879 'terram
1471 835 1622 874 suam
1653 821 1709 872 in
1737 820 2023 875 desolatio-

506 928 509 933 ·
526 914 661 951 nem.

523 992 574 1043 ί.
618 988 747 1042 Ilum
795 997 1101 1056 sequuntur
1126 985 1381 1041 'Jeremiaa
1427 985 1666 1040 visiones
1708 1000 1831 1054 quae
1873 984 2023 1037 lectae

453 1091 615 1146 sunt;
647 1094 878 1148 quarum
906 1078 1078 1148 prima
1104 1077 1323 1146 quidem
1350 1079 1593 1132 continet
1620 1090 1683 1131 ea
1713 1091 1835 1146 qua:
1859 1076 2024 1145 per-ti-

452 1179 582 1226 nent
611 1173 676 1225 ad
696 1186 792 1224 vas
813 1170 1019 1224 luteum
1046 1171 1097 1222 in
1134 1184 1298 1222 manu
1330 1168 1478 1239 figuli
1499 1170 1687 1233 situm,
1718 1167 1864 1236 quod
1888 1182 2022 1221 cono

452 1264 639 1318 tritum
662 1262 806 1317 relici
827 1268 1023 1330 potest,
1039 1260 1305 1327 siquidem
1325 1269 1502 1330 potest
1519 1258 1803 1314 reformari
1821 1277 1836 1327 ;
1854 1259 2022 1314 altera

450 1368 582 1407 vero
610 1352 749 1406 visio
780 1350 946 1405 estde
963 1365 1093 1405 vase
1116 1358 1377 1410 testaceo,
1397 1349 1540 1418 quod
1563 1349 1901 1406 confractum
1932 1364 2023 1404 re-

455 1445 542 1498 liei
588 1442 793 1512 nequit.
845 1440 1078 1508 Quando
1110 1440 1253 1495 enim
1293 1439 1498 1494 luteum
1540 1450 1678 1503 erat,
1709 1439 1753 1494 si
1792 1439 2020 1495 fractum

455 1536 669 1597 fuisset,
699 1535 952 1604 quamvis
975 1531 1406 1602 jam'l‘ormatum
1439 1532 1651 1595 fuisset,
1671 1532 1813 1601 quia
1833 1540 2024 1586 tamen

457 1627 662 1681 luteum
711 1634 849 1690 erat,
891 1639 1084 1678 rursus
1124 1623 1175 1677 in
1215 1639 1453 1678 massam
1493 1622 1672 1693 subigi
1711 1622 1878 1676 altera
1907 1622 2025 1677 vice

456 1727 671 1784 poterat
707 1726 762 1771 et
801 1714 1116 1780 reformari;
1170 1724 1457 1784 postquam
1492 1730 1620 1767 vero
1653 1729 1721 1768 ex
1762 1714 1910 1768 luteo
1940 1724 2022 1768 te-

459 1815 701 1860 staceum
732 1804 935 1859 factum
965 1813 1068 1870 est,
1102 1804 1332 1876 igueque
1361 1805 2026 1869 obduratum,‘tunc-con—

458 1899 629 1951 fracta
690 1904 825 1949 testa
885 1895 1090 1949 nullum
1146 1903 1323 1963 potest
1379 1895 1623 1949 adhiberi
1700 1894 2020 1950 remedium.

457 1986 599 2053 Quid
636 1986 749 2040 haec
778 1985 881 2039 sibi
917 1985 1083 2039 velint
1115 1985 1266 2053 prius
1294 1993 1472 2040 mente
1515 1985 2022 2056 apprebeudamus;

457 2080 672 2144 deinde,
707 2079 753 2134 si
780 2077 1013 2140 licuerit,
1041 2076 1342 2131 secundum
1374 2076 1605 2131 litteram
1634 2068 2024 2148 expendamus.

462 2171 598 2224 ltum
639 2185 832 2224 smnus
875 2170 929 2222 in
972 2170 1074 2222 Lac
1101 2167 1231 2231 vita,
1274 2166 1594 2233 formamur,
1624 2178 1682 2222 ut
1715 2169 1796 2224 sic
1824 2169 2027 2236 dicam,

460 2270 681 2331 propter
724 2262 829 2316 hoc
878 2261 1088 2315 luteum‘
1127 2278 1224 2318 vas
1268 2270 1518 2316 nostrum
1561 2259 1811 2315 ﬁctilium
1853 2275 2025 2324 more,

456 2364 512 2407 et
561 2353 862 2408 fortnatuur
919 2353 1004 2407 vel
1064 2353 1132 2407 ad
1175 2353 1469 2420 malitiam,
1501 2353 1586 2407 vel
1620 2352 1694 2407 ad
1741 2352 2025 2407 virtutem.

464 2445 666 2499 Verum
716 2446 799 2500 sic
822 2445 1142 2509 Iormamur,
1194 2452 1254 2499 ut
1300 2445 1415 2499 ﬁeri
1460 2445 1631 2514 possit
1677 2453 1731 2500 et
1763 2445 2027 2500 malitiam

458 2536 666 2590 conteri
702 2546 965 2602 nostram,
1000 2545 1061 2590 ut
1097 2534 1189 2590 ﬁat
1220 2552 1357 2591 nova
1387 2546 1636 2592 creatura
1662 2540 2025 2607 praestantior,

459 2638 516 2683 et
549 2643 870 2698 progressus
901 2637 1124 2682 nostros
1155 2637 1279 2697 post
1319 2626 1702 2683 formationem
1743 2630 1939 2684 resolvi
1973 2630 2028 2683 in

462 2723 669 2776 luteum
700 2736 818 2774 vas.
866 2719 1004 2774 Cum
1050 2727 1233 2774 autem
1279 2728 1556 2775 transacto
1585 2721 1696 2775 hoc
1722 2721 1921 2775 seculo
1961 2722 2031 2777 ad

460 2813 584 2866 vitae
625 2812 787 2865 tinem
834 2810 1266 2879 pervenerimus,
1309 2818 1363 2864 et
1399 2819 1590 2879 postea
1630 2811 1815 2882 igniti,
1846 2813 1932 2868 vel
1962 2814 2032 2869 ab

460 2903 584 2969 igne
611 2902 818 2966 divino,
841 2901 1283 2970 quandoquidem
1311 2911 1364 2956 et
1391 2900 1528 2954 Deus
1559 2901 1697 2972 ignis
1723 2917 2030 2958 consumens

459 3002 560 3053 est,
587 2992 672 3046 vel
704 2993 772 3046 ab
798 2993 1105 3046 ardentium
1140 2992 1359 3062 maligni
1392 2992 1699 3061 jaculorum
1738 2993 1861 3063 igne
1902 2993 2031 3050 facti

462 3084 727 3138 fuerimus
754 3084 1120 3153 quodcunque
1156 3082 1444 3149 fuerimus,
1475 3098 1633 3152 cum,
1669 3084 1914 3154 inquam,
1949 3087 2031 3142 vel

1897 375 2056 432 0an
2065 374 2219 431 ENIS

3586 375 3691 432 ιοι

2711 496 2967 550 ὈΜΙΛΙΛ
3001 497 3105 548 III’.

2805 589 2897 650 Είς
2930 588 3009 639 τό·

2132 679 2195 731 ’0
2223 681 2404 748 λόγος
2426 681 2458 749 ό
2481 681 2801 749 γενόμενος
2859 677 3019 745 παρὰ
3055 676 3300 749 Κυρίου-
3326 677 3481 749 πρὸς
3511 676 3687 749 Ἰερε-

2184 744 2353 818 prime,
2618 744 2970 815 ”Ανάστηθι,
2990 746 3114 818 -καὶ
3143 744 3438 818 κατάΰῄθι
3470 748 3557 818 {lc
3584 744 3691 801 ida-

2192 814 2361 873 οἷκον
2387 814 2704 889 κεραμέωςο
2738 814 2898 889 μέχρι
2923 815 3037 870 τοῖν
3077 814 3258 879 Τάξαι
3299 815 3415 883 τὴν
3439 814 3555 886 γῆν
3581 821 3659 871 αὐ

2192 889 2310 943 τῶν
2341 891 2430 956 είς
2455 889 2817 958 ἀφανισμόν.

2191 977 2297 1031 Δύο
2327 978 2462 1032 εἰσὶν
2494 976 2621 1048 ἑξῆς
2635 977 2852 1049 ὁράσεις
2870 976 2926 1029 αἱ
2954 974 3358 1045 ἀνεγνωσμέναι
3403 974 3685 1045 Ἰερεμίοω

2122 1061 2196 1122 ὧν
2225 1071 2258 1140 ὴ
2294 1070 2391 1138 μὲν
2417 1068 2658 1140 προτέρα
2690 1068 2929 1138 περιέχει
2960 1067 3030 1120 τὰ
3081 1063 3324 1135 περὶτοῦ
3346 1066 3405 1119 ὲν
3432 1068 3498 1136 τῇ
3546 1066 3693 1137 χειρὶ

2123 1160 2410 1231 κεραμέως
2446 1159 2671 1228 πηλίνου
2705 1157 2955 1222 σκεύους,
3005 1157 3142 1225 ὅπερ
3194 1154 3500 1225 ἐπιδέχεται
3529 1149 3535 1154 ’
3560 1153 3695 1226 μετὰ

2122 1252 2220 1324 τὴν
2251 1250 2540 1322 ωντριόὴν
2572 1248 2963 1318 ἐπανόρθωσινο
2997 1247 3409 1302 ἀναπλάσασθαι
3438 1247 3548 1318 γὰρ
3565 1247 3695 1301 αὐτὸ

2121 1340 2346 1395 δυνατόν
2369 1341 2536 1393 ἐστιν’
2576 1341 2611 1408 ή
2642 1338 2702 1390 δὲ
2738 1336 2902 1408 ἑτέρα
2953 1336 3143 1409 ὅρασις
3192 1336 3436 1407 περιέχει
3472 1336 3540 1389 τὰ
3569 1337 3691 1407 περὶ

2123 1432 2217 1486 τοῦ
2246 1431 2572 1503 ὀστρακίνου
2637 1428 2829 1482 κίκκου
2886 1427 2984 1498 (1),
3053 1422 3115 1482 οὖ
3172 1426 3568 1497 καταχυθέντας
3598 1426 3696 1480 οὐκ

2125 1523 2241 1576 ἐστι
2301 1521 2586 1594 θεραπεία·
2644 1519 2736 1573 ὅτε
2771 1519 2870 1590 μὲν
2926 1520 3040 1590 γὰρ
3096 1519 3319 1589 πήλινον
3373 1514 3463 1589 ἦν,
3513 1521 3561 1571 εί
3591 1535 3693 1572 κα-

2123 1614 2328 1687 τεάχθη
2367 1613 2465 1685 (2),
2495 1611 2597 1666 κᾶν
2628 1611 2729 1683 ήδη
2767 1609 3194 1680 μεμορφωμένον
3223 1606 3282 1682 ᾖ,
3317 1610 3440 1663 ἐπεὶ
3472 1609 3696 1678 πήλινον

2125 1704 2214 1781 ἦν,
2281 1705 2551 1776 ἐνεδέχετο
2610 1702 2771 1757 πάλιν
2831 1698 2971 1755 εῖναι
3029 1700 3253 1771 φύραμα
3297 1700 3570 1772 δεύτερον,
3604 1701 3695 1753 καὶ

2135 1798 2421 1870 κτισθῆναι
2458 1796 2732 1867 δεύτερον*
2765 1795 2855 1847 ὅτε
2876 1793 2939 1846 δὲ
2957 1790 3108 1862 ,μετὰ
3138 1791 3200 1845 τὸ
3226 1790 3450 1864 πήλινον
3477 1791 3697 1858 γέγονεν

2128 1893 2230 1964 ἤδη
2255 1890 2596 1963 ὀστράκινον,
2629 1887 2727 1942 καὶ
2758 1884 2864 1939 ὑπὸ
2888 1882 2982 1937 τοῦ
3006 1882 3178 1954 πυρὸς
3199 1882 3526 1952 ἐστόμωται,
3574 1880 3695 1933 τότε

2127 1984 2224 2053 οὐχ
2250 1977 2360 2035 οἷόν
2389 1998 2447 2034 τε
2473 1977 2542 2051 ἦν
2576 1977 2713 2051 μετὰ
2767 1977 2866 2049 τὴν
2905 1973 3194 2046 συντριϐὴν
3233 1972 3332 2025 τοῦ
3373 1971 3695 2042 όστρακίνου

2124 2074 2420 2145 θεραπείαν
2450 2070 2702 2140 γενέσθαι
2726 2067 2896 2138 αὐτῷ.
2934 2066 2999 2119 Τί
3046 2061 3141 2119 οὖν
3198 2062 3442 2135 βούλεται
3490 2060 3696 2125 ταῦτα;

2128 2165 2392 2236 πρότερον
2416 2163 2475 2216 ὲν
2507 2160 2757 2231 περινοίᾳ
2787 2158 3232 2228 κατανοήσωμεν·
3256 2149 3395 2217 εἶτα,
3420 2152 3514 2206 ἐὰν
3544 2150 3695 2221 δοθῇ,

2128 2254 2269 2310 κατὰ
2325 2254 2467 2319 λέξιν
2516 2252 2876 2321 ἐξετάσωμεν.
2939 2250 3100 2302 Ὂσσν
3146 2246 3311 2317 ἐσμὲν
3366 2245 3425 2299 ὲν
3476 2242 3555 2313 τῷ
3600 2240 3701 2311 βίῳ

2130 2349 2324 2420 τούτῳ,
2363 2344 2737 2419 μορφούμεθα,
2768 2344 2838 2397 ἵν’
2867 2342 3040 2405 οὕτως
3066 2339 3337 2410 ὀνομάσω,
3396 2335 3486 2390 διὰ
3506 2335 3567 2388 τὸ
3596 2335 3701 2403 πή-

2129 2444 2272 2497 λινον
2305 2440 2461 2512 ⁴ἡμῶν
2501 2438 2693 2502 σκεῦος
2734 2433 3166 2508 κεραμευτικῶς,
3211 2430 3307 2485 καὶ
3349 2425 3702 2501 μορφούμεθα

2129 2535 2249 2604 ἦτοι
2282 2530 2424 2585 κατὰ
2458 2529 2679 2592 κακίαν,
2714 2528 2748 2598 ἦ
2784 2525 2926 2581 κατὰ
2964 2524 3185 2596 ἀρετήν.
3223 2521 3368 2592 Πλὴν
3391 2520 3535 2574 οὕτω
3570 2535 3699 2589 μορε

2131 2624 2395 2697 φούμεθα,
2425 2623 2500 2686 ὡς
2531 2618 2874 2690 ἐπιδέχεσθαι
2907 2617 3001 2671 καὶ
3033 2616 3132 2686 τὴν
3163 2612 3360 2667 κακίαν
3385 2611 3543 2683 ἡμῶν
3575 2626 3700 2662 συν-

2128 2716 2404 2788 τριϐῆναι,
2423 2715 2513 2768 ἴνα
2538 2712 2762 2781 γένηται
2792 2707 2977 2763 καινὸν
3005 2706 3206 2776 κτίσμα
3231 2703 3457 2774 βέλτιον,
3487 2701 3580 2755 καὶ
3604 2700 3704 2770 τὴν

2131 2805 2413 2880 προκοπὴν
2440 2803 2597 2877 ἡμῶν
2631 2798 2960 2871 ἀναλυθῆναι
3009 2795 3146 2868 μετὰ
3172 2795 3271 2866 τὴν
3295 2794 3572 2866 μόρφωσιν
3603 2791 3704 2843 αύ-

2129 2900 2231 2971 τῆς
2257 2900 2339 2962 είς
2369 2896 2561 2959 σκεῦος
2585 2893 2827 2967 πήλινον.
2866 2891 3035 2946 Ἐπὰν
3055 2889 3114 2943 δὲ
3152 2887 3288 2960 μετὰ
3315 2885 3405 2939 τὸν
3436 2882 3706 2939 ἐνεστῶτα

2130 2992 2303 3049 αίῶνα
2331 2992 2575 3061 ἥκωμεν,
2609 2986 2748 3060 πρὸς
2792 2984 2871 3056 τῷ
2898 2984 3041 3037 τέλει
3095 2982 3374 3052 γενόμενοι
3405 2978 3505 3049 τῆς
3536 2976 3703 3049 ζωῆς,

2132 3084 2325 3139 ἔπειτα
2357 3079 2699 3153 πυρωθέντες
2725 3079 2841 3149 ἦτοι
2862 3074 2969 3129 ὑπὸ
2997 3071 3093 3127 τοῦ
3123 3071 3293 3144 πυρὸς
3323 3069 3431 3123 τῶν
3459 3084 3707 3140 πεπυρω-

460 3177 531 3231 ab
561 3179 665 3231 hoc
682 3178 775 3231 vvel
800 3177 879 3231 ab
914 3177 1007 3232 illo
1055 3176 1311 3247 iguel‘acti
1361 3174 1629 3232 Iuerimus
1666 3177 2034 3248 quodcunque
2059 3178 2104 3237 C

2071 3178 2104 3237 Β
2142 3175 2320 3248 μένων
2346 3172 2441 3227 τοῦ
2486 3168 2732 3241 πονηροῦ
2793 3166 2983 3239 βελῶν,
3019 3163 3270 3235 γενέσθαι
3320 3163 3352 3215 ὅ
3406 3161 3460 3214 τί
3489 3160 3607 3214 ποτ’
3640 3158 3707 3236 ἂν

461 3268 752 3331 fuerimus,
786 3277 919 3323 tunc
950 3268 997 3324 si
1019 3275 1395 3331 conteramur,
1425 3267 1540 3322 sive
1571 3276 1858 3337 postquam
1890 3270 2032 3325 bona

462 3376 595 3415 vasa
641 3362 693 3414 in
734 3361 1009 3425 saiutem,
1056 3361 1171 3416 sive
1216 3369 1504 3430 postquam
1555 3360 1694 3414 mala
1734 3376 1862 3416 vasa
1905 3360 2033 3417 facti

465 3444 733 3504 fuerimus
779 3449 833 3502 in
878 3449 1257 3518 perditionem,
1305 3463 1414 3503 non
1463 3463 1811 3513 renovarunt,
1856 3465 2035 3522 neque

466 3550 743 3596 structura
795 3550 983 3595 nostra
1032 3540 1101 3595 ad
1142 3541 1421 3595 meliorem
1461 3548 1664 3596 statum
1710 3543 1896 3598 reduci
1929 3558 2031 3614 po-

467 3628 995 3699 tes-LQuamobrem
1029 3644 1154 3685 eum
1177 3629 1242 3684 in
1265 3629 1376 3685 bac
1401 3630 1508 3685 vita
1542 3646 1754 3698 sumus,
1787 3634 1943 3702 quasi
1977 3634 2031 3689 in

467 3738 630 3777 manu
658 3722 809 3794 ﬁguli
837 3737 1051 3788 sumus,
1077 3730 1132 3776 et
1153 3721 1286 3775 licet
1320 3722 1574 3777 ceciderit
1601 3738 1696 3778 vas
1726 3738 1757 3777 e
1784 3725 2037 3782 manibus

466 3815 605 3880 ejus,
619 3813 859 3884 reparari
878 3823 931 3868 et
947 3812 1231 3867 reformari
1251 3821 1445 3880 potest.
1474 3811 1603 3868 Haec
1618 3815 1834 3882 quidem
1852 3831 2038 3872 secun-

466 3908 596 3960 dum
630 3907 848 3961 obvium
880 3918 1125 3965 sensum,
1148 3902 1309 3974 242
1345 3913 1635 3973 antequam
1668 3906 1720 3960 id
1742 3908 1885 3975 quod
1908 3908 2035 3962 reli-

468 4013 638 4066 quum
667 4007 751 4052 est
775 3994 1095 4052 disserendo
1128 3995 1520 4063 expendamus,
1556 3995 1623 4048 de
1651 3995 1853 4066 duplici
1877 4013 2038 4053 vaso-

467 4102 591 4142 rum
619 4076 837 4156 genere,
881 4085 1025 4139 Iuteo
1059 4100 1252 4154 nempe
1294 4093 1347 4138 et
1375 4084 1614 4140 nondum
1662 4086 1717 4140 in
1742 4095 1895 4143 testae
1923 4104 2040 4144 mo-

467 4180 598 4233 dum
640 4176 914 4243 indurato,
946 4185 1000 4230 et
1030 4176 1199 4230 altero
1235 4175 1347 4245 jam
1389 4184 1628 4232 testaceo
1661 4177 1803 4233 dicta
1836 4179 1964 4236 sint.

2138 3266 2437 3338 γινώμεθα,
2465 3263 2499 3336 ἢ
2529 3262 2634 3316 ore
2659 3259 2753 3314 τοῦ
2787 3260 2932 3314 θείου
2976 3257 3167 3329 πυρὸς,
3194 3254 3316 3310 ἐπεὶ
3347 3254 3440 3308 καὶ
3476 3255 3532 3306 '0
3565 3252 3708 3317 Θεὸς

2138 3357 2309 3431 ἡμῶν
2345 3356 2466 3424 πῦρ
2513 3353 2965 3408 καταναλίσκον
3012 3348 3206 3407 ἐστὶν,
3251 3347 3345 3401 ἐὰν
3400 3342 3702 3414 γενώμεθα,

2139 3456 2304 3524 φημὶ,
2333 3448 2439 3502 ὑπὸ
2468 3445 2676 3501 τοιοῦδε
2713 3445 2748 3516 ἢ
2781 3441 2985 3498 τοιοῦδε
3041 3439 3228 3513 πυρὸς,
3261 3439 3344 3492 ὅτι
3372 3438 3489 3491 ποτ’
3526 3434 3592 3489 ἂν
3616 3450 3706 3503 γε·

2137 3542 2379 3616 νὼμεθα,
2411 3538 2507 3593 ἐὰν
2542 3535 2936 3610 σΜριὸὦμεν,
2964 3531 3078 3585 εἴτε
3105 3529 3212 3584 ὰπδ
3240 3527 3332 3582 τοῦ
3373 3526 3514 3582 καλὰ

2138 3614 2420 3704 γεγονέναι
2484 3631 2565 3693 είς
2620 3626 2916 3699 σωτηρίαν,
2983 3622 3092 3677 εἴτε
3144 3621 3251 3675 ἀπὸ
3305 3617 3401 3672 ’ωὓ
3460 3614 3712 3688 μοχθηρὰ

2141 3724 2310 3796 σκεύη
2335 3720 2613 3792 γεγονέναι
2635 3720 2716 3783 είς
2736 3713 3145 3780 ἀπώλειαν,οὐκ
3172 3706 3593 3780 ἀναγκαζόμεθα
3613 3706 3710 3775 (3),

2141 3817 2261 3872 οὐδὲ
2292 3814 2601 3884 ἐπιδέχεται
2652 3808 2809 3881 ἡμῶν
2840 3808 2875 3878 ἡ
2912 3801 3224 3874 κατασκευὴ
3283 3799 3582 3871 βελτίωσιν.
3613 3796 3714 3848 Διὰ

2142 3909 2298 3964 τοῦτο
2329 3907 2451 3960 ὅσον
2506 3903 2672 3972 ἐσμὲν
2704 3897 2911 3961 ἐνθάδε,
2941 3896 3101 3950 οἱονεὶ
3135 3897 3192 3948 ὲν
3247 3891 3395 3964 χειρὶ
3424 3887 3520 3942 τοῦ
3548 3903 3715 3958 κερα-

2148 4002 2292 4074 μέως
2316 3999 2486 4059 ὅντες,
2516 3993 2621 4048 κᾶν
2656 3989 2888 4061 διαπέσῃ
2915 3988 2975 4041 τδ
3009 3986 3202 4049 σκεῦος
3236 3984 3345 4039 ἀπὸ
3384 3981 3492 4037 τῶν
3515 3977 3715 4074 χειρῶν

2145 4071 2333 4154 αὐτοῦ,
2365 4087 2669 4158 ἐπιδέχεται
2719 4082 3013 4154 θεραπείαν
3072 4079 3167 4133 καὶ
3208 4077 3271 4131 τὸ
3302 4071 3712 4141 ἀνακτισθῆναι.

2071 4169 2084 4193 ⁸
2147 4180 2331 4237 Ταῦτα
2361 4177 2459 4250 μὲν
2487 4176 2516 4228 ὁ
2544 4174 2702 4241 λόγος
2733 4169 2875 4225 κατὰ
2923 4168 2984 4222 τὸ
3035 4165 3467 4239 προχειρότερον,
3498 4162 3626 4232 πρὶν
3655 4158 3717 4212 τὸ

467 4277 651 4330 λεῖπον
675 4273 1014 4343 ἐξετάσωμεν
1036 4270 1113 4342 τῷ
1141 4271 1305 4341 λόγῳ,
1341 4271 1421 4334 είς
1453 4271 1521 4325 τὰ
1552 4272 1645 4326 δύο
1687 4275 1802 4344 εἴδη
1834 4275 1944 4331 τῶν
1988 4280 2246 4350 ἀγγείων,
2274 4274 2334 4328 τό
2369 4290 2428 4326 τε
2464 4267 2706 4341 πήλινον,
2764 4264 2859 4319 καὶ⁵
2903 4261 3115 4316 οὐδέπω
3172 4254 3711 4327 ἁπωστρακισμένον,

471 4368 657 4427 καὶτὸ
686 4366 936 4434 δεύτερον
993 4364 1053 4417 τὸ
1084 4364 1184 4435 ἤδη
1230 4365 1497 4436 ὄστρακον
1554 4367 1921 4438 γεγενημένον
1965 4370 2220 4443 λελέχθω.

545 4459 599 4512 2.
643 4456 939 4511 Videamus
980 4461 1161 4508 autem
1202 4468 1269 4507 ex
1309 4458 1430 4521 ipso
1474 4463 1623 4508 textu
1657 4469 1780 4524 quze
1802 4456 1869 4510 de
1898 4458 2044 4512 luteo
2077 4465 2120 4519 D

472 4565 602 4606 vase
656 4551 709 4603 iu
756 4562 923 4602 manu
973 4543 1118 4614 ﬁguli
1170 4543 1466 4598 conStituto
1508 4545 1786 4611 dicuntur,
1830 4556 1884 4601 et
1906 4562 2044 4617 quo.

474 4642 638 4699 modo
666 4640 844 4710 ipsum
876 4636 1021 4707 quod
1049 4642 1168 4689 erat
1210 4633 1263 4687 iu
1291 4635 1551 4704 propheta
1586 4637 1833 4703 verbum,
1861 4638 2046 4694 Domi-

477 4750 583 4789 nus
615 4746 804 4800 nempe
848 4730 905 4784 in
942 4728 1061 4798 ipso
1103 4726 1453 4797 prophetaus,
1498 4727 1637 4784 alias
1674 4744 1890 4800 quoque
1935 4746 2043 4785 non

478 4824 722 4882 modicas
757 4822 994 4891 praebeat
1030 4820 1349 4877 occasiones
1399 4821 1790 4890 interpretandi
1825 4822 2049 4891 [ignicu-

480 4928 595 4973 tum
625 4918 771 4986 quod
799 4926 911 4970 erat
945 4917 999 4970 in
1028 4930 1193 4969 manu
1229 4915 1397 4985 iuguli.
1433 4912 1665 4967 Verbuni‘
1683 4913 1821 4984 quod
1842 4913 2046 4983 factum

477 5021 555 5067 est
578 5028 611 5063 a
637 5009 862 5063 Domino
882 5008 951 5060 ad
970 5006 1279 5071 Jeremiam,
1307 5007 1484 5059 dicens
1499 5021 1517 5058 :
1540 5004 1707 5074 Surge
1730 5014 1779 5057 et
1802 5004 2053 5058 descende

483 5106 538 5159 in
562 5104 780 5158 domum
807 5099 979 5170 ﬁguli.
1028 5097 1257 5152 Sursum
1302 5108 1387 5153 est
1409 5096 1696 5159 .Ieremias,
1745 5095 1890 5148 lutea
1921 5110 2049 5149 vasa

486 5193 856 5257 transcendit;
925 5190 1181 5245 deorsum
1234 5196 1365 5243 sunt
1419 5202 1550 5242 vasa
1610 5187 1790 5250 lutea,
1851 5195 1906 5239 et
1955 5201 2051 5238 na-

484 5296 605 5341 tura
638 5299 761 5356 quaa
786 5281 1138 5338 administrat
1181 5280 1328 5335 lutea
1363 5292 1493 5332 vasa
1515 5319 1529 5342 ,
1577 5276 1766 5330 iisdem
1802 5290 1921 5330 sese
1964 5286 2050 5328 at-

384 5387 397 5403 ί
486 5388 819 5448 temperans,
850 5374 1107 5430 deorsum
1157 5379 1276 5435 est;
1333 5369 1455 5424 ideo
1507 5367 1731 5422 verbum
1770 5365 1919 5432 quod
1970 5364 2047 5418 fa-

485 5475 633 5520 ctum
661 5473 746 5520 est
782 5479 813 5518 a
842 5461 1072 5517 Domino
1103 5458 1170 5513 ad
1194 5456 1506 5539 Ieremiam,
1531 5455 1637 5508 ait:
1668 5451 1855 5521 Surge,
1885 5461 1933 5507 et
1961 5453 2052 5507 de-

552 5579 600 5612 "
636 5577 835 5635 Jerem.
868 5592 1022 5640 xvut,
1048 5575 1100 5639 I,
1140 5572 1223 5628 16.

586 5689 636 5756 ι)
676 5690 923 5756 Κίκκου,
944 5687 1085 5755 Lego
1109 5684 1281 5756 βίκους
1310 5681 1442 5735 Vide
1465 5681 1596 5734 LXX
1613 5721 1625 5745 ,
1648 5679 1847 5732 Jerem.
1879 5678 2049 5738 χιιιΛ.

586 5692 636 5756 1)
676 5692 911 5742 Κίκκου.
944 5692 1085 5755 Lego
1109 5692 1281 5754 βίκου.
1315 5692 1379 5733 Vt

560 5692 638 5823 ΣΞ)
676 5758 856 5809 Codex
884 5755 1082 5816 Valie,
1118 5753 1379 5817 κατεάγη.

2219 4451 2447 4521 Ἴὸωμεν
2472 4447 2530 4501 δὲ
2549 4446 2643 4499 ἀπ’
2658 4442 2828 4513 αὐτῆς
2857 4442 2957 4512 τῆς
2987 4438 3183 4505 λέξεως
3212 4439 3280 4491 τὰ
3304 4433 3569 4502 λεγόμενα
3586 4428 3713 4500 περὶ

2148 4543 2241 4600 τοῦ
2270 4541 2492 4613 πηλίνου
2520 4536 2741 4605 ἀγγείου
2772 4531 2866 4586 τοῦ
2895 4533 2953 4585 ὲν
2998 4534 3063 4601 τῇ
3094 4530 3236 4602 χειρὶ
3280 4525 3372 4579 τοῦ
3406 4521 3712 4595 κεραμέως,

2149 4636 2246 4692 καὶ
2272 4633 2389 4696 πῶς
2410 4630 2574 4693 αὐτὸς
2602 4631 2630 4682 ὁ
2661 4629 2718 4681 ὲν
2748 4625 2827 4696 τῷ
2882 4624 3134 4697 προφήτῃ
3186 4622 3362 4690 λόγος,
3403 4620 3431 4672 ὁ
3460 4615 3661 4684 Κύριος
3687 4613 3717 4665 ὁ

2151 4721 2507 4801 προφητεύων
2540 4722 2598 4773 ὲν
2618 4717 2784 4788 αὐτῷ,
2835 4713 3088 4787 ἀφορμὰς
3109 4713 3289 4767 δίδωσι
3320 4712 3413 4766 καὶ
3455 4707 3616 4765 am;
3657 4702 3719 4757 οὐ

2156 4814 2413 4892 βραχείας
2442 4812 2542 4882 τῆς
2575 4807 2869 4882 ἑρμηνείας
2891 4805 3000 4858 τῶν
3055 4804 3197 4860 κατὰ
3219 4804 3283 4857 τὸ
3316 4803 3538 4875 πλάσμχ
3571 4806 3632 4858 τὸ
3667 4807 3723 4859 ἐν

2154 4914 2218 4983 τῇ
2249 4907 2393 4981 χειρὶ
2417 4904 2510 4960 τοῦ
2533 4900 2845 4975 κεραμέως.
2886 4899 2939 4952 '0
2967 4899 3150 4966 λόγος
3180 4896 3551 4981 όᾷγενὸμενος
3574 4897 3724 4964 πρὸς

2160 4996 2443 5064 Ἰερεμίαν
2508 4988 2669 5058 παρὰ
2702 4987 2949 5055 Κυρίου,
2989 4984 3202 5055 ,λέγων’
3247 4983 3575 5051 Ἀνάστηθι,
3623 4984 3723 5037 καὶ

2152 5086 2437 5154 κατάϐηθι
2468 5085 2556 5149 εὶς
2584 5077 2752 5136 οἷκον
2812 5077 2918 5132 τοῦ
2971 5075 3284 5145 κεραμέως.
3341 5076 3489 5129 ΙἈνω
3520 5075 3665 5127 ἐστὶν
3695 5072 3729 5128 ὁ

2163 5178 2448 5250 Ἱερεμίας,
2501 5170 2953 5244 ὑπεραναϐέϐηκε
2994 5167 3063 5222 τὰ
3104 5167 3302 5237 πήλινα
3359 5166 3545 5236 σκεύη·
3574 5166 3727 5219 κάτω

2152 5271 2268 5324 ἐστὶ
2293 5269 2361 5323 τὰ
2390 5266 2589 5338 πήλινα
2612 5262 2801 5333 σκεύη,
2838 5261 2932 5315 καὶ
2959 5261 2993 5331 ἡ
3024 5257 3296 5313 διοικοῦσα
3328 5257 3489 5327 φύσις
3516 5256 3586 5310 τὰ
3617 5259 3724 5328 πή-

2153 5362 2276 5415 λινα
2333 5356 2523 5427 σκεύη,
2584 5350 3093 5422 συγκαταϐαίνουσα
3149 5349 3261 5411 τοῖς
3315 5347 3726 5419 διοικουμένοις,

2157 5452 2306 5508 κάτω
2332 5447 2467 5504 ἐστί·
2502 5445 2591 5501 διὰ
2615 5444 2776 5498 τοῦτο
2803 5444 2833 5496 ὁ
2861 5440 3153 5512 λεγόμενος
3198 5437 3353 5505 λόγος
3390 5438 3530 5509 πρὸς
3564 5439 3727 5512 Ἱερε-

2233 5675 2311 5735 l5)
2364 5671 2835 5741 Ἀναγκαζὶίμεθα.
2881 5666 3025 5736 Lego
3051 5678 3175 5721 cum
3203 5661 3474 5719 Gltislerio
3503 5663 3728 5718 avent»

2163 5743 2382 5812 ζόμεθα.
