4218 6292
478 373 580 427 δοες

1603 360 1671 417 IN
1704 360 2050 418 JEREMIAM
2090 359 2374 417 llOMlLlA
2416 357 2601 415 XVIII.

3603 354 3635 406 οἶ
3644 353 3719 407 ἶὶῦ

484 482 610 550 μίαν
641 478 785 551 παρά
807 476 1011 551 Κυρίου
1044 479 1206 547 φησὶν
1239 477 1405 549 αὐτῷ’
1449 474 1780 545 Ἀνάστηθι,
1815 477 1913 529 καὶ
1938 493 2040 530 κα-
2067 479 2114 537 Α
2143 494 2150 526 ε

2037 479 2114 537 ιΑ
2143 473 2329 528 scenda
2372 474 2426 526 in
2468 472 2680 526 domum
2722 468 2893 540 ﬁguli,
2946 476 2993 521 et
3044 465 3119 520 ibi
3162 466 3343 519 audies
3388 466 3538 519 verba
3570 483 3703 522 men.

480 571 681 637 τὰὀήθι
705 571 792 635 εις
823 568 993 622 οἷκον
1012 566 1120 622 τοῦ
1148 567 1462 636 κεραμέως,
1516 565 1615 619 καί
1661 565 1790 619 ἐκεῖ
1805 566 2038 634 ἀκούσῃ

477 661 616 723 τοὺς
642 660 866 728 λόγους
906 675 1050 728 μου.
1099 658 1290 712 Μωσεί
1340 657 1578 725 λέγεταιο
1638 656 1911 724 Ἀνὰϐηθι
1956 657 2042 721 είς

480 751 539 803 τὸ
566 750 726 817 ὅρος,
755 749 855 803 καί
886 749 1178 803 ἄκουσον.
1212 748 1450 819 Ἱερεμίᾳ
1472 746 2039 816 λέγεταιοΚατάὄηθι,

474 842 571 895 καὶ
603 842 897 906 ἄκουσον,
929 843 1020 907 είς
1047 841 1156 895 τὸν
1209 837 1381 896 οἷκον
1437 841 1514 913 (l)
1558 840 1666 894 τοῦ
1724 840 2040 909 κεραμέως.

477 930 747 997 Ἕκαστος
774 932 884 1004 γὰρ
937 932 1046 985 τῶν
1078 932 1379 987 ἀκουόντων
1431 931 1588 1000 λόγον
1637 930 1737 1002 (2),
1764 930 1881 1001 ἢτοι
1913 931 2044 1001 περὶ

468 1021 579 1077 τιῖιν
607 1023 870 1094 ἀνωτέρω
916 1022 996 1094 (5)
1045 1021 1374 1085 διδάσκεται,
1423 1022 1458 1094 ἢ
1493 1021 1750 1092 μανθάνει
1779 1022 1905 1092 περὶ
1937 1020 2045 1077 τῶν

468 1112 770 1183 κατωτέρω
803 1112 906 1184 (4).
952 1112 1227 1166 Διδάσκων
1261 1114 1359 1183 μὲν
1410 1113 1728 1167 καταϐαίνω
1758 1112 1837 1183 τῷ
1876 1110 2043 1183 λόγῳ,

466 1206 560 1258 ἵνα
588 1202 685 1257 ἴδω
712 1204 784 1257 τὰ
814 1202 1118 1275 κατώτερα’
1160 1205 1210 1257 εί
1247 1204 1306 1257 δὲ
1353 1204 1422 1257 τά
1468 1203 1715 1275 ἀνώτερα
1770 1204 2042 1274 μανθάνω,

472 1293 748 1347 ἀναϐαίνω
769 1293 849 1366 τῷ
879 1294 1021 1366 λόγῳ
1047 1295 1141 1348 ἐπὶ
1196 1295 1267 1348 τά
1309 1293 1577 1366 ἀνώτερα,
1627 1294 1713 1347 ἵνα
1764 1293 2044 1366 θεάσωμαι

471 1383 542 1436 τά
565 1386 700 1437 ἐκεῖ.
737 1386 855 1438 Ἵνα
885 1384 942 1438 δὲ
995 1385 1215 1450 πάντες,
1245 1385 1388 1439 κατά
1437 1387 1498 1438 τὸ
1543 1386 1762 1439 δυνατὸν
1811 1388 2042 1451 ἑαυτοῖς,

472 1475 995 1548 παρακολουθήσωσι
1024 1478 1102 1548 (5)
1141 1476 1219 1547 τῷ
1243 1476 1539 1547 λεγομένῳ,
1567 1478 1838 1548 χρήσομαι
1869 1494 2045 1546 παρα-

473 1565 726 1639 δείγματι
752 1569 848 1622 καὶ
893 1568 1003 1622 ἀπὸ
1054 1570 1155 1640 τῆς
1181 1569 1426 1641 Γραφῆς,
1454 1570 1548 1624 καὶ
1588 1569 1725 1640 πρὸς
1753 1569 1830 1641 τῷ
1862 1586 2041 1641 παρα-

471 1657 729 1728 δείγματι
759 1658 855 1712 καὶ
885 1659 1183 1731 σαφήνειαν
1210 1661 1595 1730 προσάγουσαν
1619 1663 1686 1731 τῇ
1715 1660 1945 1733 δεομένῃ
1967 1659 2042 1733 (6)

474 1751 737 1823 ἑρμηνείᾳ
763 1752 1120 1824 παραστήσω.
1168 1752 1265 1805 Ἐν
1292 1751 1375 1818 τῷ
1415 1752 1658 1821 ὀνόματι
1700 1752 1894 1819 Ἰησοῦ
1919 1749 2044 1806 πᾶν

473 1842 620 1909 γόνυ
643 1840 864 1911 κάμψει
900 1842 1290 1911 ἐπουρανίων,
1336 1843 1434 1897 καί
1483 1843 1776 1912 ἐπιγείων,
1807 1842 1904 1896 και
1937 1860 2044 1896 κα-

476 1934 824 2002 ταχθονίων,
857 1933 954 1987 καὶ
1007 1932 1178 1988 πᾶσα
1226 1931 1478 2004 γλῶσσα
1515 1933 2042 2004 ἐξομολογήσεται,

477 2017 567 2073 ὅτι
602 2021 815 2088 Κύριος
853 2020 1085 2088 Ἰησοῦς
1113 2021 1363 2089 Χριστὸς
1390 2023 1478 2087 είς
1508 2020 1697 2085 δόξαν
1736 2025 1884 2078 Θεοῦ
1928 2028 2046 2077 Πα-

474 2109 637 2175 τρός.
684 2107 878 2177 Ἀμήν.
920 2110 1077 2162 Ἐστι
1103 2109 1161 2163 δέ
1201 2127 1288 2174 τις
1321 2112 1484 2180 σοφία
1513 2112 1642 2182 περὶ
1668 2112 1901 2166 ἑκάστου
1924 2113 2048 2167 τού-

475 2212 608 2249 των*
642 2197 804 2265 σοφία
830 2197 959 2269 περ).
984 2198 1094 2252 τῶν
1139 2199 1424 2268 οὐρανίων,
1470 2200 1586 2265 πῶς
1608 2201 1950 2256 διατέτακται
1976 2203 2047 2257 τὰ

476 2283 724 2354 οὐράνια*
779 2285 939 2355 σοφία
971 2287 1101 2357 περὶ
1151 2286 1261 2341 τῶν
1293 2287 1682 2358 καταχθονίων,
1733 2288 1856 2343 ἐπεὶ
1888 2288 2048 2358 σοφία

475 2373 613 2428 Θεοῦ
628 2377 764 2429 ’ἐστι
793 2376 888 2428 καὶ
919 2376 1047 2447 περὶ
1071 2375 1171 2446 τῆς
1194 2374 1489 2442 διατάξεως
1514 2376 1623 2431 τῶν
1646 2376 2011 2447 καταχθονίων
2028 2416 2044 2440 ,

471 2467 677 2537 ὁμοίως
704 2468 801 2522 καὶ
830 2469 960 2540 περὶ
997 2469 1105 2522 τῶν
1159 2468 1434 2537 ἐπιγείων.
1479 2466 1610 2523 Ἐὰν
1650 2468 1826 2540 μέλλω
1853 2471 2049 2541 χωρεῖν

475 2557 578 2628 τὴν
609 2559 800 2627 σοφίαν
826 2558 921 2629 τὴν
952 2560 1077 2631 περὶ
1102 2560 1218 2613 τῶν
1265 2560 1622 2630 ἐπουρανίων,
1650 2559 1926 2613 ἀναϐαίνω
1956 2561 2048 2614 ἐπὶ

475 2648 543 2699 τὰ
563 2648 806 2718 οὐράνια,
865 2648 943 2711 ὡς
984 2648 1190 2716 Μωσῆς
1246 2646 1583 2717 ἀναϐέϐηκεν
1631 2648 1726 2700 ἐπὶ
1756 2648 1854 2719 τὴν
1882 2666 2046 2720 κοριο-

478 2737 585 2808 φὴν
612 2738 706 2791 τοῦ
740 2738 920 2811 ὅρους,
955 2738 1041 2792 ἵνα
1065 2738 1305 2808 άκουστὴ
1331 2738 1552 2808 γένηται
1573 2738 1723 2808 αὐτῷ
1744 2741 1776 2809 ἡ
1805 2739 1956 2810 φωνὴ
1981 2741 2047 2792 ἐκ

476 2829 570 2882 τοῦ
621 2828 873 2900 οὐρανοῦ,
923 2828 1069 2884 κατὰ
1093 2829 1154 2882 τὸ
1185 2829 1585 2900 γεγραμμένον.
1646 2829 1881 2901 Ἔμελλε
1938 2831 2047 2902 γάρ

475 2918 817 2972 διδάσκεσθαι
851 2918 1103 2991 λατρείας
1164 2917 1537 2989 ὲπουρανίους⁸
1592 2920 1751 2975 σκιάν
1790 2922 1899 2992 γὰρ
1954 2922 2048 2975 καὶ

474 3008 778 3081 ὑπόδειγμα
838 3010 1174 3081 ἐπουρανίων
1229 3009 1540 3082 μυστηρίων
1590 3013 1647 3065 ὲν
1692 3015 1803 3075 τοῖς
1859 3013 2047 3083 νόμοις

474 3103 599 3195 τοῖς-
623 3102 1125 3195 ἀναγεγραμμένοις
1167 3103 1440 3157 ἐδίδασκεν
1492 3104 1568 3174 (7)
1700 3105 2041 3171 Ἀπόστολος,
2070 3134 2115 3195 c

475 3190 662 3245 εἰπών·
722 3194 955 3257 Οἴτινες
981 3194 1364 3263 ὑποδείγματι
1396 3196 1492 3249 καὶ
1520 3194 1664 3263 σκιᾷ
1684 3199 2043 3264 λατρεύουσι

471 3281 592 3335 τῶν
621 3283 1014 3351 ἐπουρανίων.
1048 3284 1257 3355 ’Ὥσπερ
1305 3279 1398 3337 οὖν
1442 3284 1652 3355 μέλλων
1696 3285 2042 3340 διδάσκεσθαι

473 3376 604 3447 περὶ
629 3375 738 3429 τῶν
766 3377 1103 3448 ἀπουρανίων
1152 3375 1446 3442 ἀναϐαίνω,
1497 3376 1686 3441 οὕτως,
1736 3378 1830 3432 ὲάν
1884 3378 2043 3450 χρεία

477 3484 568 3536 μοι
663 3465 953 3536 μανθάνειν
979 3467 1107 3538 περὶ
1138 3465 1246 3519 τῶν
1275 3466 1666 3538 καταχθονίων,
1701 3467 1802 3521 κᾶν
1830 3468 2043 3538 προρήο

471 3567 571 3623 της
600 3556 861 3625 γένωμαι,
895 3555 1224 3608 καταϐαίνω.
1283 3556 1391 3609 Καὶ
1420 3556 1560 3626 τάχα
1594 3555 1683 3609 διά
1739 3555 1897 3609 τοῦτο
1941 3558 2063 3622 Σαε

476 3644 670 3718 μουὴλ,
720 3646 878 3717 ἡνίκα
929 3645 1179 3717 ἐδιδάχθη
1210 3646 1281 3699 τὰ
1314 3644 1663 3716 καταχθόνια,
1697 3646 2040 3717 καταϐέϐηκε

473 3734 643 3801 κάτω,
673 3725 769 3791 καὶ
803 3738 1023 3807 γέγονεν
1061 3733 1132 3792 ἐν’
1160 3737 1308 3809 ᾅδου,
1343 3738 1404 3791 οὐ
1451 3738 1802 3809 δικαζόμενος
1861 3740 1947 3793 ἵνα
1981 3742 2041 3795 ἐν

473 3826 599 3895 ᾅδου
634 3827 875 3897 γένηται,
908 3827 1020 3881 ἀλλ’
1048 3828 1134 3881 ἵνα
1164 3827 1385 3899 γένηται
1418 3829 1763 3893 κατάσκοπος
1791 3830 1884 3883 καὶ
1908 3828 2041 3883 θεω-

477 3918 645 3988 ρητὴς
697 3918 806 3973 τῶν
859 3917 1168 3990 μυστηρίων
1221 3917 1329 3970 τῶν
1361 3918 1750 3990 καταχθονίων.
1805 3921 2039 3974 Δύναται

471 4009 696 4064 τοιαῦτα
726 4006 866 4065 εἶναι
913 4011 1006 4064 καὶ
1036 4009 1107 4064 τὰ
1129 4009 1280 4080 παρά
1335 4008 1415 4080 τῷ
1458 4010 1763 4078 Ἀποστόλφ
1786 4013 1913 4085 περὶ
1940 4014 2039 4084 τῆς

475 4099 665 4167 σοφίας
690 4099 957 4171 λεγόμενα
1012 4099 1450 4170 διαστελλόμενα,
1507 4099 1585 4169 τῷ
1638 4101 1840 4170 γνῶναι
1867 4102 1924 4155 τί
1971 4102 2037 4156 τὸ

471 4190 720 4257 πλάτος,
750 4192 845 4243 καὶ
865 4189 1084 4260 μῆκος,
1119 4188 1217 4244 καί
1246 4188 1456 4255 βάθος,
1510 4190 1608 4244 καὶ
1662 4190 1838 4259 ὕψος.
1889 4192 2036 4246 Μέλ-

472 4275 582 4339 λεις
611 4276 685 4348 (8)
725 4276 1012 4345 γινώσκειν
1043 4276 1214 4347 ὓψοςς
1241 4276 1551 4342 ἀναϐαίνεις
1576 4278 1654 4350 τῷ
1680 4278 1823 4350 λόγῳ
1853 4281 1947 4334 ἐπὶ
1976 4281 2038 4335 τὸ

472 4364 620 4434 ὕψος.
652 4367 881 4431 Μέλλεις
922 4367 1210 4437 γινώσκειν
1236 4366 1305 4421 τά
1354 4368 1557 4439 μεταξὺ
1590 4370 1683 4424 τοῦ
1742 4370 1908 4441 ὕψους
1938 4373 2033 4426 καὶ

2144 566 2315 638 Moysi
2351 564 2552 620 dicitur
2573 564 2619 595 ⁷⁵
2645 578 2663 614 :
2684 561 2916 615 Ascende
2950 560 3004 612 in
3030 570 3277 623 montem,
3301 567 3350 611 et
3378 557 3524 611 audi.
3555 556 3710 613 Jere-

2144 658 2268 713 mite
2299 657 2543 711 dicitur:
2579 653 2844 708 Descende
2893 653 2945 705 in
2993 654 3207 703 domum
3253 647 3435 719 ﬁguti,
3484 657 3534 701 et
3559 651 3707 701 audi.

2147 749 2352 803 Eorum
2380 749 2525 802 enim
2555 745 2939 813 unusquisque
2960 742 3055 812 qui
3083 743 3302 796 verbum
3349 741 3594 802 audiunt,
3623 740 3709 793 vc!

2143 856 2206 896 ea
2237 856 2359 911 qme
2381 855 2568 909 supra,
2602 838 2684 891 vel
2716 852 2780 891 ea
2812 850 2935 905 qua:
2982 833 3236 888 deorsum
3257 841 3406 896 sunt,
3454 832 3707 887 edocetur

2144 942 2199 987 et
2224 931 2407 987 discit.
2453 931 2589 984 Cum
2639 929 2828 989 doceo,
2866 939 3116 980 sermone
3150 924 3442 991 descendo,
3475 932 3534 979 ut
3571 923 3708 979 infe-

2145 1022 2295 1076 riora
2324 1021 2576 1085 videam;
2625 1018 2670 1073 si
2711 1025 2889 1072 autem
2936 1015 3218 1084 superiora
3256 1016 3429 1082 disco,
3474 1015 3711 1071 ascendo

2147 1126 2401 1167 sermone
2432 1111 2497 1165 ad
2543 1110 2853 1179 superiora,
2888 1119 2946 1163 ut
2979 1124 3100 1179 quae
3145 1109 3267 1163 istic
3309 1116 3436 1162 sunt
3474 1107 3705 1161 videam.

2149 1202 2220 1258 Ut
2249 1210 2430 1258 autem
2465 1216 2657 1256 omnes
2688 1215 2786 1270 pro
2817 1217 2918 1256 suo
2954 1202 3186 1271 quisque
3212 1207 3371 1269 captu
3416 1214 3710 1266 assequar:-

2148 1301 2237 1345 tur
2270 1291 2323 1345 id
2346 1291 2491 1361 quod
2520 1291 2745 1351 dicitur,
2796 1299 2920 1344 utar
2957 1304 3175 1359 quoque
3210 1290 3458 1358 exemplo
3501 1303 3532 1342 c
3561 1287 3710 1341 Scri-

2147 1390 2302 1449 ptura
2335 1380 2521 1450 petito,
2551 1390 2603 1433 et
2638 1387 2832 1448 praeter
2859 1378 3164 1446 exemplum
3214 1379 3367 1443 illud,
3394 1376 3711 1447 explicatio-

2148 1485 2269 1523 nem
2316 1468 2660 1524 convenienti
2711 1464 3145 1536 interpretationi
3206 1465 3456 1545 idoneam
3513 1477 3713 1533 propo-

2146 1575 2270 1613 nam
2301 1559 2368 1614 7‘.
2403 1558 2471 1613 In
2503 1559 2709 1612 nomine
2749 1557 2878 1612 Iesu
2924 1574 3075 1612 omne
3113 1573 3245 1628 genu
3282 1557 3520 1625 ﬂectetur
3560 1555 3715 1609 cccle—

2143 1652 2340 1716 stium,
2381 1650 2708 1704 terrestrium
2755 1659 2806 1703 et
2856 1650 3215 1719 infernarum,
3245 1656 3303 1701 et:
3321 1648 3488 1701 annuis
3528 1646 3712 1716 lingua

2146 1740 2499 1809 conﬁtebitur,
2550 1742 2677 1808 quia
2723 1739 2979 1793 Dominus
2998 1737 3154 1791 Iesus
3185 1724 3425 1792 Christus
3460 1739 3514 1790 in
3540 1735 3712 1807 gloria

2145 1841 2222 1886 est
2253 1831 2347 1884 Dei
2374 1830 2575 1885 Patris.
2614 1835 2797 1883 Amen.
2832 1829 2905 1881 De
2931 1830 3077 1885 hisee
3106 1829 3335 1897 singulis
3358 1828 3603 1898 quendam
3627 1837 3714 1883 est

2147 1923 2433 1993 sapientia,
2472 1921 2739 1991 sapientia
2768 1922 2835 1975 de
2868 1922 3207 1985 cmlestibus,
3235 1937 3342 1992 qua
3383 1920 3592 1983 ratione
3624 1936 3711 1975 res

2146 2014 2396 2068 calestes
2431 2012 2697 2067 ordinatae
2734 2010 2876 2074 sint;
2908 2011 3175 2079 sapientia
3203 2011 3271 2065 de
3306 2011 3556 2077 infernis,
3584 2025 3710 2065 cum

2146 2104 2312 2159 etiam
2340 2102 2433 2157 Dei
2467 2102 2734 2172 sapientia
2770 2101 2927 2156 circa
2943 2101 3351 2170 dispositionem
3381 2118 3560 2156 rerum
3590 2118 3714 2172 quas

2148 2195 2254 2250 sub
2292 2203 2438 2249 terra
2466 2202 2621 2258 sunt,
2654 2191 2906 2248 similiter
2937 2201 2993 2247 et
3021 2192 3166 2247 circa
3207 2207 3295 2247 res
3325 2201 3565 2248 terrenas
3588 2209 3711 2253 ver.-

2149 2295 2320 2341 setur.
2369 2284 2428 2339 Si
2478 2284 2798 2354 sapientiam
2844 2282 2912 2338 de
2957 2283 3273 2339 ctelestibus
3317 2293 3713 2341 consecuturus

2148 2389 2292 2441 sum,
2326 2374 2566 2432 ascendo
2604 2375 2674 2429 ad
2708 2373 2971 2438 coelestia,
3009 2373 3472 2442 quemadmodum
3501 2373 3714 2445 Moyses

2149 2465 2204 2520 in
2237 2465 2497 2521 verticem
2534 2465 2740 2520 montis
2784 2465 3050 2530 ascendit,
3102 2475 3161 2521 ut
3208 2481 3395 2521 vocem
3444 2467 3655 2521 audiret
3681 2482 3713 2520 e

2147 2557 2310 2623 oculo,
2339 2557 2498 2612 sicuti
2529 2556 2792 2625 scriptum
2819 2566 2905 2627 est
2918 2557 2987 2608 '".
3022 2557 3308 2612 Coelestem
3336 2559 3480 2610 enim
3506 2558 3713 2612 cultum

2146 2657 2265 2704 erat
2303 2647 2653 2703 edocendus:
2692 2647 2938 2701 umbram
2971 2648 3115 2701 enim
3152 2657 3206 2701 et
3233 2647 3510 2717 exemplar
3541 2649 3708 2702 cmic-

2147 2739 2314 2794 stium
2345 2737 2724 2808 mysteriorum
2750 2736 2814 2791 in
2846 2737 3052 2807 legibus
3075 2736 3293 2805 scriptis
3323 2738 3593 2792 coxttineri
3620 2737 3714 2791 do-

2146 2830 2260 2887 cuit
2280 2830 2592 2899 Apostolus,
2634 2829 2820 2884 dicens
2845 2828 2929 2879 7':
2963 2829 3068 2893 Qui
3099 2829 3389 2898 exemplari
3426 2840 3476 2884 et
3514 2829 3711 2884 ambul:

2145 2923 2441 2977 deserviunt
2458 2921 2762 2976 cclestium.
2787 2919 3251 2986 Quemadmodum
3277 2920 3440 2990 igitur
3469 2923 3710 2978 ccelcstia

2144 3011 2455 3069 educandus
2469 3012 2724 3077 ascendo,
2744 3010 2838 3075 ita,
2860 3009 3021 3083 2‘3
3039 3011 3081 3064 si
3113 3025 3252 3079 opus
3273 3011 3344 3066 sit
3383 3012 3591 3068 inferna
3627 3032 3711 3068 uu-

2145 3104 2443 3168 addiscere,
2466 3103 2572 3158 sim
2600 3102 2731 3158 licet
2748 3102 3028 3171 propheta,
3053 3101 3340 3158 descendo.
3369 3102 3433 3157 Et
3463 3103 3713 3161 [ortassEs

2147 3192 2273 3248 ideo
2299 3192 2519 3247 Samuel
2542 3207 2667 3247 cum
2703 3194 3055 3247 subterranea
3080 3191 3306 3247 edoctus
3333 3194 3455 3257 fuit,
3483 3197 3709 3250 descew

2146 3282 2225 3338 dit
2257 3283 2548 3348 deorsum,
2589 3293 2646 3338 et
2686 3282 2787 3337 fuit
2825 3283 2879 3337 in
2922 3281 3163 3346 inferno,
3211 3299 3337 3339 non.
3361 3286 3413 3338 in
3445 3287 3709 3356 judieium

2148 3383 2372 3429 vocatus
2408 3388 2469 3430 ut
2502 3386 2745 3430 ruaneret
2778 3375 2831 3428 in
2859 3373 3092 3440 inferno,
3119 3376 3210 3430 sed
3242 3386 3300 3430 ut
3323 3380 3707 3450 mysteriorum

2148 3464 2299 3518 lieret
2326 3463 2660 3518 inferuerunt
2691 3463 2966 3534 inspector
2992 3474 3047 3521 et
3075 3468 3489 3535 contemplator.
3521 3470 3711 3524 Istius-

2147 3557 2292 3610 modi
2345 3556 2511 3610 etiam
2570 3571 2692 3612 esse
2733 3564 2967 3625 possunt
3012 3573 3135 3627 qua:
3197 3558 3473 3626 sapientiae
3523 3561 3712 3614 tribuit

2147 3645 2458 3715 Apostolus,
2496 3656 2554 3700 ut
2603 3661 2796 3715 nempe
2826 3646 2947 3715 ejus
2979 3663 3080 3717 ope
3109 3659 3468 3720 cognoscatur
3495 3666 3613 3719 qua:
3641 3656 3709 3703 sit

2145 3739 2394 3803 latitudo,
2417 3750 2465 3794 et
2486 3738 2782 3809 longitudo,
2803 3752 2854 3797 et
2874 3739 3216 3808 profundum,
3245 3750 3293 3793 et
3319 3740 3616 3795 sublimitas
3639 3743 3705 3795 ⁷³³.

2147 3831 2200 3886 Si
2253 3848 2415 3888 nosse
2460 3832 2543 3887 vis
2599 3830 2991 3885 sublimitatem
3020 3871 3040 3895 ,
3086 3831 3342 3885 ascendis
3391 3831 3601 3886 ratione
3640 3836 3705 3888 ad

2144 3924 2554 3979 sublimitatem.
2589 3921 2647 3975 Si
2674 3935 2837 3975 nosse
2863 3921 2944 3975 vis
2973 3935 3045 3974 ea
3063 3935 3185 3989 qua:
3224 3919 3364 3975 inter
3397 3922 3706 3978 sublimita-

2143 4024 2250 4069 tem
2291 4030 2356 4070 ac
2384 4012 2713 4082 profundum
2746 4019 2875 4066 sunt
2903 4011 3107 4074 media,
3137 4015 3424 4082 cognoscis
3460 4016 3705 4070 latitudi-

2146 4120 2268 4159 nem
2295 4120 2360 4159 ac
2390 4103 2807 4171 longitudinem.
2847 4101 3105 4168 Quolibet
3131 4104 3385 4173 pertingit
3421 4120 3451 4159 a
3480 4105 3708 4160 docente

2147 4195 2331 4248 omnia
2378 4192 2546 4247 verbo
2592 4192 2798 4246 directa
2844 4207 3009 4247 mens.
3051 4193 3175 4261 ejus
3221 4193 3312 4262 qui
3373 4196 3525 4263 sequi
3566 4199 3708 4250 valet

2142 4285 2337 4339 Filium
2362 4284 2477 4338 Dei.
2517 4284 2775 4352 Sequitur
2815 4292 3029 4347 autem,
3058 4284 3103 4339 si
3138 4285 3342 4340 mundo
3389 4288 3706 4343 rennutians

2143 4377 2298 4431 tollat
2326 4390 2591 4440 crucem;.
2620 4374 2702 4429 sic
2737 4375 2882 4429 enim
2925 4375 3077 4444 sequi
3101 4373 3288 4431 Jesum
3319 4378 3460 4433 valet
3499 4379 3595 4448 (ιυὶ
3629 4379 3707 4432 di-

470 4456 561 4509 τοῦ
593 4457 824 4526 βάθους;
855 4457 1140 4527 γινώσκεις
1163 4460 1223 4514 τὸ
1243 4460 1443 4526 πλάτος
1465 4463 1557 4515 καὶ
1576 4462 1638 4515 τὸ
1675 4461 1869 4534 μῆκος.
1901 4464 2037 4519 Παν-
2069 4482 2112 4538 ο

2069 4482 2112 4538 ο
2140 4483 2264 4524 cere
2301 4467 2473 4538 possit
2495 4467 2540 4499 '°
2567 4485 2586 4520 ε.
2618 4465 2756 4520 Mihi
2795 4466 3020 4519 mundus
3054 4468 3342 4537 cruciﬁxus
3372 4477 3471 4533 est,
3519 4478 3568 4522 et
3611 4487 3704 4541 ego

469 4547 631 4617 ταχοῦ
659 4548 846 4616 φθάνει
871 4549 979 4602 ἀπὸ
1007 4548 1101 4603 τοῦ
1136 4549 1291 4618 λόγου
1320 4552 1682 4624 ὀδηγούμενος
1718 4554 1795 4623 (9)
1824 4552 1919 4608 τοῦ
1954 4555 2034 4609 δι-

468 4636 757 4704 δάσκοντος
786 4641 913 4712 περὶ
947 4640 1162 4695 πάντων
1193 4646 1222 4696 ὁ
1245 4644 1539 4715 δυνάμενος
1568 4644 1878 4699 ἀκολουθεῖν
1910 4646 2033 4710 νοῦς

465 4727 545 4797 τῷ
589 4729 702 4799 Υίῷ
735 4730 827 4783 τοῦ
858 4729 1014 4786 Θεοῦ.
1062 4732 1368 4786 Ἀκολουθεί
1415 4733 1472 4788 δὲ
1520 4735 1929 4807 ἀποταξάμενος
1956 4736 2033 4808 τῷ

470 4821 678 4890 κόσμῳ,
705 4822 801 4874 καὶ
832 4823 1001 4893 αἴρων
1051 4823 1141 4877 τὸν
1186 4826 1436 4896 σταυρόν·
1486 4824 1630 4881 οὕτω
1668 4828 1778 4897 γὰρ
1814 4827 2033 4882 δύναται

468 4907 777 4962 ἀκολουθεῖν
833 4910 910 4982 τῷ
958 4911 1131 4983 Ἰησοῦ
1203 4913 1233 4963 ὁ
1286 4914 1581 4984 δυνάμενος
1632 4917 1825 4969 εἰπεῖν·
1878 4918 2031 4987 Ἐμοί

468 5000 695 5066 κόσμος
720 5000 1106 5070 ἐσταύρωται,
1140 5003 1301 5072 κάγὼ
1326 5007 1548 5073 κόσμῳ.
1582 5006 1729 5061 Ἔδει
1778 5024 2033 5078 παραμυ-

468 5086 732 5175 θήσασθαι
788 5092 869 5177 τό·
901 5091 1196 5162 Κατάϐηθι
1229 5095 1317 5160 είς
1373 5092 1540 5150 οἷκον
1576 5097 1681 5152 τοῦ
1715 5099 2030 5168 κεραμέως,

569 5212 612 5282 7⁸
652 5213 822 5268 Exod.
864 5230 1013 5282 xxrv,
1052 5215 1138 5271 12.

468 5278 513 5310 ‘°
536 5280 708 5336 Galat.
727 5299 802 5350 vr,
819 5284 904 5338 14.

407 5420 420 5457 i
534 5398 611 5478 (ξ)
651 5400 831 5478 ροιίοι
868 5401 1181 5478 Yatieauus.
1215 5406 1502 5478 Κατάϐηθι
1533 5410 1614 5473 είς
1638 5408 1729 5463 τὸν
1758 5406 1921 5468 οἷκον.

539 5470 615 5542 (ἓ)
653 5470 837 5542 Codex
869 5473 1122 5542 δοθεῖσι,
1168 5475 1359 5542 λόγων.

655 5540 837 5616 pedes
881 5540 1191 5616 Vaticanus.
1233 5538 1539 5616 ἀνωτέρων.

540 5607 617 5684 ί
654 5607 820 5684 lilent,
861 5612 1199 5684 κατωτέρων.

655 5677 850 5753 (index.
871 5677 1123 5743 Scorial'.,
1151 5682 1683 5753 παρακολουθήσητε.

540 5699 616 5743 ιθ)
655 5699 834 5732 boue!
871 5699 1123 5743 acarnan,
1151 5699 1227 5733 πα
1303 5699 1493 5735 κολουυ
1535 5700 1683 5753 σητε.

536 5745 614 5817 (6)
652 5746 1086 5817 Προσάγουσαι·
1112 5748 1187 5818 τῇ
1213 5699 1482 5821 situm).
1498 5701 1652 5828 lego
1673 5776 1794 5823 cum
1820 5770 2027 5831 Gltislc.

1243 5217 1290 5249 "
1329 5216 1561 5289 Philipp.
1606 5235 1668 5286 tt,
1709 5220 1799 5285 lt),
1838 5221 1928 5277 ll.
2000 5223 2045 5255 "
2084 5221 2256 5278 Exod.
2295 5238 2443 5288 xxiv,
2480 5221 2566 5276 t5.
2642 5220 2689 5253 ⁷⁸
2727 5218 2895 5275 llebr.

1477 5233 1561 5289 pp.
1606 5235 1668 5286 tt,
1709 5220 1799 5285 lt),
1838 5221 1928 5277 ll.
2000 5223 2045 5255 "
2084 5221 2256 5278 Exod.
2295 5238 2443 5288 xxiv,
2480 5221 2566 5276 t5.
2642 5220 2689 5253 ⁷⁸
2727 5218 2895 5275 llebr.
2931 5235 3050 5290 vm,
3090 5224 3143 5278 5.

2130 5622 2250 5678 rius
2283 5636 2297 5673 :
2328 5622 2376 5671 εί

2142 4557 2356 4611 mundo.
2418 4555 2849 4625 Temperandum
2906 4565 3026 4610 erat
3070 4556 3202 4610 illud
3249 4559 3407 4627 quasi
3459 4561 3703 4628 asperius

2140 4647 2385 4703 dictum:
2430 4645 2690 4700 Descende
2735 4645 2791 4698 in
2828 4645 3042 4699 domum
3088 4645 3264 4715 ﬁguli,
3305 4658 3355 4701 et
3405 4649 3479 4702 ibi
3520 4651 3702 4705 audies

2140 4736 2293 4791 verba
2335 4751 2484 4799 mea;
2530 4745 2588 4789 et
2626 4733 3021 4789 conferendum
3055 4743 3177 4790 erat
3215 4752 3338 4792 cum
3372 4740 3456 4796 bis
3486 4743 3697 4798 verbis:

2139 4828 2394 4896 Aseende,
2426 4836 2476 4879 et
2520 4828 2704 4879 audies
2760 4825 2915 4879 verba
2968 4843 3102 4880 mea.
3156 4828 3505 4893 Audiendum
3553 4838 3699 4891 enim

2139 4917 2359 4988 quidam
2404 4917 2707 4973 ascendunt
2746 4924 2804 4970 ut
2844 4916 3144 4977 doceantur
3184 4938 3198 4974 :
3236 4926 3538 4981 ascendunt
3590 4942 3699 4983 non

2138 5009 2362 5063 omnino
2417 5022 2675 5077 corpore;
2733 5007 3070 5066 descendunt
3125 5012 3294 5076 item.
3347 5017 3702 5086 animumque

2140 5099 2341 5155 habent
2361 5113 2578 5153 sursum
2601 5105 2659 5151 ut
2674 5101 3046 5166 supernamde
3066 5102 3416 5159 inferioribus
3433 5105 3698 5158 rationem

3256 5224 3300 5256 "
3324 5224 3459 5295 Eph.
3502 5239 3584 5289 Ill,
3610 5226 3695 5280 l8.

2136 5412 2219 5469 rio
2257 5431 2268 5466 :
2307 5411 2675 5482 προσᾴδουσαν
2700 5413 2764 5482 τῇ
2795 5409 3068 5482 δεδομένῃ.

2203 5465 2280 5551 (7V)
2313 5465 2495 5535 Codex
2520 5465 2771 5551 Sentior,
2801 5480 2876 5543 ὡς
2910 5465 3203 5551 iusim».

2201 5548 2279 5622 (8)
2318 5551 2500 5604 Codex
2536 5548 2779 5604 Vaticani.
2817 5551 2927 5604 Καί⁹
2962 5549 3194 5620 μέλλεις.
3230 5550 3463 5622 Legebat
3485 5551 3694 5611 Clusio.

2162 5620 2250 5676 ius
2283 5636 2297 5673 :
2328 5622 2376 5671 εί
2409 5616 2641 5682 μέλλεις.

2185 5636 2250 5675 us
2283 5636 2297 5673 :
2328 5636 2376 5671 ει
2409 5636 2641 5689 μελλεις.

2178 5690 2287 5761 .(9)
2325 5687 2465 5746 Idem
2493 5690 2556 5744 :s
2585 5688 2956 5761 διηγούμενος.
