4218 6292
563 379 663 433 471

2019 376 2343 432 ORIGENIS

3699 385 3805 439 472

557 495 740 550 ouiuis
775 494 865 548 Dei
899 493 1075 563 quoad
1110 491 1358 546 homines
1406 493 1458 547 in
1488 491 1590 549 hoe
1619 495 1821 550 mundo
1848 495 2131 566 dispensa-
2158 496 2209 554 Α

2158 496 2454 567 Ᾱποιῆσαι
2485 498 2550 552 τά
2603 498 2702 567 τῆς
2735 496 2983 568 ἀπειλῆς.
3048 499 3489 568 Ἐπαγγέλλεται,
3543 501 3704 567 ὥστε,
3753 505 3802 557 εἰ

558 586 638 640 tio
662 594 922 640 versatur.
963 581 1120 636 Prior
1140 596 1274 650 gens
1303 580 1469 638 lsrael
1493 594 1604 652 est;
1627 585 1794 642 altera
1825 597 1944 658 post
1971 586 2126 641 Chri-

557 678 626 732 sti
653 677 934 730 adventum
963 688 1095 742 gens
1125 673 1237 728 haec
1266 683 1370 729 est.
1413 673 1591 731 Priori
1630 679 1867 733 minatus
1899 686 1982 732 est
2006 693 2126 746 qua:

561 766 794 818 minatus
840 770 956 824 est,
1015 771 1069 816 et
1114 763 1324 833 impleri
1360 767 1606 822 videmus
1653 783 1775 837 quae
1802 768 1850 822 ei
1890 769 2125 822 minatus

556 864 654 908 est.
691 851 747 904 ln
783 852 1151 921 captivitatem
1185 854 1417 910 abducta
1445 865 1550 922 est,
1598 857 1728 912 urbs
1753 873 1940 912 eorum
1967 873 2124 911 ever-

554 960 635 1009 sa,
663 945 1035 998 sanctuarium
1059 945 1322 1012 dirutum,
1346 947 1518 1002 altare
1547 948 1664 1003 solo
1693 950 1967 1018 aequatum
1997 967 2008 1002 :
2043 949 2126 1002 ni-

556 1035 628 1089 hil
667 1035 1012 1105 antiquarum
1063 1037 1470 1092 solemnitatum
1519 1039 1660 1108 apud
1715 1054 1808 1093 eos
1853 1047 2121 1108 superest.

555 1125 771 1180 Dixerat
802 1127 944 1182 enim
993 1128 1084 1183 isti
1111 1128 1256 1198 genti
1288 1129 1431 1184 Deus
1464 1147 1478 1183 :
1511 1129 1891 1186 Paenitentiam
1937 1131 2116 1200 agite;

551 1228 734 1273 etnon
760 1229 987 1290 egerunt
1019 1221 1414 1289 pmnitentiam.
1454 1220 1750 1291 Postquam
1781 1221 1894 1278 huic
1923 1222 2000 1276 illi
2038 1223 2123 1277 di-

551 1319 636 1364 eta
672 1318 820 1373 sunt,
848 1310 981 1365 dicit
1010 1311 1134 1367 huic
1156 1313 1406 1368 secundae
1432 1312 1575 1384 genti
1598 1311 1741 1368 Deus
1762 1329 1886 1383 qua:
1911 1314 1976 1368 ad
2001 1313 2122 1382 ejus

550 1401 1026 1457 reaedilicationem
1077 1404 1369 1473 pertinent.
1439 1403 1544 1459 Sed
1588 1405 1710 1459 vide
1759 1404 1900 1459 haue
1954 1405 2119 1460 etiam

551 1501 762 1561 gentem
797 1492 1046 1548 homines
1079 1508 1200 1550 esse
1231 1494 1322 1564 qui
1348 1495 1544 1549 iterum
1576 1495 1680 1550 labi
1710 1496 1919 1566 possint
1951 1514 1965 1550 :
2000 1496 2121 1550 ideo

547 1584 712 1640 etiam
747 1585 872 1640 huic
917 1585 1187 1648 minatur,
1219 1594 1272 1640 et
1313 1585 1434 1641 ait:
1483 1584 1598 1641 Etsi
1640 1587 1862 1657 praedixi
1892 1603 2013 1656 quae
2051 1587 2118 1641 ad

551 1677 1085 1762 :edilicationem,’ad
1123 1678 1507 1748 plantationem
1534 1688 1696 1749 atque
1716 1677 1880 1750 266
1897 1682 1963 1734 ad
1983 1679 2120 1751 agri-

2231 584 2550 652 μεταπέσοι,
2580 585 2672 638 καὶ
2701 582 2849 648 άξιον
2909 584 2984 655 μὴ
3015 584 3224 653 γένοιτο
3270 587 3332 640 τὸ
3374 589 3625 662 δεύτερον
3655 593 3804 657 ἔθνος

2226 671 2333 723 τῶν
2365 672 2723 740 ἐπαγγελιῶν,
2755 673 2830 742 μὴ
2853 672 3135 737 τεύξεσθαι
3166 676 3366 729 αὐτῶν.
3410 679 3545 750 Περί
3571 679 3666 732 δύο
3695 680 3800 748 μά-

2226 760 2383 814 λιστα
2409 761 2576 814 ἐθνῶν
2615 762 2900 833 πρόκειται
2933 764 3080 814 πᾶσα
3127 764 3161 834 ή
3210 765 3491 836 οἰκονομία
3529 767 3624 820 τοῦ
3663 768 3797 822 Θεοῦ

2223 854 2337 915 τοῖς
2369 853 2427 904 ἐν
2461 851 2538 922 τῷ
2566 853 2756 924 κόσμῳ
2806 852 3132 922 ἀνθρώποις.
3171 855 3364 924 Γέγονε
3407 858 3622 927 πρῶτον
3649 859 3800 925 ἔθνος

2224 943 2429 1007 ἐκεῖνος
2468 944 2698 1015 Ἰσραήλ·
2729 944 2973 1017 δεύτερον
2993 946 3102 998 άπὸ
3123 947 3221 1017 τῆς
3240 949 3478 1019 Χριστοῦ
3508 950 3798 1022 ἐπιδημίας

2222 1033 2380 1087 τοῦτο
2433 1033 2493 1086 τὸ
2539 1034 2710 1099 ἔθνος.
2763 1035 2854 1106 Τῷ
2903 1037 3153 1108 προτέρῳ
3179 1040 3474 1112 ἠπείλησεν
3516 1046 3546 1097 ό
3595 1045 3726 1110 Θεὸς
3759 1046 3796 1100 ἁ

2225 1124 2507 1194 ἠπείλησε,
2543 1127 2637 1180 καὶ
2689 1126 2959 1200 βλέπομεν
3018 1130 3426 1203 πεπληρωμένα
3481 1133 3559 1204 (l)
3595 1136 3667 1190 τὰ
3695 1137 3797 1206 τῆς

2223 1215 2451 1285 ἀπειλῆς
2483 1215 2574 1269 τοῦ
2603 1217 2868 1288 προτέρου
2900 1217 3104 1282 ἔθνους.
3164 1221 3251 1273 Ἐν
3304 1223 3652 1295 αἰχμαλωσίᾳ
3701 1241 3794 1293 γε-

2222 1305 2467 1376 γένηται,
2516 1309 2833 1378 κατεσκάφη
2886 1309 3064 1364 αὐτῶν
3109 1312 3144 1381 ή
3187 1312 3361 1377 πόλις,
3405 1313 3682 1386 καθῃρέθη
3733 1317 3796 1369 τὸ

2223 1398 2490 1466 άγίασμα,
2526 1397 2587 1450 τὸ
2628 1397 3011 1470 θυσιαστήριον
3059 1402 3478 1475 καταϐέϐληται·
3536 1405 3686 1459 οὐδὲν
3715 1406 3794 1460 ἔτι

2223 1488 2456 1554 σώζεται
2488 1489 2594 1543 τῶν
2629 1489 2794 1543 πάλαι
2831 1491 3042 1561 σεμνῶν
3083 1494 3214 1564 παρ’
3233 1495 3434 1558 αὐτοῖς.
3476 1497 3666 1565 Ἔλεγε
3686 1498 3793 1568 γὰρ

2221 1581 2414 1652 ἐκείνῳ
2441 1579 2519 1651 τῷ
2550 1579 2692 1634 ἔθνει
2717 1582 2745 1633 6
2768 1582 2918 1645 Θεός·
2973 1583 3382 1655 Μετανοήσατε,
3412 1586 3507 1639 καί
3537 1587 3596 1640 οὐ
3636 1605 3794 1657 μετε-

2220 1672 2441 1743 νόησαν.
2498 1668 2654 1724 Μετὰ
2704 1669 2769 1722 τὸ
2815 1670 3044 1735 ἐκείνοις
3093 1673 3344 1744 εἰρῆσθαι
3402 1675 3594 1738 ταῦτα,
3647 1677 3794 1744 λέγει

545 1771 816 1826 culturam
870 1759 1174 1839 pertinent,
1223 1771 1485 1841 quoniam
1527 1779 1707 1826 tamen
1755 1771 1871 1826 haec
1898 1786 2118 1841 quoque
2150 1832 2186 1841 _

2150 1832 2186 1841 _
2217 1762 2392 1833 τούτῳ
2422 1761 2501 1834 τῷ
2527 1759 2763 1832 δευτέρῳ
2790 1760 2934 1816 ἔθνει
2982 1764 3011 1816 6
3044 1763 3176 1828 Θεὸς
3199 1763 3268 1818 τά
3297 1767 3427 1837 περὶ
3457 1765 3548 1818 τοῦ
3583 1767 3793 1822 ἀνοικο-

550 1875 682 1930 gens
724 1832 1012 1928 peccatura
1044 1867 1126 1915 est
1144 1832 1168 1924 ,⁷
1207 1832 1394 1915 eadem
1446 1861 1610 1914 etiam
1640 1861 1890 1915 evenient
1915 1832 1966 1915 ei
1996 1832 2118 1931 qua:
2150 1832 2189 1886 Β

2150 1832 2189 1886 Β
2217 1832 2498 1924 δομείσθαι
2523 1853 2674 1908 αὑτό.
2707 1856 2850 1926 Ὅρα
2877 1854 2954 1920 δὲ,
2987 1855 3070 1908 ὅτι
3112 1856 3206 1908 καί
3252 1832 3406 1909 τοῦτό
3428 1855 3489 1909 τὸ
3517 1856 3665 1921 ἔθνος
3694 1858 3789 1912 ἄν-

552 1948 696 2004 dicta
717 1956 876 2002 erant
916 1947 1070 2003 alteri
1101 1958 1321 2019 propter
1355 1957 1594 2019 peccata.
1628 1959 1682 2005 et
1713 1949 1933 2004 easdem
1966 1951 2118 2007 subi-

552 2041 628 2097 bit
677 2054 907 2112 pmnas,
957 2039 1060 2094 nisi
1117 2041 1285 2108 egerit
1330 2041 1726 2110 paenitentiam.
1794 2041 2117 2098 Universam

549 2137 796 2186 scrutare
845 2127 1202 2199 Scripturam,
1247 2137 1302 2182 et
1348 2129 1590 2183 invenies
1618 2130 1684 2183 de
1715 2131 1925 2186 duabus
1970 2132 2118 2187 hisee

547 2221 800 2292 gentibus
833 2221 1090 2290 pleraque
1116 2219 1244 2274 diei.
1285 2217 1457 2290 Elegit
1484 2218 1624 2274 Deus
1650 2230 1852 2290 patres,
1881 2221 2116 2291 promis-

549 2326 611 2366 sa
635 2311 742 2366 illis
770 2311 937 2377 dedit,
973 2310 1255 2380 populum,
1291 2309 1386 2380 qui
1412 2325 1442 2364 a
1471 2311 1718 2380 patribus
1741 2321 1924 2366 ortum
1953 2313 2114 2367 duce-

549 2402 644 2458 bat
669 2443 685 2467 ,
733 2401 923 2457 eduxit
967 2417 1034 2456 ex
1078 2401 1352 2472 IEgypto:
1386 2416 1482 2456 eos
1512 2411 1795 2470 peccantes
1834 2403 2112 2470 toleravit;

549 2497 711 2554 veluti
747 2505 898 2566 pater
920 2495 1139 2561 erudiit,
1164 2495 1486 2562 introduxit,
1519 2503 1719 2550 terram
1753 2494 1861 2551 illis
1883 2495 2118 2566 promis~

545 2587 718 2644 sionis
743 2586 996 2653 tradidit;
1043 2601 1137 2656 per
1161 2594 1404 2656 tempora
1447 2587 1740 2656 prophetas
1778 2587 1845 2641 ad
1886 2602 1981 2642 eos
2012 2587 2116 2642 mi-

547 2679 640 2744 sit,
675 2679 796 2732 illos
825 2677 1042 2732 edocuit
1074 2685 1129 2730 et
1159 2677 1354 2730 avertit
1381 2691 1412 2729 a
1437 2676 1708 2744 peccatis;
1749 2676 2112 2747 longanimem

547 2784 761 2839 semper
791 2783 850 2824 se
884 2766 1134 2837 praebuit,
1162 2767 1384 2820 mittens
1414 2764 1676 2826 medicos,
1701 2763 1877 2820 donec
1905 2765 2116 2820 veniret

550 2859 882 2913 medicorum
914 2854 1186 2925 princeps,
1210 2854 1488 2924 prophetis
1507 2853 1855 2908 excellentior
1881 2852 2115 2923 prophe—

548 2959 624 3012 ta,
659 2946 882 3002 medicis
913 2945 1257 3015 praestantior
1289 2942 1553 2998 medicus.
1593 2943 1768 3010 Hunc,
1796 2958 1922 2998 eum
1952 2943 2114 2998 adve-

550 3038 741 3104 nisset,
776 3036 1129 3106 prodiderunt
1148 3084 1160 3099 ,
1203 3045 1256 3090 et
1283 3035 1624 3100 occiderunt,
1655 3034 1807 3098 tolle,
1851 3034 1974 3088 tolle
2001 3035 2113 3090 ela-

549 3131 757 3179 mantes
808 3123 944 3178 hunc
983 3139 1016 3178 a
1061 3133 1203 3178 terra
1228 3140 1248 3179 :
1277 3123 1556 3194 cruci/iga,
1605 3124 1853 3195 cruciﬁge
1893 3141 2012 3178 eum
2040 3124 2106 3176 ‘9.
2132 3153 2185 3220 α

549 3214 695 3270 Illico
717 3215 934 3271 visitata
964 3223 1047 3272 est
1079 3230 1211 3286 gens
1236 3233 1250 3279 ;
1279 3217 1345 3270 ad
1377 3215 1722 3270 solitudinem
1753 3217 2004 3270 redactus
2023 3223 2111 3270 est

549 3308 701 3362 locus
735 3307 828 3362 ubi
857 3307 1006 3362 cruci
1034 3306 1227 3362 alIixus
1253 3315 1338 3362 est
1365 3304 1524 3362 Jesus
1552 3322 1721 3360 meus.
1765 3305 1940 3376 Elegit
1966 3305 2110 3362 Deus

545 3397 704 3454 aliam
735 3406 966 3469 gentem.
1009 3396 1213 3453 Videtis
1240 3413 1404 3467 quam
1436 3396 1612 3466 ampla
1645 3398 1717 3452 sit
1737 3397 1952 3466 messis,
1983 3397 2114 3456 licet

544 3489 780 3559 operarii
813 3489 921 3545 sint
951 3490 1111 3561 pauci
1140 3489 1210 3548 ’°.
1233 3489 1377 3556 Quin
1403 3500 1455 3544 et
1481 3489 1635 3544 aliter
1657 3489 1936 3560 dispensat
1968 3489 2111 3547 Deus

545 3595 832 3652 sagenam,
870 3591 930 3637 ut
955 3582 1159 3651 jugiter
1199 3581 1254 3636 in
1303 3581 1464 3652 hujus
1492 3581 1616 3637 vitae
1641 3597 1790 3636 mare
1815 3581 2059 3637 mittatur
2093 3599 2106 3636 :

545 3683 941 3744 congregantur
965 3673 1144 3729 omnis
1176 3673 1387 3742 generis
1409 3672 1784 3742 pisees,mittit
1812 3673 2110 3742 piscatores

547 3763 769 3829 multos,
804 3763 968 3818 mittit
994 3772 1310 3829 venatores;
1344 3763 1544 3818 multos
1575 3774 1840 3818 venantur
1864 3779 1928 3817 ex
1955 3763 2109 3817 omni

543 3863 752 3919 monte,
775 3865 1041 3910 venantur
1069 3870 1134 3910 ex
1161 3854 1310 3910 omni
1340 3854 1494 3909 colle.
1538 3854 1671 3909 Vide
1692 3865 1892 3925 quanta
1927 3857 1978 3910 in
2003 3857 2112 3912 sal-

542 3944 735 4000 vandis
766 3946 1014 4015 gentibus
1060 3946 1395 4014 providentia
1441 3945 1530 4000 sit.
1602 3944 1736 4001 Vide
1763 3947 1929 4018 igitur
1959 3947 2110 4003 beni-

543 4035 800 4105 gnitatem
851 4046 905 4089 et
957 4038 1301 4092 severitatem
1345 4035 1460 4092 Dei.
1517 4038 1573 4090 lu
1625 4039 1858 4108 priorem
1888 4040 2106 4110 quidem

544 4136 758 4198 gentem
793 4126 998 4196 lapsam
1025 4128 1306 4194 severitas,
1341 4127 1393 4182 in
1421 4127 1648 4184 alteram
1681 4145 1808 4184 vero
1839 4130 2106 4200 promissa

543 4228 598 4273 et
644 4219 965 4287 benignitas,
1011 4219 1308 4274 dummodo
1350 4222 1708 4290 permanserit
1742 4222 1795 4276 in
1826 4222 2066 4278 bonitate
2089 4261 2105 4287 ,

543 4307 784 4378 alioquin
811 4310 975 4365 etiam
1009 4310 1126 4379 ipsa
1154 4311 1452 4366 excidetur.
1494 4311 1679 4382 Neque
1698 4313 1842 4368 enim
1869 4323 1996 4370 tunc
2018 4329 2108 4369 so-

543 4403 655 4456 lum
691 4398 898 4454 securis
926 4399 993 4453 ad
1022 4399 1260 4455 radicem
1310 4400 1566 4456 arborum
1614 4404 1789 4472 posita
1819 4414 1936 4458 erat
1968 4423 1982 4459 :
2013 4419 2107 4474 pa-

2219 1949 2426 2020 θρωποί
2450 1949 2578 2012 εἰσι,
2608 1948 2894 2020 δυνάμενοι
2935 1948 3098 2002 πάλιν
3129 1951 3485 2020 παραπεσεῖν·
3518 1950 3604 2003 διὰ
3628 1951 3788 2004 τοῦτο

2219 2041 2312 2094 καὶ
2333 2039 2507 2111 τούτῳ
2531 2040 2764 2103 ἀπειλεῖ,
2815 2041 2906 2093 καί
2954 2057 3137 2112 φησιν·
3185 2041 3246 2094 Εἰ
3283 2042 3376 2094 καὶ
3419 2045 3677 2113 προεῖπον
3714 2043 3782 2096 τὰ

2218 2132 2463 2202 περὶτῆς
2489 2132 2798 2202 οἰκοδομῆς,
2817 2133 2912 2185 καὶ
2943 2133 3011 2187 τά
3037 2134 3164 2204 περί
3193 2133 3290 2204 τῆς
3315 2134 3784 2203 καταφυτεύσεως,

2217 2220 2434 2291 καὶτῆς
2465 2221 2763 2292 γεωργίας,
2807 2221 2990 2292 μέλλει
3045 2223 3102 2276 δέ
3148 2224 3478 2296 ἁμαρτάνειν
3509 2223 3604 2278 καὶ
3633 2223 3790 2276 τοῦτο

2215 2311 2278 2364 τὸ
2323 2311 2495 2376 ἔθνος,
2518 2313 2611 2365 καὶ
2641 2312 2815 2384 τούτῳ
2837 2314 3215 2386 ἁμαρτήσαντι
3245 2315 3577 2388 συμϐήσεται
3621 2314 3792 2368 ταῦτα

2216 2403 2360 2475 άπερ
2393 2405 2606 2477 εἴρηται
2639 2405 2866 2470 ἐκείνοις
2907 2406 2997 2460 διά
3027 2406 3095 2460 τὰ
3129 2408 3520 2481 ἁμαρτήματα,
3555 2409 3649 2460 καὶ
3670 2409 3792 2460 πεί-

2217 2512 2424 2560 σονται,
2451 2495 2546 2550 ἐὰν
2573 2495 2648 2566 μὴ
2687 2497 3081 2568 μετανοήσωσι.
3114 2498 3296 2551 Πᾶσαν
3349 2499 3638 2570 ἐρεύνησον
3687 2499 3792 2569 τὴν

2216 2583 2436 2655 Γραφὴν
2457 2623 2472 2647 ,
2507 2584 2603 2638 καὶ
2633 2584 2884 2655 εὑρήσεις
2907 2583 2974 2638 τὰ
3007 2585 3233 2639 πλεῖστα
3260 2586 3388 2658 περί
3411 2585 3519 2638 τῶν
3544 2584 3637 2639 δύο
3663 2585 3789 2640 τού·

2215 2693 2322 2728 των
2350 2677 2457 2729 τῶν
2499 2676 2667 2730 ἐθνῶν
2719 2676 3001 2748 λεγόμενα.
3078 2677 3384 2743 Ἐξελέξατο
3410 2680 3438 2732 6
3478 2677 3609 2742 Θεὸς
3661 2679 3787 2743 τοὺς

2216 2765 2478 2834 πατέρας,
2509 2764 2841 2833 ἐπαγγελίαν
2865 2764 3093 2819 δέδωκεν
3125 2766 3328 2830 αὐτοῖς·
3374 2764 3607 2838 ἐξήγαγε
3661 2765 3789 2822 λαὸν

2217 2858 2282 2910 ἐκ
2319 2855 2412 2908 τοῦ
2443 2857 2632 2924 γένους
2656 2855 2764 2909 τῶν
2791 2856 3038 2928 πατέρων
3084 2858 3192 2912 άπὸ
3223 2857 3516 2927 Αἰγύπτου·
3553 2859 3788 2929 ἐμακρο-

2215 2945 2456 3017 θύμησεν
2479 2947 2536 2998 ἐν
2583 2947 2765 3007 αὐτοῖς
2795 2946 3216 3017 ἁμαρτάνουσιν,
3245 2948 3560 3003 ἐπαίδευσεν
3589 2948 3784 3010 αὐτοὺς

2215 3036 2291 3099 ὡς
2324 3037 2526 3108 πατὴρ,
2563 3038 2859 3107 εἰσήγαγεν
2921 3037 3137 3102 αὐτοὺς,
3194 3038 3392 3092 ἔδωκεν
3439 3039 3621 3102 αὐτοῖς
3679 3037 3784 3107 γῆν

2215 3124 2563 3194 ἐπαγγελίας·
2601 3123 2843 3194 ἔπεμψεν
2872 3124 3052 3188 αὐτοῖς
3093 3125 3376 3197 προφήτας
3397 3123 3536 3179 κατὰ
3565 3124 3642 3193 (2)
3665 3140 3784 3176 και-

2217 3216 2364 3287 ρους,
2408 3216 2690 3270 ἐπαίδευσε
2743 3217 2835 3267 καὶ
2897 3213 3230 3286 ἐπέστρεψεν
3288 3216 3482 3278 αὐτοὺς
3529 3213 3638 3268 άπὸ
3674 3211 3783 3266 τῶν

2215 3304 2641 3376 ἁμαρτημάτων·
2680 3306 3135 3380 ἐμαιοροθύμησεν
3164 3303 3251 3357 ἀεὶ
3283 3303 3513 3374 πέμπων
3539 3303 3662 3364 τοὺς
3691 3301 3781 3354 θε-

2217 3397 2566 3469 ραπεύοντας,
2605 3397 2796 3469 μέχρις
2826 3393 2888 3454 οὗ
2920 3397 3048 3470 ἔλθῃ
3077 3399 3104 3450 6
3136 3396 3446 3467 ἀρχίατρος,
3469 3396 3496 3448 6
3515 3391 3782 3465 διαφέρων

2213 3488 2506 3560 προφητῶν
2557 3491 2860 3561 προφήτης,
2911 3491 2941 3544 6
2999 3487 3268 3559 διαφέρων
3322 3485 3515 3557 ἰατρῶν
3578 3483 3778 3555 ἰατρός.

2224 3581 2550 3654 Ἐληλυθότα
2600 3583 2788 3636 τοῦτον
2845 3583 3159 3655 προέδωκαν
3179 3621 3194 3645 ,
3263 3581 3357 3635 καὶ
3411 3579 3738 3634 ἀπέκτειναν
3761 3617 3777 3640 ,

2213 3668 2370 3740 Alpe,
2399 3669 2548 3742 αἶρε,
2582 3673 2853 3743 λέγοντες,
2907 3673 3023 3728 ἀπὸ
3055 3673 3164 3740 τῆς
3201 3673 3313 3742 γῆς
3351 3671 3456 3726 τόν
3492 3671 3778 3725 τοιοῦτον·

2212 3767 2565 3833 σταύρωσον
2587 3767 2790 3821 αὐτόν.
2846 3765 3061 3829 Εὐθέως
3087 3762 3249 3836 ἦλθεν
3275 3762 3548 3834 ἐπισκοπὴ
3589 3761 3680 3815 ἐπὶ
3721 3760 3782 3814 τὸ

2212 3854 2382 3920 ἔθνος·
2419 3855 2691 3929 ἠρημώθη
2717 3858 2746 3910 6
2777 3857 2940 3920 τόπος
2967 3855 3100 3910 ἔνθα
3133 3853 3471 3927 ἐσταύρωταί
3501 3871 3599 3924 μου
3622 3855 3651 3906 6
3687 3853 3784 3923 Ἰη-

2211 3947 2358 4010 σοῦς.
2405 3947 2713 4013 Ἐξελέξατο
2753 3951 2782 4002 6
2833 3948 2965 4012 Θεὸς
3025 3947 3152 4001 ἄλλο
3211 3945 3379 4008 ἔθνος.
3419 3946 3476 3998 '0
3524 3943 3782 4016 θερισμὸς

2209 4041 2372 4113 ὁρᾶτε
2406 4039 2522 4104 πῶς
2574 4040 2740 4105 πολύς
2788 4043 2956 4104 ἐστιν,
3007 4041 3056 4093 εἰ
3097 4039 3192 4094 καί
3245 4040 3294 4092 οἰ
3327 4038 3554 4108 ἐργάται
3611 4036 3782 4104 ὀλίγοι

2210 4132 2335 4185 εἰσί.
2370 4133 2480 4186 Καὶ
2507 4131 2681 4196 άλλως
2730 4133 2788 4187 δέ
2834 4134 3108 4202 οἰκονομεῖ
3149 4133 3178 4185 6
3206 4129 3338 4193 Θεὸς
3363 4128 3462 4200 τὴν
3515 4129 3779 4199 σαγήνην.

2211 4221 2297 4274 άεί
2343 4220 2630 4291 βάλλεσθαι
2663 4223 2755 4275 ἐπὶ
2781 4221 2878 4293 τὴν
2901 4220 3172 4275 θάλασσαν
3199 4219 3292 4275 τοῦ
3322 4218 3435 4290 βίου
3459 4215 3669 4270 τούτου·
3689 4217 3782 4269 καί.

2212 4313 2528 4381 συνάγονται
2557 4313 2736 4384 ἰχθύες
2759 4312 3106 4367 παντοδαποί·
3125 4310 3439 4367 ἀποστέλλει
3465 4308 3589 4370 τοὺς
3612 4308 3780 4369 ἁλιεῖς

2211 4406 2336 4468 τοὺς
2371 4405 2615 4469 πολλοὺς,
2641 4405 2959 4459 ἀποστέλλει
2999 4405 3123 4469 τοὺς
3169 4401 3450 4473 θηρευτὰς·
3495 4399 3622 4461 τοὺς
3646 4397 3776 4450 πολ-

542 4505 657 4551 rata
686 4491 984 4548 etiamnum
1028 4497 1114 4544 est
1151 4489 1336 4543 venire
1367 4492 1593 4545 securis.
1643 4497 1775 4546 Nam
1815 4496 2011 4548 securis
2037 4495 2106 4547 ad
2137 4512 2188 4572 υ

2137 4512 2188 4572 D
2214 4491 2338 4556 λοὺς
2361 4492 2680 4565 θηρεύουσιν
2712 4494 2820 4547 άπὸ
2852 4494 3052 4557 παντὸς
3089 4494 3266 4565 ὅρους,
3322 4487 3638 4562 θηρεύουσιν
3668 4487 3776 4540 ἀπὸ

548 4585 778 4642 radicem
828 4579 1075 4637 arborum
1117 4579 1291 4651 posita
1334 4591 1410 4634 est
1458 4581 1539 4646 ",
1574 4582 1751 4636 aiebat
1793 4591 1920 4636 tunc
1949 4581 2109 4639 .lesus

541 4691 720 4740 meus,
737 4675 803 4730 de
820 4673 1009 4740 Israel,
1025 4673 1166 4744 apud
1191 4686 1352 4740 quem
1378 4671 1585 4726 securis
1613 4681 1749 4737 erat,
1767 4674 2105 4731 vaticinans:

542 4769 591 4823 is
619 4765 734 4836 ipse
756 4765 968 4822 arboris
998 4765 1351 4820 infructuosae
1382 4764 1591 4819 securis
1621 4775 1772 4832 erat;
1804 4765 1934 4821 ideo
1961 4765 2102 4822 dice-

541 4855 636 4912 bat
668 4871 683 4909 :
717 4853 844 4910 1am
871 4859 1066 4910 securis
1107 4855 1175 4910 ad
1208 4856 1438 4910 radicem
1488 4856 1734 4910 arborum
1784 4859 1958 4926 posita
2005 4868 2105 4913 est.

539 4946 891 5018 Qumunque
922 4947 995 5002 ibi
1029 4948 1252 5002 arbores
1285 4947 1496 5003 fructus
1520 4964 1627 5002 nou
1655 4948 1930 5018 ferebant,
1961 4951 2108 5004 exci-

540 5054 651 5105 sae,
703 5038 758 5093 in
805 5037 985 5108 ignem
1031 5038 1242 5102 missae,
1295 5046 1346 5093 et
1374 5039 1654 5109 suppliciis
1685 5039 1913 5095 addicta:
1955 5049 2103 5095 sunt.

541 5130 697 5187 Nunc
742 5138 921 5186 autem
967 5130 1072 5185 alia
1103 5139 1222 5186 orta
1254 5141 1337 5186 est
1361 5146 1516 5202 seges
1543 5133 1710 5202 priori
1743 5149 1851 5188 non
1877 5133 2106 5189 absimi-

543 5226 631 5290 lis,
662 5226 730 5282 de
757 5239 864 5296 qua
896 5223 1101 5278 dictum
1135 5231 1219 5277 est
1241 5224 1286 5255 ⁹²
1317 5239 1330 5276 :
1359 5220 1706 5278 Introducens
1735 5223 1920 5294 planta
1942 5239 2028 5278 eos
2053 5225 2109 5278 in

542 5328 767 5374 montem
819 5316 1146 5372 haereditatis
1181 5323 1319 5378 tuae,
1371 5315 1703 5384 inparatum
1749 5315 2104 5372 habitaculum

542 5420 708 5466 tuum.
774 5407 1078 5463 Introduxit
1127 5415 1337 5476 gentem
1381 5422 1537 5464 suam
1585 5407 1724 5463 Deus
1769 5409 1822 5463 in
1867 5418 2102 5465 montem

543 5502 871 5558 haneditatis
901 5515 1034 5556 srne.
1071 5497 1306 5552 Montem
1336 5512 1436 5570 ego
1463 5512 1674 5567 quaero,
1704 5513 1810 5553 non
1849 5509 1907 5553 ut
1936 5497 2104 5554 Judaei

2215 4582 2414 4644 παντὸς
2439 4582 2647 4653 βουνοῦ.
2688 4586 2831 4654 Ὅρα
2886 4584 3028 4655 πόση
3057 4581 3333 4654 οἰκονομία
3365 4580 3491 4651 περί
3530 4577 3626 4648 τῆς
3671 4576 3778 4630 τῶν

2215 4672 2384 4726 ἐθνῶν
2409 4673 2522 4728 ἐστι
2557 4674 2845 4750 σωτηρίας.
2884 4674 2995 4729 ’1δέ
3036 4670 3128 4728 οὖν
3160 4673 3496 4745 χρηστότητα
3524 4671 3616 4724 καί⁸
3649 4671 3780 4722 ἁπο-

2215 4763 2406 4834 τομιαν
2442 4763 2598 4818 Θεοῦ·
2630 4767 2722 4820 ἐπὶ
2755 4767 2852 4838 μὲν
2904 4765 2963 4823 τὸ
2997 4766 3259 4839 πρότερον
3311 4764 3460 4827 ἔθνος
3490 4764 3584 4816 καί
3616 4759 3780 4814 πεσὸν

2215 4854 2507 4926 ἀποτομία,
2540 4856 2633 4910 ἐπὶ
2663 4856 2721 4909 δέ
2767 4857 2829 4908 τὸ
2858 4855 3106 4927 δεύτερον
3135 4856 3285 4920 ἔθνος
3318 4853 3640 4924 ἐπαγγελίαι
3686 4851 3780 4902 καὶ

2213 4945 2535 5018 χρηστότης.
2570 4946 2664 5001 ἐὰν
2699 4946 2950 5018 ὲπιμείνῃ
3005 4950 3072 5018 τῇ
3105 4945 3454 5018 χρηστότητι,
3505 4945 3552 4995 εἰ
3579 4942 3636 4995 δὲ
3681 4939 3776 5010 μὴ,

2213 5039 2307 5092 καὶ
2337 5036 2468 5090 αὐτὸ
2500 5038 2885 5110 ἐκκοπήσεται.
2921 5038 2995 5093 Ού
3030 5039 3138 5108 γὰρ
3194 5040 3227 5108 ἡ
3263 5035 3417 5106 ἀξίνη
3449 5034 3568 5088 τότε
3619 5034 3778 5104 μόνον

2213 5131 2350 5202 πρὸς
2379 5129 2476 5200 τὴν
2512 5127 2667 5201 ῥίζαν
2696 5127 2803 5182 τῶν
2833 5128 3064 5201 δένδρων
3096 5128 3291 5182 ἔκειτο·
3345 5126 3534 5198 ἐτοίμη
3562 5127 3656 5180 καὶ
3685 5125 3780 5179 νῦν

2215 5227 2375 5282 πάλιν
2408 5224 2553 5281 ἐστὶν
2591 5222 2764 5280 ἐλθεῖν
2811 5225 2845 5294 ή
2888 5224 3065 5294 ἀξίνη·
3124 5223 3187 5278 Ἠ
3243 5221 3353 5293 γάρ
3397 5220 3577 5287 ἀξίνη
3631 5217 3780 5287 πρὸς

2209 5315 2324 5383 τὴν
2345 5313 2516 5383 ῥίζαν
2564 5311 2697 5364 τῶν·
2715 5311 2977 5379 δένδρων
3003 5310 3208 5373 κεῖται,
3241 5309 3393 5378 ἔλεγε
3448 5308 3550 5378 μού
3607 5309 3636 5360 6
3679 5307 3779 5376 ’1η-

2212 5407 2364 5470 σοῦς,
2391 5404 2511 5460 τότε
2540 5403 2894 5479 προφητεύων
2917 5403 3043 5475 περί
3070 5403 3163 5455 τοῦ
3229 5400 3466 5471 Ἰσραὴλ,
3495 5398 3624 5470 παρ’
3646 5397 3705 5455 ὃν
3747 5398 3782 5467 ἡ

2213 5499 2368 5569 ἀξίνη
2399 5493 2487 5570 ἧνο
2524 5497 2694 5559 Αὐτὸς
2746 5491 2815 5566 ἦν
2856 5499 2889 5566 ἡ
2920 5495 3074 5566 ἀξίνη
3121 5493 3214 5547 τοῦ
3249 5495 3495 5564 ἀκάρπου
3543 5492 3779 5562 δένῗροτ»,

606 5640 649 5668 ⁸⁹
669 5637 825 5692 Joan.
859 5654 972 5704 χιι,
1002 5636 1035 5690 6
1061 5644 1114 5690 et
1135 5635 1216 5689 l5.
1292 5635 1340 5666 ”
1364 5634 1556 5690 Ma'th.
1591 5652 1665 5704 ιχ,
1690 5637 1778 5692 57.
1853 5639 1895 5670 ἰ
1923 5636 2111 5696 Matth.
2138 5655 2221 5705 ιιι,
2252 5637 2270 5691 l

1651 5678 1665 5704 ,
1690 5637 1778 5692 37.
1853 5639 1895 5670 ἰ
1923 5636 2111 5696 Matth.
2138 5655 2221 5705 ιιι,
2252 5635 2350 5702 ιο;
2411 5634 2543 5690 Luc.
2575 5651 2655 5698 ιιι,
2685 5635 2738 5689 9.
2815 5635 2861 5665 "
2903 5634 3072 5688 Exod.
3101 5648 3188 5697 xv,
3235 5633 3315 5687 l7.

608 5779 1168 5848 (,1)[tenerume-ru.
1209 5779 1367 5835 Deest
1425 5777 1476 5832 in
1510 5778 1694 5834 codice
1744 5777 2026 5834 Vaticano.
2101 5833 2107 5838 .

2287 5777 2365 5846 (“2)
2387 5774 2565 5832 Codex
2601 5771 2855 5838 Scorial.,
2884 5772 3054 5842 παρά.
