4218 6292
494 394 601 448 έῖῐὶ

1953 400 2274 460 ORIGENIS

496 524 619 562 nem
656 506 857 565 habent
889 511 1199 581 Scripturm,
1232 528 1404 584 neque
1424 516 1545 586 ejus
1572 517 1714 573 circa
1744 533 1833 574 res
1861 518 2055 573 buma-
2082 523 2128 578 Α
2155 524 2162 564 ⁴

2082 523 2128 578 Α
2155 516 2285 581 Θεὸς
2312 518 2388 581 ὡς
2409 516 2711 588 ἄνθρωπος,
2746 511 3079 585 φασκούσης,
3118 515 3235 568 ’Ότι
3283 513 3607 569 ἐπαιδευσέ
3648 531 3723 569 σε

496 598 595 653 nas
646 602 1038 669 providentiam
1093 611 1355 672 tangunt,
1401 608 1555 661 aiunt
1586 608 1759 677 ipsum
1790 624 1912 664 esse
1946 624 2054 664 non

492 691 636 745 sicut
659 691 929 745 hominem
966 709 980 745 :
1017 708 1139 746 nam
1170 698 1554 765 magnitudinis
1603 700 1717 769 ejus
1749 717 1853 754 non
1881 710 1956 755 est
1989 701 2057 770 ﬁ-

493 782 576 833 nis
601 781 616 812 '
640 796 658 846 ;
688 790 741 834 cl
768 798 781 833 :
816 779 1086 837 Terribilis
1101 794 1177 837 est
1197 803 1354 854 super
1375 805 1552 842 omnes
1582 790 1705 844 deos
1730 792 1749 822 ²
1766 809 1785 853 ,'
1809 806 1862 846 et
1880 807 1893 843 :
1911 788 2056 844 Lau-

490 871 614 923 dnte
653 887 793 935 eum,
839 888 1014 926 omnes
1067 876 1239 937 angeli
1270 875 1435 948 248
1486 879 1615 942 Dei;
1663 878 1876 934 laudate
1915 896 2052 943 eum,

488 978 663 1016 omnes
703 965 921 1018 virtutes
951 966 1098 1034 ejus;
1142 968 1355 1023 laudate
1400 988 1551 1035 cum,
1586 973 1733 1027 solet
1758 972 2057 1039 lttna;latt-

486 1052 608 1104 date
636 1067 778 1118 eum,
804 1069 981 1107 omnes
1009 1056 1177 1110 stella:
1198 1068 1246 1110 et
1277 1058 1448 1112 lumen
1480 1061 1528 1122 ³.
1558 1072 1920 1133 sexcentaque
1949 1064 2054 1119 alia

486 1140 749 1212 colligens
777 1158 809 1196 e
842 1145 1014 1200 sacris
1050 1146 1267 1214 litteris,
1322 1150 1559 1219 reperies
1611 1154 1808 1221 quibus
1838 1168 2057 1210 accom-

486 1234 679 1289 modes
731 1234 862 1289 illud
894 1253 909 1290 :
945 1236 1066 1291 Non
1098 1241 1234 1292 sicut
1272 1240 1425 1295 homo
1456 1242 1618 1297 Deus.
1667 1242 1897 1310 Quando
1927 1261 2056 1302 vero

487 1324 671 1379 divina
710 1327 1048 1394 providentia
1099 1331 1264 1385 rebus
1301 1332 1556 1389 humanis
1589 1349 1711 1390 sese
1761 1335 2053 1403 immiscet,

488 1414 787 1472 humanum
817 1435 1061 1485 sensum,
1096 1433 1150 1477 et
1175 1438 1376 1490 mores,
1400 1433 1453 1478 et
1478 1426 1642 1480 verba
1673 1438 1918 1497 usurpat.
1987 1428 2056 1484 Et

487 1509 953 1575 quemadmodum
1002 1528 1122 1578 nos,
1169 1516 1215 1568 si
1264 1530 1490 1583 puerum
1528 1516 1792 1572 bimulum
1825 1520 2055 1590 alloqui-

486 1616 632 1668 ntur,
670 1614 892 1674 propter
922 1607 1097 1676 ipsum
1147 1609 1513 1678 halbntimus;
1565 1629 1741 1682 neque
1769 1614 1912 1669 enim
1942 1614 2056 1669 ﬂeri

490 1703 689 1761 potest,
719 1704 797 1762 ut,
826 1712 950 1751 cum
984 1714 1180 1768 pueros
1209 1701 1557 1769 alloquimur,
1604 1703 1706 1773 ipsi
1735 1718 1835 1757 nos
1857 1704 2057 1759 intelli-

491 1793 644 1851 gant,
675 1787 780 1841 nisi
812 1789 880 1841 ab
903 1790 1078 1845 anatis
1109 1791 1327 1859 perfecti
1354 1793 1453 1847 viri
1486 1794 1744 1864 dignitate
1777 1795 2053 1864 paululum

493 1878 807 1947 recedentes
829 1881 896 1934 ad
923 1881 1165 1950 ipsormn
1203 1884 1489 1939 dialectum
1536 1901 1634 1941 nos
1671 1886 2053 1956 demittamne;

486 1967 561 2020 ita
588 1969 768 2022 simile
800 1971 1078 2040 quidpiam
1127 1973 1195 2027 de
1218 1972 1325 2029 Deo
1349 1974 1507 2029 velim
1538 1977 1743 2046 cogites
1764 2016 1777 2036 .
1810 1993 1934 2032 cum
1961 1994 2057 2048 ge-

487 2073 595 2113 nus
623 2061 906 2115 hominum
939 2071 991 2116 et
1019 2064 1289 2133 praecipue
1325 2066 1505 2120 adhuc.
1538 2065 1829 2121 infantium
1880 2069 2056 2123 admi-

487 2149 699 2204 nistrat.
753 2149 884 2204 Vide
909 2153 1186 2221 quomodo
1231 2170 1329 2208 nos
1354 2154 1588 2224 perfecta
1622 2166 1779 2211 aetate
1807 2157 1904 2211 viri
1935 2173 2059 2227 par-

484 2242 641 2296 \nlos
669 2244 1006 2312 alloquentes
1028 2246 1189 2302 etiam
1214 2248 1435 2303 nomina
1458 2249 1828 2306 immutemus.
1853 2250 2053 2305 Panem

482 2343 629 2389 certe
672 2337 889 2404 proprio
926 2337 1060 2408 ipsis
1106 2342 1328 2396 nomine
1367 2343 1726 2412 exprimimus
1776 2353 1830 2399 et.
1862 2355 2052 2414 potum

482 2425 591 2478 alio
638 2428 923 2495 vocabulo,
968 2445 1076 2484 non
1124 2431 1216 2485 ilio
1268 2432 1485 2502 quidem
1530 2451 1641 2504 quo
1689 2438 1896 2491 utimur
1927 2453 2051 2492 cum

483 2515 754 2584 perfectos
783 2520 930 2575 viros
959 2531 1266 2579 coaetaneos
1295 2534 1515 2582 nostros
1546 2529 1877 2599 alloquimur
1895 2570 1910 2593 ,
1955 2531 2051 2586 sed

482 2607 675 2673 puerili
708 2617 765 2662 et
788 2608 1043 2667 infantili.
1085 2612 1218 2669 item
1248 2631 1371 2671 cum
1408 2617 1724 2674 indumenta
1757 2621 1940 2690 pueris
1958 2636 2055 2675 no-

483 2695 786 2765 minamus,
814 2701 919 2756 alia
948 2703 1029 2757 eis
1064 2706 1290 2760 nomina
1322 2706 1654 2777 imponimus
1684 2728 1696 2763 :
1733 2711 1888 2781 quasi
1917 2726 2050 2782 pue-

476 2786 576 2841 rile
605 2803 803 2844 nomen
837 2791 1120 2862 ﬁngentes.
1186 2795 1401 2864 Ergone
1449 2806 1580 2853 tunc
1624 2800 1922 2871 imperfecti
1957 2819 2051 2858 su~

479 2895 626 2946 mus,
674 2890 729 2936 et
771 2881 819 2937 si
861 2884 988 2953 quis
1017 2901 1117 2941 nos
1142 2889 1375 2944 audierit
1411 2906 1535 2946 cum
1567 2894 1751 2962 pueris
1777 2894 2052 2952 disseren-

476 2979 558 3023 tes
578 3007 593 3031 ,
644 2970 817 3037 dicet,
871 2988 1035 3030 senex
1066 2976 1155 3032 hic
1183 2979 1324 3033 male
1367 2994 1538 3037 sanus
1569 2990 1676 3048 est,
1705 2984 1796 3040 hic
1827 2985 1913 3040 vir
1938 3002 2051 3043 suae

479 3058 659 3114 barba:
687 3061 890 3119 oblitus
926 3075 1012 3120 est
1054 3067 1337 3140 virilisque
1377 3073 1590 3129 aetatis?
1637 3076 1685 3130 si
1730 3079 2049 3133 conceditur

2155 609 2370 676 Κύριος
2397 611 2430 662 ό
2460 609 2603 673 Θεός
2624 620 2762 671 σου,
2788 608 2867 672 ὡς
2885 606 2943 660 ει
2963 623 3052 671 τις
3072 604 3391 661 παιδεῦσαι
3413 605 3726 674 ἄνθρωπος

2154 698 2263 751 τὸν
2298 701 2431 752 υἱὸν
2458 698 2666 753 αὐτοῦ.
2710 698 2819 752 Καὶ
2865 696 3048 760 πάλιν,
3122 697 3603 765 Ἐτρυποςρόρησέ
3647 711 3727 752 σε

2153 789 2237 855 ὠς
2262 789 2570 858 ἄνθρωπος
2608 788 2716 842 τὸν
2756 788 2891 843 υἱὸν
2929 786 3137 843 αὐτοῦ.
3185 787 3394 843 υὺκοῦν
3450 789 3579 843 ὅταν
3619 788 3729 860 μὲν

2154 880 2210 932 αἱ
2244 879 2458 949 Γραφαὶ
2500 879 2790 948 θεολογῶσι
2842 879 2933 932 τὸν
2960 878 3091 934 Θεὸν
3139 879 3259 934 κατ’
3291 879 3472 945 αὐτὸν,
3516 881 3609 934 καὶ
3645 881 3729 953 μὴ

2155 970 2522 1024 έπιπλέκωσιν
2547 970 2714 1024 αὑτοῦ
2735 969 2833 1042 τὴν
2857 970 3166 1040 οἰκονομίαν
3212 973 3328 1034 τοῖς
3363 969 3721 1042 ἀνθρωπίνοις

2155 1060 2468 1131 πράγμασι,
2509 1058 2759 1129 λέγουσιν
2791 1057 2953 1112 αὑτὸν
2999 1052 3139 1110 εἶναι
3168 1059 3267 1128 οὐχ
3313 1058 3389 1122 ὡς
3415 1057 3717 1131 ἄνθρωπος.

2155 1153 2268 1225 Τῆς
2301 1148 2409 1223 γὰρ
2463 1150 2898 1220 μεγαλωσύνης
2940 1148 3126 1204 αὑτοῦ
3163 1151 3275 1203 οὐκ
3334 1148 3465 1202 ἔστι
3511 1148 3715 1216 πέρας.

2152 1239 2283 1296 Καί*
2322 1242 2576 1309 Φοόερός
2598 1242 2767 1295 ἐστιν
2789 1239 2889 1293 ἐπὶ
2934 1237 3164 1305 πάντας
3187 1238 3328 1305 τοὺς
3352 1240 3544 1305 θεούς.
3572 1240 3717 1293 Καί·

2155 1331 2383 1387 Αίνεῒτε
2438 1330 2646 1394 αὐτὸν,
2705 1328 2929 1394 πάντες
2990 1328 3230 1399 ἄγγελοι
3284 1327 3454 1383 Θεοῦ⁸
3505 1327 3721 1383 alr-sits

2155 1420 2362 1486 αὐτὸν,
2414 1421 2605 1478 πᾶσαι
2666 1423 2727 1474 at
2773 1418 3060 1488 δυνάμεις
3115 1417 3323 1473 αὐτοῦ·
3370 1417 3589 1472 (κινεῖτε
3622 1421 3721 1472 αὐ·

2154 1513 2282 1580 τὸν,
2309 1514 2484 1582 ἥλιος
2516 1513 2615 1568 καί
2654 1510 2908 1578 σελήνηο
2950 1508 3166 1566 alr-sits
3200 1508 3405 1573 αὐτὸν,
3432 1506 3627 1561 πάντα
3652 1508 3721 1561 τὰ

2158 1604 2353 1672 ἄστρα
2382 1606 2483 1659 καί
2513 1604 2580 1659 τὸ
2627 1602 2772 1674 φῶςο
2809 1603 2904 1656 καὶ
2947 1600 3083 1658 ἄλλα
3114 1597 3282 1671 μυρία
3331 1597 3721 1668 ἀναλεγόμενος

2156 1697 2265 1751 ἀπὸ
2287 1694 2396 1750 τῶν
2420 1693 2578 1768 ἱερῶν
2597 1692 2945 1765 γραμμάτων
2971 1690 3049 1761 (Ι)
3094 1688 3275 1761 εὕροις
3305 1688 3392 1753 ἂν,
3440 1685 3521 1751 οἷς
3546 1689 3717 1757 έφαρ·

2162 1788 2346 1859 μόσεις
2398 1791 2482 1849 τὸ,
2529 1787 2655 1855 Οὐχ
2701 1785 2784 1849 ὡς
2838 1782 3151 1850 ἄνθρωπος
3176 1783 3211 1834 ὀ
3256 1779 3423 1846 Dede.
3469 1779 3634 1832 Ὅταν
3662 1776 3721 1831 δι

2159 1881 2524 1951 ὲπιπλέκηται
2569 1876 2929 1947 ἀνθρωπίνοις
2986 1874 3303 1946 πράγμασιν
3338 1873 3372 1942 ἡ
3406 1870 3525 1924 θεία
3579 1871 3724 1924 οίκο-

2157 1974 2342 2044 νομία,
2366 1972 2521 2042 φέρει
2547 1969 2638 2023 τὸν
2668 1966 3007 2041 ἀνθρώπινον
3046 1965 3190 2029 νοῦν,
3241 1965 3337 2018 καὶ
3364 1963 3585 2036 τρόπον,
3627 1961 3719 2015 καὶ

2155 2061 2321 2126 λέξιν.
2357 2060 2467 2114 Καὶ
2490 2059 2682 2130 ὥσπερ
2725 2058 2887 2128 ἡμεῖς
2912 2054 3006 2109 ἐὰν
3031 2054 3197 2108 διετεῖ
3248 2052 3445 2123 παιδίῳ
3471 2049 3717 2119 διαλεγώ-

2159 2153 2315 2224 μεθα,
2368 2149 2691 2221 ψελλίζομεν
2721 2147 2808 2201 διὰ
2863 2147 2925 2200 τὸ
2974 2145 3204 2200 παιδίον·
3256 2145 3318 2197 οὐ
3362 2141 3471 2215 γὰρ
3520 2138 3630 2196 οἷόν
3655 2141 3716 2194 τέ

2154 2247 2293 2307 ἐστι,
2322 2240 2622 2313 τηροῦντας
2643 2240 2792 2310 ἡμᾶς
2824 2238 2884 2291 τὸ
2905 2237 3122 2308 ἀξίωμα
3158 2236 3257 2306 τῆς
3295 2234 3497 2289 τελείου
3531 2233 3721 2304 ἀνδρὸς

2154 2332 2391 2406 ἡλικίας,
2427 2330 2521 2385 καὶ
2551 2327 2843 2391 λαλοῦντας
2870 2329 2983 2390 τοῖς
3034 2326 3284 2389 παιδίοις,
3337 2325 3410 2396 μὴ
3456 2340 3725 2393 συγκατα-

2152 2426 2433 2489 ϐαίνοντας
2487 2421 2669 2478 αὐτῶν
2725 2424 2791 2494 τῇ
2843 2419 3128 2489 διαλέκτῳ,
3155 2418 3345 2488 νοῆσαι
3393 2415 3463 2470 τὰ
3507 2415 3721 2469 παιδίαα

2151 2516 2391 2571 τοιοῦτόν
2416 2517 2469 2571 τί
2493 2532 2585 2587 μοι
2613 2514 2722 2569 νόει
2755 2513 2850 2567 καὶ
2895 2511 3024 2582 περὶ
3049 2509 3142 2565 τδν
3180 2509 3332 2575 Θεὸν,
3359 2509 3484 2563 ὃταν
3512 2507 3571 2561 τὸ
3605 2505 3718 2561 τῶν

2152 2607 2452 2680 ἀνθρώπιον
2474 2608 2650 2677 γένος,
2683 2606 2778 2659 καὶ
2811 2603 3045 2676 μάλιστα
3086 2601 3196 2655 τῶν
3236 2600 3315 2655 ἔτι
3343 2600 3550 2671 νηπίων
3572 2601 3716 2653 οίκο-

2150 2704 2313 2773 νομῇ.
2349 2702 2491 2772 Ὅρα
2533 2700 2654 2763 πῶς
2710 2698 2804 2754 καὶ
2839 2694 3235 2770 μεταποιοῦμεν
3286 2691 3356 2747 τὰ
3405 2693 3643 2764 ὀνόματα
3667 2692 3716 2745 οἱ

2151 2793 2345 2847 τέλειοι
2375 2791 2567 2864 ἄνδρες
2596 2790 2729 2863 πρὸς
2771 2789 2839 2843 τὰ
2884 2786 3081 2860 βρέφη·
3142 2787 3237 2842 καὶ
3279 2785 3373 2839 τὸν
3424 2785 3525 2855 μὲν
3549 2784 3714 2857 ἄρτον

2148 2883 2301 2948 ίδίως
2329 2882 2405 2957 (2)
2433 2881 2770 2954 ὀνομάζομεν
2810 2879 3015 2943 αὐτοῖς,
3042 2880 3105 2934 τὸ
3128 2878 3186 2932 δὲ
3229 2878 3375 2932 πιεῖν
3404 2876 3540 2950 ἄλλῃ
3566 2873 3712 2942 λέξει

2146 2974 2510 3046 ὀνομάζομεν,
2535 2972 2755 3027 τελείων
2780 2972 2842 3025 οὐ
2881 2969 3150 3043 χρώμενοι
3174 2969 3456 3041 διαλέκτῳ,
3574 2966 3717 3040 χρώ-

2152 3065 2292 3135 μεθα
2319 3060 2455 3135 πρὸς
2512 3062 2640 3126 τοὺς
2683 3061 2921 3124 τελείους
2965 3059 3254 3132 ὁμήλικας,
3293 3057 3430 3112 ἀλλὰ
3468 3056 3610 3122 λέξει
3639 3057 3724 3127 (Ζ).

481 3161 543 3206 ιιι
580 3153 672 3222 qui
720 3171 844 3210 cum
885 3173 1055 3227 puero
1092 3160 1357 3230 loquitur,
1394 3165 1439 3220 is
1472 3165 1538 3221 ad
1570 3182 1754 3225 mores
1776 3169 1896 3239 ejus
1927 3186 2047 3226 sese
2073 3177 2115 3235 C
2144 3180 2147 3187 ‘

2073 3177 2115 3235 ρ
2144 3157 2255 3211 τινὶ
2286 3154 2505 3226 παιδικῇ
2532 3155 2627 3208 κοιλ⁵
2657 3152 2941 3225 βρεφὼδει·
2963 3151 3058 3206 καὶ
3085 3151 3155 3229 τὰ
3175 3150 3447 3222 ἐνδύματα
3470 3150 3566 3204 ἐὰν
3597 3150 3714 3203 ὀνο-

476 3247 892 3312 accommodet,
921 3264 1021 3305 nec
1049 3264 1173 3306 cum
1204 3266 1272 3307 eo
1297 3262 1483 3310 utatur
1503 3256 1734 3313 disiecto
1761 3258 1917 3315 senili
1949 3274 2046 3315 ηε-

476 3353 583 3405 que
626 3337 864 3408 perfecta
885 3380 900 3405 ,
941 3343 1034 3398 sed
1068 3344 1294 3412 puerili,
1326 3348 1398 3401 ita
1429 3356 1485 3403 et
1512 3347 1656 3403 Deus
1684 3365 1883 3420 pueros
1911 3351 2045 3406 allo-

476 3431 665 3499 quitur
694 3449 709 3485 :
745 3430 879 3487 Ecce
904 3449 1015 3503 ego,
1064 3436 1259 3503 inquit,
1298 3448 1349 3492 et
1397 3441 1550 3507 pueri
1588 3458 1716 3511 quos
1742 3442 1885 3496 dedit
1918 3444 2048 3497 mihi

476 3517 618 3571 Deus
642 3521 685 3574 ⁸.
745 3519 872 3574 Seni
902 3537 1025 3576 cum
1056 3538 1226 3593 puero
1256 3526 1556 3595 pueriliter,
1590 3529 1692 3594 vel,
1746 3536 1803 3582 ut
1828 3543 2049 3599 expres-

478 3610 592 3663 sius
623 3608 822 3675 dicam,
864 3610 1151 3666 infantium
1198 3628 1349 3670 more
1393 3616 1720 3687 colloquenti
1759 3618 1864 3673 dici
1895 3626 2050 3687 pote-

475 3699 547 3752 rit
578 3717 591 3753 :
624 3699 742 3754 Filii
771 3702 847 3755 tui
874 3718 1056 3758 mores
1104 3719 1213 3774 pra:
1255 3715 1306 3760 te
1348 3709 1541 3772 tulisti,
1570 3709 1790 3764 modum
1824 3710 2047 3768 infantis

479 3786 709 3847 induisti
748 3799 803 3844 et
855 3800 1057 3846 statum
1107 3793 1253 3850 illius
1288 3798 1652 3865 assulnpsisti.
1713 3797 1784 3852 Ita
1829 3815 2049 3873 quoque

480 3884 817 3955 Scripturam
867 3883 1053 3959 accipe
1093 3885 1359 3945 dicentem
1393 3906 1404 3940 :
1439 3887 1668 3947 Gestavit
1713 3899 1760 3948 te
1790 3890 2046 3948 Dominus

480 3978 621 4033 Deus
665 3988 816 4046 tuus,
873 3982 1031 4036 veluti
1066 3984 1114 4036 si
1165 3985 1280 4052 quis
1317 3983 1470 4037 homo
1521 3984 1692 4053 [ilium
1754 4001 1908 4040 suum
1960 4001 2047 4056 ge-

478 4077 598 4120 stet.
638 4067 703 4121 Et
741 4070 992 4125 videntur
1032 4071 1125 4141 qui
1170 4088 1235 4126 ex
1264 4071 1512 4129 Hebraeis
1547 4074 1732 4130 Graeca
1776 4074 2042 4143 fecerunt,

475 4175 600 4213 cum
629 4175 735 4213 non
766 4160 1073 4217 invenirent
1095 4164 1422 4219 vocabulum
1449 4162 1654 4222 Graecis
1699 4176 2040 4237 usurpatum,

475 4265 670 4305 novam
711 4252 811 4320 ipsi
846 4255 1006 4321 hanc,
1050 4255 1126 4309 uti
1173 4257 1437 4326 plurimas
1481 4258 1638 4323 alias,
1666 4261 2043 4329 composuisse

472 4354 660 4395 vocem
696 4344 1132 4416 ἐτροπῖφόρησε,
1176 4347 1227 4401 id
1273 4358 1377 4413 est,
1418 4363 1587 4402 mores
1630 4349 1753 4402 tulit
1783 4357 1904 4405 tuos
1936 4350 2043 4403 Do-

477 4433 661 4486 minus
686 4432 829 4488 Deus
873 4443 1022 4496 tuus,
1066 4436 1290 4504 perinde
1325 4453 1388 4491 ac
1425 4440 1471 4492 si
1505 4440 1629 4508 quis
1665 4439 1818 4508 juxta
1855 4457 2042 4497 exem-

2152 3247 2414 3318 μάζωμεν
2457 3248 2572 3310 τοῖς
2594 3245 2845 3308 παιδίοις,
2905 3242 3039 3298 ἄλλα
3081 3242 3320 3313 ὀνόματα
3372 3241 3717 3313 semotae“

2150 3341 2353 3403 αὐτοῖς,
2384 3338 2550 3392 οἱονεὶ
2570 3337 2741 3407 δνομα
2785 3333 3032 3388 παιδικὸν
3083 3333 3436 3396 πλάσσοντες.
3473 3329 3599 3404 Ἆρ’
3622 3328 3717 3386 οὖν

2144 3432 2267 3485 τότε
2290 3429 2503 3492 ἀτελεῖς
2535 3430 2700 3498 ἐσμεν
2723 3443 2738 3492 ;
2784 3418 2881 3479 καὶ
2908 3426 2962 3480 εί
2985 3443 3068 3490 τις
3102 3424 3257 3497 ἡμῶν
3286 3422 3457 3495 ἀκούῃ
3483 3422 3717 3486 παιδίοις

2145 3521 2564 3593 διαλεγομένων,
2589 3521 2722 3592 ὲρεί,
2748 3521 2851 3584 ὅτι,
2890 3520 3139 3589 Ἀνόητος
3187 3515 3406 3587 γέγονεν
3465 3517 3495 3569 ὁ
3538 3515 3717 3588 γέρων

2144 3609 2318 3677 οὗτος,
2346 3615 2377 3666 ὀ
2408 3614 2548 3686 ἀνὴρ
2575 3608 2730 3676 οἶτος
2762 3611 3111 3685 ἐπιλέλησται
3157 3609 3250 3664 τοῦ
3276 3608 3484 3678 γενείου
3512 3607 3678 3661 αὐτοῦ
3696 3646 3712 3671 ,

2143 3709 2245 3781 τῆς
2280 3707 2492 3779 ἡλικίας
2528 3705 2622 3760 τοῦ
2660 3704 2883 3776 ἁνδρόςς
2932 3704 2965 3776 ἢ
3018 3700 3225 3759 δέδοται
3274 3701 3416 3755 κατὰ
3443 3716 3714 3773 συμπερι-

2146 3800 2318 3871 φορὰν
2351 3798 2430 3870 (4)
2481 3797 2678 3867 παιδίῳ
2719 3794 3012 3866 ὁμιλοῦντα
3069 3796 3142 3866 μὴ
3190 3792 3417 3863 λαλῆσαι
3452 3791 3714 3859 διαλέκτῳ

2146 3889 2483 3964 πρεσϐυτικῇ
2509 3889 2643 3959 μηδὲ⁹
2668 3886 2890 3953 ὲντελεῐ,
2916 3886 3051 3940 ἀλλὰ
3087 3885 3335 3955 παιδικῇ.
3386 3882 3497 3937 Καὶ
3525 3884 3554 3936 ό
3582 3882 3715 3944 Θεὸς

2144 3981 2210 4052 δὴ
2257 3981 2406 4035 λαλεῖ
2451 3979 2714 4043 παιδίοις·
2771 3976 2939 4041 Ἰδοὺ,
2973 3977 3106 4049 φησὶ
3147 3975 3243 4030 καὶ
3288 3976 3320 4028 ό
3346 3974 3557 4046 Σωτὴρ,
3600 3971 3716 4044 ἐγὼ

2144 4075 2242 4128 καὶ
2271 4074 2343 4128 τὰ
2380 4073 2583 4127 παιδία
2614 4072 2652 4127 ἆ
2674 4088 2776 4142 μοι
2816 4069 3041 4125 ἔδωκεν·
3082 4072 3116 4123 ὁ
3173 4068 3336 4134 Θεός.
3386 4066 3609 4135 Λέγοιτο
3647 4065 3712 4119 ἂν

2146 4164 2225 4234 τῷ
2255 4165 2469 4236 γέροντι
2500 4163 2578 4235 τῷ
2606 4162 2855 4217 λαλοῦντι
2875 4161 3012 4232 πρὸς
3068 4159 3128 4213 τὸ
3176 4157 3384 4213 παιδίον
3427 4155 3709 4218 παιδικῶς,

2144 4258 2198 4329 ἢ,
2240 4258 2327 4311 ἵνα
2353 4253 2798 4328 ὲμφατικὼτερον
2820 4252 2981 4314 εἴπω,
3038 4249 3348 4348 βρεφωδῶς·
3385 4248 3491 4348 ότι,
3531 4248 3709 4348 Ἐτροὶ

2142 4351 2457 4423 ποφόρησας
2486 4346 2579 4401 τὸν
2633 4347 2747 4400 υἱόν
2779 4360 2895 4408 σου,
2949 4343 3043 4398 καὶ
3075 4343 3273 4414 τρόπον
3316 4338 3588 4410 ὲφόρησας
3615 4338 3708 4392 τοῦ

2144 4441 2395 4514 βρέφους,
2420 4440 2514 4494 καὶ
2543 4438 2644 4510 τὴν
2679 4436 3008 4490 κατάστασιν
3048 4432 3212 4489 αὑτοῦ
3242 4429 3563 4499 ἀνείληφας.
3604 4425 3709 4481 Οὔ-

476 4523 623 4590 plum
667 4538 698 4577 ιι
731 4539 817 4579 me
847 4525 1094 4590 allatum,
1126 4526 1218 4579 filii
1256 4529 1338 4581 sui
1367 4542 1486 4582 sese
1537 4531 1785 4585 moribus
1829 4547 2038 4587 accom-
2067 4521 2111 4576 Ῑ)
2138 4555 2142 4566 ε

2067 4521 2111 4576 Ῑ)
2138 4550 2247 4597 τως
2268 4528 2362 4586 οὖν
2394 4528 2504 4584 νόει
2536 4544 2626 4601 μοι
2655 4530 2751 4583 καὶ
2798 4526 2896 4599 τὴν
2943 4525 3165 4598 Γραφὴν
3195 4525 3477 4592 λέγουσαν⁹
3520 4521 3708 4589 Ἑτρο-

472 4615 681 4668 enodet.
702 4614 967 4680 Quoniam
1000 4616 1162 4686 igitur
1186 4632 1284 4671 nos
1309 4617 1555 4686 paenitet,
1580 4636 1703 4674 cum
1736 4637 1834 4678 nos
1861 4624 2039 4692 pcenio

474 4711 650 4757 tentes
669 4702 809 4761 Deus
826 4706 1141 4775 alloquitur,
1173 4706 1281 4761 ait:
1315 4706 1534 4761 Paenitet
1560 4725 1657 4772 me,
1691 4720 1745 4764 et
1779 4713 2038 4769 minitans

476 4792 636 4845 nobis
662 4809 765 4846 non
791 4812 898 4862 pne
923 4813 981 4851 se
1005 4798 1108 4852 fert
1130 4814 1310 4854 rerum
1336 4799 1755 4868 praescientiam,
1777 4803 1869 4857 sed
1894 4804 2040 4859 velut

476 4882 711 4938 infantes
733 4886 1017 4955 alloquens
1035 4889 1298 4958 minatur;
1328 4905 1437 4945 non
1462 4905 1573 4961 prae
1591 4905 1649 4947 se
1670 4891 1774 4948 feet
1793 4896 2038 4950 omnium

473 4990 683 5040 rerum,
720 4988 1007 5046 antequam
1055 4982 1204 5043 tiant,
1253 4983 1661 5050 praenotionem.
1714 4984 1829 5049 sed,
1873 4995 1934 5041 ut
1966 4987 2039 5042 ita

475 5062 641 5136 249
675 5065 875 5129 dicam,
910 5066 1173 5125 simulans
1192 5084 1443 5139 puerum,
1484 5073 1706 5142 perinde
1731 5075 1843 5146 agit
1891 5091 1955 5132 ac
1993 5076 2038 5132 si

473 5155 657 5210 futura
682 5171 789 5210 non
822 5160 1118 5228 praescii-et.
1167 5162 1406 5218 Minatur
1443 5164 1627 5235 itaque
1648 5168 1791 5237 genti
1821 5177 2041 5238 propter
2080 5208 2083 5211 -

473 5244 618 5301 illius
648 5256 899 5316 peccata,
942 5258 995 5304 et
1032 5250 1151 5304 ait:
1197 5251 1256 5307 Si
1296 5255 1656 5322 paenitentiam
1702 5260 1862 5328 egerit
1895 5275 2039 5328 gens,

474 5347 524 5388 et
549 5353 641 5407 ego
662 5340 1020 5406 paenitentiam
1050 5359 1224 5411 agant.
1253 5348 1294 5397 0
1325 5344 1500 5401 Deus!
1543 5362 1672 5400 num
1699 5362 1822 5403 cum
1866 5349 2043 5403 mina-

548 5501 563 5529 ⁸
590 5500 786 5557 Psalnt.
810 5520 992 5569 cxuv,
1022 5505 1075 5558 5.
1152 5508 1172 5536 ³
1196 5504 1394 5560 Psalm.
1431 5522 1549 5569 xcv,
1576 5508 1627 5560 τί.

545 5658 561 5707 ί
575 5657 621 5729 ti
647 5659 828 5729 gntes
848 5657 1178 5729 _Vaticanus,
1209 5659 1457 5729 Γραφῷν.

545 5726 619 5793 (f3)
647 5725 805 5779 Forte
848 5726 1154 5793 legendum,
1185 5725 1283 5779 οὐκ
1318 5725 1477 5790 ἰδίως.

548 5792 623 5859 t5)
651 5794 827 5849 Codex
860 5792 1112 5855 StoriaL,
1139 5796 1270 5847 ἀλλὰ
1306 5795 1438 5866 ἄλλῃ
1460 5799 1620 5864 ὶὲξει.

2143 4622 2454 4694 ποφόρησέ
2475 4637 2551 4676 σε
2574 4618 2787 4689 Κύριος
2832 4623 2864 4673 ό
2910 4621 3055 4684 Bede
3091 4633 3229 4682 σου,
3259 4617 3340 4683 ὠς
3377 4614 3433 4669 ει
3459 4631 3551 4681 τις
3576 4630 3708 4682 τρο-

2144 4715 2477 4787 ποερορήσει
2519 4714 2824 4783 ἄνθρωπος
2852 4712 2961 4766 τὸν
2977 4710 3112 4766 utor
3140 4709 3349 4766 αὐτοῦ.
3401 4707 3510 4763 Καὶ
3532 4706 3712 4762 ἐοίκαο

2148 4828 2231 4865 σιν
2255 4811 2304 4862 οἱ
2331 4808 2440 4862 ἀπὸ
2482 4805 2814 4878 Ἑϐραϊσμοῦ
2858 4802 3313 4876 ἑρμηνεύσαντες,
3352 4799 3428 4872 μὴ
3463 4797 3711 4869 εὑρόντες

2140 4903 2242 4974 τὴν
2271 4899 2415 4967 λέξιν
2443 4897 2701 4970 κειμένην
2755 4896 2883 4967 παρ’
2913 4894 3189 4964 Ἕλλησιν,
3249 4889 3708 4953 ἁναπεπλακέναι,

2143 4992 2220 5055 ὡς
2252 4993 2336 5044 ἐπ’
2378 4989 2553 5046 ἄλλων
2582 4985 2815 5051 πολλῶν,
2848 4984 2943 5038 καὶ
2966 4982 3193 5053 ταύτην,
3228 4980 3322 5033 καὶ
3354 4976 3712 5047 πεποιηκέναι

2139 5085 2262 5154 τὴν,
2296 5076 2766 5151 Ἑτροποφόρησέ
2790 5075 3069 5146 «Rupta;
3096 5076 3125 5128 δ
3142 5072 3276 5134 Θεός
3311 5087 3425 5134 σου,
3446 5068 3708 5131 τουτέστι,

2140 5174 2284 5240 τοὺς
2312 5173 2568 5240 τρόπους
2596 5185 2691 5222 σου
2714 5167 3034 5237 ἐφόβησεν*
3060 5161 3161 5227 ὥς,
3196 5160 3256 5215 εἴ
3282 5178 3366 5224 τις
3381 5158 3713 5232 τροποφορήά

2147 5279 2227 5316 σει
2257 5261 2561 5332 ἄνθρωπος,
2595 5255 2736 5312 κατὰ
2760 5256 2820 5310 τὸ
2854 5253 3203 5326 παράδειγμα
3243 5249 3398 5304 τοῦτο
3427 5249 3456 5302 ὃ
3493 5248 3710 5349 εἴρηκα,

2144 5354 2236 5406 τὸν
2268 5352 2381 5405 υἱὸν
2437 5349 2621 5404 αὐτοῦ.
2671 5348 2824 5401 Ἐπεὶ
2871 5346 3049 5400 τοίνυν
3104 5345 3266 5415 ἡμεῖς
3324 5345 3710 5413 μετανοοῦμεν,

1740 5510 1760 5540 ³
1785 5508 1982 5565 Psalin.
2015 5528 2236 5575 CXLVIII,
2272 5511 2327 5577 (Ξ,
2364 5512 2419 5566 5.
2512 5508 2537 5542 ⁸
2568 5508 2673 5564 lsa.
2703 5505 2930 5571 vttt,'i8.

2217 5664 2296 5729 (4)
2342 5660 2643 5719 bliislerius
2685 5658 2936 5716 emendat
2963 5675 2975 5710 :
3006 5657 3053 5708 εί
3091 5653 3293 5708 δέδοται
3333 5655 3472 5709 κατὰ
3500 5667 3715 5723 συμπίν-

2152 5733 2414 5803 ριφορίας.

3620 402 3733 458 476
3826 352 3843 364 .
