4218 6292
436 295 542 351 477

1562 284 1629 340 IN
1666 283 2007 341 J‘EREMIAM
2048 283 2334 340 IIOMILIA
2371 283 2555 339 XVIII.

3573 287 3677 342 478

435 410 568 467 ὅταν
598 406 728 478 ἡμῖν
748 399 1057 471 διαλέγηται
1088 396 1437 471 μετανοοῦσιν
1460 397 1488 453 6
1520 396 1650 461 Θεὸς
1681 397 1851 467 λέγει·
1888 402 2005 452 Msa
2037 407 2055 460 Α

2063 396 2301 460 Lbaris,
2360 392 2641 451 nesciebas
2701 404 2883 452 utrum
2941 411 3075 466 gens
3135 397 3235 452 ista
3301 399 3674 468 paenitentiam

443 497 652 553 τανοῶο
687 493 779 549 κσιί⁵
800 488 1038 546 ἀπειλῶν
1090 491 1223 561 ἡμῖν
1256 489 1316 543 οὐ
1343 491 1715 561 προσποιεῖται
1762 486 2009 560 προγνώ-

447 606 576 660 στης
595 583 747 648 εἶναι,
781 580 894 635 ἀλλ’
923 579 1000 643 ὡς
1032 579 1257 651 βρέφεσι
1273 577 1447 634 λαλῶν
1480 578 1709 633 (Ξισττειλεῖ⁹
1744 579 1803 633 οὐ
1838 595 2011 650 προσ-

447 680 689 738 ποιεῖται,
736 673 819 726 ὃτι
865 672 1118 743 προέγνω
1152 669 1222 724 τὰ
1262 671 1438 724 πάντα
1470 670 1600 742 πρὶν
1627 670 1890 738 γενέσεως
1906 671 2012 723 a6-

446 772 569 835 τῶν,
624 765 739 821 ἀλλ’
767 764 874 829 ὡς,
923 763 988 817 ἶν’
1016 762 1186 826 οὕτως
1233 761 1516 833 ὀνομάσω,
1589 760 2011 836 ὑποκρινόμενος

441 862 498 914 τὸ
521 859 740 931 βρέφος,
775 855 1155 928 προσποιεῖται
1198 852 1331 924 μηδὲ
1386 853 1582 907 εἰδέναι
1621 852 1691 906 τὰ
1729 852 2008 924 μέλλοντα.

437 949 543 1005 Καὶ
562 946 780 1003 ἀπειλεῖ
806 944 939 1015 γοῦν
962 944 1103 1019 ἔθνει
1126 943 1212 997 διὰ
1234 943 1330 1007 τὰς
1359 943 1630 1015 ἁμαρτίας
1669 941 1834 997 αὐτοῦ
1858 983 1874 1008 ,
1919 943 2013 996 καὶ

436 1037 582 1106 λέγει
600 1053 614 1067 ’
650 1036 787 1089 Ἐὰν
807 1031 1154 1105 μετανοήσῃ
1169 1032 1235 1086 τὸ
1250 1033 1439 1099 ἔθνος,
1461 1033 1622 1103 κάγὼ
1635 1031 2008 1102 μετανοήσω.

439 1126 504 1179 Ὢ
533 1124 670 1179 Θεέί
707 1120 819 1195 ἆρα
843 1123 931 1176 ὅτε
953 1121 1216 1192 ἠπείλεις,
1244 1123 1345 1176 οὐκ
1384 1122 1529 1194 ᾔδεις
1579 1123 1806 1194 πότερον
1850 1139 2014 1193 μετα-

436 1216 622 1286 νοήσει
651 1215 712 1269 τὸ
747 1214 929 1277 ἔθνος,
960 1212 992 1284 ἢ
1017 1212 1077 1265 οὺ
1109 1215 1428 1283 μετανοήσει
1454 1229 1469 1279 ;
1505 1213 1548 1265 Τ
1555 1213 1570 1266 ί
1609 1212 1685 1276 δὲ,
1721 1214 1809 1266 ὅτε
1835 1214 2013 1284 ἐπηγ-

439 1305 639 1376 γείλω,
682 1306 781 1358 οὐκ
821 1303 969 1374 ᾕδεις
996 1303 1223 1374 πότερον
1252 1302 1403 1373 μένει
1443 1302 1591 1367 ἄξιος
1624 1303 1732 1356 τῶν
1778 1305 2014 1374 ἐπαγγε-

441 1398 574 1452 λιῶν
608 1399 637 1451 6
675 1393 1017 1468 ἄνθρωποςή
1048 1393 1110 1446 τὸ
1135 1392 1288 1457 ἔθνος
1324 1394 1460 1465 πρὸς
1486 1393 1546 1446 ὃν
1583 1395 1612 1447 6
1650 1392 1804 1463 λόγος
1825 1434 1841 1460 ,
1883 1395 1917 1467 ἢ
1951 1395 2012 1448 o6

446 1489 634 1562 μένεις
681 1485 838 1549 Ἀλλά
864 1487 1257 1557 προσποιεῖται.
1305 1485 1415 1538 Καὶ
1455 1483 1675 1539 τοιαῦτα
1711 1484 1879 1540 πολλὰ
1920 1484 2013 1540 εὖ-

444 1595 559 1652 ροις
584 1575 906 1649 ὰδθρωπικὰ
929 1577 989 1629 ὲν
1015 1577 1080 1646 τῇ
1109 1575 1149 1626 Γ
1155 1577 1320 1647 ραφῇ,
1351 1576 1427 1640 ὼς
1448 1576 1542 1630 καὶ
1593 1575 1653 1630 τό
1671 1592 1685 1606 ·
1729 1575 2016 1645 Λάλησον

444 1667 567 1734 τοῖς
595 1666 745 1733 υἱοῖς
781 1665 1019 1735 Ἰσραήλ
1041 1683 1055 1697 ·
1098 1666 1244 1733 ἴσως
1283 1668 1643 1741 ἀκούσονται
1665 1707 1680 1733 ,
1715 1668 1811 1722 καὶ
1835 1685 2015 1737 μετα-

443 1755 759 1824 νοήσουσι.
812 1752 984 1809 Τοῦτο
1040 1757 1138 1827 οὐχ
1179 1755 1209 1808 6
1245 1738 1376 1820 Θεὸς
1427 1756 1641 1830 εἴρηκε,
1699 1757 1790 1811 τό·
1838 1735 2016 1824 -Ἶσως
2049 1735 2088 1790 Β

442 1845 804 1900 ἀκούσονται
825 1861 840 1875 ο
890 1845 951 1898 οὐ
980 1844 1087 1917 γὰρ
1115 1845 1354 1910 διστάζει
1384 1845 1412 1899 6
1445 1846 1578 1908 Θεὸς
1620 1846 1707 1899 ἵνα
1751 1845 1884 1918 λέγῃ
1921 1846 1980 1900 τό
1999 1863 2013 1877 ·

448 1937 617 2004 Ἰσως
643 1936 1028 2001 ἀκούσονται,
1057 1936 1157 1991 καί
1173 1934 1650 2007 μετανοήσουσιο
1674 1937 1790 1991 ἀλλ’
1812 1938 1899 1990 ἴνα
1927 1938 2019 1990 ἐπὶ

445 2026 580 2082 πολὺ
614 2030 833 2099 ὲμφανῇ
870 2044 962 2080 σου
991 2027 1051 2080 τὸ
1092 2027 1457 2095 αὐτεξούσιον,
1489 2029 1583 2081 καὶ
1613 2029 1689 2099 μὴ
1722 2029 1913 2097 εἴπῃςο
1956 2029 2019 2081 Εἰ

443 2117 697 2188 προέγνω
723 2134 790 2188 με
810 2115 1199 2186 ἀπολλύμενον,
1230 2115 1527 2170 ἀπολέσθαι
1547 2133 1614 2186 με
1645 2116 1753 2169 δεῖο
1788 2119 1838 2169 εί
1861 2115 2022 2181 προέ-

443 2224 558 2274 γνω
587 2223 655 2278 με
702 2206 1077 2277 σωθησόμενον
1097 2245 1113 2273 ,
1157 2204 1495 2278 σωθήσεσθαι
1530 2205 1748 2269 πάντως
1794 2222 1861 2277 με
1890 2207 2018 2278 χρή.

443 2295 521 2348 υὺ
550 2297 924 2367 προσποιεῖται
969 2291 1061 2349 οὖν
1103 2295 1164 2348 τὸ
1194 2294 1320 2366 περὶ
1350 2292 1445 2348 τοῦ
1480 2295 1573 2349 ἐπὶ
1618 2296 1700 2349 σοὶ
1742 2295 2022 2366 μέλλοντος

444 2383 663 2450 εἰδέναι,
699 2384 786 2439 ἵνα
804 2387 1017 2458 τηρήσῃ
1048 2403 1142 2438 σου
1162 2385 1224 2438 τὸ
1255 2384 1711 2457 αὐτεξούσιον,τῷ
1733 2387 1807 2459 μὴ
1840 2403 2023 2459 προει-

444 2471 693 2543 ληφέναι,
725 2473 858 2545 μηδὲ
890 2475 1294 2546 προεγνωκέναι
1319 2474 1546 2548 πότερον
1578 2479 1924 2550 μετανοήσεις
1949 2479 2022 2553 ,ἢ

448 2562 549 2632 μή.
574 2560 684 2615 Καὶ
707 2561 853 2631 λέγει
872 2562 1008 2635 πρὸς
1034 2561 1127 2616 τὸν
1160 2561 1447 2634 προφήτην
1465 2578 1479 2592 ο
1510 2561 1797 2630 Λάλησον
1814 2602 1829 2628 ,
1878 2563 2024 2628 ἴσως

441 2651 890 2720 μετανοήσωσιο
941 2651 1165 2707 τοιαῦτα
1207 2652 1314 2724 γὰρ
1364 2651 1502 2706 ἄλλα
1556 2653 1727 2725 μυρία
1771 2654 2023 2725 εὑρήσεις

448 2740 710 2811 λεγόμενα
737 2742 865 2814 περὶ
886 2741 980 2795 τοῦ
1012 2742 1147 2796 Θεοῦ
1179 2741 1645 2816 τροποφοροῦντος
1689 2745 1779 2797 τὸν
1823 2743 2026 2814 ἄνθρω-

449 2849 569 2886 πον.
616 2832 743 2887 Ἐὰν
770 2833 1009 2906 ἀκούσῃς
1042 2833 1210 2906 Θυμὸν
1240 2833 1374 2888 Θεοῦ
1399 2834 1493 2890 καὶ
1519 2834 1686 2907 ὀργὴν
1718 2832 1904 2900 αὑτοῦ,
1946 2832 2023 2906 μή

449 2922 635 2993 νόμιζε
678 2924 777 2997 τήν
825 2923 995 2997 ὀργὴν
1041 2925 1135 2980 καί
1169 2925 1260 2980 τὸν
1303 2925 1471 2996 θυμὸν
1505 2924 1650 2997 παθη
1683 2919 1822 2979 εἶναι
1863 2924 2020 2980 Θεοῦ.

451 3012 760 3083 οἰκονομίαι
794 3015 1040 3087 χρήσεως
1058 3012 1255 3083 λέξεὼν
1278 3016 1384 3070 εἰσι
1418 3014 1553 3089 πρὸς
1578 3016 1640 3069 τὸ
1662 3014 1861 3087 βρέφος
1903 3019 2024 3071 em-

455 3102 682 3174 στρέψαι
714 3106 809 3160 καὶ
835 3104 1222 3178 βελτιωθῆναιο
1256 3106 1379 3160 ἐπεὶ
1411 3107 1505 3161 καὶ
1532 3108 1694 3178 ἡμεῖς
1743 3109 1857 3171 τοῖς
1900 3124 2026 3161 παι-

450 3191 581 3258 δίοις
621 3194 911 3267 πρόσωπον
954 3196 1214 3269 ποιοῦμεν
1249 3197 1349 3251 οὐκ
1404 3188 1512 3250 ἀπὸ
1537 3195 1847 3262 διαθέσεως,
1889 3198 2027 3254 ἀλλὰ

454 3286 573 3339 κατ’
605 3287 937 3359 οἰκονομίαν,
965 3286 1211 3360 φοϐερόν.
1256 3288 1382 3342 Ἐὰν
1413 3290 1738 3361 τηρήσωμεν
1769 3290 1830 3343 τὸ
1870 3290 2028 3344 ἵλεων

454 3375 550 3447 τῆς
578 3373 755 3449 ψυχῆς
802 3377 939 3451 πρὸς
985 3378 1044 3433 τὸ
1093 3376 1289 3451 βρέφος
1319 3380 1376 3434 ἐν
1411 3379 1492 3451 τῷ
1539 3381 1816 3452 προσώπῳ
1846 3380 2026 3453 ἡμῶν,

456 3466 548 3520 καὶ
566 3468 663 3539 τὴν
683 3467 1057 3541 φιλοστοργίαν
1076 3471 1138 3542 ἢν
1161 3470 1355 3543 ἔχομεν
1371 3471 1506 3543 πρὸς
1520 3471 1651 3526 αὐτὸ
1669 3473 2028 3544 ὲμφαίνομεν,

2110 496 2300 541 actura
2321 494 2485 552 esset,
2509 484 2723 539 necne?
2746 484 2885 550 Quid
2921 502 3105 557 porro,
3143 490 3362 556 quando
3385 492 3679 560 polliceba-

2111 578 2189 634 ris
2213 615 2230 642 ,
2276 575 2559 632 nesciebas
2590 587 2775 631 utrum
2817 577 3103 647 promissis
3140 578 3338 649 dignus
3381 582 3565 646 homo,
3593 585 3678 637 vel

2112 684 2245 739 gens
2273 669 2363 723 illa
2389 669 2454 723 ad
2483 685 2646 747 quam
2674 684 2982 726 sermonem
3005 670 3297 741 dirigebas,
3319 683 3677 742 pennaneret,

2113 758 2328 812 necne?
2357 757 2463 812 Sed
2498 759 2664 812 alium
2689 773 2749 813 se
2773 759 3018 820 simulat,
3038 767 3092 812 et
3124 760 3430 815 istiusmodi
3448 763 3679 830 plurima

2113 847 2354 904 humano
2400 864 2553 903 more
2595 849 2737 906 dicta
2782 850 2837 904 in
2877 848 3175 919 Scripturis
3220 851 3489 920 reperies,
3521 854 3684 922 quale

2113 947 2196 994 est
2227 948 2280 993 et
2309 939 2441 995 illud
2464 941 2519 992 8:
2550 939 2777 1010 Loquere
2799 941 2930 1010 ﬁliis
2949 938 3158 994 Israel:
3181 941 3426 1010 fortassis
3443 944 3677 1009 audient,

2112 1038 2163 1083 et
2191 1029 2551 1099 paenitentiam
2582 1040 2758 1100 agent.
2813 1029 2960 1085 Istud
3003 1031 3247 1099 fortassis
3277 1032 3523 1098 audient,
3572 1050 3681 1089 non

2113 1134 2221 1189 qua
2254 1118 2394 1175 Deus
2423 1129 2527 1185 est,
2559 1120 2735 1187 dixit;
2769 1135 2945 1190 neque
2971 1119 3116 1173 enim
3147 1120 3292 1189 quod
3325 1121 3564 1177 incertus
3586 1123 3683 1188 sit,

2063 1271 2065 1274 φ
2114 1208 2280 1263 dixit:
2315 1206 2587 1264 Fortassis
2631 1210 2844 1264 audient
2875 1218 2923 1264 et
2951 1210 3308 1278 paenitentiam
3357 1219 3544 1279 agent;
3582 1211 3684 1265 sed

2116 1308 2176 1353 ut
2208 1301 2500 1355 admodum
2525 1288 2831 1357 innotescat
2861 1311 3012 1356 tuum
3038 1301 3266 1354 liberum
3293 1300 3601 1363 arbitrium,
3632 1309 3687 1354 et

2114 1402 2183 1441 ne
2201 1387 2381 1443 dicas:
2408 1388 2467 1442 Si
2514 1403 2600 1442 me
2639 1388 2937 1457 periturum
2974 1387 3257 1457 praenovit,
3288 1387 3513 1441 omnino
3543 1388 3688 1456 peri-

2115 1487 2272 1534 turus
2303 1495 2447 1547 sum;
2475 1480 2519 1535 si
2543 1480 2806 1551 praenovit
2825 1494 2911 1532 me
2935 1479 3202 1533 salvatum
3232 1478 3319 1546 iri,
3346 1479 3533 1534 salvus
3568 1494 3688 1533 om-

2114 1573 2246 1628 nino
2274 1571 2493 1627 fnturus
2523 1587 2666 1627 sum.
2703 1570 2820 1626 Non
2850 1587 2979 1642 ergo
3009 1587 3118 1641 prae
3151 1586 3210 1626 se
3242 1568 3347 1625 l'ert
3368 1586 3428 1625 se
3464 1571 3594 1640 quid
3620 1570 3689 1624 de

2120 1675 2169 1719 te
2207 1663 2449 1719 futurum
2473 1663 2546 1718 sit
2568 1662 2729 1729 scire,
2757 1675 2815 1718 ut
2840 1663 3067 1718 liberum
3093 1670 3244 1717 tuum
3276 1662 3561 1716 arbitrium
3600 1661 3689 1715 in-

2120 1764 2329 1823 tegrum
2355 1761 2554 1818 servet,
2586 1768 2694 1807 non
2718 1751 2894 1823 posita
2922 1751 3254 1821 pramotione
3277 1760 3332 1805 et
3349 1751 3688 1820 praescientia

2119 1861 2187 1898 an
2208 1843 2585 1914 paenitentiam
2607 1853 2830 1898 acturus
2857 1845 2956 1908 sis,
2986 1859 3175 1899 necne.
3192 1843 3253 1897 Et
3278 1843 3353 1899 ait
3375 1844 3439 1898 ad
3458 1844 3691 1912 preplre-

2121 1945 2227 1990 tam
2262 1954 2275 1990 :
2312 1936 2561 2007 Loquere,
2599 1937 2843 2005 fortassis
2883 1938 3241 2007 paenitentiam
3282 1948 3455 2007 agent.
3501 1936 3693 1991 Istius-

2121 2027 2264 2080 modi
2289 2027 2434 2082 euim
2460 2028 2566 2081 alia
2596 2037 2850 2083 sexcenta
2883 2028 3122 2097 reperies
3145 2028 3212 2082 de
3254 2027 3363 2082 Deo
3413 2028 3555 2082 dicta
3592 2027 3694 2080 hn—

2120 2133 2285 2172 mano
2315 2132 2464 2173 more
2493 2127 2704 2188 agente.
2741 2120 2796 2172 Si
2827 2118 2965 2172 iram
3006 2117 3122 2183 Dei,
3154 2119 3198 2173 si
3230 2117 3468 2173 furorem
3507 2102 3694 2171 audie-

2121 2206 2218 2270 ris,
2238 2206 2346 2259 noli
2371 2216 2560 2276 putare
2583 2206 2717 2260 iram
2745 2204 3094 2276 furoremque
3110 2222 3231 2261 esse
3249 2205 3342 2260 Dei
3361 2204 3694 2260 allectiones.

2121 2294 2469 2352 (Economize
2508 2312 2674 2351 causa
2712 2298 2979 2367 ejusmodi
3041 2313 3202 2353 voces
3243 2306 3577 2367 usurpantur
3625 2297 3693 2350 ad

2123 2384 2384 2440 infantem
2426 2387 2853 2441 eonvertendum
2896 2395 2952 2441 et
2993 2387 3413 2441 emendandum.
3458 2384 3593 2440 Nam
3642 2397 3698 2441 et

2124 2491 2226 2530 nos
2252 2476 2435 2546 pueris
2464 2477 2663 2533 iratum
2688 2478 2895 2532 vultum
2923 2477 3286 2543 ostendimus,
3304 2492 3411 2531 non
3430 2493 3497 2531 ex
3528 2476 3696 2529 animi

2123 2566 2340 2631 affectu,
2385 2569 2479 2624 sed
2510 2569 2760 2639 prudenti
2807 2572 3041 2626 ratione.
3083 2569 3139 2624 Si
3168 2568 3335 2623 animi
3377 2567 3700 2622 benevolen-

2124 2659 2255 2711 tiam
2304 2673 2430 2728 erga
2475 2656 2739 2712 infantem
2762 2674 2874 2729 prae
2903 2660 3054 2713 vultu
3086 2667 3273 2713 nostro
3299 2656 3604 2718 tulerimus,
3642 2661 3698 2709 et

2122 2764 2246 2804 eum
2275 2766 2384 2820 quo
2416 2750 2566 2804 illum
2590 2751 2974 2819 amplectimur
2995 2764 3234 2804 amorem
3267 2746 3693 2810 ostenderimus,

2123 2852 2302 2909 neque
2340 2854 2439 2894 nos
2466 2839 2839 2903 immutantes,
2865 2854 3040 2908 neque
3073 2836 3476 2908 quodammodo
3518 2845 3697 2890 trans-

2125 2925 2425 2983 formantes
2456 2936 2514 2982 ut
2541 2928 2692 2981 illum
2718 2929 3096 2991 emendemus,
3128 2927 3427 2998 perdimus,
3458 2923 3697 2979 deterio-

2125 3034 2350 3090 remque
2376 3020 2527 3077 illum
2549 3018 2833 3075 allicimus.
2858 3018 2950 3073 Sic
2980 3017 3146 3089 igitur
3174 3016 3315 3073 Deus
3338 3028 3391 3072 et
3423 3015 3586 3070 irasci
3613 3013 3697 3069 di-

2126 3109 2312 3174 citur,
2343 3117 2398 3164 et
2450 3107 2634 3163 furore
2685 3108 2885 3178 corripi
2917 3124 2975 3163 se
3008 3109 3104 3172 ait,
3151 3114 3210 3160 ut
3258 3104 3596 3161 converteris
3645 3111 3701 3157 et

2129 3199 2452 3256 emenderis.
2489 3198 2694 3254 Revera
2724 3215 2831 3253 non
2865 3198 3141 3261 irascitur.
3180 3211 3356 3267 neque
3378 3194 3562 3249 furore
3584 3195 3700 3261 agi-

2130 3297 2297 3353 tatur,
2331 3289 2424 3344 sed
2461 3298 2516 3343 tu
2547 3290 2771 3359 patieris
2801 3304 2866 3343 ea
2908 3304 3032 3358 quae
3066 3295 3196 3342 sunt
3250 3288 3344 3341 irze
3373 3295 3428 3340 et
3473 3284 3699 3347 furoris.

2131 3381 2517 3438 acerbissimos
2540 3382 2611 3437 ob
2637 3391 2786 3437 tuam
2820 3382 3083 3438 malitiam
3114 3380 3330 3436 dolores
3348 3377 3698 3441 sustinendo,

2134 3489 2260 3528 eum
2284 3473 2373 3527 illa
2400 3489 2522 3544 quae
2553 3475 2634 3529 ira
2658 3473 2750 3528 Dei
2781 3485 3007 3529 vocatur
3034 3483 3083 3528 te
3105 3472 3451 3543 corripuerit.

558 3557 974 3632 διαστρέψαντες
1020 3561 1262 3629 ἑαυτοὺς,
1307 3562 1442 3633 μηδὲ
1473 3563 1633 3616 οἱονεὶ
1665 3565 2056 3634 μεταϐαλόντες
2093 3564 2228 3636 πρὸς
2294 3564 2390 3636 τὴν
2424 3565 2632 3618 ἐκείνου
2678 3567 3040 3641 ἐπιστροφὴν,
3082 3565 3389 3636 ἀπόλλυμεν
3422 3562 3572 3628 αὐτὸ,
3608 3559 3711 3614 καί

454 3652 632 3721 χεῖρον
675 3650 953 3722 ποιοῦμεν.
982 3650 1167 3716 Οὕτως
1201 3646 1294 3706 οὖν
1334 3653 1363 3705 6
1388 3652 1519 3717 Θεὸς
1572 3654 1664 3707 καί
1703 3653 2019 3726 ὀργίζεσθαι
2077 3655 2313 3725 λέγεται,
2358 3655 2453 3709 καὶ
2498 3654 2795 3726 θυμοῦσθαί
2849 3672 3033 3726 φησιν,
3088 3656 3174 3709 ἵνα
3204 3652 3567 3725 ὲπιστρέψῃς,
3606 3653 3702 3706 καὶ

458 3741 770 3814 βελτιωθῇς.
808 3743 917 3798 Καὶ
946 3742 1162 3812 ἀληθῶς
1192 3742 1292 3796 οὐκ
1337 3742 1614 3813 ὀργίζεται
1670 3743 1789 3816 μὲν,
1837 3744 1957 3797 οὐδὲ
2009 3744 2303 3817 θυμοῦται⁸
2337 3746 2400 3798 σὺ
2434 3744 2491 3799 δὲ
2541 3743 2700 3816 πείσῃ
2733 3744 2801 3798 τὰ
2843 3744 2941 3814 τῆς
2966 3744 3135 3815 ὀργῆς
3184 3741 3278 3796 καὶ
3307 3740 3375 3794 τὰ
3390 3740 3483 3795 τοῦ
3503 3738 3703 3813 θυμοῦ,

456 3835 741 3906 γενόμενος
772 3835 830 3888 ὲν
860 3833 1314 3908 δυσυπομονήτοις
1348 3834 1438 3889 διὰ
1476 3834 1574 3907 τὴν
1602 3835 1803 3890 κακίαν
1845 3835 2200 3907 πόνοις,ὲπὰν
2234 3838 2460 3911 παιδεύῃ
2492 3841 2559 3910 τῇ
2590 3834 2854 3908 λεγομένῃ
2886 3835 3022 3908 ὀργῇ
3056 3831 3149 3887 τοῦ
3177 3830 3332 3886 Θεοῦ.

538 3923 695 3994 Ἑξῆς
749 3923 886 3994 μετὰ
934 3922 1023 3977 τὸν
1066 3927 1196 3997 περὶ⁵
1236 3925 1346 3979 τῶν
1369 3925 1463 3979 δύο
1493 3924 1661 3981 ἐθνῶν
1711 3926 1903 3995 λόγον,
1930 3927 2024 3980 τοῦ

458 4015 725 4088 προτέρου
746 4055 762 4081 ,
795 4009 840 4084 ᾧ
875 4014 1070 4088 ἀπειλὴ
1113 4016 1345 4082 δίδοται,
1375 4016 1469 4070 καί⁸
1493 4015 1585 4069 τοῦ
1625 4016 1900 4087 δευτέρου,
1921 4011 1965 4086 ᾧ
1993 4019 2028 4089 ἡ

457 4106 754 4176 δπαγγελία
780 4106 1000 4173 δίδοται,
1030 4107 1223 4177 φησίν*
1262 4102 1384 4161 εἷπε
1421 4106 1662 4180 δηλονότι
1697 4109 1811 4169 τοῖς
1834 4107 2029 4179 προτέ-

464 4216 606 4271 ροις·
631 4198 740 4253 Καὶ
772 4199 888 4253 νῦν
917 4198 1091 4252 εἰπὸν
1117 4196 1267 4266 πρὸς
1303 4197 1529 4266 ἄνδρας
1558 4198 1632 4270 (1)
1688 4196 1892 4264 Ἰούδα,
1930 4198 2029 4251 καί

459 4289 609 4359 πρὸς
631 4289 774 4357 τοὺς
801 4290 1228 4356 κατοικοῦντας
1269 4289 1686 4359 ἰερουσαλήμο
1719 4289 1919 4356 Οὕτως
1931 4288 2032 4343 λέ-

2207 3930 2257 3984 7.
2299 3929 2501 3985 Deinde
2554 3938 2677 3998 post
2713 3940 3021 3983 sermonem
3061 3924 3129 3980 de
3176 3924 3391 3978 duabus
3428 3923 3701 3995 gentibus.

2135 4017 2317 4087 priore
2367 4017 2456 4072 cui
2510 4017 2708 4081 minae,
2768 4015 2937 4069 altera
2979 4013 3066 4068 cui
3114 4013 3505 4083 promissiones
3546 4015 3703 4070 factm

2135 4117 2282 4173 sunt,
2322 4108 2398 4162 ait
2422 4107 2587 4177 priori
2628 4106 2889 4160 nimirum
2921 4106 2981 4157 ⁶;
3044 4104 3113 4159 Et
3156 4122 3295 4161 nunc
3318 4106 3404 4158 dic
3449 4106 3518 4159 ad
3560 4106 3700 4160 siros

2133 4199 2299 4263 Iuda,
2320 4211 2369 4254 et
2399 4200 2468 4254 ad
2510 4198 2835 4252 habitatores
2867 4196 3186 4261 Jerusalem,
3215 4197 3324 4250 haec
3359 4196 3488 4250 dicit
3512 4196 3700 4250 Domi-

2134 4307 2230 4345 nus
2260 4307 2280 4346 :
2312 4291 2446 4345 Ecce
2482 4306 2574 4361 ego
2606 4290 2747 4360 ﬁngo
2785 4305 2941 4359 super
2987 4306 3074 4344 vos
3120 4286 3282 4342 mala.
3328 4287 3597 4355 Quoniam
3643 4287 3699 4342 in

462 4398 548 4451 γει
587 4380 832 4449 Κύριος·
884 4379 1027 4434 Ἰδοὺ
1055 4381 1170 4451 ἐγὼ
1213 4381 1475 4436 πλάσσω
1522 4380 1616 4450 ἐφ’
1656 4379 1812 4451 ὑμᾶς
1854 4379 2027 4435 κακά.

2063 4416 2107 4471 D
2138 4399 2301 4439 manu
2329 4399 2446 4438 mea
2474 4382 2742 4438 sunthaec
2786 4398 2907 4453 quae
2931 4382 3098 4456 ﬁngo,
3139 4397 3303 4452 super
3334 4395 3432 4438 vos
3471 4389 3703 4450 possunt.

462 4472 581 4524 ’Ότι
609 4472 667 4525 ὲν
688 4473 754 4543 τῇ
786 4472 928 4543 χειρί
954 4490 1054 4544 μου
1085 4471 1259 4528 ταῦτά
1283 4472 1740 4536 ὲστινᾶπλάσσω,
1767 4472 1854 4540 ἐφ’
1883 4473 2027 4544 ὑμᾶς

460 4562 682 4617 δύναται
707 4562 1004 4621 διαπεσεῖν.
1030 4565 1299 4638 Ποιήσατε
1327 4565 1499 4621 ταῦτα
1519 4565 1792 4620 διαπεσεῖν
1805 4564 1914 4619 ἀπὸ
1929 4564 2028 4635 τῆς

461 4653 639 4726 χειρός
672 4669 797 4724 μου,
828 4653 916 4708 ῖνα
944 4653 981 4708 ἃ.
1003 4654 1228 4709 πλάσσω
1260 4657 1345 4724 ἐφ’
1377 4656 1521 4728 ὑμᾶς
1544 4653 1691 4710 κακὰ
1718 4652 2026 4727 μεταϐαλω,

462 4744 554 4797 καὶ
597 4747 810 4816 ποιήσω
845 4745 1041 4814 ἀγαθά.
1087 4746 1202 4801 Οὐκ
1246 4745 1313 4801 ἂν
1345 4746 1561 4820 εὕροις,
1604 4745 1747 4801 Ἰδοὺ
1773 4743 2030 4801 πλάσσω

461 4834 553 4904 ἐφ’
578 4832 734 4904 ὑμᾶς
761 4833 973 4906 ἀγαθὰ,
1008 4835 1100 4890 καὶ
1124 4835 1194 4890 τὰ
1222 4836 1482 4906 ἀνάλογον
1516 4836 1693 4892 αὐτῶν
1719 4834 2031 4907 λεγομένοις

463 4925 607 4997 ἑξῆς,
633 4927 722 4981 ἴνα
757 4926 896 4997 μετὰ
921 4925 1082 4981 τοῦτο
1107 4927 1366 4999 ὲμφαίνῃ,
1391 4929 1473 4982 ὅτι
1505 4927 1541 4983 ἃ.
1581 4927 1809 4982 πλάσσει
1852 4925 2032 4997 ἀγαθὰ

463 5015 687 5071 ἀπολύει
727 5016 837 5071 ἀπὸ
885 5015 994 5071 τῶν
1029 5016 1249 5090 χειρῶν,
1299 5018 1387 5072 ἵνα
1437 5019 1639 5092 ποιήσῃ
1679 5017 1818 5073 αὐτὰ
1864 5017 2028 5072 κακά.

475 5104 633 5162 Ἀλλὰ
660 5106 890 5162 πλάσσει
918 5108 1064 5163 κακὰ
1091 5108 1230 5163 κατὰ
1249 5108 1311 5162 τὸ
1339 5108 1625 5180 εἰρημένον
1661 5106 2028 5180 παράδειγμα,

464 5197 560 5252 καί
594 5198 849 5253 πλάσσων
896 5200 1040 5255 κακὰ
1075 5201 1347 5271 οἰκονομεῖ
1382 5199 1550 5271 χωρὶς
1601 5200 1701 5270 τῆς
1744 5200 2032 5271 ἑρμηνείας

466 5284 561 5356 τῆς
589 5288 987 5362 ἀποδεδομένης
1011 5291 1092 5355 εἰς
1118 5291 1180 5344 τό
1197 5309 1211 5322 ο
1240 5291 1496 5345 Ἔπεσεν
1527 5290 1644 5345 ἆ.τό
1674 5289 1790 5343 τῶν
1821 5290 2034 5360 χειρῶν

466 5392 599 5444 μου,
625 5378 715 5435 ῐνα
742 5380 835 5436 ἐὰν
865 5382 1029 5454 πέσῃ,
1071 5382 1167 5436 καὶ
1210 5382 1271 5436 τὸ
1302 5381 1455 5446 τέλος
1500 5380 1607 5436 τῶν
1647 5379 2032 5455 πλασσομένων

473 5470 650 5527 κακῶν
669 5474 768 5528 οὐκ
797 5471 913 5528 οἶδα
938 5474 1175 5529 ποταπὸν
1197 5475 1439 5547 γένηται.

539 5580 777 5640 'Jerem.
810 5600 959 5648 xsvr,
999 5586 1053 5639 3.
1129 5585 1149 5616 "
1178 5584 1375 5640 Jercm.
1411 5601 1563 5650 xvm,
1609 5586 1686 5641 ll.

549 5692 620 5764 (l)
662 5694 844 5752 Codex
880 5693 1146 5757 Vaticau.,
1176 5695 1358 5769 ἄνδρα.

2134 4475 2346 4532 cadere.
2372 4474 2505 4530 Date
2534 4490 2755 4546 operam
2784 4483 2844 4529 ut
2885 4491 2917 4530 e
2948 4490 3114 4530 manu
3143 4490 3263 4530 mea
3308 4470 3595 4536 excidant,
3642 4479 3701 4525 ut

2133 4583 2196 4623 ea
2225 4584 2346 4638 qua:
2372 4570 2517 4638 fingo
2538 4583 2701 4639 super
2721 4582 2820 4623 vos
2844 4568 2986 4623 mala
3014 4577 3217 4623 mutem
3239 4574 3293 4620 et
3316 4563 3510 4619 faciam
3535 4563 3699 4618 bona.

2135 4658 2287 4715 Haud
2314 4660 2575 4725 invenies,
2597 4657 2734 4713 Ecce
2757 4659 2898 4730 ﬁngo
2918 4674 3075 4726 super
3100 4673 3188 4711 vos
3208 4654 3367 4720 bona,
3390 4665 3446 4710 et
3471 4669 3593 4725 quae
3616 4654 3704 4710 his

2134 4760 2497 4807 consentanea
2534 4751 2761 4807 dicenda
2812 4749 2975 4819 250
3007 4748 3205 4812 forent,
3253 4757 3314 4803 ut
3352 4748 3699 4818 postmodum

2135 4842 2385 4898 ostendat
2409 4856 2469 4898 se
2495 4857 2618 4911 quae
2645 4842 2799 4912 tingit
2822 4842 2965 4895 bona
2986 4841 3259 4897 dimittere
3286 4856 3316 4896 e
3341 4840 3611 4904 manibus,
3639 4847 3700 4894 ut

2136 4932 2301 4989 faciat
2349 4933 2464 5005 ipsa
2514 4933 2692 4999 mala;
2723 4931 2818 4987 sed
2865 4931 3021 5003 fingit
3066 4932 3210 4987 mala
3243 4932 3399 5003 juxta
3440 4930 3698 4985 traditum

2135 5025 2467 5096 exemplum,
2500 5033 2555 5080 et
2593 5024 2735 5078 mala
2765 5023 2975 5094 [ingens
3011 5023 3121 5078 alio
3143 5025 3362 5092 insuper
3397 5022 3559 5077 modo
3580 5018 3694 5073 dis-

2135 5128 2349 5190 pensat,
2388 5132 2551 5189 quam
2596 5133 2706 5187 quo
2751 5116 3113 5186 explicuimus
3156 5116 3283 5171 illud
3317 5131 3332 5168 :
3391 5112 3592 5169 Cecidit
3632 5112 3700 5165 de

2138 5211 2381 5266 manibus
2412 5211 2563 5277 meis,
2591 5220 2650 5265 ut
2675 5225 2798 5265 cum
2825 5206 3100 5274 ceciderit,
3115 5209 3280 5263 etiam
3307 5206 3554 5263 lictorum
3585 5219 3704 5260 ma-

2139 5304 2316 5360 lorum
2355 5303 2477 5359 linis
2503 5302 2689 5360 nescio
2709 5301 2888 5372 qualis
2914 5299 3185 5356 adveniat.
