  <div class='ocr_page' id='page_1' title='image "/cluster/home/n/w/nwhite01/storage/ocr_20150623/13/mdp.39015007036059/241.png"; bbox 0 0 4218 6292; ppageno 0'>
   <div class='ocr_carea' id='block_1_1' title="bbox 525 377 632 433">
    <p class='ocr_par' dir='ltr' id='par_1_1' title="bbox 525 377 632 433">
     <span class='ocr_line' id='line_1_1' title="bbox 525 377 632 433; baseline 0 -1"><span class='ocrx_word' id='word_1_1' title='bbox 525 377 632 433; x_wconf 60' lang='grc' dir='ltr'>ιιι)</span> 
     </span>
    </p>
   </div>
   <div class='ocr_carea' id='block_1_2' title="bbox 592 496 2162 574">
    <p class='ocr_par' dir='ltr' id='par_1_2' title="bbox 592 496 2162 574">
     <span class='ocr_line' id='line_1_2' title="bbox 592 496 2162 574; baseline 0.009 -24"><span class='ocrx_word' id='word_1_2' title='bbox 592 496 647 550; x_wconf 83' lang='grc'><strong>8.</strong></span> <span class='ocrx_word' id='word_1_3' title='bbox 691 500 972 552; x_wconf 71' lang='grc' dir='ltr'>,ιὶυενιαιιιν</span> <span class='ocrx_word' id='word_1_4' title='bbox 1003 510 1124 554; x_wconf 81' lang='lat' dir='ltr'><strong>tunc</strong></span> <span class='ocrx_word' id='word_1_5' title='bbox 1150 503 1499 574; x_wconf 76' lang='lat' dir='ltr'><strong>unusquisque</strong></span> <span class='ocrx_word' id='word_1_6' title='bbox 1521 523 1554 560; x_wconf 89' lang='lat' dir='ltr'><strong>a</strong></span> <span class='ocrx_word' id='word_1_7' title='bbox 1576 508 1661 561; x_wconf 83' lang='lat' dir='ltr'><strong>via</strong></span> <span class='ocrx_word' id='word_1_8' title='bbox 1695 524 1792 562; x_wconf 84' lang='lat' dir='ltr'><strong>sua</strong></span> <span class='ocrx_word' id='word_1_9' title='bbox 1825 508 1967 562; x_wconf 89' lang='lat' dir='ltr'><strong>mala</strong></span> <span class='ocrx_word' id='word_1_10' title='bbox 1991 549 2006 573; x_wconf 92' lang='lat'><strong>,</strong></span> <span class='ocrx_word' id='word_1_11' title='bbox 2038 519 2086 562; x_wconf 84' lang='lat' dir='ltr'><strong>et</strong></span> <span class='ocrx_word' id='word_1_12' title='bbox 2118 512 2162 567; x_wconf 85' lang='lat' dir='ltr'><strong>A</strong></span> 
     </span>
    </p>
   </div>
   <div class='ocr_carea' id='block_1_3' title="bbox 518 851 2083 937">
    <p class='ocr_par' dir='ltr' id='par_1_3' title="bbox 518 851 2083 937">
     <span class='ocr_line' id='line_1_3' title="bbox 518 851 2083 937; baseline 0.014 -32"><span class='ocrx_word' id='word_1_13' title='bbox 518 852 598 905; x_wconf 83' lang='lat' dir='ltr'><strong>eis</strong></span> <span class='ocrx_word' id='word_1_14' title='bbox 623 851 901 909; x_wconf 86' lang='lat' dir='ltr'><strong>Dominus.</strong></span> <span class='ocrx_word' id='word_1_15' title='bbox 935 856 997 909; x_wconf 80' lang='lat' dir='ltr'><strong>Et</strong></span> <span class='ocrx_word' id='word_1_16' title='bbox 1022 874 1167 915; x_wconf 89' lang='lat' dir='ltr'><strong>nunc</strong></span> <span class='ocrx_word' id='word_1_17' title='bbox 1198 877 1291 930; x_wconf 89' lang='lat' dir='ltr'><strong>per</strong></span> <span class='ocrx_word' id='word_1_18' title='bbox 1320 879 1383 918; x_wconf 87' lang='lat' dir='ltr'><strong>ea</strong></span> <span class='ocrx_word' id='word_1_19' title='bbox 1403 880 1525 934; x_wconf 72' lang='lat' dir='ltr'><strong>qua:</strong></span> <span class='ocrx_word' id='word_1_20' title='bbox 1547 869 1747 937; x_wconf 89' lang='lat' dir='ltr'><strong>scripta</strong></span> <span class='ocrx_word' id='word_1_21' title='bbox 1776 871 2083 927; x_wconf 90' lang='lat' dir='ltr'><strong>suntdicit:</strong></span> 
     </span>
    </p>
   </div>
   <div class='ocr_carea' id='block_1_4' title="bbox 517 940 2087 1032">
    <p class='ocr_par' dir='ltr' id='par_1_4' title="bbox 517 940 2087 1032">
     <span class='ocr_line' id='line_1_4' title="bbox 517 940 2087 1032; baseline 0.016 -40"><span class='ocrx_word' id='word_1_22' title='bbox 517 940 801 994; x_wconf 76' lang='lat' dir='ltr'><strong>Avertatur</strong></span> <span class='ocrx_word' id='word_1_23' title='bbox 841 949 1194 1018; x_wconf 80' lang='lat' dir='ltr'><strong>unusquisque</strong></span> <span class='ocrx_word' id='word_1_24' title='bbox 1245 969 1277 1006; x_wconf 90' lang='lat' dir='ltr'><strong>a</strong></span> <span class='ocrx_word' id='word_1_25' title='bbox 1316 955 1403 1007; x_wconf 85' lang='lat' dir='ltr'><strong>via</strong></span> <span class='ocrx_word' id='word_1_26' title='bbox 1432 972 1532 1010; x_wconf 88' lang='lat' dir='ltr'><strong>sua</strong></span> <span class='ocrx_word' id='word_1_27' title='bbox 1578 958 1740 1013; x_wconf 84' lang='lat' dir='ltr'><strong>mala.</strong></span> <span class='ocrx_word' id='word_1_28' title='bbox 1797 959 1937 1015; x_wconf 89' lang='lat' dir='ltr'><strong>Idem</strong></span> <span class='ocrx_word' id='word_1_29' title='bbox 1972 962 2087 1032; x_wconf 82' lang='lat' dir='ltr'><strong>ipse</strong></span> 
     </span>
    </p>
   </div>
   <div class='ocr_carea' id='block_1_5' title="bbox 515 1028 2085 1120">
    <p class='ocr_par' dir='ltr' id='par_1_5' title="bbox 515 1028 2085 1120">
     <span class='ocr_line' id='line_1_5' title="bbox 515 1028 2085 1120; baseline 0.015 -38"><span class='ocrx_word' id='word_1_30' title='bbox 515 1028 778 1088; x_wconf 82' lang='lat' dir='ltr'><strong>Dominus</strong></span> <span class='ocrx_word' id='word_1_31' title='bbox 826 1042 879 1089; x_wconf 84' lang='lat' dir='ltr'><strong>te</strong></span> <span class='ocrx_word' id='word_1_32' title='bbox 911 1036 1226 1107; x_wconf 75' lang='lat' dir='ltr'><strong>alloquitur,</strong></span> <span class='ocrx_word' id='word_1_33' title='bbox 1258 1043 1448 1099; x_wconf 89' lang='lat' dir='ltr'><strong>dicens</strong></span> <span class='ocrx_word' id='word_1_34' title='bbox 1478 1061 1492 1098; x_wconf 87' lang='lat'><strong>:</strong></span> <span class='ocrx_word' id='word_1_35' title='bbox 1558 1045 1628 1102; x_wconf 84' lang='lat' dir='ltr'><strong>Et</strong></span> <span class='ocrx_word' id='word_1_36' title='bbox 1660 1048 1882 1104; x_wconf 81' lang='lat' dir='ltr'><strong>meliora</strong></span> <span class='ocrx_word' id='word_1_37' title='bbox 1927 1028 2085 1120; x_wconf 72' lang='lat' dir='ltr'><strong>facile</strong></span> 
     </span>
    </p>
   </div>
   <div class='ocr_carea' id='block_1_6' title="bbox 513 1122 2082 1209">
    <p class='ocr_par' dir='ltr' id='par_1_6' title="bbox 513 1122 2082 1209">
     <span class='ocr_line' id='line_1_6' title="bbox 513 1122 2082 1209; baseline 0.017 -36"><span class='ocrx_word' id='word_1_38' title='bbox 513 1122 696 1176; x_wconf 84' lang='lat' dir='ltr'><strong>studia</strong></span> <span class='ocrx_word' id='word_1_39' title='bbox 727 1132 917 1180; x_wconf 75' lang='lat' dir='ltr'><strong>vestra.</strong></span> <span class='ocrx_word' id='word_1_40' title='bbox 937 1127 1005 1182; x_wconf 83' lang='lat' dir='ltr'><strong>At</strong></span> <span class='ocrx_word' id='word_1_41' title='bbox 1038 1134 1439 1201; x_wconf 89' lang='lat' dir='ltr'><strong>responderunt</strong></span> <span class='ocrx_word' id='word_1_42' title='bbox 1468 1137 1522 1191; x_wconf 88' lang='lat' dir='ltr'><strong>hi</strong></span> <span class='ocrx_word' id='word_1_43' title='bbox 1554 1139 1620 1193; x_wconf 90' lang='lat' dir='ltr'><strong>ad</strong></span> <span class='ocrx_word' id='word_1_44' title='bbox 1650 1155 1790 1209; x_wconf 91' lang='lat' dir='ltr'><strong>quos</strong></span> <span class='ocrx_word' id='word_1_45' title='bbox 1827 1143 2082 1199; x_wconf 87' lang='lat' dir='ltr'><strong>cohorta-</strong></span> 
     </span>
    </p>
   </div>
   <div class='ocr_carea' id='block_1_7' title="bbox 515 1212 2082 1303">
    <p class='ocr_par' dir='ltr' id='par_1_7' title="bbox 515 1212 2082 1303">
     <span class='ocr_line' id='line_1_7' title="bbox 515 1212 2082 1303; baseline 0.015 -38"><span class='ocrx_word' id='word_1_46' title='bbox 515 1212 692 1269; x_wconf 82' lang='lat' dir='ltr'><strong>tiones</strong></span> <span class='ocrx_word' id='word_1_47' title='bbox 714 1216 780 1269; x_wconf 88' lang='lat' dir='ltr'><strong>ad</strong></span> <span class='ocrx_word' id='word_1_48' title='bbox 809 1219 1176 1282; x_wconf 69' lang='lat' dir='ltr'><strong>pmnitentiam</strong></span> <span class='ocrx_word' id='word_1_49' title='bbox 1211 1223 1407 1282; x_wconf 73' lang='lat' dir='ltr'><strong>habita:</strong></span> <span class='ocrx_word' id='word_1_50' title='bbox 1429 1238 1573 1284; x_wconf 89' lang='lat' dir='ltr'><strong>sunt.</strong></span> <span class='ocrx_word' id='word_1_51' title='bbox 1617 1220 1911 1289; x_wconf 83' lang='lat' dir='ltr'><strong>Videamus</strong></span> <span class='ocrx_word' id='word_1_52' title='bbox 1952 1235 2082 1303; x_wconf 89' lang='lat' dir='ltr'><strong>quid</strong></span> 
     </span>
    </p>
   </div>
   <div class='ocr_carea' id='block_1_8' title="bbox 514 1306 2079 1392">
    <p class='ocr_par' dir='ltr' id='par_1_8' title="bbox 514 1306 2079 1392">
     <span class='ocr_line' id='line_1_8' title="bbox 514 1306 2079 1392; baseline 0.016 -37"><span class='ocrx_word' id='word_1_53' title='bbox 514 1306 909 1373; x_wconf 79' lang='lat' dir='ltr'><strong>responderint,</strong></span> <span class='ocrx_word' id='word_1_54' title='bbox 944 1326 1010 1362; x_wconf 81' lang='lat' dir='ltr'><strong>ne</strong></span> <span class='ocrx_word' id='word_1_55' title='bbox 1027 1313 1216 1367; x_wconf 83' lang='lat' dir='ltr'><strong>eadem</strong></span> <span class='ocrx_word' id='word_1_56' title='bbox 1261 1325 1315 1370; x_wconf 91' lang='lat' dir='ltr'><strong>et</strong></span> <span class='ocrx_word' id='word_1_57' title='bbox 1338 1333 1438 1373; x_wconf 90' lang='lat' dir='ltr'><strong>nos</strong></span> <span class='ocrx_word' id='word_1_58' title='bbox 1461 1322 1909 1389; x_wconf 88' lang='lat' dir='ltr'><strong>respondeamus.</strong></span> <span class='ocrx_word' id='word_1_59' title='bbox 1939 1324 2079 1392; x_wconf 87' lang='lat' dir='ltr'><strong>Quid</strong></span> 
     </span>
    </p>
   </div>
   <div class='ocr_carea' id='block_1_9' title="bbox 513 1393 2081 1485">
    <p class='ocr_par' dir='ltr' id='par_1_9' title="bbox 513 1393 2081 1485">
     <span class='ocr_line' id='line_1_9' title="bbox 513 1393 2081 1485; baseline 0.017 -39"><span class='ocrx_word' id='word_1_60' title='bbox 513 1393 682 1463; x_wconf 77' lang='lat' dir='ltr'><strong>igitur</strong></span> <span class='ocrx_word' id='word_1_61' title='bbox 709 1402 1079 1467; x_wconf 86' lang='lat' dir='ltr'><strong>respondent?</strong></span> <span class='ocrx_word' id='word_1_62' title='bbox 1108 1404 1545 1474; x_wconf 81' lang='lat' dir='ltr'><strong>Confortabimur</strong></span> <span class='ocrx_word' id='word_1_63' title='bbox 1564 1452 1579 1477; x_wconf 90' lang='lat'><strong>,</strong></span> <span class='ocrx_word' id='word_1_64' title='bbox 1623 1415 1750 1484; x_wconf 84' lang='lat' dir='ltr'><strong>quia</strong></span> <span class='ocrx_word' id='word_1_65' title='bbox 1779 1427 1895 1485; x_wconf 85' lang='lat' dir='ltr'><strong>post</strong></span> <span class='ocrx_word' id='word_1_66' title='bbox 1930 1434 2081 1473; x_wconf 82' lang='lat' dir='ltr'><strong>aver-</strong></span> 
     </span>
    </p>
   </div>
   <div class='ocr_carea' id='block_1_10' title="bbox 512 1485 2079 1576">
    <p class='ocr_par' dir='ltr' id='par_1_10' title="bbox 512 1485 2079 1576">
     <span class='ocr_line' id='line_1_10' title="bbox 512 1485 2079 1576; baseline 0.017 -39"><span class='ocrx_word' id='word_1_67' title='bbox 512 1485 686 1540; x_wconf 85' lang='lat' dir='ltr'><strong>siones</strong></span> <span class='ocrx_word' id='word_1_68' title='bbox 707 1499 916 1544; x_wconf 82' lang='lat' dir='ltr'><strong>nostras</strong></span> <span class='ocrx_word' id='word_1_69' title='bbox 956 1493 1180 1560; x_wconf 76' lang='lat' dir='ltr'><strong>ibimus;</strong></span> <span class='ocrx_word' id='word_1_70' title='bbox 1204 1508 1253 1550; x_wconf 82' lang='lat' dir='ltr'><strong>et</strong></span> <span class='ocrx_word' id='word_1_71' title='bbox 1279 1504 1632 1574; x_wconf 86' lang='lat' dir='ltr'><strong>unusquisque</strong></span> <span class='ocrx_word' id='word_1_72' title='bbox 1672 1507 1872 1576; x_wconf 78' lang='lat' dir='ltr'><strong>placita</strong></span> <span class='ocrx_word' id='word_1_73' title='bbox 1906 1512 2079 1564; x_wconf 88' lang='lat' dir='ltr'><strong>cordis</strong></span> 
     </span>
    </p>
   </div>
   <div class='ocr_carea' id='block_1_11' title="bbox 511 1577 2076 1667">
    <p class='ocr_par' dir='ltr' id='par_1_11' title="bbox 511 1577 2076 1667">
     <span class='ocr_line' id='line_1_11' title="bbox 511 1577 2076 1667; baseline 0.018 -38"><span class='ocrx_word' id='word_1_74' title='bbox 511 1577 597 1631; x_wconf 82' lang='lat' dir='ltr'><strong>sui</strong></span> <span class='ocrx_word' id='word_1_75' title='bbox 624 1580 753 1633; x_wconf 85' lang='lat' dir='ltr'><strong>mali</strong></span> <span class='ocrx_word' id='word_1_76' title='bbox 775 1583 1029 1650; x_wconf 79' lang='lat' dir='ltr'><strong>faciemus</strong></span> <span class='ocrx_word' id='word_1_77' title='bbox 1063 1586 1105 1640; x_wconf 76' lang='grc'><strong>⁸.</strong></span> <span class='ocrx_word' id='word_1_78' title='bbox 1140 1587 1292 1654; x_wconf 88' lang='lat' dir='ltr'><strong>Quod</strong></span> <span class='ocrx_word' id='word_1_79' title='bbox 1321 1593 1365 1645; x_wconf 88' lang='lat' dir='ltr'><strong>si</strong></span> <span class='ocrx_word' id='word_1_80' title='bbox 1396 1593 1446 1647; x_wconf 88' lang='lat' dir='ltr'><strong>id</strong></span> <span class='ocrx_word' id='word_1_81' title='bbox 1478 1597 1658 1651; x_wconf 77' lang='lat' dir='ltr'><strong>verbis</strong></span> <span class='ocrx_word' id='word_1_82' title='bbox 1678 1614 1784 1653; x_wconf 89' lang='lat' dir='ltr'><strong>non</strong></span> <span class='ocrx_word' id='word_1_83' title='bbox 1812 1601 2076 1667; x_wconf 75' lang='lat' dir='ltr'><strong>dixeritis,</strong></span> 
     </span>
    </p>
   </div>
   <div class='ocr_carea' id='block_1_12' title="bbox 511 1666 2078 1759">
    <p class='ocr_par' dir='ltr' id='par_1_12' title="bbox 511 1666 2078 1759">
     <span class='ocr_line' id='line_1_12' title="bbox 511 1666 2078 1759; baseline 0.019 -41"><span class='ocrx_word' id='word_1_84' title='bbox 511 1666 622 1722; x_wconf 75' lang='lat' dir='ltr'><strong>vita</strong></span> <span class='ocrx_word' id='word_1_85' title='bbox 654 1685 781 1727; x_wconf 81' lang='lat' dir='ltr'><strong>vero</strong></span> <span class='ocrx_word' id='word_1_86' title='bbox 807 1683 983 1728; x_wconf 84' lang='lat' dir='ltr'><strong>vestra</strong></span> <span class='ocrx_word' id='word_1_87' title='bbox 1011 1676 1278 1745; x_wconf 86' lang='lat' dir='ltr'><strong>ejusmodi</strong></span> <span class='ocrx_word' id='word_1_88' title='bbox 1303 1682 1374 1736; x_wconf 89' lang='lat' dir='ltr'><strong>sit</strong></span> <span class='ocrx_word' id='word_1_89' title='bbox 1405 1693 1461 1737; x_wconf 88' lang='lat' dir='ltr'><strong>ut</strong></span> <span class='ocrx_word' id='word_1_90' title='bbox 1483 1689 1737 1754; x_wconf 86' lang='lat' dir='ltr'><strong>peccetis,</strong></span> <span class='ocrx_word' id='word_1_91' title='bbox 1772 1692 1996 1759; x_wconf 88' lang='lat' dir='ltr'><strong>perimle</strong></span> <span class='ocrx_word' id='word_1_92' title='bbox 2025 1705 2078 1748; x_wconf 87' lang='lat' dir='ltr'><strong>et</strong></span> 
     </span>
    </p>
   </div>
   <div class='ocr_carea' id='block_1_13' title="bbox 511 1775 2077 1841">
    <p class='ocr_par' dir='ltr' id='par_1_13' title="bbox 511 1775 2077 1841">
     <span class='ocr_line' id='line_1_13' title="bbox 511 1775 2077 1841; baseline 0.019 -30"><span class='ocrx_word' id='word_1_93' title='bbox 511 1775 611 1813; x_wconf 83' lang='lat' dir='ltr'><strong>vos</strong></span> <span class='ocrx_word' id='word_1_94' title='bbox 657 1777 750 1830; x_wconf 92' lang='lat' dir='ltr'><strong>per</strong></span> <span class='ocrx_word' id='word_1_95' title='bbox 783 1781 943 1830; x_wconf 82' lang='lat' dir='ltr'><strong>prava</strong></span> <span class='ocrx_word' id='word_1_96' title='bbox 991 1783 1152 1836; x_wconf 83' lang='lat' dir='ltr'><strong>opera</strong></span> <span class='ocrx_word' id='word_1_97' title='bbox 1199 1782 1319 1840; x_wconf 91' lang='lat' dir='ltr'><strong>post</strong></span> <span class='ocrx_word' id='word_1_98' title='bbox 1365 1776 1757 1836; x_wconf 77' lang='lat' dir='ltr'><strong>cohortationis</strong></span> <span class='ocrx_word' id='word_1_99' title='bbox 1797 1798 2077 1841; x_wconf 78' lang='lat' dir='ltr'><strong>sermones</strong></span> 
     </span>
    </p>
   </div>
   <div class='ocr_carea' id='block_1_14' title="bbox 1989 382 2311 441">
    <p class='ocr_par' dir='ltr' id='par_1_14' title="bbox 1989 382 2311 441">
     <span class='ocr_line' id='line_1_14' title="bbox 1989 382 2311 441; baseline 0 0"><span class='ocrx_word' id='word_1_100' title='bbox 1989 382 2311 441; x_wconf 74' lang='lat' dir='ltr'><strong>ORIGENIS</strong></span> 
     </span>
    </p>
   </div>
   <div class='ocr_carea' id='block_1_15' title="bbox 3667 387 3770 444">
    <p class='ocr_par' dir='ltr' id='par_1_15' title="bbox 3667 387 3770 444">
     <span class='ocr_line' id='line_1_15' title="bbox 3667 387 3770 444; baseline 0 0"><span class='ocrx_word' id='word_1_101' title='bbox 3667 387 3770 444; x_wconf 70' lang='lat'><strong>480</strong></span> 
     </span>
    </p>
   </div>
   <div class='ocr_carea' id='block_1_16' title="bbox 2272 506 3775 578">
    <p class='ocr_par' dir='ltr' id='par_1_16' title="bbox 2272 506 3775 578">
     <span class='ocr_line' id='line_1_16' title="bbox 2272 506 3775 578; baseline 0.001 -17"><span class='ocrx_word' id='word_1_102' title='bbox 2272 507 2722 578; x_wconf 67' lang='grc' dir='ltr'>Ἀποστραφήτω</span> <span class='ocrx_word' id='word_1_103' title='bbox 2751 508 2827 577; x_wconf 73' lang='grc' dir='ltr'>δὴ</span> <span class='ocrx_word' id='word_1_104' title='bbox 2857 508 3112 577; x_wconf 75' lang='grc' dir='ltr'>ἕκαστος</span> <span class='ocrx_word' id='word_1_105' title='bbox 3134 509 3253 565; x_wconf 80' lang='grc' dir='ltr'><strong>ἀπὸ</strong></span> <span class='ocrx_word' id='word_1_106' title='bbox 3287 506 3398 577; x_wconf 80' lang='grc' dir='ltr'>τῆς</span> <span class='ocrx_word' id='word_1_107' title='bbox 3420 508 3775 563; x_wconf 49' lang='grc' dir='ltr'><strong>ὁδοῦαῦτοῦι</strong></span> 
     </span>
    </p>
   </div>
   <div class='ocr_carea' id='block_1_17' title="bbox 2187 594 3850 681">
    <p class='ocr_par' dir='ltr' id='par_1_17' title="bbox 2187 594 3850 681">
     <span class='ocr_line' id='line_1_17' title="bbox 2187 594 3850 681; baseline -0.01 -18"><span class='ocrx_word' id='word_1_108' title='bbox 2187 594 2298 663; x_wconf 83' lang='grc' dir='ltr'><strong>τῆς</strong></span> <span class='ocrx_word' id='word_1_109' title='bbox 2332 595 2621 664; x_wconf 83' lang='grc' dir='ltr'>πονηρᾶς,</span> <span class='ocrx_word' id='word_1_110' title='bbox 2656 597 2754 650; x_wconf 75' lang='grc' dir='ltr'>καὶ</span> <span class='ocrx_word' id='word_1_111' title='bbox 2788 598 3084 651; x_wconf 69' lang='grc' dir='ltr'>καλλίονα</span> <span class='ocrx_word' id='word_1_112' title='bbox 3116 596 3410 667; x_wconf 82' lang='grc' dir='ltr'>ποιήσατε</span> <span class='ocrx_word' id='word_1_113' title='bbox 3448 597 3519 651; x_wconf 78' lang='grc' dir='ltr'>τὰ</span> <span class='ocrx_word' id='word_1_114' title='bbox 3561 597 3765 664; x_wconf 80' lang='grc' dir='ltr'>ἐπιτη-</span> <span class='ocrx_word' id='word_1_115' title='bbox 3844 676 3850 681; x_wconf 22' lang='grc' dir='ltr'><strong><em>ο</em></strong></span> 
     </span>
    </p>
   </div>
   <div class='ocr_carea' id='block_1_18' title="bbox 2186 685 3730 762">
    <p class='ocr_par' dir='ltr' id='par_1_18' title="bbox 2186 685 3730 762">
     <span class='ocr_line' id='line_1_18' title="bbox 2186 685 3730 762; baseline 0.001 -23"><span class='ocrx_word' id='word_1_116' title='bbox 2186 685 2448 754; x_wconf 72' lang='grc' dir='ltr'>δεύματα</span> <span class='ocrx_word' id='word_1_117' title='bbox 2474 685 2658 756; x_wconf 83' lang='grc' dir='ltr'>ὑμῶν.</span> <span class='ocrx_word' id='word_1_118' title='bbox 2692 687 2843 741; x_wconf 84' lang='grc' dir='ltr'>Ἔσθ’</span> <span class='ocrx_word' id='word_1_119' title='bbox 2885 689 2973 742; x_wconf 82' lang='grc' dir='ltr'>ὅτε</span> <span class='ocrx_word' id='word_1_120' title='bbox 3010 690 3060 743; x_wconf 77' lang='lat' dir='ltr'><strong>oi</strong></span> <span class='ocrx_word' id='word_1_121' title='bbox 3104 691 3475 762; x_wconf 73' lang='grc' dir='ltr'>ἀκεραιότεροι</span> <span class='ocrx_word' id='word_1_122' title='bbox 3513 688 3730 758; x_wconf 81' lang='grc' dir='ltr'>λέγουσι</span> 
     </span>
    </p>
   </div>
   <div class='ocr_carea' id='block_1_19' title="bbox 2184 777 3765 850">
    <p class='ocr_par' dir='ltr' id='par_1_19' title="bbox 2184 777 3765 850">
     <span class='ocr_line' id='line_1_19' title="bbox 2184 777 3765 850; baseline 0.004 -21"><span class='ocrx_word' id='word_1_123' title='bbox 2184 777 2457 848; x_wconf 84' lang='grc' dir='ltr'><strong>Μακάριοι</strong></span> <span class='ocrx_word' id='word_1_124' title='bbox 2487 780 2535 830; x_wconf 85' lang='grc' dir='ltr'>οί</span> <span class='ocrx_word' id='word_1_125' title='bbox 2571 778 2915 850; x_wconf 80' lang='grc' dir='ltr'><strong>παλαιότεροι</strong></span> <span class='ocrx_word' id='word_1_126' title='bbox 2942 779 3237 850; x_wconf 74' lang='grc' dir='ltr'>ἄνθρωποι,</span> <span class='ocrx_word' id='word_1_127' title='bbox 3269 782 3351 835; x_wconf 78' lang='grc' dir='ltr'><strong>ὅτι</strong></span> <span class='ocrx_word' id='word_1_128' title='bbox 3385 782 3623 850; x_wconf 71' lang='grc' dir='ltr'>ἥκουσαν</span> <span class='ocrx_word' id='word_1_129' title='bbox 3669 779 3765 835; x_wconf 81' lang='grc' dir='ltr'>τοῦ</span> 
     </span>
    </p>
   </div>
   <div class='ocr_carea' id='block_1_20' title="bbox 2184 865 3765 942">
    <p class='ocr_par' dir='ltr' id='par_1_20' title="bbox 2184 865 3765 942">
     <span class='ocr_line' id='line_1_20' title="bbox 2184 865 3765 942; baseline 0.004 -23"><span class='ocrx_word' id='word_1_130' title='bbox 2184 865 2389 937; x_wconf 84' lang='grc' dir='ltr'>Κυρίου</span> <span class='ocrx_word' id='word_1_131' title='bbox 2412 866 2499 921; x_wconf 81' lang='grc' dir='ltr'>διὰ</span> <span class='ocrx_word' id='word_1_132' title='bbox 2524 867 2617 921; x_wconf 73' lang='grc' dir='ltr'>τοῦ</span> <span class='ocrx_word' id='word_1_133' title='bbox 2648 871 2926 940; x_wconf 81' lang='grc' dir='ltr'><strong>προφήτου</strong></span> <span class='ocrx_word' id='word_1_134' title='bbox 2948 869 3222 940; x_wconf 82' lang='grc' dir='ltr'>λέγοντος·</span> <span class='ocrx_word' id='word_1_135' title='bbox 3252 872 3346 926; x_wconf 81' lang='grc' dir='ltr'>καὶ</span> <span class='ocrx_word' id='word_1_136' title='bbox 3374 872 3637 942; x_wconf 83' lang='grc' dir='ltr'>ἐλάλησεν</span> <span class='ocrx_word' id='word_1_137' title='bbox 3660 871 3765 925; x_wconf 84' lang='grc' dir='ltr'><strong>αὐ-</strong></span> 
     </span>
    </p>
   </div>
   <div class='ocr_carea' id='block_1_21' title="bbox 2181 957 3766 1033">
    <p class='ocr_par' dir='ltr' id='par_1_21' title="bbox 2181 957 3766 1033">
     <span class='ocr_line' id='line_1_21' title="bbox 2181 957 3766 1033; baseline 0.006 -26"><span class='ocrx_word' id='word_1_138' title='bbox 2181 959 2295 1018; x_wconf 82' lang='grc' dir='ltr'>τοῖς</span> <span class='ocrx_word' id='word_1_139' title='bbox 2321 957 2545 1028; x_wconf 79' lang='grc' dir='ltr'>Κύριος,</span> <span class='ocrx_word' id='word_1_140' title='bbox 2569 957 2684 1025; x_wconf 71' lang='grc' dir='ltr'>καὶ,</span> <span class='ocrx_word' id='word_1_141' title='bbox 2712 959 2787 1023; x_wconf 83' lang='grc' dir='ltr'>ὡς</span> <span class='ocrx_word' id='word_1_142' title='bbox 2821 959 2967 1028; x_wconf 81' lang='grc' dir='ltr'><strong>λέγει</strong></span> <span class='ocrx_word' id='word_1_143' title='bbox 3003 960 3098 1015; x_wconf 75' lang='grc' dir='ltr'>νῦν</span> <span class='ocrx_word' id='word_1_144' title='bbox 3142 963 3345 1033; x_wconf 83' lang='grc' dir='ltr'>Κύριος</span> <span class='ocrx_word' id='word_1_145' title='bbox 3363 1001 3378 1024; x_wconf 92' lang='grc'><strong>,</strong></span> <span class='ocrx_word' id='word_1_146' title='bbox 3411 961 3499 1015; x_wconf 87' lang='grc' dir='ltr'>διὰ</span> <span class='ocrx_word' id='word_1_147' title='bbox 3530 963 3638 1015; x_wconf 87' lang='grc' dir='ltr'><strong>τῶν</strong></span> <span class='ocrx_word' id='word_1_148' title='bbox 3665 979 3766 1031; x_wconf 83' lang='grc' dir='ltr'>γε-</span> 
     </span>
    </p>
   </div>
   <div class='ocr_carea' id='block_1_22' title="bbox 2181 1047 3761 1120">
    <p class='ocr_par' dir='ltr' id='par_1_22' title="bbox 2181 1047 3761 1120">
     <span class='ocr_line' id='line_1_22' title="bbox 2181 1047 3761 1120; baseline 0.005 -21"><span class='ocrx_word' id='word_1_149' title='bbox 2181 1047 2516 1117; x_wconf 83' lang='grc' dir='ltr'>γραμμένων</span> <span class='ocrx_word' id='word_1_150' title='bbox 2560 1049 2621 1103; x_wconf 90' lang='grc' dir='ltr'><strong>τό</strong></span> <span class='ocrx_word' id='word_1_151' title='bbox 2642 1066 2658 1080; x_wconf 70' lang='grc' dir='ltr'><strong>ο</strong></span> <span class='ocrx_word' id='word_1_152' title='bbox 2725 1050 3306 1120; x_wconf 68' lang='grc' dir='ltr'>Ἀποστραξρήτωσαν</span> <span class='ocrx_word' id='word_1_153' title='bbox 3344 1052 3596 1118; x_wconf 72' lang='grc' dir='ltr'>ἕκαστος</span> <span class='ocrx_word' id='word_1_154' title='bbox 3640 1053 3761 1107; x_wconf 66' lang='lat' dir='ltr'><strong>dmi</strong></span> 
     </span>
    </p>
   </div>
   <div class='ocr_carea' id='block_1_23' title="bbox 2179 1138 3763 1216">
    <p class='ocr_par' dir='ltr' id='par_1_23' title="bbox 2179 1138 3763 1216">
     <span class='ocr_line' id='line_1_23' title="bbox 2179 1138 3763 1216; baseline 0.001 -24"><span class='ocrx_word' id='word_1_155' title='bbox 2179 1138 2290 1207; x_wconf 85' lang='grc' dir='ltr'><strong>τῆς</strong></span> <span class='ocrx_word' id='word_1_156' title='bbox 2315 1140 2458 1194; x_wconf 83' lang='grc' dir='ltr'>ὀδοῦ</span> <span class='ocrx_word' id='word_1_157' title='bbox 2490 1142 2676 1196; x_wconf 84' lang='grc' dir='ltr'>αὑτοῦ</span> <span class='ocrx_word' id='word_1_158' title='bbox 2709 1141 2820 1211; x_wconf 79' lang='grc' dir='ltr'>τῆς</span> <span class='ocrx_word' id='word_1_159' title='bbox 2850 1142 3145 1211; x_wconf 78' lang='grc' dir='ltr'>πονηρᾶς·</span> <span class='ocrx_word' id='word_1_160' title='bbox 3180 1143 3341 1207; x_wconf 75' lang='grc' dir='ltr'>αὑτδς</span> <span class='ocrx_word' id='word_1_161' title='bbox 3364 1145 3393 1196; x_wconf 77' lang='grc' dir='ltr'><strong>ὁ</strong></span> <span class='ocrx_word' id='word_1_162' title='bbox 3425 1144 3625 1216; x_wconf 83' lang='grc' dir='ltr'>Κύριος</span> <span class='ocrx_word' id='word_1_163' title='bbox 3646 1145 3763 1199; x_wconf 50' lang='grc' dir='ltr'>διαφ</span> 
     </span>
    </p>
   </div>
   <div class='ocr_carea' id='block_1_24' title="bbox 2179 1228 3765 1302">
    <p class='ocr_par' dir='ltr' id='par_1_24' title="bbox 2179 1228 3765 1302">
     <span class='ocr_line' id='line_1_24' title="bbox 2179 1228 3765 1302; baseline 0.006 -20"><span class='ocrx_word' id='word_1_164' title='bbox 2179 1228 2395 1299; x_wconf 82' lang='grc' dir='ltr'>λέγεταί</span> <span class='ocrx_word' id='word_1_165' title='bbox 2438 1248 2518 1284; x_wconf 93' lang='grc' dir='ltr'><strong>σοι</strong></span> <span class='ocrx_word' id='word_1_166' title='bbox 2557 1233 2812 1302; x_wconf 82' lang='grc' dir='ltr'><strong>φάσκων·</strong></span> <span class='ocrx_word' id='word_1_167' title='bbox 2872 1235 2987 1288; x_wconf 77' lang='grc' dir='ltr'>Καί</span> <span class='ocrx_word' id='word_1_168' title='bbox 3032 1236 3327 1289; x_wconf 66' lang='grc' dir='ltr'>καλλίονα</span> <span class='ocrx_word' id='word_1_169' title='bbox 3370 1235 3660 1302; x_wconf 83' lang='grc' dir='ltr'>ποιήσατε</span> <span class='ocrx_word' id='word_1_170' title='bbox 3687 1236 3765 1292; x_wconf 77' lang='grc' dir='ltr'>τὰ</span> 
     </span>
    </p>
   </div>
   <div class='ocr_carea' id='block_1_25' title="bbox 2178 1318 3760 1398">
    <p class='ocr_par' dir='ltr' id='par_1_25' title="bbox 2178 1318 3760 1398">
     <span class='ocr_line' id='line_1_25' title="bbox 2178 1318 3760 1398; baseline 0.005 -27"><span class='ocrx_word' id='word_1_171' title='bbox 2178 1318 2609 1390; x_wconf 79' lang='grc' dir='ltr'>ἐπιτηδεύματα</span> <span class='ocrx_word' id='word_1_172' title='bbox 2630 1322 2819 1392; x_wconf 75' lang='grc' dir='ltr'><strong>ὑμῶν.</strong></span> <span class='ocrx_word' id='word_1_173' title='bbox 2867 1324 3006 1378; x_wconf 81' lang='grc' dir='ltr'>Ἀλλ’</span> <span class='ocrx_word' id='word_1_174' title='bbox 3037 1325 3400 1397; x_wconf 78' lang='grc' dir='ltr'>ἀπεκρίναντο</span> <span class='ocrx_word' id='word_1_175' title='bbox 3435 1318 3600 1392; x_wconf 76' lang='grc' dir='ltr'>οὗτοι,</span> <span class='ocrx_word' id='word_1_176' title='bbox 3622 1327 3760 1398; x_wconf 80' lang='grc' dir='ltr'>πρὸς</span> 
     </span>
    </p>
   </div>
   <div class='ocr_carea' id='block_1_26' title="bbox 2178 1408 3755 1488">
    <p class='ocr_par' dir='ltr' id='par_1_26' title="bbox 2178 1408 3755 1488">
     <span class='ocr_line' id='line_1_26' title="bbox 2178 1408 3755 1488; baseline 0.006 -25"><span class='ocrx_word' id='word_1_177' title='bbox 2178 1408 2271 1472; x_wconf 83' lang='grc' dir='ltr'><strong>οὒς</strong></span> <span class='ocrx_word' id='word_1_178' title='bbox 2298 1413 2348 1464; x_wconf 90' lang='grc' dir='ltr'><strong>οί</strong></span> <span class='ocrx_word' id='word_1_179' title='bbox 2392 1416 2780 1485; x_wconf 69' lang='grc' dir='ltr'>προτρεπτικοὶ</span> <span class='ocrx_word' id='word_1_180' title='bbox 2836 1417 2962 1488; x_wconf 77' lang='grc' dir='ltr'>περὶ</span> <span class='ocrx_word' id='word_1_181' title='bbox 2992 1418 3278 1487; x_wconf 88' lang='grc' dir='ltr'>μετανοίας</span> <span class='ocrx_word' id='word_1_182' title='bbox 3310 1418 3553 1488; x_wconf 62' lang='grc' dir='ltr'>εἴρηνται</span> <span class='ocrx_word' id='word_1_183' title='bbox 3586 1417 3755 1487; x_wconf 75' lang='grc' dir='ltr'>λόγοι.</span> 
     </span>
    </p>
   </div>
   <div class='ocr_carea' id='block_1_27' title="bbox 2178 1502 3757 1579">
    <p class='ocr_par' dir='ltr' id='par_1_27' title="bbox 2178 1502 3757 1579">
     <span class='ocr_line' id='line_1_27' title="bbox 2178 1502 3757 1579; baseline 0.006 -25"><span class='ocrx_word' id='word_1_184' title='bbox 2178 1502 2286 1555; x_wconf 76' lang='grc' dir='ltr'><strong>Καὶ</strong></span> <span class='ocrx_word' id='word_1_185' title='bbox 2312 1503 2510 1573; x_wconf 77' lang='grc' dir='ltr'>ἴδωμεν</span> <span class='ocrx_word' id='word_1_186' title='bbox 2535 1506 2586 1558; x_wconf 90' lang='grc' dir='ltr'><strong>τί</strong></span> <span class='ocrx_word' id='word_1_187' title='bbox 2610 1506 2991 1578; x_wconf 86' lang='grc' dir='ltr'>ἀπεκρίναντο,</span> <span class='ocrx_word' id='word_1_188' title='bbox 3023 1506 3110 1560; x_wconf 73' lang='grc' dir='ltr'><strong>ἵνα</strong></span> <span class='ocrx_word' id='word_1_189' title='bbox 3142 1507 3216 1579; x_wconf 79' lang='grc' dir='ltr'>μὴ</span> <span class='ocrx_word' id='word_1_190' title='bbox 3233 1508 3325 1560; x_wconf 69' lang='grc' dir='ltr'><strong>καὶ</strong></span> <span class='ocrx_word' id='word_1_191' title='bbox 3349 1510 3512 1578; x_wconf 78' lang='grc' dir='ltr'>ἡμεῖς</span> <span class='ocrx_word' id='word_1_192' title='bbox 3535 1509 3757 1563; x_wconf 74' lang='grc' dir='ltr'>τοιαῦτα</span> 
     </span>
    </p>
   </div>
   <div class='ocr_carea' id='block_1_28' title="bbox 2176 1592 3757 1673">
    <p class='ocr_par' dir='ltr' id='par_1_28' title="bbox 2176 1592 3757 1673">
     <span class='ocr_line' id='line_1_28' title="bbox 2176 1592 3757 1673; baseline 0.006 -28"><span class='ocrx_word' id='word_1_193' title='bbox 2176 1592 2622 1667; x_wconf 69' lang='grc' dir='ltr'>ἀποκρινώμεθα.</span> <span class='ocrx_word' id='word_1_194' title='bbox 2661 1597 2727 1650; x_wconf 87' lang='grc' dir='ltr'>Τί</span> <span class='ocrx_word' id='word_1_195' title='bbox 2751 1593 2846 1650; x_wconf 76' lang='grc' dir='ltr'>οὖν</span> <span class='ocrx_word' id='word_1_196' title='bbox 2875 1598 3291 1673; x_wconf 80' lang='grc' dir='ltr'><strong>ἀποκρινόμενοι</strong></span> <span class='ocrx_word' id='word_1_197' title='bbox 3319 1598 3598 1669; x_wconf 83' lang='grc' dir='ltr'>λέγουσιν;</span> <span class='ocrx_word' id='word_1_198' title='bbox 3637 1601 3757 1655; x_wconf 78' lang='grc' dir='ltr'><strong>Ἁν-</strong></span> 
     </span>
    </p>
   </div>
   <div class='ocr_carea' id='block_1_29' title="bbox 2175 1681 3756 1762">
    <p class='ocr_par' dir='ltr' id='par_1_29' title="bbox 2175 1681 3756 1762">
     <span class='ocr_line' id='line_1_29' title="bbox 2175 1681 3756 1762; baseline 0.008 -27"><span class='ocrx_word' id='word_1_199' title='bbox 2175 1681 2542 1754; x_wconf 80' lang='grc' dir='ltr'>δρειούμεθα,</span> <span class='ocrx_word' id='word_1_200' title='bbox 2593 1686 2683 1740; x_wconf 86' lang='grc' dir='ltr'>ὅτι</span> <span class='ocrx_word' id='word_1_201' title='bbox 2727 1688 2919 1741; x_wconf 80' lang='grc' dir='ltr'><strong>ὀπίσω</strong></span> <span class='ocrx_word' id='word_1_202' title='bbox 2972 1687 3092 1742; x_wconf 80' lang='grc' dir='ltr'><strong>τῶν</strong></span> <span class='ocrx_word' id='word_1_203' title='bbox 3139 1689 3537 1759; x_wconf 75' lang='grc' dir='ltr'>ἀποστροφῶν</span> <span class='ocrx_word' id='word_1_204' title='bbox 3589 1692 3756 1762; x_wconf 78' lang='grc' dir='ltr'><strong>ἡμῶν</strong></span> 
     </span>
    </p>
   </div>
   <div class='ocr_carea' id='block_1_30' title="bbox 2177 1777 3753 1851">
    <p class='ocr_par' dir='ltr' id='par_1_30' title="bbox 2177 1777 3753 1851">
     <span class='ocr_line' id='line_1_30' title="bbox 2177 1777 3753 1851; baseline 0.006 -24"><span class='ocrx_word' id='word_1_205' title='bbox 2177 1779 2609 1846; x_wconf 79' lang='grc' dir='ltr'><strong>πορευσόμεθα,</strong></span> <span class='ocrx_word' id='word_1_206' title='bbox 2640 1777 2740 1831; x_wconf 80' lang='grc' dir='ltr'>καὶ</span> <span class='ocrx_word' id='word_1_207' title='bbox 2763 1777 3020 1845; x_wconf 81' lang='grc' dir='ltr'>ἕκαστος</span> <span class='ocrx_word' id='word_1_208' title='bbox 3042 1780 3115 1834; x_wconf 84' lang='grc' dir='ltr'>τὰ</span> <span class='ocrx_word' id='word_1_209' title='bbox 3136 1780 3361 1847; x_wconf 79' lang='grc' dir='ltr'>ἀρεστὰ</span> <span class='ocrx_word' id='word_1_210' title='bbox 3385 1779 3495 1848; x_wconf 82' lang='grc' dir='ltr'>τῆς</span> <span class='ocrx_word' id='word_1_211' title='bbox 3508 1782 3753 1851; x_wconf 77' lang='grc' dir='ltr'><strong>καρδίας</strong></span> 
     </span>
    </p>
   </div>
   <div class='ocr_carea' id='block_1_31' title="bbox 510 1850 2130 1945">
    <p class='ocr_par' dir='ltr' id='par_1_31' title="bbox 510 1850 2130 1932">
     <span class='ocr_line' id='line_1_31' title="bbox 510 1850 2130 1932; baseline 0.015 -29"><span class='ocrx_word' id='word_1_212' title='bbox 510 1850 725 1905; x_wconf 78' lang='lat' dir='ltr'><strong>dicitis:</strong></span> <span class='ocrx_word' id='word_1_213' title='bbox 760 1852 1211 1925; x_wconf 78' lang='lat' dir='ltr'><strong>Couforlabimur,</strong></span> <span class='ocrx_word' id='word_1_214' title='bbox 1238 1863 1364 1931; x_wconf 85' lang='lat' dir='ltr'><strong>quia</strong></span> <span class='ocrx_word' id='word_1_215' title='bbox 1396 1874 1512 1932; x_wconf 82' lang='lat' dir='ltr'><strong>post</strong></span> <span class='ocrx_word' id='word_1_216' title='bbox 1545 1870 1837 1925; x_wconf 82' lang='lat' dir='ltr'><strong>aversiones</strong></span> <span class='ocrx_word' id='word_1_217' title='bbox 1866 1883 2074 1927; x_wconf 78' lang='lat' dir='ltr'><strong>nostras</strong></span> <span class='ocrx_word' id='word_1_218' title='bbox 2108 1852 2130 1908; x_wconf 67' lang='grc' dir='ltr'>Ῑ</span> 
     </span>
    </p>
   </div>
   <div class='ocr_carea' id='block_1_32' title="bbox 2179 1850 3762 1945">
    <p class='ocr_par' dir='ltr' id='par_1_32' title="bbox 2179 1850 3762 1945">
     <span class='ocr_line' id='line_1_32' title="bbox 2179 1850 3762 1945; baseline 0.006 -27"><span class='ocrx_word' id='word_1_219' title='bbox 2179 1866 2362 1920; x_wconf 78' lang='grc' dir='ltr'><strong>αὐτοῦ</strong></span> <span class='ocrx_word' id='word_1_220' title='bbox 2408 1866 2516 1936; x_wconf 78' lang='grc' dir='ltr'>τῆς</span> <span class='ocrx_word' id='word_1_221' title='bbox 2548 1865 2815 1936; x_wconf 75' lang='grc' dir='ltr'>πονηρᾶς</span> <span class='ocrx_word' id='word_1_222' title='bbox 2854 1867 3206 1939; x_wconf 80' lang='grc' dir='ltr'>ποιήσομεν.</span> <span class='ocrx_word' id='word_1_223' title='bbox 3263 1870 3373 1924; x_wconf 74' lang='grc' dir='ltr'><strong>Καὶ</strong></span> <span class='ocrx_word' id='word_1_224' title='bbox 3407 1870 3474 1925; x_wconf 79' lang='grc' dir='ltr'>ἂν</span> <span class='ocrx_word' id='word_1_225' title='bbox 3512 1850 3611 1945; x_wconf 14' lang='grc' dir='ltr'>μὴί·</span> <span class='ocrx_word' id='word_1_226' title='bbox 3632 1877 3762 1940; x_wconf 66' lang='grc' dir='ltr'>ταῖς</span> 
     </span>
    </p>
   </div>
   <div class='ocr_carea' id='block_1_33' title="bbox 511 1940 2073 2030">
    <p class='ocr_par' dir='ltr' id='par_1_33' title="bbox 511 1940 2073 2030">
     <span class='ocr_line' id='line_1_33' title="bbox 511 1940 2073 2030; baseline 0.015 -37"><span class='ocrx_word' id='word_1_227' title='bbox 511 1940 739 2005; x_wconf 84' lang='lat' dir='ltr'><strong>ibimus;</strong></span> <span class='ocrx_word' id='word_1_228' title='bbox 774 1954 825 1995; x_wconf 87' lang='lat' dir='ltr'><strong>et</strong></span> <span class='ocrx_word' id='word_1_229' title='bbox 852 1950 1202 2018; x_wconf 77' lang='lat' dir='ltr'><strong>unusquisque</strong></span> <span class='ocrx_word' id='word_1_230' title='bbox 1223 1950 1422 2018; x_wconf 86' lang='lat' dir='ltr'><strong>placita</strong></span> <span class='ocrx_word' id='word_1_231' title='bbox 1448 1956 1623 2009; x_wconf 90' lang='lat' dir='ltr'><strong>cordis</strong></span> <span class='ocrx_word' id='word_1_232' title='bbox 1654 1959 1739 2011; x_wconf 86' lang='lat' dir='ltr'><strong>sui</strong></span> <span class='ocrx_word' id='word_1_233' title='bbox 1758 1961 1885 2013; x_wconf 73' lang='lat' dir='ltr'><strong>mali</strong></span> <span class='ocrx_word' id='word_1_234' title='bbox 1908 1962 2073 2030; x_wconf 77' lang='lat' dir='ltr'><strong>facie-</strong></span> 
     </span>
    </p>
   </div>
   <div class='ocr_carea' id='block_1_34' title="bbox 510 2032 2073 2110">
    <p class='ocr_par' dir='ltr' id='par_1_34' title="bbox 510 2032 2073 2110">
     <span class='ocr_line' id='line_1_34' title="bbox 510 2032 2073 2110; baseline 0.019 -31"><span class='ocrx_word' id='word_1_235' title='bbox 510 2044 647 2083; x_wconf 84' lang='lat' dir='ltr'><strong>mus.</strong></span> <span class='ocrx_word' id='word_1_236' title='bbox 699 2032 836 2097; x_wconf 83' lang='lat' dir='ltr'><strong>Quid</strong></span> <span class='ocrx_word' id='word_1_237' title='bbox 870 2050 1033 2104; x_wconf 88' lang='lat' dir='ltr'><strong>porro</strong></span> <span class='ocrx_word' id='word_1_238' title='bbox 1078 2039 1179 2093; x_wconf 82' lang='lat' dir='ltr'><strong>sibi</strong></span> <span class='ocrx_word' id='word_1_239' title='bbox 1226 2041 1336 2095; x_wconf 79' lang='lat' dir='ltr'><strong>vult</strong></span> <span class='ocrx_word' id='word_1_240' title='bbox 1372 2043 1560 2099; x_wconf 88' lang='lat' dir='ltr'><strong>istud:</strong></span> <span class='ocrx_word' id='word_1_241' title='bbox 1605 2045 1732 2100; x_wconf 80' lang='lat' dir='ltr'><strong>Post</strong></span> <span class='ocrx_word' id='word_1_242' title='bbox 1784 2055 2073 2110; x_wconf 86' lang='lat' dir='ltr'><strong>aversiones</strong></span> 
     </span>
    </p>
   </div>
   <div class='ocr_carea' id='block_1_35' title="bbox 508 2120 2074 2207">
    <p class='ocr_par' dir='ltr' id='par_1_35' title="bbox 508 2120 2074 2207">
     <span class='ocr_line' id='line_1_35' title="bbox 508 2120 2074 2207; baseline 0.02 -41"><span class='ocrx_word' id='word_1_243' title='bbox 508 2128 715 2171; x_wconf 74' lang='lat' dir='ltr'><strong>nostras</strong></span> <span class='ocrx_word' id='word_1_244' title='bbox 743 2120 976 2176; x_wconf 80' lang='lat' dir='ltr'><strong>ibimus?</strong></span> <span class='ocrx_word' id='word_1_245' title='bbox 1004 2123 1104 2190; x_wconf 88' lang='lat' dir='ltr'><strong>Qui</strong></span> <span class='ocrx_word' id='word_1_246' title='bbox 1125 2129 1193 2181; x_wconf 90' lang='lat' dir='ltr'><strong>ad</strong></span> <span class='ocrx_word' id='word_1_247' title='bbox 1218 2138 1462 2185; x_wconf 82' lang='lat' dir='ltr'><strong>aratrum</strong></span> <span class='ocrx_word' id='word_1_248' title='bbox 1492 2149 1710 2190; x_wconf 87' lang='lat' dir='ltr'><strong>manum</strong></span> <span class='ocrx_word' id='word_1_249' title='bbox 1740 2154 1941 2207; x_wconf 87' lang='lat' dir='ltr'><strong>ponere</strong></span> <span class='ocrx_word' id='word_1_250' title='bbox 1964 2157 2074 2197; x_wconf 67' lang='lat' dir='ltr'><strong>rae-</strong></span> 
     </span>
    </p>
   </div>
   <div class='ocr_carea' id='block_1_36' title="bbox 507 2214 2070 2298">
    <p class='ocr_par' dir='ltr' id='par_1_36' title="bbox 507 2214 2070 2298">
     <span class='ocr_line' id='line_1_36' title="bbox 507 2214 2070 2298; baseline 0.019 -40"><span class='ocrx_word' id='word_1_251' title='bbox 507 2220 721 2274; x_wconf 76' lang='lat' dir='ltr'><strong>perunt,</strong></span> <span class='ocrx_word' id='word_1_252' title='bbox 747 2223 797 2266; x_wconf 88' lang='lat' dir='ltr'><strong>et</strong></span> <span class='ocrx_word' id='word_1_253' title='bbox 826 2214 894 2268; x_wconf 86' lang='lat' dir='ltr'><strong>ad</strong></span> <span class='ocrx_word' id='word_1_254' title='bbox 927 2230 991 2269; x_wconf 87' lang='lat' dir='ltr'><strong>ea</strong></span> <span class='ocrx_word' id='word_1_255' title='bbox 1024 2232 1146 2286; x_wconf 71' lang='lat' dir='ltr'><strong>quae</strong></span> <span class='ocrx_word' id='word_1_256' title='bbox 1193 2229 1505 2277; x_wconf 91' lang='lat' dir='ltr'><strong>antrorsum</strong></span> <span class='ocrx_word' id='word_1_257' title='bbox 1545 2236 1675 2281; x_wconf 91' lang='lat' dir='ltr'><strong>sunt</strong></span> <span class='ocrx_word' id='word_1_258' title='bbox 1713 2230 2070 2298; x_wconf 87' lang='lat' dir='ltr'><strong>contendunt,</strong></span> 
     </span>
    </p>
   </div>
   <div class='ocr_carea' id='block_1_37' title="bbox 506 2310 2069 2385">
    <p class='ocr_par' dir='ltr' id='par_1_37' title="bbox 506 2310 2069 2385">
     <span class='ocr_line' id='line_1_37' title="bbox 506 2310 2069 2385; baseline 0.019 -37"><span class='ocrx_word' id='word_1_259' title='bbox 506 2313 630 2364; x_wconf 81' lang='lat' dir='ltr'><strong>qme</strong></span> <span class='ocrx_word' id='word_1_260' title='bbox 660 2310 840 2356; x_wconf 88' lang='lat' dir='ltr'><strong>autem</strong></span> <span class='ocrx_word' id='word_1_261' title='bbox 910 2315 1053 2360; x_wconf 89' lang='lat' dir='ltr'><strong>retro</strong></span> <span class='ocrx_word' id='word_1_262' title='bbox 1104 2316 1231 2362; x_wconf 92' lang='lat' dir='ltr'><strong>sunt</strong></span> <span class='ocrx_word' id='word_1_263' title='bbox 1279 2311 1700 2385; x_wconf 83' lang='lat' dir='ltr'><strong>obliviscuntur,</strong></span> <span class='ocrx_word' id='word_1_264' title='bbox 1751 2321 1787 2374; x_wconf 91' lang='lat' dir='ltr'><strong>ii</strong></span> <span class='ocrx_word' id='word_1_265' title='bbox 1837 2325 2069 2378; x_wconf 82' lang='lat' dir='ltr'><strong>aversati</strong></span> 
     </span>
    </p>
   </div>
   <div class='ocr_carea' id='block_1_38' title="bbox 504 2393 2067 2476">
    <p class='ocr_par' dir='ltr' id='par_1_38' title="bbox 504 2393 2067 2476">
     <span class='ocr_line' id='line_1_38' title="bbox 504 2393 2067 2476; baseline 0.02 -37"><span class='ocrx_word' id='word_1_266' title='bbox 504 2395 810 2447; x_wconf 82' lang='lat' dir='ltr'><strong>suntmala.</strong></span> <span class='ocrx_word' id='word_1_267' title='bbox 845 2393 1075 2460; x_wconf 87' lang='lat' dir='ltr'><strong>Quando</strong></span> <span class='ocrx_word' id='word_1_268' title='bbox 1109 2401 1274 2470; x_wconf 80' lang='lat' dir='ltr'><strong>igitur</strong></span> <span class='ocrx_word' id='word_1_269' title='bbox 1299 2405 1575 2476; x_wconf 86' lang='lat' dir='ltr'><strong>quispiam</strong></span> <span class='ocrx_word' id='word_1_270' title='bbox 1620 2426 1783 2466; x_wconf 87' lang='lat' dir='ltr'><strong>manu</strong></span> <span class='ocrx_word' id='word_1_271' title='bbox 1829 2414 1895 2468; x_wconf 86' lang='lat' dir='ltr'><strong>ad</strong></span> <span class='ocrx_word' id='word_1_272' title='bbox 1939 2430 2067 2469; x_wconf 89' lang='lat' dir='ltr'><strong>ara—</strong></span> 
     </span>
    </p>
   </div>
   <div class='ocr_carea' id='block_1_39' title="bbox 502 2484 2063 2572">
    <p class='ocr_par' dir='ltr' id='par_1_39' title="bbox 502 2484 2063 2572">
     <span class='ocr_line' id='line_1_39' title="bbox 502 2484 2063 2572; baseline 0.019 -42"><span class='ocrx_word' id='word_1_273' title='bbox 502 2487 645 2533; x_wconf 87' lang='lat' dir='ltr'><strong>trum</strong></span> <span class='ocrx_word' id='word_1_274' title='bbox 686 2484 860 2551; x_wconf 88' lang='lat' dir='ltr'><strong>posita</strong></span> <span class='ocrx_word' id='word_1_275' title='bbox 910 2488 977 2540; x_wconf 89' lang='lat' dir='ltr'><strong>ad</strong></span> <span class='ocrx_word' id='word_1_276' title='bbox 1001 2503 1065 2544; x_wconf 89' lang='lat' dir='ltr'><strong>ea</strong></span> <span class='ocrx_word' id='word_1_277' title='bbox 1102 2506 1223 2560; x_wconf 71' lang='lat' dir='ltr'><strong>qua:</strong></span> <span class='ocrx_word' id='word_1_278' title='bbox 1266 2505 1410 2550; x_wconf 90' lang='lat' dir='ltr'><strong>retro</strong></span> <span class='ocrx_word' id='word_1_279' title='bbox 1450 2507 1580 2552; x_wconf 84' lang='lat' dir='ltr'><strong>sunt</strong></span> <span class='ocrx_word' id='word_1_280' title='bbox 1620 2517 1678 2554; x_wconf 84' lang='lat' dir='ltr'><strong>se</strong></span> <span class='ocrx_word' id='word_1_281' title='bbox 1719 2504 2063 2572; x_wconf 78' lang='lat' dir='ltr'><strong>converterit,</strong></span> 
     </span>
    </p>
   </div>
   <div class='ocr_carea' id='block_1_40' title="bbox 502 2577 2066 2669">
    <p class='ocr_par' dir='ltr' id='par_1_40' title="bbox 502 2577 2066 2669">
     <span class='ocr_line' id='line_1_40' title="bbox 502 2577 2066 2669; baseline 0.021 -48"><span class='ocrx_word' id='word_1_282' title='bbox 502 2582 623 2639; x_wconf 67' lang='lat' dir='ltr'><strong>post</strong></span> <span class='ocrx_word' id='word_1_283' title='bbox 650 2577 959 2635; x_wconf 85' lang='lat' dir='ltr'><strong>aversiones</strong></span> <span class='ocrx_word' id='word_1_284' title='bbox 991 2597 1120 2639; x_wconf 89' lang='lat' dir='ltr'><strong>suas</strong></span> <span class='ocrx_word' id='word_1_285' title='bbox 1172 2584 1304 2654; x_wconf 86' lang='lat' dir='ltr'><strong>ibit;</strong></span> <span class='ocrx_word' id='word_1_286' title='bbox 1352 2590 1466 2646; x_wconf 89' lang='lat' dir='ltr'><strong>abit</strong></span> <span class='ocrx_word' id='word_1_287' title='bbox 1506 2593 1650 2647; x_wconf 90' lang='lat' dir='ltr'><strong>enim</strong></span> <span class='ocrx_word' id='word_1_288' title='bbox 1692 2606 1814 2665; x_wconf 89' lang='lat' dir='ltr'><strong>post</strong></span> <span class='ocrx_word' id='word_1_289' title='bbox 1841 2614 1903 2652; x_wconf 89' lang='lat' dir='ltr'><strong>ea</strong></span> <span class='ocrx_word' id='word_1_290' title='bbox 1945 2616 2066 2669; x_wconf 76' lang='lat' dir='ltr'><strong>qua:</strong></span> 
     </span>
    </p>
   </div>
   <div class='ocr_carea' id='block_1_41' title="bbox 498 2662 2067 2759">
    <p class='ocr_par' dir='ltr' id='par_1_41' title="bbox 498 2662 2067 2759">
     <span class='ocr_line' id='line_1_41' title="bbox 498 2662 2067 2759; baseline 0.019 -41"><span class='ocrx_word' id='word_1_291' title='bbox 498 2662 676 2721; x_wconf 76' lang='lat' dir='ltr'><strong>fuerat</strong></span> <span class='ocrx_word' id='word_1_292' title='bbox 714 2681 1025 2739; x_wconf 85' lang='lat' dir='ltr'><strong>aversatus,</strong></span> <span class='ocrx_word' id='word_1_293' title='bbox 1070 2684 1124 2729; x_wconf 90' lang='lat' dir='ltr'><strong>et</strong></span> <span class='ocrx_word' id='word_1_294' title='bbox 1168 2680 1397 2735; x_wconf 89' lang='lat' dir='ltr'><strong>recurrit</strong></span> <span class='ocrx_word' id='word_1_295' title='bbox 1434 2682 1499 2736; x_wconf 90' lang='lat' dir='ltr'><strong>ad</strong></span> <span class='ocrx_word' id='word_1_296' title='bbox 1532 2698 1594 2737; x_wconf 89' lang='lat' dir='ltr'><strong>ea</strong></span> <span class='ocrx_word' id='word_1_297' title='bbox 1622 2662 1744 2754; x_wconf 31' lang='lat' dir='ltr'><strong>quia</strong></span> <span class='ocrx_word' id='word_1_298' title='bbox 1776 2662 2067 2759; x_wconf 74' lang='lat' dir='ltr'><strong>reliquerat</strong></span> 
     </span>
    </p>
   </div>
   <div class='ocr_carea' id='block_1_42' title="bbox 502 2758 2066 2836">
    <p class='ocr_par' dir='ltr' id='par_1_42' title="bbox 502 2758 2066 2836">
     <span class='ocr_line' id='line_1_42' title="bbox 502 2758 2066 2836; baseline 0.019 -29"><span class='ocrx_word' id='word_1_299' title='bbox 502 2764 740 2821; x_wconf 84' lang='lat' dir='ltr'><strong>peccata.</strong></span> <span class='ocrx_word' id='word_1_300' title='bbox 771 2758 1123 2816; x_wconf 81' lang='lat' dir='ltr'><strong>Audientium</strong></span> <span class='ocrx_word' id='word_1_301' title='bbox 1148 2764 1330 2834; x_wconf 86' lang='lat' dir='ltr'><strong>itaque</strong></span> <span class='ocrx_word' id='word_1_302' title='bbox 1364 2769 1507 2835; x_wconf 74' lang='lat' dir='ltr'><strong>haec,</strong></span> <span class='ocrx_word' id='word_1_303' title='bbox 1543 2773 1657 2827; x_wconf 83' lang='lat' dir='ltr'><strong>sive</strong></span> <span class='ocrx_word' id='word_1_304' title='bbox 1680 2775 1755 2828; x_wconf 89' lang='lat' dir='ltr'><strong>illi</strong></span> <span class='ocrx_word' id='word_1_305' title='bbox 1799 2758 1939 2833; x_wconf 84' lang='lat' dir='ltr'><strong>inter</strong></span> <span class='ocrx_word' id='word_1_306' title='bbox 1975 2796 2066 2836; x_wconf 86' lang='lat' dir='ltr'><strong>ca-</strong></span> 
     </span>
    </p>
   </div>
   <div class='ocr_carea' id='block_1_43' title="bbox 503 2845 2065 2927">
    <p class='ocr_par' dir='ltr' id='par_1_43' title="bbox 503 2845 2065 2927">
     <span class='ocr_line' id='line_1_43' title="bbox 503 2845 2065 2927; baseline 0.019 -30"><span class='ocrx_word' id='word_1_307' title='bbox 503 2845 856 2903; x_wconf 86' lang='lat' dir='ltr'><strong>techumenos</strong></span> <span class='ocrx_word' id='word_1_308' title='bbox 889 2851 1075 2906; x_wconf 89' lang='lat' dir='ltr'><strong>relicto</strong></span> <span class='ocrx_word' id='word_1_309' title='bbox 1106 2857 1388 2924; x_wconf 82' lang='lat' dir='ltr'><strong>gentilium</strong></span> <span class='ocrx_word' id='word_1_310' title='bbox 1414 2860 1624 2917; x_wconf 77' lang='lat' dir='ltr'><strong>vivendi</strong></span> <span class='ocrx_word' id='word_1_311' title='bbox 1666 2881 1816 2922; x_wconf 85' lang='lat' dir='ltr'><strong>more</strong></span> <span class='ocrx_word' id='word_1_312' title='bbox 1840 2883 2065 2927; x_wconf 81' lang='lat' dir='ltr'><strong>enume-</strong></span> 
     </span>
    </p>
   </div>
   <div class='ocr_carea' id='block_1_44' title="bbox 501 2940 2062 3025">
    <p class='ocr_par' dir='ltr' id='par_1_44' title="bbox 501 2940 2062 3025">
     <span class='ocr_line' id='line_1_44' title="bbox 501 2940 2062 3025; baseline 0.018 -36"><span class='ocrx_word' id='word_1_313' title='bbox 501 2947 708 3003; x_wconf 90' lang='lat' dir='ltr'><strong>rentur,</strong></span> <span class='ocrx_word' id='word_1_314' title='bbox 728 2940 839 2993; x_wconf 85' lang='lat' dir='ltr'><strong>sive</strong></span> <span class='ocrx_word' id='word_1_315' title='bbox 855 2940 1037 2998; x_wconf 79' lang='lat' dir='ltr'><strong>ﬁdeles</strong></span> <span class='ocrx_word' id='word_1_316' title='bbox 1070 2944 1178 2999; x_wconf 91' lang='lat' dir='ltr'><strong>sint</strong></span> <span class='ocrx_word' id='word_1_317' title='bbox 1204 2947 1295 3016; x_wconf 90' lang='lat' dir='ltr'><strong>qui</strong></span> <span class='ocrx_word' id='word_1_318' title='bbox 1306 2949 1418 3018; x_wconf 85' lang='lat' dir='ltr'><strong>jam</strong></span> <span class='ocrx_word' id='word_1_319' title='bbox 1440 2953 1506 3007; x_wconf 89' lang='lat' dir='ltr'><strong>ad</strong></span> <span class='ocrx_word' id='word_1_320' title='bbox 1530 2969 1592 3009; x_wconf 89' lang='lat' dir='ltr'><strong>ea</strong></span> <span class='ocrx_word' id='word_1_321' title='bbox 1615 2967 2062 3025; x_wconf 67' lang='lat' dir='ltr'><strong>quaeantrorsum</strong></span> 
     </span>
    </p>
   </div>
   <div class='ocr_carea' id='block_1_45' title="bbox 498 3030 2063 3112">
    <p class='ocr_par' dir='ltr' id='par_1_45' title="bbox 498 3030 2063 3112">
     <span class='ocr_line' id='line_1_45' title="bbox 498 3030 2063 3112; baseline 0.018 -33"><span class='ocrx_word' id='word_1_322' title='bbox 498 3036 625 3079; x_wconf 90' lang='lat' dir='ltr'><strong>sunt</strong></span> <span class='ocrx_word' id='word_1_323' title='bbox 648 3030 1025 3085; x_wconf 89' lang='lat' dir='ltr'><strong>contendendo</strong></span> <span class='ocrx_word' id='word_1_324' title='bbox 1055 3032 1285 3091; x_wconf 81' lang='lat' dir='ltr'><strong>iecerint</strong></span> <span class='ocrx_word' id='word_1_325' title='bbox 1313 3055 1656 3112; x_wconf 79' lang='lat' dir='ltr'><strong>progressus,</strong></span> <span class='ocrx_word' id='word_1_326' title='bbox 1690 3047 1735 3101; x_wconf 90' lang='lat' dir='ltr'><strong>si</strong></span> <span class='ocrx_word' id='word_1_327' title='bbox 1766 3049 1872 3104; x_wconf 82' lang='lat' dir='ltr'><strong>vita</strong></span> <span class='ocrx_word' id='word_1_328' title='bbox 1900 3051 2063 3109; x_wconf 80' lang='lat' dir='ltr'><strong>fuerit</strong></span> 
     </span>
    </p>
   </div>
   <div class='ocr_carea' id='block_1_46' title="bbox 498 3119 2130 3235">
    <p class='ocr_par' dir='ltr' id='par_1_46' title="bbox 498 3119 2130 3235">
     <span class='ocr_line' id='line_1_46' title="bbox 498 3119 2130 3235; baseline 0.019 -68"><span class='ocrx_word' id='word_1_329' title='bbox 498 3132 687 3184; x_wconf 82' lang='lat' dir='ltr'><strong>prava,</strong></span> <span class='ocrx_word' id='word_1_330' title='bbox 721 3119 854 3173; x_wconf 86' lang='lat' dir='ltr'><strong>nihil</strong></span> <span class='ocrx_word' id='word_1_331' title='bbox 894 3122 1038 3177; x_wconf 90' lang='lat' dir='ltr'><strong>aliud</strong></span> <span class='ocrx_word' id='word_1_332' title='bbox 1081 3125 1268 3182; x_wconf 88' lang='lat' dir='ltr'><strong>dicunt</strong></span> <span class='ocrx_word' id='word_1_333' title='bbox 1318 3146 1524 3200; x_wconf 86' lang='lat' dir='ltr'><strong>quam:</strong></span> <span class='ocrx_word' id='word_1_334' title='bbox 1586 3133 1714 3190; x_wconf 84' lang='lat' dir='ltr'><strong>Post</strong></span> <span class='ocrx_word' id='word_1_335' title='bbox 1769 3144 2060 3198; x_wconf 81' lang='lat' dir='ltr'><strong>aversiones</strong></span> <span class='ocrx_word' id='word_1_336' title='bbox 2089 3179 2130 3235; x_wconf 68' lang='grc' dir='ltr'><strong>Ο</strong></span> 
     </span>
     <span class='ocr_line' id='line_1_47' title="bbox 498 3209 1871 3235; baseline 0 0"><span class='ocrx_word' id='word_1_337' title='bbox 498 3216 706 3235; x_wconf 63' lang='grc' dir='ltr'><strong>..ηαδ-ι..-</strong></span> <span class='ocrx_word' id='word_1_338' title='bbox 752 3209 938 3235; x_wconf 76' lang='lat' dir='ltr'><strong>:l..&#39;--.-.-</strong></span> <span class='ocrx_word' id='word_1_339' title='bbox 1012 3224 1048 3235; x_wconf 81' lang='grc'><strong>-.</strong></span> <span class='ocrx_word' id='word_1_340' title='bbox 1109 3232 1191 3235; x_wconf 48' lang='grc' dir='ltr'><strong>,μη</strong></span> <span class='ocrx_word' id='word_1_341' title='bbox 1320 3222 1332 3234; x_wconf 76' lang='grc' dir='ltr'>ο</span> <span class='ocrx_word' id='word_1_342' title='bbox 1531 3225 1543 3235; x_wconf 72' lang='grc' dir='ltr'><strong>ι</strong></span> <span class='ocrx_word' id='word_1_343' title='bbox 1617 3229 1628 3235; x_wconf 91' lang='grc'><strong>-</strong></span> <span class='ocrx_word' id='word_1_344' title='bbox 1846 3232 1871 3235; x_wconf 42' lang='grc' dir='ltr'>η</span> 
     </span>
    </p>
   </div>
   <div class='ocr_carea' id='block_1_47' title="bbox 496 3209 2058 3295">
    <p class='ocr_par' dir='ltr' id='par_1_47' title="bbox 496 3209 2058 3295">
     <span class='ocr_line' id='line_1_48' title="bbox 496 3209 2058 3295; baseline 0.02 -37"><span class='ocrx_word' id='word_1_345' title='bbox 496 3216 706 3261; x_wconf 78' lang='lat' dir='ltr'><strong>nostras</strong></span> <span class='ocrx_word' id='word_1_346' title='bbox 750 3209 960 3277; x_wconf 84' lang='lat' dir='ltr'><strong>ibimus,</strong></span> <span class='ocrx_word' id='word_1_347' title='bbox 1000 3224 1048 3267; x_wconf 80' lang='lat' dir='ltr'><strong>et</strong></span> <span class='ocrx_word' id='word_1_348' title='bbox 1104 3222 1457 3291; x_wconf 84' lang='lat' dir='ltr'><strong>unusquisque</strong></span> <span class='ocrx_word' id='word_1_349' title='bbox 1488 3225 1688 3295; x_wconf 83' lang='lat' dir='ltr'><strong>placita</strong></span> <span class='ocrx_word' id='word_1_350' title='bbox 1730 3232 1902 3287; x_wconf 81' lang='lat' dir='ltr'><strong>cordis</strong></span> <span class='ocrx_word' id='word_1_351' title='bbox 1952 3251 2058 3290; x_wconf 87' lang='lat' dir='ltr'><strong>non</strong></span> 
     </span>
    </p>
   </div>
   <div class='ocr_carea' id='block_1_48' title="bbox 496 3298 2060 3395">
    <p class='ocr_par' dir='ltr' id='par_1_48' title="bbox 496 3298 2060 3395">
     <span class='ocr_line' id='line_1_49' title="bbox 496 3298 2060 3395; baseline 0.019 -42"><span class='ocrx_word' id='word_1_352' title='bbox 496 3298 852 3368; x_wconf 86' lang='lat' dir='ltr'><strong>simpliciter,</strong></span> <span class='ocrx_word' id='word_1_353' title='bbox 893 3305 986 3359; x_wconf 88' lang='lat' dir='ltr'><strong>sed</strong></span> <span class='ocrx_word' id='word_1_354' title='bbox 1032 3308 1161 3360; x_wconf 84' lang='lat' dir='ltr'><strong>moli</strong></span> <span class='ocrx_word' id='word_1_355' title='bbox 1206 3309 1478 3378; x_wconf 81' lang='lat' dir='ltr'><strong>faciemus.</strong></span> <span class='ocrx_word' id='word_1_356' title='bbox 1514 3315 1609 3373; x_wconf 85' lang='lat' dir='ltr'><strong>Est</strong></span> <span class='ocrx_word' id='word_1_357' title='bbox 1643 3321 1787 3376; x_wconf 88' lang='lat' dir='ltr'><strong>enim</strong></span> <span class='ocrx_word' id='word_1_358' title='bbox 1816 3340 1909 3379; x_wconf 87' lang='lat' dir='ltr'><strong>cor</strong></span> <span class='ocrx_word' id='word_1_359' title='bbox 1936 3342 2060 3395; x_wconf 81' lang='lat' dir='ltr'><strong>pra-</strong></span> 
     </span>
    </p>
   </div>
   <div class='ocr_carea' id='block_1_49' title="bbox 496 3398 2062 3480">
    <p class='ocr_par' dir='ltr' id='par_1_49' title="bbox 496 3398 2062 3480">
     <span class='ocr_line' id='line_1_50' title="bbox 496 3398 2062 3480; baseline 0.02 -39"><span class='ocrx_word' id='word_1_360' title='bbox 496 3404 645 3452; x_wconf 78' lang='lat' dir='ltr'><strong>vum,</strong></span> <span class='ocrx_word' id='word_1_361' title='bbox 682 3402 731 3445; x_wconf 90' lang='lat' dir='ltr'><strong>ct</strong></span> <span class='ocrx_word' id='word_1_362' title='bbox 761 3403 842 3447; x_wconf 88' lang='lat' dir='ltr'><strong>est</strong></span> <span class='ocrx_word' id='word_1_363' title='bbox 862 3410 957 3448; x_wconf 91' lang='lat' dir='ltr'><strong>cor</strong></span> <span class='ocrx_word' id='word_1_364' title='bbox 989 3398 1239 3465; x_wconf 87' lang='lat' dir='ltr'><strong>probum.</strong></span> <span class='ocrx_word' id='word_1_365' title='bbox 1273 3399 1441 3458; x_wconf 85' lang='lat' dir='ltr'><strong>Nemo</strong></span> <span class='ocrx_word' id='word_1_366' title='bbox 1466 3407 1628 3478; x_wconf 77' lang='lat' dir='ltr'><strong>igitur</strong></span> <span class='ocrx_word' id='word_1_367' title='bbox 1660 3422 1782 3480; x_wconf 87' lang='lat' dir='ltr'><strong>post</strong></span> <span class='ocrx_word' id='word_1_368' title='bbox 1821 3417 2062 3472; x_wconf 85' lang='lat' dir='ltr'><strong>aversio-</strong></span> 
     </span>
    </p>
   </div>
   <div class='ocr_carea' id='block_1_50' title="bbox 495 3487 2060 3563">
    <p class='ocr_par' dir='ltr' id='par_1_50' title="bbox 495 3487 2060 3563">
     <span class='ocr_line' id='line_1_51' title="bbox 495 3487 2060 3563; baseline 0.02 -32"><span class='ocrx_word' id='word_1_369' title='bbox 495 3493 593 3532; x_wconf 79' lang='lat' dir='ltr'><strong>nes</strong></span> <span class='ocrx_word' id='word_1_370' title='bbox 627 3496 754 3535; x_wconf 88' lang='lat' dir='ltr'><strong>suas</strong></span> <span class='ocrx_word' id='word_1_371' title='bbox 781 3492 888 3549; x_wconf 85' lang='lat' dir='ltr'><strong>cat,</strong></span> <span class='ocrx_word' id='word_1_372' title='bbox 919 3499 1094 3555; x_wconf 88' lang='lat' dir='ltr'><strong>neque</strong></span> <span class='ocrx_word' id='word_1_373' title='bbox 1121 3487 1317 3556; x_wconf 86' lang='lat' dir='ltr'><strong>placita</strong></span> <span class='ocrx_word' id='word_1_374' title='bbox 1355 3495 1534 3550; x_wconf 86' lang='lat' dir='ltr'><strong>cordis</strong></span> <span class='ocrx_word' id='word_1_375' title='bbox 1583 3499 1668 3553; x_wconf 89' lang='lat' dir='ltr'><strong>sui</strong></span> <span class='ocrx_word' id='word_1_376' title='bbox 1711 3499 1893 3558; x_wconf 81' lang='lat' dir='ltr'><strong>iaciat.</strong></span> <span class='ocrx_word' id='word_1_377' title='bbox 1937 3505 2060 3563; x_wconf 77' lang='lat' dir='ltr'><strong>ldeo</strong></span> 
     </span>
    </p>
   </div>
   <div class='ocr_carea' id='block_1_51' title="bbox 496 3567 2058 3648">
    <p class='ocr_par' dir='ltr' id='par_1_51' title="bbox 496 3567 2058 3648">
     <span class='ocr_line' id='line_1_52' title="bbox 496 3567 2058 3648; baseline 0.016 -27"><span class='ocrx_word' id='word_1_378' title='bbox 496 3568 563 3622; x_wconf 83' lang='lat' dir='ltr'><strong>ad</strong></span> <span class='ocrx_word' id='word_1_379' title='bbox 587 3567 689 3625; x_wconf 82' lang='lat' dir='ltr'><strong>eos</strong></span> <span class='ocrx_word' id='word_1_380' title='bbox 717 3573 809 3640; x_wconf 87' lang='lat' dir='ltr'><strong>qui</strong></span> <span class='ocrx_word' id='word_1_381' title='bbox 836 3573 950 3629; x_wconf 76' lang='lat' dir='ltr'><strong>haec</strong></span> <span class='ocrx_word' id='word_1_382' title='bbox 977 3579 1411 3648; x_wconf 86' lang='lat' dir='ltr'><strong>respondebant,</strong></span> <span class='ocrx_word' id='word_1_383' title='bbox 1446 3585 1523 3640; x_wconf 89' lang='lat' dir='ltr'><strong>ait</strong></span> <span class='ocrx_word' id='word_1_384' title='bbox 1564 3586 1825 3645; x_wconf 85' lang='lat' dir='ltr'><strong>Dominus</strong></span> <span class='ocrx_word' id='word_1_385' title='bbox 1865 3592 1917 3644; x_wconf 73' lang='grc' dir='ltr'>οι</span> <span class='ocrx_word' id='word_1_386' title='bbox 1966 3591 2058 3646; x_wconf 85' lang='lat' dir='ltr'><strong>In-</strong></span> 
     </span>
    </p>
   </div>
   <div class='ocr_carea' id='block_1_52' title="bbox 494 3667 2060 3743">
    <p class='ocr_par' dir='ltr' id='par_1_52' title="bbox 494 3667 2060 3743">
     <span class='ocr_line' id='line_1_53' title="bbox 494 3667 2060 3743; baseline 0.017 -31"><span class='ocrx_word' id='word_1_387' title='bbox 494 3669 753 3732; x_wconf 81' lang='lat' dir='ltr'><strong>terrogate</strong></span> <span class='ocrx_word' id='word_1_388' title='bbox 782 3680 917 3718; x_wconf 86' lang='lat' dir='ltr'><strong>nunc</strong></span> <span class='ocrx_word' id='word_1_389' title='bbox 940 3667 1296 3735; x_wconf 71' lang='lat' dir='ltr'><strong>ingentibus;</strong></span> <span class='ocrx_word' id='word_1_390' title='bbox 1341 3676 1457 3743; x_wconf 86' lang='lat' dir='ltr'><strong>quis</strong></span> <span class='ocrx_word' id='word_1_391' title='bbox 1484 3679 1687 3733; x_wconf 85' lang='lat' dir='ltr'><strong>audivit</strong></span> <span class='ocrx_word' id='word_1_392' title='bbox 1711 3682 1842 3736; x_wconf 82' lang='lat' dir='ltr'><strong>talia</strong></span> <span class='ocrx_word' id='word_1_393' title='bbox 1886 3685 2060 3738; x_wconf 84' lang='lat' dir='ltr'><strong>horri-</strong></span> 
     </span>
    </p>
   </div>
   <div class='ocr_carea' id='block_1_53' title="bbox 493 3751 2055 3833">
    <p class='ocr_par' dir='ltr' id='par_1_53' title="bbox 493 3751 2055 3833">
     <span class='ocr_line' id='line_1_54' title="bbox 493 3751 2055 3833; baseline 0.017 -28"><span class='ocrx_word' id='word_1_394' title='bbox 493 3751 645 3817; x_wconf 80' lang='lat' dir='ltr'><strong>bilia,</strong></span> <span class='ocrx_word' id='word_1_395' title='bbox 675 3770 791 3823; x_wconf 75' lang='lat' dir='ltr'><strong>qua:</strong></span> <span class='ocrx_word' id='word_1_396' title='bbox 805 3757 929 3825; x_wconf 79' lang='lat' dir='ltr'><strong>fecit</strong></span> <span class='ocrx_word' id='word_1_397' title='bbox 959 3761 1116 3813; x_wconf 87' lang='lat' dir='ltr'><strong>nimis</strong></span> <span class='ocrx_word' id='word_1_398' title='bbox 1139 3762 1278 3833; x_wconf 67' lang='lat' dir='ltr'><strong>virgo</strong></span> <span class='ocrx_word' id='word_1_399' title='bbox 1312 3762 1520 3821; x_wconf 76' lang='lat' dir='ltr'><strong>Israel?</strong></span> <span class='ocrx_word' id='word_1_400' title='bbox 1538 3769 1874 3827; x_wconf 75' lang='lat' dir='ltr'><strong>Videbantur</strong></span> <span class='ocrx_word' id='word_1_401' title='bbox 1895 3776 2055 3831; x_wconf 82' lang='lat' dir='ltr'><strong>etiam</strong></span> 
     </span>
    </p>
   </div>
   <div class='ocr_carea' id='block_1_54' title="bbox 495 3845 2056 3936">
    <p class='ocr_par' dir='ltr' id='par_1_54' title="bbox 495 3845 2056 3936">
     <span class='ocr_line' id='line_1_55' title="bbox 495 3845 2056 3936; baseline 0.017 -40"><span class='ocrx_word' id='word_1_402' title='bbox 495 3845 607 3901; x_wconf 64' lang='lat' dir='ltr'><strong>hac</strong></span> <span class='ocrx_word' id='word_1_403' title='bbox 634 3862 755 3902; x_wconf 84' lang='lat' dir='ltr'><strong>esse</strong></span> <span class='ocrx_word' id='word_1_404' title='bbox 778 3848 923 3904; x_wconf 87' lang='lat' dir='ltr'><strong>dicta</strong></span> <span class='ocrx_word' id='word_1_405' title='bbox 952 3852 1290 3924; x_wconf 87' lang='lat' dir='ltr'><strong>simpliciter.</strong></span> <span class='ocrx_word' id='word_1_406' title='bbox 1321 3858 1477 3929; x_wconf 80' lang='lat'><strong>251</strong></span> <span class='ocrx_word' id='word_1_407' title='bbox 1512 3860 1613 3916; x_wconf 88' lang='lat' dir='ltr'><strong>Sed</strong></span> <span class='ocrx_word' id='word_1_408' title='bbox 1664 3880 1786 3918; x_wconf 89' lang='lat' dir='ltr'><strong>cum</strong></span> <span class='ocrx_word' id='word_1_409' title='bbox 1818 3869 2056 3936; x_wconf 78' lang='lat' dir='ltr'><strong>gentium</strong></span> 
     </span>
    </p>
   </div>
   <div class='ocr_carea' id='block_1_55' title="bbox 492 3932 2052 4022">
    <p class='ocr_par' dir='ltr' id='par_1_55' title="bbox 492 3932 2052 4022">
     <span class='ocr_line' id='line_1_56' title="bbox 492 3932 2052 4022; baseline 0.016 -35"><span class='ocrx_word' id='word_1_410' title='bbox 492 3932 730 3991; x_wconf 86' lang='lat' dir='ltr'><strong>Ecclesia</strong></span> <span class='ocrx_word' id='word_1_411' title='bbox 747 3954 812 3991; x_wconf 83' lang='lat' dir='ltr'><strong>eo</strong></span> <span class='ocrx_word' id='word_1_412' title='bbox 832 3955 941 4009; x_wconf 90' lang='lat' dir='ltr'><strong>quo</strong></span> <span class='ocrx_word' id='word_1_413' title='bbox 960 3942 1111 3997; x_wconf 86' lang='lat' dir='ltr'><strong>decet</strong></span> <span class='ocrx_word' id='word_1_414' title='bbox 1134 3946 1293 4001; x_wconf 87' lang='lat' dir='ltr'><strong>modo</strong></span> <span class='ocrx_word' id='word_1_415' title='bbox 1313 3965 1572 4005; x_wconf 82' lang='lat' dir='ltr'><strong>conversa</strong></span> <span class='ocrx_word' id='word_1_416' title='bbox 1597 3951 1756 4007; x_wconf 80' lang='lat' dir='ltr'><strong>fuerit</strong></span> <span class='ocrx_word' id='word_1_417' title='bbox 1777 3932 1843 4009; x_wconf 84' lang='lat' dir='ltr'><strong>ad</strong></span> <span class='ocrx_word' id='word_1_418' title='bbox 1865 3956 2052 4022; x_wconf 86' lang='lat' dir='ltr'><strong>Deum,</strong></span> 
     </span>
    </p>
   </div>
   <div class='ocr_carea' id='block_1_56' title="bbox 491 4024 2055 4116">
    <p class='ocr_par' dir='ltr' id='par_1_56' title="bbox 491 4024 2055 4116">
     <span class='ocr_line' id='line_1_57' title="bbox 491 4024 2055 4116; baseline 0.017 -38"><span class='ocrx_word' id='word_1_419' title='bbox 491 4024 739 4080; x_wconf 77' lang='lat' dir='ltr'><strong>dicetur:</strong></span> <span class='ocrx_word' id='word_1_420' title='bbox 774 4027 1100 4101; x_wconf 79' lang='lat' dir='ltr'><strong>lnlerrogate</strong></span> <span class='ocrx_word' id='word_1_421' title='bbox 1137 4052 1272 4090; x_wconf 87' lang='lat' dir='ltr'><strong>nunc</strong></span> <span class='ocrx_word' id='word_1_422' title='bbox 1311 4039 1364 4091; x_wconf 86' lang='lat' dir='ltr'><strong>in</strong></span> <span class='ocrx_word' id='word_1_423' title='bbox 1391 4042 1650 4111; x_wconf 79' lang='lat' dir='ltr'><strong>gentibus,</strong></span> <span class='ocrx_word' id='word_1_424' title='bbox 1704 4049 1821 4116; x_wconf 82' lang='lat' dir='ltr'><strong>quis</strong></span> <span class='ocrx_word' id='word_1_425' title='bbox 1853 4051 2055 4105; x_wconf 75' lang='lat' dir='ltr'><strong>audivit</strong></span> 
     </span>
    </p>
   </div>
   <div class='ocr_carea' id='block_1_57' title="bbox 496 4118 2056 4201">
    <p class='ocr_par' dir='ltr' id='par_1_57' title="bbox 496 4118 2056 4201">
     <span class='ocr_line' id='line_1_58' title="bbox 496 4118 2056 4201; baseline 0.021 -35"><span class='ocrx_word' id='word_1_426' title='bbox 496 4131 615 4184; x_wconf 68' lang='lat' dir='ltr'><strong>qua:</strong></span> <span class='ocrx_word' id='word_1_427' title='bbox 644 4118 764 4185; x_wconf 80' lang='lat' dir='ltr'><strong>fecit</strong></span> <span class='ocrx_word' id='word_1_428' title='bbox 794 4119 1067 4178; x_wconf 83' lang='lat' dir='ltr'><strong>horribilia</strong></span> <span class='ocrx_word' id='word_1_429' title='bbox 1098 4127 1254 4181; x_wconf 86' lang='lat' dir='ltr'><strong>nimis</strong></span> <span class='ocrx_word' id='word_1_430' title='bbox 1287 4130 1430 4201; x_wconf 81' lang='lat' dir='ltr'><strong>virgo</strong></span> <span class='ocrx_word' id='word_1_431' title='bbox 1462 4133 1653 4189; x_wconf 87' lang='lat' dir='ltr'><strong>Israel.</strong></span> <span class='ocrx_word' id='word_1_432' title='bbox 1695 4138 2056 4199; x_wconf 74' lang='lat' dir='ltr'><strong>Conferamus</strong></span> 
     </span>
    </p>
   </div>
   <div class='ocr_carea' id='block_1_58' title="bbox 492 4206 2052 4291">
    <p class='ocr_par' dir='ltr' id='par_1_58' title="bbox 492 4206 2052 4291">
     <span class='ocr_line' id='line_1_59' title="bbox 492 4206 2052 4291; baseline 0.019 -33"><span class='ocrx_word' id='word_1_433' title='bbox 492 4206 639 4260; x_wconf 79' lang='lat' dir='ltr'><strong>eiiim</strong></span> <span class='ocrx_word' id='word_1_434' title='bbox 659 4206 819 4263; x_wconf 82' lang='lat' dir='ltr'><strong>vitam</strong></span> <span class='ocrx_word' id='word_1_435' title='bbox 838 4210 1052 4268; x_wconf 89' lang='lat' dir='ltr'><strong>illorum</strong></span> <span class='ocrx_word' id='word_1_436' title='bbox 1072 4217 1166 4286; x_wconf 88' lang='lat' dir='ltr'><strong>qui</strong></span> <span class='ocrx_word' id='word_1_437' title='bbox 1193 4233 1568 4291; x_wconf 80' lang='lat' dir='ltr'><strong>peccaverunt,</strong></span> <span class='ocrx_word' id='word_1_438' title='bbox 1586 4241 1709 4281; x_wconf 89' lang='lat' dir='ltr'><strong>cum</strong></span> <span class='ocrx_word' id='word_1_439' title='bbox 1735 4229 1841 4285; x_wconf 84' lang='lat' dir='ltr'><strong>vita</strong></span> <span class='ocrx_word' id='word_1_440' title='bbox 1864 4248 2052 4288; x_wconf 88' lang='lat' dir='ltr'><strong>eorum</strong></span> 
     </span>
    </p>
   </div>
   <div class='ocr_carea' id='block_1_59' title="bbox 486 4297 2056 4387">
    <p class='ocr_par' dir='ltr' id='par_1_59' title="bbox 486 4297 2056 4387">
     <span class='ocr_line' id='line_1_60' title="bbox 486 4297 2056 4387; baseline 0.021 -40"><span class='ocrx_word' id='word_1_441' title='bbox 486 4297 578 4364; x_wconf 85' lang='lat' dir='ltr'><strong>qui</strong></span> <span class='ocrx_word' id='word_1_442' title='bbox 614 4303 861 4358; x_wconf 83' lang='lat' dir='ltr'><strong>conversi</strong></span> <span class='ocrx_word' id='word_1_443' title='bbox 899 4316 1048 4372; x_wconf 88' lang='lat' dir='ltr'><strong>sunt,</strong></span> <span class='ocrx_word' id='word_1_444' title='bbox 1088 4316 1144 4363; x_wconf 88' lang='lat' dir='ltr'><strong>et</strong></span> <span class='ocrx_word' id='word_1_445' title='bbox 1176 4310 1411 4367; x_wconf 85' lang='lat' dir='ltr'><strong>sciemus</strong></span> <span class='ocrx_word' id='word_1_446' title='bbox 1451 4315 1574 4371; x_wconf 90' lang='lat' dir='ltr'><strong>illos</strong></span> <span class='ocrx_word' id='word_1_447' title='bbox 1611 4320 1827 4387; x_wconf 88' lang='lat' dir='ltr'><strong>quidem</strong></span> <span class='ocrx_word' id='word_1_448' title='bbox 1879 4323 2056 4379; x_wconf 89' lang='lat' dir='ltr'><strong>horri-</strong></span> 
     </span>
    </p>
   </div>
   <div class='ocr_carea' id='block_1_60' title="bbox 487 4386 2053 4480">
    <p class='ocr_par' dir='ltr' id='par_1_60' title="bbox 487 4386 2053 4480">
     <span class='ocr_line' id='line_1_61' title="bbox 487 4386 2053 4480; baseline 0.02 -41"><span class='ocrx_word' id='word_1_449' title='bbox 487 4386 616 4442; x_wconf 88' lang='lat' dir='ltr'><strong>bilia</strong></span> <span class='ocrx_word' id='word_1_450' title='bbox 670 4400 935 4461; x_wconf 85' lang='lat' dir='ltr'><strong>patrasse,</strong></span> <span class='ocrx_word' id='word_1_451' title='bbox 984 4396 1274 4455; x_wconf 87' lang='lat' dir='ltr'><strong>Dominum</strong></span> <span class='ocrx_word' id='word_1_452' title='bbox 1322 4403 1508 4472; x_wconf 69' lang='lat' dir='ltr'><strong>gloria:</strong></span> <span class='ocrx_word' id='word_1_453' title='bbox 1558 4386 1891 4480; x_wconf 79' lang='lat' dir='ltr'><strong>occidendo;</strong></span> <span class='ocrx_word' id='word_1_454' title='bbox 1951 4414 2053 4470; x_wconf 89' lang='lat' dir='ltr'><strong>hos</strong></span> 
     </span>
    </p>
   </div>
   <div class='ocr_carea' id='block_1_61' title="bbox 2176 1954 3749 2037">
    <p class='ocr_par' dir='ltr' id='par_1_61' title="bbox 2176 1954 3749 2037">
     <span class='ocr_line' id='line_1_62' title="bbox 2176 1954 3749 2037; baseline 0.006 -29"><span class='ocrx_word' id='word_1_455' title='bbox 2176 1954 2385 2020; x_wconf 79' lang='grc' dir='ltr'>λέξεσιν</span> <span class='ocrx_word' id='word_1_456' title='bbox 2415 1958 2627 2028; x_wconf 79' lang='grc' dir='ltr'>εἴπητε,</span> <span class='ocrx_word' id='word_1_457' title='bbox 2663 1961 2692 2013; x_wconf 86' lang='grc' dir='ltr'><strong>ό</strong></span> <span class='ocrx_word' id='word_1_458' title='bbox 2715 1959 2771 2012; x_wconf 87' lang='grc' dir='ltr'>δὲ</span> <span class='ocrx_word' id='word_1_459' title='bbox 2807 1958 2919 2029; x_wconf 87' lang='grc' dir='ltr'>βίος</span> <span class='ocrx_word' id='word_1_460' title='bbox 2945 1959 3099 2031; x_wconf 83' lang='grc' dir='ltr'>ὑμῶν</span> <span class='ocrx_word' id='word_1_461' title='bbox 3125 1959 3364 2025; x_wconf 79' lang='grc' dir='ltr'>τοιοῦτος</span> <span class='ocrx_word' id='word_1_462' title='bbox 3386 1958 3443 2037; x_wconf 81' lang='grc' dir='ltr'>ᾖ,</span> <span class='ocrx_word' id='word_1_463' title='bbox 3479 1966 3554 2027; x_wconf 85' lang='grc' dir='ltr'>ὡς</span> <span class='ocrx_word' id='word_1_464' title='bbox 3571 1964 3749 2037; x_wconf 77' lang='grc' dir='ltr'>ἀμαρ-</span> 
     </span>
    </p>
   </div>
   <div class='ocr_carea' id='block_1_62' title="bbox 2172 2046 3760 2124">
    <p class='ocr_par' dir='ltr' id='par_1_62' title="bbox 2172 2046 3760 2124">
     <span class='ocr_line' id='line_1_63' title="bbox 2172 2046 3760 2124; baseline 0.004 -25"><span class='ocrx_word' id='word_1_465' title='bbox 2172 2046 2374 2112; x_wconf 86' lang='grc' dir='ltr'>τάνειν,</span> <span class='ocrx_word' id='word_1_466' title='bbox 2405 2048 2629 2120; x_wconf 82' lang='grc' dir='ltr'>δυνάμει</span> <span class='ocrx_word' id='word_1_467' title='bbox 2662 2049 2847 2120; x_wconf 81' lang='grc' dir='ltr'>λέγετε</span> <span class='ocrx_word' id='word_1_468' title='bbox 2874 2050 2967 2104; x_wconf 75' lang='grc' dir='ltr'><strong>καὶ</strong></span> <span class='ocrx_word' id='word_1_469' title='bbox 3021 2051 3180 2122; x_wconf 84' lang='grc' dir='ltr'>ὑμεῖς</span> <span class='ocrx_word' id='word_1_470' title='bbox 3219 2050 3307 2104; x_wconf 82' lang='grc' dir='ltr'>διὰ</span> <span class='ocrx_word' id='word_1_471' title='bbox 3352 2051 3462 2105; x_wconf 84' lang='grc' dir='ltr'>τῶν</span> <span class='ocrx_word' id='word_1_472' title='bbox 3498 2053 3760 2124; x_wconf 64' lang='grc' dir='ltr'><strong>πονηρῶν⁸</strong></span> 
     </span>
    </p>
   </div>
   <div class='ocr_carea' id='block_1_63' title="bbox 2172 2137 3745 2213">
    <p class='ocr_par' dir='ltr' id='par_1_63' title="bbox 2172 2137 3745 2213">
     <span class='ocr_line' id='line_1_64' title="bbox 2172 2137 3745 2213; baseline 0.004 -23"><span class='ocrx_word' id='word_1_473' title='bbox 2172 2137 2424 2209; x_wconf 83' lang='grc' dir='ltr'>πράξεων</span> <span class='ocrx_word' id='word_1_474' title='bbox 2463 2140 2600 2210; x_wconf 85' lang='grc' dir='ltr'><strong>μετά</strong></span> <span class='ocrx_word' id='word_1_475' title='bbox 2626 2141 2753 2203; x_wconf 78' lang='grc' dir='ltr'>τοὺς</span> <span class='ocrx_word' id='word_1_476' title='bbox 2786 2141 3221 2213; x_wconf 76' lang='grc' dir='ltr'>προτρεπτικοὺς</span> <span class='ocrx_word' id='word_1_477' title='bbox 3265 2141 3455 2210; x_wconf 80' lang='grc' dir='ltr'><strong>λόγους</strong></span> <span class='ocrx_word' id='word_1_478' title='bbox 3479 2142 3541 2196; x_wconf 89' lang='grc' dir='ltr'><strong>τό</strong></span> <span class='ocrx_word' id='word_1_479' title='bbox 3561 2159 3575 2173; x_wconf 72' lang='grc' dir='ltr'><strong><em>ο</em></strong></span> <span class='ocrx_word' id='word_1_480' title='bbox 3623 2144 3745 2196; x_wconf 78' lang='grc' dir='ltr'><strong>Ἄν-</strong></span> 
     </span>
    </p>
   </div>
   <div class='ocr_carea' id='block_1_64' title="bbox 2171 2227 3749 2306">
    <p class='ocr_par' dir='ltr' id='par_1_64' title="bbox 2171 2227 3749 2306">
     <span class='ocr_line' id='line_1_65' title="bbox 2171 2227 3749 2306; baseline 0.005 -25"><span class='ocrx_word' id='word_1_481' title='bbox 2171 2227 2548 2298; x_wconf 78' lang='grc' dir='ltr'>δρειούμεθα,</span> <span class='ocrx_word' id='word_1_482' title='bbox 2600 2230 2689 2285; x_wconf 84' lang='grc' dir='ltr'>ὅτι</span> <span class='ocrx_word' id='word_1_483' title='bbox 2724 2232 2917 2286; x_wconf 80' lang='grc' dir='ltr'><em>ὀπίσω</em></span> <span class='ocrx_word' id='word_1_484' title='bbox 2958 2232 3078 2287; x_wconf 77' lang='grc' dir='ltr'><strong>τῶν</strong></span> <span class='ocrx_word' id='word_1_485' title='bbox 3129 2233 3528 2303; x_wconf 67' lang='grc' dir='ltr'>ἀποστροφῶν</span> <span class='ocrx_word' id='word_1_486' title='bbox 3581 2233 3749 2306; x_wconf 74' lang='grc' dir='ltr'><strong>ἡμῶν</strong></span> 
     </span>
    </p>
   </div>
   <div class='ocr_carea' id='block_1_65' title="bbox 2170 2323 3748 2395">
    <p class='ocr_par' dir='ltr' id='par_1_65' title="bbox 2170 2323 3748 2395">
     <span class='ocr_line' id='line_1_66' title="bbox 2170 2323 3748 2395; baseline 0.005 -21"><span class='ocrx_word' id='word_1_487' title='bbox 2170 2323 2616 2391; x_wconf 81' lang='grc' dir='ltr'><strong>πορευσόμεθα,</strong></span> <span class='ocrx_word' id='word_1_488' title='bbox 2664 2324 2763 2376; x_wconf 78' lang='grc' dir='ltr'>καὶ</span> <span class='ocrx_word' id='word_1_489' title='bbox 2793 2324 3050 2391; x_wconf 76' lang='grc' dir='ltr'>ἕκαστος</span> <span class='ocrx_word' id='word_1_490' title='bbox 3081 2324 3153 2379; x_wconf 85' lang='grc' dir='ltr'>τὰ</span> <span class='ocrx_word' id='word_1_491' title='bbox 3197 2325 3421 2395; x_wconf 84' lang='grc' dir='ltr'>ἀρεστὰ</span> <span class='ocrx_word' id='word_1_492' title='bbox 3464 2325 3575 2395; x_wconf 82' lang='grc' dir='ltr'>τῆς</span> <span class='ocrx_word' id='word_1_493' title='bbox 3606 2343 3748 2395; x_wconf 73' lang='lat' dir='ltr'><strong>uap-</strong></span> 
     </span>
    </p>
   </div>
   <div class='ocr_carea' id='block_1_66' title="bbox 2169 2410 3750 2488">
    <p class='ocr_par' dir='ltr' id='par_1_66' title="bbox 2169 2410 3750 2488">
     <span class='ocr_line' id='line_1_67' title="bbox 2169 2410 3750 2488; baseline 0.004 -24"><span class='ocrx_word' id='word_1_494' title='bbox 2169 2410 2302 2477; x_wconf 82' lang='grc' dir='ltr'>δίιις</span> <span class='ocrx_word' id='word_1_495' title='bbox 2344 2413 2529 2467; x_wconf 81' lang='grc' dir='ltr'>αὑτοῦ</span> <span class='ocrx_word' id='word_1_496' title='bbox 2580 2413 2690 2481; x_wconf 86' lang='grc' dir='ltr'>τῆς</span> <span class='ocrx_word' id='word_1_497' title='bbox 2737 2413 3006 2484; x_wconf 76' lang='grc' dir='ltr'>πονηρᾶς</span> <span class='ocrx_word' id='word_1_498' title='bbox 3036 2415 3385 2488; x_wconf 80' lang='grc' dir='ltr'>ποιήσομεν.</span> <span class='ocrx_word' id='word_1_499' title='bbox 3439 2417 3504 2471; x_wconf 91' lang='grc' dir='ltr'>Τί</span> <span class='ocrx_word' id='word_1_500' title='bbox 3544 2416 3601 2470; x_wconf 87' lang='grc' dir='ltr'><strong>δέ</strong></span> <span class='ocrx_word' id='word_1_501' title='bbox 3642 2417 3750 2471; x_wconf 64' lang='grc' dir='ltr'><strong>τιςθ⁴</strong></span> 
     </span>
    </p>
   </div>
   <div class='ocr_carea' id='block_1_67' title="bbox 2181 2502 3743 2579">
    <p class='ocr_par' dir='ltr' id='par_1_67' title="bbox 2181 2502 3743 2579">
     <span class='ocr_line' id='line_1_68' title="bbox 2181 2502 3743 2579; baseline 0.007 -25"><span class='ocrx_word' id='word_1_502' title='bbox 2181 2502 2395 2556; x_wconf 82' lang='grc' dir='ltr'><em>Ὀπίσω</em></span> <span class='ocrx_word' id='word_1_503' title='bbox 2439 2503 2558 2556; x_wconf 83' lang='grc' dir='ltr'><strong>τῶν</strong></span> <span class='ocrx_word' id='word_1_504' title='bbox 2613 2504 3014 2576; x_wconf 73' lang='grc' dir='ltr'>ἀποστροφῶν</span> <span class='ocrx_word' id='word_1_505' title='bbox 3065 2509 3234 2578; x_wconf 72' lang='grc' dir='ltr'><strong>ἡμῶν</strong></span> <span class='ocrx_word' id='word_1_506' title='bbox 3294 2511 3743 2579; x_wconf 83' lang='grc' dir='ltr'>πορευσόμεθα;</span> 
     </span>
    </p>
   </div>
   <div class='ocr_carea' id='block_1_68' title="bbox 2168 2592 3741 2674">
    <p class='ocr_par' dir='ltr' id='par_1_68' title="bbox 2168 2592 3741 2674">
     <span class='ocr_line' id='line_1_69' title="bbox 2168 2592 3741 2674; baseline 0.006 -29"><span class='ocrx_word' id='word_1_507' title='bbox 2168 2593 2231 2645; x_wconf 82' lang='grc' dir='ltr'><strong>Οἱ</strong></span> <span class='ocrx_word' id='word_1_508' title='bbox 2264 2592 2556 2664; x_wconf 80' lang='grc' dir='ltr'>ἀρξάμενοι</span> <span class='ocrx_word' id='word_1_509' title='bbox 2582 2594 2793 2664; x_wconf 82' lang='grc' dir='ltr'>βάλλειν</span> <span class='ocrx_word' id='word_1_510' title='bbox 2825 2596 2910 2649; x_wconf 85' lang='grc' dir='ltr'>ἐπ’</span> <span class='ocrx_word' id='word_1_511' title='bbox 2937 2597 3165 2670; x_wconf 79' lang='grc' dir='ltr'>ἄροτρον</span> <span class='ocrx_word' id='word_1_512' title='bbox 3186 2599 3281 2671; x_wconf 79' lang='grc' dir='ltr'><strong>τὴν</strong></span> <span class='ocrx_word' id='word_1_513' title='bbox 3311 2602 3486 2674; x_wconf 81' lang='grc' dir='ltr'>χεῖρα,</span> <span class='ocrx_word' id='word_1_514' title='bbox 3514 2602 3741 2666; x_wconf 75' lang='grc' dir='ltr'>καὶτοῖς</span> 
     </span>
    </p>
   </div>
   <div class='ocr_carea' id='block_1_69' title="bbox 2167 2681 3744 2763">
    <p class='ocr_par' dir='ltr' id='par_1_69' title="bbox 2167 2681 3744 2763">
     <span class='ocr_line' id='line_1_70' title="bbox 2167 2681 3744 2763; baseline 0.007 -28"><span class='ocrx_word' id='word_1_515' title='bbox 2167 2681 2474 2756; x_wconf 68' lang='grc' dir='ltr'>ἔμπροσθεν</span> <span class='ocrx_word' id='word_1_516' title='bbox 2491 2685 2924 2757; x_wconf 86' lang='grc' dir='ltr'>ἐπεκτεινόμενοι</span> <span class='ocrx_word' id='word_1_517' title='bbox 2951 2687 3011 2743; x_wconf 83' lang='grc' dir='ltr'><strong>ἐν</strong></span> <span class='ocrx_word' id='word_1_518' title='bbox 3033 2688 3112 2761; x_wconf 81' lang='grc' dir='ltr'>τῷ</span> <span class='ocrx_word' id='word_1_519' title='bbox 3132 2691 3527 2763; x_wconf 78' lang='grc' dir='ltr'>άροτριᾷν,τῶν</span> <span class='ocrx_word' id='word_1_520' title='bbox 3543 2691 3600 2745; x_wconf 86' lang='grc' dir='ltr'><strong>δέ</strong></span> <span class='ocrx_word' id='word_1_521' title='bbox 3622 2692 3744 2746; x_wconf 71' lang='grc' dir='ltr'>ὄπι-</span> 
     </span>
    </p>
   </div>
   <div class='ocr_carea' id='block_1_70' title="bbox 2169 2773 3737 2854">
    <p class='ocr_par' dir='ltr' id='par_1_70' title="bbox 2169 2773 3737 2854">
     <span class='ocr_line' id='line_1_71' title="bbox 2169 2773 3737 2854; baseline 0.008 -27"><span class='ocrx_word' id='word_1_522' title='bbox 2169 2773 2292 2827; x_wconf 89' lang='grc' dir='ltr'>σθεν</span> <span class='ocrx_word' id='word_1_523' title='bbox 2346 2775 2863 2848; x_wconf 80' lang='grc' dir='ltr'>ἐπιλανθανόμενοι,</span> <span class='ocrx_word' id='word_1_524' title='bbox 2926 2779 3355 2853; x_wconf 84' lang='grc' dir='ltr'>ἀπεστράφησαν</span> <span class='ocrx_word' id='word_1_525' title='bbox 3409 2782 3479 2837; x_wconf 86' lang='grc' dir='ltr'><strong>τά</strong></span> <span class='ocrx_word' id='word_1_526' title='bbox 3540 2784 3737 2854; x_wconf 80' lang='grc' dir='ltr'>φαῦλα.</span> 
     </span>
    </p>
   </div>
   <div class='ocr_carea' id='block_1_71' title="bbox 2177 2862 3745 2953">
    <p class='ocr_par' dir='ltr' id='par_1_71' title="bbox 2177 2862 3745 2953">
     <span class='ocr_line' id='line_1_72' title="bbox 2177 2862 3745 2953; baseline 0.013 -37"><span class='ocrx_word' id='word_1_527' title='bbox 2177 2865 2344 2920; x_wconf 78' lang='grc' dir='ltr'>Ἐπάν</span> <span class='ocrx_word' id='word_1_528' title='bbox 2375 2862 2467 2920; x_wconf 76' lang='grc' dir='ltr'><strong>οὖν</strong></span> <span class='ocrx_word' id='word_1_529' title='bbox 2492 2884 2596 2931; x_wconf 83' lang='grc' dir='ltr'>τις,</span> <span class='ocrx_word' id='word_1_530' title='bbox 2632 2867 2807 2938; x_wconf 81' lang='grc' dir='ltr'>βαλὼν</span> <span class='ocrx_word' id='word_1_531' title='bbox 2833 2868 2919 2921; x_wconf 84' lang='grc' dir='ltr'>ἐπ’</span> <span class='ocrx_word' id='word_1_532' title='bbox 2948 2870 3174 2942; x_wconf 80' lang='grc' dir='ltr'>ἄροτρον</span> <span class='ocrx_word' id='word_1_533' title='bbox 3195 2873 3291 2944; x_wconf 84' lang='grc' dir='ltr'><strong>τὴν</strong></span> <span class='ocrx_word' id='word_1_534' title='bbox 3317 2877 3494 2946; x_wconf 75' lang='grc' dir='ltr'>χεῖρα,</span> <span class='ocrx_word' id='word_1_535' title='bbox 3527 2879 3745 2953; x_wconf 71' lang='grc' dir='ltr'>στραφῇ</span> 
     </span>
    </p>
   </div>
   <div class='ocr_carea' id='block_1_72' title="bbox 2164 2955 3740 3039">
    <p class='ocr_par' dir='ltr' id='par_1_72' title="bbox 2164 2955 3740 3039">
     <span class='ocr_line' id='line_1_73' title="bbox 2164 2955 3740 3039; baseline 0.008 -31"><span class='ocrx_word' id='word_1_536' title='bbox 2164 2955 2333 3019; x_wconf 83' lang='grc' dir='ltr'>εἰςτά</span> <span class='ocrx_word' id='word_1_537' title='bbox 2366 2957 2559 3018; x_wconf 82' lang='grc' dir='ltr'>ὀπίσω,</span> <span class='ocrx_word' id='word_1_538' title='bbox 2586 2959 2760 3013; x_wconf 82' lang='grc' dir='ltr'>ὀπίσω</span> <span class='ocrx_word' id='word_1_539' title='bbox 2802 2958 2910 3013; x_wconf 85' lang='grc' dir='ltr'>τῶν</span> <span class='ocrx_word' id='word_1_540' title='bbox 2946 2962 3302 3033; x_wconf 81' lang='grc' dir='ltr'>ἀποστροφῶν</span> <span class='ocrx_word' id='word_1_541' title='bbox 3345 2964 3508 3019; x_wconf 79' lang='grc' dir='ltr'>αὐτοῦ</span> <span class='ocrx_word' id='word_1_542' title='bbox 3543 2966 3740 3039; x_wconf 82' lang='grc' dir='ltr'>πορεύ-</span> 
     </span>
    </p>
   </div>
   <div class='ocr_carea' id='block_1_73' title="bbox 2165 3045 3744 3127">
    <p class='ocr_par' dir='ltr' id='par_1_73' title="bbox 2165 3045 3744 3127">
     <span class='ocr_line' id='line_1_74' title="bbox 2165 3045 3744 3127; baseline 0.008 -31"><span class='ocrx_word' id='word_1_543' title='bbox 2165 3060 2332 3097; x_wconf 82' lang='grc' dir='ltr'>σεται·</span> <span class='ocrx_word' id='word_1_544' title='bbox 2358 3045 2531 3099; x_wconf 80' lang='grc' dir='ltr'>ὀπίσω</span> <span class='ocrx_word' id='word_1_545' title='bbox 2550 3046 2657 3117; x_wconf 81' lang='grc' dir='ltr'>γὰρ</span> <span class='ocrx_word' id='word_1_546' title='bbox 2683 3047 2973 3119; x_wconf 83' lang='grc' dir='ltr'>πορεύεται</span> <span class='ocrx_word' id='word_1_547' title='bbox 2989 3050 3083 3103; x_wconf 76' lang='grc' dir='ltr'><strong>καὶ</strong></span> <span class='ocrx_word' id='word_1_548' title='bbox 3104 3051 3324 3105; x_wconf 78' lang='grc' dir='ltr'>ἐκείνων</span> <span class='ocrx_word' id='word_1_549' title='bbox 3341 3052 3376 3106; x_wconf 77' lang='grc' dir='ltr'><strong>ἃ</strong></span> <span class='ocrx_word' id='word_1_550' title='bbox 3390 3055 3744 3127; x_wconf 79' lang='grc' dir='ltr'>ἀπεστράφη,</span> 
     </span>
    </p>
   </div>
   <div class='ocr_carea' id='block_1_74' title="bbox 2163 3132 3737 3216">
    <p class='ocr_par' dir='ltr' id='par_1_74' title="bbox 2163 3132 3737 3216">
     <span class='ocr_line' id='line_1_75' title="bbox 2163 3132 3737 3216; baseline 0.008 -32"><span class='ocrx_word' id='word_1_551' title='bbox 2163 3133 2257 3186; x_wconf 73' lang='grc' dir='ltr'><strong>καὶ</strong></span> <span class='ocrx_word' id='word_1_552' title='bbox 2291 3132 2645 3205; x_wconf 84' lang='grc' dir='ltr'>παλινδρομεῖ</span> <span class='ocrx_word' id='word_1_553' title='bbox 2668 3136 2754 3189; x_wconf 83' lang='grc' dir='ltr'>ἐπ’</span> <span class='ocrx_word' id='word_1_554' title='bbox 2786 3137 2968 3191; x_wconf 84' lang='grc' dir='ltr'>ἐκεῖνοι</span> <span class='ocrx_word' id='word_1_555' title='bbox 2993 3138 3028 3192; x_wconf 78' lang='grc' dir='ltr'><strong>ἃ</strong></span> <span class='ocrx_word' id='word_1_556' title='bbox 3060 3140 3444 3196; x_wconf 78' lang='grc' dir='ltr'>καταλέλοιπεν</span> <span class='ocrx_word' id='word_1_557' title='bbox 3479 3145 3737 3216; x_wconf 77' lang='grc' dir='ltr'>,ἁμαρτή-</span> 
     </span>
    </p>
   </div>
   <div class='ocr_carea' id='block_1_75' title="bbox 2166 3224 3738 3305">
    <p class='ocr_par' dir='ltr' id='par_1_75' title="bbox 2166 3224 3738 3305">
     <span class='ocr_line' id='line_1_76' title="bbox 2166 3224 3738 3305; baseline 0.008 -29"><span class='ocrx_word' id='word_1_558' title='bbox 2166 3241 2330 3294; x_wconf 86' lang='grc' dir='ltr'>ματα.</span> <span class='ocrx_word' id='word_1_559' title='bbox 2364 3226 2474 3279; x_wconf 78' lang='grc' dir='ltr'><strong>Καὶ</strong></span> <span class='ocrx_word' id='word_1_560' title='bbox 2500 3225 2605 3279; x_wconf 82' lang='grc' dir='ltr'><strong>τῶν</strong></span> <span class='ocrx_word' id='word_1_561' title='bbox 2633 3228 2939 3283; x_wconf 86' lang='grc' dir='ltr'>ἀκουόντων</span> <span class='ocrx_word' id='word_1_562' title='bbox 2973 3224 3065 3282; x_wconf 80' lang='grc' dir='ltr'><strong>οὖν</strong></span> <span class='ocrx_word' id='word_1_563' title='bbox 3103 3230 3300 3296; x_wconf 84' lang='grc' dir='ltr'>ταῦτα,</span> <span class='ocrx_word' id='word_1_564' title='bbox 3332 3233 3442 3285; x_wconf 77' lang='grc' dir='ltr'>εἴτε</span> <span class='ocrx_word' id='word_1_565' title='bbox 3471 3250 3738 3305; x_wconf 88' lang='grc' dir='ltr'>κατηχου-</span> 
     </span>
    </p>
   </div>
   <div class='ocr_carea' id='block_1_76' title="bbox 2164 3310 3737 3390">
    <p class='ocr_par' dir='ltr' id='par_1_76' title="bbox 2164 3310 3737 3390">
     <span class='ocr_line' id='line_1_77' title="bbox 2164 3310 3737 3390; baseline 0.008 -27"><span class='ocrx_word' id='word_1_566' title='bbox 2164 3310 2341 3383; x_wconf 83' lang='grc' dir='ltr'>μένων</span> <span class='ocrx_word' id='word_1_567' title='bbox 2380 3312 2783 3369; x_wconf 84' lang='grc' dir='ltr'>καταλιπόντων</span> <span class='ocrx_word' id='word_1_568' title='bbox 2816 3316 2906 3369; x_wconf 84' lang='grc' dir='ltr'><strong>τὸν</strong></span> <span class='ocrx_word' id='word_1_569' title='bbox 2936 3316 3147 3371; x_wconf 86' lang='grc' dir='ltr'>ἐθνικὺν</span> <span class='ocrx_word' id='word_1_570' title='bbox 3203 3319 3317 3390; x_wconf 87' lang='grc' dir='ltr'>βίον</span> <span class='ocrx_word' id='word_1_571' title='bbox 3341 3361 3354 3384; x_wconf 93' lang='grc'><strong>,</strong></span> <span class='ocrx_word' id='word_1_572' title='bbox 3389 3321 3499 3374; x_wconf 74' lang='grc' dir='ltr'>εἴτε</span> <span class='ocrx_word' id='word_1_573' title='bbox 3533 3322 3737 3376; x_wconf 80' lang='grc' dir='ltr'>πιστῶν</span> 
     </span>
    </p>
   </div>
   <div class='ocr_carea' id='block_1_77' title="bbox 2160 3402 3734 3482">
    <p class='ocr_par' dir='ltr' id='par_1_77' title="bbox 2160 3402 3734 3482">
     <span class='ocr_line' id='line_1_78' title="bbox 2160 3402 3734 3482; baseline 0.007 -25"><span class='ocrx_word' id='word_1_574' title='bbox 2160 3402 2260 3475; x_wconf 71' lang='grc' dir='ltr'>ἤδη</span> <span class='ocrx_word' id='word_1_575' title='bbox 2305 3405 2721 3476; x_wconf 85' lang='grc' dir='ltr'>προκεκοφότων</span> <span class='ocrx_word' id='word_1_576' title='bbox 2760 3407 2817 3461; x_wconf 91' lang='grc' dir='ltr'><strong>ἐν</strong></span> <span class='ocrx_word' id='word_1_577' title='bbox 2843 3407 2922 3479; x_wconf 84' lang='grc' dir='ltr'>τῷ</span> <span class='ocrx_word' id='word_1_578' title='bbox 2953 3411 3064 3473; x_wconf 82' lang='grc' dir='ltr'>τοῖς</span> <span class='ocrx_word' id='word_1_579' title='bbox 3093 3408 3397 3482; x_wconf 76' lang='grc' dir='ltr'>ἔμπροσθεν</span> <span class='ocrx_word' id='word_1_580' title='bbox 3427 3413 3734 3467; x_wconf 88' lang='grc' dir='ltr'>ἐπεκτείνε-</span> 
     </span>
    </p>
   </div>
   <div class='ocr_carea' id='block_1_78' title="bbox 2160 3493 3734 3575">
    <p class='ocr_par' dir='ltr' id='par_1_78' title="bbox 2160 3493 3734 3575">
     <span class='ocr_line' id='line_1_79' title="bbox 2160 3493 3734 3575; baseline 0.008 -28"><span class='ocrx_word' id='word_1_581' title='bbox 2160 3493 2302 3559; x_wconf 85' lang='grc' dir='ltr'>σθαι,</span> <span class='ocrx_word' id='word_1_582' title='bbox 2333 3498 2382 3548; x_wconf 87' lang='grc' dir='ltr'><strong>εί</strong></span> <span class='ocrx_word' id='word_1_583' title='bbox 2410 3496 2522 3567; x_wconf 86' lang='grc' dir='ltr'>βίος</span> <span class='ocrx_word' id='word_1_584' title='bbox 2549 3496 2773 3570; x_wconf 82' lang='grc' dir='ltr'>γένηται</span> <span class='ocrx_word' id='word_1_585' title='bbox 2809 3499 3100 3572; x_wconf 82' lang='grc' dir='ltr'>μοχθηρὸς,</span> <span class='ocrx_word' id='word_1_586' title='bbox 3136 3502 3285 3555; x_wconf 82' lang='grc' dir='ltr'>οὐδὲν</span> <span class='ocrx_word' id='word_1_587' title='bbox 3331 3502 3458 3558; x_wconf 85' lang='grc' dir='ltr'>ἄλλο</span> <span class='ocrx_word' id='word_1_588' title='bbox 3488 3505 3734 3575; x_wconf 83' lang='grc' dir='ltr'>λέγουσιν</span> 
     </span>
    </p>
   </div>
   <div class='ocr_carea' id='block_1_79' title="bbox 2158 3582 3733 3664">
    <p class='ocr_par' dir='ltr' id='par_1_79' title="bbox 2158 3582 3733 3664">
     <span class='ocr_line' id='line_1_80' title="bbox 2158 3582 3733 3664; baseline 0.01 -28"><span class='ocrx_word' id='word_1_589' title='bbox 2158 3582 2192 3654; x_wconf 74' lang='grc' dir='ltr'>ἢ</span> <span class='ocrx_word' id='word_1_590' title='bbox 2223 3584 2315 3637; x_wconf 79' lang='grc' dir='ltr'><strong>καὶ</strong></span> <span class='ocrx_word' id='word_1_591' title='bbox 2347 3584 2436 3638; x_wconf 78' lang='grc' dir='ltr'><strong>τὸ’</strong></span> <span class='ocrx_word' id='word_1_592' title='bbox 2490 3588 2703 3642; x_wconf 81' lang='grc' dir='ltr'>Ὀπίσω</span> <span class='ocrx_word' id='word_1_593' title='bbox 2731 3588 2849 3642; x_wconf 82' lang='grc' dir='ltr'><strong>τῶν</strong></span> <span class='ocrx_word' id='word_1_594' title='bbox 2875 3590 3272 3661; x_wconf 71' lang='grc' dir='ltr'>ἀποστροφῶν</span> <span class='ocrx_word' id='word_1_595' title='bbox 3304 3593 3473 3664; x_wconf 75' lang='grc' dir='ltr'><strong>ἡμῶν</strong></span> <span class='ocrx_word' id='word_1_596' title='bbox 3516 3610 3733 3664; x_wconf 85' lang='grc' dir='ltr'>πορευ-</span> 
     </span>
    </p>
   </div>
   <div class='ocr_carea' id='block_1_80' title="bbox 2157 3675 3733 3753">
    <p class='ocr_par' dir='ltr' id='par_1_80' title="bbox 2157 3675 3733 3753">
     <span class='ocr_line' id='line_1_81' title="bbox 2157 3675 3733 3753; baseline 0.008 -26"><span class='ocrx_word' id='word_1_597' title='bbox 2157 3675 2405 3742; x_wconf 82' lang='grc' dir='ltr'>σόμεθα,</span> <span class='ocrx_word' id='word_1_598' title='bbox 2441 3675 2540 3729; x_wconf 76' lang='grc' dir='ltr'><strong>καί</strong></span> <span class='ocrx_word' id='word_1_599' title='bbox 2568 3675 2820 3742; x_wconf 79' lang='grc' dir='ltr'>ἕκαστος</span> <span class='ocrx_word' id='word_1_600' title='bbox 2855 3678 2928 3734; x_wconf 87' lang='grc' dir='ltr'>τὰ</span> <span class='ocrx_word' id='word_1_601' title='bbox 2953 3680 3177 3749; x_wconf 79' lang='grc' dir='ltr'>ἀρεστὰ</span> <span class='ocrx_word' id='word_1_602' title='bbox 3206 3681 3313 3752; x_wconf 82' lang='grc' dir='ltr'>τῆς</span> <span class='ocrx_word' id='word_1_603' title='bbox 3349 3684 3596 3753; x_wconf 80' lang='grc' dir='ltr'>καρδίας</span> <span class='ocrx_word' id='word_1_604' title='bbox 3625 3688 3733 3740; x_wconf 81' lang='grc' dir='ltr'><strong>αὑ·-</strong></span> 
     </span>
    </p>
   </div>
   <div class='ocr_carea' id='block_1_81' title="bbox 2157 3764 3729 3846">
    <p class='ocr_par' dir='ltr' id='par_1_81' title="bbox 2157 3764 3729 3846">
     <span class='ocr_line' id='line_1_82' title="bbox 2157 3764 3729 3846; baseline 0.01 -29"><span class='ocrx_word' id='word_1_605' title='bbox 2157 3764 2265 3818; x_wconf 83' lang='grc' dir='ltr'><strong>τοῦ</strong></span> <span class='ocrx_word' id='word_1_606' title='bbox 2308 3767 2406 3837; x_wconf 81' lang='grc' dir='ltr'><strong>οὐχ</strong></span> <span class='ocrx_word' id='word_1_607' title='bbox 2435 3767 2621 3832; x_wconf 84' lang='grc' dir='ltr'>ἁπλῶς</span> <span class='ocrx_word' id='word_1_608' title='bbox 2645 3807 2659 3831; x_wconf 92' lang='grc'><strong>,</strong></span> <span class='ocrx_word' id='word_1_609' title='bbox 2710 3769 2843 3824; x_wconf 88' lang='grc' dir='ltr'><strong>άλλά</strong></span> <span class='ocrx_word' id='word_1_610' title='bbox 2893 3769 3005 3840; x_wconf 84' lang='grc' dir='ltr'>τῆς</span> <span class='ocrx_word' id='word_1_611' title='bbox 3057 3773 3329 3843; x_wconf 80' lang='grc' dir='ltr'>πονηρᾶς</span> <span class='ocrx_word' id='word_1_612' title='bbox 3376 3775 3729 3846; x_wconf 78' lang='grc' dir='ltr'>ποιήσομεν.</span> 
     </span>
    </p>
   </div>
   <div class='ocr_carea' id='block_1_82' title="bbox 2162 3858 3728 3942">
    <p class='ocr_par' dir='ltr' id='par_1_82' title="bbox 2162 3858 3728 3942">
     <span class='ocr_line' id='line_1_83' title="bbox 2162 3858 3728 3942; baseline 0.009 -33"><span class='ocrx_word' id='word_1_613' title='bbox 2162 3858 2315 3910; x_wconf 84' lang='grc' dir='ltr'>Ἐστι</span> <span class='ocrx_word' id='word_1_614' title='bbox 2366 3858 2473 3930; x_wconf 87' lang='grc' dir='ltr'><strong>γάρ</strong></span> <span class='ocrx_word' id='word_1_615' title='bbox 2517 3860 2713 3931; x_wconf 84' lang='grc' dir='ltr'>καρδία</span> <span class='ocrx_word' id='word_1_616' title='bbox 2763 3861 2991 3932; x_wconf 79' lang='grc' dir='ltr'>πονηρὰ,</span> <span class='ocrx_word' id='word_1_617' title='bbox 3032 3864 3127 3917; x_wconf 77' lang='grc' dir='ltr'>καὶ</span> <span class='ocrx_word' id='word_1_618' title='bbox 3151 3863 3266 3917; x_wconf 79' lang='grc' dir='ltr'>ἐστι</span> <span class='ocrx_word' id='word_1_619' title='bbox 3300 3866 3497 3938; x_wconf 86' lang='grc' dir='ltr'>καρδία</span> <span class='ocrx_word' id='word_1_620' title='bbox 3527 3868 3728 3942; x_wconf 22' lang='grc' dir='ltr'>ἀγαθή..</span> 
     </span>
    </p>
   </div>
   <div class='ocr_carea' id='block_1_83' title="bbox 2156 3942 3733 4027">
    <p class='ocr_par' dir='ltr' id='par_1_83' title="bbox 2156 3942 3733 4027">
     <span class='ocr_line' id='line_1_84' title="bbox 2156 3942 3733 4027; baseline 0.006 -25"><span class='ocrx_word' id='word_1_621' title='bbox 2156 3947 2361 4019; x_wconf 75' lang='grc' dir='ltr'>Μηδεὶς</span> <span class='ocrx_word' id='word_1_622' title='bbox 2378 3942 2470 4001; x_wconf 80' lang='grc' dir='ltr'>οὖν</span> <span class='ocrx_word' id='word_1_623' title='bbox 2493 3947 2666 4002; x_wconf 85' lang='grc' dir='ltr'>ὀπίσω</span> <span class='ocrx_word' id='word_1_624' title='bbox 2680 3949 2787 4002; x_wconf 85' lang='grc' dir='ltr'><strong>τῶν</strong></span> <span class='ocrx_word' id='word_1_625' title='bbox 2803 3950 3160 4023; x_wconf 85' lang='grc' dir='ltr'>ἀποστροφῶν</span> <span class='ocrx_word' id='word_1_626' title='bbox 3175 3954 3367 4008; x_wconf 81' lang='grc' dir='ltr'>ἐαυτοῦ</span> <span class='ocrx_word' id='word_1_627' title='bbox 3391 3957 3733 4027; x_wconf 78' lang='grc' dir='ltr'>πορευέσθω,</span> 
     </span>
    </p>
   </div>
   <div class='ocr_carea' id='block_1_84' title="bbox 2159 4038 3730 4121">
    <p class='ocr_par' dir='ltr' id='par_1_84' title="bbox 2159 4038 3730 4121">
     <span class='ocr_line' id='line_1_85' title="bbox 2159 4038 3730 4121; baseline 0.007 -31"><span class='ocrx_word' id='word_1_628' title='bbox 2159 4039 2294 4110; x_wconf 85' lang='grc' dir='ltr'><strong>μηδέ</strong></span> <span class='ocrx_word' id='word_1_629' title='bbox 2341 4038 2409 4092; x_wconf 78' lang='grc' dir='ltr'>τὰ</span> <span class='ocrx_word' id='word_1_630' title='bbox 2452 4039 2656 4112; x_wconf 87' lang='grc' dir='ltr'>ἀρεστά</span> <span class='ocrx_word' id='word_1_631' title='bbox 2703 4041 2802 4112; x_wconf 84' lang='grc' dir='ltr'>τῆς</span> <span class='ocrx_word' id='word_1_632' title='bbox 2849 4044 3072 4115; x_wconf 85' lang='grc' dir='ltr'>καρδίας</span> <span class='ocrx_word' id='word_1_633' title='bbox 3129 4045 3290 4099; x_wconf 83' lang='grc' dir='ltr'>αὑτοῦ</span> <span class='ocrx_word' id='word_1_634' title='bbox 3338 4048 3437 4118; x_wconf 81' lang='grc' dir='ltr'><strong>τῆς</strong></span> <span class='ocrx_word' id='word_1_635' title='bbox 3491 4052 3730 4121; x_wconf 82' lang='grc' dir='ltr'>πονηρᾶς</span> 
     </span>
    </p>
   </div>
   <div class='ocr_carea' id='block_1_85' title="bbox 2156 4131 3729 4212">
    <p class='ocr_par' dir='ltr' id='par_1_85' title="bbox 2156 4131 3729 4212">
     <span class='ocr_line' id='line_1_86' title="bbox 2156 4131 3729 4212; baseline 0.007 -28"><span class='ocrx_word' id='word_1_636' title='bbox 2156 4131 2394 4185; x_wconf 84' lang='grc' dir='ltr'>ποιείτω.</span> <span class='ocrx_word' id='word_1_637' title='bbox 2433 4132 2530 4185; x_wconf 73' lang='grc' dir='ltr'>Διά</span> <span class='ocrx_word' id='word_1_638' title='bbox 2559 4132 2718 4186; x_wconf 82' lang='grc' dir='ltr'>τοῦτο</span> <span class='ocrx_word' id='word_1_639' title='bbox 2753 4136 2890 4206; x_wconf 81' lang='grc' dir='ltr'>πρὸς</span> <span class='ocrx_word' id='word_1_640' title='bbox 2909 4137 3036 4201; x_wconf 81' lang='grc' dir='ltr'>τοὺς</span> <span class='ocrx_word' id='word_1_641' title='bbox 3061 4138 3232 4192; x_wconf 80' lang='grc' dir='ltr'>ταῦτα</span> <span class='ocrx_word' id='word_1_642' title='bbox 3271 4140 3729 4212; x_wconf 83' lang='grc' dir='ltr'>ἀποκρινομένους</span> 
     </span>
    </p>
   </div>
   <div class='ocr_carea' id='block_1_86' title="bbox 2154 4221 3727 4298">
    <p class='ocr_par' dir='ltr' id='par_1_86' title="bbox 2154 4221 3727 4298">
     <span class='ocr_line' id='line_1_87' title="bbox 2154 4221 3727 4298; baseline 0.006 -23"><span class='ocrx_word' id='word_1_643' title='bbox 2154 4221 2300 4291; x_wconf 82' lang='grc' dir='ltr'>λέγει</span> <span class='ocrx_word' id='word_1_644' title='bbox 2354 4221 2590 4294; x_wconf 81' lang='grc' dir='ltr'>Κύριος·</span> <span class='ocrx_word' id='word_1_645' title='bbox 2661 4225 3023 4294; x_wconf 83' lang='grc' dir='ltr'>Ἐρωτήσατε</span> <span class='ocrx_word' id='word_1_646' title='bbox 3071 4227 3141 4296; x_wconf 76' lang='grc' dir='ltr'>δὴ</span> <span class='ocrx_word' id='word_1_647' title='bbox 3197 4229 3268 4283; x_wconf 82' lang='grc' dir='ltr'><strong>ἐν</strong></span> <span class='ocrx_word' id='word_1_648' title='bbox 3327 4230 3560 4286; x_wconf 76' lang='grc' dir='ltr'>ἔθνεσιο</span> <span class='ocrx_word' id='word_1_649' title='bbox 3631 4233 3727 4298; x_wconf 79' lang='grc' dir='ltr'>Τίς</span> 
     </span>
    </p>
   </div>
   <div class='ocr_carea' id='block_1_87' title="bbox 2153 4311 3726 4389">
    <p class='ocr_par' dir='ltr' id='par_1_87' title="bbox 2153 4311 3726 4389">
     <span class='ocr_line' id='line_1_88' title="bbox 2153 4311 3726 4389; baseline 0.007 -26"><span class='ocrx_word' id='word_1_650' title='bbox 2153 4311 2381 4380; x_wconf 72' lang='grc' dir='ltr'>ἤκουσε</span> <span class='ocrx_word' id='word_1_651' title='bbox 2412 4312 2653 4366; x_wconf 87' lang='grc' dir='ltr'>τοιαῦτα</span> <span class='ocrx_word' id='word_1_652' title='bbox 2677 4314 2912 4381; x_wconf 69' lang='grc' dir='ltr'>φρικτὰ,</span> <span class='ocrx_word' id='word_1_653' title='bbox 2944 4314 2983 4370; x_wconf 81' lang='lat' dir='ltr'><strong>d</strong></span> <span class='ocrx_word' id='word_1_654' title='bbox 3016 4317 3263 4387; x_wconf 83' lang='grc' dir='ltr'>ἐποίησε</span> <span class='ocrx_word' id='word_1_655' title='bbox 3305 4320 3539 4389; x_wconf 68' lang='grc' dir='ltr'>σφόδρα</span> <span class='ocrx_word' id='word_1_656' title='bbox 3577 4334 3726 4388; x_wconf 82' lang='grc' dir='ltr'>παρ-</span> 
     </span>
    </p>
   </div>
   <div class='ocr_carea' id='block_1_88' title="bbox 2153 4402 3721 4481">
    <p class='ocr_par' dir='ltr' id='par_1_88' title="bbox 2153 4402 3721 4481">
     <span class='ocr_line' id='line_1_89' title="bbox 2153 4402 3721 4481; baseline 0.003 -25"><span class='ocrx_word' id='word_1_657' title='bbox 2153 4402 2326 4468; x_wconf 84' lang='grc' dir='ltr'>θένος</span> <span class='ocrx_word' id='word_1_658' title='bbox 2355 4403 2591 4471; x_wconf 76' lang='grc' dir='ltr'>Ἰσραήλ</span> <span class='ocrx_word' id='word_1_659' title='bbox 2608 4419 2627 4467; x_wconf 89' lang='grc'><em>;</em></span> <span class='ocrx_word' id='word_1_660' title='bbox 2647 4404 2795 4469; x_wconf 78' lang='grc' dir='ltr'>Δόξει</span> <span class='ocrx_word' id='word_1_661' title='bbox 2818 4405 2873 4458; x_wconf 87' lang='grc' dir='ltr'><strong>δέ</strong></span> <span class='ocrx_word' id='word_1_662' title='bbox 2903 4407 2997 4461; x_wconf 75' lang='grc' dir='ltr'><strong>καὶ</strong></span> <span class='ocrx_word' id='word_1_663' title='bbox 3028 4408 3202 4465; x_wconf 82' lang='grc' dir='ltr'>ταῦτα</span> <span class='ocrx_word' id='word_1_664' title='bbox 3222 4409 3407 4473; x_wconf 83' lang='grc' dir='ltr'>ἁπλῶς</span> <span class='ocrx_word' id='word_1_665' title='bbox 3437 4410 3721 4481; x_wconf 80' lang='grc' dir='ltr'>εἰρῆσθαι·</span> 
     </span>
    </p>
   </div>
   <div class='ocr_carea' id='block_1_89' title="bbox 487 4483 2130 4571">
    <p class='ocr_par' dir='ltr' id='par_1_89' title="bbox 487 4483 2125 4562">
     <span class='ocr_line' id='line_1_90' title="bbox 487 4483 2125 4562; baseline 0.02 -32"><span class='ocrx_word' id='word_1_666' title='bbox 487 4494 638 4545; x_wconf 78' lang='lat' dir='ltr'><strong>vero,</strong></span> <span class='ocrx_word' id='word_1_667' title='bbox 668 4497 793 4536; x_wconf 88' lang='lat' dir='ltr'><strong>cum</strong></span> <span class='ocrx_word' id='word_1_668' title='bbox 834 4483 912 4538; x_wconf 93' lang='lat' dir='ltr'><strong>illi</strong></span> <span class='ocrx_word' id='word_1_669' title='bbox 946 4487 1231 4545; x_wconf 88' lang='lat' dir='ltr'><strong>horribilia</strong></span> <span class='ocrx_word' id='word_1_670' title='bbox 1264 4502 1595 4561; x_wconf 88' lang='lat' dir='ltr'><strong>patrassent,</strong></span> <span class='ocrx_word' id='word_1_671' title='bbox 1624 4500 1690 4552; x_wconf 88' lang='lat' dir='ltr'><strong>ad</strong></span> <span class='ocrx_word' id='word_1_672' title='bbox 1717 4516 1843 4555; x_wconf 87' lang='lat' dir='ltr'><strong>eum</strong></span> <span class='ocrx_word' id='word_1_673' title='bbox 1881 4503 2049 4561; x_wconf 79' lang='lat' dir='ltr'><strong>fuisse</strong></span> <span class='ocrx_word' id='word_1_674' title='bbox 2081 4508 2125 4562; x_wconf 82' lang='lat' dir='ltr'><strong>D</strong></span> 
     </span>
    </p>
   </div>
   <div class='ocr_carea' id='block_1_90' title="bbox 2179 4483 3717 4571">
    <p class='ocr_par' dir='ltr' id='par_1_90' title="bbox 2179 4491 3717 4571">
     <span class='ocr_line' id='line_1_91' title="bbox 2179 4491 3717 4571; baseline 0.004 -26"><span class='ocrx_word' id='word_1_675' title='bbox 2179 4491 2264 4545; x_wconf 82' lang='grc' dir='ltr'>ιλλ’</span> <span class='ocrx_word' id='word_1_676' title='bbox 2296 4491 2391 4544; x_wconf 81' lang='grc' dir='ltr'>ἐὰν</span> <span class='ocrx_word' id='word_1_677' title='bbox 2422 4493 2454 4562; x_wconf 85' lang='grc' dir='ltr'><strong>ή</strong></span> <span class='ocrx_word' id='word_1_678' title='bbox 2485 4492 2594 4545; x_wconf 79' lang='grc' dir='ltr'>ἀπὸ</span> <span class='ocrx_word' id='word_1_679' title='bbox 2628 4492 2734 4546; x_wconf 85' lang='grc' dir='ltr'>τῶν</span> <span class='ocrx_word' id='word_1_680' title='bbox 2764 4494 2932 4548; x_wconf 80' lang='grc' dir='ltr'>ἐθνῶν</span> <span class='ocrx_word' id='word_1_681' title='bbox 2975 4497 3267 4571; x_wconf 83' lang='grc' dir='ltr'>Ἐκκλησία</span> <span class='ocrx_word' id='word_1_682' title='bbox 3293 4499 3351 4553; x_wconf 82' lang='grc' dir='ltr'>ὃν</span> <span class='ocrx_word' id='word_1_683' title='bbox 3396 4500 3476 4554; x_wconf 89' lang='grc' dir='ltr'>δεῖ</span> <span class='ocrx_word' id='word_1_684' title='bbox 3516 4499 3717 4571; x_wconf 87' lang='grc' dir='ltr'>τρόπον</span> 
     </span>
    </p>
   </div>
   <div class='ocr_carea' id='block_1_91' title="bbox 484 4577 2050 4649">
    <p class='ocr_par' dir='ltr' id='par_1_91' title="bbox 484 4577 2050 4649">
     <span class='ocr_line' id='line_1_92' title="bbox 484 4577 2050 4649; baseline 0.015 -24"><span class='ocrx_word' id='word_1_685' title='bbox 484 4585 777 4630; x_wconf 85' lang='lat' dir='ltr'><strong>conversos</strong></span> <span class='ocrx_word' id='word_1_686' title='bbox 809 4577 901 4645; x_wconf 93' lang='lat' dir='ltr'><strong>qui</strong></span> <span class='ocrx_word' id='word_1_687' title='bbox 938 4592 1035 4647; x_wconf 91' lang='lat' dir='ltr'><strong>pro</strong></span> <span class='ocrx_word' id='word_1_688' title='bbox 1065 4582 1303 4649; x_wconf 88' lang='lat' dir='ltr'><strong>peccatis</strong></span> <span class='ocrx_word' id='word_1_689' title='bbox 1336 4587 1522 4641; x_wconf 84' lang='lat' dir='ltr'><strong>mundi</strong></span> <span class='ocrx_word' id='word_1_690' title='bbox 1549 4589 1746 4645; x_wconf 89' lang='lat' dir='ltr'><strong>abillis</strong></span> <span class='ocrx_word' id='word_1_691' title='bbox 1780 4593 1897 4648; x_wconf 86' lang='lat' dir='ltr'><strong>neci</strong></span> <span class='ocrx_word' id='word_1_692' title='bbox 1938 4604 2050 4648; x_wconf 87' lang='lat' dir='ltr'><strong>tra-</strong></span> 
     </span>
    </p>
   </div>
   <div class='ocr_carea' id='block_1_92' title="bbox 485 4660 2049 4753">
    <p class='ocr_par' dir='ltr' id='par_1_92' title="bbox 485 4660 2049 4753">
     <span class='ocr_line' id='line_1_93' title="bbox 485 4660 2049 4753; baseline 0.015 -39"><span class='ocrx_word' id='word_1_693' title='bbox 485 4660 632 4720; x_wconf 87' lang='lat' dir='ltr'><strong>ditus</strong></span> <span class='ocrx_word' id='word_1_694' title='bbox 658 4665 832 4722; x_wconf 77' lang='lat' dir='ltr'><strong>fuerat</strong></span> <span class='ocrx_word' id='word_1_695' title='bbox 858 4680 913 4724; x_wconf 86' lang='lat' dir='ltr'><strong>et</strong></span> <span class='ocrx_word' id='word_1_696' title='bbox 941 4671 1245 4730; x_wconf 87' lang='lat' dir='ltr'><strong>interierat.</strong></span> <span class='ocrx_word' id='word_1_697' title='bbox 1276 4672 1605 4746; x_wconf 84' lang='lat' dir='ltr'><strong>lnlerrogate</strong></span> <span class='ocrx_word' id='word_1_698' title='bbox 1648 4679 1811 4749; x_wconf 81' lang='lat' dir='ltr'><strong>igitur</strong></span> <span class='ocrx_word' id='word_1_699' title='bbox 1835 4682 1888 4735; x_wconf 91' lang='lat' dir='ltr'><strong>in</strong></span> <span class='ocrx_word' id='word_1_700' title='bbox 1921 4699 2049 4753; x_wconf 84' lang='lat' dir='ltr'><strong>gen-</strong></span> 
     </span>
    </p>
   </div>
   <div class='ocr_carea' id='block_1_93' title="bbox 487 4753 2047 4840">
    <p class='ocr_par' dir='ltr' id='par_1_93' title="bbox 487 4753 2047 4840">
     <span class='ocr_line' id='line_1_94' title="bbox 487 4753 2047 4840; baseline 0.018 -37"><span class='ocrx_word' id='word_1_701' title='bbox 487 4753 648 4822; x_wconf 82' lang='lat' dir='ltr'><strong>tibus,</strong></span> <span class='ocrx_word' id='word_1_702' title='bbox 703 4759 819 4825; x_wconf 87' lang='lat' dir='ltr'><strong>quis</strong></span> <span class='ocrx_word' id='word_1_703' title='bbox 853 4763 1053 4817; x_wconf 82' lang='lat' dir='ltr'><strong>audivit</strong></span> <span class='ocrx_word' id='word_1_704' title='bbox 1090 4764 1222 4819; x_wconf 83' lang='lat' dir='ltr'><strong>talia</strong></span> <span class='ocrx_word' id='word_1_705' title='bbox 1254 4764 1533 4821; x_wconf 84' lang='lat' dir='ltr'><strong>horribilia</strong></span> <span class='ocrx_word' id='word_1_706' title='bbox 1575 4785 1693 4840; x_wconf 80' lang='lat' dir='ltr'><strong>qua:</strong></span> <span class='ocrx_word' id='word_1_707' title='bbox 1739 4773 1860 4839; x_wconf 79' lang='lat' dir='ltr'><strong>fecit</strong></span> <span class='ocrx_word' id='word_1_708' title='bbox 1890 4777 2047 4832; x_wconf 88' lang='lat' dir='ltr'><strong>nimis</strong></span> 
     </span>
    </p>
   </div>
   <div class='ocr_carea' id='block_1_94' title="bbox 486 4843 873 4913">
    <p class='ocr_par' dir='ltr' id='par_1_94' title="bbox 486 4843 873 4913">
     <span class='ocr_line' id='line_1_95' title="bbox 486 4843 873 4913; baseline 0.016 -17"><span class='ocrx_word' id='word_1_709' title='bbox 486 4843 631 4913; x_wconf 71' lang='lat' dir='ltr'><strong>virgo</strong></span> <span class='ocrx_word' id='word_1_710' title='bbox 660 4845 829 4900; x_wconf 78' lang='lat' dir='ltr'><strong>Israel</strong></span> <span class='ocrx_word' id='word_1_711' title='bbox 848 4852 873 4902; x_wconf 72' lang='grc' dir='ltr'><strong>Ξ)</strong></span> 
     </span>
    </p>
   </div>
   <div class='ocr_carea' id='block_1_95' title="bbox 2158 4581 3721 4675">
    <p class='ocr_par' dir='ltr' id='par_1_95' title="bbox 2158 4581 3721 4675">
     <span class='ocr_line' id='line_1_96' title="bbox 2158 4581 3721 4675; baseline 0.006 -42"><span class='ocrx_word' id='word_1_712' title='bbox 2158 4582 2512 4653; x_wconf 79' lang='grc' dir='ltr'>ἐπιστραφείη</span> <span class='ocrx_word' id='word_1_713' title='bbox 2565 4581 2701 4652; x_wconf 85' lang='grc' dir='ltr'>πρὸς</span> <span class='ocrx_word' id='word_1_714' title='bbox 2743 4583 2832 4637; x_wconf 85' lang='grc' dir='ltr'><strong>τὸν</strong></span> <span class='ocrx_word' id='word_1_715' title='bbox 2866 4584 3030 4650; x_wconf 77' lang='grc' dir='ltr'>Θεὸν,</span> <span class='ocrx_word' id='word_1_716' title='bbox 3072 4588 3421 4675; x_wconf 18' lang='grc' dir='ltr'>λεχθήσετααιο</span> <span class='ocrx_word' id='word_1_717' title='bbox 3478 4589 3721 4660; x_wconf 82' lang='grc' dir='ltr'>Ἐρωτή-</span> 
     </span>
    </p>
   </div>
   <div class='ocr_carea' id='block_1_96' title="bbox 2156 4671 3726 4750">
    <p class='ocr_par' dir='ltr' id='par_1_96' title="bbox 2156 4671 3726 4750">
     <span class='ocr_line' id='line_1_97' title="bbox 2156 4671 3726 4750; baseline 0.007 -25"><span class='ocrx_word' id='word_1_718' title='bbox 2156 4688 2304 4725; x_wconf 83' lang='grc' dir='ltr'>σατε</span> <span class='ocrx_word' id='word_1_719' title='bbox 2334 4671 2410 4740; x_wconf 75' lang='grc' dir='ltr'>δὴ</span> <span class='ocrx_word' id='word_1_720' title='bbox 2440 4671 2511 4727; x_wconf 77' lang='grc' dir='ltr'><strong>ἐν</strong></span> <span class='ocrx_word' id='word_1_721' title='bbox 2535 4672 2738 4727; x_wconf 75' lang='grc' dir='ltr'>ἔθνεσι</span> <span class='ocrx_word' id='word_1_722' title='bbox 2759 4690 2773 4703; x_wconf 75' lang='grc' dir='ltr'><strong><em>ο</em></strong></span> <span class='ocrx_word' id='word_1_723' title='bbox 2806 4675 3104 4732; x_wconf 83' lang='grc' dir='ltr'>ἀκούσατε</span> <span class='ocrx_word' id='word_1_724' title='bbox 3140 4677 3180 4733; x_wconf 81' lang='grc' dir='ltr'><strong>ἀ</strong></span> <span class='ocrx_word' id='word_1_725' title='bbox 3208 4671 3461 4750; x_wconf 79' lang='grc' dir='ltr'>ἐποίησε</span> <span class='ocrx_word' id='word_1_726' title='bbox 3511 4680 3726 4750; x_wconf 72' lang='grc' dir='ltr'>φρικτὰ</span> 
     </span>
    </p>
   </div>
   <div class='ocr_carea' id='block_1_97' title="bbox 2157 4768 3727 4851">
    <p class='ocr_par' dir='ltr' id='par_1_97' title="bbox 2157 4768 3727 4851">
     <span class='ocr_line' id='line_1_98' title="bbox 2157 4768 3727 4851; baseline 0.007 -27"><span class='ocrx_word' id='word_1_727' title='bbox 2157 4768 2390 4838; x_wconf 66' lang='grc' dir='ltr'>σφόδρα</span> <span class='ocrx_word' id='word_1_728' title='bbox 2409 4768 2700 4838; x_wconf 83' lang='grc' dir='ltr'>παρθένος</span> <span class='ocrx_word' id='word_1_729' title='bbox 2737 4771 2993 4841; x_wconf 77' lang='grc' dir='ltr'><strong>Ἰσραήλ.</strong></span> <span class='ocrx_word' id='word_1_730' title='bbox 3039 4776 3162 4831; x_wconf 89' lang='grc' dir='ltr'>Βίον</span> <span class='ocrx_word' id='word_1_731' title='bbox 3207 4778 3316 4849; x_wconf 86' lang='grc' dir='ltr'>γὰρ</span> <span class='ocrx_word' id='word_1_732' title='bbox 3347 4778 3727 4851; x_wconf 83' lang='grc' dir='ltr'>συγκρίνωμεν</span> 
     </span>
    </p>
   </div>
   <div class='ocr_carea' id='block_1_98' title="bbox 2153 4867 3724 4952">
    <p class='ocr_par' dir='ltr' id='par_1_98' title="bbox 2153 4867 3724 4952">
     <span class='ocr_line' id='line_1_99' title="bbox 2153 4867 3724 4952; baseline 0.009 -30"><span class='ocrx_word' id='word_1_733' title='bbox 2153 4868 2372 4922; x_wconf 77' lang='grc' dir='ltr'>ἐκείνων</span> <span class='ocrx_word' id='word_1_734' title='bbox 2402 4867 2508 4921; x_wconf 84' lang='grc' dir='ltr'><strong>τῶν</strong></span> <span class='ocrx_word' id='word_1_735' title='bbox 2530 4870 2944 4942; x_wconf 80' lang='grc' dir='ltr'>ἡμαρτηκότων,</span> <span class='ocrx_word' id='word_1_736' title='bbox 2979 4874 3057 4947; x_wconf 84' lang='grc' dir='ltr'>τῷ</span> <span class='ocrx_word' id='word_1_737' title='bbox 3078 4875 3177 4949; x_wconf 86' lang='grc' dir='ltr'><strong>βίῳ</strong></span> <span class='ocrx_word' id='word_1_738' title='bbox 3221 4877 3331 4932; x_wconf 86' lang='grc' dir='ltr'><strong>τῶν</strong></span> <span class='ocrx_word' id='word_1_739' title='bbox 3365 4881 3724 4952; x_wconf 80' lang='grc' dir='ltr'>ἐπιστρεψάν-</span> 
     </span>
    </p>
   </div>
   <div class='ocr_carea' id='block_1_99' title="bbox 482 4938 3721 5039">
    <p class='ocr_par' dir='ltr' id='par_1_99' title="bbox 482 4938 3721 5039">
     <span class='ocr_line' id='line_1_100' title="bbox 482 4938 3721 5039; baseline 0.011 -52"><span class='ocrx_word' id='word_1_740' title='bbox 482 4951 591 4988; x_wconf 90' lang='grc' dir='ltr'><strong>των</strong></span> <span class='ocrx_word' id='word_1_741' title='bbox 614 4938 707 4990; x_wconf 82' lang='grc' dir='ltr'>καὶ</span> <span class='ocrx_word' id='word_1_742' title='bbox 737 4944 1156 5012; x_wconf 86' lang='grc' dir='ltr'>πιστευσάντων,</span> <span class='ocrx_word' id='word_1_743' title='bbox 1175 4951 1267 5006; x_wconf 71' lang='grc' dir='ltr'><strong>καὶ</strong></span> <span class='ocrx_word' id='word_1_744' title='bbox 1287 4949 1563 5021; x_wconf 77' lang='grc' dir='ltr'>εἰσόμεθα,</span> <span class='ocrx_word' id='word_1_745' title='bbox 1593 4954 1675 5007; x_wconf 80' lang='grc' dir='ltr'><strong>ὅτι</strong></span> <span class='ocrx_word' id='word_1_746' title='bbox 1712 4955 1907 5012; x_wconf 85' lang='grc' dir='ltr'>ἐκεῖνοι</span> <span class='ocrx_word' id='word_1_747' title='bbox 1949 4961 2046 5030; x_wconf 86' lang='grc' dir='ltr'><strong>μὲν</strong></span> <span class='ocrx_word' id='word_1_748' title='bbox 2083 4960 2284 5036; x_wconf 81' lang='grc' dir='ltr'>φρικτὰ</span> <span class='ocrx_word' id='word_1_749' title='bbox 2317 4938 2666 5031; x_wconf 71' lang='grc' dir='ltr'>πεποιήκασι,</span> <span class='ocrx_word' id='word_1_750' title='bbox 2699 4938 2790 5016; x_wconf 67' lang='grc' dir='ltr'><strong>τόν</strong></span> <span class='ocrx_word' id='word_1_751' title='bbox 2810 4964 3012 5038; x_wconf 84' lang='grc' dir='ltr'>Κύριον</span> <span class='ocrx_word' id='word_1_752' title='bbox 3051 4968 3153 5037; x_wconf 85' lang='grc' dir='ltr'>τῆς</span> <span class='ocrx_word' id='word_1_753' title='bbox 3180 4968 3337 5039; x_wconf 76' lang='grc' dir='ltr'>δόξης</span> <span class='ocrx_word' id='word_1_754' title='bbox 3375 4972 3721 5025; x_wconf 78' lang='grc' dir='ltr'>ἀποκτείναν-</span> 
     </span>
    </p>
   </div>
   <div class='ocr_carea' id='block_1_100' title="bbox 481 5023 3717 5129">
    <p class='ocr_par' dir='ltr' id='par_1_100' title="bbox 481 5023 3717 5129">
     <span class='ocr_line' id='line_1_101' title="bbox 481 5023 3717 5129; baseline 0.01 -49"><span class='ocrx_word' id='word_1_755' title='bbox 481 5043 605 5091; x_wconf 77' lang='grc' dir='ltr'>τες’</span> <span class='ocrx_word' id='word_1_756' title='bbox 645 5023 787 5084; x_wconf 78' lang='grc' dir='ltr'>οὗτοι</span> <span class='ocrx_word' id='word_1_757' title='bbox 817 5031 896 5097; x_wconf 82' lang='grc' dir='ltr'><strong>δὲ,</strong></span> <span class='ocrx_word' id='word_1_758' title='bbox 924 5035 1143 5089; x_wconf 86' lang='grc' dir='ltr'>ἐκείνων</span> <span class='ocrx_word' id='word_1_759' title='bbox 1174 5037 1373 5108; x_wconf 82' lang='grc' dir='ltr'>φρικτὰ</span> <span class='ocrx_word' id='word_1_760' title='bbox 1420 5042 1778 5111; x_wconf 84' lang='grc' dir='ltr'>ποιησάντων,</span> <span class='ocrx_word' id='word_1_761' title='bbox 1805 5023 2142 5122; x_wconf 70' lang='grc' dir='ltr'>ἐπέστρεψαν</span> <span class='ocrx_word' id='word_1_762' title='bbox 2184 5050 2319 5119; x_wconf 81' lang='grc' dir='ltr'>πρὸς</span> <span class='ocrx_word' id='word_1_763' title='bbox 2378 5023 2539 5103; x_wconf 61' lang='grc' dir='ltr'>αὐτόν</span> <span class='ocrx_word' id='word_1_764' title='bbox 2579 5023 2720 5121; x_wconf 79' lang='grc' dir='ltr'><strong>ὺπέρ</strong></span> <span class='ocrx_word' id='word_1_765' title='bbox 2773 5023 3342 5127; x_wconf 40' lang='grc' dir='ltr'>τῶνιάμαρτημάτων</span> <span class='ocrx_word' id='word_1_766' title='bbox 3381 5058 3473 5112; x_wconf 83' lang='grc' dir='ltr'><strong>τοῦ</strong></span> <span class='ocrx_word' id='word_1_767' title='bbox 3516 5059 3717 5129; x_wconf 83' lang='grc' dir='ltr'>κόσμου</span> 
     </span>
    </p>
   </div>
   <div class='ocr_carea' id='block_1_101' title="bbox 483 5114 3718 5217">
    <p class='ocr_par' dir='ltr' id='par_1_101' title="bbox 483 5114 3718 5217">
     <span class='ocr_line' id='line_1_102' title="bbox 483 5114 3718 5217; baseline 0.01 -48"><span class='ocrx_word' id='word_1_768' title='bbox 483 5114 576 5169; x_wconf 74' lang='grc' dir='ltr'><strong>ὑπ’</strong></span> <span class='ocrx_word' id='word_1_769' title='bbox 617 5118 839 5173; x_wconf 88' lang='grc' dir='ltr'>ἐκείνων</span> <span class='ocrx_word' id='word_1_770' title='bbox 879 5123 1230 5196; x_wconf 85' lang='grc' dir='ltr'>ἀναιρεθέντα</span> <span class='ocrx_word' id='word_1_771' title='bbox 1268 5129 1361 5183; x_wconf 77' lang='grc' dir='ltr'><strong>καὶ</strong></span> <span class='ocrx_word' id='word_1_772' title='bbox 1418 5131 1772 5189; x_wconf 86' lang='grc' dir='ltr'>ἀποθανόντα.</span> <span class='ocrx_word' id='word_1_773' title='bbox 1827 5114 2185 5206; x_wconf 71' lang='grc' dir='ltr'>Ἐρωτήσατε</span> <span class='ocrx_word' id='word_1_774' title='bbox 2230 5114 2343 5192; x_wconf 78' lang='grc' dir='ltr'><strong>οὖν</strong></span> <span class='ocrx_word' id='word_1_775' title='bbox 2392 5139 2462 5192; x_wconf 76' lang='grc' dir='ltr'>ἐν</span> <span class='ocrx_word' id='word_1_776' title='bbox 2509 5114 2710 5194; x_wconf 69' lang='grc' dir='ltr'>ἔθνεσι</span> <span class='ocrx_word' id='word_1_777' title='bbox 2731 5157 2745 5169; x_wconf 82' lang='grc'><em>’</em></span> <span class='ocrx_word' id='word_1_778' title='bbox 2815 5143 2907 5210; x_wconf 84' lang='grc' dir='ltr'>Τίς</span> <span class='ocrx_word' id='word_1_779' title='bbox 2953 5114 3180 5213; x_wconf 47' lang='lat' dir='ltr'><strong>fixo-ve;</strong></span> <span class='ocrx_word' id='word_1_780' title='bbox 3220 5148 3464 5202; x_wconf 82' lang='grc' dir='ltr'>τοιαῦτα</span> <span class='ocrx_word' id='word_1_781' title='bbox 3502 5147 3718 5217; x_wconf 68' lang='grc' dir='ltr'>φρικτὰ</span> 
     </span>
    </p>
   </div>
   <div class='ocr_carea' id='block_1_102' title="bbox 480 5204 1692 5292">
    <p class='ocr_par' dir='ltr' id='par_1_102' title="bbox 480 5204 1692 5292">
     <span class='ocr_line' id='line_1_103' title="bbox 480 5204 1692 5292; baseline 0.017 -33"><span class='ocrx_word' id='word_1_782' title='bbox 480 5204 519 5259; x_wconf 77' lang='grc' dir='ltr'><strong><em>ἅ</em></strong></span> <span class='ocrx_word' id='word_1_783' title='bbox 545 5212 797 5282; x_wconf 77' lang='grc' dir='ltr'>ἐποίησε</span> <span class='ocrx_word' id='word_1_784' title='bbox 824 5216 1059 5285; x_wconf 65' lang='grc' dir='ltr'>σφόδρα</span> <span class='ocrx_word' id='word_1_785' title='bbox 1082 5220 1377 5289; x_wconf 81' lang='grc' dir='ltr'>παρθένος</span> <span class='ocrx_word' id='word_1_786' title='bbox 1414 5224 1651 5292; x_wconf 77' lang='grc' dir='ltr'>Ἰσραήλ</span> <span class='ocrx_word' id='word_1_787' title='bbox 1672 5240 1692 5291; x_wconf 84' lang='grc'><strong><em>;</em></strong></span> 
     </span>
    </p>
   </div>
   <div class='ocr_carea' id='block_1_103' title="bbox 548 5305 2130 5401">
    <p class='ocr_par' dir='ltr' id='par_1_103' title="bbox 548 5305 2043 5395">
     <span class='ocr_line' id='line_1_104' title="bbox 548 5305 2043 5395; baseline 0.009 -33"><span class='ocrx_word' id='word_1_788' title='bbox 548 5307 603 5362; x_wconf 89' lang='lat'><strong>9.</strong></span> <span class='ocrx_word' id='word_1_789' title='bbox 650 5305 904 5377; x_wconf 86' lang='lat' dir='ltr'><strong>Nunquid</strong></span> <span class='ocrx_word' id='word_1_790' title='bbox 920 5308 1162 5395; x_wconf 76' lang='lat' dir='ltr'><strong>deficient</strong></span> <span class='ocrx_word' id='word_1_791' title='bbox 1201 5312 1266 5366; x_wconf 86' lang='lat' dir='ltr'><strong>de</strong></span> <span class='ocrx_word' id='word_1_792' title='bbox 1289 5323 1439 5382; x_wconf 87' lang='lat' dir='ltr'><strong>petra</strong></span> <span class='ocrx_word' id='word_1_793' title='bbox 1479 5316 1662 5381; x_wconf 87' lang='lat' dir='ltr'><strong>ubera,</strong></span> <span class='ocrx_word' id='word_1_794' title='bbox 1705 5327 1799 5372; x_wconf 86' lang='lat' dir='ltr'><strong>aut</strong></span> <span class='ocrx_word' id='word_1_795' title='bbox 1846 5321 1939 5374; x_wconf 75' lang='lat' dir='ltr'><strong>nix</strong></span> <span class='ocrx_word' id='word_1_796' title='bbox 1978 5321 2043 5376; x_wconf 88' lang='lat' dir='ltr'><strong>de</strong></span> 
     </span>
    </p>
   </div>
   <div class='ocr_carea' id='block_1_104' title="bbox 2179 5305 3719 5401">
    <p class='ocr_par' dir='ltr' id='par_1_104' title="bbox 2219 5319 3719 5401">
     <span class='ocr_line' id='line_1_105' title="bbox 2219 5319 3719 5401; baseline 0.007 -27"><span class='ocrx_word' id='word_1_797' title='bbox 2219 5323 2276 5374; x_wconf 82' lang='grc' dir='ltr'><em>Μ</em></span> <span class='ocrx_word' id='word_1_798' title='bbox 2284 5319 2317 5387; x_wconf 76' lang='grc' dir='ltr'><em>ἡ</em></span> <span class='ocrx_word' id='word_1_799' title='bbox 2359 5321 2752 5390; x_wconf 66' lang='grc' dir='ltr'>ἐθαῑείψουσιν</span> <span class='ocrx_word' id='word_1_800' title='bbox 2799 5324 2918 5378; x_wconf 80' lang='grc' dir='ltr'><strong>ἀπὸ</strong></span> <span class='ocrx_word' id='word_1_801' title='bbox 2969 5325 3187 5395; x_wconf 78' lang='grc' dir='ltr'>πέτρας</span> <span class='ocrx_word' id='word_1_802' title='bbox 3225 5329 3460 5396; x_wconf 78' lang='grc' dir='ltr'>μαστοὶ,</span> <span class='ocrx_word' id='word_1_803' title='bbox 3488 5330 3526 5399; x_wconf 84' lang='grc' dir='ltr'><em>ἣ</em></span> <span class='ocrx_word' id='word_1_804' title='bbox 3568 5331 3719 5401; x_wconf 83' lang='grc' dir='ltr'><strong>χιὼν</strong></span> 
     </span>
    </p>
   </div>
   <div class='ocr_carea' id='block_1_105' title="bbox 478 5390 2130 5489">
    <p class='ocr_par' dir='ltr' id='par_1_105' title="bbox 478 5390 2042 5475">
     <span class='ocr_line' id='line_1_106' title="bbox 478 5390 2042 5475; baseline 0.009 -24"><span class='ocrx_word' id='word_1_805' title='bbox 478 5397 680 5452; x_wconf 85' lang='lat' dir='ltr'><strong>Libano</strong></span> <span class='ocrx_word' id='word_1_806' title='bbox 704 5400 730 5452; x_wconf 84' lang='lat'><strong><em>?</em></strong></span> <span class='ocrx_word' id='word_1_807' title='bbox 779 5397 1033 5470; x_wconf 82' lang='lat' dir='ltr'><strong>Nunquid</strong></span> <span class='ocrx_word' id='word_1_808' title='bbox 1069 5390 1354 5457; x_wconf 77' lang='lat' dir='ltr'><strong>declinabit</strong></span> <span class='ocrx_word' id='word_1_809' title='bbox 1378 5422 1517 5475; x_wconf 88' lang='lat' dir='ltr'><strong>aqua</strong></span> <span class='ocrx_word' id='word_1_810' title='bbox 1540 5408 1790 5463; x_wconf 83' lang='lat' dir='ltr'><strong>violenter</strong></span> <span class='ocrx_word' id='word_1_811' title='bbox 1829 5410 2042 5465; x_wconf 82' lang='lat' dir='ltr'><strong>sublata</strong></span> 
     </span>
    </p>
   </div>
   <div class='ocr_carea' id='block_1_106' title="bbox 2179 5390 3715 5489">
    <p class='ocr_par' dir='ltr' id='par_1_106' title="bbox 2179 5390 3715 5489">
     <span class='ocr_line' id='line_1_107' title="bbox 2179 5390 3715 5489; baseline 0.008 -24"><span class='ocrx_word' id='word_1_812' title='bbox 2179 5412 2268 5466; x_wconf 68' lang='grc' dir='ltr'>ίπὸ</span> <span class='ocrx_word' id='word_1_813' title='bbox 2325 5413 2430 5466; x_wconf 89' lang='grc' dir='ltr'>τοῦ</span> <span class='ocrx_word' id='word_1_814' title='bbox 2482 5414 2780 5480; x_wconf 79' lang='grc' dir='ltr'><strong>Λιϐάνου;</strong></span> <span class='ocrx_word' id='word_1_815' title='bbox 2837 5409 2918 5471; x_wconf 68' lang='grc' dir='ltr'>*ιι</span> <span class='ocrx_word' id='word_1_816' title='bbox 2970 5390 3236 5471; x_wconf 44' lang='grc' dir='ltr'>ἐκκξὶιιλεέ</span> <span class='ocrx_word' id='word_1_817' title='bbox 3300 5390 3456 5489; x_wconf 43' lang='lat' dir='ltr'><strong>ﬁdem</strong></span> <span class='ocrx_word' id='word_1_818' title='bbox 3500 5390 3715 5489; x_wconf 47' lang='grc' dir='ltr'>,βιαίως</span> 
     </span>
    </p>
   </div>
   <div class='ocr_carea' id='block_1_107' title="bbox 477 5484 2039 5563">
    <p class='ocr_par' dir='ltr' id='par_1_107' title="bbox 477 5484 2039 5563">
     <span class='ocr_line' id='line_1_108' title="bbox 477 5484 2039 5563; baseline 0.011 -26"><span class='ocrx_word' id='word_1_819' title='bbox 477 5486 668 5538; x_wconf 71' lang='lat' dir='ltr'><strong>vento?</strong></span> <span class='ocrx_word' id='word_1_820' title='bbox 692 5484 833 5551; x_wconf 85' lang='lat' dir='ltr'><strong>Quia</strong></span> <span class='ocrx_word' id='word_1_821' title='bbox 866 5489 1017 5543; x_wconf 88' lang='lat' dir='ltr'><strong>oblili</strong></span> <span class='ocrx_word' id='word_1_822' title='bbox 1065 5501 1187 5545; x_wconf 85' lang='lat' dir='ltr'><strong>sunt</strong></span> <span class='ocrx_word' id='word_1_823' title='bbox 1226 5492 1327 5545; x_wconf 86' lang='lat' dir='ltr'><strong>mei</strong></span> <span class='ocrx_word' id='word_1_824' title='bbox 1357 5494 1581 5563; x_wconf 84' lang='lat' dir='ltr'><strong>populus</strong></span> <span class='ocrx_word' id='word_1_825' title='bbox 1620 5512 1798 5563; x_wconf 87' lang='lat' dir='ltr'><strong>meus,</strong></span> <span class='ocrx_word' id='word_1_826' title='bbox 1853 5499 1908 5552; x_wconf 92' lang='lat' dir='ltr'><strong>in</strong></span> <span class='ocrx_word' id='word_1_827' title='bbox 1946 5516 2039 5553; x_wconf 83' lang='lat' dir='ltr'><strong>va-</strong></span> 
     </span>
    </p>
   </div>
   <div class='ocr_carea' id='block_1_108' title="bbox 473 5577 2033 5659">
    <p class='ocr_par' dir='ltr' id='par_1_108' title="bbox 473 5577 2033 5659">
     <span class='ocr_line' id='line_1_109' title="bbox 473 5577 2033 5659; baseline 0.012 -32"><span class='ocrx_word' id='word_1_828' title='bbox 473 5587 629 5629; x_wconf 81' lang='lat' dir='ltr'><strong>cuum</strong></span> <span class='ocrx_word' id='word_1_829' title='bbox 662 5577 997 5643; x_wconf 83' lang='lat' dir='ltr'><strong>adolueruut,</strong></span> <span class='ocrx_word' id='word_1_830' title='bbox 1028 5589 1077 5635; x_wconf 82' lang='lat' dir='ltr'><strong>et</strong></span> <span class='ocrx_word' id='word_1_831' title='bbox 1107 5582 1516 5651; x_wconf 80' lang='lat' dir='ltr'><strong>inﬁrmabuntur</strong></span> <span class='ocrx_word' id='word_1_832' title='bbox 1536 5585 1591 5639; x_wconf 89' lang='lat' dir='ltr'><strong>in</strong></span> <span class='ocrx_word' id='word_1_833' title='bbox 1610 5586 1707 5642; x_wconf 79' lang='lat' dir='ltr'><strong>viis</strong></span> <span class='ocrx_word' id='word_1_834' title='bbox 1725 5588 1856 5656; x_wconf 87' lang='lat' dir='ltr'><strong>suis,</strong></span> <span class='ocrx_word' id='word_1_835' title='bbox 1889 5589 2033 5659; x_wconf 79' lang='lat' dir='ltr'><strong>funi-</strong></span> 
     </span>
    </p>
   </div>
   <div class='ocr_carea' id='block_1_109' title="bbox 545 5745 1873 5821">
    <p class='ocr_par' dir='ltr' id='par_1_109' title="bbox 545 5745 1873 5821">
     <span class='ocr_line' id='line_1_110' title="bbox 545 5745 1873 5821; baseline 0.016 -23"><span class='ocrx_word' id='word_1_836' title='bbox 545 5746 563 5770; x_wconf 79' lang='lat'><em>‘</em></span> <span class='ocrx_word' id='word_1_837' title='bbox 588 5745 785 5803; x_wconf 79' lang='lat' dir='ltr'><strong>Jcrctu.</strong></span> <span class='ocrx_word' id='word_1_838' title='bbox 818 5767 969 5820; x_wconf 80' lang='lat' dir='ltr'><strong>xvul,</strong></span> <span class='ocrx_word' id='word_1_839' title='bbox 1008 5753 1090 5809; x_wconf 84' lang='lat' dir='ltr'><strong>il.</strong></span> <span class='ocrx_word' id='word_1_840' title='bbox 1168 5758 1189 5787; x_wconf 82' lang='grc'><strong>⁸</strong></span> <span class='ocrx_word' id='word_1_841' title='bbox 1220 5757 1351 5814; x_wconf 83' lang='lat' dir='ltr'><strong>ibid.</strong></span> <span class='ocrx_word' id='word_1_842' title='bbox 1399 5759 1482 5814; x_wconf 71' lang='grc'><strong>12.</strong></span> <span class='ocrx_word' id='word_1_843' title='bbox 1560 5764 1578 5794; x_wconf 85' lang='grc'><em>³</em></span> <span class='ocrx_word' id='word_1_844' title='bbox 1614 5761 1743 5818; x_wconf 86' lang='lat' dir='ltr'><strong>ibid.</strong></span> <span class='ocrx_word' id='word_1_845' title='bbox 1787 5763 1873 5821; x_wconf 77' lang='lat' dir='ltr'><strong>i5.</strong></span> 
     </span>
    </p>
   </div>
   <div class='ocr_carea' id='block_1_110' title="bbox 2144 5499 3711 5581">
    <p class='ocr_par' dir='ltr' id='par_1_110' title="bbox 2144 5499 3711 5581">
     <span class='ocr_line' id='line_1_111' title="bbox 2144 5499 3711 5581; baseline 0.009 -26"><span class='ocrx_word' id='word_1_846' title='bbox 2144 5499 2341 5570; x_wconf 79' lang='grc' dir='ltr'>ἀνέμῳ</span> <span class='ocrx_word' id='word_1_847' title='bbox 2385 5504 2751 5572; x_wconf 70' lang='grc' dir='ltr'>φερόμενον;</span> <span class='ocrx_word' id='word_1_848' title='bbox 2792 5506 2920 5559; x_wconf 73' lang='grc' dir='ltr'>Ὀτι</span> <span class='ocrx_word' id='word_1_849' title='bbox 2971 5506 3295 5562; x_wconf 74' lang='grc' dir='ltr'>ἐπελάϐετό</span> <span class='ocrx_word' id='word_1_850' title='bbox 3330 5529 3451 5580; x_wconf 78' lang='grc' dir='ltr'><strong>μου</strong></span> <span class='ocrx_word' id='word_1_851' title='bbox 3478 5516 3512 5566; x_wconf 87' lang='grc' dir='ltr'><strong>ό</strong></span> <span class='ocrx_word' id='word_1_852' title='bbox 3559 5516 3711 5581; x_wconf 76' lang='grc' dir='ltr'>λαός</span> 
     </span>
    </p>
   </div>
   <div class='ocr_carea' id='block_1_111' title="bbox 2136 5593 3717 5671">
    <p class='ocr_par' dir='ltr' id='par_1_111' title="bbox 2136 5593 3717 5671">
     <span class='ocr_line' id='line_1_112' title="bbox 2136 5593 3717 5671; baseline 0.008 -27"><span class='ocrx_word' id='word_1_853' title='bbox 2136 5607 2274 5660; x_wconf 81' lang='grc' dir='ltr'>μου,</span> <span class='ocrx_word' id='word_1_854' title='bbox 2299 5593 2385 5659; x_wconf 80' lang='grc' dir='ltr'><strong>είς</strong></span> <span class='ocrx_word' id='word_1_855' title='bbox 2410 5594 2587 5648; x_wconf 71' lang='grc' dir='ltr'>κενὸν</span> <span class='ocrx_word' id='word_1_856' title='bbox 2614 5596 2963 5665; x_wconf 71' lang='grc' dir='ltr'>ἐθυμίασαν,</span> <span class='ocrx_word' id='word_1_857' title='bbox 3004 5599 3100 5653; x_wconf 81' lang='grc' dir='ltr'>καὶ</span> <span class='ocrx_word' id='word_1_858' title='bbox 3140 5601 3592 5671; x_wconf 74' lang='grc' dir='ltr'>ἀσθενήσουσιν</span> <span class='ocrx_word' id='word_1_859' title='bbox 3644 5605 3717 5657; x_wconf 73' lang='grc' dir='ltr'><strong>ἐν</strong></span> 
     </span>
    </p>
   </div>
  </div>
