4218 6292
456 284 554 338 ιιι

1584 280 1652 334 IN
1691 281 2033 336 ιειιιςιιιΑιι
2074 280 2354 337 HOMILIA
2395 283 2578 337 XVIII.

3597 287 3703 342 482

460 404 594 471 ταῖς
639 400 801 466 ὁδοῖς
843 399 1038 454 αὐτῶν
1059 441 1074 466 ,
1116 401 1405 470 σχοίνους
1432 404 1728 468 αἰωνίους,
1762 402 1869 456 τοῦ
1911 403 2037 456 ἐπι·
2067 406 2114 464 Α

2032 406 2114 464 ιΑ
2141 407 2284 460 culos
2319 407 2676 475 sempiternos,
2724 409 2792 460 ad
2843 408 3284 462 conscendendum
3333 409 3547 463 semitas
3598 424 3698 460 non

469 491 645 560 ϐῆναι
667 491 897 557 τρίϐους
919 490 1030 544 οὐκ
1053 489 1306 558 ἔχοντας
1338 490 1481 544 ὁδὸν
1519 493 1607 557 εὶς
1637 491 1900 558 πορείαν,
1930 490 2036 544 τοῦ

469 587 638 650 τάξαι
664 585 780 652 τὴν
808 583 925 654 γῆν
947 584 1146 638 αὐτῶν
1163 583 1250 651 εἰς
1269 587 1632 655 ἀφανισμὸν,
1660 586 1757 640 καὶ
1779 587 2036 656 σύριγμα

474 679 723 732 αἰώνιον.
761 678 1031 750 Διαφοράς
1064 677 1272 731 ὑδάτων
1301 678 1530 730 ἐνταῦθα
1557 679 1742 748 εἴρηκε
1765 694 1779 708 ο
1824 677 2036 749 πρῶτον

475 769 569 837 μὲν
594 769 650 820 ὲν
673 767 754 837 τῷ
831 767 930 835 Μὴ
960 766 1356 835 ἐκλείψουσιν
1383 767 1500 820 ἀπὸ
1537 767 1757 834 πέτρας
1776 766 2036 834 auertat;

468 859 724 929 Δεύτερον
765 857 858 911 δέ’
900 859 969 914 Ἠ
997 856 1144 927 χιὼν
1179 856 1465 920 Λιϐάνου,
1517 857 1710 928 Τρίτον
1743 857 1800 910 δὲ
1839 859 1896 910 ὲν
1922 856 2031 928 τῷ·

464 948 556 1015 Μὴ
574 947 846 1002 ἐκκλινεῖ
855 947 1010 1015 ὕδωρ
1023 947 1236 1013 ,βιαίως
1251 946 1448 1016 ἀνέμῳ
1467 949 1795 1015 φερόμενον
1810 963 1826 1009 ;
1851 946 2037 999 Ταῦτα

463 1038 526 1090 τά
555 1038 688 1109 τρια
715 1037 830 1108 εἴδη
861 1036 969 1090 τῶν
996 1037 1201 1090 ὑδάτων
1229 1039 1284 1090 αἱ
1316 1038 1486 1107 πηγαί
1518 1039 1622 1089 εἱσι
1665 1036 1774 1090 τῶν
1808 1036 2034 1100 ὑδάτων,

460 1128 526 1191 ἃς
555 1127 811 1182 ἐπιποθεῖ
849 1129 883 1197 ἠ
926 1128 1254 1198 ὼμοιωμένη
1294 1130 1358 1198 τῇ
1400 1126 1584 1197 ἐλάφῳ
1618 1127 1763 1196 ψυχὴ
1811 1125 1915 1180 τῶν
1955 1127 2036 1180 δι-

462 1219 658 1282 καίων,
687 1218 814 1271 ὥστ’
841 1219 905 1271 ἂν
930 1219 1156 1271 ἕκαστον
1185 1221 1359 1270 εἰπεῖν
1388 1217 1477 1270 τό·
1514 1219 1618 1270 Ὃν
1655 1217 1877 1283 τρόπον
1909 1216 2036 1269 ἐπι-

463 1311 641 1365 ποθεῖ
667 1311 706 1378 ἠ
739 1310 964 1378 ἔλαφος
992 1309 1094 1362 ἐπὶ
1116 1310 1223 1374 τὰς
1251 1308 1446 1377 πηγὰς
1483 1307 1601 1360 τῶν
1628 1305 1860 1361 ὑδάτων
1884 1345 1899 1367 ,
1937 1306 2035 1358 oi}-

466 1417 580 1464 τως
607 1397 878 1452 ἐπιποθεῖ
894 1399 932 1465 ἡ
949 1395 1117 1465 ψυχή
1135 1412 1252 1463 μου
1276 1394 1428 1462 πρὸς
1450 1393 1544 1453 σὲ,
1579 1395 1611 1446 ό
1646 1391 1808 1456 Θεός.
1829 1391 1922 1453 Τίς
1937 1387 2029 1443 οὖν

467 1489 664 1557 ἔλαφος
693 1488 982 1558 γεγένηται
1020 1486 1275 1556 πολέμιος
1305 1484 1382 1555 τῷ
1401 1483 1508 1536 τῶν
1537 1483 1710 1551 ὄφεων
1745 1482 1911 1549 γένει,
1934 1499 2036 1551 μη-

467 1579 551 1632 δὲν
585 1579 808 1647 πάσχων
855 1579 960 1630 ὑπὸ
992 1575 1085 1630 τοῦ
1129 1574 1208 1628 ἰοῦ
1245 1575 1444 1637 αὑτῶν,
1469 1574 1544 1636 ὡς
1581 1574 1874 1640 ἱστορεῖται
1908 1569 2036 1640 πε,ρῖ⁵

465 1670 564 1739 τῆς
586 1669 780 1739 ὲλάφου
803 1686 817 1734 ;
846 1669 941 1733 Τίς
961 1668 1130 1730 οὕτως
1157 1665 1377 1736 ἐδίψησε
1405 1665 1558 1727 Θεὸν,
1583 1663 1711 1716 ὥστ’
1742 1662 1806 1716 ἂν
1839 1664 2029 1714 εἰπεῖν·

2136 495 2378 548 habentes
2411 496 2550 548 uiam
2579 495 2646 548 ad
2675 497 2796 560 iter,
2824 497 2893 549 ad
2923 497 3216 565 ponendum
3250 507 3445 549 terram
3469 509 3618 550 suam
3645 496 3698 547 in

2135 583 2531 647 desolationem,
2562 593 2611 636 et
2634 584 2846 636 sibilum
2883 585 3256 653 sempiternum
3281 586 3344 639 ιθ.
3378 585 3699 640 Discrimina

2137 688 2399 742 aquarum
2445 673 2532 726 hic
2572 673 2757 727 retulit
2785 688 2798 724 :
2833 673 3070 741 primum
3096 673 3314 742 quidem
3363 673 3447 726 bis
3481 675 3698 728 verbis:

2139 761 2393 831 Nunquid
2418 763 2658 830 deficient
2686 761 2749 814 de
2785 771 2933 830 petra
2981 761 3141 814 ubera
3169 764 3194 815 .9
3241 760 3551 815 Secundum
3610 764 3698 817 ubi

2135 853 2267 908 dicit
2294 870 2310 906 :
2344 856 2447 906 Aut
2477 854 2571 906 nia:
2597 853 2660 906 de
2696 853 2897 906 Libano
2918 854 2943 906 .9
2987 852 3230 906 Tertium
3262 869 3390 908 vero
3435 853 3526 907 ubi
3577 855 3652 907 ait
3683 872 3698 906 :

2141 944 2395 1015 Nunquid
2446 943 2726 997 declinabit
2781 961 2918 1014 aqua
2960 945 3211 998 violenter
3261 945 3476 998 sublata
3517 947 3704 999 vento.’

2137 1035 2273 1090 Tres
2317 1037 2401 1088 hae
2449 1050 2709 1104 aquarum
2759 1035 3007 1103 species,
3044 1035 3220 1088 fontes
3253 1051 3519 1104 aquarum
3575 1045 3704 1090 sunt

2137 1143 2276 1196 quos
2309 1128 2580 1194 iustorum
2625 1129 2804 1180 anima
2845 1143 3006 1181 cervo
3055 1128 3354 1181 assimilata
3389 1127 3658 1182 desiderat
3683 1170 3700 1194 ,

2139 1218 2210 1271 ita
2248 1227 2306 1270 ιιι
2332 1217 2706 1284 unusquisque
2751 1217 2930 1270 dicere
2975 1219 3191 1286 possit:
3248 1217 3700 1280 Quemadmodum

2137 1308 2398 1360 desiderat
2433 1323 2610 1359 cervus
2656 1307 2725 1360 ad
2785 1307 2951 1374 fontes
2997 1323 3276 1376 aquarum,
3322 1309 3399 1360 ita
3437 1309 3700 1362 desiderat

2138 1397 2316 1452 anima
2342 1413 2454 1448 mea
2479 1396 2548 1448 ad
2584 1407 2653 1461 te,
2689 1397 2822 1450 Deus
2862 1399 2926 1454 ιι.
2952 1396 3090 1462 Quis
3121 1397 3284 1467 igitur
3318 1406 3377 1458 ut
3406 1413 3597 1453 cervus
3620 1400 3702 1454 ef-

2137 1484 2312 1540 fectus
2342 1492 2424 1538 est
2457 1494 2768 1554 serpentum
2822 1486 3004 1554 generi
3050 1485 3304 1540 inimicus
3333 1525 3349 1548 ,
3396 1502 3460 1540 ex
3509 1503 3698 1542 eorum

2135 1591 2346 1630 veneno
2377 1576 2548 1640 nullo,
2586 1585 2643 1629 ut
2669 1576 2734 1629 de
2763 1591 2925 1630 cervo
2948 1577 3178 1630 traditur
3199 1617 3212 1640 ,
3245 1577 3574 1632 detrimento
3611 1595 3702 1632 ac—

2135 1664 2324 1734 cepto?
2377 1661 2510 1729 Quis
2565 1664 2634 1716 ita
2672 1663 2838 1716 Deum
2882 1663 3052 1717 sitivit
3091 1673 3150 1718 ιιι
3191 1664 3337 1718 dicat
3381 1667 3423 1696 ¹²
3464 1683 3478 1719 :
3516 1663 3694 1720 Sitirit

479 1759 800 1828 Ἐδίψησεν
827 1761 865 1826 ἡ
888 1757 1056 1828 ψυχή
1082 1775 1199 1827 μου
1229 1756 1377 1824 πρὸς
1402 1755 1510 1808 τὸν
1535 1754 1683 1808 Θεὸν
1701 1754 1808 1807 τὸν
1828 1752 2030 1816 ζῶντα,
2064 1751 2105 1805 Β
2134 1775 2145 1807 ι

2064 1751 2105 1805 Β
2134 1757 2313 1807 anima
2368 1771 2480 1806 mea
2522 1754 2591 1806 ad
2639 1753 2805 1807 Deum
2836 1755 3004 1808 vivum
3026 1755 3050 1808 ?
3075 1753 3210 1820 Quis
3254 1756 3324 1808 ita
3343 1755 3510 1810 sitivit
3537 1757 3699 1811 ubera

467 1853 561 1915 Τίς
584 1852 754 1915 οὕτως
783 1850 1001 1921 ἐδίψησε
1029 1851 1154 1912 τοὺς
1183 1849 1416 1918 μαστοὺς
1444 1849 1541 1918 τῆς
1567 1848 1804 1917 πέτρας;
1847 1847 1917 1900 Ἠ
1935 1844 2035 1898 πέ-

464 1958 572 2010 τρα
600 1942 667 1995 es
709 1938 790 2010 ἦν
832 1944 865 1993 ό
905 1939 1174 2007 Χριστός.
1222 1938 1316 2001 Τίς
1358 1935 1529 2000 οὕτως
1582 1935 1829 2004 ὲδίψησεν
1879 1935 2034 2002 ἁγίου

467 2034 802 2104 Πνεὺματος,
833 2031 960 2084 ὥστ’
983 2029 1048 2083 ἂν
1086 2031 1257 2082 εἰπεῖν
1275 2045 1288 2059 ·
1324 2031 1426 2080 Ὃν
1452 2029 1672 2094 τρόπον
1699 2027 1969 2079 ἐπιποθεῖ
1997 2025 2035 2092 ἡ

463 2125 690 2190 ἔλαφος
722 2123 819 2174 ἐπὶ
859 2124 964 2186 τὰς
1003 2119 1196 2187 πηγὰς
1223 2116 1340 2170 τῶν
1369 2116 1634 2181 ὑδάτων,
1684 2117 1872 2182 οὕτως
1915 2116 2041 2168 ἐπι-

464 2211 640 2264 ποθεῖ
664 2211 703 2276 ἡ
728 2207 897 2278 ψυχή
933 2225 1052 2277 μου
1077 2207 1225 2273 πρός
1249 2220 1346 2272 σε,
1377 2208 1410 2259 ὁ
1444 2205 1583 2269 Θεός
1601 2220 1620 2268 ;
1658 2204 1782 2257 Ἐὰν
1824 2204 1899 2274 μὴ
1942 2204 2038 2266 τὰς

463 2304 616 2372 τρεῖς
645 2299 828 2370 πηγὰς
854 2299 960 2352 τῶν
977 2298 1183 2359 ὑδάτων
1203 2296 1516 2366 διψήσωμεν
1538 2295 1634 2366 (l),
1667 2295 1917 2366 οὐδεμίαν
1945 2312 2041 2365 πη-

465 2391 569 2459 γὴν
586 2387 694 2441 τῶν
716 2387 922 2441 ὑδάτων
947 2387 1269 2456 εὑρήσομεν.
1293 2382 1519 2448 Ἔδοξαν
1537 2384 1877 2454 δεδιψηκέναι
1910 2386 2040 2454 μιᾶς

466 2480 648 2550 πηγῆς
673 2477 780 2531 τῶν
804 2477 1010 2530 ὑδάτων
1038 2475 1131 2528 τοῦ
1163 2473 1297 2528 Θεοῦ
1341 2475 1614 2527 Ἰουδαῖοι·
1647 2475 1910 2546 ἐπειδὴδὲ
1941 2476 2040 2528 οὑκ

467 2571 725 2642 ὲδὲψησαν
781 2567 873 2621 τὸν
905 2565 1139 2638 Χριστὸν
1194 2567 1288 2618 καὶ
1325 2565 1385 2618 τὸ
1443 2565 1595 2633 ἅγιον
1644 2565 1888 2636 Πνεῦμα,
1941 2567 2040 2620 οὑκ

467 2661 648 2732 ἔχουσι
675 2662 816 2713 πιεῖν
844 2659 964 2712 οὑδὲ
996 2659 1104 2713 άπὸ
1128 2659 1220 2712 τοῦ
1248 2659 1402 2712 Θεοῦ.
1431 2661 1655 2725 ’Έδοξαν
1697 2661 2039 2731 δεδιψηκέναι

462 2749 520 2804 ol
547 2752 653 2805 ἀπὸ
675 2749 784 2804 τῶν
813 2751 1076 2820 αἱρέσεων
1100 2750 1332 2821 Χριστὸν
1379 2751 1586 2822 Ἰησοῦν
1611 2769 1624 2782 ·
1651 2751 1765 2806 ἀλλ’
1794 2753 1914 2805 ἐπεὶ
1939 2753 2038 2806 οὑκ

466 2843 726 2912 ὲδίψησαν
781 2843 869 2894 τὸν
923 2842 1166 2910 Πατέρα,
1219 2842 1346 2895 ὄντα
1396 2843 1559 2912 νόμον
1617 2843 1710 2896 καὶ
1745 2843 2038 2913 προφητῶν

462 2933 618 2996 Θεὸν,
635 2933 722 2986 διὰ
749 2932 907 2986 τοῦτο
941 2933 1000 2984 οὑ
1032 2932 1277 2990 πίνουσιν
1305 2932 1425 2984 οὑδὲ
1445 2932 1552 2985 ἀπὸ
1583 2931 1755 3002 Ἰησοῦ
1778 2932 2034 3002 Χριστοῦ.

462 3025 530 3077 οι
561 3024 618 3077 δὲ
651 3023 744 3076 ἕνα
780 3022 881 3092 μὲν
907 3021 1197 3092 τηροῦντες
1227 3021 1380 3086 Θεὸν,
1414 3021 1810 3086 ὲξουδενοῦντες
1845 3023 1901 3076 δὲ
1936 3023 2034 3087 τὰς

467 3113 822 3185 προφητείας,
854 3114 955 3167 οὑκ
978 3113 1236 3184 ὲδίψησαν
1265 3114 1326 3166 τὸ
1353 3113 1575 3193 Πνεῦμα
1620 3113 1679 3167 τὸ
1712 3115 1864 3182 ἅγιον
1885 3114 1944 3166 τὸ
1977 3115 2034 3169 ὲν

466 3207 578 3268 τοῖς
607 3206 938 3275 προφήταις·
991 3203 1078 3257 διὰ
1112 3203 1270 3256 τοῦτο
1311 3203 1371 3256 οὑ
1406 3203 1615 3257 πίονται
1647 3203 1766 3257 οὐδὲ
1794 3203 1902 3257 ἀπὸ
1936 3203 2035 3274 τῆς

468 3291 649 3362 πηγῆς
681 3292 779 3361 τῆς
815 3291 1104 3362 πατρικῆς,
1126 3290 1246 3343 οὑδὲ
1268 3290 1375 3343 ἀπὸ
1407 3289 1498 3344 τοῦ
1521 3291 1848 3363 κεκραγότος
1871 3293 1929 3346 ἐν
1957 3292 2035 3363 τῷ

471 3380 600 3452 ιερῷ
629 3381 722 3433 καὶ
749 3380 1027 3451 εἰρηκότος
1045 3397 1059 3410 ο
1104 3379 1245 3434 Ἐάν
1267 3397 1356 3446 τις
1385 3379 1558 3449 διψῇ,
1590 3380 1852 3449 ἐρχέσθω
1886 3383 2035 3450 πρός

462 3491 506 3541 μ
545 3512 562 3538 ,
597 3471 694 3523 καὶ
715 3471 949 3524 πινέτω.
969 3471 1081 3524 Οὑκ
1100 3470 1436 3524 ἐκλείπουσιν
1459 3467 1550 3524 οὖν
1581 3471 1688 3524 ἀπὸ
1710 3472 1912 3544 πέτρας
1935 3489 2038 3542 μα-

466 3561 601 3621 στοὶ,
655 3559 768 3612 ἀλλ’
793 3562 988 3612 ἐκεῖνοι
1035 3558 1388 3628 ἐγκατέλιπον
1427 3559 1607 3630 πηγὴν
1643 3559 1832 3624 ὓδατος
1867 3559 2029 3631 ζωῆς.

467 3649 539 3702 οὑ
571 3651 723 3721 πηγὴ
782 3649 970 3712 ὓδατος
999 3646 1142 3719 ζωῆς
1169 3648 1522 3717 ἐγκατέλιπεν
1551 3649 1763 3714 αὐτούς.
1786 3650 1896 3702 Καὶ
1926 3652 2034 3723 γὰρ

465 3743 558 3797 ἀπ’
587 3740 798 3803 οὐδενὸς
836 3739 968 3803 Θεδς
999 3739 1260 3809 μακρὺνει
1287 3739 1496 3802 ἑαυτὸν,
1526 3739 1704 3793 ἀλλ’οἰ
1739 3740 2037 3812 μακρύνον-

466 3849 555 3896 τες
574 3831 797 3894 ἑαυτοὺς
817 3830 910 3884 ἀπ’
947 3829 1109 3882 αὑτοῦ
1145 3827 1500 3882 ἀπολοῦνται·
1537 3831 1742 3899 ἐγγίζει
1788 3831 2036 3902 μᾶλλονό

467 3923 597 3986 Θεός
623 3939 780 3977 τινων
820 3922 914 3993 (2),
937 3922 1030 3975 καὶ
1061 3922 1274 3992 ἀπαντᾷ
1297 3921 1372 3992 τῷ
1400 3921 1676 3990 ἐρχομένῳ
1699 3920 1831 3991 πρὸς
1853 3922 2032 3977 αὐτόν.

479 4014 670 4067 Ἦνίκα
697 4012 827 4081 γοῦν
853 4013 882 4063 ὁ
915 4011 1027 4074 υἱὸς
1057 4012 1085 4063 ὁ
1119 4009 1448 4079 καταφαγὼν
1480 4009 1577 4080 τὴν
1599 4009 1783 4063 οὐσίαν
1804 4011 2036 4082 ἐπανῆλ-

471 4105 581 4167 θεν,
609 4106 914 4176 ἀπήντησεν
948 4101 1138 4171 αὑτῷό
1167 4103 1369 4172 πατήρ.
1405 4101 1513 4153 Καὶ
1539 4101 1926 4169 ἐπαγγέλλεται
1948 4103 2036 4155 διὰ

471 4195 575 4248 τῶν
609 4193 920 4264 προφητῶν,
961 4192 1134 4259 λέγων
1158 4207 1172 4220 ο
1199 4191 1398 4260 Ἑγτιῶ
1429 4189 1633 4256 αὐτοῖς
1671 4191 1749 4257 ὡς
1783 4194 1816 4245 ὀ
1859 4191 2039 4261 χιτὼν

471 4285 573 4339 τοῦ
605 4285 830 4354 χρωτὸς
844 4281 1044 4336 αὐτῶν
1072 4283 1173 4350 l5).
1211 4281 1356 4346 Θεὸς
1385 4282 1516 4352 γὰρ,
1567 4279 1760 4351 φησὶν,
1802 4279 2040 4350 ander

2137 1844 2348 1913 petrae?
2385 1843 2540 1896 Petra
2567 1853 2741 1896 autem
2763 1853 2874 1896 erat
2908 1844 3150 1897 Christus
3181 1844 3244 1898 ".
3289 1844 3423 1910 Quis
3470 1847 3541 1900 ita
3585 1849 3702 1902 siti-

2135 1935 2212 1988 vit
2235 1935 2496 2004 Spiritum
2531 1943 2782 1989 sanctum
2813 1943 2871 1987 ut
2893 1935 3038 1989 dicat
3075 1954 3086 1988 :
3121 1934 3573 2000 Quemadmodum
3613 1937 3705 1989 de-

2135 2026 2335 2078 siderat
2377 2041 2554 2078 cervus
2622 2025 2690 2076 ad
2735 2025 2902 2092 fontes
2942 2041 3199 2094 aquarum
3228 2065 3243 2088 ,
3308 2028 3385 2079 ita
3439 2027 3702 2079 desiderat

2138 2116 2316 2168 anima
2355 2131 2469 2168 mea
2490 2115 2558 2166 ad
2589 2125 2659 2178 te,
2693 2113 2852 2168 Deus.
2887 2115 3000 2170 Nisi
3025 2125 3135 2169 tres
3182 2117 3345 2170 hosce
3390 2116 3564 2170 fontes
3589 2118 3707 2170 siti-

2139 2205 2421 2268 verimus,
2480 2205 2692 2259 nullum
2748 2221 3012 2275 aquarum
3084 2203 3288 2260 fontem
3344 2208 3702 2262 inveniemus.

2143 2294 2368 2351 Unicum
2425 2302 2690 2364 aquarum
2737 2294 2939 2350 fontem
2974 2295 3143 2350 Deum
3196 2297 3349 2352 sitire
3379 2297 3705 2352 videbantur

2138 2379 2342 2446 Judaei;
2369 2383 2463 2435 sed
2497 2383 2623 2451 quia
2657 2381 2935 2437 Christum
2963 2391 3018 2437 et
3047 2382 3309 2452 Spiritum
3340 2397 3584 2441 sanctum
3611 2389 3706 2442 mi-

2141 2471 2286 2525 nime
2309 2472 2583 2538 sitiebant,
2618 2488 2794 2542 neque
2827 2473 2892 2528 de
2918 2473 3030 2528 Deo
3056 2475 3240 2530 bibere
3264 2484 3580 2544 potuerunt.
3614 2475 3707 2530 Vi-

2139 2562 2407 2617 debantur
2450 2562 2686 2618 haeretici
2726 2564 2879 2619 sitire
2905 2565 3182 2620 Christum
3212 2565 3426 2632 Iesum,
3457 2569 3547 2622 sed
3579 2569 3705 2637 quia
3740 2621 3746 2624 _

2141 2669 2250 2707 non
2275 2654 2562 2709 sitiverunt
2589 2654 2802 2709 Patrem
2843 2656 2974 2725 legis
3001 2672 3066 2711 ac
3095 2658 3479 2727 pr0phetarum
3512 2659 3703 2728 Deum,

2141 2744 2342 2800 idcirco
2360 2761 2458 2800 nec
2486 2744 2552 2798 de
2569 2743 2698 2800 Jesu
2724 2746 2945 2800 Christo
2974 2746 3184 2800 bibunt.
3211 2745 3508 2812 Quiautem
3536 2765 3702 2802 unum

2138 2834 2326 2890 colunt
2374 2834 2565 2898 Deum,
2616 2836 2708 2890 sed
2753 2845 3109 2892 contemnunt
3159 2837 3489 2906 prophetias,
3523 2839 3556 2891 ii
3593 2856 3701 2893 non

2140 2924 2424 2980 sitiverunt
2458 2925 2718 2995 Spiritum
2752 2934 3001 2980 sanctum
3034 2928 3124 2996 qui
3151 2927 3475 2996 loquebatur
3504 2929 3556 2981 in
3584 2944 3709 2998 pro-

2140 3015 2355 3086 phetis;
2385 3017 2586 3071 idcirco
2613 3032 2787 3086 neque
2827 3016 2893 3071 de
2921 3024 3145 3087 paterno
3179 3015 3326 3072 fonte
3353 3017 3566 3082 bibunt,
3606 3035 3701 3073 ne-

2136 3123 2241 3178 que
2272 3108 2338 3162 de
2367 3125 2433 3164 eo
2483 3109 2576 3179 qui
2630 3109 2685 3162 in
2720 3108 2918 3177 templo
2949 3107 3250 3170 clamabat,
3287 3117 3341 3163 et
3374 3110 3586 3163 dicebat
3610 3110 3655 3141 ιδ
3683 3125 3698 3161 :

2137 3198 2197 3254 Si
2226 3200 2342 3269 quis
2371 3201 2517 3263 sitit,
2551 3201 2720 3253 veniat
2759 3200 2828 3252 ad
2878 3216 2956 3252 nte
2977 3241 2992 3263 ,
3023 3210 3070 3252 et
3094 3199 3255 3253 bibat.
3295 3199 3410 3253 Non
3442 3202 3700 3255 deliciuut

2135 3289 2295 3360 252
2330 3290 2493 3359 igitur
2539 3290 2606 3344 de
2630 3299 2778 3360 petra
2818 3289 2982 3342 ubera
3007 3329 3022 3353 ,
3054 3291 3146 3342 scd
3184 3290 3258 3342 illi
3291 3290 3700 3360 dereliqueruut

2136 3381 2337 3436 fontem
2364 3396 2519 3450 aqua
2549 3383 2700 3434 vivae.
2733 3379 2850 3433 Non
2883 3379 3006 3434 fons
3051 3395 3205 3449 aqua:
3250 3381 3383 3434 vivae
3415 3382 3701 3451 dereliquit

2137 3472 2302 3542 ipsos.
2365 3469 2576 3525 Etenim
2609 3487 2638 3525 a
2669 3471 2883 3525 nomine
2911 3473 3146 3542 seipsqu
3175 3471 3392 3541 elongat
3426 3472 3696 3537 Deus,scd

2134 3561 2228 3632 qui
2253 3563 2569 3631 semctipsos
2599 3564 2851 3631 elongant
2873 3564 2940 3617 ab
2968 3579 3053 3618 eo.
3085 3564 3358 3633 peribunt.
3385 3563 3693 3632 ApprOpin-

2135 3660 2266 3722 quat
2295 3653 2473 3722 potius
2509 3653 2572 3707 ad
2597 3656 2860 3722 quosdam
2907 3654 3047 3708 Deus
3093 3665 3144 3709 ct
3178 3654 3417 3709 occurrit
3463 3653 3697 3708 venienti

2135 3741 2203 3797 ad
2233 3757 2313 3798 se.
2340 3741 2571 3809 Quando
2606 3744 2786 3814 itaque
2828 3746 2971 3798 ﬁlius
3012 3746 3103 3814 qui
3149 3745 3291 3796 bona
3317 3759 3414 3797 sua
3448 3743 3702 3812 abliguri-

2138 3841 2275 3896 erat,
2304 3849 2558 3889 reversus
2575 3844 2675 3899 est,
2707 3835 2946 3890 occurrit
2965 3835 3013 3888 ci
3043 3843 3191 3902 pater
3219 3834 3283 3886 ιδ.
3328 3833 3392 3887 Ει
3419 3834 3701 3903 pollicetur

2135 3936 2232 3993 per
2253 3925 2564 3994 prophetas,
2581 3926 2794 3980 dicens:
2809 3923 3245 3994 Appropinquabo
3265 3924 3338 3976 eis
3361 3925 3513 3994 quasi
3549 3925 3703 3979 vesti-

2136 4021 2364 4064 utentum
2387 4014 2620 4078 corporis
2655 4029 2832 4066 eorum
2869 4014 2933 4068 “.
2965 4012 3102 4065 Deus
3153 4012 3328 4074 enim,
3385 4013 3558 4082 inquit.
3603 4015 3644 4046 ‘7
3681 4053 3697 4076 ,

2138 4101 2564 4170 appropinquans
2594 4117 2686 4170 ego
2705 4119 2842 4167 sum,
2882 4112 2932 4155 et
2970 4119 3073 4158 non
3102 4103 3238 4156 Deus
3278 4104 3341 4157 de
3369 4103 3538 4172 longe,
3569 4105 3698 4158 dicit

2137 4187 2415 4242 Dominus.
2457 4186 2572 4243 Non
2609 4190 2860 4244 deficient
2907 4191 3071 4260 igitur
3115 4192 3180 4246 de
3222 4202 3369 4262 petra
3404 4193 3590 4252 ubera.
3646 4191 3698 4245 id

2138 4287 2240 4342 est,
2269 4293 2423 4346 aquae
2449 4275 2596 4344 Jesu,
2626 4281 2707 4335 vel
2739 4281 2829 4335 nix
2854 4283 2919 4337 de
2959 4283 3183 4346 Libano,
3215 4283 3265 4337 id
3298 4293 3400 4345 est,
3427 4298 3580 4353 aqu-.e
3600 4282 3702 4338 Pa-

471 4374 581 4443 ἐγώ
606 4376 739 4442 εἰμι,
763 4373 859 4426 καὶ
893 4371 1025 4440 οὐχὶ
1057 4371 1200 4438 Θεὸς
1231 4372 1559 4439 πόρρωθεν,
1608 4369 1769 4438 λέγει
1800 4371 2031 4437 Κύριος.
2069 4389 2112 4445 ο

2069 4371 2257 4445 Dtris.
2302 4368 2510 4423 Etenim
2563 4371 2776 4428 libanus
2836 4375 3128 4446 thymiama
3181 4374 3477 4430 secundum
3529 4373 3698 4442 legem

473 4467 583 4518 οὐκ
614 4463 950 4533 ἐκλείψουσιν
980 4457 1072 4514 οὖν
1111 4461 1217 4514 ἀπὸ
1247 4463 1452 4533 πέτρας
1490 4461 1714 4532 μαστοὶ,
1756 4461 1822 4513 τὰ
1865 4459 2032 4514 ὕδατα

2142 4458 2231 4510 Dei
2271 4476 2487 4514 sacrum
2521 4471 2634 4525 est,
2670 4472 2725 4516 et
2754 4481 2914 4534 super
2930 4467 3081 4520 altari
3120 4467 3334 4520 libanus
3366 4465 3588 4518 oﬂ'crtnr
3621 4465 3703 4518 lu-

473 4557 563 4609 τοῦ
609 4556 813 4627 Ἰησοῦ,
857 4555 890 4624 ἢ
941 4555 1071 4625 χιὼν
1113 4554 1219 4608 ἀπὸ
1248 4553 1340 4607 τοῦ
1367 4553 1593 4606 Λιϐάνου
1617 4591 1632 4616 ,
1656 4552 1724 4606 τὰ
1765 4552 1932 4606 ὕδατα
1967 4553 2035 4606 τὰ

2033 4595 2035 4602 ,
2139 4551 2313 4612 cidus,
2351 4553 2573 4620 aequalis
2607 4555 2817 4623 arquali.
2842 4556 3143 4610 Commune
3169 4573 3367 4612 nomen
3408 4565 3491 4609 est
3538 4555 3699 4625 hujus

474 4647 730 4717 πατρικά.
782 4648 892 4699 Kal.
934 4646 1143 4710 λίϐανος
1193 4644 1298 4716 γὰρ
1337 4643 1398 4696 τὸ
1438 4642 1688 4714 θυμίαμα
1729 4643 1870 4712 ἱερόν
1918 4642 2034 4695 ἔστι

2033 4684 2034 4689 η
2141 4643 2362 4704 montis,
2390 4652 2444 4696 et
2465 4645 2659 4701 thuris.
2688 4655 2876 4714 estque
2901 4648 2990 4701 uix
3019 4648 3086 4700 de
3116 4646 3322 4702 Libano
3365 4646 3699 4702 descendens

474 4737 610 4790 κατὰ
637 4736 725 4788 τὸν
751 4736 912 4805 νόμον
951 4735 1042 4788 τοῦ
1071 4735 1237 4788 Θεοῦ·
1291 4735 1386 4787 καὶ
1437 4731 1804 4804 προσφέρεται
1839 4732 1931 4784 ἐπὶ
1978 4731 2040 4785 τὸ
2138 4759 2140 4775 ι

2027 4746 2040 4785 ι
2138 4733 2592 4799 quemadmodum
2614 4751 2752 4804 aqua
2783 4735 3016 4804 Spiritus
3038 4737 3232 4800 sancti,
3257 4737 3322 4790 de
3343 4753 3446 4806 qua
3469 4737 3693 4792 dicitur:

473 4825 848 4897 θυσιαστήριον
879 4827 1090 4888 λίϐανος
1118 4825 1399 4897 διαφανὴς,
1443 4823 1554 4885 ἶσος
1587 4821 1702 4892 ῐσῳ.
1741 4823 1849 4874 Καὶ
1890 4821 2037 4892 ὁμώ-

2035 4854 2037 4860 ι
2141 4820 2393 4891 Nunquid
2433 4825 2714 4878 declinabit
2767 4844 2903 4896 aqua
2959 4828 3208 4881 violenter
3254 4829 3460 4881 sublata
3502 4829 3701 4882 vento.’

475 4933 636 4986 νυμον
669 4918 728 4971 τὸ
751 4918 877 4990 ὅρος
899 4918 1056 4972 τοῦτο
1091 4916 1170 4987 τῷ
1208 4916 1410 4984 λιϐάνῳ
1432 4953 1447 4977 ,
1477 4913 1573 4966 καὶ
1605 4912 1719 4964 ἔστι
1758 4911 1887 4981 χιὼν
1932 4912 2038 4965 ἀπὸ

2032 4935 2038 4962 ι
2145 4909 2353 4966 Etenim
2389 4926 2544 4969 vento
2569 4917 2755 4982 fertur,
2792 4933 2895 4970 non
2917 4918 3228 4976 declinabit.
3260 4934 3364 4973 non
3395 4918 3526 4988 fugit
3559 4932 3698 4985 aqua

474 5007 563 5060 τοῦ
607 5010 839 5063 Λιϐάνου
878 5008 1290 5081 κατερχομένη,
1339 5007 1397 5063 ὃν
1423 5007 1622 5076 τρόπον
1664 5004 1723 5056 τὸ
1770 5002 1913 5074 ὕδωρ
1940 5002 2035 5056 τοῦ

2145 5001 2379 5073 Spiritus
2405 5006 2596 5069 sancti,
2617 5007 2706 5062 sed
2738 5009 3111 5078 unusquisque
3132 5020 3398 5074 nostrum,
3430 5011 3556 5062 dum
3582 5024 3703 5078 puc-

474 5095 628 5166 ἁγίου
674 5100 1017 5169 Πνεῦματος,
1069 5099 1194 5170 περὶ
1242 5092 1301 5152 οῦ
1330 5096 1576 5165 λέγεταιο
1632 5092 1730 5162 Μὴ
1783 5093 2034 5162 exuam

1783 5093 2034 5162 ἐκκλίνῃ
2141 5104 2248 5162 cat,
2282 5096 2418 5168 fugit
2447 5114 2512 5152 ne
2541 5101 2685 5154 bibat
2716 5101 2779 5154 de
2812 5116 2950 5170 aqua
2985 5099 3219 5170 Spiritus
3245 5101 3435 5154 sancti.

569 5275 612 5308 ¹⁶
649 5276 847 5332 Jerem.
877 5293 1034 5338 xvm.
1103 5275 1169 5329 14
1201 5284 1254 5331 et
1301 5291 1416 5345 seq.
1483 5275 1533 5345 j‘
1566 5270 1711 5325 Psal.
1743 5283 1858 5332 xu,
1895 5269 1962 5345 l_._
2037 5274 2078 5305 η
2109 5273 2266 5342 ibim,
2296 5275 2351 5329 2,

2449 5278 2490 5310 ¹³
2520 5277 2538 5332 1
2569 5278 2696 5334 Cor.
2731 5296 2783 5347 ι,
2808 5281 2858 5334 4.
2939 5281 2980 5312 ¹⁸
3010 5278 3167 5334 Joan.
3198 5295 3294 5346 vu,
3326 5277 3416 5334 37.
3493 5275 3537 5307 ¹⁸
3566 5271 3700 5330 Luc.

477 5358 566 5410 xv,
595 5345 685 5402 20.
763 5348 806 5378 “
838 5347 1034 5401 Jerem.
1088 5360 1216 5410 xm,
1249 5347 1336 5400 il.
1381 5339 1452 5374 ’⁸⁷
1476 5341 1676 5396 .Ierem.
1713 5353 1872 5403 χχιιι,
1894 5339 1984 5394 25.

550 5481 622 5552 ll)
659 5480 841 5552 Codex
870 5479 1183 5552 Eaticanus,
1231 5480 1571 5552 εὑρήσωμεν.

551 5549 624 5615 (2)
663 5551 844 5603 Codex
877 5550 1148 5615 Vatican.,
1184 5549 1314 5604 τισί.

554 5620 622 5686 (3)
664 5621 839 5671 Codex
879 5619 1129 5685 Scorial.,
1162 5619 1342 5673 αὑτοῦ.
