  <div class='ocr_page' id='page_1' title='image "/cluster/home/n/w/nwhite01/storage/ocr_20150623/13/mdp.39015007036059/243.png"; bbox 0 0 4218 6292; ppageno 0'>
   <div class='ocr_carea' id='block_1_1' title="bbox 536 358 641 419">
    <p class='ocr_par' dir='ltr' id='par_1_1' title="bbox 536 358 641 419">
     <span class='ocr_line' id='line_1_1' title="bbox 536 358 641 419; baseline -0.01 0"><span class='ocrx_word' id='word_1_1' title='bbox 536 358 641 419; x_wconf 76' lang='grc'><strong>483</strong></span> 
     </span>
    </p>
   </div>
   <div class='ocr_carea' id='block_1_2' title="bbox 1991 362 2316 422">
    <p class='ocr_par' dir='ltr' id='par_1_2' title="bbox 1991 362 2316 422">
     <span class='ocr_line' id='line_1_2' title="bbox 1991 362 2316 422; baseline 0 -2"><span class='ocrx_word' id='word_1_2' title='bbox 1991 362 2152 422; x_wconf 65' lang='lat'><strong>0816</strong></span> <span class='ocrx_word' id='word_1_3' title='bbox 2161 365 2316 421; x_wconf 72' lang='lat' dir='ltr'><strong>ENIS</strong></span> 
     </span>
    </p>
   </div>
   <div class='ocr_carea' id='block_1_3' title="bbox 3696 379 3799 440">
    <p class='ocr_par' dir='ltr' id='par_1_3' title="bbox 3696 379 3799 440">
     <span class='ocr_line' id='line_1_3' title="bbox 3696 379 3799 440; baseline 0.039 -4"><span class='ocrx_word' id='word_1_4' title='bbox 3696 379 3799 440; x_wconf 71' lang='grc' dir='ltr'>ιδι</span> 
     </span>
    </p>
   </div>
   <div class='ocr_carea' id='block_1_4' title="bbox 536 469 3797 565">
    <p class='ocr_par' dir='ltr' id='par_1_4' title="bbox 536 469 3797 565">
     <span class='ocr_line' id='line_1_4' title="bbox 536 469 3797 565; baseline 0.005 -32"><span class='ocrx_word' id='word_1_5' title='bbox 536 479 696 549; x_wconf 82' lang='grc' dir='ltr'>ὕδωρ</span> <span class='ocrx_word' id='word_1_6' title='bbox 714 480 929 547; x_wconf 78' lang='grc' dir='ltr'>,βιαίως</span> <span class='ocrx_word' id='word_1_7' title='bbox 949 477 1145 549; x_wconf 64' lang='grc' dir='ltr'><strong>ἀνέμῳ</strong></span> <span class='ocrx_word' id='word_1_8' title='bbox 1164 478 1530 548; x_wconf 62' lang='grc' dir='ltr'>φερόμενονς</span> <span class='ocrx_word' id='word_1_9' title='bbox 1564 479 1673 535; x_wconf 66' lang='grc' dir='ltr'><strong>Καὶ</strong></span> <span class='ocrx_word' id='word_1_10' title='bbox 1694 480 1804 552; x_wconf 78' lang='grc' dir='ltr'>γὰρ</span> <span class='ocrx_word' id='word_1_11' title='bbox 1858 481 2045 553; x_wconf 73' lang='grc' dir='ltr'>ἀνέμῳ</span> <span class='ocrx_word' id='word_1_12' title='bbox 2070 482 2292 554; x_wconf 83' lang='grc' dir='ltr'>φέρεται</span> <span class='ocrx_word' id='word_1_13' title='bbox 2326 482 2424 555; x_wconf 83' lang='grc'>(1),</span> <span class='ocrx_word' id='word_1_14' title='bbox 2452 484 2552 538; x_wconf 84' lang='grc' dir='ltr'>οὐκ</span> <span class='ocrx_word' id='word_1_15' title='bbox 2601 485 2854 549; x_wconf 66' lang='grc' dir='ltr'>ἐκκλινεί,</span> <span class='ocrx_word' id='word_1_16' title='bbox 2880 486 2942 540; x_wconf 84' lang='grc' dir='ltr'>οὐ</span> <span class='ocrx_word' id='word_1_17' title='bbox 2999 469 3203 556; x_wconf 35' lang='grc' dir='ltr'>φεύγει.</span> <span class='ocrx_word' id='word_1_18' title='bbox 3240 487 3305 543; x_wconf 73' lang='grc' dir='ltr'><strong>τὸ</strong></span> <span class='ocrx_word' id='word_1_19' title='bbox 3333 490 3479 565; x_wconf 73' lang='grc' dir='ltr'>ὕδωρ</span> <span class='ocrx_word' id='word_1_20' title='bbox 3512 492 3608 547; x_wconf 76' lang='grc' dir='ltr'>τοῦ</span> <span class='ocrx_word' id='word_1_21' title='bbox 3638 495 3797 564; x_wconf 73' lang='grc' dir='ltr'>ἁγίου</span> 
     </span>
    </p>
   </div>
   <div class='ocr_carea' id='block_1_5' title="bbox 537 570 3726 657">
    <p class='ocr_par' dir='ltr' id='par_1_5' title="bbox 537 570 3726 657">
     <span class='ocr_line' id='line_1_5' title="bbox 537 570 3726 657; baseline 0.005 -32"><span class='ocrx_word' id='word_1_22' title='bbox 537 571 856 644; x_wconf 84' lang='grc' dir='ltr'>Πνεύματος</span> <span class='ocrx_word' id='word_1_23' title='bbox 879 614 893 637; x_wconf 85' lang='grc'><strong>,</strong></span> <span class='ocrx_word' id='word_1_24' title='bbox 938 570 1070 624; x_wconf 73' lang='grc' dir='ltr'>ἀλλὰ</span> <span class='ocrx_word' id='word_1_25' title='bbox 1113 570 1340 629; x_wconf 72' lang='grc' dir='ltr'>ἕκαστος</span> <span class='ocrx_word' id='word_1_26' title='bbox 1379 572 1539 643; x_wconf 84' lang='grc' dir='ltr'>ήμῶν</span> <span class='ocrx_word' id='word_1_27' title='bbox 1576 575 1905 646; x_wconf 81' lang='grc' dir='ltr'><strong>ἁμαρτάνων</strong></span> <span class='ocrx_word' id='word_1_28' title='bbox 1953 576 2114 639; x_wconf 83' lang='grc' dir='ltr'>αὐτὸς</span> <span class='ocrx_word' id='word_1_29' title='bbox 2150 577 2327 646; x_wconf 75' lang='grc' dir='ltr'>φυγὰς</span> <span class='ocrx_word' id='word_1_30' title='bbox 2359 577 2567 646; x_wconf 83' lang='grc' dir='ltr'>γίνεται</span> <span class='ocrx_word' id='word_1_31' title='bbox 2616 578 2712 632; x_wconf 77' lang='grc' dir='ltr'>τοῦ</span> <span class='ocrx_word' id='word_1_32' title='bbox 2743 582 2886 633; x_wconf 85' lang='grc' dir='ltr'>πιεῖν</span> <span class='ocrx_word' id='word_1_33' title='bbox 2922 579 3031 634; x_wconf 83' lang='grc' dir='ltr'><strong>ἀπὸ</strong></span> <span class='ocrx_word' id='word_1_34' title='bbox 3069 581 3164 634; x_wconf 81' lang='grc' dir='ltr'>τοῦ</span> <span class='ocrx_word' id='word_1_35' title='bbox 3195 581 3353 651; x_wconf 84' lang='grc' dir='ltr'>ἁγίου</span> <span class='ocrx_word' id='word_1_36' title='bbox 3390 584 3726 657; x_wconf 84' lang='grc' dir='ltr'>Πνεύματος.</span> 
     </span>
    </p>
   </div>
   <div class='ocr_carea' id='block_1_6' title="bbox 610 663 2179 742">
    <p class='ocr_par' dir='ltr' id='par_1_6' title="bbox 610 663 2179 742">
     <span class='ocr_line' id='line_1_6' title="bbox 610 663 2179 742; baseline 0.001 -23"><span class='ocrx_word' id='word_1_37' title='bbox 610 666 695 719; x_wconf 80' lang='grc'><strong>10.</strong></span> <span class='ocrx_word' id='word_1_38' title='bbox 737 665 875 729; x_wconf 83' lang='lat' dir='ltr'><strong>Quia</strong></span> <span class='ocrx_word' id='word_1_39' title='bbox 905 663 1054 715; x_wconf 82' lang='lat' dir='ltr'><strong>obliti</strong></span> <span class='ocrx_word' id='word_1_40' title='bbox 1083 672 1204 715; x_wconf 82' lang='lat' dir='ltr'><strong>sunt</strong></span> <span class='ocrx_word' id='word_1_41' title='bbox 1236 664 1335 716; x_wconf 85' lang='lat' dir='ltr'><strong>mei</strong></span> <span class='ocrx_word' id='word_1_42' title='bbox 1359 664 1581 733; x_wconf 78' lang='lat' dir='ltr'><strong>populus</strong></span> <span class='ocrx_word' id='word_1_43' title='bbox 1612 682 1776 730; x_wconf 81' lang='lat' dir='ltr'><strong>meus,</strong></span> <span class='ocrx_word' id='word_1_44' title='bbox 1801 667 1854 720; x_wconf 88' lang='lat' dir='ltr'><strong>in</strong></span> <span class='ocrx_word' id='word_1_45' title='bbox 1884 682 2103 720; x_wconf 66' lang='lat' dir='ltr'><strong>vacuam:</strong></span> <span class='ocrx_word' id='word_1_46' title='bbox 2135 686 2179 742; x_wconf 67' lang='grc' dir='ltr'><strong>Α</strong></span> 
     </span>
    </p>
   </div>
   <div class='ocr_carea' id='block_1_7' title="bbox 536 754 2103 825">
    <p class='ocr_par' dir='ltr' id='par_1_7' title="bbox 536 754 2103 825">
     <span class='ocr_line' id='line_1_7' title="bbox 536 754 2103 825; baseline 0 -12"><span class='ocrx_word' id='word_1_47' title='bbox 536 757 849 813; x_wconf 81' lang='lat' dir='ltr'><strong>adoluerunt</strong></span> <span class='ocrx_word' id='word_1_48' title='bbox 888 755 949 805; x_wconf 77' lang='grc'><strong>’⁸.</strong></span> <span class='ocrx_word' id='word_1_49' title='bbox 986 754 1311 824; x_wconf 82' lang='lat' dir='ltr'><strong>Quicunque</strong></span> <span class='ocrx_word' id='word_1_50' title='bbox 1342 763 1550 825; x_wconf 83' lang='lat' dir='ltr'><strong>peccat,</strong></span> <span class='ocrx_word' id='word_1_51' title='bbox 1595 758 1797 811; x_wconf 83' lang='lat' dir='ltr'><strong>oblitus</strong></span> <span class='ocrx_word' id='word_1_52' title='bbox 1838 767 1925 812; x_wconf 87' lang='lat' dir='ltr'><strong>est</strong></span> <span class='ocrx_word' id='word_1_53' title='bbox 1974 758 2103 824; x_wconf 87' lang='lat' dir='ltr'><strong>Dei;</strong></span> 
     </span>
    </p>
   </div>
   <div class='ocr_carea' id='block_1_8' title="bbox 534 844 2105 917">
    <p class='ocr_par' dir='ltr' id='par_1_8' title="bbox 534 844 2105 917">
     <span class='ocr_line' id='line_1_8' title="bbox 534 844 2105 917; baseline 0 -15"><span class='ocrx_word' id='word_1_54' title='bbox 534 850 712 913; x_wconf 84' lang='lat' dir='ltr'><strong>justus</strong></span> <span class='ocrx_word' id='word_1_55' title='bbox 738 853 918 899; x_wconf 88' lang='lat' dir='ltr'><strong>autem</strong></span> <span class='ocrx_word' id='word_1_56' title='bbox 950 846 1026 899; x_wconf 87' lang='lat' dir='ltr'><strong>ait</strong></span> <span class='ocrx_word' id='word_1_57' title='bbox 1056 847 1098 878; x_wconf 68' lang='grc' dir='ltr'><strong><em>η</em></strong></span> <span class='ocrx_word' id='word_1_58' title='bbox 1124 860 1137 897; x_wconf 90' lang='lat'><strong>:</strong></span> <span class='ocrx_word' id='word_1_59' title='bbox 1172 844 1300 899; x_wconf 68' lang='lat' dir='ltr'><strong>[lac</strong></span> <span class='ocrx_word' id='word_1_60' title='bbox 1331 848 1506 900; x_wconf 82' lang='lat' dir='ltr'><strong>omnia</strong></span> <span class='ocrx_word' id='word_1_61' title='bbox 1529 857 1777 902; x_wconf 80' lang='lat' dir='ltr'><strong>venerunt</strong></span> <span class='ocrx_word' id='word_1_62' title='bbox 1800 863 1956 917; x_wconf 75' lang='lat' dir='ltr'><strong>super</strong></span> <span class='ocrx_word' id='word_1_63' title='bbox 1990 863 2105 916; x_wconf 86' lang='lat' dir='ltr'><strong>nos,</strong></span> 
     </span>
    </p>
   </div>
   <div class='ocr_carea' id='block_1_9' title="bbox 533 937 2106 1010">
    <p class='ocr_par' dir='ltr' id='par_1_9' title="bbox 533 937 2106 1010">
     <span class='ocr_line' id='line_1_9' title="bbox 533 937 2106 1010; baseline 0 -16"><span class='ocrx_word' id='word_1_64' title='bbox 533 951 705 995; x_wconf 80' lang='lat' dir='ltr'><strong>etnon</strong></span> <span class='ocrx_word' id='word_1_65' title='bbox 740 937 890 991; x_wconf 79' lang='lat' dir='ltr'><strong>obliti</strong></span> <span class='ocrx_word' id='word_1_66' title='bbox 925 953 1105 991; x_wconf 84' lang='lat' dir='ltr'><strong>sumus</strong></span> <span class='ocrx_word' id='word_1_67' title='bbox 1144 947 1212 1002; x_wconf 88' lang='lat' dir='ltr'><strong>te,</strong></span> <span class='ocrx_word' id='word_1_68' title='bbox 1254 956 1348 993; x_wconf 88' lang='lat' dir='ltr'><strong>nec</strong></span> <span class='ocrx_word' id='word_1_69' title='bbox 1371 940 1566 1008; x_wconf 76' lang='lat' dir='ltr'><strong>injuste</strong></span> <span class='ocrx_word' id='word_1_70' title='bbox 1604 941 1803 1010; x_wconf 78' lang='lat' dir='ltr'><strong>egimus</strong></span> <span class='ocrx_word' id='word_1_71' title='bbox 1842 940 1901 993; x_wconf 74' lang='lat' dir='ltr'><strong>in</strong></span> <span class='ocrx_word' id='word_1_72' title='bbox 1941 949 2106 994; x_wconf 48' lang='lat' dir='ltr'><strong>testa‘</strong></span> 
     </span>
    </p>
   </div>
   <div class='ocr_carea' id='block_1_10' title="bbox 534 1029 2107 1100">
    <p class='ocr_par' dir='ltr' id='par_1_10' title="bbox 534 1029 2107 1100">
     <span class='ocr_line' id='line_1_10' title="bbox 534 1029 2107 1100; baseline 0.003 -16"><span class='ocrx_word' id='word_1_73' title='bbox 534 1043 704 1084; x_wconf 81' lang='lat' dir='ltr'><strong>mento</strong></span> <span class='ocrx_word' id='word_1_74' title='bbox 735 1038 844 1083; x_wconf 86' lang='lat' dir='ltr'><strong>tuo.</strong></span> <span class='ocrx_word' id='word_1_75' title='bbox 881 1029 948 1083; x_wconf 87' lang='lat' dir='ltr'><strong>At</strong></span> <span class='ocrx_word' id='word_1_76' title='bbox 970 1031 1200 1100; x_wconf 85' lang='lat' dir='ltr'><strong>populus</strong></span> <span class='ocrx_word' id='word_1_77' title='bbox 1235 1032 1324 1087; x_wconf 90' lang='lat' dir='ltr'><strong>ille</strong></span> <span class='ocrx_word' id='word_1_78' title='bbox 1355 1048 1541 1087; x_wconf 84' lang='lat' dir='ltr'><strong>revera</strong></span> <span class='ocrx_word' id='word_1_79' title='bbox 1571 1032 1774 1087; x_wconf 84' lang='lat' dir='ltr'><strong>oblitus</strong></span> <span class='ocrx_word' id='word_1_80' title='bbox 1810 1043 1887 1087; x_wconf 90' lang='lat' dir='ltr'><strong>est</strong></span> <span class='ocrx_word' id='word_1_81' title='bbox 1919 1032 2107 1098; x_wconf 88' lang='lat' dir='ltr'><strong>Dei,et</strong></span> 
     </span>
    </p>
   </div>
   <div class='ocr_carea' id='block_1_11' title="bbox 534 1120 2106 1193">
    <p class='ocr_par' dir='ltr' id='par_1_11' title="bbox 534 1120 2106 1193">
     <span class='ocr_line' id='line_1_11' title="bbox 534 1120 2106 1193; baseline 0.001 -17"><span class='ocrx_word' id='word_1_82' title='bbox 534 1122 587 1176; x_wconf 93' lang='lat' dir='ltr'><strong>in</strong></span> <span class='ocrx_word' id='word_1_83' title='bbox 620 1136 847 1176; x_wconf 78' lang='lat' dir='ltr'><strong>vacuum</strong></span> <span class='ocrx_word' id='word_1_84' title='bbox 873 1120 1122 1176; x_wconf 77' lang='lat' dir='ltr'><strong>adolevit.</strong></span> <span class='ocrx_word' id='word_1_85' title='bbox 1155 1121 1288 1176; x_wconf 85' lang='lat' dir='ltr'><strong>Illud</strong></span> <span class='ocrx_word' id='word_1_86' title='bbox 1318 1138 1515 1193; x_wconf 88' lang='lat' dir='ltr'><strong>porro:</strong></span> <span class='ocrx_word' id='word_1_87' title='bbox 1553 1122 1618 1175; x_wconf 86' lang='lat' dir='ltr'><strong>In</strong></span> <span class='ocrx_word' id='word_1_88' title='bbox 1649 1138 1871 1176; x_wconf 81' lang='lat' dir='ltr'><strong>vacuum</strong></span> <span class='ocrx_word' id='word_1_89' title='bbox 1922 1122 2106 1178; x_wconf 56' lang='lat' dir='ltr'><strong>adolea</strong></span> 
     </span>
    </p>
   </div>
   <div class='ocr_carea' id='block_1_12' title="bbox 534 1214 2107 1284">
    <p class='ocr_par' dir='ltr' id='par_1_12' title="bbox 534 1214 2107 1284">
     <span class='ocr_line' id='line_1_12' title="bbox 534 1214 2107 1284; baseline 0.001 -16"><span class='ocrx_word' id='word_1_90' title='bbox 534 1223 733 1279; x_wconf 83' lang='lat' dir='ltr'><strong>verunt,</strong></span> <span class='ocrx_word' id='word_1_91' title='bbox 767 1214 895 1284; x_wconf 88' lang='lat' dir='ltr'><strong>quid</strong></span> <span class='ocrx_word' id='word_1_92' title='bbox 917 1214 1020 1268; x_wconf 87' lang='lat' dir='ltr'><strong><em>sibi</em></strong></span> <span class='ocrx_word' id='word_1_93' title='bbox 1052 1215 1179 1269; x_wconf 87' lang='lat' dir='ltr'><strong>velit</strong></span> <span class='ocrx_word' id='word_1_94' title='bbox 1202 1216 1629 1270; x_wconf 85' lang='lat' dir='ltr'><strong>consideremus.</strong></span> <span class='ocrx_word' id='word_1_95' title='bbox 1658 1214 1714 1269; x_wconf 87' lang='lat' dir='ltr'><strong><em>Si</em></strong></span> <span class='ocrx_word' id='word_1_96' title='bbox 1743 1222 1922 1269; x_wconf 90' lang='lat' dir='ltr'><strong>mente</strong></span> <span class='ocrx_word' id='word_1_97' title='bbox 1954 1231 2107 1270; x_wconf 57' lang='lat' dir='ltr'><strong>reco.</strong></span> 
     </span>
    </p>
   </div>
   <div class='ocr_carea' id='block_1_13' title="bbox 533 1301 2107 1377">
    <p class='ocr_par' dir='ltr' id='par_1_13' title="bbox 533 1301 2107 1377">
     <span class='ocr_line' id='line_1_13' title="bbox 533 1301 2107 1377; baseline 0.001 -18"><span class='ocrx_word' id='word_1_98' title='bbox 533 1306 711 1375; x_wconf 84' lang='lat' dir='ltr'><strong>lamus</strong></span> <span class='ocrx_word' id='word_1_99' title='bbox 733 1322 853 1376; x_wconf 73' lang='lat' dir='ltr'><strong>qua:</strong></span> <span class='ocrx_word' id='word_1_100' title='bbox 876 1301 1133 1376; x_wconf 67' lang='lat' dir='ltr'><strong>nnperin</strong></span> <span class='ocrx_word' id='word_1_101' title='bbox 1166 1306 1432 1376; x_wconf 88' lang='lat' dir='ltr'><strong>psalmum</strong></span> <span class='ocrx_word' id='word_1_102' title='bbox 1464 1309 1821 1362; x_wconf 69' lang='lat' dir='ltr'><strong>conto-simum</strong></span> <span class='ocrx_word' id='word_1_103' title='bbox 1868 1308 2107 1377; x_wconf 77' lang='lat' dir='ltr'><strong>quadra-</strong></span> 
     </span>
    </p>
   </div>
   <div class='ocr_carea' id='block_1_14' title="bbox 532 1396 2101 1468">
    <p class='ocr_par' dir='ltr' id='par_1_14' title="bbox 532 1396 2101 1468">
     <span class='ocr_line' id='line_1_14' title="bbox 532 1396 2101 1468; baseline 0.001 -18"><span class='ocrx_word' id='word_1_104' title='bbox 532 1398 797 1466; x_wconf 80' lang='lat' dir='ltr'><strong>gesimum</strong></span> <span class='ocrx_word' id='word_1_105' title='bbox 819 1398 1055 1466; x_wconf 86' lang='lat' dir='ltr'><strong>primum</strong></span> <span class='ocrx_word' id='word_1_106' title='bbox 1075 1398 1218 1452; x_wconf 89' lang='lat' dir='ltr'><strong>dicta</strong></span> <span class='ocrx_word' id='word_1_107' title='bbox 1248 1408 1396 1460; x_wconf 89' lang='lat' dir='ltr'><strong>sunt,</strong></span> <span class='ocrx_word' id='word_1_108' title='bbox 1434 1399 1800 1468; x_wconf 77' lang='lat' dir='ltr'><strong>intelligemus</strong></span> <span class='ocrx_word' id='word_1_109' title='bbox 1826 1396 1954 1466; x_wconf 87' lang='lat' dir='ltr'><strong>quid</strong></span> <span class='ocrx_word' id='word_1_110' title='bbox 1988 1398 2058 1452; x_wconf 86' lang='lat' dir='ltr'><strong>sit</strong></span> <span class='ocrx_word' id='word_1_111' title='bbox 2086 1415 2101 1451; x_wconf 85' lang='lat'><strong>:</strong></span> 
     </span>
    </p>
   </div>
   <div class='ocr_carea' id='block_1_15' title="bbox 532 1490 2105 1560">
    <p class='ocr_par' dir='ltr' id='par_1_15' title="bbox 532 1490 2105 1560">
     <span class='ocr_line' id='line_1_15' title="bbox 532 1490 2105 1560; baseline 0.001 -17"><span class='ocrx_word' id='word_1_112' title='bbox 532 1490 590 1545; x_wconf 84' lang='grc' dir='ltr'>1η</span> <span class='ocrx_word' id='word_1_113' title='bbox 616 1506 836 1544; x_wconf 85' lang='lat' dir='ltr'><strong>vacuum</strong></span> <span class='ocrx_word' id='word_1_114' title='bbox 862 1490 1215 1544; x_wconf 75' lang='lat' dir='ltr'><strong>adoleverunt.</strong></span> <span class='ocrx_word' id='word_1_115' title='bbox 1240 1490 1560 1545; x_wconf 87' lang='lat' dir='ltr'><strong>Eratautem</strong></span> <span class='ocrx_word' id='word_1_116' title='bbox 1585 1493 1638 1545; x_wconf 89' lang='lat' dir='ltr'><strong>in</strong></span> <span class='ocrx_word' id='word_1_117' title='bbox 1670 1491 1775 1546; x_wconf 85' lang='lat' dir='ltr'><strong>isto</strong></span> <span class='ocrx_word' id='word_1_118' title='bbox 1804 1490 2012 1560; x_wconf 80' lang='lat' dir='ltr'><strong>psalmo</strong></span> <span class='ocrx_word' id='word_1_119' title='bbox 2029 1491 2105 1546; x_wconf 87' lang='lat' dir='ltr'><strong>si-</strong></span> 
     </span>
    </p>
   </div>
   <div class='ocr_carea' id='block_1_16' title="bbox 532 1579 2103 1651">
    <p class='ocr_par' dir='ltr' id='par_1_16' title="bbox 532 1579 2103 1651">
     <span class='ocr_line' id='line_1_16' title="bbox 532 1579 2103 1651; baseline -0.001 -17"><span class='ocrx_word' id='word_1_120' title='bbox 532 1581 661 1635; x_wconf 90' lang='lat' dir='ltr'><strong>mile</strong></span> <span class='ocrx_word' id='word_1_121' title='bbox 671 1581 945 1651; x_wconf 88' lang='lat' dir='ltr'><strong>quidpiam</strong></span> <span class='ocrx_word' id='word_1_122' title='bbox 968 1620 981 1633; x_wconf 94' lang='lat'><strong>.</strong></span> <span class='ocrx_word' id='word_1_123' title='bbox 1008 1579 1131 1635; x_wconf 80' lang='lat' dir='ltr'><strong>Fiat</strong></span> <span class='ocrx_word' id='word_1_124' title='bbox 1149 1583 1319 1636; x_wconf 86' lang='lat' dir='ltr'><strong>oratio</strong></span> <span class='ocrx_word' id='word_1_125' title='bbox 1337 1598 1450 1634; x_wconf 89' lang='lat' dir='ltr'><strong>mea</strong></span> <span class='ocrx_word' id='word_1_126' title='bbox 1465 1582 1599 1634; x_wconf 81' lang='lat' dir='ltr'><strong>sicut</strong></span> <span class='ocrx_word' id='word_1_127' title='bbox 1617 1582 1880 1634; x_wconf 80' lang='lat' dir='ltr'><strong>incensum</strong></span> <span class='ocrx_word' id='word_1_128' title='bbox 1904 1581 1959 1633; x_wconf 84' lang='lat' dir='ltr'><strong>in</strong></span> <span class='ocrx_word' id='word_1_129' title='bbox 1975 1594 2103 1633; x_wconf 85' lang='lat' dir='ltr'><strong>con-</strong></span> 
     </span>
    </p>
   </div>
   <div class='ocr_carea' id='block_1_17' title="bbox 532 1669 2106 1741">
    <p class='ocr_par' dir='ltr' id='par_1_17' title="bbox 532 1669 2106 1741">
     <span class='ocr_line' id='line_1_17' title="bbox 532 1669 2106 1741; baseline -0.001 -16"><span class='ocrx_word' id='word_1_130' title='bbox 532 1682 711 1740; x_wconf 84' lang='lat' dir='ltr'><strong>spectu</strong></span> <span class='ocrx_word' id='word_1_131' title='bbox 742 1682 832 1725; x_wconf 82' lang='lat' dir='ltr'><strong>tuo</strong></span> <span class='ocrx_word' id='word_1_132' title='bbox 865 1671 932 1724; x_wconf 79' lang='lat'><strong>”.</strong></span> <span class='ocrx_word' id='word_1_133' title='bbox 965 1671 1151 1741; x_wconf 88' lang='lat' dir='ltr'><strong>Itaque</strong></span> <span class='ocrx_word' id='word_1_134' title='bbox 1175 1672 1351 1727; x_wconf 84' lang='lat' dir='ltr'><strong>oratio</strong></span> <span class='ocrx_word' id='word_1_135' title='bbox 1383 1684 1501 1726; x_wconf 85' lang='lat' dir='ltr'><strong>mea</strong></span> <span class='ocrx_word' id='word_1_136' title='bbox 1540 1685 1570 1724; x_wconf 90' lang='lat' dir='ltr'><strong>e</strong></span> <span class='ocrx_word' id='word_1_137' title='bbox 1606 1669 1840 1739; x_wconf 85' lang='lat' dir='ltr'><strong>simplici</strong></span> <span class='ocrx_word' id='word_1_138' title='bbox 1882 1684 2106 1740; x_wconf 75' lang='lat' dir='ltr'><strong>compo—</strong></span> 
     </span>
    </p>
   </div>
   <div class='ocr_carea' id='block_1_18' title="bbox 533 1748 2102 1825">
    <p class='ocr_par' dir='ltr' id='par_1_18' title="bbox 533 1748 2102 1825">
     <span class='ocr_line' id='line_1_18' title="bbox 533 1748 2102 1825; baseline -0.003 -8"><span class='ocrx_word' id='word_1_139' title='bbox 533 1763 638 1818; x_wconf 88' lang='lat' dir='ltr'><strong>sita</strong></span> <span class='ocrx_word' id='word_1_140' title='bbox 666 1771 749 1816; x_wconf 87' lang='lat' dir='ltr'><strong>est</strong></span> <span class='ocrx_word' id='word_1_141' title='bbox 771 1748 955 1823; x_wconf 78' lang='lat' dir='ltr'><strong>corde,</strong></span> <span class='ocrx_word' id='word_1_142' title='bbox 990 1771 1042 1816; x_wconf 90' lang='lat' dir='ltr'><strong>et</strong></span> <span class='ocrx_word' id='word_1_143' title='bbox 1072 1778 1195 1816; x_wconf 87' lang='lat' dir='ltr'><strong>eum</strong></span> <span class='ocrx_word' id='word_1_144' title='bbox 1233 1770 1477 1815; x_wconf 91' lang='lat' dir='ltr'><strong>nostrum</strong></span> <span class='ocrx_word' id='word_1_145' title='bbox 1518 1774 1615 1814; x_wconf 88' lang='lat' dir='ltr'><strong>cor</strong></span> <span class='ocrx_word' id='word_1_146' title='bbox 1643 1775 1751 1814; x_wconf 89' lang='lat' dir='ltr'><strong>non</strong></span> <span class='ocrx_word' id='word_1_147' title='bbox 1795 1758 2102 1825; x_wconf 89' lang='lat' dir='ltr'><strong>induratur,</strong></span> 
     </span>
    </p>
   </div>
   <div class='ocr_carea' id='block_1_19' title="bbox 533 1845 2108 1921">
    <p class='ocr_par' dir='ltr' id='par_1_19' title="bbox 533 1845 2108 1921">
     <span class='ocr_line' id='line_1_19' title="bbox 533 1845 2108 1921; baseline -0.004 -16"><span class='ocrx_word' id='word_1_148' title='bbox 533 1850 789 1921; x_wconf 77' lang='lat' dir='ltr'><strong>dirigitur</strong></span> <span class='ocrx_word' id='word_1_149' title='bbox 822 1850 964 1903; x_wconf 88' lang='lat' dir='ltr'><strong>sicut</strong></span> <span class='ocrx_word' id='word_1_150' title='bbox 990 1849 1271 1903; x_wconf 88' lang='lat' dir='ltr'><strong>incensum</strong></span> <span class='ocrx_word' id='word_1_151' title='bbox 1309 1848 1361 1901; x_wconf 91' lang='lat' dir='ltr'><strong>in</strong></span> <span class='ocrx_word' id='word_1_152' title='bbox 1387 1856 1681 1915; x_wconf 91' lang='lat' dir='ltr'><strong>conspectu</strong></span> <span class='ocrx_word' id='word_1_153' title='bbox 1710 1845 1824 1900; x_wconf 85' lang='lat' dir='ltr'><strong>Dei.</strong></span> <span class='ocrx_word' id='word_1_154' title='bbox 1854 1847 1910 1900; x_wconf 84' lang='lat' dir='ltr'><strong>Si</strong></span> <span class='ocrx_word' id='word_1_155' title='bbox 1942 1846 2108 1916; x_wconf 74' lang='lat' dir='ltr'><strong>igitur</strong></span> 
     </span>
    </p>
   </div>
   <div class='ocr_carea' id='block_1_20' title="bbox 532 1935 2105 2009">
    <p class='ocr_par' dir='ltr' id='par_1_20' title="bbox 532 1935 2105 2009">
     <span class='ocr_line' id='line_1_20' title="bbox 532 1935 2105 2009; baseline -0.003 -15"><span class='ocrx_word' id='word_1_156' title='bbox 532 1942 708 1995; x_wconf 90' lang='lat' dir='ltr'><strong>oratio</strong></span> <span class='ocrx_word' id='word_1_157' title='bbox 728 1940 861 2009; x_wconf 88' lang='lat' dir='ltr'><strong>justi</strong></span> <span class='ocrx_word' id='word_1_158' title='bbox 888 1939 1167 1993; x_wconf 88' lang='lat' dir='ltr'><strong>incensum</strong></span> <span class='ocrx_word' id='word_1_159' title='bbox 1201 1948 1283 1993; x_wconf 88' lang='lat' dir='ltr'><strong>est</strong></span> <span class='ocrx_word' id='word_1_160' title='bbox 1331 1937 1384 1991; x_wconf 92' lang='lat' dir='ltr'><strong>in</strong></span> <span class='ocrx_word' id='word_1_161' title='bbox 1414 1945 1707 2005; x_wconf 89' lang='lat' dir='ltr'><strong>conspectu</strong></span> <span class='ocrx_word' id='word_1_162' title='bbox 1748 1935 1864 2001; x_wconf 88' lang='lat' dir='ltr'><strong>Dei,</strong></span> <span class='ocrx_word' id='word_1_163' title='bbox 1915 1935 2105 2005; x_wconf 86' lang='lat' dir='ltr'><strong>injusti</strong></span> 
     </span>
    </p>
   </div>
   <div class='ocr_carea' id='block_1_21' title="bbox 2284 669 3802 741">
    <p class='ocr_par' dir='ltr' id='par_1_21' title="bbox 2284 669 3802 741">
     <span class='ocr_line' id='line_1_21' title="bbox 2284 669 3802 741; baseline 0.01 -19"><span class='ocrx_word' id='word_1_164' title='bbox 2284 670 2411 723; x_wconf 87' lang='grc' dir='ltr'>Ὅτι</span> <span class='ocrx_word' id='word_1_165' title='bbox 2438 669 2758 727; x_wconf 69' lang='grc' dir='ltr'>ἐπελάθετο</span> <span class='ocrx_word' id='word_1_166' title='bbox 2784 686 2904 738; x_wconf 79' lang='grc' dir='ltr'><strong>μου</strong></span> <span class='ocrx_word' id='word_1_167' title='bbox 2935 671 2970 723; x_wconf 83' lang='lat' dir='ltr'><strong>d</strong></span> <span class='ocrx_word' id='word_1_168' title='bbox 3015 673 3149 738; x_wconf 71' lang='lat' dir='ltr'><strong>ladc</strong></span> <span class='ocrx_word' id='word_1_169' title='bbox 3179 689 3324 741; x_wconf 85' lang='grc' dir='ltr'>μου.</span> <span class='ocrx_word' id='word_1_170' title='bbox 3352 675 3441 740; x_wconf 85' lang='grc' dir='ltr'>είς</span> <span class='ocrx_word' id='word_1_171' title='bbox 3457 677 3640 731; x_wconf 74' lang='grc' dir='ltr'>κενὸν</span> <span class='ocrx_word' id='word_1_172' title='bbox 3664 681 3802 737; x_wconf 78' lang='grc' dir='ltr'>ἐθυ-</span> 
     </span>
    </p>
   </div>
   <div class='ocr_carea' id='block_1_22' title="bbox 2209 760 3795 836">
    <p class='ocr_par' dir='ltr' id='par_1_22' title="bbox 2209 760 3795 836">
     <span class='ocr_line' id='line_1_22' title="bbox 2209 760 3795 836; baseline 0.006 -23"><span class='ocrx_word' id='word_1_173' title='bbox 2209 761 2453 829; x_wconf 75' lang='grc' dir='ltr'>μίασαν.</span> <span class='ocrx_word' id='word_1_174' title='bbox 2485 760 2600 825; x_wconf 78' lang='grc' dir='ltr'><strong>Πᾶς</strong></span> <span class='ocrx_word' id='word_1_175' title='bbox 2633 760 2729 830; x_wconf 76' lang='grc' dir='ltr'>μὲν</span> <span class='ocrx_word' id='word_1_176' title='bbox 2758 762 2786 813; x_wconf 87' lang='grc' dir='ltr'><strong>ό</strong></span> <span class='ocrx_word' id='word_1_177' title='bbox 2810 761 3138 832; x_wconf 79' lang='grc' dir='ltr'><strong>ἁμαρτάνων</strong></span> <span class='ocrx_word' id='word_1_178' title='bbox 3154 762 3503 836; x_wconf 74' lang='grc' dir='ltr'><strong>ἐπιλέλησται</strong></span> <span class='ocrx_word' id='word_1_179' title='bbox 3524 768 3621 822; x_wconf 81' lang='grc' dir='ltr'><strong>τοῦ</strong></span> <span class='ocrx_word' id='word_1_180' title='bbox 3635 770 3795 827; x_wconf 79' lang='grc' dir='ltr'><strong>Θεοῦ·</strong></span> 
     </span>
    </p>
   </div>
   <div class='ocr_carea' id='block_1_23' title="bbox 2213 850 3792 932">
    <p class='ocr_par' dir='ltr' id='par_1_23' title="bbox 2213 850 3792 932">
     <span class='ocr_line' id='line_1_23' title="bbox 2213 850 3792 932; baseline 0.004 -27"><span class='ocrx_word' id='word_1_181' title='bbox 2213 852 2242 905; x_wconf 81' lang='grc' dir='ltr'><strong>ὁ</strong></span> <span class='ocrx_word' id='word_1_182' title='bbox 2273 851 2331 903; x_wconf 77' lang='grc' dir='ltr'>δὲ</span> <span class='ocrx_word' id='word_1_183' title='bbox 2364 850 2571 915; x_wconf 83' lang='grc' dir='ltr'>δίκαιος</span> <span class='ocrx_word' id='word_1_184' title='bbox 2592 851 2771 920; x_wconf 81' lang='grc' dir='ltr'>λέγει·</span> <span class='ocrx_word' id='word_1_185' title='bbox 2818 851 3010 905; x_wconf 85' lang='grc' dir='ltr'>Ταῦτα</span> <span class='ocrx_word' id='word_1_186' title='bbox 3039 853 3238 907; x_wconf 77' lang='grc' dir='ltr'>πάντα</span> <span class='ocrx_word' id='word_1_187' title='bbox 3264 852 3454 925; x_wconf 68' lang='grc' dir='ltr'>ἦλθεν</span> <span class='ocrx_word' id='word_1_188' title='bbox 3476 859 3573 928; x_wconf 70' lang='grc' dir='ltr'><strong>ἐφ’</strong></span> <span class='ocrx_word' id='word_1_189' title='bbox 3611 862 3792 932; x_wconf 71' lang='grc' dir='ltr'>ἡμᾶς,</span> 
     </span>
    </p>
   </div>
   <div class='ocr_carea' id='block_1_24' title="bbox 2213 934 3795 1018">
    <p class='ocr_par' dir='ltr' id='par_1_24' title="bbox 2213 934 3795 1018">
     <span class='ocr_line' id='line_1_24' title="bbox 2213 934 3795 1018; baseline 0.009 -25"><span class='ocrx_word' id='word_1_190' title='bbox 2213 934 2314 993; x_wconf 74' lang='grc' dir='ltr'><strong>καί</strong></span> <span class='ocrx_word' id='word_1_191' title='bbox 2349 938 2459 994; x_wconf 81' lang='grc' dir='ltr'>οὐκ</span> <span class='ocrx_word' id='word_1_192' title='bbox 2499 938 2905 1009; x_wconf 70' lang='grc' dir='ltr'>ἐπελαϐόμεθα</span> <span class='ocrx_word' id='word_1_193' title='bbox 2945 956 3064 995; x_wconf 87' lang='grc' dir='ltr'><strong>σου</strong></span> <span class='ocrx_word' id='word_1_194' title='bbox 3087 981 3102 1005; x_wconf 89' lang='grc'><strong>,</strong></span> <span class='ocrx_word' id='word_1_195' title='bbox 3137 943 3280 997; x_wconf 83' lang='grc' dir='ltr'>οὐδὲ</span> <span class='ocrx_word' id='word_1_196' title='bbox 3318 944 3691 1018; x_wconf 73' lang='grc' dir='ltr'><strong>ἠδικήσαμεν</strong></span> <span class='ocrx_word' id='word_1_197' title='bbox 3722 952 3795 1007; x_wconf 82' lang='grc' dir='ltr'><strong>ἐν</strong></span> 
     </span>
    </p>
   </div>
   <div class='ocr_carea' id='block_1_25' title="bbox 2213 1026 3792 1101">
    <p class='ocr_par' dir='ltr' id='par_1_25' title="bbox 2213 1026 3792 1101">
     <span class='ocr_line' id='line_1_25' title="bbox 2213 1026 3792 1101; baseline 0.004 -21"><span class='ocrx_word' id='word_1_198' title='bbox 2213 1026 2288 1095; x_wconf 79' lang='grc' dir='ltr'>τῇ</span> <span class='ocrx_word' id='word_1_199' title='bbox 2319 1027 2576 1098; x_wconf 79' lang='grc' dir='ltr'>Διαθήκῃ</span> <span class='ocrx_word' id='word_1_200' title='bbox 2603 1032 2738 1083; x_wconf 82' lang='grc' dir='ltr'>σου.</span> <span class='ocrx_word' id='word_1_201' title='bbox 2772 1031 3038 1094; x_wconf 81' lang='grc' dir='ltr'>Κάκεῖνος</span> <span class='ocrx_word' id='word_1_202' title='bbox 3068 1031 3125 1084; x_wconf 75' lang='grc' dir='ltr'>δὲ</span> <span class='ocrx_word' id='word_1_203' title='bbox 3152 1035 3182 1085; x_wconf 85' lang='grc' dir='ltr'><strong>ό</strong></span> <span class='ocrx_word' id='word_1_204' title='bbox 3210 1032 3337 1098; x_wconf 84' lang='grc' dir='ltr'>λαὸς</span> <span class='ocrx_word' id='word_1_205' title='bbox 3378 1036 3547 1101; x_wconf 84' lang='grc' dir='ltr'>δντως</span> <span class='ocrx_word' id='word_1_206' title='bbox 3592 1040 3792 1094; x_wconf 78' lang='grc' dir='ltr'>ὲπελά.</span> 
     </span>
    </p>
   </div>
   <div class='ocr_carea' id='block_1_26' title="bbox 2212 1118 3791 1200">
    <p class='ocr_par' dir='ltr' id='par_1_26' title="bbox 2212 1118 3791 1200">
     <span class='ocr_line' id='line_1_26' title="bbox 2212 1118 3791 1200; baseline 0.009 -29"><span class='ocrx_word' id='word_1_207' title='bbox 2212 1118 2336 1171; x_wconf 79' lang='grc' dir='ltr'>θετο</span> <span class='ocrx_word' id='word_1_208' title='bbox 2359 1118 2453 1172; x_wconf 81' lang='grc' dir='ltr'>τοῦ</span> <span class='ocrx_word' id='word_1_209' title='bbox 2479 1119 2633 1187; x_wconf 83' lang='grc' dir='ltr'><strong>Θεοῦ,</strong></span> <span class='ocrx_word' id='word_1_210' title='bbox 2666 1123 2760 1175; x_wconf 72' lang='grc' dir='ltr'>καὶ</span> <span class='ocrx_word' id='word_1_211' title='bbox 2789 1124 2869 1187; x_wconf 79' lang='grc' dir='ltr'><strong>είς</strong></span> <span class='ocrx_word' id='word_1_212' title='bbox 2896 1122 3050 1176; x_wconf 78' lang='grc' dir='ltr'>κενὸν</span> <span class='ocrx_word' id='word_1_213' title='bbox 3083 1123 3368 1195; x_wconf 84' lang='grc' dir='ltr'>ὲθυμίασε.</span> <span class='ocrx_word' id='word_1_214' title='bbox 3404 1128 3469 1181; x_wconf 90' lang='grc' dir='ltr'>Τί</span> <span class='ocrx_word' id='word_1_215' title='bbox 3494 1130 3551 1183; x_wconf 76' lang='grc' dir='ltr'>δὲ</span> <span class='ocrx_word' id='word_1_216' title='bbox 3579 1132 3668 1185; x_wconf 85' lang='grc' dir='ltr'><strong>τό·</strong></span> <span class='ocrx_word' id='word_1_217' title='bbox 3687 1135 3791 1200; x_wconf 81' lang='grc' dir='ltr'><strong>Εἰς</strong></span> 
     </span>
    </p>
   </div>
   <div class='ocr_carea' id='block_1_27' title="bbox 2211 1208 3791 1293">
    <p class='ocr_par' dir='ltr' id='par_1_27' title="bbox 2211 1208 3791 1293">
     <span class='ocr_line' id='line_1_27' title="bbox 2211 1208 3791 1293; baseline 0.009 -32"><span class='ocrx_word' id='word_1_218' title='bbox 2211 1208 2393 1263; x_wconf 70' lang='grc' dir='ltr'>κενὸν</span> <span class='ocrx_word' id='word_1_219' title='bbox 2421 1210 2775 1278; x_wconf 74' lang='grc' dir='ltr'><strong>ἐθυμίασαν,</strong></span> <span class='ocrx_word' id='word_1_220' title='bbox 2799 1214 3177 1282; x_wconf 77' lang='grc' dir='ltr'>κατανοητέον.</span> <span class='ocrx_word' id='word_1_221' title='bbox 3213 1216 3292 1270; x_wconf 81' lang='grc' dir='ltr'><strong>Τὰ</strong></span> <span class='ocrx_word' id='word_1_222' title='bbox 3314 1217 3503 1290; x_wconf 83' lang='grc' dir='ltr'>πρώην</span> <span class='ocrx_word' id='word_1_223' title='bbox 3524 1223 3791 1293; x_wconf 75' lang='grc' dir='ltr'><strong>εἰρημένα</strong></span> 
     </span>
    </p>
   </div>
   <div class='ocr_carea' id='block_1_28' title="bbox 2211 1300 3790 1383">
    <p class='ocr_par' dir='ltr' id='par_1_28' title="bbox 2211 1300 3790 1383">
     <span class='ocr_line' id='line_1_28' title="bbox 2211 1300 3790 1383; baseline 0.01 -31"><span class='ocrx_word' id='word_1_224' title='bbox 2211 1301 2291 1363; x_wconf 83' lang='grc' dir='ltr'><strong>είς</strong></span> <span class='ocrx_word' id='word_1_225' title='bbox 2319 1300 2410 1353; x_wconf 83' lang='grc' dir='ltr'>τὸν</span> <span class='ocrx_word' id='word_1_226' title='bbox 2437 1300 2650 1372; x_wconf 73' lang='grc' dir='ltr'>ψαλμὸν</span> <span class='ocrx_word' id='word_1_227' title='bbox 2693 1315 2827 1373; x_wconf 77' lang='grc' dir='ltr'>ρμα¹</span> <span class='ocrx_word' id='word_1_228' title='bbox 2849 1303 2945 1356; x_wconf 78' lang='grc' dir='ltr'><strong>ἐὰν</strong></span> <span class='ocrx_word' id='word_1_229' title='bbox 2991 1305 3351 1378; x_wconf 74' lang='grc' dir='ltr'>ἀναλάϐωμεν</span> <span class='ocrx_word' id='word_1_230' title='bbox 3371 1350 3387 1375; x_wconf 89' lang='grc'><strong>,</strong></span> <span class='ocrx_word' id='word_1_231' title='bbox 3425 1312 3690 1383; x_wconf 82' lang='grc' dir='ltr'>νοήσομεν</span> <span class='ocrx_word' id='word_1_232' title='bbox 3735 1315 3790 1367; x_wconf 88' lang='grc' dir='ltr'><strong>τί</strong></span> 
     </span>
    </p>
   </div>
   <div class='ocr_carea' id='block_1_29' title="bbox 2210 1389 3788 1474">
    <p class='ocr_par' dir='ltr' id='par_1_29' title="bbox 2210 1389 3788 1474">
     <span class='ocr_line' id='line_1_29' title="bbox 2210 1389 3788 1474; baseline 0.01 -34"><span class='ocrx_word' id='word_1_233' title='bbox 2210 1389 2327 1442; x_wconf 71' lang='grc' dir='ltr'>ἐστι</span> <span class='ocrx_word' id='word_1_234' title='bbox 2364 1390 2426 1442; x_wconf 85' lang='grc' dir='ltr'><strong>τό</strong></span> <span class='ocrx_word' id='word_1_235' title='bbox 2442 1408 2456 1421; x_wconf 87' lang='grc'><strong>·</strong></span> <span class='ocrx_word' id='word_1_236' title='bbox 2482 1394 2586 1457; x_wconf 68' lang='lat' dir='ltr'><strong>Eii;</strong></span> <span class='ocrx_word' id='word_1_237' title='bbox 2615 1391 2797 1445; x_wconf 72' lang='grc' dir='ltr'>κενὸν</span> <span class='ocrx_word' id='word_1_238' title='bbox 2815 1392 3171 1462; x_wconf 74' lang='grc' dir='ltr'><strong>ἐθυμίασαν.</strong></span> <span class='ocrx_word' id='word_1_239' title='bbox 3196 1392 3304 1449; x_wconf 84' lang='grc' dir='ltr'>Ἦν</span> <span class='ocrx_word' id='word_1_240' title='bbox 3334 1397 3391 1451; x_wconf 88' lang='grc' dir='ltr'>δὲ</span> <span class='ocrx_word' id='word_1_241' title='bbox 3408 1400 3466 1451; x_wconf 70' lang='grc' dir='ltr'>ἐν</span> <span class='ocrx_word' id='word_1_242' title='bbox 3494 1399 3570 1470; x_wconf 83' lang='grc' dir='ltr'><strong>τῷ</strong></span> <span class='ocrx_word' id='word_1_243' title='bbox 3589 1401 3788 1474; x_wconf 84' lang='grc' dir='ltr'>ψαλμῷ</span> 
     </span>
    </p>
   </div>
   <div class='ocr_carea' id='block_1_30' title="bbox 2209 1480 3788 1562">
    <p class='ocr_par' dir='ltr' id='par_1_30' title="bbox 2209 1480 3788 1562">
     <span class='ocr_line' id='line_1_30' title="bbox 2209 1480 3788 1562; baseline 0.011 -30"><span class='ocrx_word' id='word_1_244' title='bbox 2209 1480 2449 1533; x_wconf 81' lang='grc' dir='ltr'>τοιοῦτόν</span> <span class='ocrx_word' id='word_1_245' title='bbox 2477 1498 2529 1534; x_wconf 89' lang='grc' dir='ltr'><strong>τι</strong></span> <span class='ocrx_word' id='word_1_246' title='bbox 2563 1482 2877 1553; x_wconf 75' lang='grc' dir='ltr'><strong>εἰρημένον·</strong></span> <span class='ocrx_word' id='word_1_247' title='bbox 2921 1484 3243 1554; x_wconf 75' lang='grc' dir='ltr'><strong>Γενηθήτω</strong></span> <span class='ocrx_word' id='word_1_248' title='bbox 3266 1489 3303 1556; x_wconf 80' lang='grc' dir='ltr'><strong><em>ἠ</em></strong></span> <span class='ocrx_word' id='word_1_249' title='bbox 3335 1492 3646 1561; x_wconf 60' lang='grc' dir='ltr'>προσευχὴ</span> <span class='ocrx_word' id='word_1_250' title='bbox 3669 1512 3788 1562; x_wconf 83' lang='grc' dir='ltr'><strong>μου</strong></span> 
     </span>
    </p>
   </div>
   <div class='ocr_carea' id='block_1_31' title="bbox 2212 1571 3785 1656">
    <p class='ocr_par' dir='ltr' id='par_1_31' title="bbox 2212 1571 3785 1656">
     <span class='ocr_line' id='line_1_31' title="bbox 2212 1571 3785 1656; baseline 0.01 -33"><span class='ocrx_word' id='word_1_251' title='bbox 2212 1571 2295 1637; x_wconf 85' lang='grc' dir='ltr'><strong>ὡς</strong></span> <span class='ocrx_word' id='word_1_252' title='bbox 2324 1573 2585 1641; x_wconf 83' lang='grc' dir='ltr'>θυμίαμα</span> <span class='ocrx_word' id='word_1_253' title='bbox 2610 1571 2869 1626; x_wconf 65' lang='grc' dir='ltr'>ἐνώπιόν·</span> <span class='ocrx_word' id='word_1_254' title='bbox 2898 1588 3015 1629; x_wconf 88' lang='grc' dir='ltr'><strong>σου</strong></span> <span class='ocrx_word' id='word_1_255' title='bbox 3035 1591 3050 1606; x_wconf 88' lang='grc'><strong>·</strong></span> <span class='ocrx_word' id='word_1_256' title='bbox 3090 1576 3285 1631; x_wconf 81' lang='grc' dir='ltr'>οὐκοῦν</span> <span class='ocrx_word' id='word_1_257' title='bbox 3322 1580 3397 1650; x_wconf 68' lang='lat'><strong>(2)</strong></span> <span class='ocrx_word' id='word_1_258' title='bbox 3442 1582 3476 1651; x_wconf 76' lang='grc' dir='ltr'><strong>ἡ</strong></span> <span class='ocrx_word' id='word_1_259' title='bbox 3518 1585 3785 1656; x_wconf 69' lang='grc' dir='ltr'>προσευχὴ</span> 
     </span>
    </p>
   </div>
   <div class='ocr_carea' id='block_1_32' title="bbox 2215 1661 3781 1745">
    <p class='ocr_par' dir='ltr' id='par_1_32' title="bbox 2215 1661 3781 1745">
     <span class='ocr_line' id='line_1_32' title="bbox 2215 1661 3781 1745; baseline 0.009 -32"><span class='ocrx_word' id='word_1_260' title='bbox 2215 1678 2317 1732; x_wconf 87' lang='grc' dir='ltr'><strong>μου</strong></span> <span class='ocrx_word' id='word_1_261' title='bbox 2345 1661 2596 1726; x_wconf 89' lang='grc' dir='ltr'>σύνθετος</span> <span class='ocrx_word' id='word_1_262' title='bbox 2633 1662 2837 1734; x_wconf 79' lang='grc' dir='ltr'>λεπτῆς</span> <span class='ocrx_word' id='word_1_263' title='bbox 2866 1665 3130 1735; x_wconf 80' lang='grc' dir='ltr'>καρδίας,</span> <span class='ocrx_word' id='word_1_264' title='bbox 3164 1667 3254 1720; x_wconf 79' lang='grc' dir='ltr'>ὅτε</span> <span class='ocrx_word' id='word_1_265' title='bbox 3305 1668 3381 1740; x_wconf 81' lang='grc' dir='ltr'>μὴ</span> <span class='ocrx_word' id='word_1_266' title='bbox 3424 1670 3722 1740; x_wconf 75' lang='grc' dir='ltr'>παχύνεται</span> <span class='ocrx_word' id='word_1_267' title='bbox 3750 1676 3781 1745; x_wconf 76' lang='grc' dir='ltr'>ἡ</span> 
     </span>
    </p>
   </div>
   <div class='ocr_carea' id='block_1_33' title="bbox 2212 1752 3786 1834">
    <p class='ocr_par' dir='ltr' id='par_1_33' title="bbox 2212 1752 3786 1834">
     <span class='ocr_line' id='line_1_33' title="bbox 2212 1752 3786 1834; baseline 0.008 -29"><span class='ocrx_word' id='word_1_268' title='bbox 2212 1752 2408 1823; x_wconf 84' lang='grc' dir='ltr'>καρδία</span> <span class='ocrx_word' id='word_1_269' title='bbox 2442 1752 2617 1824; x_wconf 76' lang='grc' dir='ltr'>ἡμῶν,</span> <span class='ocrx_word' id='word_1_270' title='bbox 2674 1754 3103 1827; x_wconf 70' lang='grc' dir='ltr'><strong>ἀναπεμπομένη</strong></span> <span class='ocrx_word' id='word_1_271' title='bbox 3155 1758 3362 1825; x_wconf 82' lang='grc' dir='ltr'>γίνεται</span> <span class='ocrx_word' id='word_1_272' title='bbox 3417 1761 3493 1823; x_wconf 85' lang='grc' dir='ltr'><strong>ὡς</strong></span> <span class='ocrx_word' id='word_1_273' title='bbox 3533 1762 3786 1834; x_wconf 87' lang='grc' dir='ltr'>θυμίαμα</span> 
     </span>
    </p>
   </div>
   <div class='ocr_carea' id='block_1_34' title="bbox 2212 1839 3784 1922">
    <p class='ocr_par' dir='ltr' id='par_1_34' title="bbox 2212 1839 3784 1922">
     <span class='ocr_line' id='line_1_34' title="bbox 2212 1839 3784 1922; baseline 0.008 -30"><span class='ocrx_word' id='word_1_274' title='bbox 2212 1839 2442 1893; x_wconf 69' lang='grc' dir='ltr'>ἐνώπιον</span> <span class='ocrx_word' id='word_1_275' title='bbox 2481 1840 2574 1893; x_wconf 83' lang='grc' dir='ltr'>τοῦ</span> <span class='ocrx_word' id='word_1_276' title='bbox 2617 1842 2772 1897; x_wconf 77' lang='grc' dir='ltr'>Θεοῦ.</span> <span class='ocrx_word' id='word_1_277' title='bbox 2830 1844 2893 1896; x_wconf 83' lang='lat' dir='ltr'><strong>El</strong></span> <span class='ocrx_word' id='word_1_278' title='bbox 2926 1840 3018 1898; x_wconf 79' lang='grc' dir='ltr'><strong>οὖν</strong></span> <span class='ocrx_word' id='word_1_279' title='bbox 3054 1846 3086 1915; x_wconf 81' lang='grc' dir='ltr'><strong>ἠ</strong></span> <span class='ocrx_word' id='word_1_280' title='bbox 3133 1845 3227 1899; x_wconf 83' lang='grc' dir='ltr'>τοῦ</span> <span class='ocrx_word' id='word_1_281' title='bbox 3258 1846 3465 1901; x_wconf 77' lang='grc' dir='ltr'>δικαίου</span> <span class='ocrx_word' id='word_1_282' title='bbox 3509 1853 3784 1922; x_wconf 76' lang='grc' dir='ltr'><strong>προσευχὴ</strong></span> 
     </span>
    </p>
   </div>
   <div class='ocr_carea' id='block_1_35' title="bbox 2212 1929 3784 2012">
    <p class='ocr_par' dir='ltr' id='par_1_35' title="bbox 2212 1929 3784 2012">
     <span class='ocr_line' id='line_1_35' title="bbox 2212 1929 3784 2012; baseline 0.008 -29"><span class='ocrx_word' id='word_1_283' title='bbox 2212 1929 2463 2002; x_wconf 86' lang='grc' dir='ltr'>θυμίαμά</span> <span class='ocrx_word' id='word_1_284' title='bbox 2484 1932 2631 1986; x_wconf 78' lang='grc' dir='ltr'>ἐστιν</span> <span class='ocrx_word' id='word_1_285' title='bbox 2660 1932 2888 1987; x_wconf 75' lang='grc' dir='ltr'>ἐνώπιον</span> <span class='ocrx_word' id='word_1_286' title='bbox 2917 1935 3011 1988; x_wconf 83' lang='grc' dir='ltr'><strong>τοῦ</strong></span> <span class='ocrx_word' id='word_1_287' title='bbox 3036 1934 3192 2012; x_wconf 68' lang='grc' dir='ltr'><strong>βεοῦ,</strong></span> <span class='ocrx_word' id='word_1_288' title='bbox 3228 1938 3261 2007; x_wconf 76' lang='grc' dir='ltr'>ἡ</span> <span class='ocrx_word' id='word_1_289' title='bbox 3292 1937 3384 1989; x_wconf 83' lang='grc' dir='ltr'><strong>τοῦ</strong></span> <span class='ocrx_word' id='word_1_290' title='bbox 3410 1937 3596 1993; x_wconf 77' lang='grc' dir='ltr'>ἀδίκου</span> <span class='ocrx_word' id='word_1_291' title='bbox 3615 1958 3784 2012; x_wconf 86' lang='grc' dir='ltr'>προσ·-</span> 
     </span>
    </p>
   </div>
   <div class='ocr_carea' id='block_1_36' title="bbox 531 2009 2197 2099">
    <p class='ocr_par' dir='ltr' id='par_1_36' title="bbox 531 2026 2177 2099">
     <span class='ocr_line' id='line_1_36' title="bbox 531 2026 2177 2099; baseline -0.004 -13"><span class='ocrx_word' id='word_1_292' title='bbox 531 2032 710 2086; x_wconf 87' lang='lat' dir='ltr'><strong>oratio</strong></span> <span class='ocrx_word' id='word_1_293' title='bbox 730 2031 1043 2099; x_wconf 85' lang='lat' dir='ltr'><strong>estquidem</strong></span> <span class='ocrx_word' id='word_1_294' title='bbox 1071 2031 1373 2092; x_wconf 90' lang='lat' dir='ltr'><strong>incensum,</strong></span> <span class='ocrx_word' id='word_1_295' title='bbox 1404 2027 1498 2080; x_wconf 90' lang='lat' dir='ltr'><strong>sed</strong></span> <span class='ocrx_word' id='word_1_296' title='bbox 1523 2026 1787 2096; x_wconf 88' lang='lat' dir='ltr'><strong>ejusmodi</strong></span> <span class='ocrx_word' id='word_1_297' title='bbox 1820 2026 2100 2080; x_wconf 81' lang='lat' dir='ltr'><strong>incensum</strong></span> <span class='ocrx_word' id='word_1_298' title='bbox 2137 2031 2177 2088; x_wconf 81' lang='grc' dir='ltr'><strong>Β</strong></span> 
     </span>
    </p>
   </div>
   <div class='ocr_carea' id='block_1_37' title="bbox 2115 2009 3781 2099">
    <p class='ocr_par' dir='ltr' id='par_1_37' title="bbox 2137 2009 3781 2099">
     <span class='ocr_line' id='line_1_37' title="bbox 2137 2009 3781 2099; baseline 0.007 -25"><span class='ocrx_word' id='word_1_299' title='bbox 2137 2031 2177 2088; x_wconf 77' lang='grc' dir='ltr'><strong>Β</strong></span> <span class='ocrx_word' id='word_1_300' title='bbox 2206 2023 2338 2094; x_wconf 79' lang='grc' dir='ltr'>ευχὴ</span> <span class='ocrx_word' id='word_1_301' title='bbox 2376 2022 2626 2094; x_wconf 84' lang='grc' dir='ltr'>θυμίαμα</span> <span class='ocrx_word' id='word_1_302' title='bbox 2669 2025 2802 2094; x_wconf 78' lang='grc' dir='ltr'>μὲν,</span> <span class='ocrx_word' id='word_1_303' title='bbox 2851 2009 3091 2079; x_wconf 76' lang='grc' dir='ltr'>τοιοῦτον</span> <span class='ocrx_word' id='word_1_304' title='bbox 3143 2026 3200 2079; x_wconf 73' lang='grc' dir='ltr'>δὲ</span> <span class='ocrx_word' id='word_1_305' title='bbox 3228 2026 3500 2099; x_wconf 80' lang='grc' dir='ltr'>θυμίαμα,</span> <span class='ocrx_word' id='word_1_306' title='bbox 3555 2009 3683 2084; x_wconf 79' lang='grc' dir='ltr'>ὥστ’</span> <span class='ocrx_word' id='word_1_307' title='bbox 3714 2032 3781 2085; x_wconf 83' lang='grc' dir='ltr'>ἂν</span> 
     </span>
    </p>
   </div>
   <div class='ocr_carea' id='block_1_38' title="bbox 535 2117 2100 2190">
    <p class='ocr_par' dir='ltr' id='par_1_38' title="bbox 535 2117 2100 2190">
     <span class='ocr_line' id='line_1_38' title="bbox 535 2117 2100 2190; baseline -0.004 -15"><span class='ocrx_word' id='word_1_308' title='bbox 535 2121 601 2175; x_wconf 90' lang='lat' dir='ltr'><strong>de</strong></span> <span class='ocrx_word' id='word_1_309' title='bbox 623 2137 732 2190; x_wconf 81' lang='lat' dir='ltr'><strong>quo</strong></span> <span class='ocrx_word' id='word_1_310' title='bbox 757 2121 832 2175; x_wconf 92' lang='lat' dir='ltr'><strong>uti</strong></span> <span class='ocrx_word' id='word_1_311' title='bbox 864 2129 918 2175; x_wconf 88' lang='lat' dir='ltr'><strong>et</strong></span> <span class='ocrx_word' id='word_1_312' title='bbox 949 2121 1014 2174; x_wconf 89' lang='lat' dir='ltr'><strong>de</strong></span> <span class='ocrx_word' id='word_1_313' title='bbox 1037 2122 1266 2190; x_wconf 88' lang='lat' dir='ltr'><strong>ipsomet</strong></span> <span class='ocrx_word' id='word_1_314' title='bbox 1296 2119 1500 2189; x_wconf 92' lang='lat' dir='ltr'><strong>injusto</strong></span> <span class='ocrx_word' id='word_1_315' title='bbox 1525 2125 1713 2171; x_wconf 90' lang='lat' dir='ltr'><strong>orante</strong></span> <span class='ocrx_word' id='word_1_316' title='bbox 1742 2117 1848 2171; x_wconf 90' lang='lat' dir='ltr'><strong>dici</strong></span> <span class='ocrx_word' id='word_1_317' title='bbox 1884 2117 2055 2187; x_wconf 83' lang='lat' dir='ltr'><strong>possit</strong></span> <span class='ocrx_word' id='word_1_318' title='bbox 2084 2131 2100 2169; x_wconf 91' lang='lat'><strong>:</strong></span> 
     </span>
    </p>
   </div>
   <div class='ocr_carea' id='block_1_39' title="bbox 535 2205 2102 2279">
    <p class='ocr_par' dir='ltr' id='par_1_39' title="bbox 535 2205 2102 2279">
     <span class='ocr_line' id='line_1_39' title="bbox 535 2205 2102 2279; baseline -0.003 -14"><span class='ocrx_word' id='word_1_319' title='bbox 535 2209 604 2266; x_wconf 82' lang='lat' dir='ltr'><strong>In</strong></span> <span class='ocrx_word' id='word_1_320' title='bbox 647 2227 867 2265; x_wconf 79' lang='lat' dir='ltr'><strong>uacuum</strong></span> <span class='ocrx_word' id='word_1_321' title='bbox 910 2211 1273 2272; x_wconf 83' lang='lat' dir='ltr'><strong>adoluernnt;</strong></span> <span class='ocrx_word' id='word_1_322' title='bbox 1333 2209 1790 2279; x_wconf 86' lang='lat' dir='ltr'><strong>quemadmodum</strong></span> <span class='ocrx_word' id='word_1_323' title='bbox 1846 2208 1913 2263; x_wconf 88' lang='lat' dir='ltr'><strong>de</strong></span> <span class='ocrx_word' id='word_1_324' title='bbox 1962 2205 2102 2262; x_wconf 79' lang='lat' dir='ltr'><strong>Jnda</strong></span> 
     </span>
    </p>
   </div>
   <div class='ocr_carea' id='block_1_40' title="bbox 532 2296 2104 2373">
    <p class='ocr_par' dir='ltr' id='par_1_40' title="bbox 532 2296 2104 2373">
     <span class='ocr_line' id='line_1_40' title="bbox 532 2296 2104 2373; baseline -0.004 -14"><span class='ocrx_word' id='word_1_325' title='bbox 532 2303 792 2373; x_wconf 89' lang='lat' dir='ltr'><strong>scriptum</strong></span> <span class='ocrx_word' id='word_1_326' title='bbox 820 2312 903 2357; x_wconf 87' lang='lat' dir='ltr'><strong>est</strong></span> <span class='ocrx_word' id='word_1_327' title='bbox 929 2302 971 2333; x_wconf 78' lang='lat'>“</span> <span class='ocrx_word' id='word_1_328' title='bbox 1003 2318 1017 2354; x_wconf 88' lang='lat'><strong>:</strong></span> <span class='ocrx_word' id='word_1_329' title='bbox 1054 2298 1175 2353; x_wconf 77' lang='lat' dir='ltr'><strong>Fiat</strong></span> <span class='ocrx_word' id='word_1_330' title='bbox 1213 2300 1385 2353; x_wconf 85' lang='lat' dir='ltr'><strong>oratio</strong></span> <span class='ocrx_word' id='word_1_331' title='bbox 1415 2300 1530 2370; x_wconf 85' lang='lat' dir='ltr'><strong>ejus</strong></span> <span class='ocrx_word' id='word_1_332' title='bbox 1559 2301 1614 2353; x_wconf 86' lang='lat' dir='ltr'><strong>in</strong></span> <span class='ocrx_word' id='word_1_333' title='bbox 1663 2307 1955 2369; x_wconf 76' lang='lat' dir='ltr'><strong>percolunt.</strong></span> <span class='ocrx_word' id='word_1_334' title='bbox 2012 2296 2104 2352; x_wconf 84' lang='lat' dir='ltr'><strong>ille</strong></span> 
     </span>
    </p>
   </div>
   <div class='ocr_carea' id='block_1_41' title="bbox 531 2387 2102 2460">
    <p class='ocr_par' dir='ltr' id='par_1_41' title="bbox 531 2387 2102 2460">
     <span class='ocr_line' id='line_1_41' title="bbox 531 2387 2102 2460; baseline -0.005 -12"><span class='ocrx_word' id='word_1_335' title='bbox 531 2392 741 2449; x_wconf 86' lang='lat' dir='ltr'><strong>orando</strong></span> <span class='ocrx_word' id='word_1_336' title='bbox 765 2392 818 2446; x_wconf 89' lang='lat' dir='ltr'><strong>in</strong></span> <span class='ocrx_word' id='word_1_337' title='bbox 846 2405 1076 2445; x_wconf 89' lang='lat' dir='ltr'><strong>vacuum</strong></span> <span class='ocrx_word' id='word_1_338' title='bbox 1102 2391 1353 2444; x_wconf 83' lang='lat' dir='ltr'><strong>adolevit.</strong></span> <span class='ocrx_word' id='word_1_339' title='bbox 1386 2388 1520 2456; x_wconf 84' lang='lat' dir='ltr'><strong>Quis</strong></span> <span class='ocrx_word' id='word_1_340' title='bbox 1545 2404 1708 2460; x_wconf 87' lang='lat' dir='ltr'><strong>porro</strong></span> <span class='ocrx_word' id='word_1_341' title='bbox 1738 2389 1810 2444; x_wconf 88' lang='lat' dir='ltr'><strong>sit</strong></span> <span class='ocrx_word' id='word_1_342' title='bbox 1844 2389 1890 2442; x_wconf 90' lang='lat' dir='ltr'><strong>is</strong></span> <span class='ocrx_word' id='word_1_343' title='bbox 1919 2387 2011 2458; x_wconf 90' lang='lat' dir='ltr'><strong>qui</strong></span> <span class='ocrx_word' id='word_1_344' title='bbox 2048 2390 2102 2440; x_wconf 91' lang='lat' dir='ltr'><strong>in</strong></span> 
     </span>
    </p>
   </div>
   <div class='ocr_carea' id='block_1_42' title="bbox 529 2477 2107 2551">
    <p class='ocr_par' dir='ltr' id='par_1_42' title="bbox 529 2477 2107 2551">
     <span class='ocr_line' id='line_1_42' title="bbox 529 2477 2107 2551; baseline -0.004 -13"><span class='ocrx_word' id='word_1_345' title='bbox 529 2499 761 2539; x_wconf 83' lang='lat' dir='ltr'><strong>vacuum</strong></span> <span class='ocrx_word' id='word_1_346' title='bbox 786 2481 983 2547; x_wconf 85' lang='lat' dir='ltr'><strong>adolet,</strong></span> <span class='ocrx_word' id='word_1_347' title='bbox 1017 2482 1194 2535; x_wconf 88' lang='lat' dir='ltr'><strong>adhuc</strong></span> <span class='ocrx_word' id='word_1_348' title='bbox 1224 2482 1302 2536; x_wconf 93' lang='lat' dir='ltr'><strong>sic</strong></span> <span class='ocrx_word' id='word_1_349' title='bbox 1334 2481 1509 2551; x_wconf 79' lang='lat' dir='ltr'><strong>magis</strong></span> <span class='ocrx_word' id='word_1_350' title='bbox 1535 2480 1903 2549; x_wconf 73' lang='lat' dir='ltr'><strong>intelligamus</strong></span> <span class='ocrx_word' id='word_1_351' title='bbox 1936 2495 1948 2531; x_wconf 93' lang='lat'>:</span> <span class='ocrx_word' id='word_1_352' title='bbox 2005 2477 2107 2532; x_wconf 84' lang='lat' dir='ltr'><strong>Ter</strong></span> 
     </span>
    </p>
   </div>
   <div class='ocr_carea' id='block_1_43' title="bbox 528 2572 2102 2641">
    <p class='ocr_par' dir='ltr' id='par_1_43' title="bbox 528 2572 2102 2641">
     <span class='ocr_line' id='line_1_43' title="bbox 528 2572 2102 2641; baseline -0.004 -12"><span class='ocrx_word' id='word_1_353' title='bbox 528 2578 585 2631; x_wconf 88' lang='lat' dir='ltr'><strong>iu</strong></span> <span class='ocrx_word' id='word_1_354' title='bbox 608 2586 768 2639; x_wconf 83' lang='lat' dir='ltr'><strong>anno,</strong></span> <span class='ocrx_word' id='word_1_355' title='bbox 803 2573 978 2641; x_wconf 83' lang='lat' dir='ltr'><strong>inquit</strong></span> <span class='ocrx_word' id='word_1_356' title='bbox 1000 2575 1066 2638; x_wconf 80' lang='lat'><strong>&quot;,</strong></span> <span class='ocrx_word' id='word_1_357' title='bbox 1089 2572 1357 2641; x_wconf 85' lang='lat' dir='ltr'><strong>apparebit</strong></span> <span class='ocrx_word' id='word_1_358' title='bbox 1386 2588 1538 2625; x_wconf 78' lang='lat' dir='ltr'><strong>omne</strong></span> <span class='ocrx_word' id='word_1_359' title='bbox 1565 2572 1919 2624; x_wconf 76' lang='lat' dir='ltr'><strong>masculinum</strong></span> <span class='ocrx_word' id='word_1_360' title='bbox 1955 2578 2102 2623; x_wconf 85' lang='lat' dir='ltr'><strong>tuum</strong></span> 
     </span>
    </p>
   </div>
   <div class='ocr_carea' id='block_1_44' title="bbox 530 2659 2101 2732">
    <p class='ocr_par' dir='ltr' id='par_1_44' title="bbox 530 2659 2101 2732">
     <span class='ocr_line' id='line_1_44' title="bbox 530 2659 2101 2732; baseline -0.004 -14"><span class='ocrx_word' id='word_1_361' title='bbox 530 2679 706 2719; x_wconf 84' lang='lat' dir='ltr'><strong>coram</strong></span> <span class='ocrx_word' id='word_1_362' title='bbox 720 2663 945 2716; x_wconf 87' lang='lat' dir='ltr'><strong>Domino</strong></span> <span class='ocrx_word' id='word_1_363' title='bbox 968 2662 1071 2715; x_wconf 86' lang='lat' dir='ltr'><strong>Deo</strong></span> <span class='ocrx_word' id='word_1_364' title='bbox 1090 2670 1200 2726; x_wconf 86' lang='lat' dir='ltr'><strong>tuo,</strong></span> <span class='ocrx_word' id='word_1_365' title='bbox 1223 2662 1423 2732; x_wconf 89' lang='lat' dir='ltr'><strong>quibus</strong></span> <span class='ocrx_word' id='word_1_366' title='bbox 1450 2662 1633 2717; x_wconf 87' lang='lat' dir='ltr'><strong>statim</strong></span> <span class='ocrx_word' id='word_1_367' title='bbox 1657 2659 2101 2730; x_wconf 75' lang='lat' dir='ltr'><strong>subjungitur”:</strong></span> 
     </span>
    </p>
   </div>
   <div class='ocr_carea' id='block_1_45' title="bbox 531 2746 2106 2825">
    <p class='ocr_par' dir='ltr' id='par_1_45' title="bbox 531 2746 2106 2825">
     <span class='ocr_line' id='line_1_45' title="bbox 531 2746 2106 2825; baseline -0.003 -14"><span class='ocrx_word' id='word_1_368' title='bbox 531 2755 656 2812; x_wconf 86' lang='lat' dir='ltr'><strong>Non</strong></span> <span class='ocrx_word' id='word_1_369' title='bbox 696 2754 968 2825; x_wconf 83' lang='lat' dir='ltr'><strong>apparebis</strong></span> <span class='ocrx_word' id='word_1_370' title='bbox 992 2755 1045 2806; x_wconf 85' lang='lat' dir='ltr'><strong>in</strong></span> <span class='ocrx_word' id='word_1_371' title='bbox 1078 2762 1358 2822; x_wconf 79' lang='lat' dir='ltr'><strong>conspectu</strong></span> <span class='ocrx_word' id='word_1_372' title='bbox 1375 2752 1488 2807; x_wconf 76' lang='lat' dir='ltr'><strong>med</strong></span> <span class='ocrx_word' id='word_1_373' title='bbox 1506 2746 1727 2806; x_wconf 68' lang='lat' dir='ltr'><strong>&#39;vacuus.</strong></span> <span class='ocrx_word' id='word_1_374' title='bbox 1752 2749 1909 2806; x_wconf 85' lang='lat' dir='ltr'><strong>Unde</strong></span> <span class='ocrx_word' id='word_1_375' title='bbox 1938 2752 2106 2821; x_wconf 85' lang='lat' dir='ltr'><strong>liquet</strong></span> 
     </span>
    </p>
   </div>
   <div class='ocr_carea' id='block_1_46' title="bbox 531 2843 2102 2917">
    <p class='ocr_par' dir='ltr' id='par_1_46' title="bbox 531 2843 2102 2917">
     <span class='ocr_line' id='line_1_46' title="bbox 531 2843 2102 2917; baseline -0.002 -17"><span class='ocrx_word' id='word_1_376' title='bbox 531 2848 825 2917; x_wconf 71' lang='lat' dir='ltr'><strong>Scriptum</strong></span> <span class='ocrx_word' id='word_1_377' title='bbox 850 2859 1047 2901; x_wconf 89' lang='lat' dir='ltr'><strong>sensus</strong></span> <span class='ocrx_word' id='word_1_378' title='bbox 1076 2843 1235 2899; x_wconf 91' lang='lat' dir='ltr'><strong>oculo</strong></span> <span class='ocrx_word' id='word_1_379' title='bbox 1279 2859 1559 2899; x_wconf 88' lang='lat' dir='ltr'><strong>sacrarum</strong></span> <span class='ocrx_word' id='word_1_380' title='bbox 1591 2844 1896 2898; x_wconf 89' lang='lat' dir='ltr'><strong>litterarum</strong></span> <span class='ocrx_word' id='word_1_381' title='bbox 1931 2858 2102 2913; x_wconf 80' lang='lat' dir='ltr'><strong>expo-</strong></span> 
     </span>
    </p>
   </div>
   <div class='ocr_carea' id='block_1_47' title="bbox 532 2933 2106 3007">
    <p class='ocr_par' dir='ltr' id='par_1_47' title="bbox 532 2933 2106 3007">
     <span class='ocr_line' id='line_1_47' title="bbox 532 2933 2106 3007; baseline -0.005 -11"><span class='ocrx_word' id='word_1_382' title='bbox 532 2941 786 2996; x_wconf 83' lang='lat' dir='ltr'><strong>snionem</strong></span> <span class='ocrx_word' id='word_1_383' title='bbox 837 2936 1175 3007; x_wconf 88' lang='lat' dir='ltr'><strong>percipienti.</strong></span> <span class='ocrx_word' id='word_1_384' title='bbox 1222 2933 1348 2991; x_wconf 68' lang='grc' dir='ltr'>Ιίωο</span> <span class='ocrx_word' id='word_1_385' title='bbox 1399 2937 1451 2989; x_wconf 90' lang='lat' dir='ltr'><strong>in</strong></span> <span class='ocrx_word' id='word_1_386' title='bbox 1487 2936 1752 3005; x_wconf 76' lang='lat' dir='ltr'><strong>prommio</strong></span> <span class='ocrx_word' id='word_1_387' title='bbox 1801 2934 1944 2988; x_wconf 88' lang='lat' dir='ltr'><strong>dicta</strong></span> <span class='ocrx_word' id='word_1_388' title='bbox 1978 2940 2106 2989; x_wconf 90' lang='lat' dir='ltr'><strong>sunt</strong></span> 
     </span>
    </p>
   </div>
   <div class='ocr_carea' id='block_1_48' title="bbox 531 3025 2100 3097">
    <p class='ocr_par' dir='ltr' id='par_1_48' title="bbox 531 3025 2100 3097">
     <span class='ocr_line' id='line_1_48' title="bbox 531 3025 2100 3097; baseline -0.003 -14"><span class='ocrx_word' id='word_1_389' title='bbox 531 3029 688 3090; x_wconf 85' lang='lat' dir='ltr'><strong>mihi,</strong></span> <span class='ocrx_word' id='word_1_390' title='bbox 723 3028 1102 3096; x_wconf 85' lang='lat' dir='ltr'><strong>memetipsnm</strong></span> <span class='ocrx_word' id='word_1_391' title='bbox 1144 3025 1401 3080; x_wconf 73' lang='lat' dir='ltr'><strong>excitanti</strong></span> <span class='ocrx_word' id='word_1_392' title='bbox 1434 3035 1489 3080; x_wconf 88' lang='lat' dir='ltr'><strong>et</strong></span> <span class='ocrx_word' id='word_1_393' title='bbox 1534 3025 1695 3097; x_wconf 77' lang='lat'><strong>253</strong></span> <span class='ocrx_word' id='word_1_394' title='bbox 1737 3025 2012 3080; x_wconf 85' lang='lat' dir='ltr'><strong>auditores</strong></span> <span class='ocrx_word' id='word_1_395' title='bbox 2046 3035 2100 3079; x_wconf 91' lang='lat' dir='ltr'><strong>ut</strong></span> 
     </span>
    </p>
   </div>
   <div class='ocr_carea' id='block_1_49' title="bbox 532 3116 2102 3188">
    <p class='ocr_par' dir='ltr' id='par_1_49' title="bbox 532 3116 2102 3188">
     <span class='ocr_line' id='line_1_49' title="bbox 532 3116 2102 3188; baseline -0.003 -14"><span class='ocrx_word' id='word_1_396' title='bbox 532 3120 817 3174; x_wconf 86' lang='lat' dir='ltr'><strong>lectionem</strong></span> <span class='ocrx_word' id='word_1_397' title='bbox 853 3119 1195 3174; x_wconf 87' lang='lat' dir='ltr'><strong>attendamus</strong></span> <span class='ocrx_word' id='word_1_398' title='bbox 1219 3138 1233 3186; x_wconf 83' lang='lat'>;</span> <span class='ocrx_word' id='word_1_399' title='bbox 1263 3116 1521 3173; x_wconf 78' lang='lat' dir='ltr'><strong>utJesum</strong></span> <span class='ocrx_word' id='word_1_400' title='bbox 1542 3119 1800 3172; x_wconf 82' lang='lat' dir='ltr'><strong>advenire</strong></span> <span class='ocrx_word' id='word_1_401' title='bbox 1827 3131 2102 3188; x_wconf 79' lang='lat' dir='ltr'><strong>rogemus,</strong></span> 
     </span>
    </p>
   </div>
   <div class='ocr_carea' id='block_1_50' title="bbox 532 3209 2106 3283">
    <p class='ocr_par' dir='ltr' id='par_1_50' title="bbox 532 3209 2106 3283">
     <span class='ocr_line' id='line_1_50' title="bbox 532 3209 2106 3283; baseline -0.003 -15"><span class='ocrx_word' id='word_1_402' title='bbox 532 3222 595 3269; x_wconf 82' lang='lat' dir='ltr'><strong>ut</strong></span> <span class='ocrx_word' id='word_1_403' title='bbox 622 3221 879 3283; x_wconf 83' lang='lat' dir='ltr'><strong>appareat</strong></span> <span class='ocrx_word' id='word_1_404' title='bbox 908 3211 1087 3276; x_wconf 89' lang='lat' dir='ltr'><strong>nobis,</strong></span> <span class='ocrx_word' id='word_1_405' title='bbox 1119 3217 1173 3264; x_wconf 88' lang='lat' dir='ltr'><strong>et</strong></span> <span class='ocrx_word' id='word_1_406' title='bbox 1199 3226 1323 3280; x_wconf 81' lang='lat' dir='ltr'><strong>qua:</strong></span> <span class='ocrx_word' id='word_1_407' title='bbox 1366 3210 1454 3265; x_wconf 85' lang='lat' dir='ltr'><strong>hic</strong></span> <span class='ocrx_word' id='word_1_408' title='bbox 1491 3209 1693 3280; x_wconf 88' lang='lat' dir='ltr'><strong>scripta</strong></span> <span class='ocrx_word' id='word_1_409' title='bbox 1744 3219 1893 3275; x_wconf 89' lang='lat' dir='ltr'><strong>sunt,</strong></span> <span class='ocrx_word' id='word_1_410' title='bbox 1944 3209 2106 3263; x_wconf 78' lang='lat' dir='ltr'><strong>modo</strong></span> 
     </span>
    </p>
   </div>
   <div class='ocr_carea' id='block_1_51' title="bbox 532 3305 874 3360">
    <p class='ocr_par' dir='ltr' id='par_1_51' title="bbox 532 3305 874 3360">
     <span class='ocr_line' id='line_1_51' title="bbox 532 3305 874 3360; baseline -0.006 -2"><span class='ocrx_word' id='word_1_411' title='bbox 532 3319 635 3360; x_wconf 85' lang='lat' dir='ltr'><strong>nos</strong></span> <span class='ocrx_word' id='word_1_412' title='bbox 664 3305 874 3357; x_wconf 86' lang='lat' dir='ltr'><strong>doceat.</strong></span> 
     </span>
    </p>
   </div>
   <div class='ocr_carea' id='block_1_52' title="bbox 606 3477 2102 3552">
    <p class='ocr_par' dir='ltr' id='par_1_52' title="bbox 606 3477 2102 3552">
     <span class='ocr_line' id='line_1_52' title="bbox 606 3477 2102 3552; baseline -0.004 -15"><span class='ocrx_word' id='word_1_413' title='bbox 606 3483 691 3537; x_wconf 79' lang='grc' dir='ltr'>Η.</span> <span class='ocrx_word' id='word_1_414' title='bbox 748 3481 1096 3552; x_wconf 77' lang='lat' dir='ltr'><strong>Proplietavit</strong></span> <span class='ocrx_word' id='word_1_415' title='bbox 1144 3480 1448 3547; x_wconf 81' lang='lat' dir='ltr'><strong>Jeremias,</strong></span> <span class='ocrx_word' id='word_1_416' title='bbox 1501 3488 1551 3535; x_wconf 84' lang='lat' dir='ltr'><strong>et</strong></span> <span class='ocrx_word' id='word_1_417' title='bbox 1611 3480 1815 3535; x_wconf 82' lang='lat' dir='ltr'><strong>audivit</strong></span> <span class='ocrx_word' id='word_1_418' title='bbox 1868 3477 2102 3533; x_wconf 72' lang='lat' dir='ltr'><strong>Paschor</strong></span> 
     </span>
    </p>
   </div>
   <div class='ocr_carea' id='block_1_53' title="bbox 537 3567 2102 3642">
    <p class='ocr_par' dir='ltr' id='par_1_53' title="bbox 537 3567 2102 3642">
     <span class='ocr_line' id='line_1_53' title="bbox 537 3567 2102 3642; baseline -0.006 -11"><span class='ocrx_word' id='word_1_419' title='bbox 537 3576 677 3631; x_wconf 71' lang='lat' dir='ltr'><strong>ﬁlius</strong></span> <span class='ocrx_word' id='word_1_420' title='bbox 713 3574 944 3637; x_wconf 81' lang='lat' dir='ltr'><strong>Emmcr,</strong></span> <span class='ocrx_word' id='word_1_421' title='bbox 966 3575 1233 3639; x_wconf 79' lang='lat' dir='ltr'><strong>sacerdos,</strong></span> <span class='ocrx_word' id='word_1_422' title='bbox 1273 3575 1426 3629; x_wconf 74' lang='lat' dir='ltr'><strong>verba</strong></span> <span class='ocrx_word' id='word_1_423' title='bbox 1458 3572 1741 3642; x_wconf 68' lang='lat' dir='ltr'><strong>prop/retire</strong></span> <span class='ocrx_word' id='word_1_424' title='bbox 1774 3569 1839 3623; x_wconf 74' lang='grc'><strong>³⁵.</strong></span> <span class='ocrx_word' id='word_1_425' title='bbox 1874 3567 2102 3623; x_wconf 76' lang='lat' dir='ltr'><strong>Etiamsi</strong></span> 
     </span>
    </p>
   </div>
   <div class='ocr_carea' id='block_1_54' title="bbox 530 3659 2097 3734">
    <p class='ocr_par' dir='ltr' id='par_1_54' title="bbox 530 3659 2097 3734">
     <span class='ocr_line' id='line_1_54' title="bbox 530 3659 2097 3734; baseline -0.006 -13"><span class='ocrx_word' id='word_1_426' title='bbox 530 3675 612 3721; x_wconf 89' lang='lat' dir='ltr'><strong>tot</strong></span> <span class='ocrx_word' id='word_1_427' title='bbox 639 3666 761 3733; x_wconf 81' lang='lat' dir='ltr'><strong>viri,</strong></span> <span class='ocrx_word' id='word_1_428' title='bbox 808 3674 869 3719; x_wconf 92' lang='lat' dir='ltr'><strong>ut</strong></span> <span class='ocrx_word' id='word_1_429' title='bbox 910 3681 975 3720; x_wconf 80' lang='lat' dir='ltr'><strong>ex</strong></span> <span class='ocrx_word' id='word_1_430' title='bbox 1020 3665 1164 3718; x_wconf 88' lang='lat' dir='ltr'><strong>nuda</strong></span> <span class='ocrx_word' id='word_1_431' title='bbox 1197 3665 1489 3734; x_wconf 76' lang='lat' dir='ltr'><strong>prophetia:</strong></span> <span class='ocrx_word' id='word_1_432' title='bbox 1515 3665 1656 3718; x_wconf 89' lang='lat' dir='ltr'><strong>serie</strong></span> <span class='ocrx_word' id='word_1_433' title='bbox 1685 3660 1978 3716; x_wconf 63' lang='lat' dir='ltr'><strong>verisimile</strong></span> <span class='ocrx_word' id='word_1_434' title='bbox 2004 3659 2097 3724; x_wconf 86' lang='lat' dir='ltr'><strong>sit,</strong></span> 
     </span>
    </p>
   </div>
   <div class='ocr_carea' id='block_1_55' title="bbox 529 3749 2098 3819">
    <p class='ocr_par' dir='ltr' id='par_1_55' title="bbox 529 3749 2098 3819">
     <span class='ocr_line' id='line_1_55' title="bbox 529 3749 2098 3819; baseline -0.005 -8"><span class='ocrx_word' id='word_1_435' title='bbox 529 3755 818 3812; x_wconf 82' lang='lat' dir='ltr'><strong>Jeremiam</strong></span> <span class='ocrx_word' id='word_1_436' title='bbox 872 3756 1166 3819; x_wconf 80' lang='lat' dir='ltr'><strong>audierint,</strong></span> <span class='ocrx_word' id='word_1_437' title='bbox 1214 3755 1395 3809; x_wconf 80' lang='lat' dir='ltr'><strong>intllns</strong></span> <span class='ocrx_word' id='word_1_438' title='bbox 1446 3763 1624 3808; x_wconf 88' lang='lat' dir='ltr'><strong>tamen</strong></span> <span class='ocrx_word' id='word_1_439' title='bbox 1674 3751 1814 3806; x_wconf 86' lang='lat' dir='ltr'><strong>alius</strong></span> <span class='ocrx_word' id='word_1_440' title='bbox 1849 3758 1957 3804; x_wconf 88' lang='lat' dir='ltr'><strong>tam</strong></span> <span class='ocrx_word' id='word_1_441' title='bbox 1988 3749 2098 3804; x_wconf 84' lang='lat' dir='ltr'><strong>cito</strong></span> 
     </span>
    </p>
   </div>
   <div class='ocr_carea' id='block_1_56' title="bbox 530 3839 2099 3915">
    <p class='ocr_par' dir='ltr' id='par_1_56' title="bbox 530 3839 2099 3915">
     <span class='ocr_line' id='line_1_56' title="bbox 530 3839 2099 3915; baseline -0.004 -15"><span class='ocrx_word' id='word_1_442' title='bbox 530 3855 866 3901; x_wconf 83' lang='lat' dir='ltr'><strong>memoratur</strong></span> <span class='ocrx_word' id='word_1_443' title='bbox 894 3846 1137 3901; x_wconf 80' lang='lat' dir='ltr'><strong>audiisse</strong></span> <span class='ocrx_word' id='word_1_444' title='bbox 1178 3854 1372 3915; x_wconf 65' lang='lat' dir='ltr'><strong>praeter</strong></span> <span class='ocrx_word' id='word_1_445' title='bbox 1420 3843 1680 3898; x_wconf 86' lang='lat' dir='ltr'><strong>Paschor.</strong></span> <span class='ocrx_word' id='word_1_446' title='bbox 1727 3839 1883 3896; x_wconf 68' lang='lat' dir='ltr'><strong>Curae</strong></span> <span class='ocrx_word' id='word_1_447' title='bbox 1919 3850 2099 3895; x_wconf 89' lang='lat' dir='ltr'><strong>autem</strong></span> 
     </span>
    </p>
   </div>
   <div class='ocr_carea' id='block_1_57' title="bbox 530 3927 2106 4006">
    <p class='ocr_par' dir='ltr' id='par_1_57' title="bbox 530 3927 2106 4006">
     <span class='ocr_line' id='line_1_57' title="bbox 530 3927 2106 4006; baseline -0.004 -17"><span class='ocrx_word' id='word_1_448' title='bbox 530 3935 634 3990; x_wconf 77' lang='lat' dir='ltr'><strong>fuit</strong></span> <span class='ocrx_word' id='word_1_449' title='bbox 656 3933 950 4006; x_wconf 69' lang='lat' dir='ltr'><strong>Scriptura:</strong></span> <span class='ocrx_word' id='word_1_450' title='bbox 970 3936 1169 4000; x_wconf 82' lang='lat' dir='ltr'><strong>dicere,</strong></span> <span class='ocrx_word' id='word_1_451' title='bbox 1206 3935 1365 4005; x_wconf 78' lang='lat' dir='ltr'><strong>cujus</strong></span> <span class='ocrx_word' id='word_1_452' title='bbox 1396 3933 1545 3989; x_wconf 72' lang='lat' dir='ltr'><strong>ﬁlius</strong></span> <span class='ocrx_word' id='word_1_453' title='bbox 1566 3942 1737 3995; x_wconf 74' lang='lat' dir='ltr'><strong>esset,</strong></span> <span class='ocrx_word' id='word_1_454' title='bbox 1759 3946 1953 4000; x_wconf 80' lang='lat' dir='ltr'><strong>nempe</strong></span> <span class='ocrx_word' id='word_1_455' title='bbox 1976 3927 2106 3984; x_wconf 77' lang='lat' dir='ltr'><strong>Ent-</strong></span> 
     </span>
    </p>
   </div>
   <div class='ocr_carea' id='block_1_58' title="bbox 532 4023 2099 4093">
    <p class='ocr_par' dir='ltr' id='par_1_58' title="bbox 532 4023 2099 4093">
     <span class='ocr_line' id='line_1_58' title="bbox 532 4023 2099 4093; baseline -0.004 -12"><span class='ocrx_word' id='word_1_456' title='bbox 532 4043 687 4093; x_wconf 83' lang='lat' dir='ltr'><strong>mer;</strong></span> <span class='ocrx_word' id='word_1_457' title='bbox 714 4027 881 4081; x_wconf 75' lang='lat' dir='ltr'><strong>fuisse</strong></span> <span class='ocrx_word' id='word_1_458' title='bbox 901 4027 1064 4081; x_wconf 82' lang='lat' dir='ltr'><strong>etiam</strong></span> <span class='ocrx_word' id='word_1_459' title='bbox 1097 4027 1468 4093; x_wconf 81' lang='lat' dir='ltr'><strong>sacerdotem;</strong></span> <span class='ocrx_word' id='word_1_460' title='bbox 1511 4024 1637 4079; x_wconf 89' lang='lat' dir='ltr'><strong>item</strong></span> <span class='ocrx_word' id='word_1_461' title='bbox 1669 4038 1829 4093; x_wconf 85' lang='lat' dir='ltr'><strong>quem</strong></span> <span class='ocrx_word' id='word_1_462' title='bbox 1853 4023 2099 4076; x_wconf 81' lang='lat' dir='ltr'><strong>ordinem</strong></span> 
     </span>
    </p>
   </div>
   <div class='ocr_carea' id='block_1_59' title="bbox 531 4112 2101 4188">
    <p class='ocr_par' dir='ltr' id='par_1_59' title="bbox 531 4112 2101 4188">
     <span class='ocr_line' id='line_1_59' title="bbox 531 4112 2101 4188; baseline -0.005 -14"><span class='ocrx_word' id='word_1_463' title='bbox 531 4119 801 4174; x_wconf 83' lang='lat' dir='ltr'><strong>obtineret</strong></span> <span class='ocrx_word' id='word_1_464' title='bbox 827 4119 880 4172; x_wconf 91' lang='lat' dir='ltr'><strong>in</strong></span> <span class='ocrx_word' id='word_1_465' title='bbox 908 4120 1123 4188; x_wconf 84' lang='lat' dir='ltr'><strong>populo,</strong></span> <span class='ocrx_word' id='word_1_466' title='bbox 1164 4118 1331 4175; x_wconf 84' lang='lat' dir='ltr'><strong>fuisse</strong></span> <span class='ocrx_word' id='word_1_467' title='bbox 1358 4118 1616 4172; x_wconf 88' lang='lat' dir='ltr'><strong>nimirum</strong></span> <span class='ocrx_word' id='word_1_468' title='bbox 1652 4114 1963 4186; x_wconf 69' lang='lat' dir='ltr'><strong>praefectura</strong></span> <span class='ocrx_word' id='word_1_469' title='bbox 1999 4112 2101 4167; x_wconf 82' lang='lat' dir='ltr'><strong>do-</strong></span> 
     </span>
    </p>
   </div>
   <div class='ocr_carea' id='block_1_60' title="bbox 532 4205 2105 4282">
    <p class='ocr_par' dir='ltr' id='par_1_60' title="bbox 532 4205 2105 4282">
     <span class='ocr_line' id='line_1_60' title="bbox 532 4205 2105 4282; baseline -0.004 -15"><span class='ocrx_word' id='word_1_470' title='bbox 532 4226 658 4267; x_wconf 86' lang='lat' dir='ltr'><strong>tnus</strong></span> <span class='ocrx_word' id='word_1_471' title='bbox 702 4209 939 4277; x_wconf 86' lang='lat' dir='ltr'><strong>Domini,</strong></span> <span class='ocrx_word' id='word_1_472' title='bbox 983 4227 1048 4265; x_wconf 90' lang='lat' dir='ltr'><strong>eo</strong></span> <span class='ocrx_word' id='word_1_473' title='bbox 1092 4223 1333 4280; x_wconf 88' lang='lat' dir='ltr'><strong>tempore</strong></span> <span class='ocrx_word' id='word_1_474' title='bbox 1380 4227 1490 4282; x_wconf 92' lang='lat' dir='ltr'><strong>quo</strong></span> <span class='ocrx_word' id='word_1_475' title='bbox 1541 4209 1885 4280; x_wconf 78' lang='lat' dir='ltr'><strong>propheticos</strong></span> <span class='ocrx_word' id='word_1_476' title='bbox 1943 4205 2105 4261; x_wconf 86' lang='lat' dir='ltr'><strong>hosce</strong></span> 
     </span>
    </p>
   </div>
   <div class='ocr_carea' id='block_1_61' title="bbox 531 4299 2106 4371">
    <p class='ocr_par' dir='ltr' id='par_1_61' title="bbox 531 4299 2106 4371">
     <span class='ocr_line' id='line_1_61' title="bbox 531 4299 2106 4371; baseline -0.003 -16"><span class='ocrx_word' id='word_1_477' title='bbox 531 4317 815 4356; x_wconf 85' lang='lat' dir='ltr'><strong>sermones</strong></span> <span class='ocrx_word' id='word_1_478' title='bbox 864 4302 1169 4371; x_wconf 74' lang='lat' dir='ltr'><strong>proferebat</strong></span> <span class='ocrx_word' id='word_1_479' title='bbox 1214 4301 1497 4357; x_wconf 81' lang='lat' dir='ltr'><strong>Jeremias.</strong></span> <span class='ocrx_word' id='word_1_480' title='bbox 1550 4299 1825 4370; x_wconf 85' lang='lat' dir='ltr'><strong>Scriptum</strong></span> <span class='ocrx_word' id='word_1_481' title='bbox 1864 4301 1988 4352; x_wconf 87' lang='lat' dir='ltr'><strong>item</strong></span> <span class='ocrx_word' id='word_1_482' title='bbox 2021 4305 2106 4351; x_wconf 86' lang='lat' dir='ltr'><strong>est</strong></span> 
     </span>
    </p>
   </div>
   <div class='ocr_carea' id='block_1_62' title="bbox 534 4389 2104 4459">
    <p class='ocr_par' dir='ltr' id='par_1_62' title="bbox 534 4389 2104 4459">
     <span class='ocr_line' id='line_1_62' title="bbox 534 4389 2104 4459; baseline -0.004 -12"><span class='ocrx_word' id='word_1_483' title='bbox 534 4390 782 4447; x_wconf 79' lang='lat' dir='ltr'><strong>Pascltor</strong></span> <span class='ocrx_word' id='word_1_484' title='bbox 829 4391 1031 4445; x_wconf 86' lang='lat' dir='ltr'><strong>auditis</strong></span> <span class='ocrx_word' id='word_1_485' title='bbox 1088 4392 1381 4459; x_wconf 73' lang='lat' dir='ltr'><strong>prophetia:</strong></span> <span class='ocrx_word' id='word_1_486' title='bbox 1430 4391 1595 4459; x_wconf 80' lang='lat' dir='ltr'><strong>hujus</strong></span> <span class='ocrx_word' id='word_1_487' title='bbox 1642 4389 1988 4445; x_wconf 79' lang='lat' dir='ltr'><strong>sermonibus</strong></span> <span class='ocrx_word' id='word_1_488' title='bbox 2038 4401 2104 4440; x_wconf 93' lang='lat' dir='ltr'><strong>eo</strong></span> 
     </span>
    </p>
   </div>
   <div class='ocr_carea' id='block_1_63' title="bbox 534 4477 2102 4556">
    <p class='ocr_par' dir='ltr' id='par_1_63' title="bbox 534 4477 2102 4556">
     <span class='ocr_line' id='line_1_63' title="bbox 534 4477 2102 4556; baseline -0.005 -18"><span class='ocrx_word' id='word_1_489' title='bbox 534 4482 873 4556; x_wconf 78' lang='lat' dir='ltr'><strong>processisse</strong></span> <span class='ocrx_word' id='word_1_490' title='bbox 920 4490 981 4536; x_wconf 89' lang='lat' dir='ltr'><strong>ut</strong></span> <span class='ocrx_word' id='word_1_491' title='bbox 1023 4490 1328 4549; x_wconf 86' lang='lat' dir='ltr'><strong>percuteret</strong></span> <span class='ocrx_word' id='word_1_492' title='bbox 1376 4479 1692 4545; x_wconf 78' lang='lat' dir='ltr'><strong>Jeremiam,</strong></span> <span class='ocrx_word' id='word_1_493' title='bbox 1738 4495 1839 4533; x_wconf 89' lang='lat' dir='ltr'><strong>nec</strong></span> <span class='ocrx_word' id='word_1_494' title='bbox 1883 4479 2016 4531; x_wconf 75' lang='lat' dir='ltr'><strong>satis</strong></span> <span class='ocrx_word' id='word_1_495' title='bbox 2052 4477 2102 4531; x_wconf 90' lang='lat' dir='ltr'><strong>ei</strong></span> 
     </span>
    </p>
   </div>
   <div class='ocr_carea' id='block_1_64' title="bbox 534 4570 2101 4645">
    <p class='ocr_par' dir='ltr' id='par_1_64' title="bbox 534 4570 2101 4645">
     <span class='ocr_line' id='line_1_64' title="bbox 534 4570 2101 4645; baseline -0.006 -16"><span class='ocrx_word' id='word_1_496' title='bbox 534 4574 700 4630; x_wconf 79' lang='lat' dir='ltr'><strong>fuerit</strong></span> <span class='ocrx_word' id='word_1_497' title='bbox 720 4574 898 4645; x_wconf 89' lang='lat' dir='ltr'><strong>ipsum</strong></span> <span class='ocrx_word' id='word_1_498' title='bbox 919 4580 1222 4643; x_wconf 87' lang='lat' dir='ltr'><strong>percutere,</strong></span> <span class='ocrx_word' id='word_1_499' title='bbox 1248 4570 1340 4625; x_wconf 89' lang='lat' dir='ltr'><strong>sed</strong></span> <span class='ocrx_word' id='word_1_500' title='bbox 1362 4585 1416 4625; x_wconf 91' lang='lat' dir='ltr'><strong>et</strong></span> <span class='ocrx_word' id='word_1_501' title='bbox 1441 4571 1649 4625; x_wconf 86' lang='lat' dir='ltr'><strong>miserit</strong></span> <span class='ocrx_word' id='word_1_502' title='bbox 1672 4572 1724 4623; x_wconf 90' lang='lat' dir='ltr'><strong>in</strong></span> <span class='ocrx_word' id='word_1_503' title='bbox 1743 4577 2101 4624; x_wconf 86' lang='lat' dir='ltr'><strong>cataractam.</strong></span> 
     </span>
    </p>
   </div>
   <div class='ocr_carea' id='block_1_65' title="bbox 2205 2114 3780 2188">
    <p class='ocr_par' dir='ltr' id='par_1_65' title="bbox 2205 2114 3780 2188">
     <span class='ocr_line' id='line_1_65' title="bbox 2205 2114 3780 2188; baseline 0.006 -22"><span class='ocrx_word' id='word_1_504' title='bbox 2205 2114 2460 2185; x_wconf 81' lang='grc' dir='ltr'>λεχθῆναι</span> <span class='ocrx_word' id='word_1_505' title='bbox 2488 2116 2615 2188; x_wconf 81' lang='grc' dir='ltr'>περὶ</span> <span class='ocrx_word' id='word_1_506' title='bbox 2646 2114 2811 2170; x_wconf 82' lang='grc' dir='ltr'>αὑτοῦ</span> <span class='ocrx_word' id='word_1_507' title='bbox 2842 2118 2935 2170; x_wconf 77' lang='grc' dir='ltr'>καὶ</span> <span class='ocrx_word' id='word_1_508' title='bbox 2957 2116 3047 2170; x_wconf 80' lang='grc' dir='ltr'>τοῦ</span> <span class='ocrx_word' id='word_1_509' title='bbox 3082 2118 3370 2188; x_wconf 77' lang='grc' dir='ltr'>εὐχομένου</span> <span class='ocrx_word' id='word_1_510' title='bbox 3410 2121 3621 2175; x_wconf 84' lang='grc' dir='ltr'>ἀδίκου·</span> <span class='ocrx_word' id='word_1_511' title='bbox 3678 2126 3780 2188; x_wconf 73' lang='grc' dir='ltr'><strong>Εἰς</strong></span> 
     </span>
    </p>
   </div>
   <div class='ocr_carea' id='block_1_66' title="bbox 2203 2200 3775 2285">
    <p class='ocr_par' dir='ltr' id='par_1_66' title="bbox 2203 2200 3775 2285">
     <span class='ocr_line' id='line_1_66' title="bbox 2203 2200 3775 2285; baseline 0.004 -26"><span class='ocrx_word' id='word_1_512' title='bbox 2203 2205 2386 2259; x_wconf 80' lang='grc' dir='ltr'>κενὸν</span> <span class='ocrx_word' id='word_1_513' title='bbox 2432 2205 2799 2276; x_wconf 77' lang='grc' dir='ltr'>ἐθυμίασαν·</span> <span class='ocrx_word' id='word_1_514' title='bbox 2862 2200 2973 2260; x_wconf 72' lang='grc' dir='ltr'>οἷον</span> <span class='ocrx_word' id='word_1_515' title='bbox 3024 2208 3150 2277; x_wconf 76' lang='grc' dir='ltr'>περὶ</span> <span class='ocrx_word' id='word_1_516' title='bbox 3211 2209 3382 2262; x_wconf 82' lang='grc' dir='ltr'>’ἰούδα</span> <span class='ocrx_word' id='word_1_517' title='bbox 3434 2210 3743 2285; x_wconf 75' lang='grc' dir='ltr'>γέγραπται</span> <span class='ocrx_word' id='word_1_518' title='bbox 3762 2229 3775 2244; x_wconf 94' lang='grc'><strong>·</strong></span> 
     </span>
    </p>
   </div>
   <div class='ocr_carea' id='block_1_67' title="bbox 2205 2296 3782 2370">
    <p class='ocr_par' dir='ltr' id='par_1_67' title="bbox 2205 2296 3782 2370">
     <span class='ocr_line' id='line_1_67' title="bbox 2205 2296 3782 2370; baseline 0.004 -20"><span class='ocrx_word' id='word_1_519' title='bbox 2205 2296 2526 2365; x_wconf 79' lang='grc' dir='ltr'><strong>Γενηθήτω</strong></span> <span class='ocrx_word' id='word_1_520' title='bbox 2549 2299 2585 2366; x_wconf 79' lang='grc' dir='ltr'><em>ἠ</em></span> <span class='ocrx_word' id='word_1_521' title='bbox 2612 2297 2922 2367; x_wconf 78' lang='grc' dir='ltr'>προσευχὴ</span> <span class='ocrx_word' id='word_1_522' title='bbox 2942 2299 3128 2353; x_wconf 78' lang='grc' dir='ltr'>αὑτοῦ</span> <span class='ocrx_word' id='word_1_523' title='bbox 3153 2302 3245 2367; x_wconf 80' lang='grc' dir='ltr'>εὶς</span> <span class='ocrx_word' id='word_1_524' title='bbox 3267 2302 3578 2370; x_wconf 74' lang='grc' dir='ltr'>ἁμαρτίαν.</span> <span class='ocrx_word' id='word_1_525' title='bbox 3614 2303 3782 2357; x_wconf 79' lang='grc' dir='ltr'>Ἐκεῑ-</span> 
     </span>
    </p>
   </div>
   <div class='ocr_carea' id='block_1_68' title="bbox 2203 2389 3783 2464">
    <p class='ocr_par' dir='ltr' id='par_1_68' title="bbox 2203 2389 3783 2464">
     <span class='ocr_line' id='line_1_68' title="bbox 2203 2389 3783 2464; baseline 0.005 -22"><span class='ocrx_word' id='word_1_526' title='bbox 2203 2404 2293 2453; x_wconf 82' lang='grc' dir='ltr'><strong>νος</strong></span> <span class='ocrx_word' id='word_1_527' title='bbox 2318 2389 2458 2443; x_wconf 76' lang='grc' dir='ltr'>κατὰ</span> <span class='ocrx_word' id='word_1_528' title='bbox 2490 2389 2550 2443; x_wconf 82' lang='grc' dir='ltr'>τὸ</span> <span class='ocrx_word' id='word_1_529' title='bbox 2582 2390 2981 2461; x_wconf 80' lang='grc' dir='ltr'><strong>προσεύχεσθαι</strong></span> <span class='ocrx_word' id='word_1_530' title='bbox 3003 2393 3084 2455; x_wconf 84' lang='grc' dir='ltr'><strong>είς</strong></span> <span class='ocrx_word' id='word_1_531' title='bbox 3109 2392 3264 2446; x_wconf 83' lang='grc' dir='ltr'>κενὸν</span> <span class='ocrx_word' id='word_1_532' title='bbox 3294 2391 3577 2464; x_wconf 74' lang='grc' dir='ltr'>ὲθυμίασε.</span> <span class='ocrx_word' id='word_1_533' title='bbox 3607 2397 3701 2460; x_wconf 87' lang='grc' dir='ltr'>Τίς</span> <span class='ocrx_word' id='word_1_534' title='bbox 3727 2396 3783 2449; x_wconf 75' lang='grc' dir='ltr'>δὲ</span> 
     </span>
    </p>
   </div>
   <div class='ocr_carea' id='block_1_69' title="bbox 2205 2480 3780 2563">
    <p class='ocr_par' dir='ltr' id='par_1_69' title="bbox 2205 2480 3780 2563">
     <span class='ocr_line' id='line_1_69' title="bbox 2205 2480 3780 2563; baseline 0.003 -29"><span class='ocrx_word' id='word_1_535' title='bbox 2205 2482 2284 2546; x_wconf 80' lang='grc' dir='ltr'><strong>εἰς</strong></span> <span class='ocrx_word' id='word_1_536' title='bbox 2328 2480 2484 2535; x_wconf 83' lang='grc' dir='ltr'>κενὸν</span> <span class='ocrx_word' id='word_1_537' title='bbox 2536 2480 2781 2563; x_wconf 70' lang='grc' dir='ltr'>θυμιῷν,</span> <span class='ocrx_word' id='word_1_538' title='bbox 2817 2481 2896 2534; x_wconf 78' lang='grc' dir='ltr'>ἔτι</span> <span class='ocrx_word' id='word_1_539' title='bbox 2939 2481 3137 2552; x_wconf 80' lang='grc' dir='ltr'>μᾶλλον</span> <span class='ocrx_word' id='word_1_540' title='bbox 3160 2483 3302 2537; x_wconf 72' lang='grc' dir='ltr'>οὕτω</span> <span class='ocrx_word' id='word_1_541' title='bbox 3325 2486 3780 2557; x_wconf 82' lang='grc' dir='ltr'>κατανοήσωμεν·</span> 
     </span>
    </p>
   </div>
   <div class='ocr_carea' id='block_1_70' title="bbox 2209 2572 3783 2643">
    <p class='ocr_par' dir='ltr' id='par_1_70' title="bbox 2209 2572 3783 2643">
     <span class='ocr_line' id='line_1_70' title="bbox 2209 2572 3783 2643; baseline 0.003 -18"><span class='ocrx_word' id='word_1_542' title='bbox 2209 2573 2343 2640; x_wconf 76' lang='grc' dir='ltr'>Τρὶς</span> <span class='ocrx_word' id='word_1_543' title='bbox 2393 2572 2498 2626; x_wconf 85' lang='grc' dir='ltr'><strong>τοῦ</strong></span> <span class='ocrx_word' id='word_1_544' title='bbox 2531 2572 2829 2635; x_wconf 80' lang='grc' dir='ltr'>ἐνιαυτοῦ,</span> <span class='ocrx_word' id='word_1_545' title='bbox 2860 2573 3042 2642; x_wconf 75' lang='grc' dir='ltr'>φησὶν,</span> <span class='ocrx_word' id='word_1_546' title='bbox 3071 2572 3391 2642; x_wconf 68' lang='grc' dir='ltr'>ὀφθήσεται</span> <span class='ocrx_word' id='word_1_547' title='bbox 3437 2572 3559 2630; x_wconf 79' lang='grc' dir='ltr'><strong>πᾶν</strong></span> <span class='ocrx_word' id='word_1_548' title='bbox 3601 2576 3783 2643; x_wconf 70' lang='grc' dir='ltr'>ἀρσε-</span> 
     </span>
    </p>
   </div>
   <div class='ocr_carea' id='block_1_71' title="bbox 2203 2659 3783 2734">
    <p class='ocr_par' dir='ltr' id='par_1_71' title="bbox 2203 2659 3783 2734">
     <span class='ocr_line' id='line_1_71' title="bbox 2203 2659 3783 2734; baseline 0.003 -17"><span class='ocrx_word' id='word_1_549' title='bbox 2203 2664 2378 2717; x_wconf 79' lang='grc' dir='ltr'>νικόν</span> <span class='ocrx_word' id='word_1_550' title='bbox 2406 2675 2524 2716; x_wconf 85' lang='grc' dir='ltr'><strong>σου</strong></span> <span class='ocrx_word' id='word_1_551' title='bbox 2560 2661 2815 2717; x_wconf 80' lang='grc' dir='ltr'>ἐνώπιον</span> <span class='ocrx_word' id='word_1_552' title='bbox 2839 2663 3061 2731; x_wconf 82' lang='grc' dir='ltr'>Κυρίου</span> <span class='ocrx_word' id='word_1_553' title='bbox 3090 2663 3194 2717; x_wconf 84' lang='grc' dir='ltr'>τοῦ</span> <span class='ocrx_word' id='word_1_554' title='bbox 3222 2664 3371 2719; x_wconf 79' lang='grc' dir='ltr'>Θεοῦ</span> <span class='ocrx_word' id='word_1_555' title='bbox 3413 2680 3563 2719; x_wconf 89' lang='grc' dir='ltr'>σου·</span> <span class='ocrx_word' id='word_1_556' title='bbox 3603 2659 3648 2734; x_wconf 84' lang='grc' dir='ltr'>ᾧ</span> <span class='ocrx_word' id='word_1_557' title='bbox 3687 2667 3783 2721; x_wconf 81' lang='grc' dir='ltr'>εύ-</span> 
     </span>
    </p>
   </div>
   <div class='ocr_carea' id='block_1_72' title="bbox 2206 2752 3781 2826">
    <p class='ocr_par' dir='ltr' id='par_1_72' title="bbox 2206 2752 3781 2826">
     <span class='ocr_line' id='line_1_72' title="bbox 2206 2752 3781 2826; baseline 0.004 -19"><span class='ocrx_word' id='word_1_558' title='bbox 2206 2753 2342 2818; x_wconf 76' lang='grc' dir='ltr'>θέως</span> <span class='ocrx_word' id='word_1_559' title='bbox 2368 2752 2717 2824; x_wconf 71' lang='grc' dir='ltr'>ἐπιφέρεται·</span> <span class='ocrx_word' id='word_1_560' title='bbox 2747 2756 2868 2808; x_wconf 84' lang='grc' dir='ltr'><strong>Οὐκ</strong></span> <span class='ocrx_word' id='word_1_561' title='bbox 2893 2753 3132 2824; x_wconf 68' lang='grc' dir='ltr'><strong>ὀφθήσῃ</strong></span> <span class='ocrx_word' id='word_1_562' title='bbox 3157 2754 3421 2810; x_wconf 77' lang='grc' dir='ltr'>ἐνώπιόν</span> <span class='ocrx_word' id='word_1_563' title='bbox 3439 2775 3560 2826; x_wconf 77' lang='grc' dir='ltr'><strong>μου</strong></span> <span class='ocrx_word' id='word_1_564' title='bbox 3587 2759 3781 2825; x_wconf 76' lang='grc' dir='ltr'>κενός·</span> 
     </span>
    </p>
   </div>
   <div class='ocr_carea' id='block_1_73' title="bbox 2206 2843 3781 2921">
    <p class='ocr_par' dir='ltr' id='par_1_73' title="bbox 2206 2843 3781 2921">
     <span class='ocr_line' id='line_1_73' title="bbox 2206 2843 3781 2921; baseline 0.002 -21"><span class='ocrx_word' id='word_1_565' title='bbox 2206 2844 2367 2900; x_wconf 83' lang='grc' dir='ltr'>Ὅθεν</span> <span class='ocrx_word' id='word_1_566' title='bbox 2384 2844 2540 2915; x_wconf 77' lang='grc' dir='ltr'>ὤφθη</span> <span class='ocrx_word' id='word_1_567' title='bbox 2561 2847 2590 2899; x_wconf 87' lang='grc' dir='ltr'><strong>ὁ</strong></span> <span class='ocrx_word' id='word_1_568' title='bbox 2618 2843 2740 2909; x_wconf 79' lang='grc' dir='ltr'>νοῦς</span> <span class='ocrx_word' id='word_1_569' title='bbox 2760 2847 2859 2917; x_wconf 84' lang='grc' dir='ltr'>τῆς</span> <span class='ocrx_word' id='word_1_570' title='bbox 2882 2846 3106 2919; x_wconf 79' lang='grc' dir='ltr'>Γραφῆς</span> <span class='ocrx_word' id='word_1_571' title='bbox 3129 2845 3206 2917; x_wconf 83' lang='grc' dir='ltr'><strong>τῷ</strong></span> <span class='ocrx_word' id='word_1_572' title='bbox 3228 2846 3491 2919; x_wconf 81' lang='grc' dir='ltr'>ὀφθαλμῷ</span> <span class='ocrx_word' id='word_1_573' title='bbox 3515 2849 3781 2921; x_wconf 77' lang='grc' dir='ltr'><strong>χωροῦντι</strong></span> 
     </span>
    </p>
   </div>
   <div class='ocr_carea' id='block_1_74' title="bbox 2203 2936 3782 3012">
    <p class='ocr_par' dir='ltr' id='par_1_74' title="bbox 2203 2936 3782 3012">
     <span class='ocr_line' id='line_1_74' title="bbox 2203 2936 3782 3012; baseline 0.003 -22"><span class='ocrx_word' id='word_1_574' title='bbox 2203 2937 2303 3009; x_wconf 77' lang='grc' dir='ltr'>τὴν</span> <span class='ocrx_word' id='word_1_575' title='bbox 2332 2940 2621 3008; x_wconf 75' lang='grc' dir='ltr'>σαφήνειαν</span> <span class='ocrx_word' id='word_1_576' title='bbox 2647 2936 2757 2989; x_wconf 85' lang='grc' dir='ltr'><strong>τῶν</strong></span> <span class='ocrx_word' id='word_1_577' title='bbox 2789 2938 2950 3010; x_wconf 81' lang='grc' dir='ltr'>ίερῶν</span> <span class='ocrx_word' id='word_1_578' title='bbox 2977 2938 3340 3009; x_wconf 80' lang='grc' dir='ltr'>γραμμάτων.</span> <span class='ocrx_word' id='word_1_579' title='bbox 3383 2939 3571 2992; x_wconf 78' lang='grc' dir='ltr'>Ταῦτά</span> <span class='ocrx_word' id='word_1_580' title='bbox 3611 2958 3699 3012; x_wconf 85' lang='grc' dir='ltr'><strong>μοι</strong></span> <span class='ocrx_word' id='word_1_581' title='bbox 3721 2943 3782 2995; x_wconf 83' lang='grc' dir='ltr'>ὲν</span> 
     </span>
    </p>
   </div>
   <div class='ocr_carea' id='block_1_75' title="bbox 2206 3027 3780 3102">
    <p class='ocr_par' dir='ltr' id='par_1_75' title="bbox 2206 3027 3780 3102">
     <span class='ocr_line' id='line_1_75' title="bbox 2206 3027 3780 3102; baseline 0.004 -22"><span class='ocrx_word' id='word_1_582' title='bbox 2206 3027 2476 3099; x_wconf 82' lang='grc' dir='ltr'>προοιμίῳ</span> <span class='ocrx_word' id='word_1_583' title='bbox 2540 3029 2774 3098; x_wconf 80' lang='grc' dir='ltr'>εἴρηται,</span> <span class='ocrx_word' id='word_1_584' title='bbox 2836 3028 3157 3101; x_wconf 85' lang='grc' dir='ltr'>διεγείροντι</span> <span class='ocrx_word' id='word_1_585' title='bbox 3208 3031 3305 3081; x_wconf 73' lang='grc' dir='ltr'>καὶ</span> <span class='ocrx_word' id='word_1_586' title='bbox 3361 3030 3631 3102; x_wconf 64' lang='grc' dir='ltr'>ἐγείροντι</span> <span class='ocrx_word' id='word_1_587' title='bbox 3686 3033 3780 3086; x_wconf 76' lang='grc' dir='ltr'>καὶ</span> 
     </span>
    </p>
   </div>
   <div class='ocr_carea' id='block_1_76' title="bbox 2205 3118 3784 3193">
    <p class='ocr_par' dir='ltr' id='par_1_76' title="bbox 2205 3118 3784 3193">
     <span class='ocr_line' id='line_1_76' title="bbox 2205 3118 3784 3193; baseline 0.004 -22"><span class='ocrx_word' id='word_1_588' title='bbox 2205 3118 2441 3188; x_wconf 71' lang='grc' dir='ltr'>ιμαυτὸν</span> <span class='ocrx_word' id='word_1_589' title='bbox 2483 3120 2576 3173; x_wconf 73' lang='grc' dir='ltr'>καὶ</span> <span class='ocrx_word' id='word_1_590' title='bbox 2622 3120 2748 3183; x_wconf 78' lang='grc' dir='ltr'>τοὺς</span> <span class='ocrx_word' id='word_1_591' title='bbox 2790 3120 3085 3184; x_wconf 83' lang='grc' dir='ltr'>ἀκούοντας</span> <span class='ocrx_word' id='word_1_592' title='bbox 3115 3123 3209 3176; x_wconf 73' lang='grc' dir='ltr'><strong>ἐπὶ</strong></span> <span class='ocrx_word' id='word_1_593' title='bbox 3248 3121 3315 3175; x_wconf 71' lang='grc' dir='ltr'><strong>τὸ</strong></span> <span class='ocrx_word' id='word_1_594' title='bbox 3351 3122 3640 3193; x_wconf 76' lang='grc' dir='ltr'>προσέχειν</span> <span class='ocrx_word' id='word_1_595' title='bbox 3670 3127 3784 3188; x_wconf 79' lang='grc' dir='ltr'>τοῖς</span> 
     </span>
    </p>
   </div>
   <div class='ocr_carea' id='block_1_77' title="bbox 2206 3207 3783 3282">
    <p class='ocr_par' dir='ltr' id='par_1_77' title="bbox 2206 3207 3783 3282">
     <span class='ocr_line' id='line_1_77' title="bbox 2206 3207 3783 3282; baseline 0.004 -21"><span class='ocrx_word' id='word_1_596' title='bbox 2206 3207 2629 3275; x_wconf 73' lang='grc' dir='ltr'>ἁναγνωσθεῐσιν</span> <span class='ocrx_word' id='word_1_597' title='bbox 2650 3249 2664 3272; x_wconf 88' lang='grc'><strong>,</strong></span> <span class='ocrx_word' id='word_1_598' title='bbox 2715 3209 2783 3263; x_wconf 78' lang='grc' dir='ltr'><strong>ἶν’</strong></span> <span class='ocrx_word' id='word_1_599' title='bbox 2841 3211 3153 3281; x_wconf 77' lang='grc' dir='ltr'>αἰτήσωμεν</span> <span class='ocrx_word' id='word_1_600' title='bbox 3196 3211 3371 3265; x_wconf 70' lang='grc' dir='ltr'>ἐλθεῖν</span> <span class='ocrx_word' id='word_1_601' title='bbox 3429 3212 3634 3282; x_wconf 84' lang='grc' dir='ltr'>Ἰησοῦν</span> <span class='ocrx_word' id='word_1_602' title='bbox 3688 3215 3783 3268; x_wconf 77' lang='grc' dir='ltr'>καὶ</span> 
     </span>
    </p>
   </div>
   <div class='ocr_carea' id='block_1_78' title="bbox 2207 3299 3781 3373">
    <p class='ocr_par' dir='ltr' id='par_1_78' title="bbox 2207 3299 3781 3373">
     <span class='ocr_line' id='line_1_78' title="bbox 2207 3299 3781 3373; baseline 0.004 -23"><span class='ocrx_word' id='word_1_603' title='bbox 2207 3299 2534 3370; x_wconf 70' lang='grc' dir='ltr'>ὶπιφανῆναι</span> <span class='ocrx_word' id='word_1_604' title='bbox 2554 3301 2709 3371; x_wconf 75' lang='grc' dir='ltr'>ἡμῖν,</span> <span class='ocrx_word' id='word_1_605' title='bbox 2731 3300 2824 3354; x_wconf 73' lang='grc' dir='ltr'>καὶ</span> <span class='ocrx_word' id='word_1_606' title='bbox 2839 3300 3157 3355; x_wconf 81' lang='grc' dir='ltr'>διδάσκοντα</span> <span class='ocrx_word' id='word_1_607' title='bbox 3180 3301 3274 3356; x_wconf 82' lang='grc' dir='ltr'><strong>νῦν</strong></span> <span class='ocrx_word' id='word_1_608' title='bbox 3293 3303 3437 3373; x_wconf 75' lang='grc' dir='ltr'>ἡμᾶς</span> <span class='ocrx_word' id='word_1_609' title='bbox 3456 3302 3526 3356; x_wconf 82' lang='grc' dir='ltr'>τὰ</span> <span class='ocrx_word' id='word_1_610' title='bbox 3551 3302 3781 3358; x_wconf 69' lang='grc' dir='ltr'>ἐνταῦθα</span> 
     </span>
    </p>
   </div>
   <div class='ocr_carea' id='block_1_79' title="bbox 2129 3370 2587 3460">
    <p class='ocr_par' dir='ltr' id='par_1_79' title="bbox 2129 3370 2587 3460">
     <span class='ocr_line' id='line_1_79' title="bbox 2129 3370 2587 3460; baseline 0.007 -3"><span class='ocrx_word' id='word_1_611' title='bbox 2129 3370 2175 3431; x_wconf 67' lang='grc' dir='ltr'><strong>(ἶ</strong></span> <span class='ocrx_word' id='word_1_612' title='bbox 2205 3370 2587 3460; x_wconf 67' lang='grc' dir='ltr'>γεγραμμέναέ</span> 
     </span>
    </p>
   </div>
   <div class='ocr_carea' id='block_1_80' title="bbox 2273 3475 3780 3551">
    <p class='ocr_par' dir='ltr' id='par_1_80' title="bbox 2273 3475 3780 3551">
     <span class='ocr_line' id='line_1_80' title="bbox 2273 3475 3780 3551; baseline 0.004 -24"><span class='ocrx_word' id='word_1_613' title='bbox 2273 3475 2680 3547; x_wconf 76' lang='grc' dir='ltr'>Προεφήτευσεν</span> <span class='ocrx_word' id='word_1_614' title='bbox 2711 3477 2997 3550; x_wconf 82' lang='grc' dir='ltr'>Ἱερεμίας,</span> <span class='ocrx_word' id='word_1_615' title='bbox 3013 3477 3112 3532; x_wconf 73' lang='grc' dir='ltr'><strong>καί</strong></span> <span class='ocrx_word' id='word_1_616' title='bbox 3131 3478 3356 3548; x_wconf 81' lang='grc' dir='ltr'>ἤκουσε</span> <span class='ocrx_word' id='word_1_617' title='bbox 3372 3479 3627 3551; x_wconf 80' lang='grc' dir='ltr'>Πασχὼρ</span> <span class='ocrx_word' id='word_1_618' title='bbox 3653 3480 3780 3547; x_wconf 80' lang='grc' dir='ltr'>υίὸς</span> 
     </span>
    </p>
   </div>
   <div class='ocr_carea' id='block_1_81' title="bbox 2217 3566 3785 3642">
    <p class='ocr_par' dir='ltr' id='par_1_81' title="bbox 2217 3566 3785 3642">
     <span class='ocr_line' id='line_1_81' title="bbox 2217 3566 3785 3642; baseline 0.005 -23"><span class='ocrx_word' id='word_1_619' title='bbox 2217 3566 2461 3636; x_wconf 74' lang='grc' dir='ltr'>Ἐμμὴρ,</span> <span class='ocrx_word' id='word_1_620' title='bbox 2492 3571 2524 3621; x_wconf 85' lang='grc' dir='ltr'><strong>ό</strong></span> <span class='ocrx_word' id='word_1_621' title='bbox 2551 3568 2763 3636; x_wconf 78' lang='grc' dir='ltr'>ἱερεὺς,</span> <span class='ocrx_word' id='word_1_622' title='bbox 2794 3569 3120 3640; x_wconf 52' lang='lat' dir='ltr'><strong>tarum,-</strong></span> <span class='ocrx_word' id='word_1_623' title='bbox 3141 3570 3248 3639; x_wconf 78' lang='grc' dir='ltr'>τῆς</span> <span class='ocrx_word' id='word_1_624' title='bbox 3267 3572 3645 3642; x_wconf 64' lang='grc' dir='ltr'>προφητείας.</span> <span class='ocrx_word' id='word_1_625' title='bbox 3676 3574 3785 3627; x_wconf 76' lang='grc' dir='ltr'><strong>Καὶ</strong></span> 
     </span>
    </p>
   </div>
   <div class='ocr_carea' id='block_1_82' title="bbox 2202 3658 3784 3736">
    <p class='ocr_par' dir='ltr' id='par_1_82' title="bbox 2202 3658 3784 3736">
     <span class='ocr_line' id='line_1_82' title="bbox 2202 3658 3784 3736; baseline 0.005 -26"><span class='ocrx_word' id='word_1_626' title='bbox 2202 3658 2477 3711; x_wconf 82' lang='grc' dir='ltr'>τοσούτων</span> <span class='ocrx_word' id='word_1_627' title='bbox 2508 3659 2651 3713; x_wconf 81' lang='grc' dir='ltr'>κατὰ</span> <span class='ocrx_word' id='word_1_628' title='bbox 2675 3660 2737 3713; x_wconf 81' lang='grc' dir='ltr'>τὸ</span> <span class='ocrx_word' id='word_1_629' title='bbox 2756 3662 2922 3726; x_wconf 80' lang='grc' dir='ltr'>είκὺς,</span> <span class='ocrx_word' id='word_1_630' title='bbox 2948 3663 3072 3716; x_wconf 79' lang='grc' dir='ltr'>ὅσον</span> <span class='ocrx_word' id='word_1_631' title='bbox 3105 3664 3196 3715; x_wconf 76' lang='grc' dir='ltr'><strong>ἐπὶ</strong></span> <span class='ocrx_word' id='word_1_632' title='bbox 3235 3664 3366 3734; x_wconf 61' lang='grc' dir='ltr'>ψιλῇ</span> <span class='ocrx_word' id='word_1_633' title='bbox 3397 3667 3462 3735; x_wconf 76' lang='grc' dir='ltr'>τῇ</span> <span class='ocrx_word' id='word_1_634' title='bbox 3497 3664 3784 3736; x_wconf 79' lang='grc' dir='ltr'>ἀκολουθίᾳ</span> 
     </span>
    </p>
   </div>
   <div class='ocr_carea' id='block_1_83' title="bbox 2202 3748 3784 3824">
    <p class='ocr_par' dir='ltr' id='par_1_83' title="bbox 2202 3748 3784 3824">
     <span class='ocr_line' id='line_1_83' title="bbox 2202 3748 3784 3824; baseline 0.004 -24"><span class='ocrx_word' id='word_1_635' title='bbox 2202 3748 2302 3818; x_wconf 85' lang='grc' dir='ltr'>τῆς</span> <span class='ocrx_word' id='word_1_636' title='bbox 2350 3748 2706 3820; x_wconf 81' lang='grc' dir='ltr'>προφητείας,</span> <span class='ocrx_word' id='word_1_637' title='bbox 2748 3752 3063 3822; x_wconf 82' lang='grc' dir='ltr'>ἀκηκοότων</span> <span class='ocrx_word' id='word_1_638' title='bbox 3122 3753 3380 3823; x_wconf 85' lang='grc' dir='ltr'>Ἱερεμίου</span> <span class='ocrx_word' id='word_1_639' title='bbox 3405 3794 3419 3817; x_wconf 88' lang='grc'><strong>,</strong></span> <span class='ocrx_word' id='word_1_640' title='bbox 3463 3755 3523 3807; x_wconf 80' lang='grc' dir='ltr'>οὐ</span> <span class='ocrx_word' id='word_1_641' title='bbox 3573 3754 3784 3824; x_wconf 77' lang='grc' dir='ltr'>ταχέως</span> 
     </span>
    </p>
   </div>
   <div class='ocr_carea' id='block_1_84' title="bbox 2211 3837 3784 3915">
    <p class='ocr_par' dir='ltr' id='par_1_84' title="bbox 2211 3837 3784 3915">
     <span class='ocr_line' id='line_1_84' title="bbox 2211 3837 3784 3915; baseline 0.004 -24"><span class='ocrx_word' id='word_1_642' title='bbox 2211 3837 2793 3910; x_wconf 71' lang='grc' dir='ltr'>ἀναγέγραπταιᾶλλος</span> <span class='ocrx_word' id='word_1_643' title='bbox 2814 3841 3052 3904; x_wconf 84' lang='grc' dir='ltr'>ἀκούσας</span> <span class='ocrx_word' id='word_1_644' title='bbox 3074 3842 3121 3894; x_wconf 86' lang='grc' dir='ltr'><strong>εί</strong></span> <span class='ocrx_word' id='word_1_645' title='bbox 3150 3843 3225 3915; x_wconf 74' lang='grc' dir='ltr'>μὴ</span> <span class='ocrx_word' id='word_1_646' title='bbox 3241 3842 3495 3913; x_wconf 85' lang='grc' dir='ltr'>Πασχώρ.</span> <span class='ocrx_word' id='word_1_647' title='bbox 3523 3844 3784 3915; x_wconf 75' lang='grc' dir='ltr'>Ἐμέλησε</span> 
     </span>
    </p>
   </div>
   <div class='ocr_carea' id='block_1_85' title="bbox 2203 3932 3781 4010">
    <p class='ocr_par' dir='ltr' id='par_1_85' title="bbox 2203 3932 3781 4010">
     <span class='ocr_line' id='line_1_85' title="bbox 2203 3932 3781 4010; baseline 0.004 -24"><span class='ocrx_word' id='word_1_648' title='bbox 2203 3932 2263 3986; x_wconf 79' lang='grc' dir='ltr'>δι</span> <span class='ocrx_word' id='word_1_649' title='bbox 2283 3936 2351 4004; x_wconf 77' lang='grc' dir='ltr'>τῇ</span> <span class='ocrx_word' id='word_1_650' title='bbox 2385 3933 2575 4010; x_wconf 65' lang='grc' dir='ltr'>Γραφῇ</span> <span class='ocrx_word' id='word_1_651' title='bbox 2608 3935 2818 4000; x_wconf 78' lang='grc' dir='ltr'>είπεῖν,</span> <span class='ocrx_word' id='word_1_652' title='bbox 2846 3937 2939 3989; x_wconf 77' lang='grc' dir='ltr'>καὶ</span> <span class='ocrx_word' id='word_1_653' title='bbox 2964 3935 3109 3999; x_wconf 89' lang='grc' dir='ltr'>τίνος</span> <span class='ocrx_word' id='word_1_654' title='bbox 3132 3936 3248 4002; x_wconf 74' lang='grc' dir='ltr'>υίὸς</span> <span class='ocrx_word' id='word_1_655' title='bbox 3277 3933 3348 4008; x_wconf 74' lang='grc' dir='ltr'>ἦν</span> <span class='ocrx_word' id='word_1_656' title='bbox 3368 3976 3385 4001; x_wconf 89' lang='grc'><strong>,</strong></span> <span class='ocrx_word' id='word_1_657' title='bbox 3418 3938 3499 3991; x_wconf 80' lang='grc' dir='ltr'>ὅτι</span> <span class='ocrx_word' id='word_1_658' title='bbox 3541 3937 3781 4010; x_wconf 74' lang='grc' dir='ltr'>Ἐμμηρ,</span> 
     </span>
    </p>
   </div>
   <div class='ocr_carea' id='block_1_86' title="bbox 2201 4021 3784 4100">
    <p class='ocr_par' dir='ltr' id='par_1_86' title="bbox 2201 4021 3784 4100">
     <span class='ocr_line' id='line_1_86' title="bbox 2201 4021 3784 4100; baseline 0.004 -26"><span class='ocrx_word' id='word_1_659' title='bbox 2201 4021 2296 4075; x_wconf 73' lang='grc' dir='ltr'><strong>καὶ</strong></span> <span class='ocrx_word' id='word_1_660' title='bbox 2327 4024 2407 4076; x_wconf 84' lang='grc' dir='ltr'>ὅτι</span> <span class='ocrx_word' id='word_1_661' title='bbox 2439 4023 2802 4096; x_wconf 75' lang='grc' dir='ltr'>ἐχρημάτιζεν</span> <span class='ocrx_word' id='word_1_662' title='bbox 2838 4025 3016 4098; x_wconf 74' lang='grc' dir='ltr'>ἱερεύς</span> <span class='ocrx_word' id='word_1_663' title='bbox 3039 4042 3053 4056; x_wconf 90' lang='grc'><strong>·</strong></span> <span class='ocrx_word' id='word_1_664' title='bbox 3108 4028 3202 4080; x_wconf 76' lang='grc' dir='ltr'>καὶ</span> <span class='ocrx_word' id='word_1_665' title='bbox 3236 4029 3397 4082; x_wconf 74' lang='grc' dir='ltr'>ποίαν</span> <span class='ocrx_word' id='word_1_666' title='bbox 3439 4028 3595 4094; x_wconf 71' lang='grc' dir='ltr'>τάξιν</span> <span class='ocrx_word' id='word_1_667' title='bbox 3641 4026 3784 4100; x_wconf 79' lang='grc' dir='ltr'>εἶχεν</span> 
     </span>
    </p>
   </div>
   <div class='ocr_carea' id='block_1_87' title="bbox 2203 4112 3785 4190">
    <p class='ocr_par' dir='ltr' id='par_1_87' title="bbox 2203 4112 3785 4190">
     <span class='ocr_line' id='line_1_87' title="bbox 2203 4112 3785 4190; baseline 0.005 -24"><span class='ocrx_word' id='word_1_668' title='bbox 2203 4114 2262 4167; x_wconf 75' lang='grc' dir='ltr'>ὲν</span> <span class='ocrx_word' id='word_1_669' title='bbox 2304 4113 2384 4184; x_wconf 85' lang='grc' dir='ltr'>τῷ</span> <span class='ocrx_word' id='word_1_670' title='bbox 2438 4113 2587 4186; x_wconf 86' lang='grc' dir='ltr'>λαῷ,</span> <span class='ocrx_word' id='word_1_671' title='bbox 2631 4117 2714 4169; x_wconf 81' lang='grc' dir='ltr'>ὅτι</span> <span class='ocrx_word' id='word_1_672' title='bbox 2745 4112 2812 4188; x_wconf 79' lang='grc' dir='ltr'>ἦν</span> <span class='ocrx_word' id='word_1_673' title='bbox 2858 4116 3258 4189; x_wconf 77' lang='grc' dir='ltr'>καθεσταμένος</span> <span class='ocrx_word' id='word_1_674' title='bbox 3296 4119 3592 4190; x_wconf 69' lang='grc' dir='ltr'>ἡγούμενος,</span> <span class='ocrx_word' id='word_1_675' title='bbox 3633 4121 3785 4174; x_wconf 79' lang='grc' dir='ltr'>οίκου</span> 
     </span>
    </p>
   </div>
   <div class='ocr_carea' id='block_1_88' title="bbox 2201 4205 3782 4280">
    <p class='ocr_par' dir='ltr' id='par_1_88' title="bbox 2201 4205 3782 4280">
     <span class='ocr_line' id='line_1_88' title="bbox 2201 4205 3782 4280; baseline 0.003 -22"><span class='ocrx_word' id='word_1_676' title='bbox 2201 4205 2430 4276; x_wconf 80' lang='grc' dir='ltr'>Κυρίου,</span> <span class='ocrx_word' id='word_1_677' title='bbox 2475 4205 2617 4259; x_wconf 73' lang='grc' dir='ltr'>κατὰ</span> <span class='ocrx_word' id='word_1_678' title='bbox 2660 4206 2752 4259; x_wconf 82' lang='grc' dir='ltr'>τὸν</span> <span class='ocrx_word' id='word_1_679' title='bbox 2793 4208 2983 4279; x_wconf 85' lang='grc' dir='ltr'>χρόνον</span> <span class='ocrx_word' id='word_1_680' title='bbox 3041 4207 3309 4279; x_wconf 84' lang='grc' dir='ltr'>Ἱερεμίου</span> <span class='ocrx_word' id='word_1_681' title='bbox 3349 4210 3782 4280; x_wconf 76' lang='grc' dir='ltr'>προφητεύοντος</span> 
     </span>
    </p>
   </div>
   <div class='ocr_carea' id='block_1_89' title="bbox 2201 4294 3780 4368">
    <p class='ocr_par' dir='ltr' id='par_1_89' title="bbox 2201 4294 3780 4368">
     <span class='ocr_line' id='line_1_89' title="bbox 2201 4294 3780 4368; baseline 0.003 -20"><span class='ocrx_word' id='word_1_682' title='bbox 2201 4295 2329 4358; x_wconf 74' lang='grc' dir='ltr'>τοὺς</span> <span class='ocrx_word' id='word_1_683' title='bbox 2358 4294 2550 4364; x_wconf 79' lang='grc' dir='ltr'>λόγους</span> <span class='ocrx_word' id='word_1_684' title='bbox 2576 4295 2817 4359; x_wconf 81' lang='grc' dir='ltr'>τούτους.</span> <span class='ocrx_word' id='word_1_685' title='bbox 2870 4297 2980 4350; x_wconf 76' lang='grc' dir='ltr'><strong>Καὶ</strong></span> <span class='ocrx_word' id='word_1_686' title='bbox 3012 4297 3457 4368; x_wconf 80' lang='grc' dir='ltr'>ἀναγέγραπται,</span> <span class='ocrx_word' id='word_1_687' title='bbox 3501 4301 3584 4353; x_wconf 80' lang='grc' dir='ltr'>ὅτι</span> <span class='ocrx_word' id='word_1_688' title='bbox 3615 4298 3780 4353; x_wconf 83' lang='grc' dir='ltr'>ἀκού-</span> 
     </span>
    </p>
   </div>
   <div class='ocr_carea' id='block_1_90' title="bbox 2206 4385 3781 4459">
    <p class='ocr_par' dir='ltr' id='par_1_90' title="bbox 2206 4385 3781 4459">
     <span class='ocr_line' id='line_1_90' title="bbox 2206 4385 3781 4459; baseline 0.002 -21"><span class='ocrx_word' id='word_1_689' title='bbox 2206 4402 2304 4448; x_wconf 90' lang='grc' dir='ltr'><strong>σας</strong></span> <span class='ocrx_word' id='word_1_690' title='bbox 2336 4386 2443 4440; x_wconf 80' lang='grc' dir='ltr'>τῶν</span> <span class='ocrx_word' id='word_1_691' title='bbox 2470 4385 2645 4455; x_wconf 79' lang='grc' dir='ltr'>λόγων</span> <span class='ocrx_word' id='word_1_692' title='bbox 2667 4387 2765 4457; x_wconf 80' lang='grc' dir='ltr'>τῆς</span> <span class='ocrx_word' id='word_1_693' title='bbox 2793 4388 3128 4459; x_wconf 80' lang='grc' dir='ltr'>προφητείας</span> <span class='ocrx_word' id='word_1_694' title='bbox 3147 4386 3349 4457; x_wconf 84' lang='grc' dir='ltr'>ταύτης</span> <span class='ocrx_word' id='word_1_695' title='bbox 3377 4388 3618 4459; x_wconf 87' lang='grc' dir='ltr'>Πασχὼρ</span> <span class='ocrx_word' id='word_1_696' title='bbox 3644 4388 3781 4441; x_wconf 75' lang='grc' dir='ltr'><strong>ἐπά-</strong></span> 
     </span>
    </p>
   </div>
   <div class='ocr_carea' id='block_1_91' title="bbox 2202 4475 3779 4549">
    <p class='ocr_par' dir='ltr' id='par_1_91' title="bbox 2202 4475 3779 4549">
     <span class='ocr_line' id='line_1_91' title="bbox 2202 4475 3779 4549; baseline 0.001 -20"><span class='ocrx_word' id='word_1_697' title='bbox 2202 4475 2330 4540; x_wconf 76' lang='grc' dir='ltr'>ταξε</span> <span class='ocrx_word' id='word_1_698' title='bbox 2360 4477 2451 4529; x_wconf 81' lang='grc' dir='ltr'>τὸν</span> <span class='ocrx_word' id='word_1_699' title='bbox 2503 4476 2767 4548; x_wconf 84' lang='grc' dir='ltr'>Ἱερεμίαν</span> <span class='ocrx_word' id='word_1_700' title='bbox 2786 4518 2801 4541; x_wconf 88' lang='grc'><strong>,</strong></span> <span class='ocrx_word' id='word_1_701' title='bbox 2841 4478 2934 4530; x_wconf 80' lang='grc' dir='ltr'>καὶ</span> <span class='ocrx_word' id='word_1_702' title='bbox 2964 4479 3064 4532; x_wconf 87' lang='grc' dir='ltr'>οὐκ</span> <span class='ocrx_word' id='word_1_703' title='bbox 3100 4476 3342 4549; x_wconf 73' lang='grc' dir='ltr'>ἠρκέσθη</span> <span class='ocrx_word' id='word_1_704' title='bbox 3371 4475 3451 4549; x_wconf 76' lang='grc' dir='ltr'>τῷ</span> <span class='ocrx_word' id='word_1_705' title='bbox 3490 4478 3654 4532; x_wconf 76' lang='grc' dir='ltr'>αὐτὸν</span> <span class='ocrx_word' id='word_1_706' title='bbox 3680 4495 3779 4531; x_wconf 85' lang='grc' dir='ltr'>πε-</span> 
     </span>
    </p>
   </div>
   <div class='ocr_carea' id='block_1_92' title="bbox 2208 4565 3779 4641">
    <p class='ocr_par' dir='ltr' id='par_1_92' title="bbox 2208 4565 3779 4641">
     <span class='ocr_line' id='line_1_92' title="bbox 2208 4565 3779 4641; baseline 0.002 -23"><span class='ocrx_word' id='word_1_707' title='bbox 2208 4565 2535 4636; x_wconf 83' lang='grc' dir='ltr'>παταχέναι,</span> <span class='ocrx_word' id='word_1_708' title='bbox 2596 4566 2731 4619; x_wconf 83' lang='grc' dir='ltr'>ἀλλὰ</span> <span class='ocrx_word' id='word_1_709' title='bbox 2765 4568 2860 4621; x_wconf 82' lang='grc' dir='ltr'>καὶ</span> <span class='ocrx_word' id='word_1_710' title='bbox 2892 4566 3081 4622; x_wconf 76' lang='grc' dir='ltr'>ἔϐαλεν</span> <span class='ocrx_word' id='word_1_711' title='bbox 3124 4566 3283 4621; x_wconf 78' lang='grc' dir='ltr'>αὐτὸν</span> <span class='ocrx_word' id='word_1_712' title='bbox 3315 4567 3394 4631; x_wconf 82' lang='grc' dir='ltr'><strong>είς</strong></span> <span class='ocrx_word' id='word_1_713' title='bbox 3422 4582 3545 4621; x_wconf 84' lang='grc' dir='ltr'>τινα</span> <span class='ocrx_word' id='word_1_714' title='bbox 3576 4570 3779 4641; x_wconf 77' lang='grc' dir='ltr'>καταρο</span> 
     </span>
    </p>
   </div>
   <div class='ocr_carea' id='block_1_93' title="bbox 536 4654 2202 4757">
    <p class='ocr_par' dir='ltr' id='par_1_93' title="bbox 536 4656 2180 4757">
     <span class='ocr_line' id='line_1_93' title="bbox 536 4656 2180 4757; baseline -0.008 -35"><span class='ocrx_word' id='word_1_715' title='bbox 536 4663 740 4721; x_wconf 88' lang='lat' dir='ltr'><strong>Scdulo</strong></span> <span class='ocrx_word' id='word_1_716' title='bbox 768 4665 931 4721; x_wconf 88' lang='lat' dir='ltr'><strong>etiam</strong></span> <span class='ocrx_word' id='word_1_717' title='bbox 964 4663 1245 4720; x_wconf 88' lang='lat' dir='ltr'><strong>adnotavit</strong></span> <span class='ocrx_word' id='word_1_718' title='bbox 1277 4661 1558 4732; x_wconf 86' lang='lat' dir='ltr'><strong>Scriptura</strong></span> <span class='ocrx_word' id='word_1_719' title='bbox 1583 4659 1804 4714; x_wconf 88' lang='lat' dir='ltr'><strong>ubinam</strong></span> <span class='ocrx_word' id='word_1_720' title='bbox 1832 4665 1977 4713; x_wconf 90' lang='lat' dir='ltr'><strong>esset</strong></span> <span class='ocrx_word' id='word_1_721' title='bbox 1998 4656 2100 4711; x_wconf 87' lang='lat' dir='ltr'><strong>ista</strong></span> <span class='ocrx_word' id='word_1_722' title='bbox 2136 4701 2180 4757; x_wconf 65' lang='grc' dir='ltr'><strong>υ</strong></span> 
     </span>
    </p>
   </div>
   <div class='ocr_carea' id='block_1_94' title="bbox 2116 4654 3782 4757">
    <p class='ocr_par' dir='ltr' id='par_1_94' title="bbox 2136 4654 3782 4757">
     <span class='ocr_line' id='line_1_94' title="bbox 2136 4654 3782 4757; baseline 0.002 -46"><span class='ocrx_word' id='word_1_723' title='bbox 2136 4701 2180 4757; x_wconf 71' lang='lat' dir='ltr'><strong>D</strong></span> <span class='ocrx_word' id='word_1_724' title='bbox 2211 4658 2435 4728; x_wconf 79' lang='grc' dir='ltr'>ρἀτην.</span> <span class='ocrx_word' id='word_1_725' title='bbox 2482 4657 2740 4757; x_wconf 43' lang='grc' dir='ltr'>ἶΕμέλησε</span> <span class='ocrx_word' id='word_1_726' title='bbox 2767 4661 2839 4730; x_wconf 77' lang='grc' dir='ltr'>τῇ</span> <span class='ocrx_word' id='word_1_727' title='bbox 2865 4660 3054 4731; x_wconf 73' lang='grc' dir='ltr'>Γραφῇ</span> <span class='ocrx_word' id='word_1_728' title='bbox 3086 4661 3259 4713; x_wconf 71' lang='grc' dir='ltr'>εἰπεῖν</span> <span class='ocrx_word' id='word_1_729' title='bbox 3285 4659 3379 4714; x_wconf 71' lang='grc' dir='ltr'>καὶ</span> <span class='ocrx_word' id='word_1_730' title='bbox 3398 4659 3501 4715; x_wconf 82' lang='grc' dir='ltr'>ποῦ</span> <span class='ocrx_word' id='word_1_731' title='bbox 3535 4655 3603 4730; x_wconf 78' lang='grc' dir='ltr'>ἦν</span> <span class='ocrx_word' id='word_1_732' title='bbox 3626 4654 3782 4725; x_wconf 70' lang='grc' dir='ltr'>οὗτος</span> 
     </span>
    </p>
   </div>
   <div class='ocr_carea' id='block_1_95' title="bbox 536 4747 2202 4825">
    <p class='ocr_par' dir='ltr' id='par_1_95' title="bbox 536 4747 2175 4825">
     <span class='ocr_line' id='line_1_95' title="bbox 536 4747 2175 4825; baseline -0.008 -13"><span class='ocrx_word' id='word_1_733' title='bbox 536 4765 833 4821; x_wconf 84' lang='lat' dir='ltr'><strong>cataracta,</strong></span> <span class='ocrx_word' id='word_1_734' title='bbox 873 4771 1066 4825; x_wconf 88' lang='lat' dir='ltr'><strong>nempe</strong></span> <span class='ocrx_word' id='word_1_735' title='bbox 1096 4753 1149 4809; x_wconf 88' lang='lat' dir='ltr'><strong>in</strong></span> <span class='ocrx_word' id='word_1_736' title='bbox 1174 4763 1327 4825; x_wconf 83' lang='lat' dir='ltr'><strong>porta</strong></span> <span class='ocrx_word' id='word_1_737' title='bbox 1354 4750 1634 4819; x_wconf 87' lang='lat' dir='ltr'><strong>Benjamin</strong></span> <span class='ocrx_word' id='word_1_738' title='bbox 1666 4751 1732 4804; x_wconf 86' lang='lat' dir='ltr'><strong>ad</strong></span> <span class='ocrx_word' id='word_1_739' title='bbox 1766 4748 2101 4818; x_wconf 87' lang='lat' dir='ltr'><strong>superiorem</strong></span> <span class='ocrx_word' id='word_1_740' title='bbox 2137 4747 2175 4757; x_wconf 86' lang='lat'><strong><em>&quot;</em></strong></span> 
     </span>
    </p>
   </div>
   <div class='ocr_carea' id='block_1_96' title="bbox 2118 4747 3784 4825">
    <p class='ocr_par' dir='ltr' id='par_1_96' title="bbox 2137 4747 3784 4825">
     <span class='ocr_line' id='line_1_96' title="bbox 2137 4747 3784 4825; baseline 0.004 -23"><span class='ocrx_word' id='word_1_741' title='bbox 2137 4747 2175 4757; x_wconf 86' lang='grc'><strong>“’</strong></span> <span class='ocrx_word' id='word_1_742' title='bbox 2210 4750 2239 4802; x_wconf 90' lang='grc' dir='ltr'><strong>ό</strong></span> <span class='ocrx_word' id='word_1_743' title='bbox 2261 4747 2664 4819; x_wconf 73' lang='grc' dir='ltr'>καταρράκτης,</span> <span class='ocrx_word' id='word_1_744' title='bbox 2692 4751 2750 4803; x_wconf 70' lang='grc' dir='ltr'>ὲν</span> <span class='ocrx_word' id='word_1_745' title='bbox 2787 4752 2853 4821; x_wconf 81' lang='grc' dir='ltr'>τῇ</span> <span class='ocrx_word' id='word_1_746' title='bbox 2905 4749 3047 4825; x_wconf 78' lang='grc' dir='ltr'>πύλῃ</span> <span class='ocrx_word' id='word_1_747' title='bbox 3079 4751 3172 4805; x_wconf 81' lang='grc' dir='ltr'>τοῦ</span> <span class='ocrx_word' id='word_1_748' title='bbox 3204 4752 3490 4823; x_wconf 85' lang='grc' dir='ltr'>Βενιαμίν·</span> <span class='ocrx_word' id='word_1_749' title='bbox 3524 4752 3620 4808; x_wconf 75' lang='grc' dir='ltr'>καὶ</span> <span class='ocrx_word' id='word_1_750' title='bbox 3648 4752 3731 4808; x_wconf 79' lang='grc' dir='ltr'><strong>δτι</strong></span> <span class='ocrx_word' id='word_1_751' title='bbox 3755 4756 3784 4808; x_wconf 83' lang='grc' dir='ltr'><strong>ὁ</strong></span> 
     </span>
    </p>
   </div>
   <div class='ocr_carea' id='block_1_97' title="bbox 540 4836 2103 4917">
    <p class='ocr_par' dir='ltr' id='par_1_97' title="bbox 540 4836 2103 4917">
     <span class='ocr_line' id='line_1_97' title="bbox 540 4836 2103 4917; baseline -0.008 -14"><span class='ocrx_word' id='word_1_752' title='bbox 540 4846 1019 4917; x_wconf 73' lang='lat' dir='ltr'><strong>contignationem.</strong></span> <span class='ocrx_word' id='word_1_753' title='bbox 1041 4844 1390 4915; x_wconf 71' lang='lat' dir='ltr'><strong>Contignatio</strong></span> <span class='ocrx_word' id='word_1_754' title='bbox 1409 4849 1589 4897; x_wconf 90' lang='lat' dir='ltr'><strong>autem</strong></span> <span class='ocrx_word' id='word_1_755' title='bbox 1609 4856 1715 4896; x_wconf 90' lang='lat' dir='ltr'><strong>non</strong></span> <span class='ocrx_word' id='word_1_756' title='bbox 1740 4847 1858 4895; x_wconf 90' lang='lat' dir='ltr'><strong>erat</strong></span> <span class='ocrx_word' id='word_1_757' title='bbox 1878 4836 2103 4892; x_wconf 88' lang='lat' dir='ltr'><strong>alterius</strong></span> 
     </span>
    </p>
   </div>
   <div class='ocr_carea' id='block_1_98' title="bbox 537 4933 2106 5008">
    <p class='ocr_par' dir='ltr' id='par_1_98' title="bbox 537 4933 2106 5008">
     <span class='ocr_line' id='line_1_98' title="bbox 537 4933 2106 5008; baseline -0.002 -17"><span class='ocrx_word' id='word_1_758' title='bbox 537 4952 701 5008; x_wconf 84' lang='lat' dir='ltr'><strong>quam</strong></span> <span class='ocrx_word' id='word_1_759' title='bbox 737 4936 930 4990; x_wconf 90' lang='lat' dir='ltr'><strong>domus</strong></span> <span class='ocrx_word' id='word_1_760' title='bbox 956 4935 1192 4990; x_wconf 91' lang='lat' dir='ltr'><strong>Domini.</strong></span> <span class='ocrx_word' id='word_1_761' title='bbox 1223 4935 1344 4991; x_wconf 70' lang='lat' dir='ltr'><strong>lla-c</strong></span> <span class='ocrx_word' id='word_1_762' title='bbox 1370 4933 1607 5006; x_wconf 86' lang='lat' dir='ltr'><strong>Spiritus</strong></span> <span class='ocrx_word' id='word_1_763' title='bbox 1640 4941 1862 4988; x_wconf 88' lang='lat' dir='ltr'><strong>sanctus</strong></span> <span class='ocrx_word' id='word_1_764' title='bbox 1888 4934 2106 5005; x_wconf 86' lang='lat' dir='ltr'><strong>scripsit</strong></span> 
     </span>
    </p>
   </div>
   <div class='ocr_carea' id='block_1_99' title="bbox 536 5023 2100 5100">
    <p class='ocr_par' dir='ltr' id='par_1_99' title="bbox 536 5023 2100 5100">
     <span class='ocr_line' id='line_1_99' title="bbox 536 5023 2100 5100; baseline -0.006 -15"><span class='ocrx_word' id='word_1_765' title='bbox 536 5030 608 5085; x_wconf 86' lang='lat' dir='ltr'><strong>ob</strong></span> <span class='ocrx_word' id='word_1_766' title='bbox 631 5027 968 5100; x_wconf 88' lang='lat' dir='ltr'><strong>prophetiam</strong></span> <span class='ocrx_word' id='word_1_767' title='bbox 991 5028 1285 5098; x_wconf 82' lang='lat' dir='ltr'><strong>contigisse</strong></span> <span class='ocrx_word' id='word_1_768' title='bbox 1306 5027 1553 5081; x_wconf 59' lang='lat' dir='ltr'><strong>Ieremia</strong></span> <span class='ocrx_word' id='word_1_769' title='bbox 1577 5035 1799 5079; x_wconf 88' lang='lat' dir='ltr'><strong>auctore</strong></span> <span class='ocrx_word' id='word_1_770' title='bbox 1828 5023 2100 5088; x_wconf 74' lang='lat' dir='ltr'><strong>Pasclior;</strong></span> 
     </span>
    </p>
   </div>
   <div class='ocr_carea' id='block_1_100' title="bbox 535 5112 2103 5179">
    <p class='ocr_par' dir='ltr' id='par_1_100' title="bbox 535 5112 2103 5179">
     <span class='ocr_line' id='line_1_100' title="bbox 535 5112 2103 5179; baseline -0.008 -1"><span class='ocrx_word' id='word_1_771' title='bbox 535 5123 731 5179; x_wconf 88' lang='lat' dir='ltr'><strong>deinde</strong></span> <span class='ocrx_word' id='word_1_772' title='bbox 770 5121 846 5176; x_wconf 86' lang='lat' dir='ltr'><strong>ait</strong></span> <span class='ocrx_word' id='word_1_773' title='bbox 866 5121 909 5153; x_wconf 82' lang='grc'><strong>’⁸</strong></span> <span class='ocrx_word' id='word_1_774' title='bbox 940 5136 953 5173; x_wconf 92' lang='lat'><strong>:</strong></span> <span class='ocrx_word' id='word_1_775' title='bbox 992 5119 1282 5173; x_wconf 82' lang='lat' dir='ltr'><strong>Perendino</strong></span> <span class='ocrx_word' id='word_1_776' title='bbox 1325 5121 1411 5173; x_wconf 85' lang='lat' dir='ltr'><strong>die</strong></span> <span class='ocrx_word' id='word_1_777' title='bbox 1456 5116 1692 5171; x_wconf 77' lang='lat' dir='ltr'><strong>Paschor</strong></span> <span class='ocrx_word' id='word_1_778' title='bbox 1720 5116 1903 5175; x_wconf 74' lang='lat' dir='ltr'><strong>eduxit</strong></span> <span class='ocrx_word' id='word_1_779' title='bbox 1954 5112 2103 5167; x_wconf 69' lang='lat' dir='ltr'><strong>lere-</strong></span> 
     </span>
    </p>
   </div>
   <div class='ocr_carea' id='block_1_101' title="bbox 534 5204 2102 5274">
    <p class='ocr_par' dir='ltr' id='par_1_101' title="bbox 534 5204 2102 5274">
     <span class='ocr_line' id='line_1_101' title="bbox 534 5204 2102 5274; baseline -0.007 -6"><span class='ocrx_word' id='word_1_780' title='bbox 534 5214 700 5268; x_wconf 68' lang='lat' dir='ltr'><strong>iniam</strong></span> <span class='ocrx_word' id='word_1_781' title='bbox 729 5214 792 5266; x_wconf 87' lang='lat' dir='ltr'><strong>de</strong></span> <span class='ocrx_word' id='word_1_782' title='bbox 824 5218 1119 5274; x_wconf 85' lang='lat' dir='ltr'><strong>cataracta,</strong></span> <span class='ocrx_word' id='word_1_783' title='bbox 1151 5219 1201 5265; x_wconf 75' lang='lat' dir='ltr'><strong>et</strong></span> <span class='ocrx_word' id='word_1_784' title='bbox 1241 5211 1460 5262; x_wconf 81' lang='lat' dir='ltr'><strong>eductus</strong></span> <span class='ocrx_word' id='word_1_785' title='bbox 1501 5208 1759 5262; x_wconf 80' lang='lat' dir='ltr'><strong>leremias</strong></span> <span class='ocrx_word' id='word_1_786' title='bbox 1787 5205 1925 5259; x_wconf 74' lang='lat' dir='ltr'><strong>dixit</strong></span> <span class='ocrx_word' id='word_1_787' title='bbox 1962 5204 2102 5257; x_wconf 87' lang='lat' dir='ltr'><strong>Pas-</strong></span> 
     </span>
    </p>
   </div>
   <div class='ocr_carea' id='block_1_102' title="bbox 534 5300 2101 5362">
    <p class='ocr_par' dir='ltr' id='par_1_102' title="bbox 534 5300 2101 5362">
     <span class='ocr_line' id='line_1_102' title="bbox 534 5300 2101 5362; baseline -0.01 0"><span class='ocrx_word' id='word_1_788' title='bbox 534 5306 699 5362; x_wconf 78' lang='lat' dir='ltr'><strong>chor:</strong></span> <span class='ocrx_word' id='word_1_789' title='bbox 723 5303 849 5359; x_wconf 83' lang='lat' dir='ltr'><strong>Non</strong></span> <span class='ocrx_word' id='word_1_790' title='bbox 888 5302 1125 5357; x_wconf 75' lang='lat' dir='ltr'><strong>Pascltor</strong></span> <span class='ocrx_word' id='word_1_791' title='bbox 1166 5303 1364 5355; x_wconf 68' lang='lat' dir='ltr'><strong>vocarit</strong></span> <span class='ocrx_word' id='word_1_792' title='bbox 1411 5300 1663 5353; x_wconf 77' lang='lat' dir='ltr'><strong>Dominus</strong></span> <span class='ocrx_word' id='word_1_793' title='bbox 1700 5312 1885 5352; x_wconf 80' lang='lat' dir='ltr'><strong>nomen</strong></span> <span class='ocrx_word' id='word_1_794' title='bbox 1915 5306 2101 5361; x_wconf 80' lang='lat' dir='ltr'><strong>tuum;</strong></span> 
     </span>
    </p>
   </div>
   <div class='ocr_carea' id='block_1_103' title="bbox 2208 4835 3782 4915">
    <p class='ocr_par' dir='ltr' id='par_1_103' title="bbox 2208 4835 3782 4915">
     <span class='ocr_line' id='line_1_103' title="bbox 2208 4835 3782 4915; baseline 0.003 -22"><span class='ocrx_word' id='word_1_795' title='bbox 2208 4841 2597 4911; x_wconf 79' lang='grc' dir='ltr'>καταρῤἀκτης</span> <span class='ocrx_word' id='word_1_796' title='bbox 2618 4835 2685 4911; x_wconf 75' lang='grc' dir='ltr'>ἦν</span> <span class='ocrx_word' id='word_1_797' title='bbox 2714 4842 2772 4893; x_wconf 71' lang='grc' dir='ltr'>ὲν</span> <span class='ocrx_word' id='word_1_798' title='bbox 2798 4841 2950 4911; x_wconf 84' lang='grc' dir='ltr'>τόπῳ</span> <span class='ocrx_word' id='word_1_799' title='bbox 2975 4840 3105 4895; x_wconf 78' lang='grc' dir='ltr'>ενθα</span> <span class='ocrx_word' id='word_1_800' title='bbox 3131 4841 3380 4914; x_wconf 81' lang='grc' dir='ltr'>ὑπερῷον</span> <span class='ocrx_word' id='word_1_801' title='bbox 3408 4839 3505 4913; x_wconf 84' lang='grc' dir='ltr'>ἦν·</span> <span class='ocrx_word' id='word_1_802' title='bbox 3535 4841 3782 4915; x_wconf 80' lang='grc' dir='ltr'>ὑπερῷον</span> 
     </span>
    </p>
   </div>
   <div class='ocr_carea' id='block_1_104' title="bbox 2207 4931 3781 5006">
    <p class='ocr_par' dir='ltr' id='par_1_104' title="bbox 2207 4931 3781 5006">
     <span class='ocr_line' id='line_1_104' title="bbox 2207 4931 3781 5006; baseline 0.001 -21"><span class='ocrx_word' id='word_1_803' title='bbox 2207 4931 2264 4985; x_wconf 81' lang='grc' dir='ltr'>δὲ</span> <span class='ocrx_word' id='word_1_804' title='bbox 2298 4932 2399 4985; x_wconf 79' lang='grc' dir='ltr'>οὐκ</span> <span class='ocrx_word' id='word_1_805' title='bbox 2433 4931 2590 4986; x_wconf 78' lang='grc' dir='ltr'>ἄλλου</span> <span class='ocrx_word' id='word_1_806' title='bbox 2621 4933 2766 4996; x_wconf 77' lang='grc' dir='ltr'>τινος</span> <span class='ocrx_word' id='word_1_807' title='bbox 2801 4932 2835 5003; x_wconf 75' lang='grc' dir='ltr'><strong>ἢ</strong></span> <span class='ocrx_word' id='word_1_808' title='bbox 2866 4932 2960 4987; x_wconf 83' lang='grc' dir='ltr'><strong>τοῦ</strong></span> <span class='ocrx_word' id='word_1_809' title='bbox 2992 4933 3140 4988; x_wconf 84' lang='grc' dir='ltr'>οῐκου</span> <span class='ocrx_word' id='word_1_810' title='bbox 3175 4935 3402 5006; x_wconf 79' lang='grc' dir='ltr'>Κυρίου.</span> <span class='ocrx_word' id='word_1_811' title='bbox 3447 4932 3630 4987; x_wconf 82' lang='grc' dir='ltr'>Ταῦτα</span> <span class='ocrx_word' id='word_1_812' title='bbox 3661 4933 3781 4988; x_wconf 80' lang='grc' dir='ltr'><strong>ἀνέ-</strong></span> 
     </span>
    </p>
   </div>
   <div class='ocr_carea' id='block_1_105' title="bbox 2208 5021 3783 5095">
    <p class='ocr_par' dir='ltr' id='par_1_105' title="bbox 2208 5021 3783 5095">
     <span class='ocr_line' id='line_1_105' title="bbox 2208 5021 3783 5095; baseline 0.001 -20"><span class='ocrx_word' id='word_1_813' title='bbox 2208 5021 2416 5093; x_wconf 79' lang='grc' dir='ltr'>γραψεν</span> <span class='ocrx_word' id='word_1_814' title='bbox 2463 5022 2556 5075; x_wconf 75' lang='grc' dir='ltr'><strong>ἐπὶ</strong></span> <span class='ocrx_word' id='word_1_815' title='bbox 2602 5024 2668 5093; x_wconf 72' lang='grc' dir='ltr'>τῇ</span> <span class='ocrx_word' id='word_1_816' title='bbox 2706 5024 3011 5094; x_wconf 77' lang='grc' dir='ltr'>προφητείᾳ</span> <span class='ocrx_word' id='word_1_817' title='bbox 3046 5024 3327 5093; x_wconf 74' lang='grc' dir='ltr'>γεγονέναι</span> <span class='ocrx_word' id='word_1_818' title='bbox 3364 5025 3426 5077; x_wconf 83' lang='grc' dir='ltr'>τὸ</span> <span class='ocrx_word' id='word_1_819' title='bbox 3469 5023 3691 5095; x_wconf 82' lang='grc' dir='ltr'>Πνεῦμα</span> <span class='ocrx_word' id='word_1_820' title='bbox 3721 5022 3783 5077; x_wconf 77' lang='grc' dir='ltr'>τὸ</span> 
     </span>
    </p>
   </div>
   <div class='ocr_carea' id='block_1_106' title="bbox 2208 5112 3780 5186">
    <p class='ocr_par' dir='ltr' id='par_1_106' title="bbox 2208 5112 3780 5186">
     <span class='ocr_line' id='line_1_106' title="bbox 2208 5112 3780 5186; baseline 0.002 -20"><span class='ocrx_word' id='word_1_821' title='bbox 2208 5113 2360 5182; x_wconf 75' lang='grc' dir='ltr'>ἅγιον</span> <span class='ocrx_word' id='word_1_822' title='bbox 2397 5112 2475 5184; x_wconf 82' lang='grc' dir='ltr'>τῷ</span> <span class='ocrx_word' id='word_1_823' title='bbox 2519 5114 2782 5186; x_wconf 80' lang='grc' dir='ltr'>Ἱερεμίᾳ·</span> <span class='ocrx_word' id='word_1_824' title='bbox 2828 5115 3112 5183; x_wconf 79' lang='grc' dir='ltr'>γεγονέναι</span> <span class='ocrx_word' id='word_1_825' title='bbox 3154 5114 3212 5168; x_wconf 74' lang='grc' dir='ltr'>δὲ</span> <span class='ocrx_word' id='word_1_826' title='bbox 3244 5115 3349 5168; x_wconf 71' lang='grc' dir='ltr'><strong>ὑπὸ</strong></span> <span class='ocrx_word' id='word_1_827' title='bbox 3380 5115 3473 5168; x_wconf 79' lang='grc' dir='ltr'>τοῦ</span> <span class='ocrx_word' id='word_1_828' title='bbox 3522 5115 3780 5186; x_wconf 82' lang='grc' dir='ltr'>Πασχὼρ.</span> 
     </span>
    </p>
   </div>
   <div class='ocr_carea' id='block_1_107' title="bbox 2208 5202 3786 5276">
    <p class='ocr_par' dir='ltr' id='par_1_107' title="bbox 2208 5202 3786 5276">
     <span class='ocr_line' id='line_1_107' title="bbox 2208 5202 3786 5276; baseline -0.001 -17"><span class='ocrx_word' id='word_1_829' title='bbox 2208 5202 2343 5260; x_wconf 74' lang='grc' dir='ltr'><strong>Εἶτά</strong></span> <span class='ocrx_word' id='word_1_830' title='bbox 2388 5223 2548 5276; x_wconf 79' lang='grc' dir='ltr'>φησι·</span> <span class='ocrx_word' id='word_1_831' title='bbox 2589 5202 2667 5274; x_wconf 76' lang='grc' dir='ltr'><strong>Τῇ</strong></span> <span class='ocrx_word' id='word_1_832' title='bbox 2704 5205 2991 5275; x_wconf 74' lang='grc' dir='ltr'>ἐπαύριον</span> <span class='ocrx_word' id='word_1_833' title='bbox 3024 5210 3057 5260; x_wconf 85' lang='grc' dir='ltr'><em>ὀ</em></span> <span class='ocrx_word' id='word_1_834' title='bbox 3088 5206 3347 5275; x_wconf 82' lang='grc' dir='ltr'>Πασχὼρ</span> <span class='ocrx_word' id='word_1_835' title='bbox 3376 5205 3630 5276; x_wconf 69' lang='grc' dir='ltr'><strong>ἐξήγαγε</strong></span> <span class='ocrx_word' id='word_1_836' title='bbox 3682 5204 3786 5258; x_wconf 77' lang='grc' dir='ltr'><strong>τὸν</strong></span> 
     </span>
    </p>
   </div>
   <div class='ocr_carea' id='block_1_108' title="bbox 2222 5292 3786 5366">
    <p class='ocr_par' dir='ltr' id='par_1_108' title="bbox 2222 5292 3786 5366">
     <span class='ocr_line' id='line_1_108' title="bbox 2222 5292 3786 5366; baseline -0.004 -16"><span class='ocrx_word' id='word_1_837' title='bbox 2222 5297 2508 5366; x_wconf 72' lang='grc' dir='ltr'>Ἰερεμίαν</span> <span class='ocrx_word' id='word_1_838' title='bbox 2541 5296 2611 5350; x_wconf 83' lang='grc' dir='ltr'>ἐκ</span> <span class='ocrx_word' id='word_1_839' title='bbox 2652 5297 2758 5351; x_wconf 83' lang='grc' dir='ltr'>τοῦ</span> <span class='ocrx_word' id='word_1_840' title='bbox 2811 5296 3241 5365; x_wconf 66' lang='grc' dir='ltr'>καταρράκτου.</span> <span class='ocrx_word' id='word_1_841' title='bbox 3277 5296 3388 5351; x_wconf 81' lang='grc' dir='ltr'><strong>Καὶ</strong></span> <span class='ocrx_word' id='word_1_842' title='bbox 3438 5292 3607 5350; x_wconf 77' lang='grc' dir='ltr'>εἶπεν</span> <span class='ocrx_word' id='word_1_843' title='bbox 3649 5296 3786 5358; x_wconf 78' lang='grc' dir='ltr'><strong>ἐξα-</strong></span> 
     </span>
    </p>
   </div>
   <div class='ocr_carea' id='block_1_109' title="bbox 608 5430 2274 5511">
    <p class='ocr_par' dir='ltr' id='par_1_109' title="bbox 608 5434 2253 5511">
     <span class='ocr_line' id='line_1_109' title="bbox 608 5434 2253 5511; baseline -0.008 -9"><span class='ocrx_word' id='word_1_844' title='bbox 608 5447 653 5480; x_wconf 77' lang='grc'>¹⁸</span> <span class='ocrx_word' id='word_1_845' title='bbox 680 5445 878 5502; x_wconf 80' lang='lat' dir='ltr'><strong>Jerem.</strong></span> <span class='ocrx_word' id='word_1_846' title='bbox 900 5460 1057 5511; x_wconf 78' lang='lat' dir='ltr'><strong>xvm,</strong></span> <span class='ocrx_word' id='word_1_847' title='bbox 1086 5444 1175 5511; x_wconf 10' lang='lat'><strong>15.7</strong></span> <span class='ocrx_word' id='word_1_848' title='bbox 1232 5444 1274 5475; x_wconf 83' lang='grc'><strong>¹⁹</strong></span> <span class='ocrx_word' id='word_1_849' title='bbox 1301 5441 1444 5496; x_wconf 81' lang='lat' dir='ltr'><strong>Psal.</strong></span> <span class='ocrx_word' id='word_1_850' title='bbox 1476 5455 1630 5505; x_wconf 70' lang='lat' dir='ltr'><strong>mn,</strong></span> <span class='ocrx_word' id='word_1_851' title='bbox 1671 5439 1749 5493; x_wconf 84' lang='lat' dir='ltr'><strong>l8.</strong></span> <span class='ocrx_word' id='word_1_852' title='bbox 1812 5438 1857 5470; x_wconf 82' lang='lat'><strong>&quot;</strong></span> <span class='ocrx_word' id='word_1_853' title='bbox 1888 5434 2030 5490; x_wconf 80' lang='lat' dir='ltr'><strong>Psal.</strong></span> <span class='ocrx_word' id='word_1_854' title='bbox 2054 5450 2177 5501; x_wconf 74' lang='lat' dir='ltr'><strong>CXL,</strong></span> <span class='ocrx_word' id='word_1_855' title='bbox 2198 5435 2253 5489; x_wconf 72' lang='lat'><strong>2.</strong></span> 
     </span>
    </p>
   </div>
   <div class='ocr_carea' id='block_1_110' title="bbox 2121 5430 3787 5511">
    <p class='ocr_par' dir='ltr' id='par_1_110' title="bbox 2124 5430 3787 5501">
     <span class='ocr_line' id='line_1_110' title="bbox 2124 5430 3787 5501; baseline -0.004 -11"><span class='ocrx_word' id='word_1_856' title='bbox 2124 5450 2177 5501; x_wconf 79' lang='grc' dir='ltr'><strong>ι,</strong></span> <span class='ocrx_word' id='word_1_857' title='bbox 2198 5435 2253 5489; x_wconf 72' lang='lat'><strong>2.</strong></span> <span class='ocrx_word' id='word_1_858' title='bbox 2312 5436 2356 5468; x_wconf 70' lang='grc' dir='ltr'>’ί</span> <span class='ocrx_word' id='word_1_859' title='bbox 2386 5435 2528 5490; x_wconf 76' lang='lat' dir='ltr'><strong>Psal.</strong></span> <span class='ocrx_word' id='word_1_860' title='bbox 2548 5448 2681 5498; x_wconf 86' lang='lat' dir='ltr'><strong>cvn,</strong></span> <span class='ocrx_word' id='word_1_861' title='bbox 2703 5432 2758 5487; x_wconf 84' lang='grc'>7.</span> <span class='ocrx_word' id='word_1_862' title='bbox 2833 5435 2877 5466; x_wconf 82' lang='grc'>²²</span> <span class='ocrx_word' id='word_1_863' title='bbox 2896 5432 3066 5487; x_wconf 81' lang='lat' dir='ltr'><strong>Exod.</strong></span> <span class='ocrx_word' id='word_1_864' title='bbox 3096 5447 3256 5499; x_wconf 75' lang='grc' dir='ltr'>χχιιι,</span> <span class='ocrx_word' id='word_1_865' title='bbox 3283 5431 3371 5484; x_wconf 86' lang='grc'><strong>17.</strong></span> <span class='ocrx_word' id='word_1_866' title='bbox 3443 5433 3490 5463; x_wconf 70' lang='grc'><strong>’³</strong></span> <span class='ocrx_word' id='word_1_867' title='bbox 3511 5433 3668 5492; x_wconf 83' lang='lat' dir='ltr'><strong>ibid..</strong></span> <span class='ocrx_word' id='word_1_868' title='bbox 3696 5430 3787 5492; x_wconf 77' lang='lat' dir='ltr'><strong>lii.</strong></span> 
     </span>
    </p>
   </div>
   <div class='ocr_carea' id='block_1_111' title="bbox 537 5510 1407 5580">
    <p class='ocr_par' dir='ltr' id='par_1_111' title="bbox 537 5510 1407 5580">
     <span class='ocr_line' id='line_1_111' title="bbox 537 5510 1407 5580; baseline -0.006 -10"><span class='ocrx_word' id='word_1_869' title='bbox 537 5516 583 5550; x_wconf 74' lang='grc'><strong>⁸⁸</strong></span> <span class='ocrx_word' id='word_1_870' title='bbox 610 5515 809 5572; x_wconf 79' lang='lat' dir='ltr'><strong>Jercm.</strong></span> <span class='ocrx_word' id='word_1_871' title='bbox 836 5532 931 5580; x_wconf 80' lang='lat' dir='ltr'><strong>xx,</strong></span> <span class='ocrx_word' id='word_1_872' title='bbox 965 5518 1016 5570; x_wconf 83' lang='grc'>1.</span> <span class='ocrx_word' id='word_1_873' title='bbox 1046 5510 1049 5511; x_wconf 44' lang='grc'><strong><em>⁷</em></strong></span> <span class='ocrx_word' id='word_1_874' title='bbox 1091 5516 1137 5546; x_wconf 80' lang='grc'><strong>’⁸</strong></span> <span class='ocrx_word' id='word_1_875' title='bbox 1170 5510 1324 5578; x_wconf 72' lang='lat' dir='ltr'><strong>ibid,</strong></span> <span class='ocrx_word' id='word_1_876' title='bbox 1354 5513 1407 5565; x_wconf 83' lang='lat'><strong>5.</strong></span> 
     </span>
    </p>
   </div>
   <div class='ocr_carea' id='block_1_112' title="bbox 612 5640 2103 5718">
    <p class='ocr_par' dir='ltr' id='par_1_112' title="bbox 612 5640 2103 5718">
     <span class='ocr_line' id='line_1_112' title="bbox 612 5640 2103 5718; baseline -0.009 -12"><span class='ocrx_word' id='word_1_877' title='bbox 612 5649 691 5717; x_wconf 74' lang='grc'><strong>(1)</strong></span> <span class='ocrx_word' id='word_1_878' title='bbox 728 5653 862 5706; x_wconf 77' lang='lat' dir='ltr'><strong>Cod.</strong></span> <span class='ocrx_word' id='word_1_879' title='bbox 896 5652 1051 5716; x_wconf 87' lang='lat' dir='ltr'><strong>Vat.,</strong></span> <span class='ocrx_word' id='word_1_880' title='bbox 1090 5651 1322 5704; x_wconf 81' lang='grc' dir='ltr'>ὲκκλινεῖ</span> <span class='ocrx_word' id='word_1_881' title='bbox 1363 5648 1504 5718; x_wconf 70' lang='grc' dir='ltr'>ὕδωρ</span> <span class='ocrx_word' id='word_1_882' title='bbox 1552 5645 1741 5716; x_wconf 80' lang='grc' dir='ltr'>βιαίως</span> <span class='ocrx_word' id='word_1_883' title='bbox 1788 5640 2103 5712; x_wconf 80' lang='grc' dir='ltr'>φερόμενον,</span> 
     </span>
    </p>
   </div>
   <div class='ocr_carea' id='block_1_113' title="bbox 543 5720 1169 5793">
    <p class='ocr_par' dir='ltr' id='par_1_113' title="bbox 543 5720 1169 5793">
     <span class='ocr_line' id='line_1_113' title="bbox 543 5720 1169 5793; baseline 0.008 -23"><span class='ocrx_word' id='word_1_884' title='bbox 543 5720 631 5770; x_wconf 62' lang='lat' dir='ltr'><strong>xei.</strong></span> <span class='ocrx_word' id='word_1_885' title='bbox 650 5721 756 5792; x_wconf 70' lang='grc' dir='ltr'>γὰρ</span> <span class='ocrx_word' id='word_1_886' title='bbox 788 5722 899 5775; x_wconf 81' lang='grc' dir='ltr'>ἄνω</span> <span class='ocrx_word' id='word_1_887' title='bbox 926 5721 1169 5793; x_wconf 74' lang='grc' dir='ltr'>φέρεται.</span> 
     </span>
    </p>
   </div>
   <div class='ocr_carea' id='block_1_114' title="bbox 2285 5634 3795 5708">
    <p class='ocr_par' dir='ltr' id='par_1_114' title="bbox 2285 5634 3795 5708">
     <span class='ocr_line' id='line_1_114' title="bbox 2285 5634 3795 5708; baseline 0.001 -14"><span class='ocrx_word' id='word_1_888' title='bbox 2285 5639 2359 5708; x_wconf 76' lang='lat'><strong>(2)</strong></span> <span class='ocrx_word' id='word_1_889' title='bbox 2413 5639 2701 5693; x_wconf 69' lang='grc' dir='ltr'>Ἐγὼπιόν</span> <span class='ocrx_word' id='word_1_890' title='bbox 2745 5652 2860 5692; x_wconf 83' lang='grc' dir='ltr'><strong>σου</strong></span> <span class='ocrx_word' id='word_1_891' title='bbox 2878 5651 2892 5666; x_wconf 94' lang='grc'><strong>·</strong></span> <span class='ocrx_word' id='word_1_892' title='bbox 2930 5634 3147 5703; x_wconf 81' lang='grc' dir='ltr'>οὐκοῦν,</span> <span class='ocrx_word' id='word_1_893' title='bbox 3183 5642 3291 5692; x_wconf 83' lang='lat' dir='ltr'><strong>etc.</strong></span> <span class='ocrx_word' id='word_1_894' title='bbox 3336 5634 3394 5692; x_wconf 90' lang='lat' dir='ltr'><strong>ln</strong></span> <span class='ocrx_word' id='word_1_895' title='bbox 3424 5636 3614 5695; x_wconf 75' lang='lat' dir='ltr'><strong>codice</strong></span> <span class='ocrx_word' id='word_1_896' title='bbox 3653 5638 3795 5695; x_wconf 76' lang='lat' dir='ltr'><strong>Sco-</strong></span> 
     </span>
    </p>
   </div>
   <div class='ocr_carea' id='block_1_115' title="bbox 2218 5710 2784 5765">
    <p class='ocr_par' dir='ltr' id='par_1_115' title="bbox 2218 5710 2784 5765">
     <span class='ocr_line' id='line_1_115' title="bbox 2218 5710 2784 5765; baseline -0.002 -2"><span class='ocrx_word' id='word_1_897' title='bbox 2218 5710 2338 5765; x_wconf 88' lang='lat' dir='ltr'><strong>rial.</strong></span> <span class='ocrx_word' id='word_1_898' title='bbox 2368 5711 2537 5763; x_wconf 78' lang='lat' dir='ltr'><strong>ntulta</strong></span> <span class='ocrx_word' id='word_1_899' title='bbox 2567 5711 2784 5763; x_wconf 72' lang='lat' dir='ltr'><strong>desunt.</strong></span> 
     </span>
    </p>
   </div>
  </div>
