4218 6292
475 363 581 420 4‘87

1891 361 2214 419 ORIGENIS

3604 388 3709 448 688

476 489 781 546 maledictis
810 490 1114 553 verberant,
1138 496 1190 540 ct
1213 485 1412 539 Paulus
1441 482 1506 539 ad
1534 484 1803 554 eiusmodi
1839 484 2024 555 princi-

2140 483 2436 557 ἀρχιερέως
2458 483 2615 553 λόγου
2638 487 3122 559 προστασσόμενοι,
3140 487 3725 549 Ἐδιωναϊοιτὺπτουσι

474 598 597 650 pem
644 584 1006 645 sacerdotum,
1042 595 1231 633 eorum
1267 595 1460 648 ncmpc
1507 580 1729 647 impiam
1781 589 2037 640 mentem,

472 672 551 724 ait
585 689 599 725 :
636 669 894 724 Perculiet
928 680 976 721 te
1007 668 1165 722 Deus.
1210 667 1276 722 Et
1312 678 1396 723 est
1443 668 1747 722 istiusmodi
1790 668 2040 736 princeps

471 761 814 815 sacerdotum
861 760 912 812 in
946 759 1232 828 superlicie
1261 759 1541 827 speciosus
1579 769 1632 812 et
1679 759 1859 828 paries
1888 758 2039 813 deal-

456 848 650 911 'ltatus,
689 850 834 903 intus
865 865 994 902 vero
1027 857 1366 903 mortuorum
1402 848 1619 901 ossibus
1650 847 1908 916 omnique
1937 847 2040 900 im-

468 941 734 996 munditia
765 942 978 1010 plenus.
1029 939 1168 1008 Quid
1213 951 1394 994 autem
1435 940 1502 994 dc
1534 939 1775 993 Pauloet
1802 936 2036 991 Ieremia

466 1032 697 1103 loquar?
734 1032 852 1102 ipse
894 1047 1050 1086 meus
1094 1030 1354 1085 Dominus
1390 1028 1551 1085 Jesus
1580 1028 1835 1083 Christus
1860 1028 2033 1082 ait":

467 1121 692 1175 Dorsum
721 1134 891 1173 meum
930 1119 1051 1173 dedi
1090 1117 1159 1171 ad
1198 1116 1432 1187 ﬂagella,
1454 1124 1502 1169 et
1527 1114 1775 1167 maxillas
1802 1128 1943 1165 meas
1967 1111 2037 1163 ad

465 1212 675 1280 alapas,
700 1221 749 1265 et
779 1210 968 1278 faciem
999 1224 1167 1263 meam
1191 1224 1295 1261 non
1319 1206 1483 1260 averti
1507 1204 1571 1258 ab
1600 1202 1891 1274 opprobriis
1913 1215 2037 1269 spu-

466 1314 660 1357 torum.
697 1301 822 1357 Haec
861 1300 1220 1371 simpliciores
1254 1300 1345 1352 illo
1380 1306 1590 1351 tantum
1622 1304 1864 1364 tempore
1894 1292 2038 1346 acci-

463 1395 613 1449 disse
638 1395 954 1464 opinantur,
1002 1407 1125 1446 cum
1170 1391 1461 1461 ﬂagellavit
1497 1404 1624 1443 eutn
1652 1385 1879 1450 Pilatus,
1908 1400 2032 1439 cum

459 1484 635 1541 Judaei
657 1489 921 1539 adversus
949 1499 1074 1539 eum
1106 1483 1393 1538 consilium
1420 1481 1691 1543 inierunt;
1724 1492 1827 1548 ego
1852 1485 2031 1530 autem

460 1575 647 1632 Iesum
675 1577 830 1631 video
862 1577 1085 1631 dorsum
1116 1588 1275 1629 suum
1306 1572 1550 1642 quotidie
1576 1569 1643 1624 ad
1669 1568 1877 1639 ﬂagella
1898 1568 2035 1620 dan-

463 1676 594 1719 tem.
631 1663 913 1734 Ingredere
943 1663 995 1716 in
1026 1661 1337 1717 Judteorum
1365 1672 1688 1731 synagogas,
1709 1665 1765 1711 et
1798 1655 1918 1710 vide
1945 1653 2034 1709 Je-

464 1773 589 1812 sttm
622 1757 691 1811 ab
714 1755 845 1825 ipsis
874 1769 967 1809 ore
990 1754 1252 1809 maledico
1274 1751 1544 1807 dilaniati.
1570 1747 1731 1818 255
1755 1744 1888 1801 Vide
1904 1762 2035 1816 gett-

2138 576 2230 628 τδν
2248 575 2572 631 Ἀπόστολον
2586 576 2761 648 Ἰησοῦ
2785 577 3023 650 Χριστοῦ
3049 579 3229 648 λόγοις
3259 580 3593 654 δυσφήμοις·
3625 586 3722 640 καὶ

2140 663 2349 727 Παῦλός
2381 680 2513 735 φησι
2549 665 2686 737 πρὸς
2720 665 2814 719 τὸν
2856 666 3098 724 τοιοῦτον
3135 667 3294 738 λόγον
3323 670 3587 743 ἀρχιερέα
3620 675 3683 728 τό
3702 691 3718 708 ·

2145 755 2392 808 Τύπτειν
2431 771 2506 809 σε
2548 755 2760 824 μέλλει
2814 760 2848 811 d
2889 758 3055 824 Θεός.
3101 758 3213 811 Καὶ
3253 757 3402 813 ἔστιν
3430 762 3459 814 ὀ
3479 762 3720 828 τοιοῦτος

2137 844 2427 916 ἀρχιερεὺς
2465 844 2525 910 se
2557 845 2821 918 ἐπιπολῆς
2850 848 3051 919 ὡραῖος
3070 889 3087 915 ,
3128 849 3225 904 καὶ
3257 850 3437 922 τοῖχος
3468 869 3720 909 κεκονια-

2175 930 2356 1005 μένος,
2405 934 2607 988 ἔσωθεν
2644 937 2830 1006 γέμων
2874 938 3074 992 ὀστέων
3125 941 3357 1013 νεκρῶν,
3400 928 3495 997 καὶ
3535 947 3717 1018 πάσης

2137 1023 2498 1096 ἀκαθαρσίας.
2532 1027 2597 1079 Τί
2625 1027 2683 1081 δὲ
2705 1027 2848 1096 λέγω
2884 1030 3013 1101 περὶ
3038 1030 3254 1085 Παύλου
3284 1033 3378 1086 καὶ
3421 1033 3711 1107 Ἱερεμίου;

2135 1114 2307 1178 Αὐτός
2333 1132 2435 1187 μου
2464 1117 2493 1167 ό
2516 1116 2718 1190 Κύριος
2757 1118 2965 1188 Ἰησοῦς
2989 1121 3225 1192 Χριστός
3249 1140 3382 1191 φησι
3399 1141 3414 1155 ο
3463 1125 3574 1179 Τὸν
3596 1126 3712 1181 νῶ-

2135 1206 2240 1258 τόν
2257 1224 2377 1274 μου
2400 1206 2592 1261 ἔδωκα
2608 1209 2696 1274 είς
2717 1207 3038 1280 μάστιγας,
3066 1213 3175 1278 τὰς
3197 1212 3267 1266 δὲ
3291 1216 3590 1284 martia-ag.
3592 1235 3714 1285 μου

2134 1298 2222 1359 εἰς
2261 1296 2632 1364 ῥαπίσματα,
2666 1296 2736 1351 τὸ
2778 1296 2849 1351 δὲ
2895 1300 3222 1367 πρόσωπόν
3250 1321 3371 1372 μου
3411 1307 3525 1360 οὐκ
3565 1307 3713 1362 ἁπέ-

2135 1389 2369 1455 στρεψα
2417 1386 2537 1442 ἀπὸ
2560 1390 2855 1460 αίσχύνης
2902 1390 3359 1462 ἐμπτυσμάτων.
3433 1397 3618 1453 Ταῦτα
3661 1401 3712 1454 οί

2134 1477 2379 1549 ἀκέραιοι
2422 1477 2601 1533 ἴσασιν
2624 1480 2717 1532 ἐπὶ
2747 1478 2839 1534 τὸν
2864 1481 2986 1535 τότε
3022 1482 3181 1553 μόνον
3209 1486 3422 1556 καιρὸν,
3454 1488 3543 1542 ὅτε
3573 1492 3713 1561 ἐμα-

2168 1570 2401 1637 τίγωσεν
2446 1569 2606 1623 αὑτὸν
2650 1572 2678 1624 ό
2729 1570 2981 1637 Πιλάτος,
3024 1574 3114 1627 ὅτε
3150 1575 3537 1632 ἐϐουλεύσαντο
3589 1582 3710 1634 κατ’

2134 1661 2301 1714 αὑτοῦ
2361 1660 2640 1715 Ἰουδαῖοι·
2697 1661 2808 1731 ἐγὼ
2849 1663 2906 1718 δὲ
2961 1663 3143 1735 βλέπω
3192 1667 3284 1721 τὸν
3343 1669 3548 1740 Ἰησοῦν
3588 1673 3711 1726 καθ’

2135 1752 2349 1821 ἡμέραν
2376 1750 2712 1815 διδόντατδν
2746 1753 2915 1808 νῶτον
2947 1755 3110 1809 αὑτοῦ
3151 1758 3231 1820 εἰς
3258 1759 3547 1828 μάστιγας.
3585 1761 3710 1814 Εἴσ-

460 1850 586 1902 titcs
603 1853 981 1914 congregatos,
1005 1842 1295 1898 consilium
1330 1841 1579 1894 ineuntes
1596 1840 1856 1892 adversus
1878 1834 2024 1890 Chri-

2136 1841 2255 1895 ελθε
2285 1843 2364 1905 εἰς
2394 1842 2494 1905 τάς
2530 1842 2640 1896 τῶν
2684 1844 2954 1911 Ἰουδαίων
2988 1825 3339 1915 ωναγωτάς,
3376 1825 3468 1903 καὶ
3511 1851 3584 1904 ίδε
3617 1852 3710 1904 τὸν

462 1939 690 2000 stianos,
716 1951 826 2006 quo
855 1945 1011 2004 pacto
1025 1932 1208 1988 Iesum
1226 1932 1461 2000 capiant.
1498 1928 1565 1982 Et
1585 1929 1699 1998 ipse
1715 1927 1937 1982 dorsum
1961 1926 2028 1979 ad

468 2030 676 2100 ﬂagella
701 2028 920 2098 praebet.
940 2025 1236 2079 Considera
1268 2021 1500 2075 Verbum
1526 2020 1616 2072 Dei
1638 2017 2030 2074 contumeliose

459 2118 727 2181 habitum,
759 2112 1061 2169 maledictis
1083 2109 1558 2173 lacessitum,odio
1580 2108 1821 2160 habitum
1853 2105 1921 2159 alt
1945 2105 2029 2157 in-

459 2205 733 2270 ﬁdelibus,
763 2205 885 2259 vide
909 2213 968 2257 ut
997 2202 1245 2257 maxillas
1264 2200 1473 2254 dederit
1503 2199 1566 2251 ad
1587 2198 1772 2266 alapas
1792 2213 1807 2259 ;
1825 2205 1880 2250 et
1900 2210 2025 2249 cum

460 2297 724 2360 docuerit,
762 2306 821 2351 ut
846 2296 893 2350 si
923 2294 1046 2365 quis
1097 2303 1147 2348 te
1186 2291 1515 2362 percusserit
1552 2291 1605 2344 in
1638 2306 1745 2344 una
1785 2289 2024 2350 maxilla,

462 2388 710 2446 obvertas
744 2387 818 2439 illi
845 2394 899 2440 et
928 2384 1154 2438 alteram
1189 2382 1255 2447 ³³,
1286 2383 1336 2435 id
1367 2381 1546 2450 ipsum
1571 2382 1685 2449 ipse
1716 2379 1895 2433 faciat.
1923 2376 2027 2432 Tot

458 2488 587 2540 sunt
602 2481 693 2550 qui
720 2480 895 2547 ipsum
926 2477 1097 2544 alapis
1116 2474 1418 2544 percutiant
1431 2481 1486 2526 et
1502 2470 1791 2541 ﬂagellent,
1808 2479 1861 2524 et
1879 2471 2025 2535 silet,

456 2584 636 2630 etnon
660 2570 936 2640 loquitur;
967 2569 1231 2637 scriptum
1248 2564 1492 2620 estenim
1521 2564 1697 2633 ipsum
1720 2564 1773 2615 in
1803 2561 2026 2632 ﬂagellis

457 2664 642 2731 silere,
670 2673 728 2717 et
752 2660 946 2716 faciem
973 2673 1147 2727 usque
1178 2655 1341 2711 modo
1393 2670 1498 2709 non
1547 2653 1741 2709 avertit
1778 2668 1808 2706 a
1833 2662 2025 2707 contuv

453 2754 614 2811 melia
655 2760 963 2823 sputorum.
1004 2749 1141 2815 Quis
1186 2761 1376 2801 eorum
1416 2745 1511 2815 qui
1554 2743 1860 2798 doctrinam
1903 2743 2024 2812 eius

451 2852 829 2907 contemnunt,
862 2856 1038 2910 usque
1063 2840 1114 2893 in
1148 2838 1289 2892 hanc
1311 2836 1456 2891 diem
1481 2834 1886 2906 quodammodo
1914 2848 2020 2889 non

452 2938 706 3007 conspuit
731 2934 915 2989 Jcsutn
947 2933 1061 2986 hate
1090 2928 1447 2985 tolerantem?

2152 1931 2354 2002 Ἰησοῦν
2417 1931 2508 1985 ὑπ’
2569 1932 2748 1986 αὐτῶν
2808 1936 2875 2006 τῇ
2940 1934 3160 2008 γλώσσῃ
3210 1938 3309 2008 τῆς
3365 1939 3707 2009 βλασφημίας

2137 2022 2586 2094 μαστιγούμενον.
2637 2025 2745 2079 Ἴδε
2772 2028 2898 2091 τοὺς
2928 2028 3036 2081 ἀπὸ
3062 2030 3170 2082 τῶν
3195 2029 3364 2084 ἐθνῶν
3397 2032 3703 2103 συναγομέ-

2132 2132 2275 2178 νους,
2325 2115 2748 2187 βουλευομένους
2787 2120 2929 2174 κατά
2951 2122 3311 2193 Χριστιανῶν,
3356 2124 3477 2179 τίνα
3506 2126 3704 2197 τρόπον

2130 2204 2463 2275 λαμϐάνουσι
2497 2205 2587 2259 τὸν
2632 2206 2861 2278 Ἰησοῦν.
2899 2210 3165 2274 Κάκεῖνος
3182 2212 3273 2266 τὸν
3308 2213 3499 2268 ἑαυτοῦ
3539 2215 3707 2269 νῶτον

2130 2294 2342 2349 δίδωσιν
2386 2296 2468 2365 είς
2505 2295 2794 2367 μάστιγας.
2833 2301 3100 2355 Κατανόει
3122 2292 3471 2374 ὑϐριζόμενον
3500 2305 3589 2359 τὸν
3614 2306 3706 2360 τοῦ

2131 2383 2265 2439 Θεοῦ
2301 2385 2497 2455 Λόγον,
2545 2388 3026 2462 κακολογοὺμενον,
3081 2393 3408 2465 μισούμενον
3452 2395 3559 2448 ὑπὸ
3599 2396 3709 2452 τῶν

2130 2474 2373 2530 ἀπίστων
2394 2495 2408 2509 ·
2444 2478 2575 2550 ὅρα,
2622 2478 2704 2533 ὅτι
2746 2479 2847 2542 τὰς
2887 2483 3141 2549 σιαγόνας
3189 2483 3385 2537 ἔδωκεν
3417 2485 3497 2548 είς
3544 2486 3704 2555 ῥαπί-

2133 2582 2316 2636 σματα
2339 2583 2354 2598 ο
2405 2567 2499 2621 καὶ
2530 2567 2765 2636 διδάξας,
2809 2570 2925 2635 ὅτι,
2958 2570 3055 2624 ὲάν
3089 2572 3267 2644 τύπτῃ
3294 2573 3379 2636 τίς
3409 2590 3468 2627 σε
3499 2577 3579 2639 είς
3603 2577 3704 2647 τὴν

2132 2657 2375 2725 σιαγόνα,
2411 2658 2640 2730 στρέψον
2671 2661 2764 2714 καὶ
2795 2661 2895 2733 τὴν
2935 2660 3121 2732 ἀλλην,
3165 2663 3327 2727 αὐτὸς
3371 2665 3502 2718 αὑτὸ
3539 2668 3700 2721 ποιεῖ.

2130 2747 2389 2802 Ἰ¹οσοῦτοι
2417 2749 2579 2804 αὑτὸν
2613 2751 2902 2821 ῥαπίζουσι
2920 2790 2935 2816 ,
2965 2752 3058 2806 καὶ
3087 2753 3428 2823 μαστιγοῦσι,
3459 2756 3554 2809 καὶ
3579 2772 3709 2810 σιω-

2128 2839 2226 2911 πᾷ,
2263 2840 2359 2894 καὶ
2403 2840 2464 2894 οὑ
2504 2841 2653 2897 λαλεῖ
2678 2859 2693 2874 δ
2747 2844 3156 2914 ἀναγέγραπται
3200 2844 3309 2918 γάρ
3345 2845 3420 2918 μὴ
3450 2845 3626 2900 λαλῶν
3646 2849 3705 2900 ὲν

2129 2928 2209 3001 τῷ
2267 2931 2709 3010 μαστιγοῦσθαι·
2772 2936 2867 2989 καὶ
2921 2934 2983 2989 τὸ
3042 2935 3332 3008 πρόσωπον
3390 2937 3553 3009 μέχρι
3603 2936 3701 2991 τοὺ

450 3028 612 3101 δεῦρο
665 3025 871 3097 Ἰησοῦς
931 3023 1030 3076 οὑκ
1083 3019 1419 3092 ἀπέστρεψεν
1468 3017 1578 3071 ἀπὸ
1615 3018 1876 3089 αἰσχύνης
1932 3017 2358 3091 ὲμπτυσμάτων.
2411 3019 2506 3083 Τίς
2560 3021 2671 3076 τῶν
2728 3020 3168 3088 ὲξευτελιζόντων
3212 3023 3312 3095 τὴν
3355 3023 3700 3080 διδασκαλίαν

453 3120 571 3189 οὐχὶ
611 3116 773 3171 οἱονεὶ
810 3111 1039 3183 ἐμπτύει
1074 3111 1234 3185 μέχρι
1262 3109 1359 3164 τοῦ
1389 3108 1551 3181 δεῦρο
1573 3106 1654 3180 τῷ
1692 3108 1867 3180 Ἰησοῦ
1889 3109 2243 3181 ἀνεχομὲνῳ;

523 3208 611 3262 t5.
659 3204 778 3260 .lam
816 3214 988 3261 restat
1022 3212 1081 3258 ut
1120 3211 1242 3273 post
1283 3203 1560 3274 prophetat
1595 3201 2024 3274 percussionem,
2052 3208 2096 3266 (ζ

450 3298 519 3354 de
543 3299 667 3352 aliis
693 3296 964 3367 percussis
984 3295 1342 3358 disseramus,
1377 3294 1525 3349 verbi
1567 3292 1741 3365 gratia
1778 3293 1846 3348 de
1879 3291 2025 3362 Apo-

452 3389 616 3456 stolo,
646 3397 701 3444 et
724 3389 772 3442 si
806 3388 930 3458 quis
962 3387 1102 3442 alius
1132 3400 1422 3456 percussus
1449 3393 1551 3451 est,
1581 3399 1683 3439 nec
1705 3399 1811 3439 non
1854 3383 1923 3439 de
1955 3383 2025 3439 iis

449 3501 572 3554 qua:
619 3497 813 3554 passus
855 3489 939 3536 est
981 3478 1161 3535 Iesus.
1209 3476 1483 3531 Percussit
1536 3475 1730 3546 itaque
1782 3473 2025 3529 Pascitur

449 3574 736 3629 Ieremiam
781 3572 1106 3642 prophetam,
1149 3579 1199 3622 et
1241 3570 1383 3624 misit
1433 3583 1553 3622 eum
1601 3568 1657 3621 in
1694 3575 2024 3621 cataractam

446 3683 564 3737 qua
596 3674 712 3720 erat
755 3666 809 3719 in
842 3672 999 3735 porta
1030 3661 1309 3730 Beniamin
1331 3659 1490 3714 “-ln
1529 3658 1810 3729 superiore
1848 3657 2023 3714 conti-

449 3759 706 3831 gnatione
735 3755 1016 3826 Beniamin
1047 3762 1164 3809 erat
1187 3761 1482 3807 cataracta.
1507 3751 1589 3806 Ad
1605 3749 1889 3822 Beniamin
1907 3750 2022 3804 ha:-

448 3853 729 3908 reditatem
766 3848 999 3920 pertinet
1038 3845 1340 3902 Jerusalem
1387 3845 1441 3899 in
1476 3859 1586 3914 qua
1630 3842 1891 3912 templum
1926 3840 2021 3897 Dei

447 3943 645 3998 divinis
675 3940 999 3997 lectionibus
1050 3938 1394 4009 deputatum,
1430 3944 1491 3991 ut
1533 3933 1884 3990 manifestum
1931 3932 2023 3988 ﬂet

448 4036 495 4092 si
522 4048 809 4106 percurras
837 4047 898 4087 ea
928 4046 1049 4102 qua:
1075 4031 1128 4087 in
1159 4029 1299 4084 libro
1326 4026 1471 4082 Nave
1496 4027 1564 4082 de.
1596 4026 1882 4082 sortitione
1908 4033 2019 4080 ter-

447 4142 523 4181 ra:
551 4125 750 4195 scripta
794 4132 939 4185 sunt.
983 4122 1251 4189 Quoniam
1297 4121 1464 4191 igitur
1510 4117 1771 4188 templum
1815 4124 1933 4172 erat
1963 4115 2018 4170 in

447 4217 760 4272 haereditate
785 4214 1061 4285 Beniamin
1084 4213 1178 4283 qtti
1212 4213 1597 4281 interpretatur
1624 4208 1771 4278 ﬁlius
1794 4208 2015 4272 dextra,

445 4305 583 4361 nihil
609 4306 752 4360 enim
782 4306 1065 4360 sinistrum
1107 4312 1192 4359 est
1239 4304 1384 4357 circa
1426 4300 1687 4370 templum
1736 4297 1852 4363 Dei,
1896 4297 2018 4352 ideo

444 4399 534 4454 hic
560 4399 722 4454 mittit
741 4398 798 4452 in
823 4406 1171 4461 cataractam,
1196 4411 1313 4466 quis
1336 4403 1450 4449 erat
1477 4396 1530 4446 in
1563 4401 1717 4461 porta
1737 4389 2018 4458 Beniamin

444 4487 855 4562 contignationis
908 4485 1197 4555 superioris
1256 4484 1312 4537 in
1367 4483 1523 4535 domo
1586 4480 1813 4535 Domini.
1874 4477 2017 4533 Misit

2199 3200 2277 3259 Ἦ
2315 3205 2599 3260 ἀκολουθεῖ
2640 3205 2717 3278 (Ι)
2760 3205 2838 3277 τῷ
2885 3206 3231 3279 πεπατάχθαι
3273 3209 3368 3263 τὸν
3419 3211 3703 3284 προφήτην

2123 3294 2488 3367 διηγήσασθαι
2529 3297 2658 3362 τοὺς
2697 3296 3091 3368 παταχθέντας,
3133 3299 3209 3365 ὡς
3252 3298 3372 3368 φέρ’
3405 3303 3579 3365 εἰπεῖν
3609 3302 3702 3358 τὸν

2134 3387 2478 3452 Ἇπόστολον,
2496 3388 2600 3443 -καὶ
2629 3388 2684 3442 εί
2710 3405 2794 3453 τις
2826 3389 2983 3454 ἄλλος
3021 3391 3388 3457 πεπάτακται,
3422 3397 3702 3467 παραστῆ-

2125 3496 2214 3534 σαι
2246 3480 2325 3551 (2)
2370 3481 2465 3535 καὶ
2492 3481 2561 3534 τά
2592 3481 2720 3554 περὶ
2749 3481 2910 3536 αὑτὸν
2947 3482 3038 3536 τὸν
3087 3482 3315 3554 Ἰησοῦν.
3371 3484 3703 3551 Ἐπάταεον

2121 3566 2215 3625 οὗν
2270 3571 2530 3642 Πασχὼρ
2557 3572 2666 3627 τὸν
2729 3573 3017 3642 Ἰερεμίαν
3068 3574 3175 3629 τὸν
3217 3574 3551 3644 προφήτην,
3600 3578 3699 3632 καί

2119 3663 2337 3718 ἔϐαλεν
2362 3665 2552 3719 αὐτὸν
2571 3669 2663 3732 εις
2690 3664 3120 3733 ωταρῤάκτην,
3147 3664 3215 3732 ὃς
3239 3663 3319 3737 ἦν
3340 3666 3412 3719 ἐν
3434 3666 3511 3736 τῇ
3533 3669 3699 3739 πύλῃ

2120 3755 2422 3824 Βενιαμίν.
2447 3754 2553 3808 Τοῦ
2580 3756 2827 3826 ὑπερῴου
2853 3754 2948 3808 τοῦ
2977 3754 3235 3826 Βενιαμὶν
3256 3755 3285 3807 ὁ
3313 3757 3701 3829 καταρρἀκτης

2117 3839 2220 3918 ἦν’
2254 3845 2348 3900 τοῦ
2387 3846 2644 3918 Βενιαμὶν
2676 3845 2999 3918 κληροδοσία
3029 3847 3181 3903 ἐστὶν
3215 3847 3598 3920 Ἰερουσαλὴμ,
3637 3850 3700 3907 ἐν

2118 3932 2153 4010 ᾖ
2181 3937 2212 3988 6
2235 3939 2361 4002 ναὸς
2395 3937 2490 3993 τοὺ
2522 3938 2658 3994 Θεοῦ
2685 3938 2794 3993 τῶν
2823 3938 2985 3993 θείων
3013 3939 3478 4011 ἀναγνωσμάτων,
3506 3940 3583 4004 ὡς
3607 3942 3699 3995 εὑ-

2122 4028 2309 4100 ρήσεις
2350 4029 2415 4082 ἐκ
2451 4029 2554 4100 τῆς
2602 4028 3099 4100 ἀναγεγραμμένης
3139 4028 3492 4100 κληροδοσίας
3537 4031 3597 4083 ἑν
3627 4031 3694 4102 τῇ

2116 4120 2212 4173 τοῦ
2251 4120 2430 4192 Ναυῆ.
2478 4120 2630 4175 Ἐπεὶ
2665 4117 2759 4175 οὖν
2796 4125 2825 4176 ὁ
2862 4121 2989 4185 ναὸς
3031 4116 3100 4192 ἦν
3139 4123 3206 4192 τῇ
3247 4120 3571 4194 κληροδοσίᾳ
3601 4120 3695 4176 τοῦ

2117 4209 2398 4277 Βενιαμὶν,
2438 4209 2499 4274 δς
2546 4209 2908 4283 ἑρμηνεύεται
2948 4209 3080 4275 υίὸς
3124 4207 3329 4275 δεξιᾶς
3371 4209 3541 4280 (οὐδὲν
3587 4211 3698 4283 γάρ

2120 4300 2266 4353 ἐστιν
2293 4301 2580 4371 ἀριστερὸν
2612 4301 2742 4372 περὶ
2773 4301 2864 4354 τὸν
2896 4300 3023 4355 ναὸν
3062 4299 3158 4354 τοῦ
3190 4299 3349 4369 Θεοῦ)
3369 4317 3383 4330 ·
3418 4300 3507 4355 διά
3536 4301 3695 4355 τοῦτο

2112 4384 2267 4459 οὗτος
2298 4389 2478 4459 βάλλει
2502 4390 2590 4451 είς
2616 4387 2724 4441 τὸν
2750 4387 3188 4457 ωταρῤάπην,
3224 4387 3293 4455 ὃς
3315 4389 3396 4458 ἦν
3418 4391 3487 4443 ἐν
3518 4392 3681 4461 πύλῃ

2114 4479 2395 4548 Βενιαμὶν
2419 4476 2524 4529 τοῦ
2551 4474 2817 4545 ὑπερῴου
2839 4477 2911 4530 ἐν
2938 4478 3083 4544 οἴκῳ
3104 4480 3343 4548 Κυρίου.
3372 4481 3570 4535 Ἐὁαλε
3592 4481 3686 4534 τὸν

446 4551 761 4650 prophetam
814 4577 868 4631 in
925 4551 1278 4631 cataractam.
1334 4572 1625 4627 Precctnnr
1679 4581 1731 4625 et
1776 4585 1911 4631 nos,
1956 4577 2016 4624 ut

2130 4574 2405 4644 προφήτην
2433 4571 2513 4634 εἰς
2544 4570 2634 4623 τὸν
2658 4567 3070 4640 καταρράκτην.
3105 4567 3213 4622 Καὶ
3247 4567 3407 4638 ἡμεῖς
3438 4583 3693 4640 παρακα-

446 4676 784 4737 assumptum
816 4663 1109 4721 Jeremiam
1134 4663 1428 4718 evehamus
1461 4660 1513 4714 in
1542 4668 1746 4729 partetn
1764 4656 2014 4726 superio-

444 4774 560 4813 rem
577 4758 767 4814 domus
785 4778 800 4826 ;
820 4773 984 4830 quam
1002 4771 1223 4814 sensum
1237 4769 1357 4811 esse
1372 4752 1657 4809 sublimem
1674 4749 2013 4806 etexcclsum

443 4848 724 4903 ostendam
749 4864 779 4902 e
811 4846 1117 4918 Scriptura,
1147 4846 1236 4900 tthi
1263 4847 1330 4900 de
1360 4842 1567 4900 sanctis
1616 4848 1843 4895 testatur
1881 4853 2013 4909 pro-

443 4939 637 5009 pltetas
682 4936 751 4991 ab
798 4937 932 5007 ipsis
976 4934 1147 4991 fuisse
1198 4937 1252 4989 in
1303 4933 1583 5004 superiore
1629 4932 1822 4986 domus
1863 4941 2014 5000 parte

401 5049 407 5055 η
441 5037 715 5099 exceptos.
751 5027 808 5082 ln
837 5029 973 5083 libro
993 5028 1153 5082 tertio
1173 5024 1379 5097 Regum
1404 5024 1663 5093 scriptum
1690 5032 1774 5078 est
1795 5022 2009 5077 viduam

444 5125 501 5179 in
537 5119 806 5192 Sarephta
835 5118 1070 5174 Sidonia:
1097 5116 1266 5172 Eliam
1299 5115 1615 5187 prophetam
1661 5113 1714 5168 in
1745 5113 2010 5183 superiori

439 5214 635 5268 domus
665 5220 819 5281 parte
847 5210 1161 5280 excepisse;
1194 5216 1249 5263 et
1298 5208 1438 5262 libro
1476 5214 1696 5276 quarto,
1727 5218 1852 5274 quae
1896 5202 2008 5256 Eli-

440 5319 609 5360 szeum
633 5301 892 5372 suscepit,
924 5299 1292 5356 habitaculum
1336 5296 1438 5366 ipsi
1477 5295 1799 5365 praeparavit
1830 5294 1883 5346 in
1911 5308 2009 5346 su-

437 5394 638 5464 periori
685 5393 880 5450 domus
909 5402 1079 5462 parte.
1112 5388 1371 5445 Peccator
1396 5401 1526 5442 vero
1558 5384 1826 5439 Ocltozias
1853 5399 1885 5439 e
1914 5397 2011 5437 su-

503 5536 549 5568 "
577 5533 682 5591 lsa.
723 5551 776 5603 ι,
796 5538 853 5593 ϐ.
959 5533 1005 5565 ³³
1030 5531 1164 5589 Luc.
1198 5547 1274 5597 vr,
1298 5529 1391 5584 29.
1469 5526 1514 5559 ³⁸
1536 5524 1734 5581 Jerem.
1761 5525 1932 5591 “,2.

507 5673 585 5743 (ί)
614 5668 690 5727 Ἦ
715 5673 1052 5743 ἀκολουθεῖ.
1076 5672 1247 5743 Lego,
1275 5672 1376 5743 ἢδη
1407 5666 1706 5743 ἀκολουθεῖ.
1750 5620 1768 5639 .

509 5736 586 5813 (2)
626 5742 1035 5810 Παραστῆσαι.
1068 5736 1230 5815 Lego,
1257 5736 1735 5808 καὶ’παραστῆσαι
1760 5736 1849 5791 τά.

2118 4661 2319 4733 λῶμεν,
2340 4661 2448 4726 ἵνα,
2481 4660 2732 4724 λαδόντες
2760 4659 2856 4713 νῦν
2884 4658 2975 4712 τὸν
3009 4656 3294 4730 Ἰερεμίαν,
3329 4659 3411 4721 είς
3439 4657 3500 4711 τὸ
3527 4658 3695 4730 ὑπερ-

2118 4751 2224 4823 ῷον
2270 4750 2690 4821 ἀναδιδάσωμεν
2746 4751 2806 4805 ἑν
2859 4750 2992 4820 οίκῳ
3031 4747 3256 4820 Κυρίου.
3321 4747 3599 4820 ’Υπερῷον
3636 4749 3693 4803 δὲ

2118 4841 2210 4898 τὸν
2236 4841 2360 4896 νοῦν
2376 4841 2577 4912 ὑψηλὸν
2602 4841 2695 4895 καὶ
2724 4840 3030 4914 ἐπῃρμένον
3060 4837 3219 4904 δείξω
3237 4838 3338 4909 τῆς
3355 4838 3576 4910 Γραφῆς
3592 4840 3689 4909 (5),

2116 4935 2205 4988 ὅτε
2253 4935 2518 5005 μαρτυρεί
2551 4934 2662 4996 τοῖς
2704 4932 2878 5003 ἁγίοις
2903 4969 2918 4993 ,
2962 4932 3045 4985 ὅτι
3095 4933 3174 4995 είς
3206 4930 3277 4984 τὰ
3314 4929 3538 5001 ὑπερῷα
3566 4930 3692 4993 τοὺς

2119 5022 2404 5094 προφήτας
2430 5021 2774 5089 ὑπεδέξαντο.
2822 5022 2910 5075 Ἐν
2940 5024 3007 5094 τῇ
3033 5020 3190 5094 τρίτῃ
3220 5019 3329 5075 τῶν
3360 5017 3692 5074 Βασιλειῶν

2117 5113 2528 5185 ἀναγέγραπται
2588 5114 2734 5186 χήρα
2776 5111 3151 5184 ὑποδεξαμένη
3198 5112 3291 5167 τὸν
3365 5110 3548 5165 Ἠλίαν
3599 5109 3691 5163 τὸν

2115 5206 2401 5277 προφήτην
2421 5207 2481 5258 ἐν
2510 5205 2763 5277 Σαρεφθᾷ
2793 5205 2893 5275 τῆς
2918 5203 3194 5270 Σιδωνίας,
3220 5204 3343 5275 ἥτις
3369 5206 3449 5267 είς
3474 5204 3534 5257 τὸ
3560 5204 3692 5256 ὑπε-

2116 5292 2254 5364 ρῷον
2290 5292 2471 5363 αὑτῆς
2495 5292 2702 5358 ἐξένισε
2738 5293 2830 5346 τὸν
2868 5294 3189 5365 προφήτην⁹
3241 5293 3336 5347 καὶ
3388 5295 3446 5346 ὲν
3492 5295 3558 5365 τῇ
3602 5309 3691 5345 τε-

2112 5384 2287 5459 τάρτῃ
2320 5386 2355 5456 η
2383 5385 2472 5438 τὸν
2519 5384 2817 5438 Ἐλισσαῖον
2847 5382 3219 5455 ὑποδεξαμένη
3245 5383 3571 5457 ηὑτρέπισεν
3596 5382 3690 5438 αὑ-

2188 5671 2265 5741 (ὄ)
2312 5668 2423 5738 Τῆς
2455 5666 2716 5741 Γραφῆςο
2747 5668 2912 5739 ιθεο,
2937 5668 3001 5722 ὲκ
3026 5665 3128 5737 τῆς
3159 5665 3404 5742 Γραφῆςο
