4218 6292
453 287 559 345 «189

1584 284 1649 340 IN
1681 282 2028 341 JEREMIAM
2066 283 2352 342 IIOMILIA
2391 285 2578 342 XVIII.

3587 302 3694 359 £90

455 408 536 481 τῷ
563 401 710 462 οῐκον
744 408 822 471 είς
854 405 915 460 τὸ
950 405 1220 478 ὑπερῷον.
1259 407 1316 460 Ὀ
1342 406 1767 479 δὲ’ἀμαρτωλὺς,
1788 407 2018 479 Ὀχοζίας

2131 408 2327 478 periori
2360 420 2511 480 parte
2535 410 2719 481 lapsus
2744 420 2848 476 est,
2878 421 2931 469 et
2960 411 3060 468 tibi
3085 411 3244 471 Iesus
3274 416 3518 488 praecipit
3543 427 3602 475 ut
3626 437 3692 477 ex

458 499 651 555 Ξπεσεν
674 498 777 553 ἀπὸ
803 497 894 550 τοῦ
920 497 1187 569 ὑπερῴου.
1215 497 1324 551 Καί
1352 515 1431 551 σοι
1457 498 1514 552 δὲ
1557 499 1762 569 Ἰησοῦς
1795 500 2025 554 ἐντέλλε-

457 609 545 647 ται
566 591 636 661 μὴ
661 588 1008 644 καταϐαίνειν
1028 589 1093 643 ἐκ
1118 588 1212 642 τοῦ
1228 588 1498 660 δώματος.
1520 591 1687 645 Ὅταν
1708 592 1836 661 γὰρ,
1864 593 2018 663 φησι,

457 682 577 737 τάδε
616 681 709 734 καὶ
738 680 866 734 τάδε
894 680 1152 752 γένηται,
1203 683 1336 735 τότε
1388 685 1420 736 ό
1460 682 1560 735 ἐπὶ
1605 683 1710 737 τοῦ
1758 682 2022 753 δώματος

449 772 532 844 μὴ
567 770 874 827 καταϐάτω
910 765 1048 840 ἆραι
1080 772 1152 826 τὰ
1182 772 1252 826 ἐκ
1286 771 1393 839 τῆς
1419 773 1608 841 οἰκίας
1634 773 1842 828 αὑτοῦ.
1877 775 1932 827 '0
1963 775 2021 827 ὲν

448 868 555 927 τοῖς
585 864 853 936 διωγμοῖς
883 865 1097 936 φεύγων
1118 867 1237 937 οὐχὶ
1264 867 1343 930 είς
1373 865 1528 937 δῶμα
1563 867 1637 939 μὴ
1664 866 2020 931 ἀναϐαινὰω,

444 956 557 1010 ἀλλ’
586 956 652 1011 ἐκ
683 957 779 1011 τοῦ
811 956 1058 1029 δώματος
1086 959 1160 1030 μὴ
1184 954 1560 1012 καταϐαινέτω
1581 955 1712 1029 ἆραι
1736 958 1804 1012 τά
1836 960 1899 1012 ὲκ
1924 959 2021 1029 τῆς

440 1048 621 1112 οἰκίας
663 1048 852 1102 αὑτοῦ.
898 1048 1076 1103 Καλὸν
1106 1045 1200 1103 οὖν
1237 1051 1297 1101 ἐν
1344 1047 1611 1119 ὑπερῲοις
1652 1045 1811 1114 εἶναι,
1856 1049 2020 1103 καλὸν

442 1121 511 1192 ἐν’
532 1137 780 1210 δώμασιν
825 1134 998 1204 εἶναι,
1045 1138 1137 1194 καὶ
1180 1139 1295 1196 ἀνω
1340 1157 1441 1193 που
1477 1139 1783 1210 τυγχάνειν.
1832 1140 1940 1194 Καὶ
1972 1142 2019 1194 oi

440 1230 738 1303 θαυμάσιοι
774 1233 830 1287 δὲ
856 1232 1162 1296 ἀπόστολοι,
1200 1232 1276 1296 ὡς
1314 1233 1372 1286 ἐν
1411 1234 1532 1296 ταῖς
1561 1232 1863 1301 Πράξεσιν
1893 1235 2021 1287 ἀνα-

438 1323 752 1394 γέγραπται
793 1321 992 1388 αὑτῶν,
1047 1323 1210 1394 ἡνίκα
1248 1324 1342 1377 ἐπὶ
1380 1323 1439 1376 τὸ
1475 1322 1607 1376 αὐτὸ
1641 1322 1809 1377 όντων
1840 1324 2018 1379 αὑτῶν

439 1414 731 1487 ἐσχόλαζον
750 1416 870 1478 ταῖς
895 1415 1085 1484 εὐχαῖς
1099 1414 1193 1467 καὶ
1221 1413 1300 1485 τῷ
1322 1414 1464 1487 λόγῳ
1478 1415 1573 1469 τοῦ
1590 1414 1745 1481 Θεοῦ,
1774 1419 1830 1471 ὲν
1851 1420 2018 1489 ὑπερ-

440 1502 536 1576 ῴῳ
567 1499 708 1576 ἦσαν
725 1519 739 1534 ·
773 1503 871 1557 καὶ
886 1503 1008 1557 ἐπεὶ
1027 1497 1167 1572 ἦσαν
1193 1504 1251 1557 ἐν
1285 1504 1537 1576 ὑπερῴῳ,
1561 1505 1659 1558 οὑκ
1680 1500 1819 1575 ἦσαν
1834 1507 2010 1560 κιίιτω⁹

438 1596 531 1651 διὰ
551 1596 710 1652 τοῦτο
732 1596 1023 1666 ὤφθησαν
1042 1596 1245 1663 αὐτοῖς
1259 1576 1715 1668 διαμεριζόμεναι
1743 1598 2015 1670 γλῶσσαι

436 1690 579 1744 ὡσεί
595 1690 802 1759 πυρός.
837 1690 994 1745 Ἀλλά
1011 1691 1102 1744 καὶ
1122 1690 1325 1761 Πέτρος
1347 1690 1506 1761 ήνίκα
1522 1690 1804 1762 ἀνέπεμπε
1818 1690 2014 1763 τὴνεύ-

439 1782 542 1853 χὴν
573 1782 647 1855 τῷ
665 1782 804 1853 Θεῷ,
825 1781 1007 1851 ἀνέϐη
1030 1785 1118 1849 εἰς
1131 1783 1196 1836 τὸ
1212 1779 1378 1852 δῶμα
1396 1799 1410 1813 ·
1429 1782 1522 1849 καὶ
1537 1783 1585 1835 εί
1604 1781 1678 1854 μὴ
1688 1782 2012 1854 ἀναϐεϐήκει

439 1874 518 1937 είς
535 1873 593 1926 τὸ
614 1872 788 1945 δῶμα,
802 1874 901 1928 οὑκ
922 1873 987 1928 ἃν
1003 1870 1140 1928 εἶδεν
1156 1872 1215 1940 ἐξ
1224 1873 1283 1926 οὑ
1291 1873 1450 1945 ρανοῦ
1467 1872 1791 1928 καταϐαῖνον
1818 1873 2014 1938 σκεῦος

437 1965 513 2029 ὡς
526 1965 717 2037 ὀθόνην
727 1966 1016 2037 τέσσαρσιν
1032 1968 1226 2038 ἀρχαῖς
1236 1965 1558 2035 καθιέμενον
1573 1965 1636 2018 ἐκ
1654 1963 1748 2019 τοῦ
1761 1963 2010 2036 οὑρανοῦ.

451 2056 612 2110 Ἀλλά
626 2058 766 2128 καὶὴ
789 2057 889 2120 τὰς
918 2056 1284 2127 ἐλεημοσύνας
1311 2054 1584 2126 ποιήσασα
1618 2055 1845 2120 Ταϐιθὰ,
1879 2054 2012 2122 ἣτις

436 2149 883 2218 ἐρμηνευομένη
900 2148 1136 2219 λέγεται
1154 2149 1394 2218 Δορκὰς,
1421 2148 1572 2202 κάτω
1592 2147 1692 2201 οὑκ
1707 2143 1795 2218 ἦν,
1818 2146 1930 2201 ἀλλ’
1956 2149 2013 2202 ἐν

435 2240 519 2310 τῷ
557 2237 810 2309 ὑπερῴῳ,
851 2239 983 2292 ὅπου
1017 2238 1223 2302 ἀναϐὰς
1278 2239 1482 2305 Πέτρος
1514 2236 1808 2309 ἀνέστησεν
1846 2237 2014 2309 αὑτὴν

436 2328 549 2382 ἀπὸ
572 2327 684 2381 τῶν
723 2327 951 2399 νεκρῶν.
1014 2328 1171 2382 ’Λλλά
1220 2329 1316 2382 καὶ
1378 2327 1582 2399 Ἰησοῦς
1607 2366 1622 2393 ,
1672 2327 1872 2399 ταύτην
1915 2328 2013 2400 τὴν

433 2419 649 2494 ἑορτὴν,
694 2415 765 2493 ἦς
802 2419 864 2473 τὸ
895 2420 1158 2492 σύμϐολον
1185 2419 1444 2492 ποιοῦμεν
1475 2420 1537 2474 τὸ
1567 2421 1781 2492 Πάσχα,
1808 2420 2012 2492 μέλλων

442 2510 716 2583 ἑορτάζειν
762 2510 901 2583 μετά
947 2511 1055 2565 τῶν
1102 2511 1359 2584 μαθητῶν
1386 2551 1402 2576 ,
1448 2511 1867 2585 πυνθανομένων
1913 2513 2011 2566 αὑ-

433 2602 542 2656 τῶν
564 2618 579 2634 ·
615 2602 737 2658 Ποῦ
777 2602 970 2669 θέλεις
992 2600 1393 2673 ἑτοιμάσωμέν
1416 2618 1515 2657 σοι
1564 2602 1628 2657 τὸ
1650 2602 1864 2672 Πάσχα
1887 2619 1907 2667 ;
1934 2600 2011 2657 εἶ-

433 2708 540 2747 πεο
573 2692 1004 2763 Πορευομένοις
1034 2690 1371 2771 ἀπαντήσει
1405 2693 1549 2763 ὑμῖν
1572 2692 1884 2763 ἄνθρωπος
1914 2711 2009 2749 κε-

429 2782 643 2854 ράμιον
671 2783 891 2850 ὕδατος
915 2781 1258 2848 ,βαστάζων
1293 2784 1503 2849 ἐκείνῳ
1531 2782 2002 2861 ἀκολουθήσατε.

449 2873 700 2941 Ἐκεῖνος
719 2874 862 2942 ὑμῖν
881 2873 1063 2939 δείξει
1091 2870 1357 2943 ἀνώτεον
1369 2872 1542 2944 μέγα,
1565 2874 1942 2944 ἐστρωμένον
1984 2918 2001 2944 ,

433 2965 870 3036 σεσαρωμένον,
893 2966 1154 3036 ἕτοιμον·
1172 2965 1669 3036 ὲκεῖἐτοιμάσατε.
1689 2962 1874 3032 Οὐδεὶς
1891 2964 2004 3034 οῦν,

2120 509 2267 557 tecto
2297 518 2405 558 non
2455 503 2772 559 descendas.
2818 503 3051 572 Etenim,
3092 505 3285 576 inquit,
3313 525 3437 565 cum
3484 510 3601 568 haec
3639 524 3694 569 et

2123 591 2213 647 illa
2248 594 2547 659 evenerint.
2584 605 2706 650 tunc
2735 598 2823 666 qui
2866 597 2920 650 in
2962 604 3096 651 tecto
3130 606 3229 662 est,
3262 617 3362 654 non
3407 602 3689 658 descendat

2124 685 2305 740 tollere
2327 700 2443 756 qum
2466 686 2523 738 in
2552 685 2707 739 domo
2739 700 2836 738 sua
2865 696 2985 740 sunt
3011 685 3076 740 ³⁸.
3103 684 3207 752 Qui
3250 692 3687 757 persecutionum

2122 788 2360 847 tempore
2412 776 2579 847 fugit,
2622 777 2669 830 ei
2714 791 2819 830 non
2868 777 3091 831 vetitum
3142 787 3224 833 est
3270 795 3339 834 ne
3381 780 3436 834 in
3488 792 3687 839 tectum

2122 867 2402 933 ascendat,
2428 867 2521 921 sed
2552 881 2619 921 ne
2643 865 2934 921 descendat
2969 868 3036 921 de
3076 876 3215 923 tecto
3255 871 3443 926 tollere
3475 888 3596 943 quae
3632 874 3689 931 in

2120 959 2283 1012 domo
2315 975 2414 1013 sua
2448 967 2593 1013 sunt.
2625 958 2833 1013 Bonum
2861 969 2944 1015 est
2979 960 3141 1030 igitur
3183 963 3236 1016 in
3283 966 3548 1033 superiori
3592 967 3692 1023 do-

2124 1065 2245 1103 mus
2272 1057 2423 1119 parte
2449 1063 2591 1114 esse,
2620 1049 2821 1104 bonum
2849 1050 2901 1103 in
2928 1053 3086 1106 tectis
3125 1055 3350 1119 versari,
3377 1062 3431 1108 et
3459 1056 3689 1111 celsiora

2123 1139 2378 1194 incolere.
2412 1138 2630 1206 Quin'ct
2663 1140 2968 1196 admirandi
3001 1145 3251 1212 apostoli,
3284 1153 3343 1198 ut
3380 1145 3433 1199 in
3467 1146 3689 1204 Actibus

2119 1246 2307 1286 eorum
2335 1231 2563 1301 legimus
2587 1230 2655 1297 ³⁸,
2686 1248 2810 1285 cum
2857 1231 2910 1285 in
2957 1249 3122 1287 unum
3156 1232 3319 1306 256
3349 1236 3527 1292 locum
3557 1254 3688 1294 con-

2120 1323 2321 1393 gregati
2367 1322 2705 1378 orationibus
2752 1323 3026 1393 verboque
3067 1324 3250 1380 divino
3289 1328 3584 1397 vacabant,
3628 1333 3721 1395 in,

2118 1401 2385 1482 superiori
2421 1413 2617 1468 domus
2656 1425 2809 1484 parte
2852 1422 3028 1480 erant,
3076 1415 3130 1469 in
3176 1431 3283 1487 qua
3327 1433 3451 1475 cum
3479 1433 3684 1490 essent,

2119 1498 2260 1556 inira
2295 1516 2403 1555 non
2430 1510 2616 1570 erant;
2663 1502 2893 1572 ideoque
2928 1514 3285 1573 apparuerunt
3326 1507 3435 1563 illis
3482 1511 3687 1581 disper-

2118 1593 2232 1647 tita:
2260 1591 2453 1664 lingua:
2481 1601 2731 1663 tanquam
2757 1595 2892 1664 ignis
2915 1595 2980 1650 ³⁷.
3008 1593 3072 1650 Ει
3098 1592 3292 1654 Petrus
3319 1602 3536 1668 quando
3558 1618 3684 1673 prc-

2118 1698 2208 1739 ces
2237 1683 2346 1739 Deo
2372 1683 2653 1749 fundebat,
2683 1686 2988 1740 ascenderat
3012 1689 3071 1742 in
3096 1691 3370 1760 superiora
3395 1692 3461 1761 ³⁸,
3489 1709 3598 1764 quo
3625 1697 3682 1751 ni

2114 1775 2469 1841 ascendisset,
2506 1791 2783 1846 nunquam
2828 1777 3052 1834 vidisset
3090 1795 3122 1836 e
3162 1782 3304 1837 cmlo
3347 1783 3682 1844 descendens

2115 1882 2231 1930 ras,
2258 1867 2412 1936 quasi
2435 1867 2659 1921 linteum
2683 1882 2713 1921 e
2737 1868 2873 1923 ccelo
2898 1879 3137 1939 quatuor
3161 1872 3334 1929 initiis
3357 1876 3678 1936 demissum.

2115 1956 2219 2013 Sed
2246 1969 2302 2014 et
2337 1958 2426 2012 illa
2471 1974 2595 2029 qua;
2621 1959 2991 2031 elecmosynas
3035 1961 3263 2019 iaciebat
3304 1965 3526 2024 Tabitlm
3564 1990 3682 2043 quae

2114 2051 2457 2118 interpretata
2494 2049 2688 2103 dicitur
2730 2048 2932 2103 Dorcas
2969 2051 3034 2115 ³⁸,
3082 2051 3221 2106 infra
3262 2069 3370 2109 non
3406 2067 3541 2126 erat,
3585 2066 3680 2117 sed

2114 2140 2169 2194 in
2201 2140 2469 2211 superiori
2493 2140 2690 2196 domus
2737 2148 2907 2211 parte,
2945 2141 3013 2196 ad
3048 2158 3210 2212 quam
3252 2149 3548 2205 ascendens
3583 2152 3682 2209 Pe-

2115 2239 2233 2286 trus
2267 2231 2437 2302 ipsam
2473 2246 2502 2286 a
2543 2233 2774 2287 mortuis
2814 2234 3115 2288 suscitavit.
3160 2233 3277 2306 ipse
3314 2238 3477 2293 etiam
3523 2241 3681 2301 Jesus

2111 2322 2511 2378 solemnitatem
2533 2323 2697 2388 hanc,
2715 2323 2872 2393 cujus
2898 2325 3200 2395 symbolum
3225 2328 3455 2398 agimus,
3472 2329 3678 2387 Pascha

2112 2429 2220 2467 una
2265 2429 2389 2470 cum
2429 2415 2712 2484 discipulis
2759 2415 3149 2483 celebraturus,
3196 2419 3560 2492 interrogatus
3610 2424 3678 2478 ab

2110 2505 2257 2561 illis:
2286 2503 2386 2560 Ubi
2411 2506 2487 2560 uis
2519 2521 2764 2576 paremus
2794 2505 2886 2560 tibi
2913 2505 3160 2563 Pascite?
3194 2510 3331 2566 dixit
3359 2529 3372 2566 :
3416 2509 3677 2571 Euntibus

2107 2593 2249 2649 vobis
2276 2608 2508 2650 occurret
2525 2596 2678 2649 homo
2694 2596 2930 2667 lagonam
2957 2614 3109 2669 aqua:
3123 2596 3675 2674 bajalans,sequimini

2104 2700 2248 2754 ειιιιι,
2282 2686 2392 2756 ipse
2410 2687 2644 2741 ostendet
2676 2686 2818 2740 vobis
2844 2689 3167 2743 miraculum
3193 2693 3394 2761 grande
3424 2707 3673 2760 stratum.

2106 2779 2275 2847 scopis
2299 2778 2631 2843 mundatum,
2653 2787 2922 2849 paratum,
2939 2780 3012 2835 ibi
3027 2792 3215 2851 parate
3228 2784 3291 2838 “.
3310 2782 3480 2844 Nemo
3512 2790 3678 2860 igitur

2106 2871 2314 2928 Pascha
2337 2871 2635 2940 celebrans,
2651 2870 3023 2937 utJesusvult,
3042 2874 3182 2931 infra
3197 2882 3536 2937 cmnaculum
3555 2895 3638 2941 est
3658 2902 3673 2950 ;

2108 2965 2201 3018 sed
2218 2962 2262 3018 si
2280 2963 2404 3033 quis
2418 2963 2651 3018 celebrat
2666 2978 2791 3019 cum
2804 2962 2953 3034 Iesu,
2967 2969 3216 3037 superius
3228 2971 3375 3026 estin
3391 2987 3567 3030 coeunt
3582 2979 3673 3031 ulo

431 3059 492 3112 τὸ
506 3059 694 3130 Πάσχα
705 3058 870 3113 ποιῶν
885 3059 960 3122 ὡς
974 3058 1179 3130 Ἰησοῦς
1193 3059 1456 3131 βούλεται,
1472 3059 1622 3113 κάτω
1633 3058 1749 3112 ἐστὶ
1763 3057 1855 3112 τοῦ
1874 3060 2005 3114 ἀνω-

2110 3072 2326 3129 magno,
2365 3058 2419 3112 in
2451 3058 2732 3113 caenaculo
2768 3059 2946 3129 scopis
2982 3061 3260 3127 mundata,
3294 3064 3348 3118 in
3391 3071 3674 3124 caenaculo

432 3147 559 3217 γέου
578 3165 592 3179 ·
612 3148 747 3201 ἀλλά
759 3149 902 3212 εἴτις
925 3147 1172 3220 ἑορτάζει
1187 3149 1323 3220 μετά
1338 3147 1434 3201 τοῦ
1450 3148 1645 3221 Ἰησοῦ,
1661 3148 1928 3203 ἀνωὲστὶν
1943 3149 2002 3202 ὲν

433 3238 656 3306 ἀνωγέῳ
684 3239 925 3310 μεγάλῳ,
949 3241 1005 3293 ὲν
1018 3240 1238 3311 ἀνωγέῳ
1278 3240 1660 3311 σεσαρωμένῳ,
1696 3242 1754 3295 ἐν
1781 3242 2004 3314 ἀνωγέῳ

431 3346 673 3404 κεκοσμη
682 3332 825 3403 μένῳ
838 3333 931 3385 καὶ
943 3333 1161 3404 ἑτοίμῳ.
1179 3332 1303 3388 Ἐὰν
1319 3333 1373 3387 δὲ
1386 3332 1590 3405 ἀναϐῇς
1610 3333 1724 3405 μετ’
1740 3333 1903 3388 αὑτοῦ
1918 3335 2005 3388 ἵνα

431 3408 693 3499 ἐορτάσῃς
719 3424 778 3477 τὸ
803 3424 996 3494 Πάσχα
1013 3462 1028 3487 ,
1044 3424 1226 3477 δίδωσί
1256 3441 1337 3477 σοι
1365 3424 1458 3477 καὶ
1484 3424 1576 3479 τὸν
1601 3423 1762 3495 ἄρτον
1784 3425 1883 3496 τῆς
1912 3425 2005 3478 εὑ-

429 3513 614 3584 λογίας
638 3517 699 3569 τὸ
737 3516 894 3585 σῶμα
920 3514 1132 3581 ἑαυτοῦ,
1167 3515 1262 3569 καὶ
1297 3516 1358 3569 τὸ
1389 3512 1524 3586 αἷμα
1557 3515 1748 3570 ἐαυτοῦ
1774 3514 1999 3586 χαρίζε-

429 3622 537 3663 ται.
566 3607 665 3661 Διά
695 3608 853 3661 τοῦτο
883 3607 1306 3679 παρακαλοῦμεν
1351 3608 1513 3679 ὑμᾶς,
1562 3607 1877 3662 ἀναϐαίνετε
1921 3608 2002 3672 είς

432 3700 582 3770 ὖψος,
599 3701 779 3772 αῐρετε
795 3701 874 3764 εἰς
890 3698 1023 3768 ὕψος
1048 3701 1174 3762 τοὺς
1185 3698 1493 3769 ὀφθαλμοὺς
1514 3697 1687 3769 ὑμῶν.
1710 3698 1895 3768 Κάμοὶ
1919 3697 1996 3762 δὲ,

430 3793 523 3847 ἐάν
551 3792 784 3847 διδάσκω
798 3791 888 3845 τὸν
914 3790 1056 3844 θεῖον
1071 3789 1246 3858 λόγον,
1273 3788 1436 3859 φησὶν
1457 3788 1488 3842 ὁ
1509 3788 1664 3857 λόγος
1682 3805 1695 3819 ⁸
1724 3786 2000 3856 Ἔπ⁹ὄρος

427 3882 670 3952 ὑψηλὸν
679 3882 926 3951 ἀνάϐηθι
949 3885 983 3936 ό
1002 3879 1516 3951 εὐαγγελιζόμενος
1541 3877 1694 3935 Σιών
1708 3896 1722 3909 ·
1747 3879 1999 3947 ὕψωσον

433 3973 504 4043 τῇ
525 3974 693 4044 ἰσχύϊ
710 3973 825 4041 τὴν
841 3972 1050 4042 φωνήν
1069 3986 1184 4026 σου
1209 3974 1241 4024 ό
1260 3969 1774 4041 εὐαγγελιζόμενος
1790 3971 1998 4037 Ἰερου-

429 4062 655 4133 σαλήμ.
681 4061 1012 4131 ’Υψώσατε,
1027 4059 1113 4130 μὴ
1136 4059 1431 4130 φοϐεῖσθε.
1461 4058 1646 4113 Ταῦτα
1669 4059 1757 4112 διά
1775 4059 1866 4112 τὸν
1881 4059 1995 4111 Πα-

428 4157 599 4225 σχὼρ,
632 4153 735 4217 ὅτι,
767 4152 1172 4225 παρακειμένου
1204 4149 1453 4222 ὑπερῴου
1501 4151 1559 4205 ἐν
1591 4151 1724 4221 οἴκῳ
1762 4148 1991 4222 Κυρίου,

2105 3146 2373 3206 exornato
2408 3164 2459 3206 et
2484 3161 2691 3220 parato.
2719 3150 2777 3206 Si
2807 3152 3115 3209 ascenderis
3142 3171 3266 3211 cum
3291 3170 3357 3213 eo
3386 3169 3443 3213 ut
3464 3158 3672 3218 Pascha

2108 3241 2369 3305 celebres,
2401 3240 2495 3295 dat
2530 3241 2692 3296 etiam
2722 3241 2820 3296 tibi
2850 3257 3039 3312 panem
3065 3244 3451 3304 benedictionis
3475 3266 3673 3321 corpus

2107 3347 2290 3396 suum,
2327 3340 2383 3385 et
2423 3333 2740 3402 sanguinem
2786 3347 2946 3388 suum
2986 3335 3205 3404 praebet.
3245 3337 3368 3394 Ideo
3409 3341 3669 3398 adhorta-

2106 3440 2230 3479 mur
2255 3438 2371 3487 vos,
2397 3424 2671 3480 ascendite
2695 3425 2747 3478 in
2779 3426 3031 3493 sublime,
3059 3426 3231 3483 levate
3261 3431 3313 3484 in
3340 3433 3506 3488 altum
3537 3452 3670 3491 ocu-

2106 3515 2190 3569 los
2216 3523 2445 3570 vestros.
2477 3512 2619 3581 Quin
2647 3524 2701 3570 et
2732 3515 2862 3570 mihi
2898 3517 3139 3573 divinum
3180 3522 3392 3578 docenti
3422 3527 3665 3594 verbum,

2107 3606 2306 3660 dicitur
2324 3605 2365 3636 “
2395 3621 2409 3657 :
2433 3603 2600 3675 Super
2630 3616 2855 3660 montem
2879 3608 3139 3664 excelsum
3161 3613 3380 3667 ascende
3405 3614 3495 3685 qui
3514 3631 3672 3670 evan-

2104 3693 2300 3764 gelizas
2324 3690 2487 3759 Sion;
2528 3695 2706 3749 exaltu
2746 3696 2803 3750 in
2839 3696 3150 3766 fortitudine
3196 3716 3368 3755 vocem
3408 3713 3550 3759 tuam
3582 3712 3672 3778 qui

2107 3786 2434 3857 e‘eangelizas
2474 3784 2809 3852 Jerusalem;
2854 3789 3120 3857 exaltate,
3153 3791 3314 3846 nolite
3356 3794 3555 3851 timere.
3606 3799 3672 3855 Et

2108 3878 2223 3933 lucc
2249 3878 2466 3948 quidem
2494 3887 2712 3948 propter
2737 3876 2994 3946 Pascher,
3019 3883 3145 3950 quia
3174 3898 3297 3938 cum
3321 3881 3462 3941 οδεοι
3488 3903 3672 3946 etenu-

2100 3970 2277 4024 culnm
2309 3970 2363 4023 in
2392 3970 2555 4024 domo
2586 3968 2817 4034 Domini,
2842 3970 2902 4043 in
2937 3981 3091 4041 porta
3121 3972 3422 4043 Benjamin,
3454 3996 3564 4036 non
3606 3983 3662 4038 in

2100 4061 2439 4114 cenaculum
2470 4060 2695 4115 adduxit
2715 4062 3057 4130 prophetam,
3084 4066 3177 4121 sed
3206 4065 3343 4123 infra
3370 4071 3516 4126 misit
3537 4089 3662 4128 eum
3729 4097 3737 4123 -η

2099 4151 2153 4205 in
2185 4159 2532 4206 cataractam.

428 4251 485 4301 ἐν
511 4246 653 4320 πύλῃ
680 4245 958 4315 Βενιαμὶν,
1000 4244 1101 4297 οὐκ
1123 4244 1203 4307 εἰς
1232 4242 1296 4296 τὲ.
1339 4240 1584 4313 ὑπερῷον
1633 4240 1921 4297 ἀνεϐίϐασε
1978 4243 2070 4298 τὸν
2106 4243 2408 4313 προφήτην,
2449 4241 2584 4296 ἀλλὰ
2625 4241 2813 4297 ἔϐαλεν
2846 4245 3006 4300 αὑτὸν
3040 4249 3120 4313 είς
3158 4250 3250 4304 τὸν
3287 4254 3666 4330 καταρῤάκτην

429 4343 597 4396 κάτω.

422 4526 528 4581 τὸν
566 4527 851 4596 Ἰερεμίαν
874 4527 943 4580 ἐκ
974 4526 1079 4582 τοῦ
1102 4523 1529 4595 καταρράκτου.
1566 4521 1638 4576 Ὦ
1670 4523 1840 4596 Κύριε
1881 4525 1988 4595 Ἰη-

427 4619 537 4683 σοῦ,
578 4619 741 4673 πάλιν
771 4615 906 4691 ἧκεν
947 4616 1210 4689 σαφήνιζέ
1258 4633 1347 4687 μοι
1391 4616 1485 4670 καὶ
1525 4615 1698 4669 ταῦτα
1737 4615 1832 4669 καὶ
1877 4617 1988 4678 τοῖς

422 4706 733 4781 ἐληλυθόσιν
785 4709 876 4762 ἐπὶ
922 4707 1020 4778 τὴν
1067 4707 1434 4777 πνευματικὴν
1486 4708 1706 4778 τροφήν.
1752 4706 1877 4770 Πῶς
1918 4709 1984 4778 τῇ

419 4801 679 4873 ἐπαύριον
713 4799 894 4869 ἐξάγει
920 4799 1081 4863 αὐτὸς
1119 4798 1211 4852 τὸν
1258 4799 1526 4871 Ἰερεμίαν
1561 4801 1625 4852 ἐκ
1656 4796 1749 4850 τοῦ
1781 4800 1987 4869 καταρο

421 4892 620 4964 ρἀτου
644 4908 658 4958 ;
706 4892 870 4945 Ὅσον
897 4891 995 4961 μὲν
1028 4889 1136 4961 γὰρ
1161 4890 1503 4961 ὲνέστηκενή
1533 4890 1771 4960 σήμορον
1805 4888 1986 4959 ήμέρα

420 4981 683 5055 (σήμερον
709 4982 767 5034 δέ
805 4983 922 5035 ἐστι
953 4983 1059 5044 πᾶς
1090 4973 1242 5043 οὗτος
1276 4981 1304 5032 ὁ
1333 4976 1510 5050 αἰὼν),
1556 4980 1636 5042 εἰς
1668 4980 1756 5031 τὸν
1783 4980 1989 5050 καταρ-

419 5073 623 5144 ῥάκτην
648 5073 798 5127 κάτω
824 5072 1007 5143 βάλλει
1034 5071 1125 5126 τὸν
1153 5072 1433 5145 προφήτην
1463 5073 1491 5124 ὁ
1517 5067 1832 5142 ἁμαρτωλός
1849 5084 1862 5097 ·
1894 5067 1988 5120 ἐὰν

416 5162 474 5217 δὲ
498 5164 638 5239 πέσῃ
668 5166 701 5235 ή
733 5163 1006 5217 ἐνεστῶσα
1042 5162 1245 5235 ἡμέρα,
1285 5162 1379 5214 καὶ
1408 5163 1442 5232 ή
1477 5158 1662 5230 αὔριον
1685 5157 1834 5229 ἔλθῃ,
1868 5155 1988 5209 τότε

415 5256 581 5310 αὑτὸν
640 5255 825 5324 ἐξάγει
886 5254 1223 5325 μετανοήσας
1282 5251 1390 5306 ἀπὸ
1438 5249 1530 5304 τοῦ
1583 5247 1984 5322 καταρράκτου.

417 5339 549 5396 Εἶτα
591 5341 740 5412 λέγει
765 5341 914 5412 αὑτῷ
940 5344 970 5394 ὁ
1009 5336 1281 5414 Ἱερεμίας
1306 5340 1341 5395 ἀ
1388 5339 1632 5393 πείσεται
1671 5340 1701 5391 ὁ
1727 5336 1983 5409 Πασχώρ.

418 5430 484 5483 Τί
511 5431 660 5501 λέγει
681 5433 828 5504 αὑτῷ
848 5448 863 5498 ;
894 5435 976 5487 Οὐ
1006 5431 1263 5501 Πασχὼρ
1276 5431 1530 5487 ἐκάλεσε
1545 5430 1611 5484 τὸ
1635 5429 1820 5501 ὄνομά
1844 5444 1985 5494 σου,

419 5522 611 5591 ἀλλ’ἢ
643 5524 934 5578 Μέτοικον
958 5540 972 5554 ·
1005 5524 1153 5579 διότι
1180 5523 1320 5577 τάδε
1342 5524 1502 5593 λέγει
1529 5521 1758 5590 Κύριος.
1785 5522 1984 5580 Μέλλει

491 4435 602 4489 Kal
627 4433 862 4504 ἐγένετο
892 4433 969 4503 τῇ
993 4433 1297 4502 ἐπαύριον,
1332 4431 1429 4487 καὶ
1455 4429 1708 4501 ἐξήγαγε
1739 4430 1996 4501 Πασχὼρ

2124 4423 2131 4428 ’
2173 4430 2258 4485 Μ.
2303 4426 2370 4483 Ει
2403 4429 2602 4499 factum
2627 4437 2703 4482 est
2736 4444 2852 4482 cum
2882 4428 3143 4486 illux'sset
3188 4433 3240 4486 in
3280 4434 3589 4500 crastinum,
3615 4446 3665 4489 et

2101 4522 2281 4578 eduxit
2322 4519 2560 4576 Pascltor
2603 4517 2886 4575 Jeremiam
2933 4524 2998 4576 de
3039 4533 3309 4577 cataracta
3336 4524 3400 4581 ι’.
3444 4524 3666 4580 Domine

2094 4613 2249 4678 Jrsu,
2281 4629 2471 4667 rursus
2511 4612 2688 4679 adsis;
2722 4612 2833 4667 haec
2864 4613 3025 4666 etiam
3063 4615 3197 4669 mihi
3235 4614 3472 4673 edissere
3500 4628 3549 4673 et
3581 4618 3663 4672 his

2094 4708 2186 4776 qui
2218 4706 2282 4759 ad
2315 4704 2649 4774 spiritualem
2696 4704 2878 4760 cibum
2921 4714 3286 4759 accesserunt.
3336 4708 3457 4773 Quo
3499 4721 3657 4780 pacto

2096 4812 2219 4851 eum
2250 4796 2513 4850 illuxisset
2543 4795 2596 4848 in
2627 4796 2950 4858 crastinum,
2983 4794 3162 4850 educit
3192 4795 3304 4866 ipse
3341 4803 3655 4870 prophetam

2095 4887 2161 4941 de
2186 4886 2490 4941 cataracta?
2518 4884 2701 4939 Donec
2735 4885 2997 4940 hodierna
3031 4886 3146 4941 dies
3190 4888 3443 4957 perdurat
3474 4892 3658 4963 (hodie

2095 4978 2293 5046 quippe
2319 4990 2418 5046 pro
2449 4985 2561 5031 toto
2596 4975 2700 5030 hoc
2726 4977 2923 5030 Sicculo
2957 4979 3263 5047 accipi.ur),
3308 4981 3445 5034 infra
3479 4984 3531 5035 in
3563 4999 3655 5035 ca-

2096 5077 2356 5122 taractam
2392 5068 2707 5138 pzophetam
2729 5066 2956 5122 demittit
2987 5078 3263 5138 peccatcr;
3298 5072 3385 5125 ubi
3423 5087 3658 5140 luscus

2097 5158 2213 5214 dies
2236 5158 2475 5223 desierit,
2507 5167 2562 5212 et
2604 5158 2840 5212 crastina
2882 5158 3138 5224 illuxcrit,
3171 5165 3302 5215 tunc
3342 5163 3652 5227 ιιωιιίιθιιιῖιι

2098 5248 2292 5306 ductus
2356 5249 2532 5318 ipsum
2597 5250 2778 5304 educit
2848 5248 2937 5304 de-
2980 5261 3270 5308 cataracta.
3336 5248 3467 5306 Post
3545 5253 3659 5311 luce

2093 5341 2225 5395 dicit
2262 5342 2309 5396 ei
2333 5339 2596 5396 Jeremias
2626 5343 2752 5411 quid
2792 5340 3031 5397 Paschur
3076 5359 3338 5413 passurus
3384 5345 3474 5399 sit.
3513 5343 3652 5412 Quid

2091 5429 2139 5483 ei
2188 5428 2355 5485 dicit?
2404 5429 2523 5486 Non
2575 5430 2811 5485 Pascltor
2852 5434 3047 5486 vocarit
3098 5450 3282 5487 nomen
3329 5444 3510 5500 tuum,
3566 5435 3656 5491 sed

2094 5518 2446 5591 Migrantem,
2504 5523 2629 5591 quia
2695 5524 2805 5576 lure
2869 5523 2998 5577 dicit
3058 5521 3334 5578 Dominus.
3393 5523 3655 5582 Futurum

488 5636 534 5668 ³⁸
566 5637 765 5713 Matt“.
788 5640 1049 5713 suisui].
1093 5640 1137 5672 “
1159 5642 1274 5713 ᾼιιι.
1305 5653 1347 5699 ι,
1380 5641 1463 5713 lii.
1512 5639 1701 5713 "’_,A_et.
1749 5657 1810 5713 ll,
1838 5647 1891 5705 5.
1955 5641 2001 5675 ³⁸

2110 5647 2147 5693 t.
2202 5652 2268 5704 ιι,
2304 5636 2359 5691 9.
2402 5637 2446 5668 ³³
2474 5637 2592 5692 Act.
2622 5653 2696 5701 Ix,
2742 5640 2829 5696 '56.
2887 5641 2931 5672 ‘°
2961 5638 3125 5695 Mare.
3172 5654 3285 5707 xiv,
3321 5641 3408 5707 12,
3438 5642 3524 5708 1⁵5,
3554 5643 3644 5707 15;

418 5703 551 5761 Luc.
578 5724 711 5772 xxu,
738 5710 795 5772 9,
823 5710 906 5775 l0,
939 5710 1024 5761 12.
1099 5712 1138 5743 δ’
1175 5708 1278 5765 lsa.
1304 5727 1388 5775 xc,
1422 5709 1474 5764 9.
1551 5709 1594 5740 ⁶²
1616 5703 1811 5778 Ιοιθιιιξ
1845 5703 1933 5785 kx,
1964 5715 2018 5770 5.

697 5803 970 5862 Ρηιιοι..
995 5801 1108 5862 Gn.
1147 5802 1317 5867 XIII.

3334 5778 3400 5841 16
