4218 6292
552 332 656 391 tsi

2016 339 2345 399 ORIGENIS

3697 356 3804 412 J92

556 463 640 505 est
693 459 753 507 ut
812 466 910 522 pro
964 460 1309 522 peccatorum
1362 466 1587 508 suorum
1645 448 1856 514 meritis
1911 456 1967 513 in
2019 457 2104 515 Ba-

2228 459 2621 531 μετοικίζεσθαι
2666 461 2808 516 κατὰ
2870 460 2967 533 τήν
3020 461 3176 527 ἀξίαν
3224 462 3331 519 τῶν
3388 466 3804 540 ἁμαρτημάτων
3870 498 3875 505 ε

554 545 800 615 nylouem
843 545 1036 615 migret
1084 543 1175 598 hic
1223 542 1485 611 Pascltor,
1522 560 1629 601 non
1664 547 1834 616 solus,
1870 550 1965 607 sed
1994 565 2118 607 cum

549 634 741 689 amicis
776 632 929 688 suis:
965 633 1196 689 traditur
1250 635 1395 690 enim
1452 634 2013 707 Nabuchodonosori,
2067 651 2123 698 et

548 725 709 794 257
738 725 788 778 in
821 723 1200 780 confusionem
1241 726 1375 792 abit,
1404 735 1459 782 et
1494 744 1592 797 pro
1617 731 1850 799 peccatis
1878 732 1995 788 suis
2019 749 2120 803 pu-

547 816 714 880 nitur,
742 814 869 883 quia
905 817 1224 885 prophetam
1252 818 1486 874 detrusit
1516 820 1569 873 in
1612 822 2119 889 cataractam.'Qui-

546 923 670 962 nam
703 908 868 977 igitur
898 918 1027 963 sunt
1052 908 1211 963 amici
1241 908 1536 966 Paschoris
1578 911 1671 981 qui
1706 912 1775 965 ab
1799 913 1912 968 oris
1935 913 2129 983 nigre-'

542 1001 668 1054 dine
694 1013 890 1054 nomen
921 1000 1125 1053 traxit?
1151 995 1356 1054 Omnes
1381 1001 1475 1070 qui
1503 1001 1651 1056 illius
1692 1016 1974 1058 sermones
2004 1004 2116 1060 oris

544 1090 827 1161 nigredine
855 1091 1021 1147 simul
1051 1090 1333 1160 nigrel‘acti
1384 1091 1675 1160 amplexati
1701 1099 1829 1147 sum
1858 1102 1913 1148 et
1934 1093 2116 1163 nigro—

543 1183 620 1236 ris
645 1182 900 1251 dogmata
932 1190 1274 1251 receperunt.
1305 1180 1375 1235 Et
1404 1182 1589 1236 cadent
1632 1183 1688 1235 in
1723 1181 1903 1251 gladio
1936 1183 2115 1237 inimi-

542 1287 724 1325 corum
755 1288 971 1325 suorum
1000 1273 1065 1327 ⁸³.
1094 1273 1197 1338 Qui
1246 1272 1532 1327 tormentis
1566 1271 1864 1329 inferendis
1896 1289 2108 1345 praepo-

544 1364 638 1418 siti
671 1373 821 1431 sunt,
858 1364 912 1418 bi
936 1364 1143 1434 gladios
1172 1372 1391 1434 gerunt,
1418 1363 1767 1434 eﬂiciuntque
1796 1374 1858 1419 ut
1888 1365 1962 1427 illi
1992 1382 2114 1422 cor—

544 1464 705 1509 ruant
728 1456 795 1511 de
822 1456 1022 1527 quibus
1059 1456 1324 1527 propheta
1365 1456 1440 1511 ait
1468 1455 1553 1510 ιιι
1589 1454 1655 1510 Et
1686 1455 1828 1510 oculi
1856 1455 1935 1510 tui
1967 1457 2112 1512 vide-

543 1546 703 1611 bunt;
736 1546 852 1602 hmc
887 1545 1143 1601 nimirum
1173 1561 1295 1617 quae
1316 1546 1570 1616 praedicta
1607 1555 1735 1602 sunt
1762 1547 1899 1601 oculi
1928 1548 2005 1602 tui
2034 1549 2113 1602 vi-

542 1639 756 1693 debunt.
790 1636 861 1691 Et
903 1647 951 1693 te
972 1646 1023 1692 et
1057 1653 1259 1693 omnem
1282 1636 1483 1691 ludam
1505 1636 1640 1691 dabo
1669 1637 1724 1692 in
1761 1654 1946 1693 manus
1978 1639 2111 1710 regis

546 1733 848 1803 Babylonis.
881 1731 1206 1803 Quicunque
1252 1747 1315 1787 ex
1363 1729 1503 1786 Juda
1535 1731 1904 1801 deprehensus
1948 1732 2111 1788 fuerit

2217 553 2250 604 ό
2282 550 2519 623 Πασχῲρ
2563 544 2716 615 οὗτος
2751 553 2831 615 είς
2868 551 3194 618 Βαϐυλῶνα,
3224 555 3285 606 οὐ
3330 556 3512 625 μόνος,
3543 558 3681 613 ἀλλὰ
3709 561 3804 615 καὶ

2224 641 2362 711 μετὰ
2388 641 2495 694 τῶν
2520 641 2689 711 φίλων
2718 640 2882 695 αὑτοῦ
2900 658 2914 671 ·
2944 642 3293 713 παραδίδοται
3328 643 3438 715 γὰρ
3469 645 3547 717 τῷ
3586 648 3800 704 Ναϐου.

2217 729 2516 802 χοδονὸσορ,
2550 731 2644 784 καὶ
2677 731 2756 793 εἰς
2776 729 2874 801 τὴν
2909 729 3169 801 σύγχυσιν
3193 731 3399 795 ἄπεισι,
3435 733 3530 786 καὶ
3569 734 3802 800 κολάζε-

2217 835 2307 871 ται
2352 820 2443 877 ὲπὶ
2490 823 2604 885 τοῖς
2644 821 3034 892 ἁμαρτήμασιν
3082 821 3273 886 αὑτοῦ,
3329 824 3451 878 ἐπεὶ
3502 826 3661 881 ἔϐαλε
3706 829 3799 884 τὸν

2218 909 2504 980 προφήτην
2546 911 2627 973 είς
2672 910 2763 962 τὸν
2796 911 3204 983 καταρῤάκτην.
3237 913 3395 977 Τίνες
3438 910 3532 970 οὖν
3573 918 3625 971 οἱ
3654 919 3797 988 φίλοι

2215 998 2308 1051 τοῦ
2355 1000 2594 1072 Πασχὼρ
2637 1001 2732 1055 τοῦ
2784 1004 3073 1074 ἐπωνύμου
3118 1005 3217 1075 τῆς
3251 1004 3511 1076 μελανίας
3545 1009 3639 1063 τοῦ
3675 1012 3797 1065 στόο

2219 1106 2387 1159 ματος
2434 1091 2544 1160 (1);
2578 1092 2784 1157 Πάντες
2823 1094 2873 1147 οἱ
2904 1095 3029 1157 τοὺς
3070 1094 3262 1162 λόγους
3291 1095 3456 1151 αὐτοῦ
3491 1101 3797 1172 παραδεξά-

2218 1197 2367 1251 μενοι
2398 1183 2917 1253 συμμελανωθέντες
2956 1184 3035 1256 τῷ
3064 1186 3290 1256 στόματι
3327 1188 3493 1243 αὐτοῦ
3513 1190 3585 1261 τῷ
3623 1178 3797 1264 μεμε-

2214 1271 2533 1344 λανωμένῳ,
2578 1277 2626 1329 oi
2668 1276 2912 1353 δόγματα
2964 1276 3322 1349 μελανότητος
3343 1280 3790 1354 παραδεξάμενοι.

2214 1364 2323 1416 Καὶ
2370 1366 2698 1421 πεσοῦνται
2735 1369 3005 1437 μαχαίρᾳ
3058 1368 3290 1437 ἐχθρῶν
3331 1370 3551 1429 αὐτῶν.
3587 1376 3651 1427 Οἱ
3698 1375 3793 1429 ἐπὶ

2213 1453 2318 1507 τῶν
2349 1454 2619 1509 κολάσεων
2643 1458 2983 1528 τεταγμένοι,
3024 1453 3169 1513 οὗτοι
3206 1462 3344 1514 εἰσιν
3374 1462 3425 1515 oi
3462 1462 3560 1528 τὰς
3597 1466 3793 1536 μαχαί-

2214 1560 2315 1613 ρας
2359 1545 2597 1616 ἔχοντες,
2647 1551 2739 1602 καὶ
2792 1546 3070 1613 ποιοῦντες
3114 1550 3334 1605 πίπτειν
3379 1554 3612 1618 αὐτούς’
3662 1559 3791 1629 περὶ

2211 1628 2285 1690 ὧν
2319 1639 2348 1690 ό
2377 1636 2532 1705 λόγος
2567 1640 2914 1711 προφητεύει,
2950 1641 3043 1695 καί
3074 1659 3227 1713 φησι·
3261 1644 3371 1698 Καὶ
3401 1647 3455 1697 οἱ
3496 1646 3790 1717 ὀφθαλμοί

2212 1740 2328 1781 σου
2375 1728 2647 1797 ὄψονται.
2705 1731 2920 1797 Ταῦτα,
2976 1734 3150 1804 φησὶ,
3205 1734 3275 1788 τά
3339 1738 3788 1809 προφητευόμενα

544 1824 614 1877 ita
644 1802 877 1892 peccatis
904 1802 1179 1877 involutus
1223 1829 1284 1875 ut
1318 1821 1514 1891 dignus
1540 1820 1609 1876 sit
1640 1836 1763 1891 rege
1794 1822 2104 1894 Babylonis,

2216 1822 2463 1890 ὄψονταί
2551 1837 2668 1877 σου
2720 1824 2775 1876 οἱ
2807 1802 3125 1894 ὀφθαλμοί.
3172 1825 3283 1881 Kal
3327 1802 3405 1880 oti
3451 1802 3551 1883 iecit
3591 1802 3787 1885 πάντα

543 1915 591 1968 id
627 1924 707 1969 est
737 1913 1076 1978 confusione,
1115 1913 1354 1968 tradetur
1401 1912 1524 1982 ipsi.
1566 1910 1629 1965 Et
1674 1928 1767 1967 rex
1819 1912 2108 1986 Babylonis

540 2018 848 2075 peccatores
877 2006 1091 2075 accipit.
1147 2005 1313 2059 Porro
1346 2020 1438 2059 rex
1482 2004 1772 2076 Babylonis
1806 2008 2107 2063 secundum

540 2096 820 2149 historiam
869 2094 1086 2165 quidem
1131 2104 1214 2149 est
1244 2086 1768 2163 Nabuchodonosor,
1805 2100 2103 2155 secundum

536 2202 816 2257 anagogen
865 2202 1014 2250 vero,
1057 2186 1349 2257 malignus.
1383 2185 1522 2241 lluic
1564 2187 1794 2243 traditur
1822 2200 2101 2263 peccator,

534 2272 661 2340 quia
694 2272 857 2326 simul
908 2272 1161 2328 inimicus
1204 2280 1287 2327 est
1333 2282 1386 2327 et
1430 2273 1593 2329 ultor.
1628 2272 1783 2341 Quod
1832 2286 2012 2333 autem
2051 2279 2103 2335 ei

536 2370 785 2430 peccator
818 2362 1080 2428 tradatur,
1121 2362 1270 2418 disce
1302 2378 1334 2417 a
1361 2361 1532 2418 Paulo
1564 2373 1677 2419 tum
1702 2366 1807 2421 .ubi
1852 2367 1920 2423 de
1954 2366 2102 2439 Phy-

535 2450 676 2521 gello
728 2460 780 2506 ct
827 2450 1164 2522 Hermogene
1209 2451 1285 2507 ait
1330 2471 1344 2507 ε
1381 2451 1522 2519 Quos
1552 2455 1777 2521 tradidi,
1825 2456 2004 2528 inquit
2033 2459 2101 2527 ",

535 2540 769 2609 Satanae,
810 2552 867 2621 ut
910 2542 1115 2597 discant
1155 2559 1257 2597 non
1300 2543 1700 2613 blasphemare;
1731 2554 1846 2602 tum
1892 2549 1986 2604 ubi
2035 2552 2103 2614 de

534 2637 740 2690 incesto
786 2634 1193 2706 :Congregatis,
1223 2635 1399 2705 inquit
1427 2637 1494 2703 ⁸⁸,
1532 2636 1696 2700 vobis,
1739 2648 1789 2692 et
1838 2655 1951 2694 meo
1993 2642 2101 2711 spi-

533 2730 660 2791 ritu,
688 2744 807 2781 cum
854 2729 1042 2781 virtute
1087 2727 1295 2780 Domini
1328 2728 1496 2782 nostri
1537 2726 1668 2783 Jesu
1698 2728 1918 2798 Christi,
1941 2731 2102 2801 judi-

532 2821 646 2873 cavi
673 2819 878 2873 tradere
903 2818 1204 2888 Itujusmodi
1226 2817 1515 2874 Satanazin
1531 2820 1801 2875 interitum
1826 2824 2098 2887 carnis,ut

532 2910 752 2979 spiritus
783 2914 959 2963 salvus
984 2910 1052 2965 sit
1083 2909 1137 2963 in
1167 2910 1253 2964 die
1281 2909 1494 2966 Domini
1524 2914 1692 2968 nostri
1716 2913 1848 2970 Iesu
1876 2915 2095 2973 Christi.

532 3000 718 3070 itaque
747 3001 975 3056 traditur
1002 2999 1244 3055 Paschor
1271 3000 1361 3058 hic
1386 3003 1463 3060 ob
1494 3003 1606 3059 oris
1640 3005 1725 3061 sui
1760 3007 2095 3076 nigredinem

533 3092 587 3144 in
621 3106 816 3147 manus
844 3091 986 3162 regis
1013 3090 1323 3161 Babylonis.
1368 3092 1437 3147 Et
1471 3094 1698 3165 migrare
1729 3097 1925 3166 facient
1974 3114 2092 3152 eum

530 3186 587 3238 in
611 3183 953 3253 Babylonem,
976 3198 1023 3239 et
1056 3184 1394 3240 trucidabant
1421 3202 1509 3242 eos
1547 3187 1600 3242 in
1635 3187 1844 3257 gladio;
1881 3198 1931 3244 et
1959 3190 2095 3245 dabo

531 3276 898 3345 fortitudinem
933 3292 1135 3330 onmem
1176 3277 1404 3333 civitatis
1448 3278 1605 3349 hujus
1634 3280 1703 3333 ⁵⁷.
1733 3279 1978 3337 Proclive
2013 3290 2097 3338 est

531 3367 711 3423 dicere
742 3367 854 3422 hmo
877 3366 943 3421 ad
965 3365 1263 3422 Jerusalem
1295 3377 1572 3439 spectare;
1603 3370 1783 3425 omnis
1809 3370 1954 3426 enim
1984 3372 2095 3427 vir-

2223 1910 2452 1964 Ἰοὐδαν
2481 1909 2652 1965 δώσω
2687 1913 2774 1978 εἰς
2817 1912 3017 1990 χεῖρας
3057 1914 3362 1981 ,ϐασιλέως
3403 1916 3779 1984 Βαϐυλῶνος.

2214 2002 2310 2064 Ὃς
2340 2001 2433 2055 ἐὰν
2457 2003 2776 2074 καταληφθῇ
2808 2004 2899 2058 τοῦ
2945 2006 3116 2059 Ἰούδα
3145 2005 3317 2071 οὕτως
3337 2008 3677 2080 ἁμαρτωλὸς,
3704 2010 3780 2074 ὡς

2208 2091 2356 2158 ἄξιος
2392 2089 2529 2147 εἶναι
2574 2093 2669 2146 τοῦ
2715 2094 2975 2163 βασιλέως
3016 2094 3354 2162 Βαϐυλῶνος,
3389 2098 3630 2151 τουτέστι
3678 2100 3777 2170 τῆς

2208 2185 2540 2255 συγχύσεως,
2598 2184 3031 2257 παραδοθήσεται
3077 2185 3247 2258 αὐτῷ.
3302 2187 3413 2241 Καὶ
3455 2190 3484 2242 ό
3530 2189 3779 2259 βασιλεὺς

2205 2273 2520 2338 Βαϐυλῶνος
2550 2274 2962 2347 παραλαμϐάνει
2993 2276 3119 2340 τοὺς
3158 2276 3584 2348 ἁμαρτάνοντας.
3618 2280 3780 2334 Βασι-

2204 2363 2328 2428 λεὺς
2358 2365 2416 2418 δὲ
2444 2365 2759 2430 Βαϐυλῶνος
2789 2365 2931 2420 κατὰ
2963 2367 3062 2437 μὲν
3084 2366 3183 2438 τὴν
3211 2367 3471 2441 ἱστορίαν,
3501 2369 3780 2441 Ναϐουχο-

2202 2454 2419 2527 δονόσορ
2439 2472 2454 2487 ο
2486 2456 2626 2511 κατὰ
2649 2457 2706 2511 δὲ
2733 2456 2833 2529 τὴν
2863 2456 3174 2528 ἀναγωγὴν,
3207 2460 3237 2512 ὁ
3287 2458 3541 2530 πονηρός.
3589 2461 3777 2531 Τούτῳ

2201 2546 2258 2600 δὲ
2288 2548 2692 2619 παραδίδοταιὸ
2735 2548 3079 2621 ἁμαρτωλὸς,
3123 2549 3244 2602 ἐπεί
3293 2551 3440 2604 ἐστιν
3486 2550 3774 2624 ἀμφότερα

2204 2637 2394 2710 ἐχθρὸς
2436 2639 2529 2692 καὶ
2574 2640 2884 2710 ὲκδικητής.
2923 2641 3044 2694 Ὅτι
3089 2639 3148 2694 δὲ
3178 2639 3327 2711 αὐτῷ
3371 2641 3716 2712 παραδίδοται
3742 2644 3774 2697 ὁ

2203 2730 2541 2804 ἁμαρτωλὸς,
2584 2732 2796 2797 Παῦλός
2846 2749 2906 2786 σε
2952 2732 3235 2800 διδαξάτω,
3283 2734 3416 2788 ὅπου
3452 2734 3551 2804 μὲν
3600 2734 3773 2803 λέγων

2202 2822 2332 2892 περὶ¹
2360 2821 2623 2891 Φυγέλλου
2663 2823 2755 2876 καί
2768 2822 3126 2893 Ἑρμογένους
3173 2822 3270 2894 (2),
3300 2824 3407 2889 Οὓς
3437 2823 3770 2893 παρέδωκα,

2200 2912 2353 2984 φησὶ,
2384 2911 2465 2978 τῷ
2505 2911 2761 2979 Σατανᾷ,
2801 2914 2903 2966 ἵνα
2944 2913 3308 2969 παιδευθῶσι
3350 2915 3437 2986 μὴ
3481 2917 3771 2986 ,ϐλασφη-

2192 3001 2329 3075 μεῖν
2347 3018 2361 3032 ο
2405 3003 2539 3055 ὅπου
2573 3003 2629 3055 δὲ
2665 3004 2791 3074 περὶ
2832 3002 2923 3057 τοῦ
2959 3004 3406 3074 πεπορνευκότος,
3436 3006 3771 3075 Συναχθέν-

2198 3108 2315 3146 των
2340 3090 2526 3163 ὑμῶν,
2555 3092 2654 3147 καὶ
2684 3092 2790 3147 τοῦ
2818 3094 2964 3164 ἐμοῦ
3009 3096 3364 3163 πνεύματος,
3395 3096 3518 3149 σὺν
3554 3096 3629 3167 τῇ
3665 3096 3769 3152 δυ-

2198 3184 2367 3255 νάμει
2395 3184 2499 3239 τοῦ
2521 3187 2742 3254 Κυρίου
2782 3184 2977 3254 Ἰησοῦ
3001 3185 3278 3254 Χριστοῦ,
3310 3186 3552 3255 κέκρικα
3577 3202 3767 3258 παρα-

2195 3275 2402 3330 δοῦναι
2438 3274 2544 3329 τὸν
2573 3275 2843 3330 τοιοῦτον
2882 3274 2963 3341 τῷ
2991 3275 3234 3344 Σατανᾷ
3262 3278 3349 3342 εὶς
3385 3277 3635 3344 ὄλεθρον
3656 3277 3765 3346 τῆς

2196 3368 2442 3437 σαρκὸς,
2476 3368 2576 3422 ἵνα
2592 3369 2657 3422 τὸ
2688 3369 2921 3437 πνεῦμα
2943 3367 3109 3436 σωθῇ
3130 3368 3201 3421 ἐν
3222 3366 3298 3437 τῇ
3318 3367 3505 3438 ἡμέρᾳ
3520 3368 3624 3423 τοῦ
3649 3372 3764 3424 Kv-

534 3469 621 3515 tus
651 3459 770 3529 ejus
817 3467 870 3513 et
914 3472 1035 3528 quae
1080 3457 1431 3527 adjiciuntur,
1459 3470 1590 3515 tunc
1624 3460 1734 3532 regi
1770 3444 2095 3534 Babylonio-

2216 3460 2324 3514 >iov
2350 3458 2517 3529 ήμῶν
2558 3460 2753 3529 Ἰησοῦ
2791 3458 3070 3527 Χριστοῦ.
3110 3458 3317 3512 Οὐκοῦν
3356 3459 3707 3530 παραδίδοται
3732 3463 3762 3513 ὁ

530 3567 651 3608 rum
697 3551 890 3606 tradita
924 3557 1069 3605 sunt.
1098 3548 1414 3620 Promptum
1455 3561 1540 3606 est
1567 3552 1747 3608 dicere
1780 3553 1893 3609 haec
1921 3556 2091 3625 perti-

528 3658 657 3699 nere
682 3644 746 3698 ad
771 3643 1041 3699 civitatem
1069 3660 1189 3715 quae
1212 3646 1402 3715 paucis
1425 3651 1542 3712 post
1571 3642 1906 3701 Salvatorem
1932 3647 2090 3704 annis

526 3737 720 3792 tradita
754 3745 839 3791 cst
869 3735 1125 3791 inimicis.
1171 3734 1231 3790 lu
1280 3734 1649 3804 captivitatem
1700 3735 1917 3809 abducti
1964 3745 2093 3793 sunt

528 3831 620 3885 lilii
657 3830 977 3896 Jerusalem,
1011 3838 1067 3883 et
1106 3843 1295 3883 eversa
1341 3837 1424 3884 est
1457 3830 1671 3883 civitas.
1707 3827 1864 3895 Quod
1895 3830 1941 3885 si
1976 3846 2088 3885 rem

526 3923 889 3993 perpendcris,
915 3929 969 3977 et
1012 3921 1067 3976 in
1111 3921 1330 3976 civitate
1356 3934 1463 3974 non
1496 3920 1705 3988 lapides
1734 3922 2086 3990 spectaveris,

526 4015 618 4070 sed
643 4014 912 4077 homines,
946 4012 1152 4068 videbis
1191 4012 1336 4067 illam
1371 4027 1589 4081 quoque
1627 4010 1954 4077 Jerusalem,
1986 4014 2086 4068 bo-

525 4107 698 4161 mines
733 4119 944 4175 nempe,
986 4104 1055 4158 ob
1080 4119 1235 4159 suam
1267 4105 1321 4159 in
1348 4103 1625 4159 Christum
1668 4102 2000 4173 impietatem
2032 4114 2087 4160 et

524 4205 798 4264 peccatum
837 4194 1062 4250 traditos
1100 4209 1222 4249 esse
1252 4192 1365 4261 regi
1399 4192 1714 4264 Babylonis.
1742 4190 1824 4246 Tu
1865 4206 2086 4262 quoque

519 4286 817 4342 Jerusalem
845 4301 990 4339 nunc
1018 4300 1097 4340 es.
1128 4282 1185 4338 Si
1218 4283 1382 4354 igitur
1421 4282 1690 4352 ejusmodi
1720 4280 1891 4357 258
1925 4282 2087 4336 mina:

521 4379 819 4435 Jerusalem
855 4391 998 4431 nunc
1033 4376 1327 4445 jactentur,
1355 4375 1543 4428 timeto
1584 4388 1653 4428 ne
1688 4374 1962 4443 peccando
1989 4373 2082 4429 Je-

524 4469 760 4525 rusalem
794 4469 891 4522 iias
928 4465 1199 4537 peccatrix
1230 4472 1285 4518 et
1326 4463 1575 4527 tradaris,
1616 4471 1679 4517 ut
1709 4478 1819 4517 non
1852 4465 2085 4535 amplius

522 4566 598 4619 sis
634 4562 955 4623 Jerusalem,
986 4558 1079 4614 sed
1120 4555 1358 4626 Babylon
1404 4563 1567 4624 atque
1594 4553 1867 4618 confusio,
1894 4554 2080 4611 Nabu-

520 4656 863 4711 chodonosor
919 4651 1064 4722 regis
1093 4647 1515 4719 Babyloniorum
1540 4645 1786 4701 servituti
1809 4648 2077 4704 addictus.

519 4744 589 4798 Et
642 4761 818 4799 omnes
866 4743 1066 4797 labores
1115 4739 1160 4771 ⁸⁸
1208 4736 1509 4793 Jerusalem
1561 4736 1743 4792 tradit.
1794 4735 2081 4802 Quomodo

516 4851 708 4891 omnes
730 4836 942 4890 labores
969 4834 1169 4889 tradit?
1205 4832 1265 4888 Si
1294 4839 1414 4901 post
1442 4831 1737 4886 certamina
1769 4846 2079 4903 agonesque

516 4936 766 4999 peractos
796 4926 982 4995 lapsus
1017 4925 1183 4980 fueris
1209 4931 1262 4977 et
1289 4922 1620 4993 peccaveris,
1651 4937 1842 4978 omnes
1867 4922 2079 4978 labores

514 5021 592 5075 tui
625 5020 678 5072 in
718 5031 911 5072 manus
954 5013 1451 5070 Nabuchodonosor
1477 5020 1760 5069 venerunt.
1792 5012 2078 5079 Quomodo

512 5126 704 5167 omnes
755 5090 968 5162 labores
995 5106 1072 5160 tui
1122 5104 1348 5159 abibunt
1378 5104 1517 5158 tibi?
1552 5101 1609 5157 Si
1646 5114 1767 5173 post
1809 5104 2078 5172 plurimos

578 5267 623 5297 υ
654 5263 853 5320 Jerem.
880 5277 971 5329 xx,
1004 5260 1057 5316 4.
1133 5259 1178 5290 ⁸³
1201 5256 1331 5314 ibid.
1410 5256 1453 5287 "‘
1481 5256 1497 5310 Ι
1522 5256 1662 5310 Tim.
1697 5272 1733 5319 ι,
1760 5256 1832 5311 20
1904 5259 1949 5289 ⁸⁸
1979 5258 2104 5314 [Co

2216 5299 2226 5324 ,
2254 5256 2309 5322 4,
2335 5255 2389 5310 5.
2465 5253 2509 5286 "
2540 5251 2737 5308 Jercm.
2766 5267 2857 5316 xx,
2880 5251 2934 5318 4,
2964 5249 3017 5304 5.

580 5408 657 5477 (1)
685 5404 943 5475 Πασχὼρ
987 5402 1093 5457 τοῦ
1122 5402 1437 5470 ἐπωνύμου
1474 5397 1606 5476 τῆς,
1629 5400 1921 5475 palatia;
1967 5399 2074 5453 τοῦ

504 5480 825 5547 στόματος.
859 5480 1096 5551 lla-rxth
1126 5489 1446 5541 est-1m.
1478 5482 1536 5535 Id
1582 5482 1797 5535 derit-at
1825 5481 2092 5550 Origenes

507 5565 535 5602 a
567 5558 645 5608 n3
668 5560 846 5621 astet
878 5561 1012 5609 -ππυ
1037 5590 1074 5621 .7
1112 5552 1339 5621 nigrum.
1396 5551 1470 5603 Ita
1490 5559 1575 5621 _et
1619 5551 1983 5621 Hieronymus
2017 5551 2093 5605 De

508 5621 709 5690 nomin.
749 5620 1020 5674 llebraic..
1064 5620 1116 5673 in
1146 5620 1384 5690 Ieremia
1421 5639 1435 5674 :
1479 5619 1658 5681 Fesor,
1688 5638 1743 5675 os
1771 5619 2084 5690 nigredinis.

580 5688 657 5749 ('2)
693 5690 832 5754 Περὶ
858 5690 1176 5758 diarium)
1221 5690 1318 5743 καὶ
1363 5689 1774 5758 Ἑρμογένους,
1815 5688 1924 5744 etc.
1979 5689 2090 5743 Mc-

513 5758 683 5809 moz‘ia
714 5758 896 5826 lapsus
930 5772 1008 5812 cst
1043 5758 1307 5827 Origenes
1334 5775 1347 5811 :
1385 5759 1456 5811 ibi
1484 5761 1631 5812 (‘lllill
1656 5774 1853 5829 nempe
1888 5760 1908 5813 l
1938 5759 2082 5827 Tim.

2194 3549 2429 3623 Πασχὼρ
2470 3545 2624 3615 οὗτος
2670 3552 2736 3622 τῇ
2783 3549 2877 3604 τοῦ
2909 3550 3173 3620 στόματος
3216 3550 3442 3622 μελανία
3468 3553 3548 3614 εἰς
3575 3553 3763 3621 χεῖρας

2192 3639 2286 3693 τοῦ
2346 3638 2609 3709 βασιλέως
2663 3640 2761 3709 τῆς
2823 3638 3156 3703 Βαϐυλῶνος.
3193 3637 3299 3692 Καὶ
3355 3639 3765 3707 μετοικιοῦσιν

2191 3732 2377 3786 αὑτὸν
2414 3735 2500 3798 εἰς
2542 3729 2886 3796 Βαϐυλῶνα,
2928 3730 3027 3785 καὶ
3060 3730 3514 3798 κατακόψουσιν
3540 3729 3762 3796 αὐτοὺς

2190 3826 2260 3879 ἐν
2290 3827 2573 3895 μαχαίρᾳ,
2608 3824 2707 3878 καὶ
2729 3822 2900 3878 δώσω
2927 3823 3042 3892 τὴν
3070 3823 3253 3893 ἰσχὺν
3274 3822 3480 3877 πᾶσαν
3505 3820 3612 3891 τῆς
3652 3824 3759 3876 πό-

2190 3921 2339 3984 λεως
2384 3919 2623 3986 ταύτης.
2654 3915 2909 3988 Εὐχερῶς
2942 3915 3018 3988 (ὅ)
3053 3917 3225 3968 εἰπεῖν
3250 3914 3331 3968 ὅτι
3361 3915 3761 3986 προφητεύεται

2191 4010 2443 4081 περὶτῆς
2477 4007 2826 4081 Ἰερουσαλὴμ
2854 4007 3042 4060 ταῦτα.
3076 4004 3442 4077 Παραδέδοται
3471 4005 3580 4077 γὰρ
3610 4006 3758 4059 πᾶσα

2191 4103 2223 4173 ή
2261 4102 2413 4172 ἰσχὺς
2462 4101 2651 4170 αὐτῆς,
2685 4100 2779 4152 καὶ
2824 4098 2891 4152 τὰ
2935 4097 3324 4167 ἐπιφερόμενα,
3357 4097 3478 4150 τότε
3530 4095 3608 4167 τῷ
3651 4095 3757 4149 τῶν

2190 4194 2540 4249 Βαϐυλωνίων
2568 4192 2795 4262 βασιλεῖ.
2823 4189 3059 4261 Εύχερὲς
3086 4191 3259 4241 εἰπεῖν
3300 4189 3380 4241 ὅτι
3422 4186 3757 4259 προφητεύε-

2186 4303 2274 4339 ται
2303 4284 2473 4338 ταῦτα
2504 4284 2631 4354 περὶ
2661 4283 2761 4352 τῆς
2790 4281 2998 4344 πόλεως
3029 4280 3254 4350 ταύτης,
3280 4281 3336 4332 ὲν
3364 4281 3475 4341 τοῖς
3503 4278 3642 4331 κατὰ
3665 4277 3755 4329 τὸν

2188 4377 2413 4447 Σωτῆρα
2464 4375 2676 4446 χρόνοις
2723 4372 3118 4444 παραδοθείσης
3162 4373 3272 4432 τοῖς
3323 4368 3615 4437 πολεμίοις.
3645 4366 3755 4419 Καὶ

2187 4470 2268 4532 είς
2298 4464 2672 4539 αἰχμαλωσίαν
2702 4461 3168 4533 ὰναπεληλύθασιν
3199 4462 3250 4513 οἱ
3293 4458 3396 4512 υἱοὶ
3422 4457 3521 4527 τῆς
3553 4454 3755 4527 Ἰερου-

2190 4555 2388 4626 σαλὴμ,
2422 4554 2516 4606 καὶ
2546 4550 2863 4620 κατεσκάφη
2891 4552 2923 4620 ἡ
2954 4550 3127 4612 πόλις.
3175 4547 3296 4601 Ἐὰν
3324 4547 3379 4600 δὲ
3403 4543 3659 4617 ὲξετάσῃς
3685 4544 3756 4598 τὰ

2188 4649 2510 4719 πράγματα,
2559 4644 2652 4697 καὶ
2702 4641 2853 4695 πόλιν
2904 4640 2978 4710 (4)
3023 4640 3242 4713 βλέπῃς,
3274 4639 3348 4710 μὴ
3388 4638 3511 4701 τοὺς
3549 4635 3752 4699 λίθους,

2185 4738 2322 4792 ἀλλὰ
2359 4737 2483 4799 τοὺς
2523 4732 2861 4806 ἀνθρώπους,
2889 4732 3009 4801 ὄψει
3039 4732 3119 4785 ὅτι
3152 4732 3379 4802 κάκείνη
3415 4732 3448 4801 ἡ
3487 4726 3757 4801 Ἰερουσα-

2184 4831 2316 4901 λὴμ,
2349 4828 2398 4881 οἱ
2441 4826 2716 4897 ἄνθρωποι
2749 4823 3118 4894 παρεδόθησαν
3151 4823 3229 4887 εἰς
3264 4825 3451 4892 χεῖρας
3497 4820 3756 4891 βασιλέως

2186 4918 2501 4981 Βαϐυλῶνος
2543 4917 2633 4971 διὰ
2676 4916 2787 4987 τὴνί
2820 4915 2913 4968 ἐπὶ
2959 4914 3038 4985 τῷ
3094 4912 3312 4984 Χριστῷ
3362 4911 3615 4967 ἀσέϐειαν
3662 4911 3757 4962 καὶ

2185 5010 2476 5082 ἁμαρτίαν.
2539 5007 2649 5061 Καὶ
2698 5006 2761 5058 σὺ
2827 5001 3180 5076 Ἰερουσαλὴμ
3232 4998 3284 5057 εἴ
3322 5003 3438 5059 νῦν.
3498 5000 3625 5056 Ἐὰν
3662 4994 3755 5054 οὖν

2187 5100 2383 5170 ἀπειλῇ
2410 5101 2480 5169 τῇ
2516 5094 2869 5169 Ἰερουσαλὴμ
2908 5094 3004 5148 νῦν
3046 5097 3075 5148 ὁ
3121 5094 3296 5163 λόγος,
3327 5091 3615 5164 φοϐήθητι,
3646 5091 3752 5161 μή·

3112 5249 3158 5281 ⁸⁸
3194 5247 3396 5304 Jcrcm.
3431 5265 3523 5316 xx,
3552 5248 3606 5303 5.

2185 5397 2228 5451 l.
2264 5398 2356 5460 20,
2392 5394 2742 5465 Hymenaeum
2772 5406 2803 5445 a
2827 5404 2885 5445 se
2917 5387 3364 5465 et_Ale_xandru_m
3402 5386 3752 5465 δεδιυῖα-ινα-

2184 5454 2554 5520 όίιοεέειῗὶΙήι
2602 5461 2835 5525 Paulus;
2868 5470 2922 5512 at
2953 5457 2993 5511 ll
3034 5456 3178 5513 Tim.
3216 5473 3254 5521 I,
3299 5457 3385 5520 15,
3432 5454 3750 5526 Phygelltzm

2183 5537 2334 5590 illmn
2369 5544 2422 5587 ct
2456 5532 2842 5600 Hermogenem
2886 5543 3006 5600 sese
3036 5527 3206 5600 luisse
3236 5535 3535 5582 aversatos.

2254 5604 2335 5678 (τᾷ)
2366 5597 2834 5678 ῇὺχερῷςῘ-Ιαρεο
2856 5597 3098 5678 εὐχερές.

2362 5667 2544 5726 (ludes
2581 5669 2849 5732 Vatican.,
2894 5667 3075 5720 πάλιν.
