4218 6292
383 236 495 288 ινδ

1518 228 1587 285 IN
1619 228 1964 287 IEREMIAM
2002 229 2285 293 ιιοΜιιιΑ
2324 229 2509 288 XVIII.

3529 229 3635 289 494
3680 264 3685 270 -

380 370 517 408 me
570 351 662 419 σὺ,
709 352 801 409 ἐὰν
845 349 1184 424 άμαρτάνῃς,
1228 349 1585 426 Ἰερουσαλὴμ
1626 353 1659 424 ή
1706 353 1960 424 ἁμαρτω-

2063 369 2161 424 pro
2187 352 2415 409 veritate
2442 349 2656 407 labores
2685 356 2970 418 susceptos
3002 347 3284 416 cecideris,
3328 347 3533 404 frustra
3582 349 3638 403 in

377 446 475 510 λδς
502 444 601 518 (1),
635 447 725 500 καὶ
768 444 1143 515 παραδίδοσαι,
1175 443 1265 498 ἵνα
1317 443 1515 515 μηκέτι
1558 439 1626 517 ᾖς
1686 445 1979 517 Ἰερουσα-.

383 539 516 612 λὴμ,
543 537 676 592 ἀλλὰ
720 534 976 590 Βαϐυλὼν
1007 536 1135 608 γίνῃ
1168 534 1262 589 καὶ
1293 534 1573 605 σύγχυσις,
1613 536 1959 610 παραλαϐόν-

385 649 475 696 τος
504 647 562 684 σε
601 628 1070 701 Ναϐουχοδονόσορ
1117 630 1212 684 τοῦ
1263 631 1619 687 Βαϐυλωνίων
1667 629 1952 701 βασιλέως.

384 725 489 778 Καὶ
516 721 745 787 πάντας
774 721 919 787 τοὺς
949 721 1176 787 πόνους
1208 723 1567 795 Ἰερουσαλὴμ
1601 721 1954 792 παραδίδωσι.

382 811 498 874 Πῶς
546 810 758 874 πάντας
801 811 930 873 τοὺς
962 810 1157 875 πόνους
1203 811 1610 882 παραδίδωσιν;
1654 809 1779 863 Ἐὰν
1820 809 1958 880 μετὰ

375 905 434 957 τὸ
463 902 695 972 ἀθλῆσαι
728 902 823 955 καὶ
855 902 1226 970 ἀγωνίσασθαι
1260 902 1608 974 παραπέσῃς,
1643 900 1740 955 καὶ
1771 899 1955 969 ἁμάρ-

373 1011 489 1068 της,
520 994 726 1057 πάντες
758 996 807 1046 oi
841 993 992 1047 πόνοι
1035 1009 1128 1045 σου
1172 993 1495 1064 ἐληλύθασιν
1528 994 1609 1056 εἰς
1639 992 1737 1055 τὰς
1766 993 1956 1060 χεῖρας

374 1085 859 1157 Ναϐουχοδονόσορ.
894 1084 1017 1149 Πῶς
1048 1086 1247 1148 πάντες
1288 1087 1334 1138 oi
1365 1083 1517 1137 πόνοι
1564 1100 1659 1136 σου
1705 1081 1956 1151 ἀπαχθήο

375 1176 559 1233 ωνταί
591 1191 712 1240 σοι;
765 1174 891 1228 Ἐὰν
926 1174 1098 1246 πέσῃς
1134 1173 1272 1245 μετά
1311 1173 1373 1226 τὸ
1397 1171 1567 1225 πολλὰ
1589 1172 1787 1240 καμεῖν
1816 1169 1956 1241 ὑπὲρ

373 1266 651 1340 ἀληθείας,
696 1263 933 1319 τοσαῦτα
966 1265 1197 1320 ἐπάθετε
1233 1265 1374 1336 εικῆ.
1412 1264 1662 1319 Μάλιστα
1704 1263 1754 1315 oi
1808 1277 1956 1314 συνι-

372 1362 555 1424 δόντες
602 1361 814 1423 ἑαυτοῖς
867 1358 1097 1422 πολλοὺς
1147 1359 1343 1422 πόνους
1386 1356 1775 1429 ἀνηντληκέναι
1815 1356 1955 1427 ὑπὲρ

376 1453 597 1524 ἀρετῆς,
647 1450 921 1523 ὀφείλουσι
973 1449 1279 1519 φοϐεῖσθαι,
1333 1450 1540 1521 μήποτε
1579 1449 1705 1511 τοὺς
1759 1446 1955 1510 πόνους

378 1543 587 1607 αὐτῶν,
639 1544 674 1614 ἢ
720 1542 1031 1614 γενομένων
1089 1540 1445 1613 Ἰερουσαλὴμ
1503 1539 1578 1610 (2)
1602 1579 1616 1603 ,
1664 1536 1959 1610 παραλάϐῃΔ

378 1635 651 1706 ἁμαρτίας
678 1635 823 1699 τινὸς
855 1633 1150 1705 γενομένης
1178 1632 1644 1703 Ναϐουχοδονόσορ
1671 1632 1698 1684 ὁ
1718 1629 1815 1702 τῆς
1846 1630 1952 1683 Βα-

2065 445 2151 501 his
2182 444 2506 501 desudatum
2545 448 2647 498 est.
2683 440 2785 507 Qui
2818 456 2917 511 pro
2948 441 3145 496 virtute
3178 440 3381 496 multos
3411 441 3516 496 sibi
3560 441 3642 495 Ia-

2064 536 2225 592 bores
2253 535 2558 591 exantlatos
2583 542 2944 603 cognoscunt,
2976 534 3014 587 ii
3042 534 3279 590 maxime
3317 534 3512 589 timere
3538 533 3637 589 de-

2062 628 2193 682 bent
2216 642 2284 682 ne
2320 625 2539 696 quando
2575 623 2790 680 labores
2817 639 3007 679 eorum
3033 624 3089 677 in
3118 622 3420 679 Jerusalem
3448 639 3639 681 susce-

2061 728 2184 789 ptos
2213 718 2440 787 arripiat
2482 733 2577 773 rex
2620 717 2914 788 Babylonis
2945 716 3473 781 Nabuchodonosor,
3507 717 3555 772 si
3582 717 3637 771 in

2062 820 2341 881 peccatum
2378 810 2687 865 inciderint.
2719 810 2793 866 Ut
2815 809 3019 865 clarius
3053 809 3236 864 videas
3266 824 3504 878 quanam
3548 823 3638 893 ra:

2063 904 2210 958 tione
2239 902 2453 957 labores
2488 901 2767 973 peccantis
2787 900 3092 957 Jerusalem
3127 899 3641 956 Nabuchodonosor

2062 994 2310 1065 arripiat,
2337 994 2560 1049 aﬁ‘eram
2588 1010 2709 1062 quae
2736 995 2792 1048 in
2821 994 3105 1051 Ezechiele
3133 994 3210 1049 ita
3247 993 3518 1047 habentur
3547 992 3591 1024 "
3616 1010 3634 1046 :

2060 1084 2249 1140 Justus
2291 1086 2338 1140 si
2387 1101 2441 1140 se
2477 1086 2722 1141 averterit
2749 1102 2780 1139 a
2803 1086 3037 1156 justitiis
3063 1087 3197 1150 suis,
3222 1094 3272 1140 et
3298 1085 3480 1155 fecerit
3505 1083 3639 1138 deii-

2061 1186 2224 1241 ctum,
2252 1193 2354 1230 non
2377 1176 3041 1248 recordaborjustitiarum
3061 1178 3174 1247 ejus
3201 1194 3331 1248 quos
3356 1178 3500 1246 fecit.
3524 1177 3637 1232 Cur

2060 1265 2179 1319 ita?
2207 1280 2398 1321 omnes
2429 1280 2620 1336 nempe
2642 1266 2885 1336 justitias
2913 1282 3037 1322 eum
3064 1267 3252 1322 labore
3285 1266 3458 1323 factas
3488 1268 3630 1322 arri-

2060 1354 2137 1423 pit
2172 1351 2700 1419 Nabuchodonosor,
2723 1364 2777 1410 et
2810 1356 2953 1411 delet
2977 1355 3507 1422 Nabuchodonosor,
3540 1375 3635 1413 rex

2060 1446 2376 1518 Babylonis,
2403 1456 2458 1502 et
2489 1462 2706 1503 omnem
2741 1449 3007 1506 honorem
3038 1448 3341 1506 Jerusalem
3368 1452 3631 1516 absumit,

2061 1537 2281 1606 quando
2325 1538 2479 1592 homo
2509 1538 2563 1592 in
2608 1539 2818 1596 honore
2851 1543 3150 1598 collocatus
3179 1558 3209 1598 a
3241 1542 3372 1609 Deo,
3416 1562 3536 1598 cum
3578 1546 3635 1598 in

2060 1629 2255 1685 honore
2299 1639 2432 1685 esset
2462 1646 2566 1683 non
2598 1630 2858 1687 intellexit
2887 1632 2956 1699 “,
2987 1642 3041 1689 et
3069 1635 3332 1704 peccavit.
3362 1634 3420 1690 Si
3470 1636 3635 1708 igitur

379 1726 612 1791 ϐυλῶνος
649 1726 919 1798 βασιλεύς.
945 1727 1063 1781 ’ἶνα
1089 1725 1146 1779 δὲ
1181 1725 1509 1796 σαφέστερον
1538 1723 1652 1797 ἴδῃς
1684 1722 1801 1785 πῶς
1831 1723 1955 1786 τοὺς

2052 1722 2164 1792 jam
2198 1722 2251 1776 in
2280 1723 2488 1778 honore
2512 1725 2861 1791 constitutus,
2899 1735 2954 1781 et
2990 1736 3214 1783 vocatus
3248 1729 3314 1782 ad
3349 1730 3631 1795 honorem,

379 1813 573 1877 πόνους
619 1813 973 1886 Ἰερουσαλὴμ
1014 1812 1367 1885 ἁμαρτούσης
1400 1811 1817 1884 παραλαμϐάνει
1844 1812 1959 1866 Ναι-

380 1905 781 1978 ϐουχοδονόσορ,
815 1906 1196 1978 συγχρήσομαι
1226 1907 1336 1969 τοῖς
1368 1907 1426 1958 ὲν
1461 1904 1542 1974 τῷ
1580 1904 1839 1975 Ίεξεκιὴλ
1879 1904 1958 1975 (5)

377 1998 806 2069 γεγραμμένοις,
852 1996 1024 2059 οὕτως
1068 1996 1283 2066 ἔχουσιν
1305 2014 1318 2026 ’
1381 1995 1439 2049 '0
1492 1994 1722 2059 δίκαιος
1767 1993 1959 2062 ὅσπερ

374 2085 487 2140 ἐὰν
518 2085 875 2154 ἀποστρέψῃ
900 2086 1016 2140 ἀπὸ
1049 2084 1168 2140 τῶν
1199 2084 1600 2139 δικαιοσυνῶν
1624 2084 1835 2148 αὑτοῦ,
1860 2085 1961 2139 καὶ

374 2173 608 2243 ποιήσῃ
640 2173 1031 2242 παράπτωμα,
1062 2175 1135 2228 οὐ
1159 2172 1245 2244 μὴ
1273 2171 1701 2244 μνησθήσομαι
1729 2171 1848 2226 τῶν
1872 2171 1960 2226 δι-

373 2266 717 2322 καιοσυνῶν
789 2264 974 2320 αὐτοῦ
994 2259 1083 2319 ὧν
1107 2265 1379 2333 ἐποίησε.
1403 2263 1505 2318 Διὰ
1526 2263 1578 2316 τί
1601 2280 1616 2331 ;
1642 2264 1828 2327 Πάσας
1851 2263 1962 2334 γὰρ

372 2355 721 2420 δικαιοσύνας
752 2356 851 2421 τὰς
900 2358 1036 2429 μετὰ
1068 2357 1231 2412 πόνου
1264 2357 1565 2428 γενομένας
1597 2357 1964 2429 παραλαμϐά-

373 2466 455 2501 νει
504 2447 993 2521 Ναϐουχοδονόσορ,
1047 2450 1142 2503 καλ⁵
1193 2448 1459 2519 ἁφανίσει
1490 2449 1960 2523 Ναϐουχοδονόσορ

376 2538 631 2608 βασιλεὺς
680 2538 1017 2603 Βαϐυλῶνος,
1065 2539 1160 2592 καὶ
1206 2540 1388 2593 πᾶσαν
1419 2539 1582 2611 τιμὴν
1614 2540 1716 2611 τῆς
1758 2540 1960 2613 Ἰερου-

378 2631 511 2702 σαλὴ
520 2649 557 2702 μ
590 2630 1028 2703 παραλαμϐάνει,
1059 2632 1149 2684 ὅτε
1184 2630 1260 2701 (4)
1307 2629 1618 2699 ἅνθρωπος
1673 2631 1961 2702 γενόμενος

378 2724 438 2779 ὲν
462 2726 597 2795 τιμῇ
631 2722 738 2776 ὑπὸ
765 2722 923 2785 Θεοῦ,
958 2722 1053 2776 καὶ
1075 2723 1146 2777 ἐν
1176 2720 1319 2792 τιμῇ
1351 2721 1436 2776 ὢν
1467 2724 1539 2777 οὐ
1570 2720 1823 2791 συνῆκε,
1865 2721 1960 2777 καί

376 2816 643 2888 ⁴ἥμαρτεν.
703 2815 829 2869 Ἐὰν
866 2811 960 2870 οὖν
986 2817 1088 2886 ἤδη
1134 2817 1192 2868 ὲν
1224 2817 1357 2886 τιμῇ
1404 2813 1479 2869 ὢν
1509 2815 1605 2869 καὶ
1633 2814 1852 2887 κληθεὶς
1881 2813 1957 2885 (5)

376 2910 457 2971 είς
485 2907 586 2977 τὴν
610 2905 794 2977 τιμὴν,
828 2905 989 2958 πάλιν
1021 2905 1246 2959 σεαυτὸν
1277 2904 1366 2958 διὰ
1397 2903 1505 2959 τῶν
1538 2903 1963 2975 ἁμαρτημάτων

377 2997 636 3071 ὖϐρίσῃς,
661 2998 760 3067 τὴν
788 2994 951 3068 τιμὴν
973 2996 1075 3066 τῆς
1107 2994 1461 3067 Ἰερουσαλὴμ
1488 2994 1904 3066 παραλαμϐάνει
1930 2997 1959 3049 ό

2060 1806 2253 1868 rursus
2281 1814 2558 1883 peccando
2586 1825 2639 1870 te
2665 1816 2930 1871 dedecore
2952 1817 3221 1881 olfeceris,
3253 1818 3516 1874 honorem
3545 1820 3634 1875 Je-

2063 1904 2297 1960 rusalem
2332 1905 2530 1976 abripit
2550 1922 2643 1961 rex
2669 1905 3020 1977 Babylonius.
3059 1908 3123 1962 Et
3156 1926 3331 1965 omnes
3360 1912 3632 1967 thesauros

2060 1995 2195 2065 regis
2220 1993 2364 2049 Iuda
2391 1995 2458 2049 ".
2500 1993 2705 2065 Opibus
2729 1997 2900 2053 allluit
2923 1997 3248 2063 Jerusalem,
3288 2002 3382 2056 sed
3424 2002 3468 2056 si
3503 2020 3631 2072 pec~

2061 2085 2286 2151 caverit,
2332 2087 2621 2143 thesauros
2674 2087 2795 2157 ejus
2834 2088 2979 2158 capit
3007 2087 3355 2160 Babylonius.
3389 2090 3458 2146 Et
3490 2096 3635 2146 arri-

2058 2176 2201 2246 pient
2227 2192 2332 2240 eos,
2362 2186 2410 2230 et
2437 2179 2642 2248 capient
2666 2195 2776 2243 eos,
2812 2187 2860 2234 et
2883 2180 3070 2234 ducent
3093 2197 3177 2236 eos
3203 2183 3261 2237 in
3289 2184 3632 2254 Babylonem.

2063 2262 2132 2317 Et
2166 2274 2244 2331 tu,
2288 2264 2545 2333 Paschor,
2575 2276 2625 2321 et
2662 2283 2837 2321 omnes
2877 2266 3174 2323 habitantes
3217 2270 3271 2323 in
3316 2270 3471 2325 domo
3519 2282 3630 2337 tua,

2060 2356 2204 2412 ibitis
2235 2359 2290 2413 in
2317 2356 2679 2428 captivitatem
2706 2363 2761 2414 in
2794 2360 3137 2431 Babylonem,
3163 2373 3212 2417 et
3253 2365 3326 2418 ibi
3366 2368 3632 2433 morieris,

2060 2460 2107 2503 et
2134 2450 2205 2504 ibi
2228 2451 2495 2521 sepelieris
2523 2453 2590 2506 ⁸³.
2623 2452 2726 2519 Qui
2755 2453 2808 2507 in
2840 2453 3162 2512 confusione
3191 2458 3633 2528 deprehenditur.

2062 2540 2114 2594 in
2144 2540 2418 2613 Babylone
2456 2544 2707 2599 moritur.
2739 2542 2851 2610 Qui
2898 2561 3009 2600 non
3038 2557 3121 2602 est
3155 2559 3376 2616 palatus
3420 2553 3632 2621 sepeliri

2061 2648 2184 2686 cum
2224 2632 2464 2700 Christo,
2491 2635 2579 2691 hic
2621 2635 2674 2689 in
2706 2634 2980 2706 Babylone
3008 2639 3282 2709 sepelitur.
3309 2640 3460 2698 Licet
3486 2644 3630 2699 enim

2060 2725 2284 2794 pulchre
2323 2740 2448 2780 cum
2498 2726 2722 2781 Christo
2774 2728 2989 2798 sepeliri
3023 2730 3076 2783 in
3106 2730 3449 2800 baptismate,
3474 2736 3631 2804 juxta

2060 2814 2191 2869 illud
2215 2815 2263 2846 ⁸³
2293 2832 2307 2868 z
2343 2812 2644 2884 Consepulti
2664 2833 2845 2870 smnus
2869 2834 2988 2871 cum
3020 2817 3248 2883 Christo,
3284 2830 3332 2875 et
3363 2824 3524 2878 simul
3549 2842 3632 2879 re-

2059 2906 2385 2959 surreximus
2413 2922 2530 2959 cum
2562 2922 2642 2960 eo.
2677 2905 2831 2961 Sicut
2857 2909 3179 2979 mysterium
3203 2921 3287 2967 est
3318 2928 3442 2968 cum
3470 2916 3632 2971 Chri-

2061 3001 2147 3048 sto
2181 2994 2422 3063 sepeliri,
2451 2994 2524 3049 ita
2557 3010 2662 3049 non
2690 2997 2807 3052 sine
2841 2996 3143 3077 iniquitatis
3184 3004 3443 3072 mysterio
3471 3019 3628 3074 sepe—

377 3060 1009 3156 Βίϐυλῶνιοςβασιλεύςι
1032 3060 1144 3140 Καὶ
1167 3060 1536 3156 ,πάντας-μὲν
1561 3060 1958 3152 τοὺς-θησαυ-

2062 3084 2191 3138 litur
2234 3060 2486 3154 pcecator
2536 3086 2590 3140 in
2641 3060 2949 3158 Babylone:
2988 3089 3059 3143 Et
3097 3060 3294 3158 omnes,
3350 3060 3629 3164 inquit'“,

369 3180 522 3249 ροὺς
567 3177 875 3244 ,βασιλέως
936 3178 1143 3233 Ἰούδα.
1196 3177 1424 3230 Πλουτεῖ
1466 3177 1500 3247 ἡ
1572 3174 1953 3247 Ἰερουσαλὴμ,

375 3272 491 3326 ἀλλ’
526 3271 620 3324 ἐὰν
660 3270 903 3343 ἁμάρτῃ,
937 3270 1062 3333 τοὺς
1090 3269 1396 3340 θησαυροὺς
1436 3267 1604 3338 αὐτῆς
1637 3267 1902 3339 λαμϐάνει
1926 3269 1955 3320 ὁ

376 3362 730 3424 Βαϐυλώνιος.
776 3363 886 3415 Καὶ
914 3359 1275 3429 διαρπῶνται
1315 3359 1389 3431 (6)
1420 3359 1663 3425 αὐτοὺς,
1693 3358 1792 3412 καὶ
1839 3356 1954 3428 λή-

374 3455 590 3522 ψονται
635 3452 876 3518 αὐτοὺς,
922 3452 1021 3506 καὶ.
1070 3451 1330 3517 ἄξουσιν
1372 3451 1597 3517 αὐτοὺς
1637 3454 1725 3517 εἰς
1763 3452 1953 3504 Βαϐυ-

373 3544 557 3600 λῶνα.
593 3545 699 3599 Καὶ
728 3545 810 3599 σὺ
837 3542 1114 3613 Πασχὼρ,
1149 3544 1249 3597 καί
1273 3542 1496 3608 πάντες
1524 3544 1577 3595 οἱ
1606 3539 1952 3594 κατοικοῦσι-

375 3653 475 3703 τες
500 3632 673 3701 ἐν’τῷ
715 3637 858 3702 οἴκῳ
884 3650 1001 3689 σου
1046 3634 1418 3702 πορεύσεσθε
1460 3633 1530 3686 ἐν
1576 3631 1954 3701 αἰχμαλωσίᾳ

374 3730 464 3790 εὶς
511 3727 870 3790 Βαϐυλῶνα,
919 3725 1090 3781 κάκεῖ
1130 3723 1427 3793 ἀποθανῇ,
1473 3722 1646 3778 κάκεῖ
1687 3721 1949 3791 ταφήσῃ.

384 3820 447 3874 Ὀ
501 3822 560 3873 ὲν
621 3819 879 3891 συγχύσει
935 3817 1508 3888 καταλαμϐανόμενος,
1560 3817 1618 3869 ὲν
1674 3813 1951 3867 Βαϐυλῶνι

2062 3176 2222 3229 amici
2265 3177 2342 3229 tui
2366 3177 2495 3231 illuc
2530 3177 2742 3231 ebibitis
2770 3178 2958 3250 quibus
2998 3182 3320 3250 prophetasti
3347 3186 3422 3238 eis
3464 3185 3629 3254 falsa.

2061 3266 2163 3334 Qui
2196 3268 2336 3323 male
2378 3269 2767 3340 interpretatur
2810 3272 3028 3327 oracula
3061 3273 3227 3345 259
3260 3273 3373 3339 Dei,
3403 3285 3458 3330 et
3496 3293 3627 3346 pro-

2060 3359 2306 3428 pheticos
2339 3375 2622 3416 sermones
2654 3361 2818 3415 mittit
2856 3360 2911 3416 in
2946 3371 3296 3432 cataractam,
3325 3365 3372 3420 is
3407 3366 3625 3435 quidem

2062 3450 2368 3520 prophetat,
2397 3451 2490 3506 sed
2519 3451 2805 3521 prophetat
2836 3451 2994 3509 falsa.
3018 3452 3230 3510 Etenim
3259 3457 3350 3526 qui
3391 3459 3630 3527 explicat

2058 3540 2406 3610 propheticus
2442 3555 2744 3606 sermones,
2787 3542 2835 3597 si
2860 3557 2928 3597 ex
2968 3543 3194 3599 veritate
3221 3546 3465 3615 exponit,
3511 3548 3628 3617 ipse

2057 3629 2221 3687 etiam
2266 3629 2572 3699 prophetat,
2599 3637 2653 3683 et
2701 3629 2986 3699 prephetat
3013 3647 3171 3700 vera;
3199 3633 3244 3688 si
3289 3649 3420 3689 vero
3468 3652 3626 3691 men-

2060 3719 2211 3785 titur,
2262 3717 2432 3773 falsus
2474 3718 2737 3788 prapheta
2790 3727 2895 3787 est,
2949 3734 3229 3776 sermones
3279 3722 3629 3793 propheticus

2058 3811 2382 3880 depravatis.

375 3914 725 3986 ἀποθνήσκει.
771 3915 880 3968 Καὶ
922 3914 953 3967 ὁ
1006 3913 1264 3976 ἐναντίως
1320 3910 1659 3981 διακείμενος
1714 3909 1793 3980 τῷ
1834 3906 2228 3963 συνθάπτεσθαι
2285 3905 2364 3977 τῷ
2409 3906 2650 3978 Χριστῷ,
2713 3899 2866 3981 οὗτος
2908 3907 2965 3959 ὲν
3014 3907 3292 3963 Βαϐυλῶνι
3340 3912 3621 3971 θάπτεται.

378 4007 533 4061 Ἐστι
574 4007 685 4080 γὰρ
713 4009 806 4061 καὶ
853 4009 1089 4080 ταφῆναι
1121 4004 1259 4078 μετὰ
1290 4002 1528 4077 Χριστοῦ
1564 4004 1742 4066 καλῶς
1776 4002 1864 4056 διὰ
1904 3999 1999 4055 τοῦ
2040 3998 2432 4070 βαπτίσματος,
2479 3996 2621 4050 κατὰ
2656 3996 2750 4050 τόο
2778 3996 3205 4069 Συνετάφτυιεν
3244 4000 3325 4068 τῷ
3369 4006 3623 4073 Χριστῷ⁹

374 4099 474 4154 καὶ
518 4102 980 4172 συνανέστημεν
1011 4099 1189 4167 αὐτῷ.
1230 4101 1317 4164 Ὧς
1350 4098 1651 4171 μυστήριόν
1679 4099 1794 4150 ἐστι
1838 4096 2174 4166 συνταφῆναι
2233 4092 2312 4163 τῷ
2361 4091 2602 4163 Χριστῷ,
2641 4090 2785 4146 οὕτω
2823 4094 3116 4166 μυστήριόν
3162 4097 3278 4151 ἔστι
3325 4101 3465 4154 κατὰ
3497 4102 3620 4157 ἀνο-

380 4194 510 4263 μίαν
537 4193 826 4266 γενόμενον
859 4197 953 4249 ὲπὶ
980 4194 1059 4266 τῷ
1090 4194 1413 4267 ἁμαρτωλὸν
1445 4192 1574 4248 ὄντα
1604 4192 1838 4262 ταφῆναι
1875 4193 1956 4254 είς
1992 4186 2303 4243 Βαϐυλῶνα·
2362 4188 2471 4242 Καὶ
2516 4187 2760 4257 πάντες,
2816 4188 3000 4259 φησὶν,
3036 4192 3091 4244 οἱ
3141 4192 3308 4261 φίλοι
3344 4208 3461 4250 σου
3500 4198 3628 4254 ἐκεῖ

369 4282 804 4352 ἀπελεύσεσθε,
840 4281 930 4353 οἷς
969 4285 1429 4355 ἐπροφήτευσας
1475 4283 1680 4350 αὐτοῖς
1725 4281 1943 4352 ψευδῆ.
1996 4282 2053 4335 '0
2089 4279 2445 4353 διηγούμενος
2476 4278 2663 4343 κακῶς
2711 4279 2779 4333 τὰ
2828 4279 2982 4350 λόγια
3026 4281 3119 4337 τοῦ
3162 4283 3318 4350 Θεοῦ,
3367 4285 3463 4341 καὶ
3499 4289 3626 4356 τοὺς

372 4378 742 4447 προφητικοὺς
788 4378 981 4447 λόγους
1011 4378 1221 4450 βάλλων
1249 4380 1330 4443 είς
1377 4378 1790 4450 καταῤῥάκτην,
1842 4375 2174 4448 προφητεύει
2207 4375 2306 4447 μὲν
2358 4365 2533 4438 οὗτος,
2591 4374 2922 4446 προφητεύει
2974 4377 3032 4430 δὲ
3090 4376 3260 4452 ψευδῆ
3285 4395 3301 4411 ο
3334 4380 3627 4455 διηγούμε-

372 4488 461 4535 νος
507 4472 618 4544 γάρ
645 4490 728 4537 τις
756 4474 882 4538 τοὺς
910 4477 1280 4547 προφητικοὺς
1308 4475 1520 4544 λόγους,
1559 4472 1654 4527 ἐὰν
1700 4474 1799 4544 μὲν
1840 4471 2100 4544 ἀληθεύῃ,
2143 4472 2239 4524 καὶ
2287 4469 2448 4533 αὐτὸς
2492 4468 2843 4540 προφητεύει,
2903 4471 2997 4526 καὶ
3037 4473 3368 4543 προφητεύει
3425 4475 3620 4548 ἀληθῆ.

373 4561 431 4614 Ei
461 4564 516 4616 δὲ
540 4564 815 4634 ψεύδεται,
845 4565 1294 4638 ψευδοπροφήτης
1336 4566 1452 4619 ἐστὶ
1479 4563 1947 4635 καταψευδόμενος
1981 4561 2089 4617 τῶν
2118 4561 2292 4629 λόγων
2317 4558 2426 4613 τῶν
2459 4559 2829 4632 προφητικῶν.

438 4657 547 4711 Ka‘t
581 4657 645 4728 δὴ
682 4657 991 4712 τετέλεσται
1023 4660 1056 4730 ἡ
1117 4659 1215 4729 μία
1252 4658 1549 4729 περικοπὴ,
1602 4657 1701 4728 ἤδη
1745 4655 1801 4708 δὲ
1851 4654 1946 4709 καὶ

2124 4654 2210 4708 15.
2239 4652 2359 4708 Jam
2390 4652 2638 4707 absoluta
2683 4663 2766 4710 est
2795 4655 2942 4724 prior
2975 4655 3178 4712 sectio:
3200 4658 3424 4714 alteram
3455 4662 3621 4719 modo

368 4746 466 4817 τῆς
511 4749 772 4821 δευτέρας
809 4748 1121 4822 ἀρξώμεθα.
1178 4749 1291 4802 Καὶ
1332 4749 1441 4822 γὰρ
1481 4749 1592 4820 ἔχει
1636 4748 1938 4818 πράγματα

368 4838 569 4904 εὐθέως
592 4841 701 4895 ἀπὸ
728 4840 831 4911 τῆς
864 4839 1086 4913 πρώτης
1108 4840 1324 4907 λέξεως,
1363 4843 1424 4895 οὐ
1453 4841 1523 4895 τὰ
1549 4841 1795 4911 τυχόντα.
1827 4840 1940 4894 Καὶ

374 4930 730 5001 προσέχοντες
776 4934 843 5002 τῇ
886 4930 1029 4996 λέξει
1073 4929 1235 4984 πάλιν
1291 4932 1604 5003 αίτὴσωμεν
1649 4930 1805 5001 ἥκειν
1849 4929 1941 4982 τὸν

378 5017 618 5092 Ἰησοῦν,
668 5025 762 5078 καὶ⁹
817 5022 1241 5095 ὲπιφανὲστερόν
1296 5040 1356 5075 τε
1414 5023 1508 5076 καὶ
1559 5021 1941 5094 λαμπρότερον

362 5109 519 5180 ἣκειν
557 5114 718 5168 αὐτὸν
742 5112 1170 5186 παρακαλῶμεν,
1196 5113 1283 5167 ἵνα
1314 5110 1484 5167 ἐλθὼν
1514 5112 1701 5187 διδάξῃ
1730 5114 1940 5176 πάντας

364 5203 531 5274 ἡμᾶς,
562 5207 789 5279 πότερον
818 5207 1097 5280 ἀληθεύων
1118 5206 1300 5274 ἔλεγεν
1333 5208 1361 5258 ὁ
1384 5206 1686 5277 προφήτης,
1710 5205 1784 5274 ὡς
1812 5205 1944 5282 πρέ.

363 5294 411 5331 ¹⁵⁹
450 5298 644 5358 Ezech.
671 5318 828 5368 xvut,
854 5303 943 5359 24.
1022 5304 1069 5336 ‘°
1098 5302 1298 5358 Psalm.
1326 5319 1514 5367 xum,
1549 5303 1636 5357 15.
1713 5308 1756 5342 ἰ
1783 5310 1987 5370 Jercm.
2023 5317 2115 5365 xx,
2150 5300 2203 5354 ὅ.

363 5380 459 5435 xx,
486 5369 541 5426 6.

435 5464 511 5604 ξι)
558 5467 629 5521 Ἡ
654 5467 1016 5537 ἁμαρτωλός.
1046 5468 1185 5537 Lege
1215 5465 1280 5541 ᾗς
1310 5470 1342 5538 ἠ
1374 5469 1711 5545 ἁμαρτωλός,

458 5537 511 5604 2)
558 5540 636 5591 "II
661 5538 992 5604 γενομένων
1029 5539 1431 5604 Ἰερουσαλήμ.
1462 5537 1602 5604 Lego
1632 5563 1701 5604 ρ..

458 5537 527 5638 ἓξ.
558 5537 1602 5638 Ἰὲτέῒεῖἒιέέεῗῖῗ.ίζξξπῖκίῖίέῖίέἕξᾲἔθεε)
1632 5537 1762 5638 sim
1787 5564 1921 5636 Ghi-

368 5603 547 5678 Slcl'jt).
584 5603 693 5660 τῶν
721 5603 1024 5677 γενομένων
1050 5603 1107 5662 ὲν
1146 5603 1515 5678 Ἰερουσαλήμ.

437 5675 513 5747 (3)
545 5679 725 5733 Codex
760 5675 1013 5745 Scurial.,
1047 5678 1102 5732 ἐν
1132 5675 1315 5748 γραφῇ
1360 5675 1613 5754 Ἱεζὲκιήλ.

2045 4739 2413 4814 auspicernur.
2438 4742 2689 4813 Namque
2722 4746 2842 4815 ipso
2869 4747 3050 4801 statim
3085 4747 3242 4805 initio
3273 4749 3618 4810 dill‘tcultates
3669 4773 3684 4792 ν

2047 4852 2152 4890 non
2195 4836 2445 4908 vulgares
2474 4837 2735 4891 continet.
2767 4836 2848 4892 Ad
2886 4839 3119 4895 litteram
3147 4843 3391 4898 animum
3437 4855 3617 4901 atten-
3672 4832 3679 4841 ’

2043 4925 2254 4991 dentes,
2304 4926 2499 4980 iterum
2552 4934 2798 4995 petamus
2839 4927 3030 4984 adesse
3071 4927 3280 4997 Iesum,
3328 4933 3616 5004 ipsumque

2044 5016 2244 5071 clarius
2272 5025 2325 5071 et
2351 5014 2696 5072 manifestius
2729 5018 2984 5075 advenire
3007 5036 3292 5090 precemur
3308 5033 3368 5078 ut
3388 5025 3615 5080 veniens

2044 5122 2235 5163 omnes
2266 5123 2367 5163 nos
2389 5108 2635 5175 edoceat,
2676 5118 2860 5163 utrum
2889 5125 2954 5166 ea
2983 5128 3104 5182 quae
3129 5124 3432 5186 sequuntur
3462 5118 3615 5172 dixe-

2043 5201 2116 5256 rit
2144 5200 2404 5271 propheta
2426 5217 2574 5269 vere,
2605 5213 2766 5273 prout
2790 5204 2942 5259 decet
2962 5205 3028 5261 de
3050 5208 3309 5278 propheta
3340 5209 3612 5280 cogitare;

2319 5299 2365 5330 ’ί
2396 5299 2529 5355 ibid.
2552 5302 2610 5367 5,
2642 5300 2696 5356 6.
2810 5303 2860 5338 "
2890 5301 3047 5359 Rom.
3084 5321 3169 5373 vr,
3192 5306 3246 5360 4.
3332 5306 3385 5340 ⁸⁵
3405 5304 3610 5366 Jerem.

2114 5466 2187 5537 (ιι)
2211 5462 2392 5537 Codex
2427 5462 2700 5537 faucem"
2737 5466 2839 5537 ὅτι.

2118 5533 2193 5605 (⁵7)
2226 5533 2389 5608 hiem;
2426 5533 2540 5608 ἴδῃς
2566 5536 2627 5608 ἐν
2652 5539 2780 5608 τιμῇ
2809 5535 2883 5608 ὢν
2908 5534 3259 5608 καὶᾼβληθείς.

2122 5602 2198 5681 (ii)
2231 5602 2530 5659 Gltislerius
2566 5602 2793 5676 legebat.
2823 5602 3203 5679 διαρπάζουσι.
