4218 6292
549 369 652 423 ius

2026 365 2186 422 OlllC
2198 361 2348 417 ENS

3685 361 3791 419 496

547 497 617 540 3n
654 501 785 542 vero
807 486 942 543 falsa
979 487 1278 558 scripserit,
1305 484 1447 558 quod
1496 486 1563 543 de
1609 487 1871 559 propheta
1924 495 2115 542 sancto
2146 487 2188 543 Α

2146 487 2188 543 Α
2216 498 2305 535 πει
2327 482 2466 535 νοεῖν
2488 478 2616 552 περί
2642 478 2941 551 προφήτου,
2996 475 3082 531 τὰ
3105 475 3251 548 ἑξῆς,
3290 475 3321 547 ῆ
3362 474 3710 547 ψευδόμενος·
3765 479 3793 531 ὃ

551 576 702 632 nefas
724 588 807 634 est
833 594 1096 634 asserere.
1128 579 1218 633 Ait
1245 588 1425 634 autem
1452 579 1518 635 ad
1556 578 1724 636 Deum
1742 581 1789 613 "
1815 599 1828 636 :
1852 579 2114 649 Decepiin

549 683 652 729 me,
691 668 924 735 Domine,
948 677 996 722 et
1033 668 1274 740 deceptus
1300 686 1452 734 sum;
1478 669 1754 724 obtinuisti
1775 680 1822 725 et
1859 669 2114 738 potuisti;

551 761 723 830 factus
760 777 875 814 sum
904 761 959 814 in
991 761 1246 828 derisum,
1280 771 1391 817 tota
1429 763 1516 816 die
1543 763 1864 833 perseveravi
1890 764 2113 816 subsan-

548 862 742 916 natus;
775 850 901 921 quia
945 868 1128 906 amaro
1158 853 1308 906 rerbo
1345 870 1454 907 meo
1501 855 1679 908 ridebo
1722 853 2118 923 prtevaricatio-

548 957 686 1005 nem,
715 951 764 995 et
810 943 1077 997 miseriam
1122 945 1407 1009 invocabo;
1455 946 1580 1015 quia
1626 946 1801 1016 factus
1843 954 1918 1000 est
1947 960 2116 1000 sermo

547 1032 763 1086 Domini
795 1032 847 1086 in
880 1034 1211 1101 opprobrium
1255 1035 1406 1098 mihi,
1434 1050 1483 1088 et
1512 1036 1567 1089 in
1595 1036 1825 1090 derisum
1859 1047 1970 1090 tota
2010 1035 2112 1090 die.

549 1116 619 1177 Et
653 1123 770 1177 dixi
806 1136 827 1178 :
854 1122 976 1179 Non
1008 1123 1288 1178 nominabo
1322 1140 1505 1179 nomen
1533 1126 1767 1191 Domini,
1791 1142 1883 1180 nec
1926 1126 2116 1196 loquar

549 1216 692 1270 ultra
722 1217 776 1270 in
807 1217 1015 1271 nomine
1062 1216 1249 1286 ipsius.
1294 1214 1361 1269 Et
1396 1217 1571 1286 factus
1606 1227 1684 1272 est
1723 1218 1777 1273 in
1809 1218 1966 1271 corde
2004 1232 2115 1271 meo

548 1309 703 1379 quasi
732 1308 868 1378 ignis
895 1308 1108 1373 ardens,
1134 1322 1289 1360 urens
1320 1308 1374 1360 in
1404 1309 1607 1362 ossibus
1635 1310 1802 1373 meis;
1824 1317 1871 1362 et
1896 1307 2120 1361 dissolu-

550 1408 636 1454 tus
673 1415 789 1453 sum
838 1399 1085 1470 undique,
1122 1407 1171 1453 et
1203 1414 1305 1453 non
1340 1416 1553 1469 possunt
1580 1401 1749 1470 ferre;
1784 1399 1910 1470 quia
1940 1398 2117 1454 audivi

547 1491 983 1560 vituperationem
1039 1490 1325 1545 multorum
1377 1501 1810 1561 congregatarum
1859 1491 2111 1561 undique,

552 1582 854 1637 dicentium
880 1582 1164 1638 Videlicet:
1193 1580 1453 1637 Insultate
1484 1593 1532 1636 et
1560 1582 1869 1638 insultemus
1902 1583 1956 1636 in
1977 1598 2116 1649 eum,

552 1674 650 1726 t-iri
684 1675 845 1728 amici
892 1674 1046 1743 ejus;
1076 1676 1341 1730 observate
1377 1682 1596 1728 mentem
1637 1672 1776 1742 ejus,
1803 1672 1850 1725 si
1893 1671 2117 1742 decipie-

2216 575 2279 626 οὐ
2320 572 2536 644 θεμιτὸν
2593 569 2771 642 λέγειν
2814 572 2943 643 περὶ
2974 569 3255 642 προφήτου
3307 568 3484 638 ἁγίου.
3521 568 3685 638 Λέγει
3735 569 3793 625 δὲ

2216 663 2350 735 πρὸς
2378 660 2468 715 τὸν
2495 660 2642 717 Θεόν·
2687 658 3023 730 Ἠπάτησάς
3067 678 3165 730 με,
3221 662 3418 730 Κύριε,
3455 662 3793 732 eminetani-

2217 756 2350 819 θην·
2380 752 2741 822 ἐκράτησας,
2777 751 2874 805 καί
2950 750 3308 818 ὲδυνάσθης.
3352 752 3676 822 Ἐγιενόμην
3703 755 3794 821 είς

2216 835 2466 906 γέλωτα,
2499 836 2705 892 πᾶσαν
2727 835 2841 906 τὴν
2870 835 3101 907 ἡμέραν
3148 836 3460 894 διετέλεσα
3508 857 3795 910 μυκτηρι-

2217 927 2474 999 ζόμενος·
2508 929 2598 984 ὅτι
2616 929 2806 999 πικρῷ
2835 930 2996 997 λόγῳ
3013 946 3134 998 μου
3163 918 3491 1001 γελάσομαι
3515 933 3790 999 ἀθεσίαν,

2216 1020 2315 1073 καὶ
2331 1021 2732 1089 ταλαιπωρίαν
2751 1018 3199 1090 ἐπικαλέσομαι⁸
3229 1020 3317 1074 ὅτι
3342 1022 3596 1093 ἐγενήθη
3623 1027 3657 1078 ό
3682 1024 3791 1078 λόο-

2217 1128 2321 1181 γος
2342 1112 2561 1180 Κυρίου
2588 1114 2674 1177 εἰς
2699 1112 3042 1180 ὀνειδισμὸν
3086 1113 3238 1183 ἐμοὶ,
3295 1114 3393 1168 καὶ
3444 1114 3794 1185 χλευασμὸν

2217 1199 2423 1256 πᾶσαν
2473 1201 2720 1271 ἡμέραν,
2774 1201 2873 1255 καὶ
2929 1198 3069 1257 εἷπα
3091 1219 3105 1234 θ
3172 1206 3245 1259 οὐ
3271 1204 3358 1274 μὴ
3416 1205 3690 1275 ὀνομάσω
3720 1205 3787 1259 τὸ

2218 1293 2404 1362 ὄνομα
2431 1295 2671 1361 Κυρίου,
2705 1293 2801 1360 καί
2825 1294 2896 1347 οὐ
2921 1293 3007 1363 μὴ
3031 1293 3284 1359 λαλήσω
3309 1294 3396 1349 ἔτι
3427 1294 3525 1348 ἐπὶ
3556 1295 3636 1361 τῷ
3664 1296 3792 1348 ὀνό-

2212 1401 2354 1454 ματι
2390 1384 2608 1451 αὑτοῦ,
2644 1384 2743 1438 καὶ
2784 1383 3020 1453 ἐγένετο
3067 1385 3140 1439 ἐν
3166 1385 3241 1454 τῇ
3299 1386 3514 1454 καρδίᾳ
3563 1403 3683 1457 μου
3713 1389 3790 1452 ὡς

2218 1471 2340 1538 πῦρ
2369 1473 2761 1542 φλεγόμενον,
2789 1472 2965 1527 καῖον
2990 1473 3060 1528 ἐν
3090 1474 3214 1540 τοῖς
3240 1473 3472 1541 ὀστέοις
3495 1493 3635 1545 μου.
3678 1477 3786 1531 Kal

2218 1562 2490 1632 παρεῖμαι
2516 1561 2832 1626 πάντοθεν,
2874 1563 2973 1617 καὶ
3019 1564 3092 1618 σὺ
3144 1564 3400 1635 δύναμαι
3447 1567 3669 1635 φέρειν,
3699 1566 3787 1623 ὅτι

2219 1651 2457 1722 ἤκουσα
2477 1654 2673 1723 ψόγον
2695 1653 2941 1709 πολλῶν
2983 1652 3527 1724 συναθροιζομένων
3556 1656 3786 1713 κύκλω-

552 1775 678 1830 tur;
707 1775 755 1819 et
797 1764 1196 1836 prmi-alebimtts
1230 1765 1301 1830 ei,
1330 1772 1382 1818 et
1413 1779 1677 1818 sumemus
1707 1762 1992 1819 vindictam
2022 1778 2118 1817 no-
2150 1827 2185 1836 _

2150 1827 2185 1836 _
2219 1747 2341 1809 θεν,
2400 1743 2494 1798 καὶ
2539 1743 2804 1813 λεγόντων
2862 1739 3123 1815 δηλονότι·
3191 1745 3592 1815 Ἐπισύστητε
3611 1785 3627 1811 ,
3687 1747 3785 1802 καί

550 1827 719 1911 stram
758 1827 825 1911 ea:
861 1872 940 1911 eo.
989 1855 1121 1923 Quae
1159 1827 1297 1913 cum
1335 1855 1410 1911 illi
1458 1853 1702 1911 dicereut
1730 1895 1744 1919 ,
1793 1852 1944 1908 addit
1990 1868 2118 1923 pro-
2147 1827 2188 1883 Β

2147 1827 2188 1883 Β
2216 1830 2635 1902 ἐπισυστῶμεν
2674 1833 2766 1886 ἐπ’
2790 1831 2950 1899 αὐτῷ
2979 1832 3194 1901 ἄνδρες
3238 1833 3404 1902 φίλοι
3448 1833 3652 1888 αὐτοῦ.
3687 1837 3784 1903 Ρη.

549 1948 713 2017 pheta
747 1965 760 2002 :
802 1948 1058 2002 Dominus
1083 1957 1258 2002 autem
1282 1945 1481 2002 mecum
1502 1944 1658 2017 quasi
1683 1943 1906 1999 bellator
1938 1944 2113 2015 fortis.

551 2037 765 2095 Idcirco
794 2040 1050 2109 persecuti
1088 2046 1231 2102 sunt,
1269 2048 1321 2093 et
1361 2036 1650 2107 intelligere
1672 2052 1774 2089 non
1814 2044 2116 2106 potuerunt,

550 2127 758 2196 confusi
787 2137 909 2181 sunt
951 2127 1138 2193 valde;
1181 2143 1307 2197 quia
1345 2143 1447 2180 non
1475 2124 1845 2180 intellexerunt
1887 2127 2118 2196 ignomi-

550 2211 666 2274 nias
688 2235 834 2285 suas,
861 2235 978 2290 quia
1011 2234 1103 2290 per
1125 2217 1376 2272 swculum
1418 2233 1521 2271 non
1545 2217 1822 2272 tradentur
1842 2216 2113 2271 oblivioni.

551 2306 679 2364 Haec
710 2316 794 2363 est
818 2308 987 2363 altera
1018 2320 1145 2377 pars
1171 2304 1443 2361 lectionis.
1482 2302 1771 2370 Quomodo
1800 2301 1964 2372 igitur
1993 2315 2120 2372 pro—

551 2400 710 2469 pheta
734 2399 866 2455 dicit
894 2416 907 2453 :
939 2398 1199 2468 Decepisti
1234 2413 1333 2463 me,
1357 2395 1596 2463 Domine,
1621 2410 1670 2450 et
1703 2398 1943 2464 deceptus
1972 2393 2120 2448 sum?

553 2487 770 2544 Deusne
805 2487 1044 2559 decipit?
1066 2486 1368 2556 Quamnam
1397 2487 1527 2543 huic
1550 2485 1787 2546 sermoni
1815 2498 2119 2555 congruen-

551 2588 659 2634 tem
693 2579 1084 2651 expositionem
1112 2579 1346 2635 tribuam
1389 2579 1602 2648 ignoro.
1634 2575 1691 2631 Si
1715 2575 1860 2631 enim
1895 2581 2119 2645 propter

554 2668 722 2726 Deum
752 2679 807 2726 et
831 2670 1056 2727 verbum
1100 2669 1221 2740 ejus
1251 2667 1455 2739 aliquid
1486 2668 1540 2722 in
1587 2667 1693 2722 hoc.
1738 2673 1887 2720 textu
1935 2662 2116 2730 video,

552 2776 676 2831 qua:
719 2761 970 2817 dicentur
1018 2759 1200 2815 sobrie
1255 2757 1548 2813 admodum
1601 2753 1918 2826 proferenda
1968 2763 2115 2809 sunt.

552 2853 691 2908 Cum
718 2853 890 2923 decipi
934 2851 1046 2920 jam
1080 2849 1333 2907 desiisset
1358 2848 1642 2920 propheta,
1673 2847 1806 2903 dicit
1845 2864 1859 2901 :
1898 2844 2119 2913 Decepi-

551 2944 627 3002 ιιι
655 2960 758 3010 me,
797 2943 1032 3009 Domine,
1063 2943 1111 2996 et
1144 2941 1383 2996 deceptus
1415 2956 1552 3007 sum,
1583 2938 1738 3007 quasi
1773 2937 1903 3009 ipsis
1932 2937 2120 3007 primis

555 3034 882 3091 rudimentis
931 3034 1217 3100 initiatus,
1260 3031 1713 3101 introductusque
1759 3029 1955 3085 fuisset
1993 3042 2117 3083 cum

554 3126 889 3197 deceptione,
924 3139 1097 3194 neque
1126 3121 1361 3197 potuerit
1396 3121 1620 3188 initiari,
1644 3120 1710 3176 ad
1744 3120 2113 3190 pietatemque

553 3194 771 3272 institui
801 3223 860 3269 ut
883 3214 1078 3270 deinde
1103 3194 1382 3268 seductum
1411 3226 1469 3266 se
1498 3218 1838 3281 agnosceret,
1870 3212 1924 3266 ni
1966 3210 2117 3282 prius

555 3306 916 3377 deciperetur.
974 3303 1118 3359 Satis
1166 3312 1346 3357 autem
1397 3302 1501 3356 erit
1540 3301 1757 3371 aliquod
1810 3300 2117 3371 exemplum

556 3398 750 3453 aﬂ'erre
774 3395 919 3466 quod
950 3395 1016 3450 ad
1053 3393 1361 3449 institutum
1393 3405 1699 3446 sermonem
1729 3390 2016 3445 conducat.
2053 3389 2121 3446 Ut

557 3504 756 3561 pueros
787 3489 1147 3558 alloquamur,
1183 3487 1395 3557 agimus
1424 3493 1477 3539 et
1515 3484 1618 3554 ipsi
1663 3498 1883 3554 pueros,
1913 3492 1966 3538 et
2011 3499 2118 3538 non

558 3591 814 3652 tauquam
846 3577 1115 3650 perfectos
1156 3575 1508 3646 alloquimur,
1548 3576 1642 3629 sed
1674 3582 1932 3643 tauquam
1960 3573 2123 3644 260

557 3686 758 3743 pueros
819 3668 1103 3739 disciplina
1159 3667 1480 3735 indigentes.
1552 3663 1860 3734 Decipimus
1918 3678 2119 3734 pueros

560 3766 833 3832 terrendo,
875 3773 936 3819 ut
975 3763 1179 3819 dociles
1215 3762 1365 3816 liant.
1399 3760 1688 3816 Terremus
1726 3774 1923 3830 pueros
1966 3760 2124 3815 dece-

557 3858 758 3933 ptiouis
786 3856 967 3912 verbis
1000 3855 1066 3910 ad
1097 3852 1399 3908 infantilem
1429 3860 1642 3907 aetatem
1678 3850 2121 3916 accommodatis,

562 3958 621 4003 ιιι
649 3947 963 4017 deceptione
1005 3955 1207 4000 metum
1245 3943 1379 4013 ipsis
1420 3942 1771 4003 incutiamus,
1809 3939 2125 4010 possintque

561 4048 920 4111 praeceptores
960 4053 1054 4095 eos
1100 4021 1405 4100 instituere,
1435 4048 1678 4099 monere,
1705 4039 1758 4087 et
1795 4046 1859 4086 ea
1906 4046 2028 4102 qua:
2055 4033 2121 4086 ad

559 4132 776 4187 illorum
813 4129 1109 4200 profectum
1144 4137 1392 4199 spectant
1421 4140 1695 4198 peragere.
1743 4122 1945 4179 Omnes
1969 4123 2123 4194 pueri

559 4238 754 4279 sumus
801 4222 932 4289 Deo,
977 4230 1031 4277 et
1078 4219 1400 4274 educatione
1448 4230 1742 4288 puerorum
1793 4214 2120 4286 indigemus.

464 4325 479 4395 ξ
558 4315 684 4372 Ideo
729 4329 957 4385 parcens
1006 4310 1166 4366 nobis
1219 4308 1361 4364 Deus
1409 4307 1610 4376 decipit
1660 4319 1783 4368 nos,
1823 4303 1952 4358 licet
2002 4314 2127 4359 ante

464 4402 470 4416 ’
560 4418 776 4476 tempus
816 4405 1070 4473 deceptos
1110 4415 1212 4456 nos
1262 4417 1369 4456 non
1423 4400 1749 4461 sentiamus,
1788 4412 1854 4452 ne
1900 4397 2055 4467 quasi
2096 4411 2126 4452 e

523 4499 748 4574 pueris
790 4493 1215 4555 excesserimus,
1250 4490 1395 4546 haud
1442 4488 1775 4558 deceptione,
1824 4488 1916 4542 sed
1962 4488 2123 4543 rebus
2156 4493 2189 4546 n

910 4464 1215 4555 asserimus,
1250 4490 1395 4546 haud
1442 4488 1775 4558 deceptione,
1824 4464 1933 4542 sed
1962 4488 2123 4543 rebus
2156 4493 2198 4546 l)
2228 4464 2576 4574 aﬁaxYED-G:

563 4593 698 4664 ipsis
736 4588 1077 4646 erudiuntur.
1109 4582 1281 4639 Aliter
1312 4588 1488 4635 metus
1532 4594 1701 4649 puero
1735 4578 1995 4648 injicitur,
2026 4579 2125 4632 ali-

563 4694 636 4736 tet
669 4682 743 4737 illi
774 4681 867 4750 qui
897 4675 1159 4751 grandior
1184 4681 1267 4728 est
1298 4682 1351 4725 et
1379 4684 1544 4739 supra
1589 4669 1848 4738 puerilem
1880 4676 2123 4735 aetatem;

566 4788 674 4827 non
704 4773 846 4826 enim
871 4783 1093 4841 possum
1122 4781 1219 4838 per
1240 4761 1616 4833 dcccptionem
1650 4759 1800 4814 illum
1834 4758 2123 4827 instruere,

566 4873 628 4918 ut
676 4863 821 4916 dicat
860 4859 1134 4929 decipiens
1169 4855 1312 4910 Deus
1348 4872 1363 4909 :
1401 4850 1665 4906 Erudiam
1712 4864 1798 4903 eos
1840 4848 1897 4902 in
1938 4849 2126 4903 auditu

566 4951 930 5009 tribulationis
968 4963 1170 5003 eorum.
1214 4945 1495 4999 Adducam
1530 4939 1785 4996 historias
1817 4947 1875 4993 ut
1904 4939 2125 5009 probem

565 5043 840 5118 quomodo
881 5040 1024 5096 Deus
1070 5039 1137 5093 ad
1184 5036 1413 5092 salutem
1465 5031 1720 5102 decipiat,
1769 5032 2128 5102 quaedamque

566 5136 826 5209 proferat,
857 5140 916 5187 ut
941 5129 1152 5186 desinat
1178 5135 1428 5197 peccator
1470 5137 1632 5193 agere
1679 5136 1801 5191 quae
1835 5130 2038 5191 ageret,
2072 5119 2126 5172 ni

568 5232 668 5286 hos
692 5236 747 5282 et
775 5228 873 5282 hos
897 5235 1174 5280 sermones
1196 5218 1475 5273 audiisset.
1510 5213 1616 5280 Qui
1651 5214 1863 5268 dicebat
1887 5213 1933 5244 ⁸⁸
1970 5230 1985 5265 :
2020 5211 2130 5265 Ad-

567 5323 666 5377 λιιιε
695 5331 798 5375 tres
829 5317 963 5378 dies,
995 5322 1044 5367 et
1069 5310 1259 5365 Ninive
1281 5307 1629 5368 subvertetur,
1663 5320 1786 5358 vere
1810 5311 1904 5357 aut
1930 5302 2051 5359 ﬁcte
2078 5301 2128 5355 id

569 5406 988 5481 praenuntiabat,
1003 5412 1096 5457 aut
1110 5399 1424 5470 deceptione
1442 5396 1692 5450 utebatur
1718 5393 2128 5449 conversionem

637 5524 685 5557 ⁵⁵
708 5520 909 5577 Jerem.
942 5533 1036 5582 xx,
1062 5515 1092 5567 7
1121 5522 1175 5567 ct
1218 5526 1332 5581 seq.
1409 5509 1454 5541 '°
1489 5504 1616 5561 Jon.
1650 5520 1734 5571 ιιι,
1763 5503 1816 5558 4.

641 5632 722 5714 _(ll
758 5629 1203 5714 ’μαχῇ-θησαν.
1228 5618 1540 5684 Corderius,
1568 5613 1857 5684 confortati
1881 5621 2024 5678 sunt,
2055 5613 2129 5667 Ie-

572 5696 750 5771 gvhat,
784 5696 1131 5771 ἶσχῦνθησαν.

643 5750 1251 5837 ίῆἶΕίγδγὰρ’δύναμαι
1304 5757 1377 5811 δι’
1409 5754 1665 5820 ἀπάτης,
1713 5760 1815 5805 οἷς.
1863 5750 2132 5822 Corrttpla

2187 2739 2495 2809 ,πάτησάς
2551 2755 2628 2810 με
2649 2779 2664 2805 ,
2749 2738 2959 2807 Κύριε,
3023 2736 3133 2802 ,καὶ
3199 2734 3573 2805 ὴπατήθηνξ

2211 1923 2442 1994 ρήσατε
2480 1923 2596 1994 τὴν
2641 1925 2918 1994 ἐπίνοιαν
2965 1924 3153 1979 αὐτοῦ
3211 1925 3267 1979 εἰ
3312 1923 3780 1993 ἀπατηθήσεται.

2216 2017 2331 2072 Kal
2365 2017 2748 2088 δυνησόμεθα
2800 2016 2978 2083 αὐτῷ,
3030 2016 3129 2069 καὶ
3158 2017 3469 2087 ληψόμεθα
3495 2016 3608 2084 τὴν
3626 2015 3784 2071 ἐκδι-

2215 2123 2397 2176 κησιν
2426 2108 2596 2178 ἡμῶν
2636 2109 2707 2173 ἐξ
2769 2107 2978 2162 αὐτοῦ.
3028 2106 3187 2163 ’Λλλά
3220 2105 3390 2160 ταῦτα
3439 2107 3657 2162 ἐκείνων
3695 2107 3781 2161 λε-

2216 2198 2418 2267 γόντων
2450 2196 2617 2268 φησὶν
2649 2198 2678 2250 6
2713 2196 3016 2268 προφήτης·
3063 2194 3172 2250 Kal
3227 2196 3441 2264 Κύριος
3485 2196 3610 2265 μετ’
3639 2194 3783 2265 ἐμοῦ

2215 2282 2409 2350 καθὼς
2431 2283 2712 2354 μαχητὴς
2742 2285 2989 2352 ἰσχύων.
3033 2283 3137 2337 Διὰ
3164 2283 3339 2338 τοῦτο
3378 2284 3652 2349 ἐδίωξαν,
3686 2285 3783 2338 καί

2216 2372 2435 2443 νοῆσαι
2465 2376 2576 2428 οὐκ
2601 2372 2923 2442 ἠδύναντο,
2967 2371 3370 2440 ᾐσχύνθησαν
3416 2372 3493 2442 (1)
3525 2370 3785 2441 σφόδρα,

2219 2463 2307 2517 ὅτι
2354 2465 2465 2518 οὐκ
2521 2463 2788 2531 ἐνόησαν
2838 2461 3075 2533 ἀτιμίας
3102 2460 3317 2526 αὐτῶν,
3364 2459 3429 2515 ατ
3469 2459 3543 2515 δι’
3569 2459 3785 2526 αἰῶνος

2219 2561 2330 2614 οὐκ
2360 2556 2891 2626 ἐπιλησθήσόνται.
2926 2555 3074 2625 Αὕτη
3102 2555 3136 2625 ή
3184 2550 3457 2625 περικοπή
3491 2553 3524 2623 ή
3555 2550 3783 2622 δευτέρα

2216 2650 2310 2704 τοῦ
2339 2648 2781 2719 ἀναγνώσματος.
2827 2644 2952 2711 Πῶς
2979 2643 3074 2699 οὖν
3098 2645 3248 2713 λέγει
3280 2645 3308 2696 6
3344 2645 3648 2715 προφήτης,
3685 2642 3782 2696 Ἦ-

3651 2732 3792 2798 Θεὸς.

2218 2833 2432 2903 and;
2463 2830 2588 2893 Πῶς
2624 2830 2965 2900 οἰκονομήσω
2987 2827 3078 2881 τὸν
3112 2826 3287 2895 λόγον’
3313 2824 3523 2897 ἀπορῶ·
3551 2825 3647 2879 ὲάν
3673 2824 3784 2896 γὰρ

2217 2919 2306 2974 διὰ
2346 2921 2437 2974 τὸν
2459 2919 2592 2973 Θεὸν
2625 2921 2719 2973 καὶ
2749 2918 2840 2972 τὸν
2867 2917 3023 2986 λόγον
3079 2915 3243 2971 αὑτοῦ
3278 2914 3459 2986 βλέπω
3489 2930 3542 2968 τι
3565 2915 3647 2978 εἰς
3687 2914 3784 2968 αὐ-

2219 3013 2329 3077 τὸν,
2387 3012 2699 3083 οἰκονομίας
2753 3011 2924 3064 δεῖται
2972 3009 3224 3079 γενναίας
3271 3007 3341 3061 τὰ
3388 3005 3781 3078 λεχθησόμενα.

2220 3104 2574 3174 Παυσάμενος
2594 3101 2688 3156 τοῦ
2718 3100 3035 3155 ἀπατᾶσθαι
3064 3099 3213 3168 λέγει
3274 3100 3303 3152 6
3337 3099 3642 3171 προφήτης,
3700 3098 3787 3151 Ἠ-

2218 3193 2498 3264 πὰτησάς
2517 3211 2613 3263 με,
2639 3194 2839 3260 Κύριε,
2901 3192 3001 3246 καὶ
3029 3188 3363 3259 ἠπατήθην.
3409 3188 3494 3250 Ὡς
3519 3187 3617 3257 τῆς
3643 3202 3786 3239 στοι-

2219 3282 2488 3357 χειώσεως
2550 3285 2643 3338 καί
2711 3283 3024 3354 εἰσαγωγῆς
3093 3280 3464 3350 γεγενημένης
3521 3276 3671 3349 αὐτῷ
3724 3278 3784 3330 ὲν

2219 3367 2421 3451 ἀπάτῃ,
2451 3376 2544 3429 καὶ
2602 3376 2676 3448 μή
2722 3374 3001 3446 δυναμένῳ
3055 3371 3204 3442 αὐτῷ
3264 3366 3663 3440 στοιχειωθῆναι
3689 3366 3782 3420 καὶ

2220 3465 2534 3536 εἰσαχθῆναι
2597 3465 2678 3528 εἰς
2727 3462 3056 3526 θεοσέϐειαν,
3116 3461 3200 3514 ἵνα
3227 3459 3336 3532 ἥκῃ
3357 3457 3581 3529 ὕστερον
3604 3456 3694 3508 ἐπὶ
3722 3454 3782 3508 τδ

2222 3555 2554 3628 συνησθῆναι
2583 3555 2682 3626 τῆς
2712 3554 2948 3625 ἀπάτης,
2979 3552 3072 3605 ἐὰν
3101 3550 3174 3623 μῆ
3220 3550 3481 3620 πρότερον
3503 3546 3780 3618 ἀπατηθῇ.

2234 3644 2416 3719 Ἀρκεῖ
2449 3645 2506 3698 δὲ
2536 3645 2696 3717 μόνον
2740 3642 3084 3717 παράδειγμά
3111 3658 3163 3695 τι
3196 3642 3366 3694 εἰπεῖν
3408 3640 3678 3710 χρήσιμον
3705 3638 3786 3699 εἰς

2221 3737 2289 3792 τά
2322 3737 2675 3809 προκείμενα.
2702 3734 2940 3798 Παιδίοις
2971 3731 3235 3802 λαλοῦμεν
3266 3729 3486 3798 ἄγοντες
3537 3727 3607 3781 τὰ
3657 3743 3788 3780 παι-

2221 3814 2326 3893 δία,
2352 3829 2446 3883 καὶ
2482 3829 2580 3898 οὐχ
2635 3827 2712 3891 ὡς
2759 3824 2984 3888 τελείοις
3040 3821 3322 3892 λαὶωῦμεν.
3376 3819 3511 3873 Ἀλλ’
3541 3819 3617 3882 ὡς
3660 3834 3787 3872 παι-

2221 3919 2353 3981 δίοις
2383 3918 2657 3988 δεομένοις
2682 3918 2781 3989 τῆς
2814 3915 3147 3979 παιδεύσεως
3179 3909 3444 3983 λαλοῦμεν
3466 3910 3670 3977 αὐτοῖς,
3692 3909 3786 3963 καὶ

2222 4009 2518 4080 ἀπατῶμεν
2544 4008 2611 4062 τὰ
2656 4008 2840 4063 παιδία
2872 4006 3162 4077 φοϐοῦντες
3184 4005 3252 4060 τὰ
3292 4003 3500 4069 παιδία,
3529 4003 3616 4056 ἵνα
3646 4001 3787 4056 παύ-

2225 4118 2382 4173 σηται
2418 4102 2518 4172 τῆς
2551 4103 2606 4155 ὲν
2633 4101 2817 4154 παισὶν
2870 4098 3243 4160 ἀπαιδευσίας,
3286 4097 3380 4150 καὶ
3406 4094 3678 4165 φοϐοὖμεν
3713 4092 3785 4148 τὰ

2224 4193 2410 4247 παιδία
2444 4192 2661 4264 ἀπάτης
2691 4193 2881 4260 λόγους
2927 4190 3174 4259 λέγοντες
3202 4175 3303 4241 διά
3340 4187 3400 4240 τὸ
3432 4186 3787 4257 ὑποκείμενον

2225 4287 2289 4355 τῇ
2315 4283 2596 4354 νηπιότητι
2625 4281 2823 4346 αὐτῶν,
2852 4282 2937 4335 ἵνα
2965 4281 3052 4334 διὰ
3087 4279 3186 4349 τῆς
3217 4277 3427 4347 ἀπάτης
3473 4276 3787 4347 ποιήσωμεν

2225 4376 2365 4430 αὺτά
2422 4373 2759 4446 φοϐηθῆναι,
2817 4372 2910 4426 καὶ
2960 4369 3309 4431 διδασκάλους
3361 4366 3637 4436 φοιτῆσαι,
3693 4364 3788 4419 καὶ

2602 4462 2697 4517 καὶ
2732 4461 2954 4530 ποιῆσαι
3002 4458 3069 4512 τὰ
3123 4455 3479 4511 ἐπιϐάλλοντα
3535 4454 3784 4526 προκοπῇ

2226 4558 2473 4612 παιδίων.
2523 4555 2730 4617 Πάντες
2769 4552 2934 4623 ἐσμὲν
2982 4548 3167 4604 παιδία
3224 4546 3301 4618 τῷ
3354 4545 3492 4616 Θεῷ,
3532 4545 3626 4599 καὶ
3670 4541 3788 4598 δεόο

2229 4646 2366 4719 μεθα
2397 4643 2617 4715 ἀγωγῆς
2646 4639 2888 4695 παιδίων.
2931 4637 3031 4691 Διὰ
3063 4636 3222 4691 τοῦτο
3258 4638 3287 4690 ὁ
3314 4634 3447 4698 Θεὸς
3477 4633 3789 4704 φειδόμενος

2224 4742 2259 4810 ή
2269 4738 2383 4810 μῶν
2411 4737 2595 4807 ἀπατᾷ
2617 4734 2762 4806 ἡμᾶς
2786 4730 2885 4786 καὶ
2909 4732 2955 4783 εἰ
3008 4730 3082 4801 μὴ
3105 4726 3469 4796 αἰσθανόμεθα
3494 4725 3594 4796 τῆς
3643 4722 3788 4777 ἀπά-

2224 4849 2324 4904 της
2343 4827 2703 4905 πρδοκαιροῦ,
2732 4828 2818 4881 ἵνα
2868 4824 2941 4895 μὴ
2997 4823 3072 4887 ὡς
3127 4817 3563 4894 ὑπερϐεϐηκότες
3592 4815 3653 4869 τὸ
3694 4814 3790 4905 νή-

2226 4940 2367 4986 πιον,
2390 4904 2604 4994 μηκέτι
2629 4921 2694 4973 δι’
2723 4917 2938 4988 ἀπάτης
2974 4911 3376 4984 παιδευώμεθα,
3406 4909 3539 4964 ἀλλὰ
3563 4906 3653 4960 διὰ
3680 4904 3792 4960 τῶν

2227 5015 2586 5089 πραγμάτων.
2627 5010 2832 5074 ’Δλλως
2890 5007 2952 5060 τὸ
3008 5005 3216 5061 παιδίον
3260 5004 3342 5067 εἰς
3385 4999 3547 5071 φόὸον
3573 4996 3786 5089 ἄγεται,

2227 5085 2400 5172 ἄλλως
2431 5106 2492 5161 τὺ
2525 5103 2801 5178 προκόψαν
2841 5103 2909 5173 τῇ
2931 5099 3136 5171 ἡλικίᾳ,
3181 5097 3276 5151 καὶ
3324 5089 3643 5162 διαδεδηκδς
3688 5085 3791 5178 τὴν

2229 5200 2482 5269 παιδικὴν
2531 5195 2766 5268 ἡλικίαν·
2813 5195 2861 5247 εἰ
2898 5192 3005 5264 γὰρ
3059 5189 3292 5260 δύναμαι
3352 5186 3420 5241 δι’
3458 5182 3672 5253 ἀπάτης
3712 5177 3791 5249 (2)

2229 5291 2359 5346 αὐτὸ
2389 5288 2753 5357 παιδαγωγεῖν
2814 5285 2902 5337 ἵνα
2961 5281 3091 5353 εἴπῃ
3118 5282 3147 5334 6
3192 5275 3414 5332 ἀπατῶν
3445 5272 3597 5338 Θεόςσ
3648 5273 3792 5327 Παι-

2217 5385 2423 5439 ’δεύσω
2443 5380 2662 5446 αὐτοὺς
2700 5378 2769 5435 ὲν
2797 5375 2871 5444 τῇ
2902 5372 3057 5442 ἀκοῇ
3090 5370 3202 5440 τῆς
3257 5369 3517 5436 θλίψεως
3570 5362 3791 5421 αὐτῶν.

2233 5609 2346 5662 Inrr:
2369 5616 2516 5662 sunt.
2551 5619 2673 5672 qua:
2707 5602 2775 5656 its
2802 5598 3040 5672 sananda
3066 5590 3429 5672 relinquimus
3456 5588 3800 5672 quibusupt-

2234 5659 2522 5746 τικὼτερον
2557 5659 2676 5746 ῥῖνα
2699 5671 2926 5746 largitus
2952 5675 3035 5721 est
3066 5659 3395 5746 ersJQuid
3427 5659 3487 5746 si
3507 5659 3751 5746 lfpprnus
3778 5671 3793 5708 z

2234 5726 2681 5819 οξ-γάρνδθνῖιται
2708 5726 3022 5808 δι’νάπάτης
3048 5731 3178 5787 αὐτὸ
3205 5726 3685 5798 παιδαγωγεῖσθαι.
