4218 6292
433 332 539 386 ωτ

1550 328 1616 383 ιχ
1653 324 1995 384 JEliEMlAM
2036 324 2317 383 HOMILIA
2358 326 2542 386 XVIII.

3560 329 3664 388 £38

430 432 701 521 ’Ἱστορίας
753 442 1134 520 παραθήσομαι
1199 447 1316 513 πῶς
1375 451 1403 504 6
1448 448 1580 513 Θεὸς
1612 450 1707 503 ἐπὶ
1750 449 1992 521 σωτηρίᾳ

2094 457 2370 518 operante;
2404 464 2528 520 qua:
2559 445 2843 503 conversio
2876 446 2920 502 si
2956 445 3245 502 subsecuta
3289 461 3398 502 non
3449 445 3663 512 fuisset,

423 541 630 612 ἀπατᾷ,
662 539 751 593 καὶ
780 539 925 608 λέγει
946 540 1090 604 τινὰ,
1127 540 1217 595 ἵνα
1267 541 1542 612 παύσηται
1598 544 1628 596 6
1674 541 1996 611 ἁμαρτωλὸς

416 631 518 685 ,τοῦ
549 630 712 682 ποιεῖν
744 626 780 682 ἀ
807 628 1064 700 ἐποίησεν
1096 629 1183 695 ἂν,
1210 630 1260 684 εἰ
1286 629 1362 702 μὴ
1390 630 1618 701 ἠκηκόει
1644 629 1810 699 τῶνδέ
1832 647 1995 683 τινων

423 719 527 772 τῶν
557 718 746 787 λόγων.
788 718 847 772 Ὀ
877 719 1072 790 λέγων,
1112 721 1237 774 Ἔτι
1294 721 1452 789 τρεῖς
1477 721 1715 791 ἡμέραι,
1767 720 1868 775 καὶ
1894 718 1993 773 Νι-

420 806 562 877 νσυὴ
598 807 1178 877 καταστραφήσεται,
1202 807 1501 880 ἀληθεύων,
1529 809 1564 881 ἢ
1598 809 1821 864 ἀπατῶν
1853 808 1996 863 ἀπά·

414 915 515 969 ⁴την
546 898 1003 970 ἐπιστρέφουσαν,
1036 901 1158 970 ἥτις
1188 902 1490 974 ἐπιστροφὴ
1523 903 1572 955 εί
1601 903 1675 974 μὴ
1713 901 1989 971 ἐγεγόνει,

413 987 596 1043 οὐκέτι
649 990 835 1061 ἀπάτη
861 985 951 1063 ἦν,
981 989 1098 1044 ἀλλ’
1141 992 1241 1064 ήδη
1293 991 1518 1064 ἀλήθεια
1565 992 1627 1045 τὸ
1679 992 1988 1063 λεγόμενον,

413 1081 505 1134 καὶ
532 1076 602 1152 ἦν
622 1081 688 1135 ἂν
713 1080 1128 1154 ἀκολουθήσασα
1162 1082 1512 1155 καταστροφὴ
1533 1086 1599 1154 τῇ
1632 1084 1854 1154 Νινευῇο
1883 1080 1991 1138 Ἦν

306 1235 310 1239 4
412 1168 506 1222 ἐπὶ
531 1173 643 1234 τοῖς
674 1171 955 1236 ἀκούουσι,
986 1170 1019 1243 ἢ
1044 1174 1156 1235 τοῖς
1184 1171 1530 1243 ἀπατηθεῖσι,
1551 1174 1645 1227 καὶ
1672 1171 1990 1227 πιστεύσασι

415 1263 529 1325 τοῖς
560 1261 895 1333 λεγομένοις,
944 1263 1019 1328 ὡς
1074 1263 1349 1335 ἀληθέσιν,
1407 1263 1850 1335 εύεργετηθῆναι,
1895 1264 1989 1316 καὶ

417 1350 494 1423 μὴ
526 1353 1070 1425 καταστραφῆναιοῆ
1130 1355 1203 1427 μὴ
1265 1353 1548 1424 γινομένου
1600 1352 1834 1424 ἀληθοῦς
1892 1353 1985 1407 τοῦ

413 1442 726 1514 εἰρημένου,
764 1443 857 1496 καὶ
893 1444 969 1517 μὴ
1002 1445 1377 1516 ἀπατηθεῖσιν,
1425 1444 1560 1497 ἀλλά
1593 1444 1984 1498 καταλαϐοῦσιν

412 1532 494 1585 ὅτι
524 1530 591 1586 τά
621 1533 883 1604 είρημένα
912 1535 1011 1588 οὐκ
1042 1534 1213 1602 ἔσται,
1247 1535 1658 1608 καταφρονῆσαι
1692 1535 1803 1590 τῶν
1830 1539 1982 1609 εἰρη-

413 1620 591 1691 μένων
619 1621 696 1684 ὼς
723 1622 959 1694 ἀπάτης,
992 1624 1085 1677 καὶ
1112 1624 1324 1690 παθεῖν,
1375 1622 1498 1695 οὐχὶ
1530 1623 1610 1689 τὸ,
1648 1625 1776 1678 Ἔτι
1827 1625 1982 1693 τρεῖς

406 1711 618 1780 ἡμέραι
638 1753 652 1776 ,
728 1715 825 1768 καὶ
897 1717 1118 1784 Νινευὴ
1190 1717 1745 1786 καταστραφήσεται
1764 1757 1780 1782 ,
1846 1718 1981 1773 ἀλλά

2091 536 2203 607 jam
2243 538 2386 592 nulla
2419 545 2538 593 erat
2575 537 2840 606 deccptio,
2875 536 2969 591 sed
3006 550 3195 592 verum
3238 547 3357 591 erat
3397 535 3543 607 quod
3575 536 3659 590 di-

2096 625 2340 694 cebatur,
2393 636 2448 682 et
2488 624 2674 683 secuta
2714 626 2910 682 fuisset
2943 625 3134 682 Ninive
3183 626 3415 682 eversio.
3447 625 3572 683 Erat
3604 624 3660 681 in

2094 717 2321 773 arbitrio
2345 718 2705 785 audientium,
2724 734 2819 785 seu
2847 718 3219 787 deceptorum,
3247 724 3301 772 et
3324 717 3660 793 credentium

2093 825 2219 864 vera
2271 825 2394 866 esse
2441 826 2563 880 quae
2606 810 2944 874 dicebantur,
2987 809 3250 863 beneficio
3298 806 3436 863 allici
3472 818 3658 885 etnon

2092 901 2366 968 subverti;
2402 911 2496 955 aut
2530 902 2574 958 si
2608 918 2793 957 verum
2824 918 2933 957 non
2960 912 3072 956 erat
3099 901 3245 970 quod
3278 900 3579 964 dicebatur,
3604 899 3658 954 in

2092 1001 2358 1062 potestate
2385 1004 2502 1048 erat
2528 1008 2716 1048 eorum
2748 994 2840 1063 qui
2866 993 3158 1069 audiebant
3188 1009 3286 1048 nec
3319 992 3662 1059 decipieban-

2093 1090 2200 1149 tur,
2232 1085 2326 1137 sed
2355 1084 2756 1154 cognoscebant
2782 1100 2904 1154 quae
2930 1085 3074 1139 dicta
3107 1092 3282 1151 erant,
3311 1085 3515 1138 exitum
3548 1097 3658 1137 non

2090 1176 2369 1241 sortitura,
2397 1179 2509 1232 hate
2536 1185 2595 1232 ut
2619 1176 2831 1233 fallacia
2856 1187 3223 1242 contemnere,
3251 1185 3305 1230 et
3325 1176 3520 1248 deinde
3547 1176 3654 1246 pati

2089 1282 2195 1322 non
2225 1270 2370 1338 quod
2415 1278 2530 1324 erat
2555 1269 2756 1325 dictum
2791 1287 2805 1323 :
2852 1269 3034 1323 Adhuc
3069 1278 3172 1321 (res
3218 1267 3352 1333 dies,
3380 1278 3427 1321 et
3466 1266 3657 1321 Ninive

2085 1358 2447 1424 subvertetur;
2470 1360 2563 1415 sed
2587 1361 2760 1416 audeo
2782 1361 2961 1415 dicere
3005 1360 3172 1414 multa
3206 1360 3454 1430 graviora
3485 1374 3650 1429 quam

2082 1446 2225 1504 istud
2260 1467 2273 1502 :
2314 1449 2500 1504 Adhuc
2546 1459 2649 1504 tres
2690 1450 2821 1514 dies,
2869 1458 2918 1503 et
2964 1449 3533 1525 Niniversubvertetur.
3568 1448 3649 1503 Ex
3708 1511 3721 1517 ρ

2087 1536 2371 1608 hypothesi
2401 1539 2545 1594 enim
2576 1539 2679 1594 nisi
2709 1539 3080 1610 paenitentiam
3103 1540 3348 1610 egissent
3376 1538 3647 1605 Ninivitae,

2066 1626 2333 1685 fortassis
2358 1630 2628 1687 evenisset
2660 1631 2792 1685 illud
2824 1648 2837 1685 :
2877 1630 3062 1685 Adhuc
3090 1642 3193 1686 tres
3219 1632 3351 1698 dies,
3374 1641 3424 1686 et
3458 1631 3649 1687 Ninive

2084 1718 2426 1774 subvertetur.
2459 1716 2575 1776 Sed
2598 1720 2789 1777 demus
2838 1721 2970 1776 illud
3021 1720 3264 1777 futurum
3298 1737 3404 1777 non
3456 1721 3644 1789 fuisse,

404 1800 587 1871 τολμῶ
641 1803 734 1855 καὶ
764 1802 905 1872 λέγω
936 1803 1114 1876 πολλῷ
1145 1805 1498 1877 χαλεπώτερα
1529 1805 1642 1860 τοῦθ
1681 1808 1804 1860 Ἔτι
1826 1808 1982 1876 τρεῖς

2082 1811 2236 1880 pejus
2266 1811 2412 1865 aliud
2456 1812 2745 1879 evenisset,
2784 1821 2985 1867 azterno
3029 1813 3139 1882 igni
3181 1815 3360 1870 traditi
3393 1814 3641 1872 fuissent.

404 1890 638 1959 ἡμέραι,
695 1894 793 1947 καὶ
848 1895 1071 1964 Νινευὴ
1112 1896 1688 1966 καταστραφήσεται.
1752 1900 1830 1971 Τῇ
1871 1900 1978 1973 γάρ

402 1981 658 2037 ὑποθέσει
690 1987 1074 2058 ἡμαρτηκότες
1117 1989 1166 2041 εί
1228 1988 1303 2060 μὴ
1365 1991 1846 2062 μετενενοήκεισαν
1885 1993 1982 2047 Νι·-

399 2075 633 2140 νευῗται,
664 2076 803 2146 τάχα
831 2077 949 2146 μὲν,
984 2079 1111 2132 Ἔτι
1133 2079 1292 2147 τρεῖς
1346 2080 1579 2150 ἡμέραι,
1620 2084 1718 2137 καὶ
1754 2084 1976 2153 Νινευὴ

399 2165 982 2235 καταστραφήσεται,
1010 2169 1236 2238 ἐγίνετο.
1277 2171 1418 2224 Ἀλλ’
1450 2170 1590 2226 ἔστω
1614 2172 1698 2226 ὅτι
1732 2175 1834 2228 οὐκ
1855 2175 1975 2245 ἐγίο

399 2267 526 2305 νετο
557 2253 696 2318 τόδε,
724 2256 911 2310 τούτου
943 2261 1126 2330 χεῖρον
1154 2259 1382 2329 ἐγίνετο,
1413 2263 1545 2334 πυρὶ
1569 2264 1771 2336 αἰωνίῳ
1803 2283 1974 2338 παρε-

392 2340 619 2398 δίδοντο.
652 2346 749 2399 Διά
779 2347 938 2401 τοῦτο
981 2349 1114 2421 άλλη
1149 2349 1371 2416 κόλασις
1410 2352 1553 2407 κατά
1581 2354 1673 2408 τὸν
1708 2355 1870 2426 νόμον
1895 2356 1974 2410 ετ-

397 2450 557 2505 ρηται
577 2439 690 2500 τοῖς
717 2432 793 2501 ὡς
818 2438 1054 2503 παιδίοις
1076 2441 1628 2514 παιδαγωγουμένοις·
1657 2440 1739 2510 οἷς
1768 2446 1824 2500 δὲ
1842 2442 1973 2519 ἦλθε

392 2522 458 2577 τὸ
487 2524 760 2599 πλήρωμα
791 2528 885 2582 τοῦ
908 2520 1123 2602 χρόνου,
1157 2531 1312 2586 ἄλλαι
1336 2533 1586 2610 κολάσεις
1616 2536 1968 2610 ἀναγεγραμ-

399 2614 554 2687 μέναι
581 2618 739 2673 είσίν.
766 2618 1064 2692 Σύγκρινον
1097 2622 1197 2686 τὰς
1249 2608 1398 2679 κατὰ¹
1416 2624 1507 2678 τὸν
1530 2627 1693 2697 νόμον
1720 2608 1970 2695 κολάσεις

390 2705 731 2779 ἁμαρτωλῶν
782 2712 903 2775 ταῖς
965 2712 1108 2768 κατά
1163 2713 1226 2768 τὸ
1294 2715 1610 2785 εὐαγγέλιον
1666 2718 1968 2775 κολάσεσιν

391 2796 751 2869 ἁμαρτωλῶν,
791 2800 911 2871 ὕψει
938 2803 1020 2857 ὅτι
1049 2806 1245 2858 ἐκεῖνοι
1283 2806 1379 2876 μὲν
1408 2806 1485 2870 ὼς
1508 2808 1690 2878 νήπιοι
1728 2810 1966 2881 ἥκουσαν

389 2886 664 2946 κολάσεων
725 2892 953 2957 ἐκείνοις
1003 2894 1218 2966 νηπίοις
1270 2895 1643 2969 ἀρμοζουσῶν,
1694 2901 1855 2971 ἡμεῖς
1908 2902 1965 2957 δὲ

385 2978 464 3042 ῶς
523 2979 718 3036 τέλειοι
786 2983 887 3055 τὴν
941 2984 1157 3055 ἠλικίαν
1210 2984 1483 3057 ἀκούομεν
1535 2988 1808 3045 κολάσεων
1861 3009 1963 3062 χα-

387 3068 730 3188 λεπωτέρων.
787 3076 991 3147 Μοιχὺς
1061 3077 1110 3131 εί
1163 3078 1283 3131 τότε
1347 3079 1672 3151 γεγένηται,
1741 3072 1805 3153 ῆν
1841 3098 1960 3153 μοι-
1986 3131 2029 3188 C

387 3162 539 3188 ..-μ
629 3167 658 3188 Δ
709 3166 894 3188 ι---ςι
995 3166 1043 3188 -..ν
1110 3168 1194 3188 -.μ
1414 3170 1457 3188 κ.
1574 3170 1599 3183 .-
1744 3173 1792 3188 ..

384 3161 539 3231 χαλὶς
559 3203 573 3226 ,
628 3167 662 3235 ή
704 3166 898 3238 ἀπειλὴ
918 3207 933 3232 ,
988 3166 1048 3221 οὐ
1107 3168 1336 3237 γέεννα,
1405 3170 1465 3223 οὐ
1529 3170 1640 3244 πῦρ
1703 3173 1951 3241 αἰώνιον,

382 3250 518 3307 ἀλλά
553 3252 720 3324 λίθοις
767 3256 1262 3330 λιθοϐοληθήσεται.
1318 3264 1724 3331 Λιθοϐολείτω,
1769 3268 1955 3339 φησιν,

2080 1900 2420 1971 Quapropter
2448 1901 2554 1956 alia
2599 1902 2896 1958 secundum
2937 1904 3126 1978 legem.
3157 1920 3316 1975 prrna
3351 1911 3643 1965 constituta

2077 2001 2196 2045 erat
2223 1992 2290 2046 iis
2321 1991 2413 2061 qui
2458 2000 2714 2063 tanquam
2758 1994 2911 2064 pueri
2955 1995 3411 2065 instituebantur;
3445 2000 3645 2069 quibus

2081 2095 2210 2134 vero
2255 2081 2534 2151 plenitudo
2581 2083 2841 2153 temporis
2868 2084 3104 2151 advenit,
3141 2085 3257 2142 alia:
3300 2101 3475 2157 poenae
3503 2091 3643 2147 assi-

2076 2182 2333 2244 gnantur.
2370 2173 2571 2229 (Ionler
2604 2189 2698 2231 ens
2728 2191 2865 2245 quas
2899 2176 2985 2231 lex
3031 2178 3236 2249 irrogat
3266 2182 3641 2249 peccatoribus

2075 2280 2265 2334 poenas
2313 2281 2435 2320 cum
2487 2267 2554 2322 iis
2597 2282 2739 2337 quas
2778 2268 3129 2341 Evangelium
3186 2272 3418 2340 imponit
3469 2274 3642 2328 delin-

2072 2357 2386 2426 quentibus,
2417 2369 2472 2413 et
2510 2357 2719 2414 videbis
2751 2359 2873 2416 illos
2912 2368 3168 2431 tanquam
3207 2362 3441 2418 infantes
3468 2364 3646 2419 obno-

2073 2447 2195 2503 xios
2235 2448 2405 2505 fuisse
2445 2466 2738 2521 poenarum
2785 2452 2968 2523 generi
2999 2451 3295 2508 infantibus
3323 2470 3638 2510 accommo~

2069 2543 2217 2608 dato,
2274 2561 2375 2602 nos
2435 2559 2614 2602 autem
2677 2558 2737 2604 ut
2785 2556 2943 2604 aetate
2993 2548 3264 2619 perfectos
3312 2552 3482 2605 multo
3534 2552 3637 2606 du-

2069 2638 2306 2694 rioribus
2362 2640 2664 2710 subjaeere.
2722 2641 2779 2696 Si
2832 2641 2956 2712 quis
3018 2650 3149 2698 tunc
3210 2652 3329 2698 erat
3381 2643 3632 2711 adulter,

2068 2737 2162 2783 aut.
2210 2728 2475 2794 adultera,
2526 2730 2575 2784 ei
2623 2743 2731 2784 non
2767 2729 3033 2800 gehenna,
3068 2746 3175 2785 non
3207 2730 3347 2799 ignis
3396 2741 3632 2787 aeternus

2065 2816 2223 2887 261
2277 2814 2667 2883 intentabatur,
2702 2818 2796 2875 sed
2840 2818 3111 2889 lapidibus
3145 2829 3263 2875 erat
3294 2819 3628 2876 obruendos.

2063 2904 2288 2976 Lepide:
2329 2897 2469 2974 eum,
2505 2909 2760 2980 inquit",
2794 2909 2962 2963 omnis
2996 2925 3283 2981 synagoga.
3315 2910 3515 2967 Abiens
3543 2912 3631 2966 di-

2063 3009 2148 3054 cet
2180 2999 2225 3054 is
2254 3000 2347 3070 qui
2377 3000 2428 3054 in
2458 3001 2541 3055 his
2575 3009 2819 3072 repertus
2853 3001 3019 3056 fuerit
3050 3003 3281 3069 adulter,
3316 3003 3400 3059 vel
3428 3006 3549 3074 quae
3574 3005 3631 3059 in

2062 3089 2149 3145 bis
2175 3090 2547 3160 deprenhensa
2580 3092 2743 3148 fuerit
2775 3094 3020 3149 adultera
3051 3111 3064 3149 :
3096 3094 3303 3150 utinam
3347 3097 3512 3152 etiam
3537 3113 3631 3152 su-

2062 3192 2158 3248 per
2189 3195 2275 3235 me
2303 3196 2483 3237 sermo
2513 3182 2614 3239 iste
2627 3183 2900 3244 diceretur
2934 3202 2948 3239 :
2982 3185 3217 3257 populus
3245 3186 3516 3258 lapidibus
3543 3204 3630 3246 me

2058 3269 2332 3339 obrueret,
2367 3281 2420 3327 et
2467 3273 2536 3328 ad
2583 3275 2759 3346 ignem
2817 3285 3078 3332 teternum
3136 3293 3245 3333 non
3298 3295 3623 3338 reservarer.

379 3341 568 3396 αὑτὸν
599 3341 769 3398 πᾶσα
800 3346 838 3414 ἠ
863 3347 1204 3419 συναγωγή.
1223 3349 1371 3421 Ἐρεῖ
1400 3351 1651 3406 ἀπελθὼν
1683 3357 1711 3408 6
1742 3357 1799 3409 ὲν
1837 3357 1959 3412 τού-

2074 3356 2191 3413 Reus
2221 3361 2365 3416 enim
2397 3362 2638 3433 gehennc
2667 3367 2801 3436 ignis
2834 3381 2942 3422 non
2969 3369 3146 3424 solum
3181 3370 3411 3440 adulter,
3434 3382 3624 3429 verum

379 3450 492 3498 τοις
536 3434 781 3506 εὑρεθεὶς
820 3436 1083 3510 μοιχὸς,ή
1126 3440 1182 3493 ἐν
1213 3439 1421 3505 τούτοις
1452 3443 1734 3514 εὑρεθεῖσα
1766 3464 1956 3519 μοιχα-

2074 3447 2215 3502 etiam
2239 3459 2291 3504 et
2311 3452 2403 3522 qui
2422 3453 2616 3507 dixerit
2637 3434 2798 3524 fratri
2825 3471 2944 3523 suo,
2978 3459 3144 3528 fatue.
3177 3460 3234 3516 Si
3268 3434 3447 3519 autem
3472 3465 3517 3520 is
3534 3467 3625 3536 qui

377 3523 493 3588 λίςο
529 3525 655 3578 Eme
698 3527 793 3579 καὶ
835 3528 922 3581 ἐπ’
950 3529 1084 3599 ἐμοῦ
1122 3531 1150 3583 6
1190 3530 1348 3600 λόγος
1379 3535 1598 3604 ἐρεῖ-Ὀ
1625 3535 1752 3601 λαὸς
1788 3538 1956 3606 λίθοις

2074 3540 2250 3594 fixerit
2289 3542 2448 3625 [ratri
2489 3561 2608 3611 suo,
2640 3523 2806 3616 fatue,
2844 3566 2959 3603 reus
2995 3553 3095 3605 erit
3128 3552 3372 3623 gehennae
3402 3523 3621 3625 ignis“,

380 3631 449 3684 με
471 3614 681 3680 ἔϐαλλε,
715 3617 808 3670 καὶ
852 3617 928 3690 μὴ
964 3621 1332 3693 τετηρημένος
1373 3624 1519 3695 ήμην
1547 3627 1628 3690 είς
1652 3627 1711 3680 τὸ
1739 3628 1953 3684 αἰώνιον

2074 3632 2262 3688 ululter
2291 3619 2446 3706 cujus
2475 3637 2578 3693 erit
2603 3640 2766 3695 reus?
2787 3640 3045 3699 Cebenna
3082 3643 3221 3715 ignis
3262 3645 3408 3701 aliud
3435 3663 3622 3717 quaero

376 3705 772 3778 πῦρ.Ἕνοχος
810 3709 918 3781 γάρ
966 3712 1054 3777 είς
1080 3711 1193 3781 τὴν
1216 3711 1469 3782 γέενναν
1500 3716 1605 3770 τοῦ
1653 3718 1860 3786 πυρὸς,
1889 3722 1950 3774 οὐ

2074 3724 2270 3791 gravius
2294 3728 2639 3798 supplicium,
2671 3740 2726 3787 et
2775 3731 2915 3789 forte
2958 3734 3062 3790 dici
3101 3705 3284 3805 potest
3318 3705 3619 3806 gebeimam

376 3796 536 3867 μόνον
566 3799 594 3851 6
627 3799 834 3870 μοιχὸς,
861 3800 996 3855 ἀλλά
1031 3802 1125 3855 καὶ
1167 3806 1201 3857 ὁ
1243 3803 1427 3858 είπὼν
1461 3805 1542 3873 τῷ
1577 3806 1816 3879 ἀδελφῷ
1847 3813 1953 3865 αὐ-

2074 3817 2285 3899 ιθερεῑίε
2311 3818 2557 3890 deputari
2592 3822 2973 3880 involuntariis
2996 3842 3117 3895 qua:
3136 3828 3341 3895 expiari
3368 3843 3616 3899 possunt.

370 3889 500 3954 τοῦ,
520 3891 697 3961 μωρέ.
730 3894 792 3946 Ei
820 3894 877 3948 δὲ
900 3897 929 3949 6
956 3894 1140 3949 εἰπὼν
1166 3897 1246 3962 τῷ
1270 3897 1511 3971 ἁδελφῷ
1533 3902 1749 3967 αὑτοῦ,
1763 3905 1944 3974 μωρὲ,

2074 3889 2513 3972 Quemadmodum
2542 3911 2609 3966 de
2637 3911 2796 3968 bonis
2824 3889 3097 3983 justorum
3123 3889 3382 3972 dicitur"
3402 3937 3418 3976 :
3440 3918 3505 3974 In
3529 3938 3620 3976 car

368 3980 584 4051 ἔνοχος
609 3982 780 4038 ἔσται
816 3987 904 4051 εἰς
946 3984 1339 4057 τὴν-γέενναν
1365 3990 1471 4044 τοῦ
1504 3991 1712 4065 πυρὸς,
1757 3996 1786 4047 6
1827 4013 1946 4067 μοι-

2074 3997 2273 4051 rominis
2307 4015 2411 4053 non
2442 4001 2788 4054 ascenderunt
2820 3980 2938 4072 qua:
2968 4009 3289 4077 prazparavit
3326 4011 3461 4066 Deus
3492 4013 3620 4067 dili—

368 4070 463 4146 κὸς
510 4073 614 4128 τίνι
654 4074 835 4145 ἔνοχος
880 4076 1074 4144 tio-catt;
1103 4076 1305 4143 Μείζόν
1332 4097 1385 4134 τι
1415 4079 1562 4153 ζητῶ
1591 4083 1945 4158 κολαστήριον

2074 4085 2282 4140 rentibus
2331 4104 2406 4152 se,
2440 4088 2513 4143 ita
2540 4105 2659 4158 quae
2683 4070 3005 4160 przeparavit
3034 4100 3410 4166 peccatoribus
3441 4103 3615 4158 forni-

366 4160 473 4236 τῆς
495 4166 718 4239 γεέννης
749 4166 844 4222 τοῦ
880 4169 1078 4241 πυρός’
1111 4170 1207 4224 καὶ
1245 4171 1385 4251 τάχα
1420 4173 1628 4245 εἴποιμι
1672 4175 1759 4240 ἂν,
1797 4178 1881 4235 ὅτι
1909 4179 1943 4251 ή

2076 4175 2224 4238 ariis,
2256 4186 2310 4231 et
2340 4176 2618 4246 adulteris,
2643 4180 2695 4235 in
2723 4196 2818 4237 cor
2840 4184 3076 4243 hominis
3099 4204 3205 4243 non
3228 4196 3614 4251 ascenderunt.

365 4254 561 4327 γέεννα
586 4256 697 4310 τῶν
724 4258 992 4313 ἀκουσίων
1021 4260 1120 4332 (1),
1151 4261 1258 4317 τῶν
1280 4262 1586 4336 δυναμένων
1606 4265 1942 4347 καθαρθῆναί

2074 4264 2251 4320 Etenim
2289 4268 2334 4323 si
2376 4284 2501 4324 reus
2542 4271 2635 4342 qui
2664 4273 2878 4331 dixerit
2903 4274 3057 4333 fratri
3087 4295 3208 4348 suo,
3238 4281 3405 4352 fatue,
3439 4288 3617 4358 majus

362 4345 749 4421 ἐστιν-,Ὥσπερ
769 4347 832 4419 δὴ
848 4349 940 4403 ἐπὶ
953 4349 1063 4404 τῶν
1086 4352 1307 4420 ἀγαθῶν
1327 4353 1436 4408 τῶν
1458 4354 1679 4409 δικαίων
1699 4346 1792 4410 ἐπὶ
1813 4376 1951 4434 καρ-.

2074 4356 2284 4414 rot‘ecto
2332 4362 2436 4415 erit
2480 4377 2546 4418 eo
2594 4356 2737 4435 quod
2790 4370 3040 4427 ascendit
3084 4374 3140 4429 in
3180 4392 3295 4445 eor,
3330 4389 3611 4449 peccatum

361 4434 478 4489 δίαν
505 4436 792 4508 ἀνθρώπου
824 4440 926 4494 οὐκ
954 4442 1145 4515 ἀνέϐη,
1175 4443 1212 4499 ἃ
1259 4445 1552 4518 ἡτοίμασεν
1595 4447 1624 4500 6
1664 4448 1797 4513 Θεὸς
1824 4454 1936 4517 τοῖς
1969 4478 1997 4534 Ε

2074 4449 2247 4519 naj‘ora
2296 4434 2655 4521 peccantium.
2690 4456 2803 4530 Ego
2830 4461 2979 4518 aliud
3012 4466 3258 4536 gehenna
3282 4434 3480 4541 Iinajus
3511 4434 3611 4527 es:

362 4527 645 4596 ἀγαπῶσιν
671 4530 833 4585 αὐτόν
858 4549 871 4562 ·
903 4532 1076 4597 οὕτως
1106 4534 1147 4589 d
1188 4536 1477 4607 ἡτοίμασε
1519 4538 1643 4607 τοῖς
1672 4540 1936 4611 ἁμαρτω·
1969 4527 1997 4534 —

2074 4542 2277 4611 agitare
2323 4560 2568 4615 nequeo,
2618 4551 2712 4606 sed
2757 4554 2921 4611 credo
2970 4558 3150 4629 majus
3197 4575 3327 4616 esse
3362 4564 3610 4634 gehenua

359 4616 489 4683 ,ἰοῖς
525 4618 609 4684 τῷ
661 4623 1002 4690 πορνεύειν,
1053 4624 1133 4692 τῷ
1175 4629 1501 4698 μοιχεύειν,
1535 4630 1636 4685 ἐπὶ
1686 4632 1939 4702 καρδίαν

2075 4632 2180 4687 ιιοά
2213 4633 2474 4693 adulteris
2513 4649 2763 4708 paratum
2805 4653 2907 4701 est.
2938 4616 3085 4703 Ideni
3117 4649 3242 4706 dico
3275 4651 3341 4708 de
3362 4616 3607 4726 vreliquis

357 4704 668 4809 ἀςθρώπου
692 4713 803 4766 οὐκ
826 4713 1031 4782 ἀνέϐη.
1055 4716 1118 4768 Et
1140 4714 1249 4788 γὰρ
1267 4717 1448 4790 ἔνοχος
1475 4720 1682 4789 γίνεται
1711 4724 1738 4776 6
1765 4723 1934 4777 εἰπὼν

2074 4725 2294 4795 egalibus
2337 4704 2534 4797 pomis,
2570 4732 2762 4804 bisque
2798 4735 2954 4792 amne
2985 4738 3191 4795 dictum
3242 4704 3602 4813 apostoligum

354 4794 433 4865 τῷ
473 4797 684 4870 ἀδελφῷ
723 4802 913 4867 αὑτοῦ,
964 4805 1144 4874 μωρέ·
1190 4806 1428 4878 δηλονότι
1463 4810 1644 4881 μεῖζόν
1687 4813 1803 4865 ἐστι
1836 4813 1931 4866 τοῦ

360 4885 730 4910 ιηλ-ιημμί
769 4894 783 4906 .
835 4893 849 4910 ι
1011 4895 1056 4910 ε..
1196 4897 1210 4910 .
1273 4899 1286 4910 .
1542 4900 1553 4910 .
1764 4905 1785 4910 _
1903 4902 1914 4910 .

2074 4832 2274 4884 ssumo,
2305 4821 2448 4888 quod
2479 4823 2636 4890 mihi,
2671 4824 2718 4880 si
2741 4840 3055 4897 peccavero,
3088 4847 3304 4901 poenam
3336 4851 3445 4893 non
3478 4855 3606 4910 ape-

356 4885 733 4955 άναϐαίνοντος
767 4893 859 4946 ἐπὶ
897 4895 1125 4965 καρδίαν
1162 4897 1223 4949 τὸ
1262 4899 1647 4970 ἡμαρτημένον
1702 4905 1814 4965 τοῖς
1859 4902 1928 4957 τὰ

2074 4908 2131 4981 it.
2174 4907 2440 4980 Deceptus
2482 4929 2627 4979 sum,
2668 4917 2792 4987 quia
2823 4920 2950 4974 nolo
2984 4885 3114 4979 illud
3147 4943 3160 4980 :
3198 4926 3459 5000 Decepisti
3501 4885 3601 5000 θῦε,

354 4976 569 5050 χείρονα
608 4981 1003 5055 ἡμαρτηκόσιν.
1039 4985 1113 5039 οὐ
1140 4985 1374 5060 δύναμαι
1419 4990 1477 5044 δὲ
1518 4993 1708 5063 νοῆσαι
1742 4991 1924 5064 μεῖζόν

2074 4999 2271 5066 'omine,
2305 5011 2355 5056 et
2384 5003 2646 5074 deceptus
2691 5024 2830 5077 sum,
2860 5012 3048 5069 volens
3080 5016 3216 5073 bene
3238 4976 3430 5091 decipi.
3460 4976 3601 5088 Quid

236 5064 239 5065 ν
353 5089 405 5126 τι
448 5076 690 5149 γεέννης,
721 5077 854 5133 ἀλλά
898 5080 1057 5150 μόνον
1107 5082 1366 5171 πιστεύω,
1400 5085 1481 5138 ὅτι
1517 5085 1698 5156 μεῖζόν
1723 5086 1775 5139 τί
1804 5088 1925 5140 ἐστι

2074 5106 2192 5146 erro
2217 5093 2349 5150 dicit
2390 5096 2722 5166 Apostolus?
2760 5100 2984 5159 Irritam
3018 5109 3135 5177 quis
3188 5064 3389 5179 facian:
3435 5064 3597 5186 (gem

350 5164 595 5238 γεέννης,
642 5169 705 5222 τὸ
743 5171 1139 5242 ἡτοιμασμένον
1182 5161 1295 5237 τοῖς
1348 5175 1708 5246 μοιχεύουσιν.
1740 5176 1926 5242 Οὕτως

2074 5184 2224 5254 ’oysi,
2255 5187 2365 5241 sine
2389 5188 2503 5242 ulla
2532 5191 2888 5262 miseratione,
2919 5161 3120 5254 duobus
3151 5161 3228 5255 vel
3256 5205 3422 5260 tribus
3452 5161 3601 5262 (gsti-

346 5251 577 5325 ἔρχομαι
627 5259 721 5311 καὶ
748 5260 839 5314 ἐπὶ
871 5260 968 5323 τὰς
1004 5260 1194 5325 λοιπὰς
1224 5263 1321 5327 τὰς
1350 5265 1490 5318 κατά
1523 5266 1612 5320 τὸν
1642 5268 1805 5338 νόμον
1833 5286 1925 5323 κο-

2074 5292 2117 5330 ιδ
2148 5277 2405 5342 moritur;
2432 5290 2628 5349 quanto
2671 5285 2840 5355 magis
2867 5288 3067 5355 putatis
3095 5290 3363 5348 deteriora
3404 5301 3593 5354 mereri

345 5341 550 5411 λήσεις,
581 5349 677 5412 καὶ
721 5349 981 5421 λαμϐάνω
1010 5351 1152 5417 λέξιν
1181 5354 1544 5428 ἀποστολικὴν
1596 5359 1923 5430 συνᾴδουσαν
1950 5368 1953 5369 ⁷

2074 5367 2283 5438 ιρριεείιι
2306 5371 2401 5441 qui,
2429 5370 2635 5432 Filium
2670 5373 2766 5431 Dei
2793 5378 3261 5440 couculcaverit“?
3288 5382 3541 5459 Nomina,
3560 5405 3597 5446 ο

413 5546 460 5582 ⁵¹
500 5548 674 5607 Levit.
705 5568 846 5624 sxw,
884 5556 967 5613 14.
1042 5559 1091 5592 ⁸³
1126 5558 1314 5619 Matth.
1340 5578 1394 5632 ν,
1423 5563 1515 5619 22.
1593 5567 1640 5598 ⁵⁸
1676 5571 1697 5625 ι
1726 5562 1848 5631 σοι.
1885 5590 1949 5644 ιι,
1980 5576 1997 5633 ί

2114 5578 2167 5609 σθ
2200 5574 2363 5632 Hebr.
2394 5580 2565 5645 3,28,
2591 5582 2686 5638 29.

414 5712 495 5784 (1)
546 5717 606 5773 Ἠ
656 5719 866 5789 γέεννά
922 5710 1038 5778 τῶν
1070 5723 1390 5783 ἀκουσίων.
1435 5730 1684 5794 Erroretn
1744 5761 1903 5803 suum
1947 5742 1997 5799 it:

2074 5749 2107 5798 ιι
2155 5738 2417 5811 Origenes
2457 5742 2525 5801 'do
2581 5746 2758 5818 pinnis
2809 5748 3191 5808 damnatorum
3230 5762 3576 5830 temporaliis.
