4218 6292
571 384 705 441 ,499

2057 385 2389 443 οηιεΕΜε

3715 389 3834 447 5οθ

598 502 797 571 Paule,
857 505 1221 577 supplicium;
1255 503 1496 575 exprime
1545 507 1744 577 ipsum.
1787 505 1907 562 Non
1958 507 2133 563 dicam

2262 506 2490 573 τούτοις,
2521 505 2615 560 καὶ
2642 503 2994 577 σιωπήσασάν
3017 520 3116 575 μου
3141 503 3240 575 τὴν
3262 502 3502 567 κόλασιν,
3532 501 3629 556 ἐὰν
3657 502 3839 578 ἀμάρ-

597 596 773 667 inquit
801 614 816 652 :
852 596 1025 666 majus
1049 605 1132 652 est
1172 596 1240 652 iis
1268 597 1672 666 quae'dicuntur
1698 599 2021 669 supplicium
2055 615 2154 654 eo-

594 702 716 742 rum
746 686 838 756 qui
884 686 938 741 in
986 682 1274 756 Evangelio
1304 696 1549 757 peccant,
1579 688 1755 759 majus
1799 689 1866 744 iis
1895 705 2018 759 quae
2058 705 2156 744 au-

593 776 836 843 diuntur,
870 775 1048 844 majus
1079 777 1147 832 iis
1176 792 1297 847 quae
1327 779 1725 847 excogitantur.
1764 777 2032 848 Propheta
2060 779 2154 849 qui

589 864 858 934 audierat,
894 867 1170 934 timuerat,
1199 867 1445 923 eruditus
1480 867 1674 930 fuerat,
1706 878 1761 923 et
1798 879 1984 939 postea
2028 885 2155 940 pcr-

2258 616 2355 655 τω.
2372 598 2588 670 Ἐπειδὴ
2617 598 2677 651 οὑ
2711 596 2849 650 θέλω
2883 595 2970 649 τό·
3013 594 3357 662 Ἠπάτησάς·
3383 613 3488 664 με,
3521 596 3833 664 Κύριε,καὶ

2248 690 2593 759 ιήπατήθην,
2623 686 3063 761 παραδεξάμενος
3090 686 3434 757 ἀπατηθῆναι
3458 687 3659 752 καλῶς.
3685 688 3751 742 Τί
3775 688 3834 743 δὲ

2255 781 2400 851 λέγει
2427 782 2456 834 6
2486 779 2838 843 Ἀπόστολος;
2869 776 3184 843 Ἅθετήσας
3196 795 3285 843 τις
3305 779 3494 846 νόμον
3512 778 3830 846 Μωῢσέως,

2255 869 2435 939 χωρὶς
2465 866 2777 937 οικτιρμῶν
2790 865 2886 919 ἐπὶ
2910 864 3053 918 δυσὶ
3079 864 3173 917 καὶ
3192 864 3347 931 τρισὶ
3369 862 3669 933 μάρτυσιν
3685 865 3829 919 ἀπο-

587 955 837 1012 fectionis
886 958 1113 1027 gradum
1160 958 1385 1028 adeptus
1427 968 1564 1026 erat,
1594 959 1870 1014 inducitur
1920 969 1977 1014 ut
2021 976 2141 1030 pne:

2255 959 2503 1026 θνήσκει
2522 975 2537 988 ο
2570 959 2743 1024 πόσῳ
2772 953 2996 1009 δοκεῖτε
3026 954 3296 1023 χείρονος
3329 952 3716 1020 ἀξιωθήσεται
3749 971 3832 1007 τι-

586 1047 775 1103 dicens
808 1067 822 1102 :
857 1047 1124 1118 Decepiin
1152 1065 1253 1116 me,
1296 1048 1538 1114 Domine,
1561 1059 1610 1104 et
1640 1050 1882 1119 deceptus
1903 1066 2040 1104 sum.
2070 1048 2152 1103 Tu

586 1153 804 1208 quoque
832 1138 959 1193 dum
992 1153 1124 1207 puer
1150 1154 1231 1204 es,
1267 1138 1446 1193 minas
1475 1139 1816 1208 pertimesce,
1844 1153 1912 1194 ne
1934 1153 1998 1192 ea
2031 1153 2153 1208 quae

570 1245 754 1298 supra
798 1231 974 1284 minas
1004 1238 1151 1293 sunt,
1185 1230 1427 1299 patiaris,
1456 1245 1647 1300 pmnas
1689 1237 1941 1291 aeternas,
1969 1229 2149 1300 ignem

585 1319 1102 1390 incxstinguihilem,
1130 1322 1216 1375 vel
1241 1321 1471 1375 fortasse
1497 1320 1643 1375 aliud
1671 1320 1867 1391 majus,
1899 1319 2041 1390 quod
2066 1335 2152 1374 re-

586 1420 859 1466 servatum
894 1420 978 1465 est
1012 1411 1118 1466 illis
1146 1411 1237 1480 qui
1271 1420 1465 1481 praeter
1506 1420 1708 1466 rectam
1734 1412 1999 1466 rationem
2029 1411 2151 1466 diu-

574 1502 694 1555 tius
714 1502 970 1557 vixerint.
1000 1501 1241 1567 Quorum
1273 1504 1516 1557 omnium
1555 1503 1688 1558 nihil
1722 1518 1963 1573 unquam
1988 1517 2151 1572 expe-

569 1589 814 1656 riamur,
836 1589 930 1645 sed
961 1590 1013 1643 in
1050 1590 1263 1644 Lliristo
1291 1589 1419 1645 Jesu
1448 1591 1829 1660 perfectionem
1856 1590 2032 1660 adepti
2060 1591 2150 1660 ju-

585 1680 900 1743 stitlcemur,
929 1688 990 1734 ut
1029 1681 1173 1751 digni
1220 1680 1418 1736 ﬁamus
1462 1665 1870 1736 celebritatibus
1913 1681 2149 1737 coelesti-

586 1772 689 1826 bus
729 1779 783 1825 et
813 1770 1073 1827 Paschate
1113 1773 1225 1838 illo,
1254 1773 1399 1843 quod
1431 1773 1505 1827 ibi
1530 1772 1827 1828 secundum
1870 1787 2144 1844 anagogen

583 1862 782 1933 agitur,
816 1862 866 1915 in
909 1862 1129 1917 Christo
1172 1860 1323 1927 Jesu,
1350 1863 1437 1918 cui
1467 1872 1551 1919 est
1577 1864 1752 1918 honor
1784 1870 1838 1918 et
1862 1862 2149 1934 imperium

581 1952 636 2004 in
670 1953 867 2007 sarcula
896 1954 1241 2008 saeculorum.
1272 1953 1464 2008 Amen.

2247 1050 2473 1119 μωρίας
2500 1051 2533 1102 ὀ
2560 1048 2666 1101 τὸν
2703 1047 2840 1101 nor
2871 1046 2976 1100 τοῦ
3006 1046 3152 1100 Θεοῦ
3187 1044 3651 1111 καταπατήσας;
3691 1046 3837 1098 Ὀνό-

2256 1155 2447 1210 μασον,
2481 1133 2527 1193 ὦ
2581 1138 2781 1205 Παῦλε,
2815 1138 2912 1210 τὴν
2962 1137 3261 1209 τιμωρίαν·
3296 1133 3448 1191 εἷπον
3484 1137 3833 1207 αὑτήν.’Δλλ’

2250 1230 2312 1282 οὑ
2338 1229 2482 1299 λέγω
2510 1229 2698 1300 αὑτὴν,
2734 1229 2899 1301 φησί·
2937 1228 3116 1299 μεῖζόν
3148 1230 3263 1282 ἐστι
3292 1227 3403 1281 τῶν
3436 1227 3738 1298 λεγομένων
3764 1227 3831 1281 τὸ

2249 1321 2349 1392 τῆς
2375 1320 2649 1385 κολάσεως
2675 1320 2783 1374 τῶν
2816 1323 2873 1376 ἐν
2898 1320 3213 1391 Εὑαγγελίῳ
3243 1320 3683 1392 ἁμαρτανόντων,
3710 1322 3824 1389 μεῖ-

2250 1411 2341 1477 ζον
2389 1413 2500 1467 τῶν
2550 1412 2915 1484 ἀκουομένων,
2951 1410 3130 1483 μεῖζον
3176 1410 3503 1481 νοουμένων.
3529 1409 3627 1462 Διά
3666 1408 3825 1464 τοῦτο

2249 1503 2474 1576 εἰσήχθη
2504 1503 2579 1567 ὡς
2601 1503 2810 1557 παιδίον
2852 1504 2882 1557 6
2930 1503 3233 1574 προφήτης,
3263 1499 3502 1563 ἀκούσας
3529 1500 3622 1554 καὶ
3654 1498 3823 1572 φοόη-

2250 1593 2364 1658 θεὶς
2396 1594 2491 1648 καὶ
2521 1592 2849 1657 παιδευθεὶς,
2879 1594 2974 1647 καὶ
3020 1591 3159 1664 μετά
3205 1591 3362 1645 τοῦτο
3407 1591 3709 1652 τελειωθεὶς
3735 1591 3821 1644 λέ-

2248 1701 2359 1753 γων
2380 1703 2394 1716 ο
2441 1682 2775 1753 Ἠπάτησάς
2799 1701 2896 1754 με,
2920 1685 3116 1752 Κύριε,
3133 1684 3229 1738 καὶ
3253 1681 3584 1752 maniam.
3617 1683 3725 1736 Kal.
3755 1681 3818 1735 σὺ

2248 1775 2372 1829 ὅσον
2404 1771 2455 1828 εἴ
2481 1775 2713 1839 παιδίον,
2740 1774 3002 1846 φοϐήθητι
3028 1773 3124 1837 τὰς
3153 1773 3400 1839 ἀπειλὰς,
3421 1775 3507 1827 ἴνα
3540 1773 3612 1845 μὴ
3643 1772 3819 1844 πάθῃς

2254 1865 2323 1919 τὰ
2352 1865 2493 1937 ὑπὲρ
2519 1864 2618 1929 τὰς
2650 1865 2897 1929 ἀπειλὰς,
2922 1865 3021 1928 τὰς
3059 1864 3307 1929 κολάσεις
3341 1865 3438 1928 τὰς
3465 1865 3732 1926 αἰωνίους,
3758 1862 3819 1915 τὸ

2253 1956 2513 2011 ἄσϐεστον
2535 1956 2664 2027 πῦρ,
2703 1956 2736 2028 ἢ
2767 1957 2907 2027 τάχα
2931 1974 2985 2009 τι
3014 1955 3200 2009 τούτου
3234 1955 3414 2026 μεῖξον
3433 1955 3494 2008 τὸ
3520 1955 3817 2023 ἀποκείμε-

579 2059 670 2098 νον
696 2048 808 2109 τοῖς
831 2045 982 2118 παρά
1007 2047 1098 2099 τὸν
1117 2046 1275 2118 ὀρθὸν
1297 2046 1450 2116 λόγον
1476 2046 1568 2101 ἐπὶ
1622 2047 1805 2103 πλεῖον
1850 2045 2194 2118 βεϐιωκόσιν·
2228 2041 2305 2104 ὧν
2337 2049 2551 2103 πάντων
2602 2047 2863 2121 μηδαμῶς
2920 2048 3322 2119 πειραθείημεν,
3367 2045 3477 2100 ἀλλ’
3510 2046 3567 2099 ἐν
3598 2038 3815 2115 Χριστῷ

593 2137 765 2207 Ἰησοῦ
797 2137 1154 2208 τελειούμενοι
1185 2138 1601 2209 δικαιωθείημεν
1643 2138 1807 2206 ἀξίως
1834 2137 1943 2192 τῶν
2000 2138 2201 2209 ἑορτῶν
2236 2139 2349 2194 τῶν
2400 2139 2752 2210 ἐπουρανίων,
2786 2138 2879 2192 καὶ
2910 2137 3120 2209 Πάσχα,
3147 2135 3242 2192 τοῦ
3275 2138 3405 2202 ἐκεῖ,
3441 2135 3531 2189 ἐπί
3555 2137 3652 2207 τὴν
3686 2135 3813 2188 ἀνα-

561 2226 763 2298 γωγὴν
792 2227 888 2300 (1),
922 2229 981 2280 ἐν
1005 2228 1227 2300 Χριστῷ
1262 2225 1453 2299 Ἰησοῦ,
1487 2223 1530 2298 ᾧ
1557 2232 1701 2285 ἐστιν
1739 2234 1773 2302 ή
1811 2230 1936 2297 δόξα
1967 2231 2064 2286 καὶ
2090 2230 2152 2285 τὸ
2189 2231 2389 2303 κράτος
2422 2233 2502 2296 εἰς
2526 2233 2650 2295 τοὺς
2678 2230 2881 2294 αἰῶνας
2908 2231 3015 2284 τῶν
3048 2229 3275 2286 αἰώνων.
3335 2229 3524 2302 Ἀμήν.

935 2322 1102 2395 262
1137 2314 1417 2378 uorum
1463 2323 1605 2379 XIX.

1200 2413 1261 2468 1n
1295 2415 1438 2471 istud
1459 2416 1525 2469 ⁵⁸.

612 2497 1286 2578 Βεσερὶδιῖ-ιηεκῦοῃιὶηε,
1318 2516 1365 2560 et
1390 2506 1633 2578 deceptus
1669 2522 1807 2578 sum,
1842 2522 2015 2578 usque
2045 2509 2115 2565 ad

892 2572 1077 2629 istud:
1110 2573 1366 2629 Dominus
1396 2572 1623 2646 prolians
1650 2577 1824 2646 justa.

559 2721 567 2727 ,
650 2659 703 2714 ι.
741 2656 935 2716 Omnia
967 2677 1089 2732 qua;
1114 2663 1182 2718 de
1210 2662 1323 2719 Deo
1370 2666 1569 2734 scripta
1618 2675 1766 2729 sunt.
1793 2667 2144 2736 quantumvis

579 2764 675 2825 per
699 2766 758 2807 se
782 2753 897 2822 ipsa
923 2753 1206 2809 videantur
1227 2755 1454 2820 absona,
1476 2756 1637 2826 digna
1664 2765 1842 2811 tamen
1866 2757 1976 2812 Deo
1997 2759 2141 2814 bono

562 2859 701 2900 esse
726 2844 1026 2913 putandum
1062 2853 1165 2900 est.
1191 2845 1326 2911 Quis
1351 2846 1494 2901 enim
1516 2861 1639 2902 esse
1666 2857 1823 2918 neget
1847 2847 2143 2912 absonum,

578 2933 631 2986 si
658 2932 766 2990 Deo
801 2934 1088 3002 tribuatur,
1114 2951 1238 2991 eum
1267 2936 1450 3004 irasci,
1476 2937 1796 2992 inﬂammari
1825 2938 1926 3005 ira,
1958 2937 2138 3009 poeni-

580 3026 746 3079 tentia
769 3026 915 3092 duci,
941 3027 1053 3082 imo
1075 3036 1130 3083 et
1148 3028 1418 3084 dormire?
1441 3027 1545 3084 Sed
1567 3030 1762 3084 borum
1788 3029 2137 3099 unumquod—

2854 2327 3098 2382 OMIAIA
3136 2326 3237 2381 19'.

2926 2416 3022 2479 El;
3051 2415 3131 2468 τό’

2257 2505 2590 2577 Ἠπάτησὰς
2615 2525 2714 2577 με,
2735 2507 2932 2577 Κύριε,
2959 2505 3069 2577 καὶΔ
3087 2502 3437 2577 ᾐπατήθην
3484 2502 3646 2573 μέχρι
3686 2502 3777 2556 τοῦ
3798 2519 3812 2533 °

2630 2571 2832 2645 Κύριε,
2863 2571 3183 2643 δοκιμάζων
3206 2572 3422 2626 δίκαια.

2317 2665 2503 2719 Πάντα
2547 2667 2616 2719 τὰ
2670 2665 3132 2741 ἀναγεγραμμένα
3179 2664 3311 2736 περὶ
3355 2664 3447 2718 τοῦ
3497 2663 3654 2729 Θεοῦ,
3709 2665 3816 2719 κᾶν

2252 2756 2663 2827 ἁπεμφαίνοντα
2706 2756 2929 2810 αὐτόθεν
2963 2752 3020 2830 ᾗ,
3057 2754 3162 2829 χρὴ
3213 2753 3340 2820 ἀξια
3384 2755 3599 2827 νοῆσαι,
3641 2751 3815 2827 οἶμαι.

2243 2848 2376 2902 Θεοῦ
2418 2847 2645 2916 ἀγαθοῦ.
2674 2848 2772 2911 Τίς
2812 2849 2920 2922 γὰρ
2953 2849 3053 2901 οὑκ
3091 2848 3207 2919 ἐρεῖ
3237 2846 3648 2917 ἀπεμφαίνοντα
3676 2844 3819 2904 εἶναι

2245 2939 2625 3010 ἀναφερόμενα
2656 2939 2750 2993 ἐπὶ
2774 2939 2905 2993 Θεὸν
2929 2939 2990 2993 τὸ
3017 2938 3159 3010 ἐχειν
3188 2938 3347 2991 αὑτὸν
3373 2937 3562 3010 ὀργὴν,
3591 2939 3651 2990 τὸ
3675 2938 3818 3010 πρῆ-

2245 3028 2458 3100 σθαιβ)
2485 3028 2645 3084 αὑτὸν
2674 3029 2850 3100 θυμῷ,
2877 3028 2938 3082 τὸ
2970 3026 3387 3099 μεταμελεῖσθαι
3419 3027 3601 3091 αὑτὸν,
3632 3026 3729 3099 ἥδη
3758 3028 3815 3082 δὲ

579 3131 687 3186 que
729 3118 798 3172 ab
844 3131 911 3172 eo
953 3120 1048 3188 qui
1079 3120 1339 3176 obscuros
1367 3121 1578 3175 noverit
1601 3120 1788 3175 audire
1837 3136 2136 3187 sermones,

2247 3120 2339 3175 καὶ
2385 3120 2447 3174 τὸ
2496 3118 2698 3174 ὑπνοῦν
2725 3120 2922 3187 αὐτόν;
2967 3119 3106 3173 Ἀλλ’
3153 3118 3380 3172 ἕκαστον
3417 3119 3618 3191 τούτων
3665 3118 3821 3191 παρὰ,

580 3206 804 3278 dignum
835 3207 945 3265 Deo
964 3210 1316 3280 judicabitur.
1348 3211 1560 3266 Etenim
1588 3212 1668 3267 ira
1691 3212 1809 3282 ejus
1831 3211 2139 3267 infructuo-

558 3315 643 3359 sa
669 3315 777 3356 non
804 3311 909 3370 est,
941 3303 1034 3359 sed
1068 3304 1210 3360 sicut
1243 3305 1465 3360 verbum
1497 3305 1617 3376 ejus
1642 3300 1840 3370 erudit,
1880 3305 1955 3362 ita
1983 3317 2039 3362 et
2061 3307 2140 3362 ira

578 3391 730 3460 ejus;
754 3408 892 3464 quos
914 3395 1059 3449 enim
1084 3395 1305 3451 verbum
1335 3411 1442 3451 non
1469 3396 1688 3462 erudiit,
1739 3396 1818 3451 ira
1857 3396 2058 3462 erudit,
2088 3407 2143 3454 et

580 3498 802 3539 necesse
829 3495 912 3541 est
940 3483 1108 3541 Deum
1135 3486 1357 3542 accendi
1382 3501 1444 3542 ea
1470 3502 1590 3558 qua:
1610 3486 1811 3542 dicitur
1832 3488 2145 3558 ira,quem-

556 3573 877 3641 admodum
899 3589 966 3629 eo
994 3575 1142 3645 quod
1185 3577 1408 3632 verbum
1450 3577 1782 3644 nominatur,
1818 3577 2008 3632 utitur.
2037 3576 2143 3632 Ne-

577 3677 684 3732 que
723 3663 868 3717 enim
914 3664 1140 3719 verbum
1177 3665 1322 3720 illius
1350 3666 1458 3722 tale
1484 3675 1567 3723 est
1594 3667 1754 3738 quale
1781 3674 1865 3723 est
1895 3668 2139 3723 omnium

576 3752 824 3808 verbum.
872 3750 1086 3808 Nullius
1130 3754 1353 3809 verbum
1404 3756 1614 3822 vivens,
1658 3756 1860 3811 nullius
1917 3756 2138 3810 verbum

579 3842 724 3898 Deus
764 3853 867 3898 est.
901 3842 1113 3900 Nullius
1151 3847 1377 3900 verbum
1421 3846 1475 3899 in
1525 3846 1794 3915 principio
1838 3854 1955 3901 erat
1998 3846 2141 3916 apud

580 3932 772 4001 Deum,
800 3935 959 4004 cujus
998 3944 1117 3991 erat
1162 3936 1409 3991 verbum.
1436 3935 1551 3991 Etsi
1575 3936 1748 3991 solum
1772 3945 1906 4002 erat,
1941 3951 1973 3991 a
2001 3950 2133 4008 quo-

544 4078 547 4081 .
582 4025 706 4080 dam
735 4034 851 4080 erat
877 4027 1163 4097 principio.
1200 4026 1463 4082 Similiter
1494 4037 1549 4082 et
1593 4027 1673 4081 ira
1708 4026 1803 4081 Dei
1830 4027 2033 4082 nullius
2061 4037 2144 4082 est

581 4118 684 4180 ira,
727 4119 884 4188 cujus
920 4118 1018 4172 ira.
1061 4117 1129 4173 Et
1165 4120 1621 4190 quemadmodum
1648 4117 1741 4173 Dei
1765 4117 2002 4174 Verbum
2032 4133 2144 4189 prae

547 4273 551 4277 _
579 4208 730 4262 omni
755 4208 1131 4279 cujuscunque
1154 4212 1321 4266 verbo
1345 4212 1615 4281 peculiare
1641 4211 1769 4282 quid
1792 4211 1848 4265 in
1873 4225 1932 4266 se
1958 4209 2137 4272 habet,

580 4300 957 4370 peeuliareque
980 4301 1054 4356 illi
1076 4310 1161 4357 est
1187 4317 1309 4357 esse
1332 4300 1524 4368 Deum,
1553 4310 1608 4357 ct
1627 4302 1852 4358 verbum
1880 4301 2061 4356 vivum
2086 4299 2141 4354 in

2242 3212 2320 3283 τῷ
2346 3212 2507 3266 εἰδότι
2533 3211 2750 3266 ἀκούειν
2777 3209 3064 3264 σκοτεινῶν
3091 3210 3262 3279 λόγων
3291 3210 3641 3282 εὑρεθήσεται
3668 3208 3814 3274 ἄξιον

2242 3302 2481 3359 Θεοῦ.Ἦ
2502 3302 2611 3374 γάρ
2639 3303 2776 3375 ὀργὴ
2809 3302 2905 3372 μὲν
2928 3300 3090 3355 αὑτοῦ
3118 3302 3219 3355 οὑκ
3243 3302 3488 3374 ἄκαρπός
3516 3303 3683 3363 ἐστιν,
3700 3300 3815 3354 ἀλλ’

2239 3392 2315 3456 ῶς
2342 3395 2370 3447 6
2399 3391 2555 3461 λόγος
2592 3391 2757 3446 αὑτοῦ
2793 3392 3059 3454 παιδεύει,
3090 3391 3232 3445 οὕτω
3270 3393 3364 3446 καὶ
3390 3395 3423 3466 ὴ
3451 3392 3586 3464 ὀργὴ
3610 3389 3771 3445 αὑτοῦ
3795 3408 3810 3423 ’

2239 3484 2367 3546 τοὺς
2393 3482 2501 3554 γὰρ
2529 3482 2605 3556 (5)
2643 3483 2718 3554 μὴ
2763 3482 3148 3548 παιδευθέντας
3194 3484 3338 3554 λόγῳ
3376 3482 3616 3538 παιδεύει
3639 3483 3808 3554 όργή·

2241 3572 2337 3626 καὶ⁴
2367 3573 2666 3642 ἀναγκαῖόν
2694 3574 2826 3635 ἐστι,
2848 3573 2939 3627 τὸν
2978 3573 3109 3628 Θεὸν
3155 3574 3384 3648 χρῆσθαι
3412 3577 3476 3646 τῇ
3505 3573 3812 3645 καλουμένῃ

2241 3665 2398 3735 ὀργῇ,
2428 3664 2504 3727 ὼς
2528 3664 2726 3735 χρῆται
2757 3663 2836 3735 τῷ
2864 3664 3248 3736 ὀνομαζομένῳ
3288 3664 3453 3736 λόγῳ.
3487 3664 3622 3718 Οὔτε
3651 3664 3759 3735 γὰρ
3782 3667 3811 3718 6

2239 3753 2394 3824 λόγος
2426 3754 2590 3808 αὐτοῦ
2615 3753 2852 3819 τοιοῦτός
2889 3757 3055 3819 ἐστιν,
3102 3757 3285 3819 ὁποῖος
3311 3757 3339 3808 6
3370 3755 3588 3810 πάντων
3616 3754 3770 3823 λόγος
3793 3771 3808 3784 °

2240 3844 2450 3908 οὐδενὸς
2475 3844 2583 3915 γὰρ
2611 3846 2641 3898 ὁ
2667 3845 2821 3913 λόγος
2855 3843 2983 3909 ζῶν,
3019 3844 3229 3909 οὐδενὸς
3257 3847 3285 3899 6
3312 3845 3467 3914 λόγος
3487 3844 3642 3908 Θεός·
3665 3844 3817 3897 οὑδε-

2241 3932 2330 3997 νὸς
2361 3933 2470 4006 γὰρ
2498 3936 2527 3986 6
2548 3934 2705 4002 λόγος
2733 3935 2791 3987 ἐν
2817 3934 2959 4005 ἀρχῇ
2991 3935 3127 4007 πρὸς
3161 3936 3366 3988 ἐκεῖνον
3396 3930 3485 4006 ἦν,
3511 3927 3572 3988 οῦ
3602 3936 3629 3987 6
3658 3933 3812 4002 λόγος

2240 4018 2328 4095 ἦν.
2362 4024 2478 4078 Κᾶν
2502 4020 2570 4096 ἦν
2603 4026 2781 4097 μόνος,
2812 4025 2922 4078 ἀπό
2952 4042 3094 4088 τινος
3118 4021 3185 4097 ἦν
3225 4026 3416 4098 ἀρχῆς.
3445 4026 3603 4081 Οῦτω
3635 4026 3691 4079 δὲ
3718 4027 3813 4079 καὶ

2242 4115 2276 4184 ἡ
2304 4114 2441 4186 ὀργὴ
2496 4113 2591 4168 τοῦ
2642 4113 2779 4168 Θεοῦ
2819 4113 2956 4186 ὀργὴ
2995 4114 3226 4180 οὐδενὸς,
3270 4111 3474 4179 οὗτινος
3514 4116 3671 4189 ὀργῆ,
3702 4116 3814 4172 Καὶ

2241 4205 2431 4275 ὥσπερ
2478 4205 2625 4272 ξένον
2663 4222 2717 4258 τι
2763 4204 2876 4277 ἔχει
2907 4208 2935 4259 6
2963 4205 3121 4275 λόγος
3144 4205 3238 4260 τοῦ
3271 4204 3405 4262 Θεοῦ
3434 4207 3587 4279 παρά
3636 4208 3812 4261 πάντα

2242 4295 2334 4349 τὸν
2381 4295 2687 4349 οὑτινοσοῦν
2718 4295 2894 4365 λόγον,
2925 4297 3020 4351 καὶ
3060 4296 3173 4368 ἔχει
3212 4295 3382 4361 ξένον,
3412 4298 3472 4351 τὸ
3497 4295 3635 4352 εἶναι
3660 4298 3811 4364 Θεὸς,

579 4405 640 4446 se
671 4391 975 4446 subsistens
1020 4402 1074 4445 et
1121 4393 1431 4448 ministrare
1459 4392 1640 4458 Patri;
1691 4394 1770 4448 sic
1807 4392 1901 4446 ubi
1936 4392 2017 4447 ira
2050 4391 2141 4446 Dei

2247 4387 2340 4442 καὶ
2372 4387 2434 4441 τὸ
2461 4382 2598 4442 εἶναι
2624 4387 2814 4457 Λόγος,
2847 4387 2921 4441 ὢν
2952 4387 3059 4452 ζῶν
3086 4388 3148 4441 τὸ
3177 4389 3530 4460 ἐφεστηκέναι
3553 4389 3674 4442 καθ’
3691 4391 3816 4442 ἐαυει

580 4481 749 4537 scmel
781 4481 1056 4536 nominata
1086 4491 1188 4547 est,
1209 4482 1480 4552 peculiare
1506 4481 1632 4552 quid
1659 4490 1713 4536 et
1735 4482 2009 4537 diversum
2044 4482 2141 4535 ba-

2247 4480 2305 4533 τὸ
2341 4478 2440 4551 (4),
2471 4479 2532 4533 τὸ
2583 4481 2874 4550 ὑπηρετεῖν
2915 4479 2993 4550 τῷ
3036 4479 3244 4552 Πατρίο
3293 4478 3463 4543 οὕτως
3506 4482 3627 4534 ἐπεὶ
3666 4479 3813 4548 ἅπαξ

578 4573 670 4628 bet
698 4588 728 4627 a
754 4572 954 4643 quavis
977 4571 1099 4626 irati
1128 4572 1229 4627 ira.
1266 4571 1467 4626 Eodem
1494 4572 1655 4627 modo
1688 4570 1842 4626 furor
1872 4571 1992 4640 ejus
2016 4586 2141 4641 pro-

2247 4568 2535 4640 ὠνομάσθη
2575 4568 2709 4621 Θεοῦ
2762 4570 2797 4639 ἠ
2840 4568 3142 4641 καλουμένη
3189 4569 3353 4623 αὑτοῦ
3385 4570 3543 4642 ὀργὴ,
3572 4569 3717 4635 ξένον
3759 4587 3814 4624 τι

575 4665 756 4734 prium
789 4665 919 4735 quid
953 4664 1135 4721 habet.
1162 4664 1297 4719 Cum
1339 4663 1485 4717 enim
1516 4663 1570 4718 in
1601 4661 1787 4718 furore
1826 4662 2022 4732 arguit,
2053 4661 2140 4716 fu-

2247 4659 2355 4731 ἔχει
2391 4660 2482 4713 καὶ
2501 4658 2776 4730 ἀλλότριον
2800 4659 2980 4729 πάσης
3001 4659 3094 4712 τοῦ
3125 4659 3472 4731 ὀργιζομένου
3502 4659 3691 4731 ὀργῆς.
3716 4658 3818 4714 Οὖ-

579 4770 670 4811 ror
700 4756 819 4825 ejus
864 4758 1040 4813 oritur
1083 4772 1151 4813 ex
1195 4757 1475 4829 proposito
1502 4755 1649 4826 quod
1676 4770 1803 4811 eum
1832 4754 1926 4825 qui
1959 4769 2141 4823 repre-

2247 4767 2320 4802 τω
2345 4750 2439 4803 καὶ
2466 4751 2494 4803 6
2519 4749 2690 4821 θυμὸς
2717 4750 2882 4803 αὑτοῦ
2922 4750 3052 4804 ἴδιόν
3072 4768 3126 4805 τι
3159 4750 3270 4822 ἔχει
3294 4767 3309 4783 ο
3350 4752 3398 4803 εἰ
3427 4748 3535 4822 γὰρ
3563 4750 3638 4822 (5)
3667 4751 3696 4802 6
3722 4749 3816 4803 θυ-

581 4844 983 4902 henditurvult
1014 4846 1439 4917 reprehensione
1479 4855 1812 4902 convertere.
1849 4845 2042 4917 Arguit
2087 4855 2141 4900 et

2255 4842 2356 4913 μὸς
2379 4844 2477 4914 τῆς
2510 4841 2839 4914 προθέσεως,
2863 4842 2961 4914 τῆς
2985 4842 3077 4896 τοῦ
3107 4841 3263 4913 θυμῷ
3282 4841 3610 4912 ἐλέγχοντος,
3643 4840 3816 4911 βουλο-

579 4937 827 5002 verbum,
858 4939 1000 4993 sicut
1038 4939 1218 4994 erudit
1257 4938 1506 5003 verbum,
1536 4939 1632 4995 sed
1680 4952 1789 4993 non
1834 4940 1908 4994 ita
1964 4937 2141 5009 arguit

2251 4933 2419 5007 μένης
2444 4934 2536 4989 τὸν
2570 4933 2919 5005 ἐλεγχόμενον
2943 4933 3030 4988 διά
3068 4933 3161 4987 τοῦ
3191 4935 3411 5005 ἐλέγχου
3445 4933 3813 5003 ἐπιστρέφειν.

577 5029 803 5086 verbum
827 5039 887 5085 ut
912 5030 1092 5102 arguit
1117 5031 1286 5087 furor.
1311 5031 1417 5099 Qui
1439 5031 1582 5087 enim
1608 5047 1641 5086 a
1664 5031 1829 5087 verbo
1851 5031 2141 5101 reprehen-

2260 5026 2500 5097 Ἐλέγχει
2548 5026 2642 5088 καὶ.
2685 5025 2840 5094 λόγος
2878 5025 2954 5090 ὼς
2982 5024 3222 5078 παιδεύει
3249 5025 3403 5095 λόγος
3431 5023 3526 5096 (6),
3567 5023 3680 5077 ἀλλ’
3715 5023 3815 5093 οὑχ

574 5120 620 5177 si
656 5119 725 5175 ad
758 5121 1037 5177 meliorem
1068 5120 1280 5194 frugem
1304 5138 1417 5179 non
1440 5131 1568 5179 sunt
1593 5123 1852 5191 revocati,
1881 5136 2020 5193 opus
2039 5121 2141 5178 erit

2247 5119 2416 5187 οὑτως
2459 5118 2669 5195 ἐλέγχει
2711 5118 2868 5187 λόγος
2910 5117 2986 5181 ὡς
3027 5115 3239 5189 ἐλέγχει
3279 5114 3466 5189 θυμός.
3501 5116 3565 5169 Ol
3597 5112 3705 5186 γὰρ
3734 5113 3813 5186 τῷ

646 5275 693 5308 ⁶¹
730 5274 930 5332 Jerem.
965 5293 1059 5341 xx,
1093 5278 1237 5334 7-12.

2318 5429 2394 5501 (4)
2435 5430 2599 5502 ιεερς
2625 5430 2785 5502 λόγος
2832 5431 2875 5502 ὁ,
2896 5427 3024 5502 ζῶν,
3052 5429 3114 5502 si
3145 5427 3506 5502 ὓεξεεξτηξένᾳι
3533 5425 3653 5479 καθ’
3688 5426 3813 5502 ἑαυ-

2246 5494 2712 5569 τὸν,ἐ·ιε,’ϐὴίειξ
2747 5499 2976 5568 legebat,
3006 5498 3160 5565 λόγος
3189 5494 3300 5568 ζωὴ
3325 5494 3404 5565 τῷ
3448 5495 3809 5569 ὑφεστηκέναι

2248 5570 2369 5624 καθ’
2393 5571 2601 5640 ἑαυτὸν,
2626 5567 3039 5640 ’τῷ-ὑπηρετεῖν,

2319 5640 2395 5712 (5)
2435 5639 2654 5712 Εὶνγάρ.
2674 5634 3313 5712 'yrgo'eumGhisleri‘o,
3341 5634 3454 5712 ἔστι
3483 5638 3612 5709 γὰρ,
3633 5640 3743 5695 etc.

2320 5705 2396 5780 (θ)
2438 5705 2644 5780 Λόγος.
2685 5705 2867 5765 Codex
2901 5706 3218 5775 Vaticanus,
3243 5705 3430 5783 θυμός.

646 5430 726 5501 (1)
765 5430 878 5486 Καὶ
916 5431 1133 5501 Πάσχα
1174 5433 1280 5488 τοῦ
1324 5434 1467 5499 ἐκεῖ,
1501 5434 1600 5487 ἐπὶ
1644 5434 1761 5501 τὴν
1808 5430 2141 5503 ἀναγωγήν.

578 5498 826 5574 Πύθεω,
855 5498 1139 5574 secundum
1169 5521 1455 5573 anagogen,
1476 5520 1568 5573 per
1587 5498 1891 5574 anagogen;
1916 5498 2146 5574 lia’eau-

578 5580 685 5691 teem
717 5571 835 5641 ipso
869 5571 1091 5627 Pascha:
1117 5573 1205 5627 die
1238 5571 1304 5628 ad
1342 5571 1606 5643 populum
1653 5571 1929 5643 peroravit
1952 5571 2143 5640 Orige-

600 5656 613 5690 l
639 5656 700 5694 ιε.
1799 5663 1803 5666 '

768 5709 949 5797 ﬁndor
978 5709 1300 5797 ‘Ya‘l‘icalllﬂ,
1329 5712 1611 5797 χρῆἕθαι’.
1660 5782 1670 5794 .

672 5725 729 5770 2)
768 5725 949 5763 unum
993 5725 1300 5775 vaneanus,
1329 5725 1581 5797 χρησυαι.

652 5725 731 5843 l5)
770 5778 948 5834 Codex
978 5779 1466 5846 Vaticatuts,auroﬁ
1486 5781 1886 5845 παιδεύειθτοὺς
1900 5781 2143 5852 γὰρψιο.
