4218 6292
404 304 509 362 5οι
1588 303 1655 359 IN
1692 301 2036 359 JEREMIAM
2079 288 2365 356 llOMlLlA
2410 300 2548 358 XIX.
3548 296 3649 351 502

406 423 521 477 ἀπὸ
564 423 659 478 τοῦ
706 423 858 491 λόγου
907 421 1114 494 ἐλέγχῳ
1161 422 1236 495 μὴ
1279 421 1653 496 ὠφεληθέντες
1695 424 1978 495 δεήσονται
2011 454 2020 488 Α

2084 431 2144 475 ιιι
2193 421 2245 507 iu
2295 411 2480 475 furore
2515 427 2829 491 arguantur.
2870 416 2988 473 Dixi
3015 417 3176 472 etiam
3214 414 3502 486 quamdam
3528 431 3645 470 θεν

371 488 381 495 ’
408 513 629 586 ἐλέγχου
654 514 746 568 τοῦ
767 488 873 568 άπὸ
896 514 990 568 τοῦ
1010 488 1484 586 *θῦμοῦθΕλεγχον
1512 514 1588 581 (1)
1616 514 1715 586 μέν
1749 488 1871 569 τινα
1897 510 1977 568 εἷ-

2085 512 2177 567 Dci
2206 488 2729 583 pmnitcutiaquum
2756 527 2852 581 per
2878 526 2937 565 se
2963 510 3170 565 absona
3199 509 3475 573 videatur;
3510 508 3649 563 seri-

409 626 497 663 ναι
542 608 631 661 καὶ
668 605 1032 678 μεταμέλειαν
1073 604 1208 659 Θεοῦ
1254 603 1476 659 αὐτόθεν
1504 605 1974 677 ἀπεμφαίνουσαν,

2081 613 2233 676 ptum
2268 612 2352 660 est
2380 604 2525 660 enim
2546 605 2631 658 “:
2669 602 2895 657 Paenitet
2934 616 3013 655 me
3052 600 3191 670 quod
3226 599 3469 652 auxerim
3515 598 3649 652 Stud

406 702 525 753 ἐπεὶ
557 696 899 770 γέγραπται·
932 695 1447 768 Μεταμεμέλημαι,
1489 695 1578 750 ὅτι
1616 696 1831 765 ἕχρισα
1870 697 1977 749 τὸν

2080 702 2137 754 in
2182 717 2370 771 regem.
2420 698 2500 753 Tu
2546 712 2677 754 vero
2725 696 2889 766 digne
2940 707 3159 764 quoque
3210 692 3649 762 interpretaheris

400 791 592 847 Σαοὺλ
614 792 704 856 είς
724 787 1012 855 βασιλέα.
1028 788 1217 856 Ἀξίως
1250 787 1309 841 δὲ
1345 788 1600 861 ζητήσεις
1638 788 1729 842 καὶ
1753 787 1849 859 τὴν
1878 805 1975 859 με-

2079 787 2345 856 ejusmodi
2392 782 2955 858 ptenitentiam.Ca've
3003 791 3161 853 putes
3204 796 3325 837 eam
3372 780 3646 851 quidpiam

396 879 703 952 ταμὲλειαν.
721 882 835 935 Καὶ
867 880 941 952 μὴ
968 880 1195 953 νομίσῃς
1220 879 1537 948 συγγένειάν
1565 896 1686 934 τινα
1714 878 1855 949 ἔχειν
1876 880 1975 951 τὴν

2079 878 2356 935 allinitatis
2393 880 2591 933 habere
2628 891 2752 932 cum
2784 875 3105 945 paenitentia
3147 889 3337 929 eorum
3370 888 3509 943 quos
3537 888 3651 942 poe-

396 969 761 1041 μσταμέλειαν
791 969 956 1026 αὐτοῦ
988 972 1055 1041 τῇ
1082 969 1411 1041 μεταμελείᾳ
1438 968 1546 1022 τῶν
1577 967 1979 1041 μεταμελουμέ-

2080 969 2235 1023 nitet.
2282 968 2436 1023 Sicut
2484 967 2631 1040 enim
2680 966 2942 1020 eximium
2998 964 3128 1035 quid
3189 963 3379 1018 habuit
3421 961 3647 1018 verbum

390 1077 519 1115 νων.
537 1061 623 1125 Ὠς
652 1060 762 1134 γὰρ
788 1059 1064 1133 ἐξαίρετόν
1089 1078 1140 1114 τι
1172 1055 1317 1131 εἶχεν
1339 1062 1368 1113 6
1406 1059 1563 1127 λόγος
1600 1058 1788 1122 αὐτοῦ,
1828 1057 1974 1124 ὲξαί-

2079 1060 2219 1129 ejus,
2256 1060 2517 1115 eximium
2550 1058 2679 1129 quid
2712 1059 2792 1113 ira
2833 1058 2972 1128 ejus,
3016 1056 3286 1139 excellens
3331 1054 3461 1124 quid
3500 1054 3651 1109 furor

393 1152 548 1224 ρετόν
579 1171 631 1205 τι
658 1155 691 1225 ἡ
717 1151 854 1224 ὀργὴ
888 1151 1074 1217 αὐτοῦ,
1100 1151 1365 1223 ὑπερέχον
1406 1169 1459 1205 τι
1497 1153 1526 1204 6
1576 1149 1746 1221 θυμὸς
1784 1149 1970 1213 αὐτοῦ,

2078 1150 2219 1220 ejus,
2249 1158 2304 1205 et
2351 1150 2487 1204 nihil
2517 1150 2623 1206 illis
2657 1165 2781 1205 cum
2815 1149 2936 1202 aliis
2961 1147 3202 1216 ejusdem
3231 1146 3468 1200 nominis
3492 1160 3646 1200 com-

390 1242 485 1295 ata".
519 1242 672 1296 οὐδὲν
695 1242 905 1306 τούτοις
935 1242 1196 1311 συγγενὲς
1224 1238 1292 1314 ἦν
1322 1240 1629 1313 ὁμωνύμοις
1649 1257 1662 1270 ο
1693 1240 1781 1293 τὸν
1810 1240 1971 1293 αὐτὸν

2078 1257 2242 1297 mune
2273 1251 2422 1308 erat;
2457 1243 2643 1297 eadem
2671 1242 2880 1295 ratione
2920 1249 2974 1292 et
3013 1238 3332 1308 pmliitentia
3363 1237 3482 1307 ejus
3520 1252 3645 1291 cum
3706 1273 3710 1279 ς

388 1334 591 1403 τρόπον
635 1334 728 1388 καὶ
774 1335 806 1405 ἡ
862 1334 1192 1405 μεταμέλεια
1230 1333 1397 1388 αὐτοῦ
1432 1332 1721 1404 ὁμώνυμός
1762 1333 1877 1385 ἐστι
1901 1334 1966 1403 τῇ

389 1423 635 1495 ἡμετέρᾳ
667 1424 1029 1496 μεταμελείᾳ·
1075 1423 1340 1496 ὁμώνυμα
1372 1424 1482 1496 γάρ
1518 1427 1667 1477 ἐστιν
1699 1416 1773 1477 ὧν
1800 1422 1970 1493 ὄνομα

395 1514 555 1584 μόνον
600 1516 797 1571 κοινόν.
815 1517 874 1569 '0
915 1516 972 1570 δὲ
1017 1517 1160 1570 κατά
1197 1514 1430 1587 τοῦνομα
1469 1517 1567 1587 τῆς
1599 1514 1785 1579 οὐσίας
1811 1514 1968 1583 λόγος

390 1605 597 1676 ἕτερος.
636 1607 813 1660 Μόνον
852 1602 945 1661 οὖν
982 1607 1151 1678 ὄνομα
1181 1607 1356 1661 κοινὸν
1388 1606 1560 1678 θυμοῦ
1593 1606 1727 1661 Θεοῦ
1753 1607 1846 1660 καὶ
1874 1606 1967 1659 θυ-

2073 1605 2184 1659 lum
2226 1606 2389 1674 igitur
2415 1616 2613 1658 nomen
2644 1617 2935 1679 commune
2967 1612 3050 1658 est
3075 1602 3247 1657 furori
3288 1602 3381 1657 Dei
3408 1613 3460 1656 et
3488 1602 3638 1658 furo-

394 1694 496 1763 μοῦ
524 1695 850 1763 οὑτινοσοῦν,
882 1696 974 1750 καὶ
1019 1697 1178 1768 μόνον
1208 1696 1379 1769 ὄνομα
1405 1696 1580 1751 κοινὸν
1622 1697 1791 1769 ὀργῆς
1822 1698 1966 1750 οὑτι-

2071 1698 2116 1751 ri
2145 1697 2454 1768 cujuslibet,
2483 1711 2547 1751 ac
2573 1695 2748 1751 solum
2780 1710 2979 1750 nomen
3011 1706 3302 1750 commune
3329 1696 3422 1750 ira:
3451 1694 3565 1758 Dei,
3587 1705 3644 1751 et

390 1784 579 1839 νοσοῦν
626 1788 719 1839 καὶ
763 1788 933 1859 ὀργῆς
976 1788 1130 1842 Θεοῦ.
1167 1786 1321 1841 Οῦτω
1351 1788 1446 1842 καὶ
1490 1789 1584 1842 ἐπὶ
1634 1790 1967 1862 μεταμελείᾳ
2001 1778 2020 1832 ί

2069 1789 2162 1844 ira:
2191 1788 2589 1858 cujuscunque.
2637 1788 2728 1843 Sic
2759 1799 2813 1844 et
2838 1792 2904 1844 de
2932 1787 3248 1858 poenitentia
3274 1786 3639 1849 sentiendum,

388 1875 627 1945 νοητέον.
656 1878 766 1931 Kal
813 1877 1036 1950 ζητήσει
1082 1881 1110 1933 6
1162 1878 1477 1950 δυνάμενος,
1531 1879 1584 1932 τί
1640 1881 1966 1952 μεταμέλεια

2066 1889 2119 1935 et
2147 1888 2353 1949 quaeret
2380 1879 2474 1948 qui
2508 1876 2720 1947 poterit,
2749 1881 2879 1950 quid
2903 1880 3217 1950 paenitentia
3242 1878 3337 1933 Dei
3361 1890 3637 1949 operetur,

387 1966 680 2037 ἐργάζεται
702 1968 860 2033 Θεοῦ,
886 1969 937 2022 τί
964 1969 1274 2041 είργάσατο.
1300 1970 1403 2025 Τὸν
1425 1969 1597 2023 Σαοὺλ
1626 1970 1839 2023 καθεῖλε
1867 1970 1965 2040 βα-

2067 1971 2197 2040 quid
2223 1978 2446 2040 operata
2473 1970 2566 2024 sit.
2598 1969 2816 2026 Saulem
2841 1972 3063 2026 sustulit
3091 1972 3275 2041 inique
3298 1984 3636 2041 regnantem,

388 2058 668 2112 σιλεύοντα
719 2059 1070 2130 παρανόμως,
1099 2061 1338 2114 ἀνέτειλε
1379 2060 1598 2131 βασιλέα
1623 2061 1699 2132 τῷ
1729 2061 1844 2131 λαῷ
1875 2062 1965 2114 τὸν

2065 2070 2120 2115 et
2155 2060 2207 2114 in
2235 2060 2356 2130 ejus
2386 2061 2567 2114 locum
2599 2061 2882 2116 substituit
2902 2061 3103 2131 populo
3125 2062 3319 2131 regem
3339 2063 3637 2117 secundum

386 2146 535 2201 stata
562 2149 661 2219 τὴν
699 2148 925 2220 καρδίαν
966 2150 1059 2204 τοῦ
1092 2150 1247 2206 Θεοῦ.
1281 2148 1416 2204 Εἷπε
1444 2152 1552 2222 γὰρ
1588 2151 1675 2205 διὰ
1702 2153 1800 2223 τὴν
1832 2153 1967 2220 ἀγα-

2066 2168 2163 2207 cor
2200 2151 2318 2207 Dei.
2359 2150 2505 2207 Dixit
2526 2152 2670 2206 enim
2707 2162 2929 2223 propter
2963 2153 3162 2207 bonam
3194 2153 3339 2208 illam
3370 2154 3638 2223 paeniten-

392 2237 496 2309 θὴν
535 2237 747 2311 ἐκείνην
794 2240 1183 2311 μεταμέλειαν·
1215 2238 1416 2312 Εὗρον
1451 2244 1639 2311 ἄνδρα
1672 2244 1821 2298 κατὰ
1849 2244 1967 2312 τὴν

2066 2240 2196 2295 tiam
2215 2239 2262 2273 ”
2285 2258 2300 2296 :
2334 2238 2519 2296 Inveni
2543 2244 2714 2297 uirum
2743 2243 3032 2297 secundum
3068 2258 3159 2296 cor
3184 2259 3356 2297 meum
3383 2244 3552 2298 David
3570 2245 3637 2314 ﬁ-

384 2328 642 2395 καρὸίαν
672 2347 792 2399 μου
816 2331 997 2386 Δαυιδ
1023 2334 1158 2387 υἱὸν
1195 2334 1442 2390 Ἰεσσαί.
1457 2335 1617 2389 Ἀλλὰ
1653 2336 1826 2390 ταῦτά
1873 2355 1964 2406 μοι

2062 2330 2195 2384 lium
2220 2329 2391 2386 Iesse.
2422 2331 2690 2388 Caeterum
2721 2332 2838 2389 haec
2856 2334 3039 2391 omnia
3072 2334 3323 2405 prooemii
3356 2334 3635 2390 loeo'mihi

2077 1341 2262 1386 nostra
2299 1333 2614 1403 poenitentia
2641 1330 2917 1400 aequivoca
2944 1337 3044 1391 est,
3075 1328 3343 1398 siquidem
3366 1328 3645 1397 :equivoca

2075 1431 2222 1487 sunt,
2257 1437 2489 1492 quorum
2530 1436 2725 1475 nomen
2754 1420 2929 1475 solum
2964 1434 3279 1485 commune,
3313 1420 3405 1475 sed
3450 1434 3647 1474 secun-
3699 1416 3703 1420 ’

2072 1513 2200 1567 dum
2231 1528 2427 1567 nomen
2459 1512 2775 1567 substantia:
2804 1513 2944 1566 ratio
2965 1520 3048 1567 est
3085 1512 3245 1583 233
3270 1512 3504 1566 diversa.
3539 1513 3645 1565 So-

386 2418 649 2489 προοίμια
694 2422 870 2475 πάντα
902 2423 1019 2476 ἐστὶ
1049 2423 1138 2477 διὰ
1184 2423 1246 2478 es
1272 2425 1372 2497 τὴν
1401 2425 1574 2497 ἀρχὴν
1602 2426 1702 2497 τῆς
1732 2427 1839 2481 ἀπὸ
1867 2428 1960 2482 τοῦ

398 2507 659 2579 Ἰερεμίου
690 2508 1048 2579 ἀναγνώσεως
1074 2512 1244 2577 οὕτως
1280 2514 1423 2585 ἔχειν
1445 2532 1459 2546 ο
1500 2515 1836 2584 Ἠπάτησάς
1864 2535 1960 2588 με,

384 2600 583 2666 Κύριε,
613 2600 712 2655 καὶ
743 2600 1076 2670 ήπατήθην.
1714 2594 1726 2603 ’

453 2690 730 2762 Ζητοῦμεν
759 2692 868 2764 γὰρ
903 2693 1130 2764 μήποτε,
1157 2694 1234 2758 ὡς
1260 2696 1290 2749 6
1327 2695 1546 2750 πάντων
1568 2696 1739 2768 θυμὸς
1766 2699 1956 2763 κακὸν,

382 2779 415 2832 δ
445 2780 497 2833 δὲ
519 2780 615 2835 τοῦ
646 2782 781 2837 Θεοῦ
813 2783 1125 2853 ὲλεγκτικός
1147 2802 1161 2816 °
1193 2786 1288 2839 καὶ
1320 2787 1537 2842 πάντων
1569 2789 1665 2859 μὲν
1697 2789 1833 2860 ὀργὴ
1862 2808 1960 2862 χα-

385 2871 543 2944 λεπὴ,
573 2876 607 2945 ὴ
630 2874 687 2928 δὲ
711 2874 1014 2946 καλουμένη
1036 2876 1130 2929 τοῦ
1155 2876 1290 2931 Θεοῦ
1316 2877 1633 2950 παιδευτική
1653 2895 1667 2911 ⁸
1702 2880 1799 2934 καὶ
1819 2882 1958 2935 πάν-

383 2978 493 3016 των
531 2963 630 3034 μὲν
666 2962 823 3036 ἡμῶν
867 2965 1197 3037 μεταμέλεια
1221 2970 1518 3040 κατηγορεῖ
1544 2969 1825 3034 ἀσθενείας
1860 2970 1956 3025 τοῦ

382 3053 491 3125 πρὸ
530 3054 630 3127 τῆς
672 3055 1029 3127 μεταμελείας
1053 3073 1067 3087 ’
1095 3058 1189 3110 ἐπὶ
1225 3056 1284 3110 δὲ
1316 3057 1412 3111 τοῦ
1443 3058 1577 3113 Θεοῦ
1603 3060 1666 3114 οὐ
1697 3060 1792 3113 τοῦ
1818 3061 1952 3115 Θεοῦ

2063 2431 2209 2482 sunt.
2239 2423 2370 2493 quia
2400 2425 2693 2494 propositae
2738 2441 2806 2480 ex
2840 2424 3075 2482 Ieremia
3121 2427 3372 2484 lectionis
3421 2427 3633 2483 initium

2063 2512 2142 2568 sic
2181 2513 2344 2568 habet
2358 2515 2404 2546 ”
2430 2533 2444 2570 :
2479 2515 2736 2585 Deccpisti
2761 2533 2861 2584 me,
2888 2516 3129 2585 Domine,
3153 2527 3202 2571 et
3231 2518 3471 2587 deceptus
3495 2536 3635 2576 sum.

2130 2694 2184 2750 2.
2226 2694 2536 2762 Quaerimus
2565 2697 2733 2763 enim,
2782 2715 2913 2754 num
2943 2700 3089 2756 sicut
3127 2709 3448 2757 ceterorum
3480 2702 3637 2759 furor

2060 2786 2261 2841 malum
2311 2787 2440 2857 quid
2493 2798 2598 2853 est,
2648 2789 2721 2844 ita
2759 2789 2980 2846 divinus
3035 2792 3344 2863 redarguat.
3373 2792 3630 2849 Omnium

2059 2877 2278 2946 quidem
2317 2888 2565 2933 nostrum
2598 2879 2677 2935 ira
2706 2880 2956 2950 molesta,
3001 2881 3092 2938 illa
3145 2892 3326 2939 autem
3380 2901 3500 2955 qua:
3536 2886 3631 2942 Dei

2058 2977 2304 3033 vocatur,
2337 2970 2535 3024 erudit.
2573 2969 2631 3025 In
2659 2972 2916 3028 omnibus
2945 2973 3104 3030 nobis
3132 2976 3450 3045 poenitentia
3489 2977 3632 3031 indi-

2059 3068 2149 3113 cat
2173 3059 2594 3116 imhecillitatem
2640 3064 2839 3121 mentis
2881 3073 3009 3120 ante
3047 3068 3455 3137 paenitentiam;
3488 3077 3544 3123 at
3572 3070 3627 3124 in

381 3147 678 3218 κατηγορεῖ
702 3150 736 3219 ἡ
771 3147 1098 3220 μεταμέλεια
1125 3149 1312 3215 αὐτοῦ,
1337 3150 1471 3205 ἀλλὰ
1506 3149 1616 3205 τῶν
1662 3150 1768 3217 ἔξω
1807 3132 2020 3225 πρα-.(Ῑ

2062 3149 2189 3217 Deo,
2216 3152 2590 3222 imperfectum
2621 3171 2728 3210 non
2754 3157 2935 3226 arguit
2967 3132 3137 3212 Deum
3170 3132 3510 3228 poenitentia,
3534 3161 3626 3214 sed

380 3236 626 3306 γμάτων,
658 3239 744 3308 ἐφ’
771 3235 855 3303 οἷς
881 3241 915 3311 ἡ
954 3241 1282 3312 μεταμέλεια
1304 3240 1640 3313 λαμϐάνεται
1663 3262 1678 3277 ο
1708 3244 1852 3299 οὕτω
1878 3247 1960 3301 δεῖ

379 3327 569 3397 νοῆσαι
595 3329 689 3383 καὶ
712 3330 812 3402 τὴν
837 3330 1053 3404 ἀπάτην
1079 3334 1174 3388 τοῦ
1214 3334 1372 3401 Θεοῦ,
1418 3336 1705 3408 ἑτερογενῆ
1751 3338 1955 3409 τυγχά-

378 3436 576 3474 νουσαν
605 3422 758 3492 παρὰ
788 3423 887 3494 τὴν
925 3426 1200 3499 ἡμετέραν
1249 3427 1487 3499 ἀπάτην,
1527 3428 1595 3501 ἢν
1638 3430 1952 3503 άπατῶμεν.

379 3513 478 3576 Τίς
502 3508 595 3568 οῦν
624 3516 657 3586 ἡ
690 3515 841 3588 παρὰ
861 3515 955 3570 τοῦ
983 3517 1117 3572 Θεοῦ
1144 3519 1332 3590 ἀπάτη
1361 3519 1463 3592 (‘2),
1482 3519 1676 3593 ἥντινα
1700 3523 1901 3594 νοήσας
1927 3526 1957 3577 ὁ

379 3607 685 3677 προφήτης,
717 3608 806 3661 ὅτε
857 3609 1133 3664 ἐπαύσατο
1182 3612 1559 3683 ἀπατώμενος,
1610 3615 1761 3684 φησι,
1795 3617 1956 3683 γνοὺς

379 3698 483 3769 τὴν
512 3699 778 3759 ὠφέλειαν
803 3700 902 3772 τὴν
945 3701 1052 3756 άπὸ
1088 3700 1183 3756 τοῦ
1210 3704 1541 3775 ὴπατῆσθαι,
1573 3704 1666 3757 τό*
1711 3704 1955 3774 Ἠπὰτη-

377 3789 497 3856 σάς
515 3807 613 3861 ιιε,
648 3795 844 3861 Κυριε,
879 3795 977 3848 καί
1006 3794 1341 3863 quaedam.
1378 3794 1488 3849 Kal
1513 3795 1727 3868 πρῶτον
1755 3799 1954 3869 χρήσο-

379 3898 483 3952 μαι
516 3883 810 3956 παραδόσει
852 3884 1110 3959 Ἐδραῖκῇ
1138 3885 1427 3957 ὲληλυθιιίιρ⁵
1457 3887 1536 3950 εἰς
1568 3888 1715 3959 ἡμᾶς
1751 3888 1843 3943 διά
1869 3906 1956 3943 τι-

376 3980 469 4036 νος
512 3974 774 4043 φυγόντος
821 3976 909 4031 διὰ
959 3976 1057 4049 τὴν
1096 3974 1331 4048 Χριστοῦ
1386 3978 1589 4043 πίστιν,
1637 3981 1730 4034 καὶ
1778 3979 1868 4034 διὰ
1893 3982 1955 4035 τὸ

377 4064 842 4137 ἐπαναϐεϐηκέναι
890 4066 999 4120 ἀπὸ
1029 4064 1124 4120 τοῦ
1168 4066 1327 4145 λόγου
1359 4066 1458 4140 (5),
1494 4070 1586 4122 καὶ
1613 4068 1949 4139 ἐληλυθότος,

376 4153 506 4208 ἔνθα
553 4155 1122 4229 διατρίδομεν.Ἔλεγε
1152 4159 1217 4230 δή
1250 4175 1392 4221 τινα,
1427 4158 1536 4212 εῐτε
1572 4158 1741 4230 μῦθον
1769 4160 1953 4229 φαινό-

380 4262 560 4316 μενον,
588 4246 697 4300 εἴτε
731 4247 890 4318 λόγον
935 4248 1226 4322 δυνάμενον
1255 4249 1552 4321 προσάγειν
1574 4251 1701 4316 τοὺς
1730 4249 1952 4306 ἀκούον-

373 4352 474 4400 τας
517 4336 630 4407 τῷ·
670 4338 1009 4407 Ἠπάτησάς
1044 4357 1156 4409 με,
1195 4342 1391 4409 Κύριε,
1445 4340 1546 4395 καὶ
1595 4341 1943 4409 ἠπατήθηνο

376 4424 528 4495 ἔλεγε
577 4427 641 4500 δή
684 4445 808 4481 τινα
834 4429 1085 4483 τοιαῦτα·
1124 4431 1182 4483 '0
1223 4429 1354 4494 Θεδς
1394 4431 1456 4484 οὐ
1503 4434 1777 4502 τυραννεῖ,
1811 4431 1946 4487 ἀλλὰ
1978 4461 2020 4516 D

379 4515 671 4587 βασιλεύει,
702 4520 794 4573 καὶ
837 4519 1134 4591 βασιλεύων
1175 4521 1236 4574 οὐ
1270 4521 1534 4592 βιάζεται,
1570 4521 1707 4576 ἀλλά
1748 4523 1942 4586 πείθει,

377 4609 468 4661 καὶ
521 4608 768 4679 βούλεται
815 4608 1078 4674 ἕκοῦσίως
1120 4612 1378 4683 παρέχειν
1426 4614 1652 4677 ἑαυτοὺς
1698 4615 1826 4679 τοὺς
1857 4616 1943 4668 ἐπ’

375 4698 524 4770 αὐτῷ
544 4702 609 4771 τῇ
640 4700 920 4773 οίκονομίᾳ
949 4702 1134 4767 αὑτοῦ,
1166 4702 1254 4756 ῐνα
1299 4702 1375 4775 μὴ
1423 4704 1563 4759 κατὰ
1610 4705 1854 4778 ἀνάγκην
1885 4706 1946 4759 τὸ

374 4788 579 4855 ἀγαθόν
599 4806 744 4854 τινος
769 4786 825 4862 ᾗ,
859 4790 995 4845 ἀλλὰ
1032 4790 1174 4845 κατὰ
1206 4790 1268 4845 τὸ
1312 4792 1556 4847 ἑκούσιον
1580 4794 1745 4847 αὐτοῦ
1768 4811 1782 4825 ο
1809 4796 1945 4867 ὅπερ

375 4880 469 4932 καὶ
498 4882 527 4934 6
558 4881 770 4946 Παῦλος
799 4882 1182 4955 ἐπιστάμενος,
1226 4882 1411 4953 ἔλεγεν
1451 4886 1509 4938 ὲν
1537 4887 1602 4956 τῇ
1633 4886 1768 4958 πρὸς
1794 4884 1948 4957 Φιλή-

379 4987 511 5039 μονα
537 4972 789 5045 ὲπιστολῇ
817 4973 896 5045 τῷ
917 4974 1173 5046 Φιλήμονι
1199 4973 1441 5046 περὶτοῦ
1469 4975 1756 5047 ὐνησίμου
1774 4993 1788 5007 ο
1822 4978 1947 5030 Ἵνα

367 5059 455 5129 μὴ
503 5064 629 5117 κατ’
647 5065 922 5135 ἀνάγκην
967 5065 1035 5120 τὸ
1077 5068 1301 5137 ἀγαθόν
1333 5083 1448 5122 σου
1486 5062 1548 5138 ᾖ,
1589 5069 1750 5122 ἀλλὰ
1798 5070 1948 5123 κατὰ

372 5149 674 5207 ἑκούσιον.
693 5153 952 5209 Ἦδύνατο
974 5155 1154 5210 τοίνυν
1192 5158 1221 5210 ὁ
1265 5156 1373 5210 τῶν
1400 5157 1535 5211 ὅλων
1569 5156 1701 5220 Θεὸς
1726 5158 1947 5229 ποιῆσαι

374 5241 724 5312 νομιζόμενον
756 5244 958 5313 ἀγαθὸν
982 5246 1042 5300 ὲν
1072 5247 1225 5317 ἡμῖν,
1252 5246 1338 5300 ἵνα
1370 5246 1428 5315 ἐξ
1459 5247 1703 5318 ἀνάγκης
1728 5246 1948 5320 ἐλεημο-

2058 3254 2144 3295 rcs
2173 3256 2294 3310 quae
2317 3251 2469 3298 extra
2497 3244 2647 3298 illum
2679 3253 2809 3300 sunt
2836 3261 3071 3314 quarum
3111 3262 3278 3302 causa
3308 3248 3628 3318 poenitentia

2056 3333 2378 3389 assumitur.
2418 3333 2508 3392 Sic
2535 3344 2591 3392 et
2618 3335 2761 3392 Deus
2787 3337 2895 3391 alio
2923 3338 3081 3408 plane
3109 3340 3271 3395 modo
3316 3341 3628 3396 censendus

2055 3433 2139 3478 cst
2161 3425 2411 3496 decipere
2456 3443 2621 3498 quam
2674 3443 2777 3483 nos
2810 3428 3132 3500 decipimus.
3165 3431 3426 3498 Quaenam
3459 3433 3628 3503 igitur

2054 3523 2139 3570 est
2171 3516 2258 3569 illa
2292 3534 2322 3571 a
2349 3515 2459 3573 Deo
2486 3516 2659 3585 fraus,
2688 3534 2794 3589 qua
2830 3522 3068 3591 cognita,
3095 3524 3378 3592 propheta,
3411 3522 3503 3576 ubi
3528 3522 3628 3576 de-

2054 3605 2163 3675 cipi
2189 3606 2374 3671 desiit,
2399 3620 2705 3679 agnoscens
2734 3619 3042 3681 perceptam
3071 3627 3135 3667 ex
3173 3612 3275 3667 hac
3299 3612 3491 3668 fraude
3521 3615 3627 3668 uti-

2053 3696 2279 3761 litatem,
2307 3699 2383 3753 ait
2411 3716 2425 3752 :
2454 3698 2719 3769 Decepisti
2743 3716 2843 3769 me,
2867 3699 3111 3768 Domine,
3144 3712 3194 3756 et
3213 3703 3453 3773 deceptus
3482 3720 3623 3759 curn.

2049 3787 2289 3843 Primum
2326 3789 2544 3859 quidem
2592 3789 2880 3846 traditione
2933 3801 3055 3846 utar
3097 3789 3357 3845 Hebraica
3394 3806 3514 3860 qua:
3550 3792 3616 3846 ad

2050 3895 2157 3934 nos.
2172 3881 2418 3950 pervenit
2439 3895 2535 3952 per
2557 3882 2847 3950 quemdam
2866 3880 2958 3950 qui
2980 3896 3108 3936 suos
3132 3881 3201 3936 ob
3227 3880 3387 3937 fidem
3414 3882 3618 3939 Christi

2048 3980 2104 4025 et
2129 3971 2457 4041 agnitionem
2496 3971 2646 4026 verbi
2681 3972 2926 4041 reliquit,
2965 3974 3221 4042 venitque
3251 3973 3342 4030 ubi
3373 3990 3617 4031 commo-

2047 4075 2249 4115 remur.
2289 4062 2347 4116 Id
2376 4076 2505 4116 sane
2533 4061 2744 4116 dicebat
2775 4063 2921 4131 quod
2953 4063 3038 4118 vel
3066 4079 3169 4134 pro
3208 4064 3386 4121 fabula
3428 4067 3614 4122 haberi

2046 4151 2237 4220 possit,
2258 4153 2346 4206 vel
2362 4168 2461 4222 pro
2482 4168 2733 4209 sermone
2752 4168 2865 4224 quo
2888 4155 3161 4211 auditores
3194 4157 3388 4212 adduci
3415 4167 3619 4227 queant

2046 4240 2115 4295 ad
2150 4242 2556 4313 intelligendum
2598 4245 2738 4300 istud
2781 4265 2793 4301 :
2836 4246 3094 4318 Decepiin
3132 4265 3244 4313 me,
3290 4249 3526 4313 Domine,
3566 4262 3619 4305 et

2046 4328 2288 4398 deceptus
2318 4346 2456 4386 sum.
2480 4330 2617 4396 Quae
2630 4330 2863 4402 dicebat,
2898 4346 3055 4392 erant
3082 4337 3396 4408 hujusmodi
3427 4356 3441 4393 :
3476 4337 3620 4394 Deus

2049 4434 2157 4473 non
2208 4428 2470 4491 tyrannus
2515 4430 2619 4485 est,
2669 4423 2765 4479 sed
2815 4442 2932 4494 rex,
2967 4443 3310 4499 regnansque.
3342 4431 3477 4485 nulli
3507 4432 3618 4485 vim

2046 4508 2229 4575 infert,
2257 4509 2351 4565 sed
2377 4510 2589 4576 suadet,
2622 4512 2843 4583 vultque
2869 4516 3116 4572 subditos
3155 4527 3348 4587 sponte
3379 4533 3501 4573 sese
3524 4518 3620 4573 de-

2046 4603 2173 4660 dere
2201 4605 2554 4675 provideutiae
2580 4606 2722 4677 ejus,
2758 4625 2828 4664 ne
2865 4611 3187 4682 cujusquam
3220 4613 3423 4668 bonum
3453 4615 3525 4670 sit
3549 4629 3622 4671 ex

2047 4699 2395 4763 necessitate,
2422 4699 2517 4754 sed
2539 4715 2606 4755 ex
2630 4701 2799 4756 libera
2826 4701 2922 4757 ﬁat
2945 4703 3242 4759 voluntate.
3258 4703 3410 4771 Quod
3438 4707 3623 4764 sciens

2047 4804 2101 4845 et
2132 4788 2336 4845 Paulus
2364 4790 2416 4843 in
2444 4788 2688 4860 Epistula
2721 4793 2789 4847 ad
2817 4791 3191 4850 Philemonem
3220 4797 3399 4852 aiebat
3433 4796 3617 4855 Phile-

2050 4884 2196 4937 moni
2238 4884 2305 4938 de
2343 4881 2702 4939 Onesimo":
2741 4883 2831 4939 Uti
2876 4902 2939 4940 ne
2968 4902 3032 4941 ea:
3074 4890 3380 4945 necessitate
3426 4890 3625 4981 bonum‘

2053 4988 2200 5029 tuum
2228 4984 2380 5038 esset,
2412 4973 2501 5028 sed
2529 4973 2906 5030 voluntarium.
2940 4975 3162 5032 Poterat
3180 4994 3312 5050 ergo
3340 4973 3621 5037 universo;

2050 5083 2170 5121 rum
2203 5065 2346 5121 Deus
2379 5064 2559 5121 facere
2590 5065 2641 5119 id
2667 5065 2812 5136 quod
2859 5065 2913 5122 in
2947 5068 3104 5126 nobis
3133 5069 3345 5126 videtur
3385 5071 3612 5136 bonum;

2051 5170 2109 5213 ut
2154 5158 2464 5215 necessario
2511 5158 2880 5229 eleemosynns
2917 5159 3194 5225 daremus,
3228 5175 3282 5218 et
3308 5164 3623 5218 necessario

2050 5262 2415 5324 temperantes
2447 5267 2716 5318 essemus,
2749 5252 2844 5308 sed
2880 5254 3087 5321 uoluit;
3122 5254 3245 5311 ideo
3275 5270 3385 5310 non
3417 5269 3481 5308 ex
3518 5253 3662 5327 tri-3

444 5403 487 5436 "
525 5407 546 5459 ι
577 5404 710 5480 Reg.
741 5425 829 5474 xv,
868 5411 951 5467 ll.
1032 5413 1077 5445 “
1115 5412 1234 5470 Act.
1260 5429 1382 5481 χιιι,
1412 5412 1504 5468 ετ.
1581 5412 1626 5445 ⁸⁸
1661 5411 1863 5473 Jcrem.
1897 5433 1983 5485 xx,
2012 5417 2020 5433 '

2062 5466 2063 5471 η
2142 5418 2185 5449 ⁸³
2223 5416 2448 5474 Philem.
2482 5418 2566 5471 Μ.

447 5543 523 5682 (ιζ
564 5547 872 5617 ’.ῗλετοχζὶνκ
914 5551 1051 5622 Lege
1084 5569 1207 5607 cum
1242 5553 1513 5609 Ghislerio
1540 5554 1781 5625 Ἔλεγον.

449 5614 504 5671 (‘2
562 5616 740 5672 (Index
800 5619 1110 5682 Vaticanus.
1138 5623 1284 5682 παρὰ
1327 5626 1424 5682 τὴν
1467 5624 1561 5678 τοῦ
1613 5627 1744 5682 Θεοῦ

449 5614 523 5682 ('2)
562 5614 774 5739 (ἒὶιιίιεί
800 5614 1110 5690 Vaticanus,
1138 5623 1284 5695 παρὰ
1327 5626 1424 5695 τὴν
1467 5624 1561 5678 τοῦ
1613 5614 1744 5686 Θεοῦ
1770 5614 1929 5694 ’ἁπά-

449 5701 498 5739 ν.
525 5702 610 5739 tua
631 5704 678 5739 ιε.
1603 5709 1607 5715 ’

378 5698 498 5752 την,
525 5698 678 5741 male.
1603 5709 1607 5715 '

2113 5560 2191 5635 (5)
2242 5559 2905 5635 ’ῌπαναόεϐηκέναιάςτῦ
2930 5561 3032 5635 rei}
3054 5562 3255 5635 rlo'rov.
3300 5560 3462 5635 Lt-go,
3487 5576 3616 5620 cum

2039 5628 2337 5697 Ghislcrio,
2365 5628 2768 5701 ἐπινενοηκέναι
2802 5634 2868 5689 τὰ
2895 5630 2985 5686 τοῦ
3008 5628 3186 5701 λόγον.
