  <div class='ocr_page' id='page_1' title='image "/cluster/home/n/w/nwhite01/storage/ocr_20150623/13/mdp.39015007036059/253.png"; bbox 0 0 4218 6292; ppageno 0'>
   <div class='ocr_carea' id='block_1_1' title="bbox 546 316 653 375">
    <p class='ocr_par' dir='ltr' id='par_1_1' title="bbox 546 316 653 375">
     <span class='ocr_line' id='line_1_1' title="bbox 546 316 653 375; baseline 0 0"><span class='ocrx_word' id='word_1_1' title='bbox 546 316 653 375; x_wconf 78' lang='lat'><strong>505</strong></span> 
     </span>
    </p>
   </div>
   <div class='ocr_carea' id='block_1_2' title="bbox 2031 325 2353 386">
    <p class='ocr_par' dir='ltr' id='par_1_2' title="bbox 2031 325 2353 386">
     <span class='ocr_line' id='line_1_2' title="bbox 2031 325 2353 386; baseline 0.003 -2"><span class='ocrx_word' id='word_1_2' title='bbox 2031 325 2353 386; x_wconf 71' lang='lat' dir='ltr'><strong>ORlGENlS</strong></span> 
     </span>
    </p>
   </div>
   <div class='ocr_carea' id='block_1_3' title="bbox 3697 339 3804 397">
    <p class='ocr_par' dir='ltr' id='par_1_3' title="bbox 3697 339 3804 397">
     <span class='ocr_line' id='line_1_3' title="bbox 3697 339 3804 397; baseline 0 -2"><span class='ocrx_word' id='word_1_3' title='bbox 3697 339 3804 397; x_wconf 63' lang='lat'><strong>50-5</strong></span> 
     </span>
    </p>
   </div>
   <div class='ocr_carea' id='block_1_4' title="bbox 545 434 2116 522">
    <p class='ocr_par' dir='ltr' id='par_1_4' title="bbox 545 434 2116 514">
     <span class='ocr_line' id='line_1_4' title="bbox 545 434 2116 514; baseline 0.006 -24"><span class='ocrx_word' id='word_1_4' title='bbox 545 434 696 490; x_wconf 74' lang='lat' dir='ltr'><strong>Stitia</strong></span> <span class='ocrx_word' id='word_1_5' title='bbox 723 447 816 494; x_wconf 89' lang='lat' dir='ltr'><strong>aut</strong></span> <span class='ocrx_word' id='word_1_6' title='bbox 844 454 911 494; x_wconf 81' lang='lat' dir='ltr'><strong>ex</strong></span> <span class='ocrx_word' id='word_1_7' title='bbox 944 439 1268 496; x_wconf 74' lang='lat' dir='ltr'><strong>necessitate</strong></span> <span class='ocrx_word' id='word_1_8' title='bbox 1298 439 1505 511; x_wconf 80' lang='lat' dir='ltr'><strong>agenda</strong></span> <span class='ocrx_word' id='word_1_9' title='bbox 1541 442 1696 498; x_wconf 88' lang='lat' dir='ltr'><strong>nobis</strong></span> <span class='ocrx_word' id='word_1_10' title='bbox 1739 442 1971 512; x_wconf 87' lang='lat' dir='ltr'><strong>imperat</strong></span> <span class='ocrx_word' id='word_1_11' title='bbox 1995 459 2116 514; x_wconf 62' lang='lat' dir='ltr'><strong>quae</strong></span> 
     </span>
    </p>
   </div>
   <div class='ocr_carea' id='block_1_5' title="bbox 2206 434 3804 522">
    <p class='ocr_par' dir='ltr' id='par_1_5' title="bbox 2223 442 3804 522">
     <span class='ocr_line' id='line_1_5' title="bbox 2223 442 3804 522; baseline 0.005 -25"><span class='ocrx_word' id='word_1_12' title='bbox 2223 444 2389 514; x_wconf 79' lang='grc' dir='ltr'>σύνην</span> <span class='ocrx_word' id='word_1_13' title='bbox 2417 442 2669 516; x_wconf 83' lang='grc' dir='ltr'>δίδωμεν,</span> <span class='ocrx_word' id='word_1_14' title='bbox 2699 444 2793 499; x_wconf 72' lang='grc' dir='ltr'><strong>καὶ</strong></span> <span class='ocrx_word' id='word_1_15' title='bbox 2821 444 2881 515; x_wconf 81' lang='grc' dir='ltr'><strong>ὲξ</strong></span> <span class='ocrx_word' id='word_1_16' title='bbox 2906 444 3154 518; x_wconf 80' lang='grc' dir='ltr'><strong>ἀνάγκης</strong></span> <span class='ocrx_word' id='word_1_17' title='bbox 3188 447 3575 522; x_wconf 64' lang='grc' dir='ltr'>σωφρονῶμεν,</span> <span class='ocrx_word' id='word_1_18' title='bbox 3598 448 3712 504; x_wconf 84' lang='grc' dir='ltr'>ἀλλ’</span> <span class='ocrx_word' id='word_1_19' title='bbox 3739 453 3804 505; x_wconf 83' lang='grc' dir='ltr'><strong>οὐ</strong></span> 
     </span>
    </p>
   </div>
   <div class='ocr_carea' id='block_1_6' title="bbox 545 523 2117 609">
    <p class='ocr_par' dir='ltr' id='par_1_6' title="bbox 545 523 2117 609">
     <span class='ocr_line' id='line_1_6' title="bbox 545 523 2117 609; baseline 0.01 -29"><span class='ocrx_word' id='word_1_20' title='bbox 545 523 797 594; x_wconf 76' lang='lat' dir='ltr'><strong>iacimus;</strong></span> <span class='ocrx_word' id='word_1_21' title='bbox 828 540 883 584; x_wconf 89' lang='lat' dir='ltr'><strong>ut</strong></span> <span class='ocrx_word' id='word_1_22' title='bbox 912 530 1279 587; x_wconf 90' lang='lat' dir='ltr'><strong>voluntarium</strong></span> <span class='ocrx_word' id='word_1_23' title='bbox 1329 535 1400 591; x_wconf 92' lang='lat' dir='ltr'><strong>sit</strong></span> <span class='ocrx_word' id='word_1_24' title='bbox 1447 537 1593 607; x_wconf 89' lang='lat' dir='ltr'><strong>quod</strong></span> <span class='ocrx_word' id='word_1_25' title='bbox 1637 536 1716 593; x_wconf 84' lang='lat' dir='ltr'><strong>lit.</strong></span> <span class='ocrx_word' id='word_1_26' title='bbox 1747 536 1900 594; x_wconf 85' lang='lat' dir='ltr'><strong>Viam</strong></span> <span class='ocrx_word' id='word_1_27' title='bbox 1931 540 2117 609; x_wconf 93' lang='lat' dir='ltr'><strong>igitur,</strong></span> 
     </span>
    </p>
   </div>
   <div class='ocr_carea' id='block_1_7' title="bbox 543 619 2119 701">
    <p class='ocr_par' dir='ltr' id='par_1_7' title="bbox 543 619 2119 701">
     <span class='ocr_line' id='line_1_7' title="bbox 543 619 2119 701; baseline 0.009 -29"><span class='ocrx_word' id='word_1_28' title='bbox 543 624 605 673; x_wconf 81' lang='lat' dir='ltr'><strong>ut</strong></span> <span class='ocrx_word' id='word_1_29' title='bbox 632 619 705 673; x_wconf 91' lang='lat' dir='ltr'><strong>ita</strong></span> <span class='ocrx_word' id='word_1_30' title='bbox 737 620 934 686; x_wconf 86' lang='lat' dir='ltr'><strong>dicam,</strong></span> <span class='ocrx_word' id='word_1_31' title='bbox 968 622 1161 690; x_wconf 78' lang='lat' dir='ltr'><strong>quaerit</strong></span> <span class='ocrx_word' id='word_1_32' title='bbox 1199 639 1307 694; x_wconf 88' lang='lat' dir='ltr'><strong>qua</strong></span> <span class='ocrx_word' id='word_1_33' title='bbox 1338 627 1640 683; x_wconf 76' lang='lat' dir='ltr'><strong>voluntarie</strong></span> <span class='ocrx_word' id='word_1_34' title='bbox 1680 627 1948 686; x_wconf 78' lang='lat' dir='ltr'><strong>faciamus</strong></span> <span class='ocrx_word' id='word_1_35' title='bbox 1995 646 2119 701; x_wconf 56' lang='lat' dir='ltr'><strong>qua</strong></span> 
     </span>
    </p>
   </div>
   <div class='ocr_carea' id='block_1_8' title="bbox 542 709 2118 789">
    <p class='ocr_par' dir='ltr' id='par_1_8' title="bbox 542 709 2118 789">
     <span class='ocr_line' id='line_1_8' title="bbox 542 709 2118 789; baseline 0.008 -24"><span class='ocrx_word' id='word_1_36' title='bbox 542 711 676 765; x_wconf 82' lang='lat' dir='ltr'><strong>vult.</strong></span> <span class='ocrx_word' id='word_1_37' title='bbox 706 709 945 766; x_wconf 84' lang='lat' dir='ltr'><strong>Addebat</strong></span> <span class='ocrx_word' id='word_1_38' title='bbox 969 712 1084 768; x_wconf 64' lang='lat' dir='ltr'><strong>haec</strong></span> <span class='ocrx_word' id='word_1_39' title='bbox 1112 715 1329 772; x_wconf 80' lang='lat' dir='ltr'><strong>traditio</strong></span> <span class='ocrx_word' id='word_1_40' title='bbox 1360 718 1639 788; x_wconf 83' lang='lat' dir='ltr'><strong>quidpiam</strong></span> <span class='ocrx_word' id='word_1_41' title='bbox 1670 719 1939 789; x_wconf 84' lang='lat' dir='ltr'><strong>ejusmodi</strong></span> <span class='ocrx_word' id='word_1_42' title='bbox 1967 738 1980 774; x_wconf 91' lang='lat'><strong>:</strong></span> <span class='ocrx_word' id='word_1_43' title='bbox 2023 736 2118 777; x_wconf 82' lang='lat' dir='ltr'><strong>vo-</strong></span> 
     </span>
    </p>
   </div>
   <div class='ocr_carea' id='block_1_9' title="bbox 541 799 2118 880">
    <p class='ocr_par' dir='ltr' id='par_1_9' title="bbox 541 799 2118 880">
     <span class='ocr_line' id='line_1_9' title="bbox 541 799 2118 880; baseline 0.008 -26"><span class='ocrx_word' id='word_1_44' title='bbox 541 799 683 855; x_wconf 83' lang='lat' dir='ltr'><strong>lebat</strong></span> <span class='ocrx_word' id='word_1_45' title='bbox 704 799 996 857; x_wconf 79' lang='lat' dir='ltr'><strong>Jeremiam</strong></span> <span class='ocrx_word' id='word_1_46' title='bbox 1027 804 1242 861; x_wconf 83' lang='lat' dir='ltr'><strong>mittere</strong></span> <span class='ocrx_word' id='word_1_47' title='bbox 1264 814 1324 861; x_wconf 91' lang='lat' dir='ltr'><strong>ut</strong></span> <span class='ocrx_word' id='word_1_48' title='bbox 1350 810 1606 866; x_wconf 79' lang='lat' dir='ltr'><strong>omnibus</strong></span> <span class='ocrx_word' id='word_1_49' title='bbox 1627 811 1900 880; x_wconf 79' lang='lat' dir='ltr'><strong>gentibus,</strong></span> <span class='ocrx_word' id='word_1_50' title='bbox 1918 819 1969 866; x_wconf 90' lang='lat' dir='ltr'><strong>et</strong></span> <span class='ocrx_word' id='word_1_51' title='bbox 1993 820 2118 866; x_wconf 89' lang='lat' dir='ltr'><strong>ante</strong></span> 
     </span>
    </p>
   </div>
   <div class='ocr_carea' id='block_1_10' title="bbox 537 896 2120 969">
    <p class='ocr_par' dir='ltr' id='par_1_10' title="bbox 537 896 2120 969">
     <span class='ocr_line' id='line_1_10' title="bbox 537 896 2120 969; baseline 0.006 -24"><span class='ocrx_word' id='word_1_52' title='bbox 537 905 727 946; x_wconf 84' lang='lat' dir='ltr'><strong>omnes</strong></span> <span class='ocrx_word' id='word_1_53' title='bbox 757 900 947 962; x_wconf 81' lang='lat' dir='ltr'><strong>gentes</strong></span> <span class='ocrx_word' id='word_1_54' title='bbox 976 896 1177 965; x_wconf 88' lang='lat' dir='ltr'><strong>p0pulo</strong></span> <span class='ocrx_word' id='word_1_55' title='bbox 1209 912 1312 952; x_wconf 90' lang='lat' dir='ltr'><strong>suo</strong></span> <span class='ocrx_word' id='word_1_56' title='bbox 1337 901 1701 969; x_wconf 74' lang='lat' dir='ltr'><strong>prophetat-et.</strong></span> <span class='ocrx_word' id='word_1_57' title='bbox 1730 901 1799 955; x_wconf 88' lang='lat' dir='ltr'><strong>At</strong></span> <span class='ocrx_word' id='word_1_58' title='bbox 1830 917 1953 957; x_wconf 83' lang='lat' dir='ltr'><strong>eum</strong></span> <span class='ocrx_word' id='word_1_59' title='bbox 1987 901 2120 955; x_wconf 87' lang='lat' dir='ltr'><strong>vati-</strong></span> 
     </span>
    </p>
   </div>
   <div class='ocr_carea' id='block_1_11' title="bbox 534 981 2117 1062">
    <p class='ocr_par' dir='ltr' id='par_1_11' title="bbox 534 981 2117 1062">
     <span class='ocr_line' id='line_1_11' title="bbox 534 981 2117 1062; baseline 0.006 -26"><span class='ocrx_word' id='word_1_60' title='bbox 534 981 676 1037; x_wconf 88' lang='lat' dir='ltr'><strong>cinia</strong></span> <span class='ocrx_word' id='word_1_61' title='bbox 720 984 877 1038; x_wconf 82' lang='lat' dir='ltr'><strong>triste</strong></span> <span class='ocrx_word' id='word_1_62' title='bbox 903 985 1164 1055; x_wconf 81' lang='lat' dir='ltr'><strong>quiddam</strong></span> <span class='ocrx_word' id='word_1_63' title='bbox 1194 987 1366 1060; x_wconf 60' lang='grc'><strong>264</strong></span> <span class='ocrx_word' id='word_1_64' title='bbox 1389 989 1441 1055; x_wconf 90' lang='lat' dir='ltr'><strong>in</strong></span> <span class='ocrx_word' id='word_1_65' title='bbox 1474 1005 1533 1044; x_wconf 86' lang='lat' dir='ltr'><strong>se</strong></span> <span class='ocrx_word' id='word_1_66' title='bbox 1562 990 1827 1046; x_wconf 83' lang='lat' dir='ltr'><strong>haberent</strong></span> <span class='ocrx_word' id='word_1_67' title='bbox 1855 992 1873 1062; x_wconf 93' lang='lat'><strong>(</strong></span> <span class='ocrx_word' id='word_1_68' title='bbox 1898 992 2117 1045; x_wconf 88' lang='lat' dir='ltr'><strong>nuntia-</strong></span> 
     </span>
    </p>
   </div>
   <div class='ocr_carea' id='block_1_12' title="bbox 535 1070 2114 1152">
    <p class='ocr_par' dir='ltr' id='par_1_12' title="bbox 535 1070 2114 1152">
     <span class='ocr_line' id='line_1_12' title="bbox 535 1070 2114 1152; baseline 0.008 -28"><span class='ocrx_word' id='word_1_69' title='bbox 535 1070 666 1125; x_wconf 83' lang='lat' dir='ltr'><strong>bant</strong></span> <span class='ocrx_word' id='word_1_70' title='bbox 690 1073 893 1144; x_wconf 88' lang='lat' dir='ltr'><strong>quippe</strong></span> <span class='ocrx_word' id='word_1_71' title='bbox 934 1076 1200 1146; x_wconf 89' lang='lat' dir='ltr'><strong>supplicia</strong></span> <span class='ocrx_word' id='word_1_72' title='bbox 1233 1093 1355 1149; x_wconf 64' lang='lat' dir='ltr'><strong>quae</strong></span> <span class='ocrx_word' id='word_1_73' title='bbox 1380 1081 1614 1151; x_wconf 87' lang='lat' dir='ltr'><strong>quisque</strong></span> <span class='ocrx_word' id='word_1_74' title='bbox 1649 1098 1749 1152; x_wconf 88' lang='lat' dir='ltr'><strong>pro</strong></span> <span class='ocrx_word' id='word_1_75' title='bbox 1796 1082 1991 1137; x_wconf 89' lang='lat' dir='ltr'><strong>merito</strong></span> <span class='ocrx_word' id='word_1_76' title='bbox 2022 1098 2114 1136; x_wconf 90' lang='lat' dir='ltr'><strong>su-</strong></span> 
     </span>
    </p>
   </div>
   <div class='ocr_carea' id='block_1_13' title="bbox 532 1161 2112 1244">
    <p class='ocr_par' dir='ltr' id='par_1_13' title="bbox 532 1161 2112 1244">
     <span class='ocr_line' id='line_1_13' title="bbox 532 1161 2112 1244; baseline 0.01 -28"><span class='ocrx_word' id='word_1_77' title='bbox 532 1161 796 1235; x_wconf 79' lang='lat' dir='ltr'><strong>stinebit)</strong></span> <span class='ocrx_word' id='word_1_78' title='bbox 848 1165 1120 1236; x_wconf 89' lang='lat' dir='ltr'><strong>sciretque</strong></span> <span class='ocrx_word' id='word_1_79' title='bbox 1167 1170 1445 1239; x_wconf 71' lang='lat' dir='ltr'><strong>prophetae</strong></span> <span class='ocrx_word' id='word_1_80' title='bbox 1496 1174 1836 1244; x_wconf 89' lang='lat' dir='ltr'><strong>pr0positum</strong></span> <span class='ocrx_word' id='word_1_81' title='bbox 1873 1176 2112 1232; x_wconf 75' lang='lat' dir='ltr'><strong>nolentis</strong></span> 
     </span>
    </p>
   </div>
   <div class='ocr_carea' id='block_1_14' title="bbox 533 1254 2111 1338">
    <p class='ocr_par' dir='ltr' id='par_1_14' title="bbox 533 1254 2111 1338">
     <span class='ocr_line' id='line_1_14' title="bbox 533 1254 2111 1338; baseline 0.011 -31"><span class='ocrx_word' id='word_1_82' title='bbox 533 1254 681 1334; x_wconf 21' lang='lat' dir='ltr'><strong>mala.</strong></span> <span class='ocrx_word' id='word_1_83' title='bbox 715 1257 969 1314; x_wconf 89' lang='lat' dir='ltr'><strong>nuntiare</strong></span> <span class='ocrx_word' id='word_1_84' title='bbox 1010 1260 1313 1317; x_wconf 81' lang='lat' dir='ltr'><strong>Israelitico</strong></span> <span class='ocrx_word' id='word_1_85' title='bbox 1356 1264 1591 1334; x_wconf 89' lang='lat' dir='ltr'><strong>populo;</strong></span> <span class='ocrx_word' id='word_1_86' title='bbox 1625 1266 1829 1321; x_wconf 87' lang='lat' dir='ltr'><strong>idcirco</strong></span> <span class='ocrx_word' id='word_1_87' title='bbox 1861 1284 1956 1338; x_wconf 89' lang='lat' dir='ltr'><strong>per</strong></span> <span class='ocrx_word' id='word_1_88' title='bbox 1993 1268 2111 1324; x_wconf 87' lang='lat' dir='ltr'><strong>dis-</strong></span> 
     </span>
    </p>
   </div>
   <div class='ocr_carea' id='block_1_15' title="bbox 531 1347 2112 1430">
    <p class='ocr_par' dir='ltr' id='par_1_15' title="bbox 531 1347 2112 1430">
     <span class='ocr_line' id='line_1_15' title="bbox 531 1347 2112 1430; baseline 0.013 -33"><span class='ocrx_word' id='word_1_89' title='bbox 531 1347 903 1414; x_wconf 82' lang='lat' dir='ltr'><strong>pensationem</strong></span> <span class='ocrx_word' id='word_1_90' title='bbox 937 1350 1137 1405; x_wconf 73' lang='lat' dir='ltr'><strong>dixit“</strong></span> <span class='ocrx_word' id='word_1_91' title='bbox 1166 1370 1178 1405; x_wconf 92' lang='lat'>:</span> <span class='ocrx_word' id='word_1_92' title='bbox 1215 1350 1374 1408; x_wconf 84' lang='lat' dir='ltr'><strong>Sume</strong></span> <span class='ocrx_word' id='word_1_93' title='bbox 1401 1355 1618 1411; x_wconf 81' lang='lat' dir='ltr'><strong>calicem</strong></span> <span class='ocrx_word' id='word_1_94' title='bbox 1640 1354 1799 1426; x_wconf 82' lang='lat' dir='ltr'><strong>hunc,</strong></span> <span class='ocrx_word' id='word_1_95' title='bbox 1827 1369 1876 1414; x_wconf 86' lang='lat' dir='ltr'><strong>et</strong></span> <span class='ocrx_word' id='word_1_96' title='bbox 1904 1362 2112 1430; x_wconf 76' lang='lat' dir='ltr'><strong>potabis</strong></span> 
     </span>
    </p>
   </div>
   <div class='ocr_carea' id='block_1_16' title="bbox 529 1442 2112 1522">
    <p class='ocr_par' dir='ltr' id='par_1_16' title="bbox 529 1442 2112 1522">
     <span class='ocr_line' id='line_1_16' title="bbox 529 1442 2112 1522; baseline 0.011 -34"><span class='ocrx_word' id='word_1_97' title='bbox 529 1452 706 1492; x_wconf 84' lang='lat' dir='ltr'><strong>omnes</strong></span> <span class='ocrx_word' id='word_1_98' title='bbox 733 1447 909 1509; x_wconf 84' lang='lat' dir='ltr'><strong>gentes</strong></span> <span class='ocrx_word' id='word_1_99' title='bbox 942 1442 1011 1496; x_wconf 86' lang='lat' dir='ltr'><strong>ad</strong></span> <span class='ocrx_word' id='word_1_100' title='bbox 1034 1460 1167 1514; x_wconf 83' lang='lat' dir='ltr'><strong>quas</strong></span> <span class='ocrx_word' id='word_1_101' title='bbox 1190 1463 1284 1517; x_wconf 85' lang='lat' dir='ltr'><strong>ego</strong></span> <span class='ocrx_word' id='word_1_102' title='bbox 1315 1448 1526 1502; x_wconf 78' lang='lat' dir='ltr'><strong>mittant</strong></span> <span class='ocrx_word' id='word_1_103' title='bbox 1563 1458 1629 1504; x_wconf 83' lang='lat' dir='ltr'><strong>te.</strong></span> <span class='ocrx_word' id='word_1_104' title='bbox 1659 1448 1922 1522; x_wconf 72' lang='lat' dir='ltr'><strong>Praecepit</strong></span> <span class='ocrx_word' id='word_1_105' title='bbox 1951 1453 2112 1522; x_wconf 83' lang='lat' dir='ltr'><strong>igitur</strong></span> 
     </span>
    </p>
   </div>
   <div class='ocr_carea' id='block_1_17' title="bbox 529 1526 2105 1612">
    <p class='ocr_par' dir='ltr' id='par_1_17' title="bbox 529 1526 2105 1612">
     <span class='ocr_line' id='line_1_17' title="bbox 529 1526 2105 1612; baseline 0.01 -31"><span class='ocrx_word' id='word_1_106' title='bbox 529 1526 675 1584; x_wconf 89' lang='lat' dir='ltr'><strong>Deus</strong></span> <span class='ocrx_word' id='word_1_107' title='bbox 698 1527 946 1587; x_wconf 73' lang='lat' dir='ltr'><strong>leremiae</strong></span> <span class='ocrx_word' id='word_1_108' title='bbox 974 1542 1031 1588; x_wconf 90' lang='lat' dir='ltr'><strong>ut</strong></span> <span class='ocrx_word' id='word_1_109' title='bbox 1060 1536 1282 1593; x_wconf 85' lang='lat' dir='ltr'><strong>calicem</strong></span> <span class='ocrx_word' id='word_1_110' title='bbox 1315 1548 1578 1607; x_wconf 86' lang='lat' dir='ltr'><strong>sumeret,</strong></span> <span class='ocrx_word' id='word_1_111' title='bbox 1597 1556 1831 1612; x_wconf 89' lang='lat' dir='ltr'><strong>cumque</strong></span> <span class='ocrx_word' id='word_1_112' title='bbox 1859 1541 2105 1597; x_wconf 81' lang='lat' dir='ltr'><strong>hOrtarc-</strong></span> 
     </span>
    </p>
   </div>
   <div class='ocr_carea' id='block_1_18' title="bbox 528 1626 2111 1704">
    <p class='ocr_par' dir='ltr' id='par_1_18' title="bbox 528 1626 2111 1704">
     <span class='ocr_line' id='line_1_18' title="bbox 528 1626 2111 1704; baseline 0.013 -32"><span class='ocrx_word' id='word_1_113' title='bbox 528 1628 622 1673; x_wconf 85' lang='lat' dir='ltr'><strong>tur</strong></span> <span class='ocrx_word' id='word_1_114' title='bbox 666 1635 795 1675; x_wconf 84' lang='lat' dir='ltr'><strong>eum</strong></span> <span class='ocrx_word' id='word_1_115' title='bbox 828 1632 888 1678; x_wconf 88' lang='lat' dir='ltr'><strong>ut</strong></span> <span class='ocrx_word' id='word_1_116' title='bbox 928 1626 1155 1682; x_wconf 84' lang='lat' dir='ltr'><strong>calicem</strong></span> <span class='ocrx_word' id='word_1_117' title='bbox 1201 1630 1316 1685; x_wconf 84' lang='lat' dir='ltr'><strong>vini</strong></span> <span class='ocrx_word' id='word_1_118' title='bbox 1350 1632 1474 1701; x_wconf 89' lang='lat' dir='ltr'><strong>puri</strong></span> <span class='ocrx_word' id='word_1_119' title='bbox 1500 1633 1792 1704; x_wconf 86' lang='lat' dir='ltr'><strong>acciperet,</strong></span> <span class='ocrx_word' id='word_1_120' title='bbox 1823 1634 1963 1690; x_wconf 78' lang='lat' dir='ltr'><strong>dixit</strong></span> <span class='ocrx_word' id='word_1_121' title='bbox 1994 1653 2007 1692; x_wconf 88' lang='lat'><strong>:</strong></span> <span class='ocrx_word' id='word_1_122' title='bbox 2044 1636 2111 1693; x_wconf 90' lang='lat' dir='ltr'><strong>Et</strong></span> 
     </span>
    </p>
   </div>
   <div class='ocr_carea' id='block_1_19' title="bbox 529 1711 2109 1792">
    <p class='ocr_par' dir='ltr' id='par_1_19' title="bbox 529 1711 2109 1792">
     <span class='ocr_line' id='line_1_19' title="bbox 529 1711 2109 1792; baseline 0.012 -28"><span class='ocrx_word' id='word_1_123' title='bbox 529 1711 740 1768; x_wconf 86' lang='lat' dir='ltr'><strong>mittam</strong></span> <span class='ocrx_word' id='word_1_124' title='bbox 788 1724 840 1769; x_wconf 91' lang='lat' dir='ltr'><strong>te</strong></span> <span class='ocrx_word' id='word_1_125' title='bbox 884 1717 948 1770; x_wconf 86' lang='lat' dir='ltr'><strong>ad</strong></span> <span class='ocrx_word' id='word_1_126' title='bbox 985 1732 1176 1775; x_wconf 89' lang='lat' dir='ltr'><strong>omnes</strong></span> <span class='ocrx_word' id='word_1_127' title='bbox 1223 1730 1431 1792; x_wconf 84' lang='lat' dir='ltr'><strong>gentes,</strong></span> <span class='ocrx_word' id='word_1_128' title='bbox 1478 1723 1767 1779; x_wconf 83' lang='lat' dir='ltr'><strong>habentem</strong></span> <span class='ocrx_word' id='word_1_129' title='bbox 1804 1725 1949 1782; x_wconf 90' lang='lat' dir='ltr'><strong>hunc</strong></span> <span class='ocrx_word' id='word_1_130' title='bbox 1983 1729 2109 1783; x_wconf 86' lang='lat' dir='ltr'><strong>cali-</strong></span> 
     </span>
    </p>
   </div>
   <div class='ocr_carea' id='block_1_20' title="bbox 2223 535 3805 615">
    <p class='ocr_par' dir='ltr' id='par_1_20' title="bbox 2223 535 3805 615">
     <span class='ocr_line' id='line_1_20' title="bbox 2223 535 3805 615; baseline 0.008 -28"><span class='ocrx_word' id='word_1_131' title='bbox 2223 535 2541 608; x_wconf 81' lang='grc' dir='ltr'>βεϐούληται</span> <span class='ocrx_word' id='word_1_132' title='bbox 2558 553 2571 565; x_wconf 78' lang='grc'><strong><em>⁸</em></strong></span> <span class='ocrx_word' id='word_1_133' title='bbox 2600 536 2679 590; x_wconf 78' lang='grc' dir='ltr'><strong>διὸ</strong></span> <span class='ocrx_word' id='word_1_134' title='bbox 2723 536 2800 609; x_wconf 84' lang='grc' dir='ltr'>μὴ</span> <span class='ocrx_word' id='word_1_135' title='bbox 2825 536 2888 592; x_wconf 76' lang='grc' dir='ltr'>ἐκ</span> <span class='ocrx_word' id='word_1_136' title='bbox 2913 537 3088 612; x_wconf 84' lang='grc' dir='ltr'>λύπης</span> <span class='ocrx_word' id='word_1_137' title='bbox 3111 539 3144 610; x_wconf 84' lang='grc' dir='ltr'>ἢ</span> <span class='ocrx_word' id='word_1_138' title='bbox 3175 539 3233 607; x_wconf 74' lang='grc' dir='ltr'>ἐξ</span> <span class='ocrx_word' id='word_1_139' title='bbox 3258 540 3501 614; x_wconf 83' lang='grc' dir='ltr'><strong>ἀνάγκης</strong></span> <span class='ocrx_word' id='word_1_140' title='bbox 3529 544 3805 615; x_wconf 75' lang='grc' dir='ltr'>προστάσο</span> 
     </span>
    </p>
   </div>
   <div class='ocr_carea' id='block_1_21' title="bbox 2223 628 3804 708">
    <p class='ocr_par' dir='ltr' id='par_1_21' title="bbox 2223 628 3804 708">
     <span class='ocr_line' id='line_1_21' title="bbox 2223 628 3804 708; baseline 0.008 -28"><span class='ocrx_word' id='word_1_141' title='bbox 2223 644 2302 680; x_wconf 86' lang='grc' dir='ltr'><strong>σει</strong></span> <span class='ocrx_word' id='word_1_142' title='bbox 2336 628 2465 699; x_wconf 78' lang='grc' dir='ltr'>ἡμῖν</span> <span class='ocrx_word' id='word_1_143' title='bbox 2493 633 2665 682; x_wconf 79' lang='grc' dir='ltr'>ποιεῖν</span> <span class='ocrx_word' id='word_1_144' title='bbox 2694 628 3028 701; x_wconf 79' lang='grc' dir='ltr'>ἃποιοῦμεν,</span> <span class='ocrx_word' id='word_1_145' title='bbox 3064 631 3151 686; x_wconf 76' lang='grc' dir='ltr'><strong>ἴνα</strong></span> <span class='ocrx_word' id='word_1_146' title='bbox 3188 632 3434 687; x_wconf 81' lang='grc' dir='ltr'>ἑκούσιον</span> <span class='ocrx_word' id='word_1_147' title='bbox 3549 635 3612 690; x_wconf 74' lang='grc' dir='ltr'>τὸ</span> <span class='ocrx_word' id='word_1_148' title='bbox 3653 637 3804 705; x_wconf 80' lang='grc' dir='ltr'>γινό-</span> 
     </span>
    </p>
   </div>
   <div class='ocr_carea' id='block_1_22' title="bbox 2224 714 3803 795">
    <p class='ocr_par' dir='ltr' id='par_1_22' title="bbox 2224 714 3803 795">
     <span class='ocr_line' id='line_1_22' title="bbox 2224 714 3803 795; baseline 0.007 -26"><span class='ocrx_word' id='word_1_149' title='bbox 2224 733 2402 787; x_wconf 81' lang='grc' dir='ltr'>μενον.</span> <span class='ocrx_word' id='word_1_150' title='bbox 2443 718 2589 771; x_wconf 81' lang='grc' dir='ltr'>Ὀδὸν</span> <span class='ocrx_word' id='word_1_151' title='bbox 2633 714 2747 784; x_wconf 77' lang='grc' dir='ltr'>οὖν,</span> <span class='ocrx_word' id='word_1_152' title='bbox 2792 720 2880 774; x_wconf 78' lang='grc' dir='ltr'><strong>ἵνα</strong></span> <span class='ocrx_word' id='word_1_153' title='bbox 2926 719 3098 786; x_wconf 72' lang='grc' dir='ltr'>οὕτως</span> <span class='ocrx_word' id='word_1_154' title='bbox 3144 721 3307 787; x_wconf 78' lang='grc' dir='ltr'>εἴπω,</span> <span class='ocrx_word' id='word_1_155' title='bbox 3350 723 3523 795; x_wconf 79' lang='grc' dir='ltr'>ζητεῖ,</span> <span class='ocrx_word' id='word_1_156' title='bbox 3577 728 3694 792; x_wconf 84' lang='grc' dir='ltr'>πῶς</span> <span class='ocrx_word' id='word_1_157' title='bbox 3735 728 3803 784; x_wconf 81' lang='grc' dir='ltr'>ἂν</span> 
     </span>
    </p>
   </div>
   <div class='ocr_carea' id='block_1_23' title="bbox 2219 806 3803 882">
    <p class='ocr_par' dir='ltr' id='par_1_23' title="bbox 2219 806 3803 882">
     <span class='ocr_line' id='line_1_23' title="bbox 2219 806 3803 882; baseline 0.007 -24"><span class='ocrx_word' id='word_1_158' title='bbox 2219 806 2478 870; x_wconf 75' lang='grc' dir='ltr'><strong>ἑκουσίως</strong></span> <span class='ocrx_word' id='word_1_159' title='bbox 2519 825 2602 872; x_wconf 88' lang='grc' dir='ltr'><strong>τις</strong></span> <span class='ocrx_word' id='word_1_160' title='bbox 2638 809 2863 880; x_wconf 80' lang='grc' dir='ltr'>ποιήσαι</span> <span class='ocrx_word' id='word_1_161' title='bbox 2904 807 2940 862; x_wconf 80' lang='grc' dir='ltr'><strong>ἀ</strong></span> <span class='ocrx_word' id='word_1_162' title='bbox 2962 808 3143 873; x_wconf 82' lang='grc' dir='ltr'>όΘεδς</span> <span class='ocrx_word' id='word_1_163' title='bbox 3177 808 3680 882; x_wconf 82' lang='grc' dir='ltr'>βούλεται.Ἕλεγεν</span> <span class='ocrx_word' id='word_1_164' title='bbox 3706 812 3803 869; x_wconf 72' lang='grc' dir='ltr'><strong>οὖν</strong></span> 
     </span>
    </p>
   </div>
   <div class='ocr_carea' id='block_1_24' title="bbox 2222 898 3803 971">
    <p class='ocr_par' dir='ltr' id='par_1_24' title="bbox 2222 898 3803 971">
     <span class='ocr_line' id='line_1_24' title="bbox 2222 898 3803 971; baseline 0.007 -21"><span class='ocrx_word' id='word_1_165' title='bbox 2222 916 2312 970; x_wconf 87' lang='grc' dir='ltr'><strong>μοι</strong></span> <span class='ocrx_word' id='word_1_166' title='bbox 2343 900 2437 952; x_wconf 75' lang='grc' dir='ltr'><strong>καὶ</strong></span> <span class='ocrx_word' id='word_1_167' title='bbox 2481 900 2515 971; x_wconf 81' lang='grc' dir='ltr'>ἡ</span> <span class='ocrx_word' id='word_1_168' title='bbox 2556 900 2851 971; x_wconf 73' lang='grc' dir='ltr'>παράδοσις</span> <span class='ocrx_word' id='word_1_169' title='bbox 2879 898 3116 955; x_wconf 88' lang='grc' dir='ltr'>τοιοῦτόν</span> <span class='ocrx_word' id='word_1_170' title='bbox 3142 918 3226 954; x_wconf 73' lang='grc' dir='ltr'>τιο</span> <span class='ocrx_word' id='word_1_171' title='bbox 3264 902 3550 957; x_wconf 83' lang='grc' dir='ltr'>Ἐϐούλετο</span> <span class='ocrx_word' id='word_1_172' title='bbox 3575 905 3667 959; x_wconf 82' lang='grc' dir='ltr'><strong>τὸν</strong></span> <span class='ocrx_word' id='word_1_173' title='bbox 3703 905 3803 960; x_wconf 77' lang='grc' dir='ltr'><strong>Ἰε-</strong></span> 
     </span>
    </p>
   </div>
   <div class='ocr_carea' id='block_1_25' title="bbox 2222 984 3803 1065">
    <p class='ocr_par' dir='ltr' id='par_1_25' title="bbox 2222 984 3803 1065">
     <span class='ocr_line' id='line_1_25' title="bbox 2222 984 3803 1065; baseline 0.006 -24"><span class='ocrx_word' id='word_1_174' title='bbox 2222 990 2413 1060; x_wconf 77' lang='grc' dir='ltr'>ρεμίαν</span> <span class='ocrx_word' id='word_1_175' title='bbox 2451 984 2666 1060; x_wconf 70' lang='grc' dir='ltr'>πέμψαι</span> <span class='ocrx_word' id='word_1_176' title='bbox 2699 990 3142 1062; x_wconf 74' lang='grc' dir='ltr'>πριφητεύσοντα</span> <span class='ocrx_word' id='word_1_177' title='bbox 3170 993 3305 1046; x_wconf 79' lang='grc' dir='ltr'>πᾶσι</span> <span class='ocrx_word' id='word_1_178' title='bbox 3331 998 3444 1058; x_wconf 85' lang='grc' dir='ltr'>τοῖς</span> <span class='ocrx_word' id='word_1_179' title='bbox 3469 993 3671 1065; x_wconf 74' lang='grc' dir='ltr'>ἔθνεσι,</span> <span class='ocrx_word' id='word_1_180' title='bbox 3704 998 3803 1051; x_wconf 59' lang='grc' dir='ltr'><strong>καί⁵</strong></span> 
     </span>
    </p>
   </div>
   <div class='ocr_carea' id='block_1_26' title="bbox 2217 1079 3800 1161">
    <p class='ocr_par' dir='ltr' id='par_1_26' title="bbox 2217 1079 3800 1161">
     <span class='ocr_line' id='line_1_26' title="bbox 2217 1079 3800 1161; baseline 0.007 -30"><span class='ocrx_word' id='word_1_181' title='bbox 2217 1079 2323 1150; x_wconf 73' lang='grc' dir='ltr'>πρὸ</span> <span class='ocrx_word' id='word_1_182' title='bbox 2353 1080 2569 1133; x_wconf 85' lang='grc' dir='ltr'>πάντων</span> <span class='ocrx_word' id='word_1_183' title='bbox 2598 1080 2707 1133; x_wconf 78' lang='grc' dir='ltr'><strong>τῶν</strong></span> <span class='ocrx_word' id='word_1_184' title='bbox 2747 1080 2914 1133; x_wconf 81' lang='grc' dir='ltr'>ἐθνῶν</span> <span class='ocrx_word' id='word_1_185' title='bbox 2943 1080 3021 1151; x_wconf 81' lang='grc' dir='ltr'>τῷ</span> <span class='ocrx_word' id='word_1_186' title='bbox 3049 1081 3185 1153; x_wconf 80' lang='grc' dir='ltr'>λαῷ.</span> <span class='ocrx_word' id='word_1_187' title='bbox 3205 1084 3358 1138; x_wconf 70' lang='grc' dir='ltr'>Ἐπεὶ</span> <span class='ocrx_word' id='word_1_188' title='bbox 3387 1084 3444 1137; x_wconf 83' lang='grc' dir='ltr'><strong>δὲ</strong></span> <span class='ocrx_word' id='word_1_189' title='bbox 3487 1087 3555 1141; x_wconf 79' lang='grc' dir='ltr'>αἱ,</span> <span class='ocrx_word' id='word_1_190' title='bbox 3590 1104 3800 1161; x_wconf 80' lang='grc' dir='ltr'>προφη-</span> 
     </span>
    </p>
   </div>
   <div class='ocr_carea' id='block_1_27' title="bbox 2215 1167 3800 1250">
    <p class='ocr_par' dir='ltr' id='par_1_27' title="bbox 2215 1167 3800 1250">
     <span class='ocr_line' id='line_1_27' title="bbox 2215 1167 3800 1250; baseline 0.007 -29"><span class='ocrx_word' id='word_1_191' title='bbox 2215 1172 2356 1222; x_wconf 87' lang='grc' dir='ltr'>τεῖαι</span> <span class='ocrx_word' id='word_1_192' title='bbox 2397 1170 2846 1241; x_wconf 73' lang='grc' dir='ltr'>σκυθρωπότερον</span> <span class='ocrx_word' id='word_1_193' title='bbox 2893 1188 2945 1224; x_wconf 87' lang='grc' dir='ltr'><strong>τι</strong></span> <span class='ocrx_word' id='word_1_194' title='bbox 2991 1167 3134 1242; x_wconf 73' lang='grc' dir='ltr'>εἶχον</span> <span class='ocrx_word' id='word_1_195' title='bbox 3180 1172 3541 1246; x_wconf 81' lang='grc' dir='ltr'>(ἀπήγγελλον</span> <span class='ocrx_word' id='word_1_196' title='bbox 3567 1177 3676 1250; x_wconf 80' lang='grc' dir='ltr'><strong>γὰρ</strong></span> <span class='ocrx_word' id='word_1_197' title='bbox 3707 1195 3800 1232; x_wconf 89' lang='grc' dir='ltr'>κο-</span> 
     </span>
    </p>
   </div>
   <div class='ocr_carea' id='block_1_28' title="bbox 2214 1252 3797 1337">
    <p class='ocr_par' dir='ltr' id='par_1_28' title="bbox 2214 1252 3797 1337">
     <span class='ocr_line' id='line_1_28' title="bbox 2214 1252 3797 1337; baseline 0.006 -25"><span class='ocrx_word' id='word_1_198' title='bbox 2214 1258 2416 1325; x_wconf 85' lang='grc' dir='ltr'>λάσεις,</span> <span class='ocrx_word' id='word_1_199' title='bbox 2431 1261 2507 1324; x_wconf 80' lang='grc' dir='ltr'>ὡς</span> <span class='ocrx_word' id='word_1_200' title='bbox 2526 1254 2754 1324; x_wconf 74' lang='grc' dir='ltr'>ἕκαστος</span> <span class='ocrx_word' id='word_1_201' title='bbox 2778 1259 2917 1313; x_wconf 77' lang='grc' dir='ltr'>κατὰ</span> <span class='ocrx_word' id='word_1_202' title='bbox 2940 1252 3218 1330; x_wconf 67' lang='grc' dir='ltr'>τήνάξίαν</span> <span class='ocrx_word' id='word_1_203' title='bbox 3240 1262 3680 1337; x_wconf 73' lang='grc' dir='ltr'><strong>κολασθήσεται),</strong></span> <span class='ocrx_word' id='word_1_204' title='bbox 3702 1268 3797 1321; x_wconf 73' lang='grc' dir='ltr'><strong>καὶ</strong></span> 
     </span>
    </p>
   </div>
   <div class='ocr_carea' id='block_1_29' title="bbox 2213 1352 3795 1429">
    <p class='ocr_par' dir='ltr' id='par_1_29' title="bbox 2213 1352 3795 1429">
     <span class='ocr_line' id='line_1_29' title="bbox 2213 1352 3795 1429; baseline 0.005 -24"><span class='ocrx_word' id='word_1_205' title='bbox 2213 1352 2330 1424; x_wconf 74' lang='grc' dir='ltr'>ᾔδει</span> <span class='ocrx_word' id='word_1_206' title='bbox 2358 1353 2456 1424; x_wconf 87' lang='grc' dir='ltr'>τὴν</span> <span class='ocrx_word' id='word_1_207' title='bbox 2490 1354 2806 1426; x_wconf 89' lang='grc' dir='ltr'>προαίρεσιν</span> <span class='ocrx_word' id='word_1_208' title='bbox 2829 1353 2924 1407; x_wconf 92' lang='grc' dir='ltr'><strong>τοῦ</strong></span> <span class='ocrx_word' id='word_1_209' title='bbox 2953 1356 3235 1428; x_wconf 80' lang='grc' dir='ltr'>προφήτου</span> <span class='ocrx_word' id='word_1_210' title='bbox 3279 1355 3353 1427; x_wconf 81' lang='grc' dir='ltr'>μὴ</span> <span class='ocrx_word' id='word_1_211' title='bbox 3382 1355 3700 1429; x_wconf 74' lang='grc' dir='ltr'>βουλομένου</span> <span class='ocrx_word' id='word_1_212' title='bbox 3726 1359 3795 1413; x_wconf 87' lang='grc' dir='ltr'><strong>τά</strong></span> 
     </span>
    </p>
   </div>
   <div class='ocr_carea' id='block_1_30' title="bbox 2214 1444 3796 1520">
    <p class='ocr_par' dir='ltr' id='par_1_30' title="bbox 2214 1444 3796 1520">
     <span class='ocr_line' id='line_1_30' title="bbox 2214 1444 3796 1520; baseline 0.003 -23"><span class='ocrx_word' id='word_1_213' title='bbox 2214 1444 2433 1516; x_wconf 83' lang='grc' dir='ltr'>χείρονα</span> <span class='ocrx_word' id='word_1_214' title='bbox 2463 1445 2838 1516; x_wconf 77' lang='grc' dir='ltr'>προφητεῦσαι</span> <span class='ocrx_word' id='word_1_215' title='bbox 2856 1444 2934 1518; x_wconf 79' lang='grc' dir='ltr'>τῷ</span> <span class='ocrx_word' id='word_1_216' title='bbox 2954 1444 3069 1516; x_wconf 82' lang='grc' dir='ltr'>λαῷ</span> <span class='ocrx_word' id='word_1_217' title='bbox 3111 1446 3348 1519; x_wconf 72' lang='grc' dir='ltr'>Ἰσραήλο</span> <span class='ocrx_word' id='word_1_218' title='bbox 3378 1447 3464 1501; x_wconf 85' lang='grc' dir='ltr'><strong>διά</strong></span> <span class='ocrx_word' id='word_1_219' title='bbox 3484 1447 3640 1501; x_wconf 87' lang='grc' dir='ltr'>τοῦτο</span> <span class='ocrx_word' id='word_1_220' title='bbox 3665 1449 3796 1520; x_wconf 74' lang='grc' dir='ltr'>ᾡκο·</span> 
     </span>
    </p>
   </div>
   <div class='ocr_carea' id='block_1_31' title="bbox 2213 1534 3796 1606">
    <p class='ocr_par' dir='ltr' id='par_1_31' title="bbox 2213 1534 3796 1606">
     <span class='ocr_line' id='line_1_31' title="bbox 2213 1534 3796 1606; baseline 0.003 -17"><span class='ocrx_word' id='word_1_221' title='bbox 2213 1536 2451 1606; x_wconf 86' lang='grc' dir='ltr'>νόμησεν</span> <span class='ocrx_word' id='word_1_222' title='bbox 2489 1538 2665 1590; x_wconf 74' lang='grc' dir='ltr'>εἰπεῖν</span> <span class='ocrx_word' id='word_1_223' title='bbox 2687 1554 2700 1567; x_wconf 91' lang='grc'><strong>·</strong></span> <span class='ocrx_word' id='word_1_224' title='bbox 2738 1534 2896 1591; x_wconf 79' lang='grc' dir='ltr'>Λαϐὲ</span> <span class='ocrx_word' id='word_1_225' title='bbox 2922 1536 2989 1591; x_wconf 88' lang='grc' dir='ltr'>τὸ</span> <span class='ocrx_word' id='word_1_226' title='bbox 3016 1536 3305 1606; x_wconf 76' lang='grc' dir='ltr'>ποτήριον</span> <span class='ocrx_word' id='word_1_227' title='bbox 3327 1538 3523 1604; x_wconf 85' lang='grc' dir='ltr'>τοῦτο,</span> <span class='ocrx_word' id='word_1_228' title='bbox 3558 1540 3656 1594; x_wconf 79' lang='grc' dir='ltr'>καὶ</span> <span class='ocrx_word' id='word_1_229' title='bbox 3691 1556 3796 1594; x_wconf 84' lang='grc' dir='ltr'>πο-</span> 
     </span>
    </p>
   </div>
   <div class='ocr_carea' id='block_1_32' title="bbox 2212 1625 3797 1699">
    <p class='ocr_par' dir='ltr' id='par_1_32' title="bbox 2212 1625 3797 1699">
     <span class='ocr_line' id='line_1_32' title="bbox 2212 1625 3797 1699; baseline 0.004 -20"><span class='ocrx_word' id='word_1_230' title='bbox 2212 1625 2353 1693; x_wconf 79' lang='grc' dir='ltr'>τιεῖς</span> <span class='ocrx_word' id='word_1_231' title='bbox 2380 1625 2577 1682; x_wconf 74' lang='grc' dir='ltr'>πάντα</span> <span class='ocrx_word' id='word_1_232' title='bbox 2610 1626 2682 1682; x_wconf 81' lang='grc' dir='ltr'>τὰ</span> <span class='ocrx_word' id='word_1_233' title='bbox 2712 1629 2857 1693; x_wconf 77' lang='grc' dir='ltr'>ἔθνη</span> <span class='ocrx_word' id='word_1_234' title='bbox 2901 1628 3051 1697; x_wconf 79' lang='grc' dir='ltr'>πρὸς</span> <span class='ocrx_word' id='word_1_235' title='bbox 3082 1627 3121 1682; x_wconf 77' lang='grc' dir='ltr'><em>ἂ</em></span> <span class='ocrx_word' id='word_1_236' title='bbox 3148 1628 3262 1699; x_wconf 76' lang='grc' dir='ltr'><strong>ἐγὼ</strong></span> <span class='ocrx_word' id='word_1_237' title='bbox 3296 1628 3683 1693; x_wconf 77' lang='grc' dir='ltr'>ἐξαποστελῶ</span> <span class='ocrx_word' id='word_1_238' title='bbox 3721 1648 3797 1686; x_wconf 77' lang='grc' dir='ltr'><strong>σε</strong></span> 
     </span>
    </p>
   </div>
   <div class='ocr_carea' id='block_1_33' title="bbox 2213 1714 3797 1794">
    <p class='ocr_par' dir='ltr' id='par_1_33' title="bbox 2213 1714 3797 1794">
     <span class='ocr_line' id='line_1_33' title="bbox 2213 1714 3797 1794; baseline 0.004 -25"><span class='ocrx_word' id='word_1_239' title='bbox 2213 1716 2364 1785; x_wconf 78' lang='grc' dir='ltr'>πρὸς</span> <span class='ocrx_word' id='word_1_240' title='bbox 2393 1719 2634 1783; x_wconf 87' lang='grc' dir='ltr'>αὐτούς.</span> <span class='ocrx_word' id='word_1_241' title='bbox 2670 1717 3010 1788; x_wconf 62' lang='grc' dir='ltr'>Πῳσέταξεν</span> <span class='ocrx_word' id='word_1_242' title='bbox 3052 1714 3147 1772; x_wconf 76' lang='grc' dir='ltr'><strong>οὖν</strong></span> <span class='ocrx_word' id='word_1_243' title='bbox 3192 1721 3221 1773; x_wconf 86' lang='grc' dir='ltr'>ὁ</span> <span class='ocrx_word' id='word_1_244' title='bbox 3265 1718 3397 1783; x_wconf 82' lang='grc' dir='ltr'><strong>Θεὸς</strong></span> <span class='ocrx_word' id='word_1_245' title='bbox 3443 1719 3519 1791; x_wconf 86' lang='grc' dir='ltr'>τῷ</span> <span class='ocrx_word' id='word_1_246' title='bbox 3557 1721 3797 1794; x_wconf 68' lang='grc' dir='ltr'>Ἱερεμίᾳ.</span> 
     </span>
    </p>
   </div>
   <div class='ocr_carea' id='block_1_34' title="bbox 525 1807 2116 1881">
    <p class='ocr_par' dir='ltr' id='par_1_34' title="bbox 525 1807 2105 1878">
     <span class='ocr_line' id='line_1_34' title="bbox 525 1807 2105 1878; baseline 0.008 -15"><span class='ocrx_word' id='word_1_247' title='bbox 525 1823 647 1863; x_wconf 88' lang='lat' dir='ltr'><strong>cem</strong></span> <span class='ocrx_word' id='word_1_248' title='bbox 675 1807 799 1878; x_wconf 88' lang='lat' dir='ltr'><strong>puri</strong></span> <span class='ocrx_word' id='word_1_249' title='bbox 826 1809 956 1864; x_wconf 89' lang='lat' dir='ltr'><strong>vini.</strong></span> <span class='ocrx_word' id='word_1_250' title='bbox 984 1810 1228 1867; x_wconf 83' lang='lat' dir='ltr'><strong>Audiens</strong></span> <span class='ocrx_word' id='word_1_251' title='bbox 1260 1827 1440 1869; x_wconf 88' lang='lat' dir='ltr'><strong>autem</strong></span> <span class='ocrx_word' id='word_1_252' title='bbox 1485 1813 1752 1873; x_wconf 84' lang='lat' dir='ltr'><strong>Jeremias</strong></span> <span class='ocrx_word' id='word_1_253' title='bbox 1785 1833 1845 1874; x_wconf 90' lang='lat' dir='ltr'><strong>sc</strong></span> <span class='ocrx_word' id='word_1_254' title='bbox 1870 1821 2006 1874; x_wconf 91' lang='lat' dir='ltr'><strong>mitti</strong></span> <span class='ocrx_word' id='word_1_255' title='bbox 2041 1822 2105 1876; x_wconf 89' lang='lat' dir='ltr'><strong>ad</strong></span> 
     </span>
    </p>
   </div>
   <div class='ocr_carea' id='block_1_35' title="bbox 2206 1807 3792 1881">
    <p class='ocr_par' dir='ltr' id='par_1_35' title="bbox 2207 1808 3792 1881">
     <span class='ocr_line' id='line_1_35' title="bbox 2207 1808 3792 1881; baseline 0.003 -20"><span class='ocrx_word' id='word_1_256' title='bbox 2207 1808 2390 1863; x_wconf 86' lang='grc' dir='ltr'>λαϐεῖν</span> <span class='ocrx_word' id='word_1_257' title='bbox 2418 1810 2693 1881; x_wconf 88' lang='grc' dir='ltr'>ποτήριον,</span> <span class='ocrx_word' id='word_1_258' title='bbox 2750 1810 3191 1881; x_wconf 82' lang='grc' dir='ltr'>προτρεπόμενος</span> <span class='ocrx_word' id='word_1_259' title='bbox 3221 1811 3277 1863; x_wconf 80' lang='grc' dir='ltr'>δὲ</span> <span class='ocrx_word' id='word_1_260' title='bbox 3302 1810 3463 1865; x_wconf 80' lang='grc' dir='ltr'>αὑτὸν</span> <span class='ocrx_word' id='word_1_261' title='bbox 3487 1811 3582 1865; x_wconf 74' lang='grc' dir='ltr'><strong>ἐπὶ</strong></span> <span class='ocrx_word' id='word_1_262' title='bbox 3607 1812 3668 1865; x_wconf 85' lang='grc' dir='ltr'><strong>τὸ</strong></span> <span class='ocrx_word' id='word_1_263' title='bbox 3698 1811 3792 1865; x_wconf 82' lang='grc' dir='ltr'>λα·-</span> 
     </span>
    </p>
   </div>
   <div class='ocr_carea' id='block_1_36' title="bbox 523 1900 2116 1979">
    <p class='ocr_par' dir='ltr' id='par_1_36' title="bbox 523 1905 2106 1979">
     <span class='ocr_line' id='line_1_36' title="bbox 523 1905 2106 1979; baseline 0.009 -27"><span class='ocrx_word' id='word_1_264' title='bbox 523 1915 716 1955; x_wconf 78' lang='lat' dir='ltr'><strong>oinnes</strong></span> <span class='ocrx_word' id='word_1_265' title='bbox 748 1908 957 1970; x_wconf 79' lang='lat' dir='ltr'><strong>gentes,</strong></span> <span class='ocrx_word' id='word_1_266' title='bbox 989 1912 1049 1958; x_wconf 89' lang='lat' dir='ltr'><strong>ut</strong></span> <span class='ocrx_word' id='word_1_267' title='bbox 1076 1905 1319 1976; x_wconf 78' lang='lat' dir='ltr'><strong>porrigat</strong></span> <span class='ocrx_word' id='word_1_268' title='bbox 1343 1906 1451 1961; x_wconf 89' lang='lat' dir='ltr'><strong>illis</strong></span> <span class='ocrx_word' id='word_1_269' title='bbox 1483 1908 1710 1965; x_wconf 89' lang='lat' dir='ltr'><strong>calicem</strong></span> <span class='ocrx_word' id='word_1_270' title='bbox 1742 1911 1857 1979; x_wconf 82' lang='lat' dir='ltr'><strong>irae,</strong></span> <span class='ocrx_word' id='word_1_271' title='bbox 1883 1913 2106 1969; x_wconf 77' lang='lat' dir='ltr'><strong>calicem</strong></span> 
     </span>
    </p>
   </div>
   <div class='ocr_carea' id='block_1_37' title="bbox 2206 1900 3790 1979">
    <p class='ocr_par' dir='ltr' id='par_1_37' title="bbox 2218 1900 3790 1974">
     <span class='ocr_line' id='line_1_37' title="bbox 2218 1900 3790 1974; baseline 0.003 -21"><span class='ocrx_word' id='word_1_272' title='bbox 2218 1900 2332 1954; x_wconf 87' lang='grc' dir='ltr'>ϐεῖν</span> <span class='ocrx_word' id='word_1_273' title='bbox 2357 1900 2418 1954; x_wconf 79' lang='grc' dir='ltr'><strong>τὸ</strong></span> <span class='ocrx_word' id='word_1_274' title='bbox 2450 1902 2704 1973; x_wconf 87' lang='grc' dir='ltr'>ποτήριον</span> <span class='ocrx_word' id='word_1_275' title='bbox 2745 1900 2839 1954; x_wconf 89' lang='grc' dir='ltr'><strong>τοῦ</strong></span> <span class='ocrx_word' id='word_1_276' title='bbox 2878 1900 3020 1955; x_wconf 75' lang='grc' dir='ltr'>οἴνου</span> <span class='ocrx_word' id='word_1_277' title='bbox 3060 1901 3153 1955; x_wconf 83' lang='grc' dir='ltr'><strong>τοῦ</strong></span> <span class='ocrx_word' id='word_1_278' title='bbox 3192 1901 3452 1973; x_wconf 84' lang='grc' dir='ltr'>ἀκράτου,</span> <span class='ocrx_word' id='word_1_279' title='bbox 3477 1902 3609 1974; x_wconf 82' lang='grc' dir='ltr'>φησι</span> <span class='ocrx_word' id='word_1_280' title='bbox 3628 1920 3641 1933; x_wconf 92' lang='grc'>·</span> <span class='ocrx_word' id='word_1_281' title='bbox 3677 1902 3790 1958; x_wconf 79' lang='grc' dir='ltr'><strong>Καὶ</strong></span> 
     </span>
    </p>
   </div>
   <div class='ocr_carea' id='block_1_38' title="bbox 522 1991 2116 2074">
    <p class='ocr_par' dir='ltr' id='par_1_38' title="bbox 522 1991 2112 2074">
     <span class='ocr_line' id='line_1_38' title="bbox 522 1991 2112 2074; baseline 0.011 -31"><span class='ocrx_word' id='word_1_282' title='bbox 522 1991 944 2060; x_wconf 83' lang='lat' dir='ltr'><strong>suppliciorum,</strong></span> <span class='ocrx_word' id='word_1_283' title='bbox 971 1994 1198 2051; x_wconf 91' lang='lat' dir='ltr'><strong>minime</strong></span> <span class='ocrx_word' id='word_1_284' title='bbox 1245 1998 1560 2067; x_wconf 77' lang='lat' dir='ltr'><strong>suSpicatus</strong></span> <span class='ocrx_word' id='word_1_285' title='bbox 1601 2001 1855 2057; x_wconf 85' lang='lat' dir='ltr'><strong>lsraclem</strong></span> <span class='ocrx_word' id='word_1_286' title='bbox 1890 2018 2112 2074; x_wconf 87' lang='lat' dir='ltr'><strong>quoque</strong></span> 
     </span>
    </p>
   </div>
   <div class='ocr_carea' id='block_1_39' title="bbox 2206 1991 3786 2074">
    <p class='ocr_par' dir='ltr' id='par_1_39' title="bbox 2215 1991 3786 2067">
     <span class='ocr_line' id='line_1_39' title="bbox 2215 1991 3786 2067; baseline -0.001 -18"><span class='ocrx_word' id='word_1_287' title='bbox 2215 1993 2561 2061; x_wconf 76' lang='grc' dir='ltr'>ἐξαποστελῶ</span> <span class='ocrx_word' id='word_1_288' title='bbox 2594 2011 2653 2048; x_wconf 91' lang='grc' dir='ltr'><strong>σε</strong></span> <span class='ocrx_word' id='word_1_289' title='bbox 2676 1993 2814 2066; x_wconf 79' lang='grc' dir='ltr'>πρὸς</span> <span class='ocrx_word' id='word_1_290' title='bbox 2842 1995 3016 2048; x_wconf 89' lang='grc' dir='ltr'>πάντα</span> <span class='ocrx_word' id='word_1_291' title='bbox 3048 1996 3115 2049; x_wconf 74' lang='grc' dir='ltr'>τὰ</span> <span class='ocrx_word' id='word_1_292' title='bbox 3151 1994 3275 2067; x_wconf 75' lang='grc' dir='ltr'>ἔθνη</span> <span class='ocrx_word' id='word_1_293' title='bbox 3314 1993 3502 2065; x_wconf 77' lang='grc' dir='ltr'>ἔχοντα</span> <span class='ocrx_word' id='word_1_294' title='bbox 3544 1991 3702 2049; x_wconf 80' lang='grc' dir='ltr'>τοῦτο</span> <span class='ocrx_word' id='word_1_295' title='bbox 3723 1992 3786 2047; x_wconf 68' lang='grc' dir='ltr'>τὸ</span> 
     </span>
    </p>
   </div>
   <div class='ocr_carea' id='block_1_40' title="bbox 522 2082 2116 2165">
    <p class='ocr_par' dir='ltr' id='par_1_40' title="bbox 522 2082 2110 2165">
     <span class='ocr_line' id='line_1_40' title="bbox 522 2082 2110 2165; baseline 0.01 -30"><span class='ocrx_word' id='word_1_296' title='bbox 522 2082 591 2136; x_wconf 91' lang='lat' dir='ltr'><strong>de</strong></span> <span class='ocrx_word' id='word_1_297' title='bbox 618 2082 721 2137; x_wconf 91' lang='lat' dir='ltr'><strong>hoc</strong></span> <span class='ocrx_word' id='word_1_298' title='bbox 746 2084 916 2139; x_wconf 91' lang='lat' dir='ltr'><strong>calice</strong></span> <span class='ocrx_word' id='word_1_299' title='bbox 941 2096 1229 2154; x_wconf 61' lang='lat' dir='ltr'><strong>plenarum</strong></span> <span class='ocrx_word' id='word_1_300' title='bbox 1251 2087 1576 2157; x_wconf 83' lang='lat' dir='ltr'><strong>bibiturum,</strong></span> <span class='ocrx_word' id='word_1_301' title='bbox 1602 2092 1860 2163; x_wconf 85' lang='lat' dir='ltr'><strong>deceptus</strong></span> <span class='ocrx_word' id='word_1_302' title='bbox 1875 2097 2110 2165; x_wconf 84' lang='lat' dir='ltr'><strong>sumpsit</strong></span> 
     </span>
    </p>
   </div>
   <div class='ocr_carea' id='block_1_41' title="bbox 2206 2082 3783 2165">
    <p class='ocr_par' dir='ltr' id='par_1_41' title="bbox 2215 2084 3783 2159">
     <span class='ocr_line' id='line_1_41' title="bbox 2215 2084 3783 2159; baseline -0.001 -19"><span class='ocrx_word' id='word_1_303' title='bbox 2215 2088 2471 2158; x_wconf 88' lang='grc' dir='ltr'>ποτήριον</span> <span class='ocrx_word' id='word_1_304' title='bbox 2509 2086 2604 2140; x_wconf 84' lang='grc' dir='ltr'><strong>τοῦ</strong></span> <span class='ocrx_word' id='word_1_305' title='bbox 2638 2087 2782 2140; x_wconf 80' lang='grc' dir='ltr'>οἴνου</span> <span class='ocrx_word' id='word_1_306' title='bbox 2812 2084 2908 2140; x_wconf 90' lang='grc' dir='ltr'><strong>τοῦ</strong></span> <span class='ocrx_word' id='word_1_307' title='bbox 2930 2085 3190 2159; x_wconf 87' lang='grc' dir='ltr'>ἀκράτου,</span> <span class='ocrx_word' id='word_1_308' title='bbox 3209 2086 3467 2149; x_wconf 82' lang='grc' dir='ltr'>’Δκούσας</span> <span class='ocrx_word' id='word_1_309' title='bbox 3486 2085 3542 2138; x_wconf 86' lang='grc' dir='ltr'>δὲ</span> <span class='ocrx_word' id='word_1_310' title='bbox 3563 2087 3592 2139; x_wconf 86' lang='grc' dir='ltr'><strong>ὁ</strong></span> <span class='ocrx_word' id='word_1_311' title='bbox 3624 2085 3783 2156; x_wconf 79' lang='grc' dir='ltr'>Ἱερε-</span> 
     </span>
    </p>
   </div>
   <div class='ocr_carea' id='block_1_42' title="bbox 519 2174 2160 2256">
    <p class='ocr_par' dir='ltr' id='par_1_42' title="bbox 519 2174 2160 2256">
     <span class='ocr_line' id='line_1_42' title="bbox 519 2174 2160 2256; baseline 0.01 -28"><span class='ocrx_word' id='word_1_312' title='bbox 519 2174 745 2230; x_wconf 85' lang='lat' dir='ltr'><strong>calicem</strong></span> <span class='ocrx_word' id='word_1_313' title='bbox 780 2184 841 2231; x_wconf 87' lang='lat' dir='ltr'><strong>ut</strong></span> <span class='ocrx_word' id='word_1_314' title='bbox 865 2186 1074 2247; x_wconf 81' lang='lat' dir='ltr'><strong>potaret</strong></span> <span class='ocrx_word' id='word_1_315' title='bbox 1095 2193 1288 2237; x_wconf 89' lang='lat' dir='ltr'><strong>omnes</strong></span> <span class='ocrx_word' id='word_1_316' title='bbox 1316 2193 1535 2252; x_wconf 84' lang='lat' dir='ltr'><strong>gentes;</strong></span> <span class='ocrx_word' id='word_1_317' title='bbox 1565 2196 1789 2256; x_wconf 88' lang='lat' dir='ltr'><strong>accepto</strong></span> <span class='ocrx_word' id='word_1_318' title='bbox 1820 2188 1986 2243; x_wconf 88' lang='lat' dir='ltr'><strong>calice</strong></span> <span class='ocrx_word' id='word_1_319' title='bbox 2008 2205 2106 2243; x_wconf 88' lang='lat' dir='ltr'><strong>au-</strong></span> <span class='ocrx_word' id='word_1_320' title='bbox 2155 2217 2160 2222; x_wconf 88' lang='grc'>·</span> 
     </span>
    </p>
   </div>
   <div class='ocr_carea' id='block_1_43' title="bbox 517 2268 2104 2346">
    <p class='ocr_par' dir='ltr' id='par_1_43' title="bbox 517 2268 2104 2346">
     <span class='ocr_line' id='line_1_43' title="bbox 517 2268 2104 2346; baseline 0.008 -22"><span class='ocrx_word' id='word_1_321' title='bbox 517 2268 655 2324; x_wconf 88' lang='lat' dir='ltr'><strong>divit</strong></span> <span class='ocrx_word' id='word_1_322' title='bbox 685 2287 699 2323; x_wconf 90' lang='lat'>:</span> <span class='ocrx_word' id='word_1_323' title='bbox 728 2268 1054 2341; x_wconf 83' lang='lat' dir='ltr'><strong>Propinabis</strong></span> <span class='ocrx_word' id='word_1_324' title='bbox 1078 2272 1314 2342; x_wconf 87' lang='lat' dir='ltr'><strong>primum</strong></span> <span class='ocrx_word' id='word_1_325' title='bbox 1339 2273 1664 2333; x_wconf 74' lang='lat' dir='ltr'><strong>Jerusalem.</strong></span> <span class='ocrx_word' id='word_1_326' title='bbox 1685 2277 1956 2346; x_wconf 86' lang='lat' dir='ltr'><strong>Quoniam</strong></span> <span class='ocrx_word' id='word_1_327' title='bbox 1975 2297 2104 2336; x_wconf 91' lang='lat' dir='ltr'><strong>vero</strong></span> 
     </span>
    </p>
   </div>
   <div class='ocr_carea' id='block_1_44' title="bbox 518 2360 2101 2443">
    <p class='ocr_par' dir='ltr' id='par_1_44' title="bbox 518 2360 2101 2443">
     <span class='ocr_line' id='line_1_44' title="bbox 518 2360 2101 2443; baseline 0.009 -29"><span class='ocrx_word' id='word_1_328' title='bbox 518 2360 669 2415; x_wconf 83' lang='lat' dir='ltr'><strong>aliud</strong></span> <span class='ocrx_word' id='word_1_329' title='bbox 703 2370 1135 2432; x_wconf 78' lang='lat' dir='ltr'><strong>exspectaverat,</strong></span> <span class='ocrx_word' id='word_1_330' title='bbox 1168 2373 1223 2421; x_wconf 91' lang='lat' dir='ltr'><strong>et</strong></span> <span class='ocrx_word' id='word_1_331' title='bbox 1249 2368 1396 2424; x_wconf 90' lang='lat' dir='ltr'><strong>aliud</strong></span> <span class='ocrx_word' id='word_1_332' title='bbox 1438 2370 1641 2437; x_wconf 79' lang='lat' dir='ltr'><strong>evenit,</strong></span> <span class='ocrx_word' id='word_1_333' title='bbox 1670 2384 1955 2443; x_wconf 83' lang='lat' dir='ltr'><strong>prOpterea</strong></span> <span class='ocrx_word' id='word_1_334' title='bbox 1980 2375 2056 2430; x_wconf 90' lang='lat' dir='ltr'><strong>ait</strong></span> <span class='ocrx_word' id='word_1_335' title='bbox 2085 2394 2101 2429; x_wconf 86' lang='lat'><strong>:</strong></span> 
     </span>
    </p>
   </div>
   <div class='ocr_carea' id='block_1_45' title="bbox 518 2451 2100 2537">
    <p class='ocr_par' dir='ltr' id='par_1_45' title="bbox 518 2451 2100 2537">
     <span class='ocr_line' id='line_1_45' title="bbox 518 2451 2100 2537; baseline 0.012 -33"><span class='ocrx_word' id='word_1_336' title='bbox 518 2451 785 2523; x_wconf 80' lang='lat' dir='ltr'><strong>Decepiin</strong></span> <span class='ocrx_word' id='word_1_337' title='bbox 817 2469 917 2519; x_wconf 88' lang='lat' dir='ltr'><strong>me,</strong></span> <span class='ocrx_word' id='word_1_338' title='bbox 953 2454 1192 2524; x_wconf 82' lang='lat' dir='ltr'><strong>Domine,</strong></span> <span class='ocrx_word' id='word_1_339' title='bbox 1218 2467 1268 2511; x_wconf 88' lang='lat' dir='ltr'><strong>et</strong></span> <span class='ocrx_word' id='word_1_340' title='bbox 1311 2459 1555 2530; x_wconf 83' lang='lat' dir='ltr'><strong>deceptus</strong></span> <span class='ocrx_word' id='word_1_341' title='bbox 1589 2479 1726 2516; x_wconf 86' lang='lat' dir='ltr'><strong>sum.</strong></span> <span class='ocrx_word' id='word_1_342' title='bbox 1761 2462 1899 2522; x_wconf 83' lang='lat' dir='ltr'><strong>Huic</strong></span> <span class='ocrx_word' id='word_1_343' title='bbox 1929 2482 2100 2537; x_wconf 79' lang='lat' dir='ltr'><strong>expo—</strong></span> 
     </span>
    </p>
   </div>
   <div class='ocr_carea' id='block_1_46' title="bbox 516 2544 2102 2617">
    <p class='ocr_par' dir='ltr' id='par_1_46' title="bbox 516 2544 2102 2617">
     <span class='ocr_line' id='line_1_46' title="bbox 516 2544 2102 2617; baseline 0.011 -17"><span class='ocrx_word' id='word_1_344' title='bbox 516 2544 704 2600; x_wconf 78' lang='lat' dir='ltr'><strong>sitioni</strong></span> <span class='ocrx_word' id='word_1_345' title='bbox 731 2545 962 2601; x_wconf 89' lang='lat' dir='ltr'><strong>similem</strong></span> <span class='ocrx_word' id='word_1_346' title='bbox 1005 2549 1250 2606; x_wconf 58' lang='lat' dir='ltr'><strong>tradebat</strong></span> <span class='ocrx_word' id='word_1_347' title='bbox 1273 2561 1326 2607; x_wconf 90' lang='lat' dir='ltr'><strong>et</strong></span> <span class='ocrx_word' id='word_1_348' title='bbox 1359 2553 1412 2607; x_wconf 90' lang='lat' dir='ltr'><strong>in</strong></span> <span class='ocrx_word' id='word_1_349' title='bbox 1442 2554 1606 2610; x_wconf 89' lang='lat' dir='ltr'><strong>Isaia:</strong></span> <span class='ocrx_word' id='word_1_350' title='bbox 1654 2554 1790 2612; x_wconf 85' lang='lat' dir='ltr'><strong>Nam</strong></span> <span class='ocrx_word' id='word_1_351' title='bbox 1819 2567 1873 2614; x_wconf 87' lang='lat' dir='ltr'><strong>et</strong></span> <span class='ocrx_word' id='word_1_352' title='bbox 1895 2560 1984 2616; x_wconf 91' lang='lat' dir='ltr'><strong>ille</strong></span> <span class='ocrx_word' id='word_1_353' title='bbox 2013 2577 2102 2617; x_wconf 85' lang='lat' dir='ltr'><strong>ne-</strong></span> 
     </span>
    </p>
   </div>
   <div class='ocr_carea' id='block_1_47' title="bbox 518 2635 2097 2722">
    <p class='ocr_par' dir='ltr' id='par_1_47' title="bbox 518 2635 2097 2722">
     <span class='ocr_line' id='line_1_47' title="bbox 518 2635 2097 2722; baseline 0.011 -31"><span class='ocrx_word' id='word_1_354' title='bbox 518 2635 667 2692; x_wconf 70' lang='lat' dir='ltr'><strong>scius</strong></span> <span class='ocrx_word' id='word_1_355' title='bbox 695 2636 827 2707; x_wconf 91' lang='lat' dir='ltr'><strong>quid</strong></span> <span class='ocrx_word' id='word_1_356' title='bbox 876 2638 980 2694; x_wconf 85' lang='lat' dir='ltr'><strong>sibi</strong></span> <span class='ocrx_word' id='word_1_357' title='bbox 1032 2642 1454 2712; x_wconf 60' lang='lat' dir='ltr'><strong>praecipiendum</strong></span> <span class='ocrx_word' id='word_1_358' title='bbox 1485 2644 1647 2715; x_wconf 77' lang='lat' dir='ltr'><strong>l‘oret,</strong></span> <span class='ocrx_word' id='word_1_359' title='bbox 1678 2661 1736 2704; x_wconf 91' lang='lat' dir='ltr'><strong>ut</strong></span> <span class='ocrx_word' id='word_1_360' title='bbox 1766 2650 1970 2707; x_wconf 89' lang='lat' dir='ltr'><strong>diceret</strong></span> <span class='ocrx_word' id='word_1_361' title='bbox 2002 2667 2097 2722; x_wconf 86' lang='lat' dir='ltr'><strong>po-</strong></span> 
     </span>
    </p>
   </div>
   <div class='ocr_carea' id='block_1_48' title="bbox 516 2730 2093 2807">
    <p class='ocr_par' dir='ltr' id='par_1_48' title="bbox 516 2730 2093 2807">
     <span class='ocr_line' id='line_1_48' title="bbox 516 2730 2093 2807; baseline 0.008 -24"><span class='ocrx_word' id='word_1_362' title='bbox 516 2730 668 2800; x_wconf 82' lang='lat' dir='ltr'><strong>pulo,</strong></span> <span class='ocrx_word' id='word_1_363' title='bbox 707 2730 860 2786; x_wconf 80' lang='lat' dir='ltr'><strong>audit</strong></span> <span class='ocrx_word' id='word_1_364' title='bbox 893 2731 1084 2800; x_wconf 83' lang='lat' dir='ltr'><strong>Deum,</strong></span> <span class='ocrx_word' id='word_1_365' title='bbox 1116 2743 1278 2804; x_wconf 88' lang='lat' dir='ltr'><strong>prout</strong></span> <span class='ocrx_word' id='word_1_366' title='bbox 1302 2736 1569 2807; x_wconf 88' lang='lat' dir='ltr'><strong>scriptum</strong></span> <span class='ocrx_word' id='word_1_367' title='bbox 1610 2749 1715 2805; x_wconf 92' lang='lat' dir='ltr'><strong>est,</strong></span> <span class='ocrx_word' id='word_1_368' title='bbox 1746 2741 2093 2798; x_wconf 72' lang='lat' dir='ltr'><strong>dicentem“:</strong></span> 
     </span>
    </p>
   </div>
   <div class='ocr_carea' id='block_1_49' title="bbox 516 2819 2095 2903">
    <p class='ocr_par' dir='ltr' id='par_1_49' title="bbox 516 2819 2095 2903">
     <span class='ocr_line' id='line_1_49' title="bbox 516 2819 2095 2903; baseline 0.011 -30"><span class='ocrx_word' id='word_1_369' title='bbox 516 2819 683 2884; x_wconf 75' lang='lat' dir='ltr'><strong>Quem</strong></span> <span class='ocrx_word' id='word_1_370' title='bbox 710 2823 942 2890; x_wconf 79' lang='lat' dir='ltr'><strong>mittam,</strong></span> <span class='ocrx_word' id='word_1_371' title='bbox 967 2833 1017 2879; x_wconf 83' lang='lat' dir='ltr'><strong>et</strong></span> <span class='ocrx_word' id='word_1_372' title='bbox 1047 2824 1164 2895; x_wconf 80' lang='lat' dir='ltr'><strong>quis</strong></span> <span class='ocrx_word' id='word_1_373' title='bbox 1188 2825 1282 2879; x_wconf 85' lang='lat' dir='ltr'><strong>ibit</strong></span> <span class='ocrx_word' id='word_1_374' title='bbox 1299 2827 1369 2882; x_wconf 84' lang='lat' dir='ltr'><strong>ad</strong></span> <span class='ocrx_word' id='word_1_375' title='bbox 1393 2829 1643 2899; x_wconf 81' lang='lat' dir='ltr'><strong>populum</strong></span> <span class='ocrx_word' id='word_1_376' title='bbox 1664 2832 1845 2889; x_wconf 81' lang='lat' dir='ltr'><strong>hunc?</strong></span> <span class='ocrx_word' id='word_1_377' title='bbox 1866 2833 1916 2889; x_wconf 87' lang='lat' dir='ltr'><strong>Is</strong></span> <span class='ocrx_word' id='word_1_378' title='bbox 1945 2851 2095 2903; x_wconf 85' lang='lat' dir='ltr'><strong>vero,</strong></span> 
     </span>
    </p>
   </div>
   <div class='ocr_carea' id='block_1_50' title="bbox 516 2910 2093 2988">
    <p class='ocr_par' dir='ltr' id='par_1_50' title="bbox 516 2910 2093 2988">
     <span class='ocr_line' id='line_1_50' title="bbox 516 2910 2093 2988; baseline 0.011 -25"><span class='ocrx_word' id='word_1_379' title='bbox 516 2910 715 2980; x_wconf 85' lang='lat' dir='ltr'><strong>inquit,</strong></span> <span class='ocrx_word' id='word_1_380' title='bbox 748 2913 1064 2983; x_wconf 86' lang='lat' dir='ltr'><strong>respondit:</strong></span> <span class='ocrx_word' id='word_1_381' title='bbox 1093 2914 1235 2970; x_wconf 81' lang='lat' dir='ltr'><strong>Ecce</strong></span> <span class='ocrx_word' id='word_1_382' title='bbox 1268 2933 1361 2988; x_wconf 86' lang='lat' dir='ltr'><strong>ego</strong></span> <span class='ocrx_word' id='word_1_383' title='bbox 1408 2935 1548 2986; x_wconf 86' lang='lat' dir='ltr'><strong>sum,</strong></span> <span class='ocrx_word' id='word_1_384' title='bbox 1581 2921 1731 2976; x_wconf 85' lang='lat' dir='ltr'><strong>mitte</strong></span> <span class='ocrx_word' id='word_1_385' title='bbox 1757 2939 1869 2988; x_wconf 88' lang='lat' dir='ltr'><strong>me;</strong></span> <span class='ocrx_word' id='word_1_386' title='bbox 1896 2934 1953 2980; x_wconf 88' lang='lat' dir='ltr'><strong>et</strong></span> <span class='ocrx_word' id='word_1_387' title='bbox 1991 2940 2093 2980; x_wconf 87' lang='lat' dir='ltr'><strong>au-</strong></span> 
     </span>
    </p>
   </div>
   <div class='ocr_carea' id='block_1_51' title="bbox 515 3001 2093 3083">
    <p class='ocr_par' dir='ltr' id='par_1_51' title="bbox 515 3001 2093 3083">
     <span class='ocr_line' id='line_1_51' title="bbox 515 3001 2093 3083; baseline 0.011 -28"><span class='ocrx_word' id='word_1_388' title='bbox 515 3001 596 3057; x_wconf 87' lang='lat' dir='ltr'><strong>dit</strong></span> <span class='ocrx_word' id='word_1_389' title='bbox 619 3002 702 3057; x_wconf 78' lang='lat'><strong>“:</strong></span> <span class='ocrx_word' id='word_1_390' title='bbox 743 3002 907 3071; x_wconf 81' lang='lat' dir='ltr'><strong>Vade,</strong></span> <span class='ocrx_word' id='word_1_391' title='bbox 929 3014 978 3059; x_wconf 85' lang='lat' dir='ltr'><strong>et</strong></span> <span class='ocrx_word' id='word_1_392' title='bbox 1001 3007 1089 3061; x_wconf 87' lang='lat' dir='ltr'><strong>dic</strong></span> <span class='ocrx_word' id='word_1_393' title='bbox 1108 3009 1301 3077; x_wconf 86' lang='lat' dir='ltr'><strong>popqu</strong></span> <span class='ocrx_word' id='word_1_394' title='bbox 1329 3010 1450 3072; x_wconf 86' lang='lat' dir='ltr'><strong>huic</strong></span> <span class='ocrx_word' id='word_1_395' title='bbox 1480 3027 1498 3064; x_wconf 93' lang='lat'><em>:</em></span> <span class='ocrx_word' id='word_1_396' title='bbox 1521 3011 1726 3067; x_wconf 81' lang='lat' dir='ltr'><strong>Auditu</strong></span> <span class='ocrx_word' id='word_1_397' title='bbox 1754 3016 2003 3083; x_wconf 75' lang='lat' dir='ltr'><strong>audietis,</strong></span> <span class='ocrx_word' id='word_1_398' title='bbox 2043 3026 2093 3071; x_wconf 82' lang='lat' dir='ltr'><strong>ct</strong></span> 
     </span>
    </p>
   </div>
   <div class='ocr_carea' id='block_1_52' title="bbox 517 3096 2094 3180">
    <p class='ocr_par' dir='ltr' id='par_1_52' title="bbox 517 3096 2094 3180">
     <span class='ocr_line' id='line_1_52' title="bbox 517 3096 2094 3180; baseline 0.011 -32"><span class='ocrx_word' id='word_1_399' title='bbox 517 3111 622 3150; x_wconf 79' lang='lat' dir='ltr'><strong>non</strong></span> <span class='ocrx_word' id='word_1_400' title='bbox 651 3096 978 3167; x_wconf 72' lang='lat' dir='ltr'><strong>intelligetis,</strong></span> <span class='ocrx_word' id='word_1_401' title='bbox 1004 3109 1053 3154; x_wconf 88' lang='lat' dir='ltr'><strong>et</strong></span> <span class='ocrx_word' id='word_1_402' title='bbox 1097 3101 1327 3157; x_wconf 85' lang='lat' dir='ltr'><strong>videntes</strong></span> <span class='ocrx_word' id='word_1_403' title='bbox 1355 3104 1618 3171; x_wconf 73' lang='lat' dir='ltr'><strong>videbitis,</strong></span> <span class='ocrx_word' id='word_1_404' title='bbox 1665 3117 1713 3161; x_wconf 87' lang='lat' dir='ltr'><strong>et</strong></span> <span class='ocrx_word' id='word_1_405' title='bbox 1750 3124 1853 3162; x_wconf 86' lang='lat' dir='ltr'><strong>non</strong></span> <span class='ocrx_word' id='word_1_406' title='bbox 1890 3112 2094 3180; x_wconf 85' lang='lat' dir='ltr'><strong>perspi-</strong></span> 
     </span>
    </p>
   </div>
   <div class='ocr_carea' id='block_1_53' title="bbox 515 3188 2093 3272">
    <p class='ocr_par' dir='ltr' id='par_1_53' title="bbox 515 3188 2093 3272">
     <span class='ocr_line' id='line_1_53' title="bbox 515 3188 2093 3272; baseline 0.01 -30"><span class='ocrx_word' id='word_1_407' title='bbox 515 3188 686 3255; x_wconf 81' lang='lat' dir='ltr'><strong>ciatis,</strong></span> <span class='ocrx_word' id='word_1_408' title='bbox 712 3190 1067 3247; x_wconf 83' lang='lat' dir='ltr'><strong>incrassatum</strong></span> <span class='ocrx_word' id='word_1_409' title='bbox 1095 3204 1172 3248; x_wconf 87' lang='lat' dir='ltr'><strong>est</strong></span> <span class='ocrx_word' id='word_1_410' title='bbox 1201 3196 1337 3249; x_wconf 85' lang='lat' dir='ltr'><strong>enim</strong></span> <span class='ocrx_word' id='word_1_411' title='bbox 1367 3213 1458 3250; x_wconf 82' lang='lat' dir='ltr'><strong>cor</strong></span> <span class='ocrx_word' id='word_1_412' title='bbox 1479 3198 1660 3268; x_wconf 87' lang='lat' dir='ltr'><strong>populi</strong></span> <span class='ocrx_word' id='word_1_413' title='bbox 1687 3198 1865 3268; x_wconf 81' lang='lat' dir='ltr'><strong>hujus,</strong></span> <span class='ocrx_word' id='word_1_414' title='bbox 1891 3209 1945 3257; x_wconf 90' lang='lat' dir='ltr'><strong>et</strong></span> <span class='ocrx_word' id='word_1_415' title='bbox 1972 3218 2093 3272; x_wconf 69' lang='lat' dir='ltr'><strong>qua:</strong></span> 
     </span>
    </p>
   </div>
   <div class='ocr_carea' id='block_1_54' title="bbox 514 3279 2091 3358">
    <p class='ocr_par' dir='ltr' id='par_1_54' title="bbox 514 3279 2091 3358">
     <span class='ocr_line' id='line_1_54' title="bbox 514 3279 2091 3358; baseline 0.013 -29"><span class='ocrx_word' id='word_1_416' title='bbox 514 3285 839 3344; x_wconf 82' lang='lat' dir='ltr'><strong>sequuntur.</strong></span> <span class='ocrx_word' id='word_1_417' title='bbox 872 3279 1008 3335; x_wconf 86' lang='lat' dir='ltr'><strong>Cum</strong></span> <span class='ocrx_word' id='word_1_418' title='bbox 1042 3282 1208 3353; x_wconf 78' lang='lat' dir='ltr'><strong>igitur</strong></span> <span class='ocrx_word' id='word_1_419' title='bbox 1236 3287 1472 3342; x_wconf 86' lang='lat' dir='ltr'><strong>nesciret</strong></span> <span class='ocrx_word' id='word_1_420' title='bbox 1493 3289 1622 3358; x_wconf 89' lang='lat' dir='ltr'><strong>quid</strong></span> <span class='ocrx_word' id='word_1_421' title='bbox 1650 3300 1794 3345; x_wconf 91' lang='lat' dir='ltr'><strong>esset</strong></span> <span class='ocrx_word' id='word_1_422' title='bbox 1820 3292 2091 3348; x_wconf 87' lang='lat' dir='ltr'><strong>vaticina-</strong></span> 
     </span>
    </p>
   </div>
   <div class='ocr_carea' id='block_1_55' title="bbox 512 3371 2088 3452">
    <p class='ocr_par' dir='ltr' id='par_1_55' title="bbox 512 3371 2088 3452">
     <span class='ocr_line' id='line_1_55' title="bbox 512 3371 2088 3452; baseline 0.01 -31"><span class='ocrx_word' id='word_1_423' title='bbox 512 3376 693 3435; x_wconf 84' lang='lat' dir='ltr'><strong>turus,</strong></span> <span class='ocrx_word' id='word_1_424' title='bbox 715 3379 770 3424; x_wconf 85' lang='lat' dir='ltr'><strong>et</strong></span> <span class='ocrx_word' id='word_1_425' title='bbox 790 3385 850 3426; x_wconf 89' lang='lat' dir='ltr'><strong>se</strong></span> <span class='ocrx_word' id='word_1_426' title='bbox 872 3371 1203 3429; x_wconf 88' lang='lat' dir='ltr'><strong>minaturum</strong></span> <span class='ocrx_word' id='word_1_427' title='bbox 1231 3376 1454 3446; x_wconf 87' lang='lat' dir='ltr'><strong>populo,</strong></span> <span class='ocrx_word' id='word_1_428' title='bbox 1481 3377 1618 3434; x_wconf 75' lang='lat' dir='ltr'><strong>dixit</strong></span> <span class='ocrx_word' id='word_1_429' title='bbox 1643 3397 1656 3433; x_wconf 92' lang='lat'><strong>:</strong></span> <span class='ocrx_word' id='word_1_430' title='bbox 1679 3378 1810 3434; x_wconf 84' lang='lat' dir='ltr'><strong>Ecce</strong></span> <span class='ocrx_word' id='word_1_431' title='bbox 1835 3398 1928 3452; x_wconf 88' lang='lat' dir='ltr'><strong>ego</strong></span> <span class='ocrx_word' id='word_1_432' title='bbox 1950 3399 2088 3448; x_wconf 88' lang='lat' dir='ltr'><strong>sum,</strong></span> 
     </span>
    </p>
   </div>
   <div class='ocr_carea' id='block_1_56' title="bbox 516 3460 2092 3542">
    <p class='ocr_par' dir='ltr' id='par_1_56' title="bbox 516 3460 2092 3542">
     <span class='ocr_line' id='line_1_56' title="bbox 516 3460 2092 3542; baseline 0.01 -30"><span class='ocrx_word' id='word_1_433' title='bbox 516 3460 665 3514; x_wconf 82' lang='lat' dir='ltr'><strong>mitte</strong></span> <span class='ocrx_word' id='word_1_434' title='bbox 688 3477 788 3517; x_wconf 88' lang='lat' dir='ltr'><strong>me.</strong></span> <span class='ocrx_word' id='word_1_435' title='bbox 816 3460 1109 3533; x_wconf 86' lang='lat' dir='ltr'><strong>Propterea</strong></span> <span class='ocrx_word' id='word_1_436' title='bbox 1133 3482 1256 3521; x_wconf 89' lang='lat' dir='ltr'><strong>cum</strong></span> <span class='ocrx_word' id='word_1_437' title='bbox 1289 3469 1495 3524; x_wconf 89' lang='lat' dir='ltr'><strong>diceret</strong></span> <span class='ocrx_word' id='word_1_438' title='bbox 1529 3470 1583 3524; x_wconf 94' lang='lat' dir='ltr'><strong>in</strong></span> <span class='ocrx_word' id='word_1_439' title='bbox 1612 3473 1966 3542; x_wconf 87' lang='lat' dir='ltr'><strong>sequentibus</strong></span> <span class='ocrx_word' id='word_1_440' title='bbox 1992 3491 2092 3530; x_wconf 73' lang='lat' dir='ltr'><strong>eoa:</strong></span> 
     </span>
    </p>
   </div>
   <div class='ocr_carea' id='block_1_57' title="bbox 513 3551 2095 3636">
    <p class='ocr_par' dir='ltr' id='par_1_57' title="bbox 513 3551 2095 3636">
     <span class='ocr_line' id='line_1_57' title="bbox 513 3551 2095 3636; baseline 0.01 -31"><span class='ocrx_word' id='word_1_441' title='bbox 513 3551 736 3607; x_wconf 76' lang='lat' dir='ltr'><strong>dicentis</strong></span> <span class='ocrx_word' id='word_1_442' title='bbox 750 3567 770 3607; x_wconf 90' lang='lat'><strong><em>:</em></strong></span> <span class='ocrx_word' id='word_1_443' title='bbox 785 3553 975 3611; x_wconf 82' lang='lat' dir='ltr'><strong>Clama</strong></span> <span class='ocrx_word' id='word_1_444' title='bbox 992 3557 1058 3625; x_wconf 78' lang='lat'><strong>”,</strong></span> <span class='ocrx_word' id='word_1_445' title='bbox 1082 3557 1172 3613; x_wconf 92' lang='lat' dir='ltr'><strong>ille</strong></span> <span class='ocrx_word' id='word_1_446' title='bbox 1193 3574 1301 3614; x_wconf 90' lang='lat' dir='ltr'><strong>non</strong></span> <span class='ocrx_word' id='word_1_447' title='bbox 1328 3562 1626 3630; x_wconf 88' lang='lat' dir='ltr'><strong>respondit,</strong></span> <span class='ocrx_word' id='word_1_448' title='bbox 1658 3574 1914 3634; x_wconf 86' lang='lat' dir='ltr'><strong>tanquam</strong></span> <span class='ocrx_word' id='word_1_449' title='bbox 1941 3581 2095 3636; x_wconf 86' lang='lat' dir='ltr'><strong>para-</strong></span> 
     </span>
    </p>
   </div>
   <div class='ocr_carea' id='block_1_58' title="bbox 514 3646 2089 3725">
    <p class='ocr_par' dir='ltr' id='par_1_58' title="bbox 514 3646 2089 3725">
     <span class='ocr_line' id='line_1_58' title="bbox 514 3646 2089 3725; baseline 0.009 -25"><span class='ocrx_word' id='word_1_450' title='bbox 514 3655 604 3701; x_wconf 90' lang='lat' dir='ltr'><strong>tus</strong></span> <span class='ocrx_word' id='word_1_451' title='bbox 655 3646 809 3717; x_wconf 87' lang='lat' dir='ltr'><strong>jussa</strong></span> <span class='ocrx_word' id='word_1_452' title='bbox 839 3651 1089 3720; x_wconf 84' lang='lat' dir='ltr'><strong>exsequi,</strong></span> <span class='ocrx_word' id='word_1_453' title='bbox 1123 3652 1219 3707; x_wconf 85' lang='lat' dir='ltr'><strong>sed</strong></span> <span class='ocrx_word' id='word_1_454' title='bbox 1252 3652 1389 3725; x_wconf 78' lang='lat' dir='ltr'><strong>dixit</strong></span> <span class='ocrx_word' id='word_1_455' title='bbox 1419 3670 1434 3709; x_wconf 89' lang='lat'><strong>:</strong></span> <span class='ocrx_word' id='word_1_456' title='bbox 1478 3653 1620 3720; x_wconf 81' lang='lat' dir='ltr'><strong>Quid</strong></span> <span class='ocrx_word' id='word_1_457' title='bbox 1676 3655 1912 3711; x_wconf 83' lang='lat' dir='ltr'><strong>clamabo</strong></span> <span class='ocrx_word' id='word_1_458' title='bbox 1935 3660 1961 3713; x_wconf 72' lang='lat'><strong>.9</strong></span> <span class='ocrx_word' id='word_1_459' title='bbox 2002 3656 2089 3714; x_wconf 82' lang='lat' dir='ltr'><strong>Et-</strong></span> 
     </span>
    </p>
   </div>
   <div class='ocr_carea' id='block_1_59' title="bbox 513 3735 2094 3815">
    <p class='ocr_par' dir='ltr' id='par_1_59' title="bbox 513 3735 2094 3815">
     <span class='ocr_line' id='line_1_59' title="bbox 513 3735 2094 3815; baseline 0.007 -24"><span class='ocrx_word' id='word_1_460' title='bbox 513 3735 658 3792; x_wconf 87' lang='lat' dir='ltr'><strong>enim</strong></span> <span class='ocrx_word' id='word_1_461' title='bbox 691 3736 919 3794; x_wconf 88' lang='lat' dir='ltr'><strong>timebat</strong></span> <span class='ocrx_word' id='word_1_462' title='bbox 946 3756 1015 3795; x_wconf 88' lang='lat' dir='ltr'><strong>ne</strong></span> <span class='ocrx_word' id='word_1_463' title='bbox 1048 3746 1242 3797; x_wconf 88' lang='lat' dir='ltr'><strong>rursus</strong></span> <span class='ocrx_word' id='word_1_464' title='bbox 1271 3742 1484 3799; x_wconf 90' lang='lat' dir='ltr'><strong>audiret</strong></span> <span class='ocrx_word' id='word_1_465' title='bbox 1506 3744 1649 3799; x_wconf 91' lang='lat' dir='ltr'><strong>sicut</strong></span> <span class='ocrx_word' id='word_1_466' title='bbox 1679 3745 1732 3799; x_wconf 91' lang='lat' dir='ltr'><strong>in</strong></span> <span class='ocrx_word' id='word_1_467' title='bbox 1762 3745 1930 3815; x_wconf 89' lang='lat' dir='ltr'><strong>priori</strong></span> <span class='ocrx_word' id='word_1_468' title='bbox 1957 3747 2094 3802; x_wconf 88' lang='lat' dir='ltr'><strong>vati-</strong></span> 
     </span>
    </p>
   </div>
   <div class='ocr_carea' id='block_1_60' title="bbox 511 3829 2090 3904">
    <p class='ocr_par' dir='ltr' id='par_1_60' title="bbox 511 3829 2090 3904">
     <span class='ocr_line' id='line_1_60' title="bbox 511 3829 2090 3904; baseline 0.005 -19"><span class='ocrx_word' id='word_1_469' title='bbox 511 3829 662 3885; x_wconf 87' lang='lat' dir='ltr'><strong>cinio</strong></span> <span class='ocrx_word' id='word_1_470' title='bbox 694 3849 708 3885; x_wconf 89' lang='lat'><strong>:</strong></span> <span class='ocrx_word' id='word_1_471' title='bbox 748 3829 910 3899; x_wconf 85' lang='lat' dir='ltr'><strong>Vade,</strong></span> <span class='ocrx_word' id='word_1_472' title='bbox 942 3842 992 3887; x_wconf 85' lang='lat' dir='ltr'><strong>et</strong></span> <span class='ocrx_word' id='word_1_473' title='bbox 1018 3833 1105 3887; x_wconf 89' lang='lat' dir='ltr'><strong>dic</strong></span> <span class='ocrx_word' id='word_1_474' title='bbox 1128 3833 1320 3904; x_wconf 89' lang='lat' dir='ltr'><strong>populo</strong></span> <span class='ocrx_word' id='word_1_475' title='bbox 1342 3834 1463 3889; x_wconf 87' lang='lat' dir='ltr'><strong>huic</strong></span> <span class='ocrx_word' id='word_1_476' title='bbox 1487 3851 1507 3891; x_wconf 89' lang='lat'><strong><em>:</em></strong></span> <span class='ocrx_word' id='word_1_477' title='bbox 1532 3835 1732 3890; x_wconf 82' lang='lat' dir='ltr'><strong>Auditu</strong></span> <span class='ocrx_word' id='word_1_478' title='bbox 1764 3837 2013 3904; x_wconf 81' lang='lat' dir='ltr'><strong>audietis,</strong></span> <span class='ocrx_word' id='word_1_479' title='bbox 2041 3847 2090 3893; x_wconf 87' lang='lat' dir='ltr'><strong>et</strong></span> 
     </span>
    </p>
   </div>
   <div class='ocr_carea' id='block_1_61' title="bbox 512 3922 2088 3997">
    <p class='ocr_par' dir='ltr' id='par_1_61' title="bbox 512 3922 2088 3997">
     <span class='ocr_line' id='line_1_61' title="bbox 512 3922 2088 3997; baseline 0.006 -22"><span class='ocrx_word' id='word_1_480' title='bbox 512 3936 617 3976; x_wconf 84' lang='lat' dir='ltr'><strong>non</strong></span> <span class='ocrx_word' id='word_1_481' title='bbox 653 3922 977 3996; x_wconf 85' lang='lat' dir='ltr'><strong>intelligetis.</strong></span> <span class='ocrx_word' id='word_1_482' title='bbox 1018 3925 1160 3990; x_wconf 81' lang='lat' dir='ltr'><strong>Quid</strong></span> <span class='ocrx_word' id='word_1_483' title='bbox 1200 3926 1366 3997; x_wconf 81' lang='lat' dir='ltr'><strong>igitur</strong></span> <span class='ocrx_word' id='word_1_484' title='bbox 1410 3926 1692 3985; x_wconf 82' lang='lat' dir='ltr'><strong>clamabo?</strong></span> <span class='ocrx_word' id='word_1_485' title='bbox 1743 3927 1927 3984; x_wconf 85' lang='lat' dir='ltr'><strong>Omnis</strong></span> <span class='ocrx_word' id='word_1_486' title='bbox 1965 3946 2088 3984; x_wconf 86' lang='lat' dir='ltr'><strong>caro</strong></span> 
     </span>
    </p>
   </div>
   <div class='ocr_carea' id='block_1_62' title="bbox 512 4013 2088 4091">
    <p class='ocr_par' dir='ltr' id='par_1_62' title="bbox 512 4013 2088 4091">
     <span class='ocr_line' id='line_1_62' title="bbox 512 4013 2088 4091; baseline 0.004 -25"><span class='ocrx_word' id='word_1_487' title='bbox 512 4013 716 4083; x_wconf 75' lang='lat' dir='ltr'><strong>fcitum,</strong></span> <span class='ocrx_word' id='word_1_488' title='bbox 739 4024 787 4068; x_wconf 90' lang='lat' dir='ltr'><strong>et</strong></span> <span class='ocrx_word' id='word_1_489' title='bbox 808 4017 976 4069; x_wconf 77' lang='lat' dir='ltr'><strong>omnis</strong></span> <span class='ocrx_word' id='word_1_490' title='bbox 999 4015 1171 4086; x_wconf 89' lang='lat' dir='ltr'><strong>gloria</strong></span> <span class='ocrx_word' id='word_1_491' title='bbox 1216 4018 1331 4087; x_wconf 83' lang='lat' dir='ltr'><strong>ejus</strong></span> <span class='ocrx_word' id='word_1_492' title='bbox 1362 4018 1498 4073; x_wconf 80' lang='lat' dir='ltr'><strong>sicut</strong></span> <span class='ocrx_word' id='word_1_493' title='bbox 1523 4019 1623 4088; x_wconf 77' lang='lat' dir='ltr'><strong>[los</strong></span> <span class='ocrx_word' id='word_1_494' title='bbox 1656 4019 1761 4089; x_wconf 81' lang='lat' dir='ltr'><strong>feni</strong></span> <span class='ocrx_word' id='word_1_495' title='bbox 1778 4020 1844 4086; x_wconf 73' lang='grc'>⁷⁸,</span> <span class='ocrx_word' id='word_1_496' title='bbox 1877 4029 1931 4075; x_wconf 88' lang='lat' dir='ltr'><strong>et</strong></span> <span class='ocrx_word' id='word_1_497' title='bbox 1966 4037 2088 4091; x_wconf 63' lang='lat' dir='ltr'><strong>qua;</strong></span> 
     </span>
    </p>
   </div>
   <div class='ocr_carea' id='block_1_63' title="bbox 511 4105 2087 4177">
    <p class='ocr_par' dir='ltr' id='par_1_63' title="bbox 511 4105 2087 4177">
     <span class='ocr_line' id='line_1_63' title="bbox 511 4105 2087 4177; baseline 0.006 -18"><span class='ocrx_word' id='word_1_498' title='bbox 511 4113 837 4174; x_wconf 86' lang='lat' dir='ltr'><strong>sequuntur.</strong></span> <span class='ocrx_word' id='word_1_499' title='bbox 864 4105 1008 4161; x_wconf 81' lang='lat' dir='ltr'><strong>Nihil</strong></span> <span class='ocrx_word' id='word_1_500' title='bbox 1036 4107 1123 4163; x_wconf 90' lang='lat' dir='ltr'><strong>hic</strong></span> <span class='ocrx_word' id='word_1_501' title='bbox 1154 4109 1363 4164; x_wconf 78' lang='lat' dir='ltr'><strong>audivit</strong></span> <span class='ocrx_word' id='word_1_502' title='bbox 1394 4120 1581 4166; x_wconf 91' lang='lat' dir='ltr'><strong>contra</strong></span> <span class='ocrx_word' id='word_1_503' title='bbox 1613 4111 1799 4168; x_wconf 86' lang='lat' dir='ltr'><strong>Israel.</strong></span> <span class='ocrx_word' id='word_1_504' title='bbox 1836 4111 1960 4177; x_wconf 81' lang='lat' dir='ltr'><strong>Haec</strong></span> <span class='ocrx_word' id='word_1_505' title='bbox 1983 4129 2087 4168; x_wconf 78' lang='lat' dir='ltr'><strong>no—</strong></span> 
     </span>
    </p>
   </div>
   <div class='ocr_carea' id='block_1_64' title="bbox 511 4194 2086 4277">
    <p class='ocr_par' dir='ltr' id='par_1_64' title="bbox 511 4194 2086 4277">
     <span class='ocr_line' id='line_1_64' title="bbox 511 4194 2086 4277; baseline 0.006 -26"><span class='ocrx_word' id='word_1_506' title='bbox 511 4194 598 4251; x_wconf 83' lang='lat' dir='ltr'><strong>bis</strong></span> <span class='ocrx_word' id='word_1_507' title='bbox 623 4196 711 4250; x_wconf 91' lang='lat' dir='ltr'><strong>ille</strong></span> <span class='ocrx_word' id='word_1_508' title='bbox 744 4197 958 4253; x_wconf 83' lang='lat' dir='ltr'><strong>dicebat</strong></span> <span class='ocrx_word' id='word_1_509' title='bbox 991 4208 1249 4271; x_wconf 86' lang='lat' dir='ltr'><strong>tanquam</strong></span> <span class='ocrx_word' id='word_1_510' title='bbox 1295 4203 1492 4259; x_wconf 86' lang='lat' dir='ltr'><strong>tradita</strong></span> <span class='ocrx_word' id='word_1_511' title='bbox 1526 4203 1580 4259; x_wconf 92' lang='lat' dir='ltr'><strong>in</strong></span> <span class='ocrx_word' id='word_1_512' title='bbox 1611 4204 1744 4260; x_wconf 89' lang='lat' dir='ltr'><strong>illud</strong></span> <span class='ocrx_word' id='word_1_513' title='bbox 1773 4224 1788 4261; x_wconf 89' lang='lat'><strong>:</strong></span> <span class='ocrx_word' id='word_1_514' title='bbox 1823 4204 2086 4277; x_wconf 87' lang='lat' dir='ltr'><strong>Decepisti</strong></span> 
     </span>
    </p>
   </div>
   <div class='ocr_carea' id='block_1_65' title="bbox 510 4287 1387 4364">
    <p class='ocr_par' dir='ltr' id='par_1_65' title="bbox 510 4287 1387 4364">
     <span class='ocr_line' id='line_1_65' title="bbox 510 4287 1387 4364; baseline 0.009 -24"><span class='ocrx_word' id='word_1_515' title='bbox 510 4304 612 4352; x_wconf 82' lang='lat' dir='ltr'><strong>me,</strong></span> <span class='ocrx_word' id='word_1_516' title='bbox 639 4287 877 4356; x_wconf 75' lang='lat' dir='ltr'><strong>Domine,</strong></span> <span class='ocrx_word' id='word_1_517' title='bbox 904 4302 954 4347; x_wconf 87' lang='lat' dir='ltr'><strong>et</strong></span> <span class='ocrx_word' id='word_1_518' title='bbox 980 4293 1223 4364; x_wconf 83' lang='lat' dir='ltr'><strong>deceptus</strong></span> <span class='ocrx_word' id='word_1_519' title='bbox 1250 4311 1387 4349; x_wconf 85' lang='lat' dir='ltr'><strong>sum.</strong></span> 
     </span>
    </p>
   </div>
   <div class='ocr_carea' id='block_1_66' title="bbox 2216 2175 3783 2248">
    <p class='ocr_par' dir='ltr' id='par_1_66' title="bbox 2216 2175 3783 2248">
     <span class='ocr_line' id='line_1_66' title="bbox 2216 2175 3783 2248; baseline 0 -20"><span class='ocrx_word' id='word_1_520' title='bbox 2216 2175 2364 2247; x_wconf 87' lang='grc' dir='ltr'>μίας,</span> <span class='ocrx_word' id='word_1_521' title='bbox 2396 2176 2477 2230; x_wconf 84' lang='grc' dir='ltr'><strong>ὅτι</strong></span> <span class='ocrx_word' id='word_1_522' title='bbox 2511 2175 2896 2230; x_wconf 79' lang='grc' dir='ltr'>ἀποστέλλεται</span> <span class='ocrx_word' id='word_1_523' title='bbox 2932 2175 3068 2248; x_wconf 77' lang='grc' dir='ltr'>πρὸς</span> <span class='ocrx_word' id='word_1_524' title='bbox 3094 2176 3271 2230; x_wconf 87' lang='grc' dir='ltr'>πάντα</span> <span class='ocrx_word' id='word_1_525' title='bbox 3289 2176 3359 2231; x_wconf 76' lang='grc' dir='ltr'><strong>τά</strong></span> <span class='ocrx_word' id='word_1_526' title='bbox 3384 2175 3533 2246; x_wconf 77' lang='grc' dir='ltr'>ἔθνη,</span> <span class='ocrx_word' id='word_1_527' title='bbox 3563 2176 3646 2229; x_wconf 82' lang='grc' dir='ltr'>ὅτι</span> <span class='ocrx_word' id='word_1_528' title='bbox 3663 2175 3783 2229; x_wconf 89' lang='grc' dir='ltr'>δια-</span> 
     </span>
    </p>
   </div>
   <div class='ocr_carea' id='block_1_67' title="bbox 2210 2267 3784 2341">
    <p class='ocr_par' dir='ltr' id='par_1_67' title="bbox 2210 2267 3784 2341">
     <span class='ocr_line' id='line_1_67' title="bbox 2210 2267 3784 2341; baseline 0 -20"><span class='ocrx_word' id='word_1_529' title='bbox 2210 2267 2456 2338; x_wconf 87' lang='grc' dir='ltr'>κονήσων</span> <span class='ocrx_word' id='word_1_530' title='bbox 2484 2267 2667 2331; x_wconf 78' lang='grc' dir='ltr'>αὐτοῖς</span> <span class='ocrx_word' id='word_1_531' title='bbox 2697 2269 2954 2339; x_wconf 87' lang='grc' dir='ltr'>ποτήριον</span> <span class='ocrx_word' id='word_1_532' title='bbox 2982 2267 3173 2340; x_wconf 84' lang='grc' dir='ltr'>ὀργῆς,</span> <span class='ocrx_word' id='word_1_533' title='bbox 3212 2269 3467 2341; x_wconf 89' lang='grc' dir='ltr'>ποτήριον</span> <span class='ocrx_word' id='word_1_534' title='bbox 3491 2267 3784 2332; x_wconf 82' lang='grc' dir='ltr'>κολάσεων,</span> 
     </span>
    </p>
   </div>
   <div class='ocr_carea' id='block_1_68' title="bbox 2212 2358 3785 2433">
    <p class='ocr_par' dir='ltr' id='par_1_68' title="bbox 2212 2358 3785 2433">
     <span class='ocr_line' id='line_1_68' title="bbox 2212 2358 3785 2433; baseline -0.003 -18"><span class='ocrx_word' id='word_1_535' title='bbox 2212 2360 2287 2433; x_wconf 80' lang='grc' dir='ltr'>μὴ</span> <span class='ocrx_word' id='word_1_536' title='bbox 2311 2360 2633 2433; x_wconf 79' lang='grc' dir='ltr'>ὑπονοήσας,</span> <span class='ocrx_word' id='word_1_537' title='bbox 2656 2361 2738 2416; x_wconf 83' lang='grc' dir='ltr'>ὅτι</span> <span class='ocrx_word' id='word_1_538' title='bbox 2770 2359 2985 2432; x_wconf 78' lang='grc' dir='ltr'>Ἰσραὴλ</span> <span class='ocrx_word' id='word_1_539' title='bbox 3017 2360 3197 2432; x_wconf 82' lang='grc' dir='ltr'>μέλλει</span> <span class='ocrx_word' id='word_1_540' title='bbox 3226 2359 3399 2415; x_wconf 84' lang='grc' dir='ltr'>πίνειν</span> <span class='ocrx_word' id='word_1_541' title='bbox 3430 2360 3539 2415; x_wconf 82' lang='grc' dir='ltr'><strong>ἀπὸ</strong></span> <span class='ocrx_word' id='word_1_542' title='bbox 3562 2359 3656 2413; x_wconf 91' lang='grc' dir='ltr'><strong>τοῦ</strong></span> <span class='ocrx_word' id='word_1_543' title='bbox 3685 2358 3785 2430; x_wconf 84' lang='grc' dir='ltr'><strong>τῆς</strong></span> 
     </span>
    </p>
   </div>
   <div class='ocr_carea' id='block_1_69' title="bbox 2207 2447 3781 2525">
    <p class='ocr_par' dir='ltr' id='par_1_69' title="bbox 2207 2447 3781 2525">
     <span class='ocr_line' id='line_1_69' title="bbox 2207 2447 3781 2525; baseline -0.003 -18"><span class='ocrx_word' id='word_1_544' title='bbox 2207 2452 2480 2516; x_wconf 78' lang='grc' dir='ltr'>κολάσεως</span> <span class='ocrx_word' id='word_1_545' title='bbox 2506 2452 2786 2525; x_wconf 77' lang='grc' dir='ltr'>ποτηρίου,</span> <span class='ocrx_word' id='word_1_546' title='bbox 2810 2451 3107 2523; x_wconf 74' lang='grc' dir='ltr'>ἀπατηθεὶς</span> <span class='ocrx_word' id='word_1_547' title='bbox 3140 2451 3295 2505; x_wconf 78' lang='grc' dir='ltr'>ἔλαϐε</span> <span class='ocrx_word' id='word_1_548' title='bbox 3318 2452 3377 2505; x_wconf 82' lang='grc' dir='ltr'>τὸ</span> <span class='ocrx_word' id='word_1_549' title='bbox 3399 2452 3658 2523; x_wconf 86' lang='grc' dir='ltr'>ποτήριον</span> <span class='ocrx_word' id='word_1_550' title='bbox 3687 2447 3781 2503; x_wconf 82' lang='grc' dir='ltr'><strong>τοῦ</strong></span> 
     </span>
    </p>
   </div>
   <div class='ocr_carea' id='block_1_70' title="bbox 2206 2542 3776 2616">
    <p class='ocr_par' dir='ltr' id='par_1_70' title="bbox 2206 2542 3776 2616">
     <span class='ocr_line' id='line_1_70' title="bbox 2206 2542 3776 2616; baseline -0.003 -17"><span class='ocrx_word' id='word_1_551' title='bbox 2206 2546 2423 2601; x_wconf 85' lang='grc' dir='ltr'>ποτίσαι</span> <span class='ocrx_word' id='word_1_552' title='bbox 2448 2545 2627 2600; x_wconf 82' lang='grc' dir='ltr'>πάντα</span> <span class='ocrx_word' id='word_1_553' title='bbox 2664 2543 2736 2597; x_wconf 80' lang='grc' dir='ltr'><strong>τὰ.</strong></span> <span class='ocrx_word' id='word_1_554' title='bbox 2772 2543 2920 2616; x_wconf 73' lang='grc' dir='ltr'>ἔθνη.</span> <span class='ocrx_word' id='word_1_555' title='bbox 2949 2543 3143 2599; x_wconf 87' lang='grc' dir='ltr'>Λαϐὼν</span> <span class='ocrx_word' id='word_1_556' title='bbox 3174 2542 3236 2596; x_wconf 83' lang='grc' dir='ltr'>τὸ</span> <span class='ocrx_word' id='word_1_557' title='bbox 3259 2543 3519 2613; x_wconf 80' lang='grc' dir='ltr'>ποτήριον</span> <span class='ocrx_word' id='word_1_558' title='bbox 3542 2543 3776 2612; x_wconf 69' lang='grc' dir='ltr'>ἣκουσευ</span> 
     </span>
    </p>
   </div>
   <div class='ocr_carea' id='block_1_71' title="bbox 2203 2631 3787 2707">
    <p class='ocr_par' dir='ltr' id='par_1_71' title="bbox 2203 2631 3787 2707">
     <span class='ocr_line' id='line_1_71' title="bbox 2203 2631 3787 2707; baseline -0.001 -17"><span class='ocrx_word' id='word_1_559' title='bbox 2203 2637 2313 2690; x_wconf 75' lang='grc' dir='ltr'><strong>Καὶ</strong></span> <span class='ocrx_word' id='word_1_560' title='bbox 2340 2638 2547 2701; x_wconf 87' lang='grc' dir='ltr'>ποτιεῖς</span> <span class='ocrx_word' id='word_1_561' title='bbox 2592 2634 2807 2706; x_wconf 84' lang='grc' dir='ltr'>πρῶτον</span> <span class='ocrx_word' id='word_1_562' title='bbox 2850 2634 2949 2707; x_wconf 83' lang='grc' dir='ltr'><strong>τὴν</strong></span> <span class='ocrx_word' id='word_1_563' title='bbox 2993 2632 3534 2707; x_wconf 72' lang='grc' dir='ltr'>Ἱερουσαλήμ.Ἑπεὶ</span> <span class='ocrx_word' id='word_1_564' title='bbox 3565 2632 3623 2686; x_wconf 84' lang='grc' dir='ltr'>δὲ</span> <span class='ocrx_word' id='word_1_565' title='bbox 3653 2631 3787 2688; x_wconf 73' lang='grc' dir='ltr'>ἄλλα</span> 
     </span>
    </p>
   </div>
   <div class='ocr_carea' id='block_1_72' title="bbox 2207 2742 3781 2819">
    <p class='ocr_par' dir='ltr' id='par_1_72' title="bbox 2207 2742 3781 2819">
     <span class='ocr_line' id='line_1_72' title="bbox 2207 2742 3781 2819; baseline -0.003 -18"><span class='ocrx_word' id='word_1_566' title='bbox 2207 2748 2305 2819; x_wconf 82' lang='grc' dir='ltr'><strong>μὲν</strong></span> <span class='ocrx_word' id='word_1_567' title='bbox 2332 2747 2755 2819; x_wconf 83' lang='grc' dir='ltr'>προσεδόκησεν,</span> <span class='ocrx_word' id='word_1_568' title='bbox 2784 2745 2910 2802; x_wconf 83' lang='grc' dir='ltr'>ἄλλο</span> <span class='ocrx_word' id='word_1_569' title='bbox 2931 2746 2988 2800; x_wconf 81' lang='grc' dir='ltr'>δὲ</span> <span class='ocrx_word' id='word_1_570' title='bbox 3017 2745 3165 2817; x_wconf 80' lang='grc' dir='ltr'>αὐτῷ</span> <span class='ocrx_word' id='word_1_571' title='bbox 3189 2746 3521 2818; x_wconf 81' lang='grc' dir='ltr'>ἀπήντησεν,</span> <span class='ocrx_word' id='word_1_572' title='bbox 3548 2745 3641 2798; x_wconf 76' lang='grc' dir='ltr'>ἐπὶ</span> <span class='ocrx_word' id='word_1_573' title='bbox 3664 2742 3781 2797; x_wconf 60' lang='grc' dir='ltr'>τού.</span> 
     </span>
    </p>
   </div>
   <div class='ocr_carea' id='block_1_73' title="bbox 2200 2828 3774 2910">
    <p class='ocr_par' dir='ltr' id='par_1_73' title="bbox 2200 2828 3774 2910">
     <span class='ocr_line' id='line_1_73' title="bbox 2200 2828 3774 2910; baseline -0.001 -19"><span class='ocrx_word' id='word_1_574' title='bbox 2200 2830 2354 2910; x_wconf 55' lang='grc' dir='ltr'>τῷδέ</span> <span class='ocrx_word' id='word_1_575' title='bbox 2380 2855 2542 2910; x_wconf 81' lang='grc' dir='ltr'>φησιν</span> <span class='ocrx_word' id='word_1_576' title='bbox 2563 2855 2578 2868; x_wconf 88' lang='grc'><strong>·</strong></span> <span class='ocrx_word' id='word_1_577' title='bbox 2619 2828 2955 2905; x_wconf 78' lang='grc' dir='ltr'>Ὴπάτησάς</span> <span class='ocrx_word' id='word_1_578' title='bbox 2974 2854 3071 2906; x_wconf 85' lang='grc' dir='ltr'><strong>με,</strong></span> <span class='ocrx_word' id='word_1_579' title='bbox 3094 2838 3288 2906; x_wconf 77' lang='grc' dir='ltr'>Κύριε,</span> <span class='ocrx_word' id='word_1_580' title='bbox 3315 2837 3411 2893; x_wconf 77' lang='grc' dir='ltr'>καὶ</span> <span class='ocrx_word' id='word_1_581' title='bbox 3438 2834 3774 2904; x_wconf 72' lang='grc' dir='ltr'>ἡπατήθην.</span> 
     </span>
    </p>
   </div>
   <div class='ocr_carea' id='block_1_74' title="bbox 2202 2923 3779 3003">
    <p class='ocr_par' dir='ltr' id='par_1_74' title="bbox 2202 2923 3779 3003">
     <span class='ocr_line' id='line_1_74' title="bbox 2202 2923 3779 3003; baseline -0.004 -20"><span class='ocrx_word' id='word_1_582' title='bbox 2202 2929 2588 3002; x_wconf 87' lang='grc' dir='ltr'>Παραπλήσιον</span> <span class='ocrx_word' id='word_1_583' title='bbox 2627 2927 2797 3003; x_wconf 77' lang='grc' dir='ltr'>ταύτῃ</span> <span class='ocrx_word' id='word_1_584' title='bbox 2837 2931 2917 3000; x_wconf 56' lang='grc' dir='ltr'><strong>τῇ,</strong></span> <span class='ocrx_word' id='word_1_585' title='bbox 2951 2928 3200 3000; x_wconf 79' lang='grc' dir='ltr'>διηγήσει</span> <span class='ocrx_word' id='word_1_586' title='bbox 3224 2928 3475 2985; x_wconf 78' lang='grc' dir='ltr'>ἀπεδίδου</span> <span class='ocrx_word' id='word_1_587' title='bbox 3497 2927 3591 2981; x_wconf 69' lang='grc' dir='ltr'><strong>καὶ</strong></span> <span class='ocrx_word' id='word_1_588' title='bbox 3617 2928 3674 2979; x_wconf 81' lang='grc' dir='ltr'><strong>ἐν</strong></span> <span class='ocrx_word' id='word_1_589' title='bbox 3699 2923 3779 2998; x_wconf 79' lang='grc' dir='ltr'>τῷ</span> 
     </span>
    </p>
   </div>
   <div class='ocr_carea' id='block_1_75' title="bbox 2212 3017 3779 3096">
    <p class='ocr_par' dir='ltr' id='par_1_75' title="bbox 2212 3017 3779 3096">
     <span class='ocr_line' id='line_1_75' title="bbox 2212 3017 3779 3096; baseline -0.004 -20"><span class='ocrx_word' id='word_1_590' title='bbox 2212 3023 2443 3096; x_wconf 39' lang='grc' dir='ltr'>Ἠσαίᾳ,-</span> <span class='ocrx_word' id='word_1_591' title='bbox 2474 3023 2724 3085; x_wconf 84' lang='grc' dir='ltr'>κάκεῖνος</span> <span class='ocrx_word' id='word_1_592' title='bbox 2765 3019 2875 3090; x_wconf 83' lang='grc' dir='ltr'>γάρ</span> <span class='ocrx_word' id='word_1_593' title='bbox 2907 3020 3007 3073; x_wconf 82' lang='grc' dir='ltr'><strong>οὐκ</strong></span> <span class='ocrx_word' id='word_1_594' title='bbox 3032 3018 3187 3083; x_wconf 82' lang='grc' dir='ltr'>εἰδὼς</span> <span class='ocrx_word' id='word_1_595' title='bbox 3210 3020 3264 3072; x_wconf 89' lang='grc' dir='ltr'><strong>τί</strong></span> <span class='ocrx_word' id='word_1_596' title='bbox 3294 3018 3476 3089; x_wconf 81' lang='grc' dir='ltr'>μέλλει</span> <span class='ocrx_word' id='word_1_597' title='bbox 3501 3017 3779 3089; x_wconf 69' lang='grc' dir='ltr'>προστᾶσαι</span> 
     </span>
    </p>
   </div>
   <div class='ocr_carea' id='block_1_76' title="bbox 2200 3108 3777 3184">
    <p class='ocr_par' dir='ltr' id='par_1_76' title="bbox 2200 3108 3777 3184">
     <span class='ocr_line' id='line_1_76' title="bbox 2200 3108 3777 3184; baseline -0.003 -17"><span class='ocrx_word' id='word_1_598' title='bbox 2200 3113 2385 3168; x_wconf 88' lang='grc' dir='ltr'>σεσθαι</span> <span class='ocrx_word' id='word_1_599' title='bbox 2410 3114 2587 3182; x_wconf 72' lang='grc' dir='ltr'>λέγειν</span> <span class='ocrx_word' id='word_1_600' title='bbox 2628 3112 2706 3184; x_wconf 82' lang='grc' dir='ltr'>τῷ</span> <span class='ocrx_word' id='word_1_601' title='bbox 2744 3111 2876 3183; x_wconf 84' lang='grc' dir='ltr'>λαῷ,</span> <span class='ocrx_word' id='word_1_602' title='bbox 2904 3111 3093 3166; x_wconf 87' lang='grc' dir='ltr'>ἀκούει</span> <span class='ocrx_word' id='word_1_603' title='bbox 3118 3110 3214 3165; x_wconf 92' lang='grc' dir='ltr'><strong>τοῦ</strong></span> <span class='ocrx_word' id='word_1_604' title='bbox 3247 3109 3384 3164; x_wconf 85' lang='grc' dir='ltr'>Θεοῦ</span> <span class='ocrx_word' id='word_1_605' title='bbox 3421 3109 3563 3164; x_wconf 77' lang='grc' dir='ltr'>κατὰ</span> <span class='ocrx_word' id='word_1_606' title='bbox 3586 3108 3654 3164; x_wconf 83' lang='grc' dir='ltr'>τὰ</span> <span class='ocrx_word' id='word_1_607' title='bbox 3678 3124 3777 3178; x_wconf 84' lang='grc' dir='ltr'><strong>γε-</strong></span> 
     </span>
    </p>
   </div>
   <div class='ocr_carea' id='block_1_77' title="bbox 2193 3200 3778 3278">
    <p class='ocr_par' dir='ltr' id='par_1_77' title="bbox 2193 3200 3778 3278">
     <span class='ocr_line' id='line_1_77' title="bbox 2193 3200 3778 3278; baseline -0.003 -18"><span class='ocrx_word' id='word_1_608' title='bbox 2193 3204 2490 3278; x_wconf 80' lang='grc' dir='ltr'>γραμμένα</span> <span class='ocrx_word' id='word_1_609' title='bbox 2529 3204 2778 3273; x_wconf 75' lang='grc' dir='ltr'>λέγοντος</span> <span class='ocrx_word' id='word_1_610' title='bbox 2797 3221 2810 3236; x_wconf 87' lang='grc'><strong>·</strong></span> <span class='ocrx_word' id='word_1_611' title='bbox 2843 3204 2982 3258; x_wconf 79' lang='grc' dir='ltr'>Τίνα</span> <span class='ocrx_word' id='word_1_612' title='bbox 3017 3202 3378 3265; x_wconf 81' lang='grc' dir='ltr'>ἀποστείλω,</span> <span class='ocrx_word' id='word_1_613' title='bbox 3417 3200 3517 3255; x_wconf 77' lang='grc' dir='ltr'><strong>καί</strong></span> <span class='ocrx_word' id='word_1_614' title='bbox 3546 3201 3640 3267; x_wconf 83' lang='grc' dir='ltr'><strong>τίς</strong></span> <span class='ocrx_word' id='word_1_615' title='bbox 3664 3216 3778 3255; x_wconf 72' lang='grc' dir='ltr'>πο-</span> 
     </span>
    </p>
   </div>
   <div class='ocr_carea' id='block_1_78' title="bbox 2186 3293 3778 3366">
    <p class='ocr_par' dir='ltr' id='par_1_78' title="bbox 2186 3293 3778 3366">
     <span class='ocr_line' id='line_1_78' title="bbox 2186 3293 3778 3366; baseline -0.004 -14"><span class='ocrx_word' id='word_1_616' title='bbox 2186 3298 2469 3366; x_wconf 77' lang='grc' dir='ltr'>ρεύσεται</span> <span class='ocrx_word' id='word_1_617' title='bbox 2519 3296 2671 3350; x_wconf 81' lang='grc' dir='ltr'>κατὰ</span> <span class='ocrx_word' id='word_1_618' title='bbox 2714 3294 2824 3349; x_wconf 79' lang='grc' dir='ltr'><strong>τὸν</strong></span> <span class='ocrx_word' id='word_1_619' title='bbox 2862 3295 3020 3350; x_wconf 75' lang='grc' dir='ltr'>λαὸν</span> <span class='ocrx_word' id='word_1_620' title='bbox 3064 3294 3279 3349; x_wconf 79' lang='grc' dir='ltr'>τοῦτον</span> <span class='ocrx_word' id='word_1_621' title='bbox 3289 3311 3310 3359; x_wconf 88' lang='grc'><em>;</em></span> <span class='ocrx_word' id='word_1_622' title='bbox 3365 3296 3422 3349; x_wconf 84' lang='grc' dir='ltr'>Ὀ</span> <span class='ocrx_word' id='word_1_623' title='bbox 3466 3294 3545 3360; x_wconf 84' lang='grc' dir='ltr'>δὲ,</span> <span class='ocrx_word' id='word_1_624' title='bbox 3589 3293 3778 3364; x_wconf 62' lang='grc' dir='ltr'>φησιν,</span> 
     </span>
    </p>
   </div>
   <div class='ocr_carea' id='block_1_79' title="bbox 2193 3384 3769 3461">
    <p class='ocr_par' dir='ltr' id='par_1_79' title="bbox 2193 3384 3769 3461">
     <span class='ocr_line' id='line_1_79' title="bbox 2193 3384 3769 3461; baseline -0.002 -20"><span class='ocrx_word' id='word_1_625' title='bbox 2193 3387 2528 3461; x_wconf 85' lang='grc' dir='ltr'>ἀπεκρίνατο</span> <span class='ocrx_word' id='word_1_626' title='bbox 2543 3404 2556 3415; x_wconf 85' lang='grc'>·</span> <span class='ocrx_word' id='word_1_627' title='bbox 2581 3385 2726 3440; x_wconf 86' lang='grc' dir='ltr'>Ἰδοὺ</span> <span class='ocrx_word' id='word_1_628' title='bbox 2745 3385 2857 3455; x_wconf 77' lang='grc' dir='ltr'><strong>ἐγώ</strong></span> <span class='ocrx_word' id='word_1_629' title='bbox 2872 3388 2987 3454; x_wconf 76' lang='grc' dir='ltr'>ειμι</span> <span class='ocrx_word' id='word_1_630' title='bbox 3002 3401 3018 3418; x_wconf 79' lang='grc' dir='ltr'><strong>ο</strong></span> <span class='ocrx_word' id='word_1_631' title='bbox 3037 3386 3507 3455; x_wconf 73' lang='grc' dir='ltr'>ἀπόστειλόνμε.</span> <span class='ocrx_word' id='word_1_632' title='bbox 3539 3384 3769 3439; x_wconf 75' lang='grc' dir='ltr'>Ἀκούειο</span> 
     </span>
    </p>
   </div>
   <div class='ocr_carea' id='block_1_80' title="bbox 2194 3473 3785 3547">
    <p class='ocr_par' dir='ltr' id='par_1_80' title="bbox 2194 3473 3785 3547">
     <span class='ocr_line' id='line_1_80' title="bbox 2194 3473 3785 3547; baseline -0.003 -13"><span class='ocrx_word' id='word_1_633' title='bbox 2194 3479 2534 3547; x_wconf 79' lang='grc' dir='ltr'>Πορεύθητι,</span> <span class='ocrx_word' id='word_1_634' title='bbox 2567 3476 2667 3532; x_wconf 77' lang='grc' dir='ltr'>καὶ</span> <span class='ocrx_word' id='word_1_635' title='bbox 2694 3473 2867 3531; x_wconf 77' lang='grc' dir='ltr'>εἷπον</span> <span class='ocrx_word' id='word_1_636' title='bbox 2895 3475 2976 3542; x_wconf 82' lang='grc' dir='ltr'>τῷ</span> <span class='ocrx_word' id='word_1_637' title='bbox 3005 3476 3133 3542; x_wconf 74' lang='grc' dir='ltr'>λαῷ</span> <span class='ocrx_word' id='word_1_638' title='bbox 3160 3477 3379 3541; x_wconf 81' lang='grc' dir='ltr'>τούτῳ·</span> <span class='ocrx_word' id='word_1_639' title='bbox 3409 3476 3579 3544; x_wconf 79' lang='grc' dir='ltr'><strong>Ἀκοῇ</strong></span> <span class='ocrx_word' id='word_1_640' title='bbox 3600 3476 3785 3543; x_wconf 42' lang='grc' dir='ltr'>ἀκού·-</span> 
     </span>
    </p>
   </div>
   <div class='ocr_carea' id='block_1_81' title="bbox 2192 3566 3771 3637">
    <p class='ocr_par' dir='ltr' id='par_1_81' title="bbox 2192 3566 3771 3637">
     <span class='ocr_line' id='line_1_81' title="bbox 2192 3566 3771 3637; baseline -0.002 -12"><span class='ocrx_word' id='word_1_641' title='bbox 2192 3587 2353 3632; x_wconf 85' lang='grc' dir='ltr'>σετε,</span> <span class='ocrx_word' id='word_1_642' title='bbox 2388 3568 2486 3623; x_wconf 77' lang='grc' dir='ltr'>καὶ</span> <span class='ocrx_word' id='word_1_643' title='bbox 2513 3569 2586 3621; x_wconf 85' lang='grc' dir='ltr'>οὐ</span> <span class='ocrx_word' id='word_1_644' title='bbox 2609 3567 2694 3636; x_wconf 81' lang='grc' dir='ltr'>μὴ</span> <span class='ocrx_word' id='word_1_645' title='bbox 2715 3566 2970 3635; x_wconf 79' lang='grc' dir='ltr'>συνῆτε·</span> <span class='ocrx_word' id='word_1_646' title='bbox 3005 3567 3104 3623; x_wconf 79' lang='grc' dir='ltr'>καὶ</span> <span class='ocrx_word' id='word_1_647' title='bbox 3123 3567 3466 3634; x_wconf 71' lang='grc' dir='ltr'>,βλέποντες</span> <span class='ocrx_word' id='word_1_648' title='bbox 3486 3569 3771 3637; x_wconf 71' lang='grc' dir='ltr'>βλέψετε,</span> 
     </span>
    </p>
   </div>
   <div class='ocr_carea' id='block_1_82' title="bbox 2198 3656 3775 3728">
    <p class='ocr_par' dir='ltr' id='par_1_82' title="bbox 2198 3656 3775 3728">
     <span class='ocr_line' id='line_1_82' title="bbox 2198 3656 3775 3728; baseline -0.001 -14"><span class='ocrx_word' id='word_1_649' title='bbox 2198 3658 2297 3715; x_wconf 77' lang='grc' dir='ltr'>καὶ</span> <span class='ocrx_word' id='word_1_650' title='bbox 2315 3660 2387 3714; x_wconf 85' lang='grc' dir='ltr'>οὐ</span> <span class='ocrx_word' id='word_1_651' title='bbox 2406 3657 2492 3728; x_wconf 78' lang='grc' dir='ltr'>μὴ</span> <span class='ocrx_word' id='word_1_652' title='bbox 2511 3657 2673 3724; x_wconf 77' lang='grc' dir='ltr'>ἴδητε</span> <span class='ocrx_word' id='word_1_653' title='bbox 2691 3674 2707 3692; x_wconf 73' lang='grc' dir='ltr'>ι</span> <span class='ocrx_word' id='word_1_654' title='bbox 2729 3657 3038 3726; x_wconf 80' lang='grc' dir='ltr'><strong>ἐπαχύνθη</strong></span> <span class='ocrx_word' id='word_1_655' title='bbox 3066 3657 3174 3727; x_wconf 54' lang='grc' dir='ltr'><strong>’πὰρ</strong></span> <span class='ocrx_word' id='word_1_656' title='bbox 3188 3658 3230 3724; x_wconf 80' lang='grc' dir='ltr'><em>ὴ</em></span> <span class='ocrx_word' id='word_1_657' title='bbox 3245 3656 3460 3725; x_wconf 80' lang='grc' dir='ltr'>καρδία</span> <span class='ocrx_word' id='word_1_658' title='bbox 3487 3658 3593 3713; x_wconf 80' lang='grc' dir='ltr'><strong>τοῦ</strong></span> <span class='ocrx_word' id='word_1_659' title='bbox 3617 3657 3775 3712; x_wconf 76' lang='grc' dir='ltr'>λαοῦ</span> 
     </span>
    </p>
   </div>
   <div class='ocr_carea' id='block_1_83' title="bbox 2194 3743 3773 3820">
    <p class='ocr_par' dir='ltr' id='par_1_83' title="bbox 2194 3743 3773 3820">
     <span class='ocr_line' id='line_1_83' title="bbox 2194 3743 3773 3820; baseline -0.001 -14"><span class='ocrx_word' id='word_1_660' title='bbox 2194 3752 2429 3815; x_wconf 87' lang='grc' dir='ltr'>τούτου,</span> <span class='ocrx_word' id='word_1_661' title='bbox 2473 3749 2568 3802; x_wconf 80' lang='grc' dir='ltr'>καὶ</span> <span class='ocrx_word' id='word_1_662' title='bbox 2597 3748 2666 3805; x_wconf 82' lang='grc' dir='ltr'><strong>τά</strong></span> <span class='ocrx_word' id='word_1_663' title='bbox 2704 3746 2851 3819; x_wconf 78' lang='grc' dir='ltr'>ἑξῆς.</span> <span class='ocrx_word' id='word_1_664' title='bbox 2870 3748 3022 3802; x_wconf 78' lang='grc' dir='ltr'>Ἐπεὶ</span> <span class='ocrx_word' id='word_1_665' title='bbox 3048 3743 3161 3814; x_wconf 79' lang='grc' dir='ltr'>οὖν,</span> <span class='ocrx_word' id='word_1_666' title='bbox 3210 3749 3284 3819; x_wconf 80' lang='grc' dir='ltr'><strong>μὴ</strong></span> <span class='ocrx_word' id='word_1_667' title='bbox 3320 3747 3474 3812; x_wconf 71' lang='grc' dir='ltr'>εἰδὼς</span> <span class='ocrx_word' id='word_1_668' title='bbox 3519 3747 3547 3801; x_wconf 88' lang='grc' dir='ltr'><strong>ὂ</strong></span> <span class='ocrx_word' id='word_1_669' title='bbox 3591 3746 3773 3820; x_wconf 79' lang='grc' dir='ltr'>μέλλει</span> 
     </span>
    </p>
   </div>
   <div class='ocr_carea' id='block_1_84' title="bbox 2194 3837 3771 3913">
    <p class='ocr_par' dir='ltr' id='par_1_84' title="bbox 2194 3837 3771 3913">
     <span class='ocr_line' id='line_1_84' title="bbox 2194 3837 3771 3913; baseline -0.001 -20"><span class='ocrx_word' id='word_1_670' title='bbox 2194 3840 2579 3913; x_wconf 80' lang='grc' dir='ltr'>προφητεύειν,</span> <span class='ocrx_word' id='word_1_671' title='bbox 2604 3840 2699 3897; x_wconf 75' lang='grc' dir='ltr'><strong>καὶ</strong></span> <span class='ocrx_word' id='word_1_672' title='bbox 2724 3839 2804 3892; x_wconf 79' lang='grc' dir='ltr'><strong>ὅτι</strong></span> <span class='ocrx_word' id='word_1_673' title='bbox 2837 3838 3020 3908; x_wconf 77' lang='grc' dir='ltr'>μέλλει</span> <span class='ocrx_word' id='word_1_674' title='bbox 3047 3839 3290 3895; x_wconf 85' lang='grc' dir='ltr'>ἀπειλεῖν</span> <span class='ocrx_word' id='word_1_675' title='bbox 3323 3838 3401 3910; x_wconf 81' lang='grc' dir='ltr'>τῷ</span> <span class='ocrx_word' id='word_1_676' title='bbox 3431 3838 3566 3909; x_wconf 79' lang='grc' dir='ltr'>λαῷ,</span> <span class='ocrx_word' id='word_1_677' title='bbox 3593 3837 3771 3893; x_wconf 86' lang='grc' dir='ltr'>τοιάδε</span> 
     </span>
    </p>
   </div>
   <div class='ocr_carea' id='block_1_85' title="bbox 2192 3928 3773 4002">
    <p class='ocr_par' dir='ltr' id='par_1_85' title="bbox 2192 3928 3773 4002">
     <span class='ocr_line' id='line_1_85' title="bbox 2192 3928 3773 4002; baseline -0.001 -14"><span class='ocrx_word' id='word_1_678' title='bbox 2192 3928 2346 3988; x_wconf 77' lang='grc' dir='ltr'>εἷπεν</span> <span class='ocrx_word' id='word_1_679' title='bbox 2369 3950 2382 3965; x_wconf 80' lang='grc' dir='ltr'><strong>ο</strong></span> <span class='ocrx_word' id='word_1_680' title='bbox 2448 3930 2596 3986; x_wconf 85' lang='grc' dir='ltr'>Ἰδοὺ</span> <span class='ocrx_word' id='word_1_681' title='bbox 2643 3930 2759 4002; x_wconf 61' lang='grc' dir='ltr'><strong>ἐγώ</strong></span> <span class='ocrx_word' id='word_1_682' title='bbox 2786 3932 2931 4000; x_wconf 62' lang='grc' dir='ltr'>εἰμι*</span> <span class='ocrx_word' id='word_1_683' title='bbox 2962 3932 3330 3989; x_wconf 75' lang='grc' dir='ltr'>ἀπόστειλον</span> <span class='ocrx_word' id='word_1_684' title='bbox 3353 3948 3425 3993; x_wconf 73' lang='grc' dir='ltr'><strong>με</strong></span> <span class='ocrx_word' id='word_1_685' title='bbox 3445 3949 3459 3962; x_wconf 85' lang='grc'><strong>·</strong></span> <span class='ocrx_word' id='word_1_686' title='bbox 3489 3932 3578 3988; x_wconf 84' lang='grc' dir='ltr'><strong>διά</strong></span> <span class='ocrx_word' id='word_1_687' title='bbox 3615 3930 3773 3987; x_wconf 81' lang='grc' dir='ltr'>τοῦτό</span> 
     </span>
    </p>
   </div>
   <div class='ocr_carea' id='block_1_86' title="bbox 2192 4019 3773 4094">
    <p class='ocr_par' dir='ltr' id='par_1_86' title="bbox 2192 4019 3773 4094">
     <span class='ocr_line' id='line_1_86' title="bbox 2192 4019 3773 4094; baseline 0.001 -18"><span class='ocrx_word' id='word_1_688' title='bbox 2192 4040 2356 4094; x_wconf 77' lang='grc' dir='ltr'>φησιν</span> <span class='ocrx_word' id='word_1_689' title='bbox 2373 4023 2430 4075; x_wconf 82' lang='grc' dir='ltr'>ὲν</span> <span class='ocrx_word' id='word_1_690' title='bbox 2443 4025 2556 4085; x_wconf 80' lang='grc' dir='ltr'>τοῖς</span> <span class='ocrx_word' id='word_1_691' title='bbox 2572 4020 2700 4092; x_wconf 76' lang='grc' dir='ltr'>ἑξῆς</span> <span class='ocrx_word' id='word_1_692' title='bbox 2713 4019 2881 4091; x_wconf 74' lang='grc' dir='ltr'><strong>φωνὴ</strong></span> <span class='ocrx_word' id='word_1_693' title='bbox 2893 4019 3177 4093; x_wconf 70' lang='grc' dir='ltr'>λέγοντος</span> <span class='ocrx_word' id='word_1_694' title='bbox 3194 4035 3212 4058; x_wconf 70' lang='grc' dir='ltr'><strong>ε</strong></span> <span class='ocrx_word' id='word_1_695' title='bbox 3232 4022 3493 4089; x_wconf 81' lang='grc' dir='ltr'>Βόησον.</span> <span class='ocrx_word' id='word_1_696' title='bbox 3520 4021 3576 4075; x_wconf 84' lang='lat'><strong>&#39;0</strong></span> <span class='ocrx_word' id='word_1_697' title='bbox 3597 4020 3654 4081; x_wconf 73' lang='grc' dir='ltr'>δὲ</span> <span class='ocrx_word' id='word_1_698' title='bbox 3672 4021 3773 4077; x_wconf 76' lang='grc' dir='ltr'><strong>οὐκ</strong></span> 
     </span>
    </p>
   </div>
   <div class='ocr_carea' id='block_1_87' title="bbox 2192 4106 3771 4186">
    <p class='ocr_par' dir='ltr' id='par_1_87' title="bbox 2192 4106 3771 4186">
     <span class='ocr_line' id='line_1_87' title="bbox 2192 4106 3771 4186; baseline -0.003 -18"><span class='ocrx_word' id='word_1_699' title='bbox 2192 4114 2545 4186; x_wconf 87' lang='grc' dir='ltr'>ἀπεκρίνατο,</span> <span class='ocrx_word' id='word_1_700' title='bbox 2574 4113 2649 4177; x_wconf 84' lang='grc' dir='ltr'>ὡς</span> <span class='ocrx_word' id='word_1_701' title='bbox 2672 4113 2951 4185; x_wconf 86' lang='grc' dir='ltr'>πρόθυμος</span> <span class='ocrx_word' id='word_1_702' title='bbox 2982 4112 3203 4183; x_wconf 74' lang='grc' dir='ltr'>ποιῆσαι</span> <span class='ocrx_word' id='word_1_703' title='bbox 3230 4111 3290 4165; x_wconf 81' lang='grc' dir='ltr'>τὺ</span> <span class='ocrx_word' id='word_1_704' title='bbox 3312 4106 3771 4183; x_wconf 79' lang='grc' dir='ltr'>ὑποτασσόμενον,</span> 
     </span>
    </p>
   </div>
   <div class='ocr_carea' id='block_1_88' title="bbox 2193 4200 3773 4271">
    <p class='ocr_par' dir='ltr' id='par_1_88' title="bbox 2193 4200 3773 4271">
     <span class='ocr_line' id='line_1_88' title="bbox 2193 4200 3773 4271; baseline -0.003 -11"><span class='ocrx_word' id='word_1_705' title='bbox 2193 4205 2307 4261; x_wconf 85' lang='grc' dir='ltr'>ἀλλ’</span> <span class='ocrx_word' id='word_1_706' title='bbox 2332 4200 2453 4259; x_wconf 79' lang='grc' dir='ltr'>είπε</span> <span class='ocrx_word' id='word_1_707' title='bbox 2471 4220 2486 4236; x_wconf 74' lang='grc' dir='ltr'><strong>ο</strong></span> <span class='ocrx_word' id='word_1_708' title='bbox 2527 4203 2588 4258; x_wconf 88' lang='grc' dir='ltr'><strong>Τί</strong></span> <span class='ocrx_word' id='word_1_709' title='bbox 2611 4203 2826 4270; x_wconf 78' lang='grc' dir='ltr'>,βοήσω</span> <span class='ocrx_word' id='word_1_710' title='bbox 2843 4217 2863 4267; x_wconf 86' lang='grc'><strong><em>;</em></strong></span> <span class='ocrx_word' id='word_1_711' title='bbox 2891 4200 3190 4257; x_wconf 78' lang='grc' dir='ltr'>Εὐλαϐεῖτο</span> <span class='ocrx_word' id='word_1_712' title='bbox 3223 4200 3331 4271; x_wconf 82' lang='grc' dir='ltr'><strong>γὰρ</strong></span> <span class='ocrx_word' id='word_1_713' title='bbox 3364 4200 3575 4271; x_wconf 87' lang='grc' dir='ltr'>μήποτε</span> <span class='ocrx_word' id='word_1_714' title='bbox 3608 4201 3773 4255; x_wconf 82' lang='grc' dir='ltr'>πάλιν</span> 
     </span>
    </p>
   </div>
   <div class='ocr_carea' id='block_1_89' title="bbox 2193 4291 3772 4370">
    <p class='ocr_par' dir='ltr' id='par_1_89' title="bbox 2193 4291 3772 4370">
     <span class='ocr_line' id='line_1_89' title="bbox 2193 4291 3772 4370; baseline -0.004 -18"><span class='ocrx_word' id='word_1_715' title='bbox 2193 4297 2404 4370; x_wconf 84' lang='grc' dir='ltr'>ἀκούσῃ</span> <span class='ocrx_word' id='word_1_716' title='bbox 2439 4297 2516 4362; x_wconf 84' lang='grc' dir='ltr'><strong>ὡς</strong></span> <span class='ocrx_word' id='word_1_717' title='bbox 2541 4296 2634 4350; x_wconf 72' lang='grc' dir='ltr'><strong>ἐπὶ</strong></span> <span class='ocrx_word' id='word_1_718' title='bbox 2665 4295 2762 4366; x_wconf 84' lang='grc' dir='ltr'>τῆς</span> <span class='ocrx_word' id='word_1_719' title='bbox 2790 4293 3062 4366; x_wconf 81' lang='grc' dir='ltr'>προτέρας</span> <span class='ocrx_word' id='word_1_720' title='bbox 3085 4291 3450 4365; x_wconf 78' lang='grc' dir='ltr'>προφητείας·</span> <span class='ocrx_word' id='word_1_721' title='bbox 3477 4293 3772 4361; x_wconf 61' lang='grc' dir='ltr'>Πορεύθης</span> 
     </span>
    </p>
   </div>
   <div class='ocr_carea' id='block_1_90' title="bbox 506 4382 3772 4463">
    <p class='ocr_par' dir='ltr' id='par_1_90' title="bbox 506 4382 3772 4463">
     <span class='ocr_line' id='line_1_90' title="bbox 506 4382 3772 4463; baseline 0.004 -26"><span class='ocrx_word' id='word_1_722' title='bbox 506 4401 582 4451; x_wconf 74' lang='grc' dir='ltr'><strong>τι,</strong></span> <span class='ocrx_word' id='word_1_723' title='bbox 606 4386 704 4439; x_wconf 79' lang='grc' dir='ltr'>καὶ</span> <span class='ocrx_word' id='word_1_724' title='bbox 730 4382 903 4440; x_wconf 78' lang='grc' dir='ltr'>εἷπον</span> <span class='ocrx_word' id='word_1_725' title='bbox 924 4386 1005 4452; x_wconf 83' lang='grc' dir='ltr'>τῷ</span> <span class='ocrx_word' id='word_1_726' title='bbox 1039 4388 1168 4454; x_wconf 77' lang='grc' dir='ltr'>λαῷ</span> <span class='ocrx_word' id='word_1_727' title='bbox 1203 4391 1418 4457; x_wconf 80' lang='grc' dir='ltr'>τούτῳ·</span> <span class='ocrx_word' id='word_1_728' title='bbox 1455 4390 1623 4461; x_wconf 78' lang='grc' dir='ltr'>Ἀκοῇ</span> <span class='ocrx_word' id='word_1_729' title='bbox 1644 4393 1959 4461; x_wconf 76' lang='grc' dir='ltr'>ἀκούσετε,</span> <span class='ocrx_word' id='word_1_730' title='bbox 1986 4393 2086 4447; x_wconf 83' lang='grc' dir='ltr'>καὶ</span> <span class='ocrx_word' id='word_1_731' title='bbox 2123 4394 2195 4447; x_wconf 84' lang='grc' dir='ltr'>οὐ</span> <span class='ocrx_word' id='word_1_732' title='bbox 2218 4393 2304 4463; x_wconf 80' lang='grc' dir='ltr'>μὴ</span> <span class='ocrx_word' id='word_1_733' title='bbox 2333 4391 2581 4461; x_wconf 75' lang='grc' dir='ltr'>συνῆτε.</span> <span class='ocrx_word' id='word_1_734' title='bbox 2618 4392 2679 4445; x_wconf 89' lang='grc' dir='ltr'><strong>Τί</strong></span> <span class='ocrx_word' id='word_1_735' title='bbox 2698 4386 2792 4444; x_wconf 76' lang='grc' dir='ltr'><strong>οὖν</strong></span> <span class='ocrx_word' id='word_1_736' title='bbox 2816 4387 3064 4455; x_wconf 82' lang='grc' dir='ltr'>,ϐοήσω;</span> <span class='ocrx_word' id='word_1_737' title='bbox 3101 4385 3276 4441; x_wconf 85' lang='grc' dir='ltr'>Πᾶσα</span> <span class='ocrx_word' id='word_1_738' title='bbox 3329 4385 3486 4454; x_wconf 78' lang='grc' dir='ltr'>σὰρξ</span> <span class='ocrx_word' id='word_1_739' title='bbox 3536 4385 3772 4455; x_wconf 70' lang='grc' dir='ltr'>χόρτος.</span> 
     </span>
    </p>
   </div>
   <div class='ocr_carea' id='block_1_91' title="bbox 507 4472 3767 4557">
    <p class='ocr_par' dir='ltr' id='par_1_91' title="bbox 507 4472 3767 4557">
     <span class='ocr_line' id='line_1_91' title="bbox 507 4472 3767 4557; baseline 0.002 -28"><span class='ocrx_word' id='word_1_740' title='bbox 507 4472 610 4529; x_wconf 75' lang='grc' dir='ltr'><strong>καί</strong></span> <span class='ocrx_word' id='word_1_741' title='bbox 656 4473 826 4530; x_wconf 79' lang='grc' dir='ltr'>πᾶσα</span> <span class='ocrx_word' id='word_1_742' title='bbox 873 4474 1024 4540; x_wconf 78' lang='grc' dir='ltr'>δόξα</span> <span class='ocrx_word' id='word_1_743' title='bbox 1073 4477 1262 4545; x_wconf 82' lang='grc' dir='ltr'>αὐτῆς</span> <span class='ocrx_word' id='word_1_744' title='bbox 1301 4480 1380 4545; x_wconf 85' lang='grc' dir='ltr'>ὠς</span> <span class='ocrx_word' id='word_1_745' title='bbox 1417 4479 1600 4549; x_wconf 75' lang='grc' dir='ltr'>ἄνθος</span> <span class='ocrx_word' id='word_1_746' title='bbox 1627 4484 1864 4552; x_wconf 77' lang='grc' dir='ltr'>χόρτου,</span> <span class='ocrx_word' id='word_1_747' title='bbox 1919 4486 2012 4538; x_wconf 76' lang='grc' dir='ltr'><strong>καὶ</strong></span> <span class='ocrx_word' id='word_1_748' title='bbox 2069 4484 2139 4538; x_wconf 76' lang='grc' dir='ltr'>τὰ</span> <span class='ocrx_word' id='word_1_749' title='bbox 2176 4484 2321 4557; x_wconf 80' lang='grc' dir='ltr'>ἑξῆς.</span> <span class='ocrx_word' id='word_1_750' title='bbox 2371 4482 2536 4537; x_wconf 80' lang='grc' dir='ltr'>Οὐδὲν</span> <span class='ocrx_word' id='word_1_751' title='bbox 2580 4482 2813 4553; x_wconf 71' lang='grc' dir='ltr'>ἤκουσεν</span> <span class='ocrx_word' id='word_1_752' title='bbox 2861 4481 2919 4532; x_wconf 77' lang='grc' dir='ltr'>ὲν</span> <span class='ocrx_word' id='word_1_753' title='bbox 2964 4476 3174 4541; x_wconf 86' lang='grc' dir='ltr'>τούτοις</span> <span class='ocrx_word' id='word_1_754' title='bbox 3213 4474 3353 4530; x_wconf 83' lang='grc' dir='ltr'>κατὰ</span> <span class='ocrx_word' id='word_1_755' title='bbox 3403 4473 3494 4531; x_wconf 78' lang='grc' dir='ltr'><strong>τοῦ</strong></span> <span class='ocrx_word' id='word_1_756' title='bbox 3533 4475 3767 4548; x_wconf 77' lang='grc' dir='ltr'>Ἰσραήλ.</span> 
     </span>
    </p>
   </div>
   <div class='ocr_carea' id='block_1_92' title="bbox 507 4566 2937 4649">
    <p class='ocr_par' dir='ltr' id='par_1_92' title="bbox 507 4566 2937 4649">
     <span class='ocr_line' id='line_1_92' title="bbox 507 4566 2937 4649; baseline 0.002 -27"><span class='ocrx_word' id='word_1_757' title='bbox 507 4566 674 4623; x_wconf 83' lang='grc' dir='ltr'>Ταῦτ’</span> <span class='ocrx_word' id='word_1_758' title='bbox 704 4570 888 4640; x_wconf 78' lang='grc' dir='ltr'>ἔλεγεν</span> <span class='ocrx_word' id='word_1_759' title='bbox 922 4572 1052 4642; x_wconf 78' lang='grc' dir='ltr'>ἡμῖν</span> <span class='ocrx_word' id='word_1_760' title='bbox 1088 4572 1294 4636; x_wconf 77' lang='grc' dir='ltr'>ἐκεῖνος</span> <span class='ocrx_word' id='word_1_761' title='bbox 1337 4573 1608 4645; x_wconf 81' lang='grc' dir='ltr'>παραδοὺς</span> <span class='ocrx_word' id='word_1_762' title='bbox 1628 4576 1717 4629; x_wconf 75' lang='grc' dir='ltr'><strong>τόο</strong></span> <span class='ocrx_word' id='word_1_763' title='bbox 1758 4577 2093 4646; x_wconf 82' lang='grc' dir='ltr'>Ἠπατησάς</span> <span class='ocrx_word' id='word_1_764' title='bbox 2123 4597 2221 4649; x_wconf 84' lang='grc' dir='ltr'><strong>με,</strong></span> <span class='ocrx_word' id='word_1_765' title='bbox 2253 4579 2449 4645; x_wconf 84' lang='grc' dir='ltr'>Κύριε,</span> <span class='ocrx_word' id='word_1_766' title='bbox 2479 4575 2578 4629; x_wconf 73' lang='grc' dir='ltr'>καὶ</span> <span class='ocrx_word' id='word_1_767' title='bbox 2599 4573 2937 4643; x_wconf 81' lang='grc' dir='ltr'>ήπατήθην.</span> 
     </span>
    </p>
   </div>
   <div class='ocr_carea' id='block_1_93' title="bbox 580 4659 2164 4735">
    <p class='ocr_par' dir='ltr' id='par_1_93' title="bbox 580 4659 2164 4735">
     <span class='ocr_line' id='line_1_93' title="bbox 580 4659 2164 4735; baseline 0.012 -23"><span class='ocrx_word' id='word_1_768' title='bbox 580 4659 635 4715; x_wconf 79' lang='lat'><strong>‘5.</strong></span> <span class='ocrx_word' id='word_1_769' title='bbox 676 4660 788 4731; x_wconf 88' lang='lat' dir='ltr'><strong>Ego</strong></span> <span class='ocrx_word' id='word_1_770' title='bbox 829 4677 959 4718; x_wconf 89' lang='lat' dir='ltr'><strong>vero</strong></span> <span class='ocrx_word' id='word_1_771' title='bbox 1003 4671 1134 4733; x_wconf 92' lang='lat' dir='ltr'><strong>opto</strong></span> <span class='ocrx_word' id='word_1_772' title='bbox 1181 4678 1451 4733; x_wconf 80' lang='lat' dir='ltr'><strong>nequcea</strong></span> <span class='ocrx_word' id='word_1_773' title='bbox 1481 4680 1604 4735; x_wconf 71' lang='lat' dir='ltr'><strong>quae</strong></span> <span class='ocrx_word' id='word_1_774' title='bbox 1638 4668 1709 4722; x_wconf 88' lang='lat' dir='ltr'><strong>ab</strong></span> <span class='ocrx_word' id='word_1_775' title='bbox 1730 4668 1854 4725; x_wconf 89' lang='lat' dir='ltr'><strong>aliis</strong></span> <span class='ocrx_word' id='word_1_776' title='bbox 1889 4670 2081 4726; x_wconf 86' lang='lat' dir='ltr'><strong>tradita</strong></span> <span class='ocrx_word' id='word_1_777' title='bbox 2118 4673 2164 4731; x_wconf 85' lang='grc' dir='ltr'><strong>υ</strong></span> 
     </span>
    </p>
   </div>
   <div class='ocr_carea' id='block_1_94' title="bbox 505 4750 2086 4833">
    <p class='ocr_par' dir='ltr' id='par_1_94' title="bbox 505 4750 2086 4833">
     <span class='ocr_line' id='line_1_94' title="bbox 505 4750 2086 4833; baseline 0.009 -29"><span class='ocrx_word' id='word_1_778' title='bbox 505 4750 741 4820; x_wconf 89' lang='lat' dir='ltr'><strong>accipio,</strong></span> <span class='ocrx_word' id='word_1_779' title='bbox 779 4769 996 4810; x_wconf 85' lang='lat' dir='ltr'><strong>servare</strong></span> <span class='ocrx_word' id='word_1_780' title='bbox 1049 4755 1188 4821; x_wconf 88' lang='lat' dir='ltr'><strong>sola,</strong></span> <span class='ocrx_word' id='word_1_781' title='bbox 1238 4771 1415 4827; x_wconf 88' lang='lat' dir='ltr'><strong>neque</strong></span> <span class='ocrx_word' id='word_1_782' title='bbox 1456 4758 1719 4813; x_wconf 88' lang='lat' dir='ltr'><strong>talentum</strong></span> <span class='ocrx_word' id='word_1_783' title='bbox 1775 4775 1962 4823; x_wconf 87' lang='lat' dir='ltr'><strong>eorum</strong></span> <span class='ocrx_word' id='word_1_784' title='bbox 1993 4765 2086 4833; x_wconf 92' lang='lat' dir='ltr'><strong>qui</strong></span> 
     </span>
    </p>
   </div>
   <div class='ocr_carea' id='block_1_95' title="bbox 511 4841 2088 4923">
    <p class='ocr_par' dir='ltr' id='par_1_95' title="bbox 511 4841 2088 4923">
     <span class='ocr_line' id='line_1_95' title="bbox 511 4841 2088 4923; baseline 0.008 -26"><span class='ocrx_word' id='word_1_785' title='bbox 511 4841 649 4897; x_wconf 80' lang='lat' dir='ltr'><strong>mihi</strong></span> <span class='ocrx_word' id='word_1_786' title='bbox 703 4843 907 4912; x_wconf 87' lang='lat' dir='ltr'><strong>aliquid</strong></span> <span class='ocrx_word' id='word_1_787' title='bbox 959 4846 1166 4911; x_wconf 88' lang='lat' dir='ltr'><strong>dicunt,</strong></span> <span class='ocrx_word' id='word_1_788' title='bbox 1224 4848 1278 4902; x_wconf 89' lang='lat' dir='ltr'><strong>in</strong></span> <span class='ocrx_word' id='word_1_789' title='bbox 1324 4846 1525 4905; x_wconf 80' lang='lat' dir='ltr'><strong>terram</strong></span> <span class='ocrx_word' id='word_1_790' title='bbox 1582 4850 1856 4916; x_wconf 80' lang='lat' dir='ltr'><strong>defodere,</strong></span> <span class='ocrx_word' id='word_1_791' title='bbox 1913 4868 2088 4923; x_wconf 90' lang='lat' dir='ltr'><strong>neque</strong></span> 
     </span>
    </p>
   </div>
   <div class='ocr_carea' id='block_1_96' title="bbox 508 4934 2089 5012">
    <p class='ocr_par' dir='ltr' id='par_1_96' title="bbox 508 4934 2089 5012">
     <span class='ocr_line' id='line_1_96' title="bbox 508 4934 2089 5012; baseline 0.009 -25"><span class='ocrx_word' id='word_1_792' title='bbox 508 4934 714 5003; x_wconf 75' lang='lat' dir='ltr'><strong>minam</strong></span> <span class='ocrx_word' id='word_1_793' title='bbox 741 4949 927 4989; x_wconf 91' lang='lat' dir='ltr'><strong>eorum</strong></span> <span class='ocrx_word' id='word_1_794' title='bbox 957 4938 1051 5007; x_wconf 90' lang='lat' dir='ltr'><strong>qui</strong></span> <span class='ocrx_word' id='word_1_795' title='bbox 1079 4939 1208 4995; x_wconf 91' lang='lat' dir='ltr'><strong>utile</strong></span> <span class='ocrx_word' id='word_1_796' title='bbox 1236 4941 1511 5012; x_wconf 88' lang='lat' dir='ltr'><strong>quidpiam</strong></span> <span class='ocrx_word' id='word_1_797' title='bbox 1539 4935 1754 5009; x_wconf 84' lang='lat' dir='ltr'><strong>docent,</strong></span> <span class='ocrx_word' id='word_1_798' title='bbox 1781 4944 1833 4999; x_wconf 91' lang='lat' dir='ltr'><strong>in</strong></span> <span class='ocrx_word' id='word_1_799' title='bbox 1866 4946 2089 5002; x_wconf 85' lang='lat' dir='ltr'><strong>sudario</strong></span> 
     </span>
    </p>
   </div>
   <div class='ocr_carea' id='block_1_97' title="bbox 507 5025 2084 5108">
    <p class='ocr_par' dir='ltr' id='par_1_97' title="bbox 507 5025 2084 5108">
     <span class='ocr_line' id='line_1_97' title="bbox 507 5025 2084 5108; baseline 0.005 -23"><span class='ocrx_word' id='word_1_800' title='bbox 507 5025 786 5098; x_wconf 82' lang='lat' dir='ltr'><strong>colligare,</strong></span> <span class='ocrx_word' id='word_1_801' title='bbox 803 5027 896 5083; x_wconf 89' lang='lat' dir='ltr'><strong>sed</strong></span> <span class='ocrx_word' id='word_1_802' title='bbox 922 5029 1283 5100; x_wconf 84' lang='lat' dir='ltr'><strong>multiplicare</strong></span> <span class='ocrx_word' id='word_1_803' title='bbox 1300 5044 1564 5105; x_wconf 64' lang='lat' dir='ltr'><strong>praecepta</strong></span> <span class='ocrx_word' id='word_1_804' title='bbox 1591 5037 1945 5108; x_wconf 66' lang='lat' dir='ltr'><strong>quze&#39;accipio</strong></span> <span class='ocrx_word' id='word_1_805' title='bbox 1972 5048 2084 5093; x_wconf 85' lang='lat' dir='ltr'><strong>tra-</strong></span> 
     </span>
    </p>
   </div>
   <div class='ocr_carea' id='block_1_98' title="bbox 513 5115 2083 5199">
    <p class='ocr_par' dir='ltr' id='par_1_98' title="bbox 513 5115 2083 5199">
     <span class='ocr_line' id='line_1_98' title="bbox 513 5115 2083 5199; baseline 0.006 -24"><span class='ocrx_word' id='word_1_806' title='bbox 513 5115 622 5176; x_wconf 67' lang='lat' dir='ltr'><strong>dita</strong></span> <span class='ocrx_word' id='word_1_807' title='bbox 652 5121 722 5177; x_wconf 87' lang='lat' dir='ltr'><strong>ab</strong></span> <span class='ocrx_word' id='word_1_808' title='bbox 738 5137 803 5176; x_wconf 90' lang='lat' dir='ltr'><strong>eo</strong></span> <span class='ocrx_word' id='word_1_809' title='bbox 821 5122 913 5192; x_wconf 92' lang='lat' dir='ltr'><strong>qui</strong></span> <span class='ocrx_word' id='word_1_810' title='bbox 932 5123 1086 5178; x_wconf 89' lang='lat' dir='ltr'><strong>utilia</strong></span> <span class='ocrx_word' id='word_1_811' title='bbox 1111 5127 1517 5194; x_wconf 87' lang='lat' dir='ltr'><strong>potest-tradere</strong></span> <span class='ocrx_word' id='word_1_812' title='bbox 1532 5129 1596 5185; x_wconf 72' lang='grc'><strong>⁷³.</strong></span> <span class='ocrx_word' id='word_1_813' title='bbox 1617 5125 1861 5199; x_wconf 76' lang='lat' dir='ltr'><strong>Optarim</strong></span> <span class='ocrx_word' id='word_1_814' title='bbox 1881 5131 2083 5185; x_wconf 89' lang='lat' dir='ltr'><strong>minam</strong></span> 
     </span>
    </p>
   </div>
   <div class='ocr_carea' id='block_1_99' title="bbox 508 5211 2085 5292">
    <p class='ocr_par' dir='ltr' id='par_1_99' title="bbox 508 5211 2085 5292">
     <span class='ocr_line' id='line_1_99' title="bbox 508 5211 2085 5292; baseline 0.006 -23"><span class='ocrx_word' id='word_1_815' title='bbox 508 5214 625 5269; x_wconf 77' lang='lat' dir='ltr'><strong>sive</strong></span> <span class='ocrx_word' id='word_1_816' title='bbox 640 5211 942 5282; x_wconf 83' lang='lat' dir='ltr'><strong>Evangelii,</strong></span> <span class='ocrx_word' id='word_1_817' title='bbox 963 5214 1077 5270; x_wconf 84' lang='lat' dir='ltr'><strong>sive</strong></span> <span class='ocrx_word' id='word_1_818' title='bbox 1101 5214 1369 5286; x_wconf 82' lang='lat' dir='ltr'><strong>Apostoli,</strong></span> <span class='ocrx_word' id='word_1_819' title='bbox 1383 5218 1495 5273; x_wconf 82' lang='lat' dir='ltr'><strong>sive</strong></span> <span class='ocrx_word' id='word_1_820' title='bbox 1510 5220 1808 5290; x_wconf 67' lang='lat' dir='ltr'><strong>prOphetas,</strong></span> <span class='ocrx_word' id='word_1_821' title='bbox 1824 5221 1938 5278; x_wconf 88' lang='lat' dir='ltr'><strong>sive</strong></span> <span class='ocrx_word' id='word_1_822' title='bbox 1954 5222 2085 5292; x_wconf 86' lang='lat' dir='ltr'><strong>legis</strong></span> 
     </span>
    </p>
   </div>
   <div class='ocr_carea' id='block_1_100' title="bbox 507 5303 2088 5381">
    <p class='ocr_par' dir='ltr' id='par_1_100' title="bbox 507 5303 2088 5381">
     <span class='ocr_line' id='line_1_100' title="bbox 507 5303 2088 5381; baseline 0.006 -22"><span class='ocrx_word' id='word_1_823' title='bbox 507 5319 727 5376; x_wconf 87' lang='lat' dir='ltr'><strong>augere.</strong></span> <span class='ocrx_word' id='word_1_824' title='bbox 750 5303 848 5361; x_wconf 86' lang='lat' dir='ltr'><strong>His</strong></span> <span class='ocrx_word' id='word_1_825' title='bbox 868 5305 1091 5372; x_wconf 89' lang='lat' dir='ltr'><strong>auditis,</strong></span> <span class='ocrx_word' id='word_1_826' title='bbox 1111 5323 1321 5362; x_wconf 88' lang='lat' dir='ltr'><strong>mecum</strong></span> <span class='ocrx_word' id='word_1_827' title='bbox 1341 5309 1456 5379; x_wconf 89' lang='lat' dir='ltr'><strong>ipse</strong></span> <span class='ocrx_word' id='word_1_828' title='bbox 1468 5310 1770 5381; x_wconf 84' lang='lat' dir='ltr'><strong>cogitabam</strong></span> <span class='ocrx_word' id='word_1_829' title='bbox 1790 5311 1856 5367; x_wconf 88' lang='lat' dir='ltr'><strong>de</strong></span> <span class='ocrx_word' id='word_1_830' title='bbox 1878 5327 1973 5367; x_wconf 89' lang='lat' dir='ltr'><strong>eo:</strong></span> <span class='ocrx_word' id='word_1_831' title='bbox 1994 5312 2088 5367; x_wconf 86' lang='lat' dir='ltr'><strong>De-</strong></span> 
     </span>
    </p>
   </div>
   <div class='ocr_carea' id='block_1_101' title="bbox 506 5397 2082 5474">
    <p class='ocr_par' dir='ltr' id='par_1_101' title="bbox 506 5397 2082 5474">
     <span class='ocr_line' id='line_1_101' title="bbox 506 5397 2082 5474; baseline 0.005 -24"><span class='ocrx_word' id='word_1_832' title='bbox 506 5399 690 5468; x_wconf 72' lang='lat' dir='ltr'><strong>pepisti</strong></span> <span class='ocrx_word' id='word_1_833' title='bbox 725 5414 826 5462; x_wconf 84' lang='lat' dir='ltr'><strong>me,</strong></span> <span class='ocrx_word' id='word_1_834' title='bbox 864 5397 1107 5466; x_wconf 85' lang='lat' dir='ltr'><strong>Domine,</strong></span> <span class='ocrx_word' id='word_1_835' title='bbox 1142 5411 1190 5454; x_wconf 88' lang='lat' dir='ltr'><strong>et</strong></span> <span class='ocrx_word' id='word_1_836' title='bbox 1229 5401 1470 5472; x_wconf 85' lang='lat' dir='ltr'><strong>deceptus</strong></span> <span class='ocrx_word' id='word_1_837' title='bbox 1503 5420 1639 5459; x_wconf 85' lang='lat' dir='ltr'><strong>sum.</strong></span> <span class='ocrx_word' id='word_1_838' title='bbox 1674 5403 1849 5474; x_wconf 88' lang='lat' dir='ltr'><strong>Atque</strong></span> <span class='ocrx_word' id='word_1_839' title='bbox 1876 5405 2082 5462; x_wconf 85' lang='lat' dir='ltr'><strong>utinam</strong></span> 
     </span>
    </p>
   </div>
   <div class='ocr_carea' id='block_1_102' title="bbox 507 5488 2088 5566">
    <p class='ocr_par' dir='ltr' id='par_1_102' title="bbox 507 5488 2088 5566">
     <span class='ocr_line' id='line_1_102' title="bbox 507 5488 2088 5566; baseline 0.006 -23"><span class='ocrx_word' id='word_1_840' title='bbox 507 5488 669 5562; x_wconf 71' lang='lat'><strong>265</strong></span> <span class='ocrx_word' id='word_1_841' title='bbox 690 5490 947 5562; x_wconf 86' lang='lat' dir='ltr'><strong>cogitanti</strong></span> <span class='ocrx_word' id='word_1_842' title='bbox 984 5492 1188 5563; x_wconf 91' lang='lat' dir='ltr'><strong>aliquid</strong></span> <span class='ocrx_word' id='word_1_843' title='bbox 1218 5493 1330 5549; x_wconf 88' lang='lat' dir='ltr'><strong>veri</strong></span> <span class='ocrx_word' id='word_1_844' title='bbox 1364 5493 1417 5548; x_wconf 90' lang='lat' dir='ltr'><strong>in</strong></span> <span class='ocrx_word' id='word_1_845' title='bbox 1452 5495 1613 5551; x_wconf 91' lang='lat' dir='ltr'><strong>istum</strong></span> <span class='ocrx_word' id='word_1_846' title='bbox 1644 5496 1823 5552; x_wconf 89' lang='lat' dir='ltr'><strong>locum</strong></span> <span class='ocrx_word' id='word_1_847' title='bbox 1849 5496 2088 5566; x_wconf 78' lang='lat' dir='ltr'><strong>reperire</strong></span> 
     </span>
    </p>
   </div>
   <div class='ocr_carea' id='block_1_103' title="bbox 541 5682 2109 5811">
    <p class='ocr_par' dir='ltr' id='par_1_103' title="bbox 541 5682 2109 5811">
     <span class='ocr_line' id='line_1_103' title="bbox 541 5682 2109 5811; baseline -0.041 -2"><span class='ocrx_word' id='word_1_848' title='bbox 541 5682 862 5811; x_wconf 36' lang='lat'><strong>1:21:36&quot;).</strong></span> <span class='ocrx_word' id='word_1_849' title='bbox 894 5703 1020 5757; x_wconf 48' lang='grc' dir='ltr'><strong>ἰγ’</strong></span> <span class='ocrx_word' id='word_1_850' title='bbox 1052 5689 1139 5748; x_wconf 57' lang='lat'><strong>&#39;5&#39;</strong></span> <span class='ocrx_word' id='word_1_851' title='bbox 1218 5692 1263 5725; x_wconf 56' lang='grc'><strong>⁸⁷</strong></span> <span class='ocrx_word' id='word_1_852' title='bbox 1302 5691 1402 5747; x_wconf 65' lang='grc'><strong>1⁵³⁸</strong></span> <span class='ocrx_word' id='word_1_853' title='bbox 1437 5706 1513 5759; x_wconf 63' lang='lat' dir='ltr'><strong>&quot;li</strong></span> <span class='ocrx_word' id='word_1_854' title='bbox 1543 5691 1598 5753; x_wconf 68' lang='lat' dir='ltr'><strong>8o</strong></span> <span class='ocrx_word' id='word_1_855' title='bbox 1675 5692 1718 5726; x_wconf 81' lang='grc'><strong>⁸⁸</strong></span> <span class='ocrx_word' id='word_1_856' title='bbox 1758 5692 1887 5749; x_wconf 90' lang='lat' dir='ltr'><strong>ibid.</strong></span> <span class='ocrx_word' id='word_1_857' title='bbox 1920 5710 1997 5763; x_wconf 79' lang='lat' dir='ltr'><strong>Ix,</strong></span> <span class='ocrx_word' id='word_1_858' title='bbox 2022 5691 2109 5747; x_wconf 75' lang='grc'><strong>10.</strong></span> 
     </span>
    </p>
   </div>
   <div class='ocr_carea' id='block_1_104' title="bbox 505 5770 738 5822">
    <p class='ocr_par' dir='ltr' id='par_1_104' title="bbox 505 5770 738 5822">
     <span class='ocr_line' id='line_1_104' title="bbox 505 5770 738 5822; baseline 0.009 -13"><span class='ocrx_word' id='word_1_859' title='bbox 505 5770 619 5822; x_wconf 77' lang='lat' dir='ltr'><strong>xu,</strong></span> <span class='ocrx_word' id='word_1_860' title='bbox 645 5770 738 5811; x_wconf 76' lang='lat' dir='ltr'><strong>&#39;zu.</strong></span> 
     </span>
    </p>
   </div>
   <div class='ocr_carea' id='block_1_105' title="bbox 2273 4661 3769 4737">
    <p class='ocr_par' dir='ltr' id='par_1_105' title="bbox 2273 4661 3769 4737">
     <span class='ocr_line' id='line_1_105' title="bbox 2273 4661 3769 4737; baseline -0.005 -16"><span class='ocrx_word' id='word_1_861' title='bbox 2273 4665 2417 4737; x_wconf 84' lang='grc' dir='ltr'><strong>Ἐγὼ</strong></span> <span class='ocrx_word' id='word_1_862' title='bbox 2449 4667 2507 4720; x_wconf 85' lang='grc' dir='ltr'>δὲ</span> <span class='ocrx_word' id='word_1_863' title='bbox 2530 4664 2759 4737; x_wconf 78' lang='grc' dir='ltr'>εὔχομαι</span> <span class='ocrx_word' id='word_1_864' title='bbox 2797 4663 2834 4717; x_wconf 78' lang='grc' dir='ltr'><strong>ἀ</strong></span> <span class='ocrx_word' id='word_1_865' title='bbox 2864 4661 3128 4733; x_wconf 87' lang='grc' dir='ltr'>λαμϐάνω</span> <span class='ocrx_word' id='word_1_866' title='bbox 3155 4661 3263 4716; x_wconf 77' lang='grc' dir='ltr'>ἀπὸ</span> <span class='ocrx_word' id='word_1_867' title='bbox 3284 4662 3393 4715; x_wconf 87' lang='grc' dir='ltr'>τῶν</span> <span class='ocrx_word' id='word_1_868' title='bbox 3416 4661 3668 4716; x_wconf 86' lang='grc' dir='ltr'>διδόντων</span> <span class='ocrx_word' id='word_1_869' title='bbox 3694 4661 3769 4733; x_wconf 74' lang='grc' dir='ltr'>μὴ</span> 
     </span>
    </p>
   </div>
   <div class='ocr_carea' id='block_1_106' title="bbox 2190 4753 3781 4836">
    <p class='ocr_par' dir='ltr' id='par_1_106' title="bbox 2190 4753 3781 4836">
     <span class='ocr_line' id='line_1_106' title="bbox 2190 4753 3781 4836; baseline -0.008 -18"><span class='ocrx_word' id='word_1_870' title='bbox 2190 4764 2429 4836; x_wconf 85' lang='grc' dir='ltr'>τηρῆσαι</span> <span class='ocrx_word' id='word_1_871' title='bbox 2462 4761 2617 4834; x_wconf 88' lang='grc' dir='ltr'>μόνα,</span> <span class='ocrx_word' id='word_1_872' title='bbox 2650 4758 2783 4831; x_wconf 83' lang='grc' dir='ltr'>μηδὲ</span> <span class='ocrx_word' id='word_1_873' title='bbox 2806 4754 3100 4828; x_wconf 78' lang='grc' dir='ltr'>κατορύξαι</span> <span class='ocrx_word' id='word_1_874' title='bbox 3142 4755 3206 4809; x_wconf 79' lang='grc' dir='ltr'>τὸ</span> <span class='ocrx_word' id='word_1_875' title='bbox 3240 4755 3500 4810; x_wconf 86' lang='grc' dir='ltr'>τάλαντον</span> <span class='ocrx_word' id='word_1_876' title='bbox 3543 4755 3652 4808; x_wconf 86' lang='grc' dir='ltr'>τῶν</span> <span class='ocrx_word' id='word_1_877' title='bbox 3686 4753 3781 4807; x_wconf 66' lang='grc' dir='ltr'>λε-.</span> 
     </span>
    </p>
   </div>
   <div class='ocr_carea' id='block_1_107' title="bbox 2192 4845 3773 4926">
    <p class='ocr_par' dir='ltr' id='par_1_107' title="bbox 2192 4845 3773 4926">
     <span class='ocr_line' id='line_1_107' title="bbox 2192 4845 3773 4926; baseline -0.007 -16"><span class='ocrx_word' id='word_1_878' title='bbox 2192 4855 2397 4926; x_wconf 61' lang='grc' dir='ltr'><strong>¹κιόντων</strong></span> <span class='ocrx_word' id='word_1_879' title='bbox 2430 4871 2517 4926; x_wconf 91' lang='grc' dir='ltr'><strong>μοι</strong></span> <span class='ocrx_word' id='word_1_880' title='bbox 2544 4854 2623 4918; x_wconf 82' lang='grc' dir='ltr'><strong>είς</strong></span> <span class='ocrx_word' id='word_1_881' title='bbox 2646 4850 2744 4924; x_wconf 82' lang='grc' dir='ltr'>τὴν</span> <span class='ocrx_word' id='word_1_882' title='bbox 2765 4850 2889 4922; x_wconf 84' lang='grc' dir='ltr'>γῆν,</span> <span class='ocrx_word' id='word_1_883' title='bbox 2924 4850 3056 4921; x_wconf 79' lang='grc' dir='ltr'>μηδὲ</span> <span class='ocrx_word' id='word_1_884' title='bbox 3079 4847 3176 4920; x_wconf 79' lang='grc' dir='ltr'><strong>τὴν</strong></span> <span class='ocrx_word' id='word_1_885' title='bbox 3202 4849 3339 4919; x_wconf 81' lang='grc' dir='ltr'>μνᾶν</span> <span class='ocrx_word' id='word_1_886' title='bbox 3360 4846 3467 4901; x_wconf 80' lang='grc' dir='ltr'><strong>τῶν</strong></span> <span class='ocrx_word' id='word_1_887' title='bbox 3498 4845 3773 4900; x_wconf 72' lang='grc' dir='ltr'>διδασκόν-</span> 
     </span>
    </p>
   </div>
   <div class='ocr_carea' id='block_1_108' title="bbox 2191 4937 3769 5018">
    <p class='ocr_par' dir='ltr' id='par_1_108' title="bbox 2191 4937 3769 5018">
     <span class='ocr_line' id='line_1_108' title="bbox 2191 4937 3769 5018; baseline -0.007 -16"><span class='ocrx_word' id='word_1_888' title='bbox 2191 4965 2300 5002; x_wconf 85' lang='grc' dir='ltr'><strong>των</strong></span> <span class='ocrx_word' id='word_1_889' title='bbox 2338 4964 2391 5000; x_wconf 87' lang='grc' dir='ltr'><strong>τι</strong></span> <span class='ocrx_word' id='word_1_890' title='bbox 2428 4946 2694 5018; x_wconf 83' lang='grc' dir='ltr'>χρήσιμον</span> <span class='ocrx_word' id='word_1_891' title='bbox 2729 4943 2996 5014; x_wconf 83' lang='grc' dir='ltr'>ἀποδῆσαι</span> <span class='ocrx_word' id='word_1_892' title='bbox 3024 4945 3084 4997; x_wconf 76' lang='grc' dir='ltr'>ἐν</span> <span class='ocrx_word' id='word_1_893' title='bbox 3116 4940 3399 5013; x_wconf 79' lang='grc' dir='ltr'>σουδαρίῳ,</span> <span class='ocrx_word' id='word_1_894' title='bbox 3425 4937 3562 4993; x_wconf 82' lang='grc' dir='ltr'>ἀλλὰ</span> <span class='ocrx_word' id='word_1_895' title='bbox 3607 4937 3769 4992; x_wconf 78' lang='grc' dir='ltr'>πλεο-ο</span> 
     </span>
    </p>
   </div>
   <div class='ocr_carea' id='block_1_109' title="bbox 2193 5026 3769 5111">
    <p class='ocr_par' dir='ltr' id='par_1_109' title="bbox 2193 5026 3769 5111">
     <span class='ocr_line' id='line_1_109' title="bbox 2193 5026 3769 5111; baseline -0.006 -18"><span class='ocrx_word' id='word_1_896' title='bbox 2193 5037 2401 5111; x_wconf 77' lang='grc' dir='ltr'>νασμδν</span> <span class='ocrx_word' id='word_1_897' title='bbox 2447 5037 2670 5109; x_wconf 83' lang='grc' dir='ltr'>ποιῆσαι</span> <span class='ocrx_word' id='word_1_898' title='bbox 2710 5035 2819 5089; x_wconf 83' lang='grc' dir='ltr'>τῶν</span> <span class='ocrx_word' id='word_1_899' title='bbox 2841 5034 3222 5107; x_wconf 58' lang='grc' dir='ltr'>μαθημάτων,</span> <span class='ocrx_word' id='word_1_900' title='bbox 3267 5026 3340 5087; x_wconf 80' lang='grc' dir='ltr'>ὧν</span> <span class='ocrx_word' id='word_1_901' title='bbox 3364 5030 3624 5103; x_wconf 86' lang='grc' dir='ltr'>λαμϐάνω</span> <span class='ocrx_word' id='word_1_902' title='bbox 3661 5027 3769 5084; x_wconf 74' lang='grc' dir='ltr'>ἀπὸ</span> 
     </span>
    </p>
   </div>
   <div class='ocr_carea' id='block_1_110' title="bbox 2190 5122 3767 5202">
    <p class='ocr_par' dir='ltr' id='par_1_110' title="bbox 2190 5122 3767 5202">
     <span class='ocr_line' id='line_1_110' title="bbox 2190 5122 3767 5202; baseline -0.008 -16"><span class='ocrx_word' id='word_1_903' title='bbox 2190 5132 2284 5186; x_wconf 90' lang='grc' dir='ltr'><strong>τοῦ</strong></span> <span class='ocrx_word' id='word_1_904' title='bbox 2334 5129 2714 5202; x_wconf 79' lang='grc' dir='ltr'>παραδιδόντος</span> <span class='ocrx_word' id='word_1_905' title='bbox 2769 5129 2864 5183; x_wconf 72' lang='grc' dir='ltr'><strong>καὶ</strong></span> <span class='ocrx_word' id='word_1_906' title='bbox 2911 5127 3210 5198; x_wconf 81' lang='grc' dir='ltr'>δυναμένου</span> <span class='ocrx_word' id='word_1_907' title='bbox 3254 5123 3590 5198; x_wconf 86' lang='grc' dir='ltr'>παραδοῦναι</span> <span class='ocrx_word' id='word_1_908' title='bbox 3630 5122 3767 5194; x_wconf 78' lang='grc' dir='ltr'>χρή-</span> 
     </span>
    </p>
   </div>
   <div class='ocr_carea' id='block_1_111' title="bbox 2193 5212 3772 5294">
    <p class='ocr_par' dir='ltr' id='par_1_111' title="bbox 2193 5212 3772 5294">
     <span class='ocr_line' id='line_1_111' title="bbox 2193 5212 3772 5294; baseline -0.008 -18"><span class='ocrx_word' id='word_1_909' title='bbox 2193 5238 2359 5294; x_wconf 69' lang='grc' dir='ltr'>σιμαε</span> <span class='ocrx_word' id='word_1_910' title='bbox 2390 5219 2618 5293; x_wconf 78' lang='grc' dir='ltr'>εὔχομαι</span> <span class='ocrx_word' id='word_1_911' title='bbox 2652 5218 2750 5290; x_wconf 79' lang='grc' dir='ltr'><strong>τήν</strong></span> <span class='ocrx_word' id='word_1_912' title='bbox 2800 5219 2937 5289; x_wconf 82' lang='grc' dir='ltr'>μνᾶν</span> <span class='ocrx_word' id='word_1_913' title='bbox 2974 5214 3086 5270; x_wconf 70' lang='grc' dir='ltr'>εἴτε</span> <span class='ocrx_word' id='word_1_914' title='bbox 3115 5214 3470 5285; x_wconf 82' lang='grc' dir='ltr'>Εὐαγγελίου,</span> <span class='ocrx_word' id='word_1_915' title='bbox 3502 5212 3772 5266; x_wconf 50' lang='grc' dir='ltr'>εῖτενάποη</span> 
     </span>
    </p>
   </div>
   <div class='ocr_carea' id='block_1_112' title="bbox 2193 5300 3766 5383">
    <p class='ocr_par' dir='ltr' id='par_1_112' title="bbox 2193 5300 3766 5383">
     <span class='ocr_line' id='line_1_112' title="bbox 2193 5300 3766 5383; baseline -0.009 -15"><span class='ocrx_word' id='word_1_916' title='bbox 2193 5313 2401 5379; x_wconf 89' lang='grc' dir='ltr'>στόλου,</span> <span class='ocrx_word' id='word_1_917' title='bbox 2452 5313 2561 5369; x_wconf 75' lang='grc' dir='ltr'>εἴτε</span> <span class='ocrx_word' id='word_1_918' title='bbox 2631 5310 2936 5383; x_wconf 86' lang='grc' dir='ltr'>προφήτου,</span> <span class='ocrx_word' id='word_1_919' title='bbox 2981 5307 3090 5365; x_wconf 77' lang='grc' dir='ltr'>εἴτε</span> <span class='ocrx_word' id='word_1_920' title='bbox 3138 5307 3304 5377; x_wconf 88' lang='grc' dir='ltr'>νόμου</span> <span class='ocrx_word' id='word_1_921' title='bbox 3352 5304 3577 5374; x_wconf 85' lang='grc' dir='ltr'>ποιῆσαι</span> <span class='ocrx_word' id='word_1_922' title='bbox 3637 5300 3766 5356; x_wconf 82' lang='grc' dir='ltr'>πολ-</span> 
     </span>
    </p>
   </div>
   <div class='ocr_carea' id='block_1_113' title="bbox 2191 5390 3767 5460">
    <p class='ocr_par' dir='ltr' id='par_1_113' title="bbox 2191 5390 3767 5460">
     <span class='ocr_line' id='line_1_113' title="bbox 2191 5390 3767 5460; baseline -0.008 -3"><span class='ocrx_word' id='word_1_923' title='bbox 2191 5403 2542 5457; x_wconf 87' lang='grc' dir='ltr'>λαπλασίονα.</span> <span class='ocrx_word' id='word_1_924' title='bbox 2598 5399 2764 5454; x_wconf 83' lang='grc' dir='ltr'>Ταῦτ’</span> <span class='ocrx_word' id='word_1_925' title='bbox 2812 5396 2905 5454; x_wconf 85' lang='grc' dir='ltr'><strong>οῦν</strong></span> <span class='ocrx_word' id='word_1_926' title='bbox 2963 5397 3202 5460; x_wconf 79' lang='grc' dir='ltr'>ἀκούσας</span> <span class='ocrx_word' id='word_1_927' title='bbox 3225 5436 3240 5459; x_wconf 93' lang='grc'><strong>,</strong></span> <span class='ocrx_word' id='word_1_928' title='bbox 3304 5395 3571 5448; x_wconf 74' lang='grc' dir='ltr'>ἐσκόπουν</span> <span class='ocrx_word' id='word_1_929' title='bbox 3645 5390 3767 5445; x_wconf 60' lang='grc' dir='ltr'>θίατθ</span> 
     </span>
    </p>
   </div>
   <div class='ocr_carea' id='block_1_114' title="bbox 2191 5484 3773 5563">
    <p class='ocr_par' dir='ltr' id='par_1_114' title="bbox 2191 5484 3773 5563">
     <span class='ocr_line' id='line_1_114' title="bbox 2191 5484 3773 5563; baseline -0.008 -18"><span class='ocrx_word' id='word_1_930' title='bbox 2191 5492 2428 5563; x_wconf 73' lang='grc' dir='ltr'>ἐμαυτὸν</span> <span class='ocrx_word' id='word_1_931' title='bbox 2460 5492 2587 5562; x_wconf 74' lang='grc' dir='ltr'>περὶ</span> <span class='ocrx_word' id='word_1_932' title='bbox 2612 5490 2704 5544; x_wconf 89' lang='grc' dir='ltr'><strong>τοῦ</strong></span> <span class='ocrx_word' id='word_1_933' title='bbox 2724 5507 2739 5523; x_wconf 80' lang='lat'><strong><em>°</em></strong></span> <span class='ocrx_word' id='word_1_934' title='bbox 2782 5488 3118 5558; x_wconf 78' lang='grc' dir='ltr'>Ἠπάτησάς</span> <span class='ocrx_word' id='word_1_935' title='bbox 3138 5505 3236 5558; x_wconf 87' lang='grc' dir='ltr'><strong>με,</strong></span> <span class='ocrx_word' id='word_1_936' title='bbox 3263 5488 3461 5555; x_wconf 78' lang='grc' dir='ltr'>Κύριε,</span> <span class='ocrx_word' id='word_1_937' title='bbox 3480 5485 3579 5539; x_wconf 78' lang='grc' dir='ltr'><strong>καί</strong></span> <span class='ocrx_word' id='word_1_938' title='bbox 3613 5484 3773 5562; x_wconf 49' lang='grc' dir='ltr'><strong>ἠέρα-</strong></span> 
     </span>
    </p>
   </div>
   <div class='ocr_carea' id='block_1_115' title="bbox 2186 5683 3752 5765">
    <p class='ocr_par' dir='ltr' id='par_1_115' title="bbox 2186 5683 3752 5765">
     <span class='ocr_line' id='line_1_115' title="bbox 2186 5683 3752 5765; baseline -0.002 -17"><span class='ocrx_word' id='word_1_939' title='bbox 2186 5692 2231 5726; x_wconf 70' lang='grc' dir='ltr'>θ’</span> <span class='ocrx_word' id='word_1_940' title='bbox 2267 5689 2485 5760; x_wconf 55' lang='grc' dir='ltr'>ΙευΛει,</span> <span class='ocrx_word' id='word_1_941' title='bbox 2518 5688 2573 5746; x_wconf 86' lang='grc' dir='ltr'>ϐ.</span> <span class='ocrx_word' id='word_1_942' title='bbox 2639 5690 2696 5765; x_wconf 86' lang='lat'><strong>_&quot;°</strong></span> <span class='ocrx_word' id='word_1_943' title='bbox 2735 5687 2863 5746; x_wconf 89' lang='lat' dir='ltr'><strong>ibid.</strong></span> <span class='ocrx_word' id='word_1_944' title='bbox 2943 5693 2982 5724; x_wconf 77' lang='grc' dir='ltr'><strong>τ’</strong></span> <span class='ocrx_word' id='word_1_945' title='bbox 3027 5688 3216 5745; x_wconf 77' lang='lat' dir='ltr'><strong>Matth.</strong></span> <span class='ocrx_word' id='word_1_946' title='bbox 3269 5703 3399 5756; x_wconf 72' lang='lat' dir='ltr'><strong>xxv,</strong></span> <span class='ocrx_word' id='word_1_947' title='bbox 3445 5688 3550 5759; x_wconf 72' lang='lat'><strong>‘25;</strong></span> <span class='ocrx_word' id='word_1_948' title='bbox 3621 5683 3752 5745; x_wconf 71' lang='lat' dir='ltr'><strong>LUC.</strong></span> 
     </span>
    </p>
   </div>
  </div>
