4218 6292
412 310 521 366 505

1563 307 1630 362 lN
1669 306 2015 362 JEllEMlAM
2059 306 2340 363 llOMlLlA
2378 307 2518 362 XIX.

3561 303 3664 362 506

414 427 635 496 τήθην·
685 427 774 481 καὶ
823 426 1040 480 σκοπῶν
1092 423 1322 496 εὔχομαι
1364 423 1638 497 εὑρίσκειν
1679 445 1730 480 τι
1763 429 1844 492 εἰς
1894 427 1975 480 τὸν

2086 428 2384 496 contingat.
2432 425 2580 482 Num'
2625 441 2755 495 ergo
2787 424 2927 480 sicut
2960 431 3109 494 pater
3155 424 3322 479 lilium
3360 423 3539 479 adhuc
3575 424 3667 477 in-

410 520 577 574 τόπον
609 518 820 589 ἀληθές.
851 520 1078 589 Μήποτε
1107 515 1199 572 οὖν
1230 519 1304 582 ὡς
1335 519 1516 589 πατὴρ
1549 504 1662 572 υἱὸν
1688 518 1768 572 ἔτι
1795 520 1989 590 νήπιον

413 609 541 662 ὅντα
563 609 769 678 ἀπατᾷν
798 607 891 660 ἐπὶ
917 606 996 677 τῷ
1024 608 1355 678 συμφέροντι
1392 605 1658 675 βούλεται,
1684 606 1784 658 οὐκ
1817 604 1989 668 ἄλλως

413 698 702 767 δυνάμενον
736 697 1107 766 ὠφεληθῆναι,
1130 699 1224 751 ἐὰν
1262 698 1336 770 μὴ
1366 699 1394 750 6
1427 701 1557 761 παῖς
1586 697 1840 768 ἀπατηθῇ
1868 714 1881 726 ο
1913 697 1990 760 ὡς

414 788 587 858 ἰατρὸς
622 790 844 858 άπατᾷν
878 788 969 842 τὸν
998 789 1270 860 κάμνοντα
1301 788 1766 860 πραγματεύεται,
1802 787 1874 858 μὴ
1901 788 1990 839 δυ-

406 878 631 950 νάμενον
666 879 1090 951 θεραπευθῆναι,
1133 881 1227 934 ὲάν
1267 881 1340 952 μὴ
1375 881 1591 952 ἀπάτης
1619 879 1988 952 παραδέξηται

401 969 618 1036 λόγους
667 969 811 1023 οὕτω
843 972 936 1023 καὶ
968 973 995 1024 6
1039 971 1147 1024 τῶν
1175 971 1312 1025 ὅλων
1345 971 1498 1037 Θεὸς,
1535 967 1656 1023 έπεῖ
1690 971 1986 1040 προκείμε-

345 1119 352 1137 ξ
400 1077 488 1114 νον
514 1060 628 1131 ἔχει
655 1060 937 1131 ὠφελῆσαι
973 1063 1032 1115 τὸ
1061 1062 1168 1116 τῶν
1211 1062 1513 1134 ἀνθρώπων
1543 1061 1734 1129 γένος;
1771 1059 1988 1128 Λεγέτω

398 1152 427 1203 I,
472 1149 657 1220 ἰατρὸς
699 1150 778 1221 τῷ
809 1153 1100 1221 κάμνοντιο
1143 1153 1430 1224 Τμηθῆναί
1461 1169 1521 1204 σε
1553 1151 1651 1214 δεῖ,
1688 1168 1986 1221 καυτηρια-

339 1259 349 1274 τ
401 1240 599 1311 σθῆναί
636 1258 695 1293 σε
730 1241 830 1303 δεῖ,
863 1241 996 1295 ἄλλα
1029 1241 1388 1314 χαλεπώτερα
1427 1241 1620 1294 παθεῖν
1662 1259 1719 1294 σε
1749 1241 1856 1294 δεῖ·
1889 1241 1989 1294 οὐκ

318 1322 355 1402 ξ
401 1331 470 1385 ἂν
507 1331 778 1404 παράσχοι
811 1332 999 1385 ἑαυτὸν
1031 1335 1264 1396 ἐκεῖνος·
1301 1332 1414 1386 ἀλλ’
1453 1333 1622 1385 ἐνίοτε
1658 1332 1784 1386 ἄλλο
1816 1331 1984 1401 λέγει,

339 1433 346 1438 “
398 1421 496 1474 καὶ
546 1421 780 1493 ἔκρυψεν
817 1422 922 1475 ὑπὸ
965 1423 1056 1475 τὸν
1113 1423 1349 1491 σπόγγον
1383 1424 1558 1475 έκεῖνο
1599 1422 1658 1474 τὸ
1690 1423 1883 1492 τέμνον
1927 1421 1986 1474 τὸ

396 1511 639 1583 διαιροῦν
683 1513 941 1584 σιδήριον.
995 1514 1106 1568 Καὶ
1166 1513 1324 1568 πάλιν
1383 1512 1636 1584 κρύπτει,
1694 1513 1758 1566 ἵν’
1815 1512 1986 1576 οὕτως

396 1599 670 1670 ὀνομάσω,
714 1603 817 1655 ὑπὸ
847 1603 907 1655 τὸ
942 1603 1061 1674 μέλι
1097 1603 1194 1675 τὴν
1220 1603 1313 1658 τοῦ
1365 1603 1562 1676 πικροῦ
1589 1604 1767 1674 φύσιν,
1801 1603 1895 1656 καὶ
1925 1603 2000 1656 τὸ.

395 1689 559 1761 ἀηδὲς
589 1692 899 1764 φάρμακον,
933 1693 1254 1765 βουλόμενος
1290 1695 1364 1766 μὴ
1409 1695 1628 1765 βλάψαι,
1671 1693 1784 1748 ἀλλ’
1832 1695 1984 1748 ἰάσα-

2091 517 2295 576 fantem
2321 519 2524 573 utiliter
2544 518 2794 588 decipere
2820 517 2954 579 vult,
2981 515 3123 584 quod
3154 516 3310 569 aliter
3331 515 3379 570 ei
3410 514 3669 586 prodesse

2090 625 2197 662 non
2232 609 2422 678 possit,
2456 609 2560 663 nisi
2607 623 2742 677 puer
2771 607 3094 676 decipiatur,
3127 614 3219 660 aut
3251 607 3393 660 sicut
3423 605 3667 660 medicus

2089 699 2336 767 decipere
2363 715 2566 770 aegrum
2601 707 2848 762 conatur,
2893 713 3014 752 cum
3046 713 3149 750 non
3179 696 3349 766 possit
3389 697 3543 750 aliter
3571 711 3669 751 tu-

2089 792 2197 845 rari
2229 791 2333 846 nisi
2367 790 2544 845 fraudi
2581 799 2781 859 pateat,
2843 789 2916 842 ita
2943 787 3106 842 etiam
3138 787 3246 856 agit
3277 785 3420 841 Deus
3454 800 3671 841 univero

2090 897 2300 946 serum,
2331 898 2452 938 cum
2485 882 2588 937 sibi
2617 880 2952 951 propositum
2985 879 3182 933 habeat
3217 878 3455 932 humano
3485 877 3666 946 generi

2090 974 2388 1042 prodesse?
2423 972 2577 1028 Dicat
2629 972 2875 1026 medicus
2916 985 3060 1040 a‘gt'o
3102 988 3116 1023 :
3154 969 3336 1023 Secari
3372 976 3423 1022 te
3450 982 3668 1023 necesse

2089 1070 2193 1126 est,
2239 1063 2482 1117 cauterio
2532 1063 2627 1117 tibi
2680 1078 2816 1131 opus
2847 1068 2950 1124 est,
2985 1060 3087 1113 alia
3131 1058 3378 1125 graviora
3429 1056 3523 1110 tibi
3570 1070 3667 1124 pa-

2089 1153 2271 1208 tientia
2315 1162 2471 1218 sunt;
2509 1167 2852 1222 nequaquam
2889 1151 2936 1204 ei
2985 1165 3044 1204 se
3090 1148 3262 1202 tradet
3297 1147 3411 1211 ille;
3447 1146 3540 1200 sed
3581 1144 3668 1197 in-

2090 1243 2300 1298 tcrdum
2334 1245 2480 1298 aliud
2509 1244 2660 1307 dicit,
2699 1252 2753 1296 et
2793 1244 2893 1297 sub
2919 1243 3145 1312 spongia
3175 1255 3364 1295 secans
3395 1239 3671 1293 dividens-

2088 1351 2194 1406 que
2226 1334 2427 1390 ferrum
2461 1335 2766 1389 abscondit.
2801 1333 2866 1386 Et
2902 1349 3117 1387 rursum
3167 1333 3268 1386 sub
3305 1331 3461 1384 melle
3510 1345 3666 1384 ama-

2087 1442 2207 1482 rum
2257 1427 2534 1496 quidpiam
2599 1427 2836 1480 occultat
2890 1424 3352 1494 injucundumque
3407 1421 3710 1490 plruma--

2087 1533 2249 1581 cum,
2293 1516 2476 1570 volens
2518 1531 2623 1570 non
2679 1530 2912 1578 nocere,
2968 1513 3060 1568 sed
3120 1512 3395 1566 inliriuum
3449 1526 3663 1566 sanare.

2086 1605 2367 1676 Ejusmodi
2400 1605 2652 1660 remediis
2701 1606 2854 1674 plena
2898 1611 2982 1658 est
3027 1604 3207 1657 omnis
3257 1599 3535 1670 Scriptura
3578 1599 3667 1654 di-

2088 1699 2247 1763 vina;
2283 1705 2337 1752 et
2371 1696 2630 1750 nonnulla
2662 1695 2878 1765 quidem
2909 1694 3096 1750 suavia
3126 1701 3254 1748 sunt
3281 1692 3485 1755 abdita,
3516 1707 3666 1761 qua:-

396 1781 523 1836 σθαι
561 1784 653 1836 τὸν
696 1783 1152 1857 θεραπευόμενον.
1211 1787 1481 1840 Τοιούτων
1530 1787 1836 1857 φαρμάκων
1883 1803 1975 1838 πε-

2081 1788 2204 1842 dam
2232 1789 2357 1842 item
2391 1803 2577 1841 amara
2618 1796 2746 1842 sunt
2773 1786 3110 1841 abscondita.
3142 1783 3278 1839 Cum
3312 1785 3512 1838 videris
3552 1783 3664 1836 lilio

391 1873 679 1946 πλήρωται
729 1877 824 1948 ὅλη
873 1879 905 1948 ὴ
967 1877 1084 1931 θεία
1130 1879 1352 1950 Γραφή·
1398 1878 1490 1932 καί
1538 1896 1662 1933 τινα
1707 1878 1807 1948 μὲν
1861 1875 1971 1931 ἔστι

377 1965 605 2038 -χρηστά
663 1967 1044 2039 κρυπτόμενα,
1099 1969 1223 2022 τινὰ
1267 1969 1324 2023 δὲ
1379 1968 1551 2041 πικρὰ
1599 1969 1970 2041 κρυπτόμενα.

401 2055 530 2109 Ἐάν
558 2056 676 2128 ἴδῃς
704 2059 916 2129 πατέρα
942 2059 1298 2123 ἀπειλοῦντα,
1328 2061 1402 2124 ὡς
1435 2061 1695 2131 μισοῦντα
1724 2061 1813 2114 τὸν
1839 2061 1972 2126 υἱὸν,

387 2147 487 2200 καὶ
510 2146 740 2214 λέγοντα
772 2149 852 2220 τῷ
887 2150 987 2220 υἱῷ
1031 2151 1256 2223 φοϐερὰ,
1289 2152 1384 2205 καὶ
1420 2153 1494 2222 μὴ
1537 2151 1975 2223 ἐπιδεικνύμενον

387 2236 490 2308 τὴν
527 2237 928 2309 φιλοστοργίαν,
973 2239 1107 2293 ἀλλά
1150 2241 1462 2312 κρύπτοντα
1487 2242 1586 2313 τὴν
1616 2241 1836 2313 ἀγάπην
1876 2243 1974 2314 τὴν

387 2327 530 2398 πρὸς
553 2327 645 2380 τὸν
671 2329 806 2394 υἱὸν,
837 2329 976 2399 ὄψει,
1011 2331 1094 2384 ὅτι
1115 2332 1329 2403 ἀπατᾷν
1359 2331 1606 2402 βούλεται
1648 2332 1712 2385 τὸ
1756 2335 1967 2406 νήπιον

387 2418 450 2471 οὑ
484 2418 596 2488 γὰρ
629 2420 896 2490 συμφέρει
922 2421 1000 2492 τῷ
1035 2422 1138 2493 υἱῷ
1164 2423 1226 2476 τὸ
1261 2423 1585 2478 ἐπίστασθαι
1619 2426 1718 2498 τὴν
1755 2426 1972 2498 ἀγάπην

385 2511 482 2566 τοῦ
510 2515 736 2585 πατρὸς,
774 2513 872 2586 τὴν
907 2516 1228 2588 προαίρεσιν
1258 2516 1358 2587 τὴν
1391 2515 1644 2588 φιλικήψ
1676 2517 1970 2589 ὲκλυθήσε-

384 2623 476 2659 ται
521 2605 650 2679 γὰρ,
687 2607 780 2660 καὶ
825 2609 886 2660 ού
933 2601 1374 2680 παιδευθήσεται.
1419 2608 1521 2662 Διά
1549 2609 1706 2663 τοῦτο
1737 2610 1970 2682 κρύπτει

391 2698 488 2768 μὲν
506 2699 566 2751 τὸ
586 2699 756 2768 γλυκὺ
786 2699 885 2770 τῆς
912 2697 1312 2772 φιλοστοργίας,
1341 2699 1578 2754 δείκνυσι
1610 2701 1668 2754 δὲ
1693 2701 1751 2754 τὸ
1775 2702 1969 2773 πικρὸν

387 2789 487 2860 τῆς
517 2791 770 2861 ἀπειλῆς.
803 2792 1056 2846 Τοιοῦτόν
1081 2810 1136 2847 τι
1166 2796 1310 2848 ποιεῖ
1343 2795 1409 2848 ὲκ
1439 2792 1534 2847 τοῦ
1563 2792 1829 2863 ἀναλόγου
1857 2811 1966 2848 πα-

385 2881 478 2951 τρὶ
513 2883 608 2935 καὶ
643 2881 813 2954 ἰατρῷ
838 2885 868 2937 6
909 2883 1062 2948 Θεός.
1111 2885 1268 2938 Ἐστι
1301 2885 1477 2957 πικρά
1506 2902 1648 2951 τινα,
1683 2883 1720 2939 ἃ
1753 2886 1966 2940 καὶτὸν

384 2969 721 3027 δικαιότατον
757 2974 856 3044 μὲν
885 2976 1029 3029 ἰᾶται
1056 2977 1150 3030 καὶ
1171 2976 1262 3029 τὸν
1289 2976 1619 3047 σοφώτατον.
1645 2977 1828 3031 Πάντα
1857 2979 1964 3051 γὰρ

386 3061 477 3116 τὸν
503 3064 890 3136 άμαρτήσοντα
920 3067 1011 3121 ἐπὶ
1035 3070 1156 3132 ταῖς
1187 3069 1485 3140 ἁμαρτίαις
1512 3068 1838 3140 κολασθῆναι
1863 3069 1961 3124 δεῖ.

384 3150 483 3220 Μὴ
511 3153 860 3220 πλανᾶσθε,
893 3157 1038 3224 Θεὸς
1067 3159 1140 3212 οὐ
1167 3139 1600 3228 μυκξηρίᾱται.
1644 3139 1784 3214 Elis
1820 3162 1965 3228 πόρ-
1993 3139 2036 3197 (⁵

383 3257 512 3308 νος,
546 3244 668 3297 εἴτε
691 3245 924 3315 μοιχὸς,
955 3247 1076 3302 εἴτε
1111 3248 1404 3318 μαλακὸς,
1449 3248 1569 3302 εἴτε
1613 3249 1966 3317 ἀρσενοκοί-

383 3347 513 3398 της,
543 3334 666 3389 εἴτε
702 3335 988 3405 κλέπτης,
1031 3338 1152 3390 εἶτε
1190 3337 1478 3408 μέθυσος,
1510 3339 1630 3393 εἴτε
1664 3339 1962 3410 λοίδορος,

381 3424 438 3476 ιι
444 3439 502 3476 τε
529 3423 748 3493 ἅρπαξ,
776 3423 1120 3490 ,βασιλείαν“
1133 3428 1280 3482 Θεοῦ
1305 3431 1377 3483 οὐ
1411 3429 1962 3500 κληρονομήσουσι.

382 3513 553 3567 Τοῦτο
579 3516 672 3570 ἐάν
703 3517 868 3588 νοηθῇ
890 3519 982 3571 καὶ
1001 3518 1278 3592 ἀκριϐωθῇ
1303 3520 1408 3574 ὑπὸ
1425 3519 1536 3573 τῶν
1558 3520 1632 3592 μὴ
1653 3521 1964 3594 δυναμένων

385 3601 513 3657 ἰδεῖν
539 3605 602 3657 τὸ
632 3607 872 3677 ἰατρικὸν
901 3608 1139 3680 σιδήριον
1171 3611 1276 3664 67:6
1303 3609 1395 3665 τὸν
1433 3612 1690 3680 σπόγγον,
1727 3613 1832 3666 ὑπὸ
1855 3615 1964 3668 τῶν

385 3692 461 3764 μὴ
485 3693 796 3766 δυναμένων
823 3699 965 3752 πιεῖν
990 3699 1054 3752 τὸ
1085 3700 1280 3772 πικρὸν
1301 3701 1590 3772 φάρμακον
1609 3702 1714 3756 ὑπὸ
1731 3703 1793 3756 τὸ
1820 3704 1960 3774 μέλι,

381 3784 686 3855 ὲκκακήσει
711 3803 815 3850 τις.
857 3787 952 3851 Τίς
982 3789 1090 3860 γὰρ
1124 3789 1281 3861 ἡμῶν
1306 3791 1367 3844 οὐ
1398 3792 1637 3848 σύνοιδεν
1663 3791 1839 3863 ἐαυτῷ
1875 3793 1964 3847 πί-

383 3893 525 3930 νοντι
565 3879 625 3931 ού
654 3881 792 3950 μετὰ
813 3881 1026 3961 βουλῆς,
1061 3884 1154 3936 καὶ
1185 3883 1534 3954 μεθυσθέντι;
1560 3885 1658 3949 Τίς
1678 3886 1833 3957 ἡμῶν
1861 3905 1961 3940 κα-

379 3967 602 4039 θαρεύει
631 3971 740 4024 ἀπὸ
763 3972 992 4042 κλοπῆς,
1019 3974 1114 4027 καὶ
1143 3975 1250 4027 ἀπὸ
1277 3975 1370 4028 τοῦ
1405 3976 1479 4047 μὴ
1511 3978 1866 4049 πεπορικέναι
1891 3980 1964 4034 τά

377 4060 662 4132 ἀπιτήδεια
695 4063 955 4130 δεόντως;
1007 4065 1145 4119 Ἀλλ’
1177 4067 1278 4138 ὅρα
1306 4068 1358 4121 τί
1402 4067 1550 4137 λέγει
1577 4071 1606 4123 6
1639 4070 1796 4138 λόγος
1816 4089 1830 4101 ·
1861 4073 1960 4142 Μὴ

379 4151 712 4219 πλανᾶσθε,
742 4155 832 4210 ὅτι
857 4154 1024 4213 οὗτοι
1040 4159 1369 4222 ,ϐασιλείαν
1398 4161 1546 4214 Θεοῦ
1571 4164 1642 4216 οὐ
1674 4166 1961 4232 κληρονο-

370 4241 664 4312 μήσουσι.
702 4247 774 4300 Τὸ
818 4248 958 4302 κατά
989 4249 1081 4302 τὸν
1111 4250 1273 4304 τόπον
1320 4253 1618 4325 μυστήριον
1656 4255 1961 4326 κεκρῦφθαι

373 4334 474 4398 δεῖ,
505 4337 592 4390 ἵνα
649 4339 722 4411 μὴ
773 4341 1057 4416 ὲκκακήσῃ
1109 4345 1138 4396 6
1171 4343 1365 4408 πολύςο
1412 4345 1499 4398 ἴνα
1537 4345 1611 4417 μὴ
1657 4346 1845 4417 μαθὼν
1893 4348 1962 4402 τά

375 4426 680 4498 πράγματα
715 4430 1060 4505 προσδοκήσῃ
1097 4433 1197 4504 τὴν
1241 4433 1436 4499 ἔξοδον,
1471 4435 1570 4506 ούχ
1607 4436 1682 4500 ὡς
1713 4437 1959 4493 ἀνάπαυ-

378 4534 480 4582 σιν,
515 4520 631 4574 ἀλλ’
670 4522 746 4586 ὼς
786 4521 1024 4576 κόλασιν.
1075 4525 1145 4577 Ἦ
1178 4526 1263 4590 τίς
1290 4527 1646 4600 εὑρεθήσεται
1680 4530 1892 4595 Παῦλος
1928 4533 1956 4587 6

375 4609 669 4684 δυνάμενος
698 4613 875 4682 λέγειν
897 4632 910 4645 ·
936 4617 1197 4672 Κάλλιον
1221 4617 1330 4687 γὰρ
1357 4619 1678 4685 ἀναλῦσαι,
1705 4622 1806 4676 καὶ
1835 4623 1956 4678 σὺν

374 4703 604 4771 Χριστῷ
625 4701 810 4770 sirm;
844 4707 984 4778 Ἐγὼ
1006 4708 1062 4761 δὲ
1091 4709 1150 4761 ού
1177 4708 1586 4780 δύναμαιτοῦτο
1612 4712 1812 4782 λέγειν’
1837 4711 1956 4770 οἴδα

372 4792 483 4865 γὰρ
519 4796 622 4862 ὅτι,
655 4797 747 4852 ἐὰν
771 4799 974 4864 ἐξέλθω
988 4799 1055 4852 τὰ
1073 4799 1180 4870 ἐμά
1202 4799 1332 4866 ξύλα
1353 4802 1621 4872 καυθῆναι
1638 4806 1694 4859 έν
1713 4785 1837 4877 ἐμοὶ
1852 4806 1948 4860 δεῖ.

373 4881 514 4942 Ξύλα
543 4887 601 4939 δὲ
625 4888 734 4958 ἔχω
751 4891 852 4953 τὰς
877 4889 1162 4961 λοιδορίας,
1191 4891 1322 4958 ξύλα
1348 4892 1455 4962 ἔχω
1480 4894 1577 4956 τὰς
1607 4895 1796 4964 μέθας,
1819 4897 1954 4964 ξύλα

372 4978 469 5041 τὰς
499 4979 727 5045 κλοπάς,
768 4982 862 5035 καὶ
895 4981 1028 5037 ἄλλα
1058 4982 1227 5054 μυρία
1253 4981 1382 5047 ξύλα
1412 4986 1808 5057 ὲπῳκοδόμησά
1849 5007 1950 5059 μου

371 5072 436 5140 τῇ
463 5072 741 5144 οἰκοδομῇ.
791 5072 975 5145 Ὁρᾷς,
1019 5075 1100 5127 ὅτι
1131 5073 1304 5128 ταῦτα
1339 5075 1515 5129 πάντα
1533 5077 1792 5132 ’λανθάνει
1826 5081 1952 5144 τοὺς

371 5159 598 5226 πολλοὺς
632 5163 740 5217 τῶν
785 5165 1257 5231 πεπιστευκότων;
1306 5167 1398 5219 καὶ
1444 5168 1625 5230 καλῶς
1675 5169 1946 5224 λανθάνει.

370 5253 480 5307 Καὶ
521 5256 750 5320 ἕκαστος
793 5259 948 5330 ἡμῶν
979 5259 1171 5321 οἴεται,
1221 5258 1302 5314 ὅτι
1343 5259 1418 5330 μὴ
1446 5251 1946 5334 εἰδωλολάτρευσεν,

371 5342 490 5400 ἐπεὶ
537 5345 612 5415 μὴ
655 5348 1024 5418 πεπόρνευκεν
1071 5347 1220 5419 (εἴθε
1263 5348 1368 5404 κᾶν
1401 5351 1493 5403 ἐπὶ
1541 5351 1650 5410 τῶν
1692 5353 1949 5409 τοιούτων

345 5434 932 5508 »καθαρεύωμενῑλότι
971 5441 1306 5511 ἀπαλλαγεὶς
1335 5443 1429 5496 τοῦ
1467 5442 1582 5514 βίου
1621 5443 1943 5518 σωθήσεται.

370 5526 444 5580 Οὐ
479 5529 746 5601 βλέπομεν
765 5571 781 5596 ,
809 5533 890 5586 ὅτι
921 5533 1064 5602 τοὺς
1101 5534 1333 5602 πάντας
1364 5534 1522 5606 ἡμᾶς
1564 5538 1944 5610 παρισωθῆ-

441 5684 486 5716 "
511 5683 686 5742 Galat.
713 5704 786 5758 vt,
814 5689 880 5760 7;
911 5688 928 5742 1
958 5689 1081 5746 Cor.
1112 5707 1188 5758 vt,
1221 5693 1274 5762 9,
1313 5694 1392 5748 l0.
1471 5695 1515 5725 ⁷³
1543 5692 1769 5772 Philipp.
1802 5715 1836 5772 ι,
1865 5699 1950 5760 9.5.

2081 5694 2124 5750 ιι
2153 5694 2277 5750 Cor.
2310 5707 2362 5762 v,
2399 5693 2482 5751 ιο.

2077 1893 2309 1953 patrem,
2345 1882 2569 1951 perinde
2601 1895 2664 1934 ac
2691 1880 2735 1934 si
2766 1879 2991 1943 odisset,
3031 1878 3348 1940 minantem,
3377 1884 3431 1930 et
3454 1874 3672 1929 terribi-

2074 1975 2219 2030 libus
2251 1974 2431 2029 verbis
2464 1989 2587 2028 eum
2619 1971 2999 2041 objurgantcm
3021 2008 3036 2035 ,
3084 1985 3184 2024 nec
3224 1969 3388 2023 ullam
3435 1969 3488 2021 in
3536 1982 3662 2022 cum

2075 2065 2396 2120 cliaritatem
2443 2079 2554 2134 pra:
2605 2078 2665 2118 se
2718 2061 3004 2126 ferentem,
3054 2061 3148 2113 sed
3197 2059 3535 2128 obtegentem
3567 2073 3664 2127 pa-

2076 2164 2290 2212 ternum
2321 2169 2586 2220 amorem,
2633 2151 2943 2223 perspicies
2979 2151 3157 2219 ipsum
3203 2149 3341 2203 velle
3369 2148 3534 2201 lilium
3566 2147 3662 2200 de-

2075 2248 2272 2318 cipere.
2307 2245 2426 2302 Non
2473 2246 2618 2300 enim
2647 2245 2868 2314 expedit
2916 2243 3025 2296 tilio
3059 2249 3118 2296 ut
3140 2250 3423 2310 paternum
3451 2237 3660 2293 noverit

2073 2355 2315 2394 amorem
2351 2338 2759 2407 voluptatisque
2793 2335 3078 2399 allectum;
3121 2331 3362 2407 alioquin
3397 2329 3662 2384 dissolve~

2073 2440 2194 2498 tur,
2231 2427 2338 2486 non
2369 2405 2775 2485 emendabitur.
2829 2427 3037 2482 Idcirco
3073 2423 3280 2494 paterni
3301 2405 3510 2476 ‘amoris
3539 2421 3660 2475 dul-

2073 2522 2315 2578 cedinem
2349 2522 2607 2585 occultat,
2631 2532 2684 2576 et
2708 2521 2988 2575 minarum
3024 2516 3442 2572 amaritudinem
3475 2523 3659 2568 osten-

2070 2611 2169 2666 dit.
2199 2609 2367 2676 ldem,
2394 2609 2748 2680 proportione
2781 2619 3019 2674 servata,
3043 2623 3108 2662 ac
3136 2616 3288 2677 pater
3311 2613 3364 2660 et
3390 2604 3655 2669 medicus,

2069 2701 2201 2756 facit
2226 2701 2391 2756 Deus.
2425 2699 2568 2756 Sunt
2608 2717 2800 2756 amara
2831 2700 3078 2771 quaedam
3105 2715 3228 2768 qua:
3273 2698 3434 2753 etiam
3464 2697 3657 2766 justis-

2071 2793 2271 2849 simum
2299 2808 2364 2848 ac
2399 2793 2864 2864 sapientissimum
2893 2800 3108 2846 sanant.
3155 2789 3346 2843 Omnis
3374 2789 3520 2842 enim
3559 2786 3656 2856 qui

2067 2886 2394 2957 peccaverit,
2446 2901 2544 2954 pro
2582 2885 2824 2954 peccatis
2869 2883 3176 2953 puniendus
3204 2890 3307 2937 est.
3361 2879 3540 2934 Nolite
3571 2895 3655 2932 er-

2068 2992 2208 3041 rare,
2225 2975 2362 3029 Deus
2385 2990 2488 3028 non
2517 2973 2790 3028 irridetur.
2815 2973 2934 3028 Sive
2955 2972 3265 3042 fornicator,
3292 2970 3396 3023 sive
3421 2968 3652 3033 adulter,

2067 3067 2174 3122 sive
2205 3066 2401 3131 mollis,
2444 3067 2549 3120 sive
2585 3064 2944 3119 masculorum
2983 3063 3318 3126 concubitor,
3368 3061 3474 3114 sive
3523 3060 3644 3130 fur,

2070 3162 2174 3215 sive
2215 3159 2470 3225 ebriosus,
2509 3159 2616 3213 sive
2653 3157 2977 3222 maledicus,
3026 3157 3131 3210 sive
3175 3163 3384 3223 raptor,
3430 3167 3647 3222 regnum

2071 3251 2170 3306 Dei
2199 3267 2300 3304 non
2339 3250 2674 3320 possidebunt
2705 3250 2772 3302 "’.
2805 3246 2919 3302 Hoc
2948 3248 2993 3302 si
3026 3246 3378 3312 intellectum,
3418 3245 3647 3315 diligen-

2071 3353 2261 3414 terque
2307 3342 2710 3398 consideratum
2751 3339 2915 3395 fuerit
2942 3339 3012 3393 ab
3041 3339 3126 3393 his
3156 3339 3250 3408 qui
3299 3337 3492 3392 medici
3542 3335 3650 3389 fer-

2070 3449 2193 3490 rum
2224 3435 2326 3489 sub
2353 3433 2580 3503 spongia
2617 3432 2894 3487 conditum
2928 3429 3244 3500 conspicere
3284 3437 3379 3483 aut
3400 3443 3647 3482 amarum

2069 3524 2431 3593 pharmacum
2469 3523 2572 3577 sub
2600 3521 2760 3575 melle
2789 3521 2964 3575 latens
2993 3519 3179 3573 bibere
3209 3525 3510 3587 nequeunt,
3544 3515 3650 3568 erit

2069 3615 2268 3686 aliquis
2297 3616 2390 3686 qui
2422 3615 2604 3672 animo
2633 3612 2901 3668 concidat.
2933 3610 3067 3678 Quis
3096 3612 3240 3664 enim
3271 3616 3510 3663 nostmm
3541 3606 3647 3662 sibi

2070 3723 2179 3764 non
2212 3716 2295 3762 est
2325 3706 2582 3762 conscius
2627 3705 2951 3760 inconsulta:
2992 3702 3289 3772 potationis
3322 3708 3375 3754 et
3413 3699 3645 3753 ebrieta~

2071 3799 2177 3856 tis?
2204 3797 2338 3866 Quis
2363 3804 2609 3853 nostrum
2645 3811 2815 3865 purus
2845 3802 2926 3849 est
2955 3809 2984 3848 a
3017 3791 3178 3856 furto,
3213 3800 3308 3844 aut
3337 3789 3644 3845 necessaria

2069 3891 2173 3947 sibi
2199 3891 2346 3961 juste
2379 3887 2754 3957 comparaxit?
2793 3885 2898 3938 Sed
2940 3883 3061 3936 vide
3092 3882 3222 3951 quid
3252 3881 3399 3934 dicat
3419 3895 3596 3936 sermo
3623 3897 3640 3936 :

2073 3980 2256 4034 Nolite
2285 3988 2495 4032 errare:
2513 3977 2567 4029 hi
2590 3991 2803 4045 regnum
2830 3973 2929 4027 Dei
2953 3989 3053 4025 non
3075 3971 3432 4041 possidebunt.
3467 3969 3641 4039 llujus

2069 4069 2174 4126 1ουί
2214 4067 2532 4138 mysterium
2561 4063 3000 4119 abscondendum
3043 4073 3146 4128 est,
3190 4078 3255 4116 ne
3281 4063 3474 4131 vulgus
3523 4061 3641 4114 aui-

2069 4175 2220 4216 mum
2246 4157 2598 4227 despondeat,
2649 4171 2716 4208 ne
2759 4155 2972 4225 cognita
3005 4170 3063 4207 re
3099 4163 3329 4207 mortem
3369 4159 3642 4221 exspectet

2067 4267 2177 4306 non
2214 4253 2289 4306 uti
2327 4251 2569 4324 requiem
2599 4290 2615 4316 ,
2664 4250 2758 4304 sed
2809 4258 2868 4304 ut
2911 4265 3150 4320 pmnam.
3203 4249 3313 4302 Aut
3349 4247 3472 4316 quis
3505 4246 3640 4299 alter

2065 4345 2270 4401 Paulus
2300 4347 2405 4402 erit
2431 4345 2523 4415 qui
2555 4345 2726 4414 possit
2757 4344 2938 4400 dicere
2967 4344 3015 4375 ⁷³
3047 4361 3061 4397 :
3095 4342 3284 4396 Melius
3317 4340 3553 4402 dissolvi,
3589 4349 3639 4392 et

2063 4455 2174 4494 esse
2215 4454 2332 4491 cum
2373 4435 2606 4492 Christo.
2657 4434 2771 4506 Ego
2813 4435 3030 4506 quidem
3077 4435 3127 4489 id
3173 4435 3353 4489 dicere
3405 4447 3634 4501 nequeo.

1989 4495 2035 4553 υ
2063 4530 2188 4586 Scio
2223 4530 2368 4584 enim
2401 4527 2517 4583 fore
2549 4535 2628 4593 ut,
2677 4527 2766 4582 ubi
2813 4527 2942 4582 hinc
2973 4527 3296 4596 migravero,
3333 4539 3451 4577 mea
3491 4524 3634 4593 ligna

2059 4623 2472 4680 comburantur.
2521 4620 2690 4692 Ligna
2741 4635 2907 4691 porro
2953 4619 3128 4673 habeo
3170 4617 3632 4683 obtrectationes;

2057 4715 2202 4787 ligna
2230 4714 2394 4785 266
2420 4714 2593 4768 habeo
2618 4712 2941 4775 ebrietates;
2986 4709 3130 4778 ligna
3159 4706 3325 4772 furta,
3354 4716 3637 4763 sexcenta-

2057 4822 2165 4878 que
2213 4807 2316 4860 alia
2365 4807 2509 4876 ligna
2560 4819 2722 4874 super
2762 4801 3048 4857 aedilicium
3096 4815 3276 4854 meum
3329 4799 3630 4854 construxi.

2057 4898 2220 4953 Vides
2266 4897 2382 4952 haec
2424 4897 2610 4952 omnia
2645 4894 2908 4964 plurimos
2954 4892 3139 4948 ﬁdeles
3166 4892 3366 4946 latere?
3409 4900 3463 4946 et
3497 4891 3633 4945 bene

2058 4990 2232 5046 latent
2279 5008 2290 5044 :
2341 4999 2396 5044 et
2441 4987 2817 5058 unusquisque
2857 4995 3104 5040 nostrum
3149 4985 3278 5054 quia
3329 4983 3472 5038 idola
3522 4997 3631 5036 non

2058 5081 2402 5150 coluit,quia
2444 5096 2553 5134 non
2589 5088 2672 5134 est
2704 5078 3001 5132 fornicatus
3031 5077 3260 5147 (utinam
3305 5075 3359 5128 in
3394 5073 3480 5128 bis
3521 5073 3629 5127 sal-

2059 5181 2164 5228 tem
2197 5172 2318 5241 puri
2363 5173 2591 5239 simus),
2629 5179 2780 5239 putat
2810 5184 2869 5223 se
2903 5167 2991 5222 ubi
3023 5182 3085 5221 ex
3118 5167 3218 5220 hac
3245 5167 3353 5218 vita
3382 5178 3632 5218 excesse-

2057 5263 2148 5327 rit,
2179 5263 2389 5318 salvum
2418 5261 2554 5316 fore.
2594 5259 2711 5314 Non
2739 5259 3169 5322 consideramus,
3199 5256 3348 5311 nobis
3388 5254 3630 5308 omnibus

2054 5355 2303 5408 standum
2329 5371 2438 5408 esse
2471 5365 2597 5409 ante
2632 5351 2866 5407 tribunal
2889 5350 3112 5415 Christi,
3155 5361 3211 5403 ut
3254 5350 3446 5418 referat
3475 5363 3632 5402 unus.

2051 5447 2268 5516 quisque
2303 5447 2516 5515 propria
2553 5445 2823 5514 corporis,
2861 5452 3014 5514 prout
3047 5442 3234 5511 gessit,
3273 5441 3376 5495 sive
3415 5439 3628 5503 bonum,

2056 5539 2162 5594 sive
2186 5536 2381 5590 malum
2411 5537 2477 5592 ⁷⁸.
2511 5535 2626 5591 Non
2655 5538 2984 5591 attendimus
3009 5533 3266 5590 dicenti“I
3297 5552 3309 5590 :
3355 5531 3630 5588 Verumta-

2579 5695 2624 5726 τ’
2655 5693 2846 5772 Annos.
2893 5707 2978 5761 ιιι,
3019 5692 3072 5748 2.
