  <div class='ocr_page' id='page_1' title='image "/cluster/home/n/w/nwhite01/storage/ocr_20150623/13/mdp.39015007036059/255.png"; bbox 0 0 4218 6292; ppageno 0'>
   <div class='ocr_carea' id='block_1_1' title="bbox 576 350 681 406">
    <p class='ocr_par' dir='ltr' id='par_1_1' title="bbox 576 350 681 406">
     <span class='ocr_line' id='line_1_1' title="bbox 576 350 681 406; baseline -0.01 0"><span class='ocrx_word' id='word_1_1' title='bbox 576 350 681 406; x_wconf 81' lang='lat'><strong>507</strong></span> 
     </span>
    </p>
   </div>
   <div class='ocr_carea' id='block_1_2' title="bbox 2046 349 2373 409">
    <p class='ocr_par' dir='ltr' id='par_1_2' title="bbox 2046 349 2373 409">
     <span class='ocr_line' id='line_1_2' title="bbox 2046 349 2373 409; baseline -0.012 0"><span class='ocrx_word' id='word_1_2' title='bbox 2046 349 2373 409; x_wconf 69' lang='lat' dir='ltr'><strong>ORIGENIS</strong></span> 
     </span>
    </p>
   </div>
   <div class='ocr_carea' id='block_1_3' title="bbox 3718 355 3821 411">
    <p class='ocr_par' dir='ltr' id='par_1_3' title="bbox 3718 355 3821 411">
     <span class='ocr_line' id='line_1_3' title="bbox 3718 355 3821 411; baseline 0.01 -2"><span class='ocrx_word' id='word_1_3' title='bbox 3718 355 3821 411; x_wconf 77' lang='lat'><strong>503</strong></span> 
     </span>
    </p>
   </div>
   <div class='ocr_carea' id='block_1_4' title="bbox 570 466 2236 545">
    <p class='ocr_par' dir='ltr' id='par_1_4' title="bbox 570 470 2222 542">
     <span class='ocr_line' id='line_1_4' title="bbox 570 470 2222 542; baseline 0.002 -20"><span class='ocrx_word' id='word_1_4' title='bbox 570 485 688 522; x_wconf 84' lang='lat' dir='ltr'><strong>men</strong></span> <span class='ocrx_word' id='word_1_5' title='bbox 739 485 825 524; x_wconf 80' lang='lat' dir='ltr'><strong>vos</strong></span> <span class='ocrx_word' id='word_1_6' title='bbox 863 472 1076 542; x_wconf 77' lang='lat' dir='ltr'><strong>cognovi</strong></span> <span class='ocrx_word' id='word_1_7' title='bbox 1125 486 1190 526; x_wconf 77' lang='lat' dir='ltr'><strong>ex</strong></span> <span class='ocrx_word' id='word_1_8' title='bbox 1227 472 1465 526; x_wconf 85' lang='lat' dir='ltr'><strong>omnibus</strong></span> <span class='ocrx_word' id='word_1_9' title='bbox 1518 470 1754 527; x_wconf 75' lang='lat' dir='ltr'><strong>tribubus</strong></span> <span class='ocrx_word' id='word_1_10' title='bbox 1807 482 1993 537; x_wconf 71' lang='lat' dir='ltr'><strong>terra;</strong></span> <span class='ocrx_word' id='word_1_11' title='bbox 2034 474 2149 526; x_wconf 84' lang='lat' dir='ltr'><strong>ideo</strong></span> <span class='ocrx_word' id='word_1_12' title='bbox 2179 479 2222 534; x_wconf 78' lang='grc' dir='ltr'><strong>Α</strong></span> 
     </span>
    </p>
   </div>
   <div class='ocr_carea' id='block_1_5' title="bbox 2153 466 3819 545">
    <p class='ocr_par' dir='ltr' id='par_1_5' title="bbox 2179 466 3819 545">
     <span class='ocr_line' id='line_1_5' title="bbox 2179 466 3819 545; baseline 0.002 -22"><span class='ocrx_word' id='word_1_13' title='bbox 2179 479 2222 534; x_wconf 77' lang='grc' dir='ltr'>Α</span> <span class='ocrx_word' id='word_1_14' title='bbox 2252 486 2349 524; x_wconf 83' lang='grc' dir='ltr'>ναι</span> <span class='ocrx_word' id='word_1_15' title='bbox 2393 467 2489 523; x_wconf 79' lang='grc' dir='ltr'>δεῖ</span> <span class='ocrx_word' id='word_1_16' title='bbox 2528 468 2866 545; x_wconf 75' lang='grc' dir='ltr'>ἔμπροσθεν</span> <span class='ocrx_word' id='word_1_17' title='bbox 2919 468 3027 522; x_wconf 82' lang='grc' dir='ltr'><strong>τοῦ</strong></span> <span class='ocrx_word' id='word_1_18' title='bbox 3071 468 3345 538; x_wconf 69' lang='grc' dir='ltr'>,βήματος</span> <span class='ocrx_word' id='word_1_19' title='bbox 3387 466 3492 522; x_wconf 79' lang='grc' dir='ltr'><strong>τοῦ</strong></span> <span class='ocrx_word' id='word_1_20' title='bbox 3540 471 3819 537; x_wconf 63' lang='grc' dir='ltr'>Χριστοῦν</span> 
     </span>
    </p>
   </div>
   <div class='ocr_carea' id='block_1_6' title="bbox 568 560 2141 635">
    <p class='ocr_par' dir='ltr' id='par_1_6' title="bbox 568 560 2141 635">
     <span class='ocr_line' id='line_1_6' title="bbox 568 560 2141 635; baseline 0.004 -22"><span class='ocrx_word' id='word_1_21' title='bbox 568 560 820 615; x_wconf 73' lang='lat' dir='ltr'><strong>ultionem</strong></span> <span class='ocrx_word' id='word_1_22' title='bbox 864 579 1068 617; x_wconf 68' lang='lat' dir='ltr'><strong>tantum</strong></span> <span class='ocrx_word' id='word_1_23' title='bbox 1101 562 1166 615; x_wconf 84' lang='lat' dir='ltr'><strong>de</strong></span> <span class='ocrx_word' id='word_1_24' title='bbox 1210 564 1354 617; x_wconf 79' lang='lat' dir='ltr'><strong>vobis</strong></span> <span class='ocrx_word' id='word_1_25' title='bbox 1407 566 1579 635; x_wconf 83' lang='lat' dir='ltr'><strong><em>quoad</em></strong></span> <span class='ocrx_word' id='word_1_26' title='bbox 1619 568 1795 620; x_wconf 80' lang='lat' dir='ltr'><strong>omnia</strong></span> <span class='ocrx_word' id='word_1_27' title='bbox 1836 566 2015 620; x_wconf 84' lang='lat' dir='ltr'><strong>studia</strong></span> <span class='ocrx_word' id='word_1_28' title='bbox 2053 582 2141 619; x_wconf 71' lang='lat' dir='ltr'><strong>ve-</strong></span> 
     </span>
    </p>
   </div>
   <div class='ocr_carea' id='block_1_7' title="bbox 565 654 2142 728">
    <p class='ocr_par' dir='ltr' id='par_1_7' title="bbox 565 654 2142 728">
     <span class='ocr_line' id='line_1_7' title="bbox 565 654 2142 728; baseline 0.003 -22"><span class='ocrx_word' id='word_1_29' title='bbox 565 660 716 715; x_wconf 81' lang='lat' dir='ltr'><strong>stra;</strong></span> <span class='ocrx_word' id='word_1_30' title='bbox 747 667 852 705; x_wconf 90' lang='lat' dir='ltr'><strong>non</strong></span> <span class='ocrx_word' id='word_1_31' title='bbox 877 654 1053 722; x_wconf 80' lang='lat' dir='ltr'><strong>quoad</strong></span> <span class='ocrx_word' id='word_1_32' title='bbox 1082 654 1264 723; x_wconf 70' lang='lat' dir='ltr'><strong>aliqua</strong></span> <span class='ocrx_word' id='word_1_33' title='bbox 1315 656 1532 724; x_wconf 77' lang='lat' dir='ltr'><strong>quidem</strong></span> <span class='ocrx_word' id='word_1_34' title='bbox 1556 700 1570 723; x_wconf 87' lang='lat'><strong>,</strong></span> <span class='ocrx_word' id='word_1_35' title='bbox 1607 658 1783 726; x_wconf 83' lang='lat' dir='ltr'><strong>quoad</strong></span> <span class='ocrx_word' id='word_1_36' title='bbox 1804 658 1982 728; x_wconf 89' lang='lat' dir='ltr'><strong>aliqua</strong></span> <span class='ocrx_word' id='word_1_37' title='bbox 2015 673 2142 711; x_wconf 85' lang='lat' dir='ltr'><strong>vero</strong></span> 
     </span>
    </p>
   </div>
   <div class='ocr_carea' id='block_1_8' title="bbox 565 741 2143 818">
    <p class='ocr_par' dir='ltr' id='par_1_8' title="bbox 565 741 2143 818">
     <span class='ocr_line' id='line_1_8' title="bbox 565 741 2143 818; baseline 0.004 -23"><span class='ocrx_word' id='word_1_38' title='bbox 565 757 695 795; x_wconf 88' lang='lat' dir='ltr'><strong>non.</strong></span> <span class='ocrx_word' id='word_1_39' title='bbox 743 741 1006 808; x_wconf 79' lang='lat' dir='ltr'><strong>Quoniam</strong></span> <span class='ocrx_word' id='word_1_40' title='bbox 1058 746 1224 815; x_wconf 83' lang='lat' dir='ltr'><strong>igitur</strong></span> <span class='ocrx_word' id='word_1_41' title='bbox 1257 748 1500 803; x_wconf 83' lang='lat' dir='ltr'><strong>medicus</strong></span> <span class='ocrx_word' id='word_1_42' title='bbox 1545 749 1870 818; x_wconf 80' lang='lat' dir='ltr'><strong>quandoque</strong></span> <span class='ocrx_word' id='word_1_43' title='bbox 1922 749 2143 803; x_wconf 83' lang='lat' dir='ltr'><strong>medici-</strong></span> 
     </span>
    </p>
   </div>
   <div class='ocr_carea' id='block_1_9' title="bbox 562 834 2143 910">
    <p class='ocr_par' dir='ltr' id='par_1_9' title="bbox 562 834 2143 910">
     <span class='ocr_line' id='line_1_9' title="bbox 562 834 2143 910; baseline 0.004 -24"><span class='ocrx_word' id='word_1_44' title='bbox 562 834 680 888; x_wconf 91' lang='lat' dir='ltr'><strong>nale</strong></span> <span class='ocrx_word' id='word_1_45' title='bbox 707 835 908 889; x_wconf 80' lang='lat' dir='ltr'><strong>ferrum</strong></span> <span class='ocrx_word' id='word_1_46' title='bbox 936 837 1171 892; x_wconf 76' lang='lat' dir='ltr'><strong>occultat</strong></span> <span class='ocrx_word' id='word_1_47' title='bbox 1194 839 1297 893; x_wconf 86' lang='lat' dir='ltr'><strong>sub</strong></span> <span class='ocrx_word' id='word_1_48' title='bbox 1326 838 1665 894; x_wconf 82' lang='lat' dir='ltr'><strong>fraudulenta</strong></span> <span class='ocrx_word' id='word_1_49' title='bbox 1693 840 1950 910; x_wconf 86' lang='lat' dir='ltr'><strong>mollique</strong></span> <span class='ocrx_word' id='word_1_50' title='bbox 1980 854 2143 909; x_wconf 83' lang='lat' dir='ltr'><strong>spon-</strong></span> 
     </span>
    </p>
   </div>
   <div class='ocr_carea' id='block_1_10' title="bbox 561 925 2140 1002">
    <p class='ocr_par' dir='ltr' id='par_1_10' title="bbox 561 925 2140 1002">
     <span class='ocr_line' id='line_1_10' title="bbox 561 925 2140 1002; baseline 0.004 -23"><span class='ocrx_word' id='word_1_51' title='bbox 561 925 668 996; x_wconf 79' lang='lat' dir='ltr'><strong>gia,</strong></span> <span class='ocrx_word' id='word_1_52' title='bbox 700 935 753 980; x_wconf 82' lang='lat' dir='ltr'><strong>et</strong></span> <span class='ocrx_word' id='word_1_53' title='bbox 791 938 944 996; x_wconf 87' lang='lat' dir='ltr'><strong>pater</strong></span> <span class='ocrx_word' id='word_1_54' title='bbox 981 929 1159 985; x_wconf 86' lang='lat' dir='ltr'><strong>minas</strong></span> <span class='ocrx_word' id='word_1_55' title='bbox 1197 930 1454 999; x_wconf 85' lang='lat' dir='ltr'><strong>jactando</strong></span> <span class='ocrx_word' id='word_1_56' title='bbox 1493 947 1646 986; x_wconf 88' lang='lat' dir='ltr'><strong>suam</strong></span> <span class='ocrx_word' id='word_1_57' title='bbox 1691 947 1815 1002; x_wconf 83' lang='lat' dir='ltr'><strong>erga</strong></span> <span class='ocrx_word' id='word_1_58' title='bbox 1847 931 2015 986; x_wconf 87' lang='lat' dir='ltr'><strong>tilium</strong></span> <span class='ocrx_word' id='word_1_59' title='bbox 2046 931 2140 985; x_wconf 89' lang='lat' dir='ltr'><strong>be-</strong></span> 
     </span>
    </p>
   </div>
   <div class='ocr_carea' id='block_1_11' title="bbox 563 1014 2139 1090">
    <p class='ocr_par' dir='ltr' id='par_1_11' title="bbox 563 1014 2139 1090">
     <span class='ocr_line' id='line_1_11' title="bbox 563 1014 2139 1090; baseline 0.004 -23"><span class='ocrx_word' id='word_1_60' title='bbox 563 1014 922 1071; x_wconf 86' lang='lat' dir='ltr'><strong>nevolentiam</strong></span> <span class='ocrx_word' id='word_1_61' title='bbox 957 1018 1126 1089; x_wconf 83' lang='lat' dir='ltr'><strong>tegit,</strong></span> <span class='ocrx_word' id='word_1_62' title='bbox 1171 1028 1226 1074; x_wconf 89' lang='lat' dir='ltr'><strong>et</strong></span> <span class='ocrx_word' id='word_1_63' title='bbox 1267 1021 1524 1090; x_wconf 86' lang='lat' dir='ltr'><strong>quoniam</strong></span> <span class='ocrx_word' id='word_1_64' title='bbox 1562 1022 1702 1076; x_wconf 81' lang='lat' dir='ltr'><strong>inter</strong></span> <span class='ocrx_word' id='word_1_65' title='bbox 1733 1021 1985 1083; x_wconf 84' lang='lat' dir='ltr'><strong>fraudes,</strong></span> <span class='ocrx_word' id='word_1_66' title='bbox 2021 1020 2139 1074; x_wconf 74' lang='lat' dir='ltr'><strong>aliae</strong></span> 
     </span>
    </p>
   </div>
   <div class='ocr_carea' id='block_1_12' title="bbox 559 1105 2138 1180">
    <p class='ocr_par' dir='ltr' id='par_1_12' title="bbox 559 1105 2138 1180">
     <span class='ocr_line' id='line_1_12' title="bbox 559 1105 2138 1180; baseline 0.004 -21"><span class='ocrx_word' id='word_1_67' title='bbox 559 1105 778 1175; x_wconf 78' lang='lat' dir='ltr'><strong>quidem</strong></span> <span class='ocrx_word' id='word_1_68' title='bbox 810 1116 1052 1161; x_wconf 88' lang='lat' dir='ltr'><strong>tumores</strong></span> <span class='ocrx_word' id='word_1_69' title='bbox 1076 1117 1130 1162; x_wconf 89' lang='lat' dir='ltr'><strong>et</strong></span> <span class='ocrx_word' id='word_1_70' title='bbox 1156 1110 1386 1175; x_wconf 82' lang='lat' dir='ltr'><strong>varices,</strong></span> <span class='ocrx_word' id='word_1_71' title='bbox 1416 1120 1468 1164; x_wconf 87' lang='lat' dir='ltr'><strong>et</strong></span> <span class='ocrx_word' id='word_1_72' title='bbox 1493 1110 1538 1165; x_wconf 90' lang='lat' dir='ltr'><strong>si</strong></span> <span class='ocrx_word' id='word_1_73' title='bbox 1561 1111 1690 1180; x_wconf 81' lang='lat' dir='ltr'><strong>quid</strong></span> <span class='ocrx_word' id='word_1_74' title='bbox 1717 1110 1861 1164; x_wconf 82' lang='lat' dir='ltr'><strong>aliud</strong></span> <span class='ocrx_word' id='word_1_75' title='bbox 1890 1110 2138 1179; x_wconf 85' lang='lat' dir='ltr'><strong>corporis</strong></span> 
     </span>
    </p>
   </div>
   <div class='ocr_carea' id='block_1_13' title="bbox 558 1198 2138 1271">
    <p class='ocr_par' dir='ltr' id='par_1_13' title="bbox 558 1198 2138 1271">
     <span class='ocr_line' id='line_1_13' title="bbox 558 1198 2138 1271; baseline 0.003 -22"><span class='ocrx_word' id='word_1_76' title='bbox 558 1201 846 1250; x_wconf 68' lang='lat' dir='ltr'><strong>structurae</strong></span> <span class='ocrx_word' id='word_1_77' title='bbox 877 1198 1100 1252; x_wconf 84' lang='lat' dir='ltr'><strong>noxium</strong></span> <span class='ocrx_word' id='word_1_78' title='bbox 1128 1208 1230 1266; x_wconf 90' lang='lat' dir='ltr'><strong>est,</strong></span> <span class='ocrx_word' id='word_1_79' title='bbox 1259 1201 1346 1254; x_wconf 87' lang='lat' dir='ltr'><strong>illa</strong></span> <span class='ocrx_word' id='word_1_80' title='bbox 1372 1217 1500 1257; x_wconf 89' lang='lat' dir='ltr'><strong>vero</strong></span> <span class='ocrx_word' id='word_1_81' title='bbox 1527 1202 1883 1271; x_wconf 79' lang='lat' dir='ltr'><strong>ignorantiam</strong></span> <span class='ocrx_word' id='word_1_82' title='bbox 1914 1209 1968 1255; x_wconf 87' lang='lat' dir='ltr'><strong>et</strong></span> <span class='ocrx_word' id='word_1_83' title='bbox 1998 1216 2031 1254; x_wconf 89' lang='grc' dir='ltr'><strong>ο</strong></span> <span class='ocrx_word' id='word_1_84' title='bbox 2064 1200 2138 1255; x_wconf 88' lang='lat' dir='ltr'><strong>ci-</strong></span> 
     </span>
    </p>
   </div>
   <div class='ocr_carea' id='block_1_14' title="bbox 554 1285 2135 1363">
    <p class='ocr_par' dir='ltr' id='par_1_14' title="bbox 554 1285 2135 1363">
     <span class='ocr_line' id='line_1_14' title="bbox 554 1285 2135 1363; baseline 0.004 -25"><span class='ocrx_word' id='word_1_85' title='bbox 554 1285 782 1340; x_wconf 74' lang='lat' dir='ltr'><strong>tautiam</strong></span> <span class='ocrx_word' id='word_1_86' title='bbox 836 1287 1009 1354; x_wconf 89' lang='lat' dir='ltr'><strong>tollit,</strong></span> <span class='ocrx_word' id='word_1_87' title='bbox 1050 1289 1155 1344; x_wconf 89' lang='lat' dir='ltr'><strong>tale</strong></span> <span class='ocrx_word' id='word_1_88' title='bbox 1204 1291 1477 1360; x_wconf 86' lang='lat' dir='ltr'><strong>quippiam</strong></span> <span class='ocrx_word' id='word_1_89' title='bbox 1515 1292 1739 1363; x_wconf 83' lang='lat' dir='ltr'><strong>mystice</strong></span> <span class='ocrx_word' id='word_1_90' title='bbox 1771 1290 1936 1345; x_wconf 89' lang='lat' dir='ltr'><strong>Deum</strong></span> <span class='ocrx_word' id='word_1_91' title='bbox 1974 1306 2135 1361; x_wconf 72' lang='lat' dir='ltr'><strong>agere</strong></span> 
     </span>
    </p>
   </div>
   <div class='ocr_carea' id='block_1_15' title="bbox 552 1378 2132 1452">
    <p class='ocr_par' dir='ltr' id='par_1_15' title="bbox 552 1378 2132 1452">
     <span class='ocr_line' id='line_1_15' title="bbox 552 1378 2132 1452; baseline 0.003 -19"><span class='ocrx_word' id='word_1_92' title='bbox 552 1378 817 1449; x_wconf 75' lang='lat' dir='ltr'><strong>propheta</strong></span> <span class='ocrx_word' id='word_1_93' title='bbox 847 1380 1131 1448; x_wconf 78' lang='lat' dir='ltr'><strong>intellexit,</strong></span> <span class='ocrx_word' id='word_1_94' title='bbox 1157 1391 1212 1437; x_wconf 86' lang='lat' dir='ltr'><strong>et</strong></span> <span class='ocrx_word' id='word_1_95' title='bbox 1240 1384 1433 1439; x_wconf 81' lang='lat' dir='ltr'><strong>videns</strong></span> <span class='ocrx_word' id='word_1_96' title='bbox 1465 1400 1524 1439; x_wconf 87' lang='lat' dir='ltr'><strong>se</strong></span> <span class='ocrx_word' id='word_1_97' title='bbox 1560 1385 1840 1452; x_wconf 89' lang='lat' dir='ltr'><strong>deceptum</strong></span> <span class='ocrx_word' id='word_1_98' title='bbox 1881 1399 1911 1437; x_wconf 88' lang='lat' dir='ltr'><strong>a</strong></span> <span class='ocrx_word' id='word_1_99' title='bbox 1942 1381 2053 1437; x_wconf 89' lang='lat' dir='ltr'><strong>Deo</strong></span> <span class='ocrx_word' id='word_1_100' title='bbox 2076 1382 2132 1437; x_wconf 85' lang='lat' dir='ltr'><strong>in</strong></span> 
     </span>
    </p>
   </div>
   <div class='ocr_carea' id='block_1_16' title="bbox 552 1468 2129 1541">
    <p class='ocr_par' dir='ltr' id='par_1_16' title="bbox 552 1468 2129 1541">
     <span class='ocr_line' id='line_1_16' title="bbox 552 1468 2129 1541; baseline 0.003 -20"><span class='ocrx_word' id='word_1_101' title='bbox 552 1468 760 1523; x_wconf 82' lang='lat' dir='ltr'><strong>bonum</strong></span> <span class='ocrx_word' id='word_1_102' title='bbox 791 1470 867 1524; x_wconf 91' lang='lat' dir='ltr'><strong>ait</strong></span> <span class='ocrx_word' id='word_1_103' title='bbox 898 1489 914 1525; x_wconf 75' lang='grc' dir='ltr'><strong>ι</strong></span> <span class='ocrx_word' id='word_1_104' title='bbox 948 1470 1214 1539; x_wconf 69' lang='lat' dir='ltr'><strong>Detqristi</strong></span> <span class='ocrx_word' id='word_1_105' title='bbox 1236 1488 1346 1535; x_wconf 61' lang='lat' dir='ltr'><strong>ne,</strong></span> <span class='ocrx_word' id='word_1_106' title='bbox 1376 1473 1620 1537; x_wconf 70' lang='lat' dir='ltr'><strong>Domine,</strong></span> <span class='ocrx_word' id='word_1_107' title='bbox 1644 1484 1695 1526; x_wconf 90' lang='lat' dir='ltr'><strong>et</strong></span> <span class='ocrx_word' id='word_1_108' title='bbox 1722 1472 1965 1541; x_wconf 74' lang='lat' dir='ltr'><strong>deceptus</strong></span> <span class='ocrx_word' id='word_1_109' title='bbox 1988 1484 2129 1525; x_wconf 76' lang='lat' dir='ltr'><strong>sum.</strong></span> 
     </span>
    </p>
   </div>
   <div class='ocr_carea' id='block_1_17' title="bbox 552 1556 2130 1632">
    <p class='ocr_par' dir='ltr' id='par_1_17' title="bbox 552 1556 2130 1632">
     <span class='ocr_line' id='line_1_17' title="bbox 552 1556 2130 1632; baseline 0.003 -21"><span class='ocrx_word' id='word_1_110' title='bbox 552 1556 689 1612; x_wconf 81' lang='lat' dir='ltr'><strong>Eum</strong></span> <span class='ocrx_word' id='word_1_111' title='bbox 719 1561 773 1613; x_wconf 90' lang='lat' dir='ltr'><strong>in</strong></span> <span class='ocrx_word' id='word_1_112' title='bbox 803 1569 1012 1615; x_wconf 85' lang='lat' dir='ltr'><strong>tantum</strong></span> <span class='ocrx_word' id='word_1_113' title='bbox 1048 1563 1247 1618; x_wconf 86' lang='lat' dir='ltr'><strong>mentis</strong></span> <span class='ocrx_word' id='word_1_114' title='bbox 1274 1566 1560 1618; x_wconf 68' lang='lat' dir='ltr'><strong>excessum</strong></span> <span class='ocrx_word' id='word_1_115' title='bbox 1577 1569 1856 1632; x_wconf 78' lang='lat' dir='ltr'><strong>rapuerat.</strong></span> <span class='ocrx_word' id='word_1_116' title='bbox 1884 1572 1946 1616; x_wconf 81' lang='lat' dir='ltr'><strong>ut</strong></span> <span class='ocrx_word' id='word_1_117' title='bbox 1966 1561 2130 1615; x_wconf 78' lang='lat' dir='ltr'><strong>etiam</strong></span> 
     </span>
    </p>
   </div>
   <div class='ocr_carea' id='block_1_18' title="bbox 552 1651 2134 1724">
    <p class='ocr_par' dir='ltr' id='par_1_18' title="bbox 552 1651 2134 1724">
     <span class='ocr_line' id='line_1_18' title="bbox 552 1651 2134 1724; baseline 0.001 -19"><span class='ocrx_word' id='word_1_118' title='bbox 552 1651 756 1706; x_wconf 85' lang='lat' dir='ltr'><strong>diceret</strong></span> <span class='ocrx_word' id='word_1_119' title='bbox 786 1651 894 1707; x_wconf 89' lang='lat' dir='ltr'><strong>Deo</strong></span> <span class='ocrx_word' id='word_1_120' title='bbox 918 1672 931 1706; x_wconf 93' lang='lat'><strong>:</strong></span> <span class='ocrx_word' id='word_1_121' title='bbox 956 1653 1154 1724; x_wconf 86' lang='lat' dir='ltr'><strong>Decipe</strong></span> <span class='ocrx_word' id='word_1_122' title='bbox 1183 1671 1288 1721; x_wconf 84' lang='lat' dir='ltr'><strong>me,</strong></span> <span class='ocrx_word' id='word_1_123' title='bbox 1308 1656 1352 1709; x_wconf 84' lang='lat' dir='ltr'><strong>si</strong></span> <span class='ocrx_word' id='word_1_124' title='bbox 1379 1657 1429 1710; x_wconf 91' lang='lat' dir='ltr'><strong>id</strong></span> <span class='ocrx_word' id='word_1_125' title='bbox 1457 1655 1730 1711; x_wconf 79' lang='lat' dir='ltr'><strong>conducit.</strong></span> <span class='ocrx_word' id='word_1_126' title='bbox 1750 1655 1866 1709; x_wconf 82' lang='lat' dir='ltr'><strong>Alia</strong></span> <span class='ocrx_word' id='word_1_127' title='bbox 1889 1654 2032 1707; x_wconf 85' lang='lat' dir='ltr'><strong>enim</strong></span> <span class='ocrx_word' id='word_1_128' title='bbox 2050 1661 2134 1708; x_wconf 79' lang='lat' dir='ltr'><strong>est</strong></span> 
     </span>
    </p>
   </div>
   <div class='ocr_carea' id='block_1_19' title="bbox 2243 559 3820 632">
    <p class='ocr_par' dir='ltr' id='par_1_19' title="bbox 2243 559 3820 632">
     <span class='ocr_line' id='line_1_19' title="bbox 2243 559 3820 632; baseline 0.001 -17"><span class='ocrx_word' id='word_1_129' title='bbox 2243 563 2344 616; x_wconf 78' lang='grc' dir='ltr'><strong>ἵνα</strong></span> <span class='ocrx_word' id='word_1_130' title='bbox 2373 561 2687 632; x_wconf 80' lang='grc' dir='ltr'><strong>κομίσηται</strong></span> <span class='ocrx_word' id='word_1_131' title='bbox 2709 559 2968 627; x_wconf 80' lang='grc' dir='ltr'>ἕκαστος</span> <span class='ocrx_word' id='word_1_132' title='bbox 2998 561 3068 616; x_wconf 80' lang='grc' dir='ltr'>τὰ</span> <span class='ocrx_word' id='word_1_133' title='bbox 3098 561 3217 614; x_wconf 82' lang='grc' dir='ltr'>ἴδια</span> <span class='ocrx_word' id='word_1_134' title='bbox 3239 559 3346 614; x_wconf 85' lang='grc' dir='ltr'><strong>τοῦ</strong></span> <span class='ocrx_word' id='word_1_135' title='bbox 3373 561 3648 630; x_wconf 78' lang='grc' dir='ltr'>σώματος</span> <span class='ocrx_word' id='word_1_136' title='bbox 3669 563 3820 632; x_wconf 76' lang='grc' dir='ltr'><strong>πρὸς</strong></span> 
     </span>
    </p>
   </div>
   <div class='ocr_carea' id='block_1_20' title="bbox 2241 649 3819 724">
    <p class='ocr_par' dir='ltr' id='par_1_20' title="bbox 2241 649 3819 724">
     <span class='ocr_line' id='line_1_20' title="bbox 2241 649 3819 724; baseline 0.002 -19"><span class='ocrx_word' id='word_1_137' title='bbox 2241 652 2279 705; x_wconf 76' lang='grc' dir='ltr'><em>ἆ</em></span> <span class='ocrx_word' id='word_1_138' title='bbox 2307 651 2587 720; x_wconf 74' lang='grc' dir='ltr'>ἔπραξεν,</span> <span class='ocrx_word' id='word_1_139' title='bbox 2613 650 2733 704; x_wconf 79' lang='grc' dir='ltr'>εἴτε</span> <span class='ocrx_word' id='word_1_140' title='bbox 2760 651 2986 721; x_wconf 76' lang='grc' dir='ltr'>ἀγαθὸν</span> <span class='ocrx_word' id='word_1_141' title='bbox 3011 651 3130 704; x_wconf 80' lang='grc' dir='ltr'>εἴτε</span> <span class='ocrx_word' id='word_1_142' title='bbox 3152 649 3408 719; x_wconf 71' lang='grc' dir='ltr'>φαῦλον.</span> <span class='ocrx_word' id='word_1_143' title='bbox 3445 650 3518 702; x_wconf 83' lang='grc' dir='ltr'><strong>υῦ</strong></span> <span class='ocrx_word' id='word_1_144' title='bbox 3550 650 3819 724; x_wconf 81' lang='grc' dir='ltr'><strong>βλέπομεν</strong></span> 
     </span>
    </p>
   </div>
   <div class='ocr_carea' id='block_1_21' title="bbox 2240 739 3820 813">
    <p class='ocr_par' dir='ltr' id='par_1_21' title="bbox 2240 739 3820 813">
     <span class='ocr_line' id='line_1_21' title="bbox 2240 739 3820 813; baseline 0.003 -18"><span class='ocrx_word' id='word_1_145' title='bbox 2240 741 2332 795; x_wconf 83' lang='grc' dir='ltr'>τὸν</span> <span class='ocrx_word' id='word_1_146' title='bbox 2368 742 2659 813; x_wconf 79' lang='grc' dir='ltr'><strong>εἰρηκότα⁸</strong></span> <span class='ocrx_word' id='word_1_147' title='bbox 2695 742 2869 810; x_wconf 76' lang='grc' dir='ltr'>Πλὴν·</span> <span class='ocrx_word' id='word_1_148' title='bbox 2910 739 3066 811; x_wconf 78' lang='grc' dir='ltr'>ὑμᾶς</span> <span class='ocrx_word' id='word_1_149' title='bbox 3092 742 3284 810; x_wconf 68' lang='grc' dir='ltr'>ἔγνων</span> <span class='ocrx_word' id='word_1_150' title='bbox 3320 741 3389 794; x_wconf 81' lang='grc' dir='ltr'>ἐκ</span> <span class='ocrx_word' id='word_1_151' title='bbox 3427 741 3669 796; x_wconf 74' lang='grc' dir='ltr'>πάντων</span> <span class='ocrx_word' id='word_1_152' title='bbox 3698 743 3820 799; x_wconf 77' lang='grc' dir='ltr'><strong>τῶν</strong></span> 
     </span>
    </p>
   </div>
   <div class='ocr_carea' id='block_1_22' title="bbox 2240 829 3815 903">
    <p class='ocr_par' dir='ltr' id='par_1_22' title="bbox 2240 829 3815 903">
     <span class='ocr_line' id='line_1_22' title="bbox 2240 829 3815 903; baseline 0.004 -22"><span class='ocrx_word' id='word_1_153' title='bbox 2240 831 2451 900; x_wconf 69' lang='grc' dir='ltr'>φυλῶν</span> <span class='ocrx_word' id='word_1_154' title='bbox 2496 829 2605 899; x_wconf 82' lang='grc' dir='ltr'>τῆς</span> <span class='ocrx_word' id='word_1_155' title='bbox 2659 830 2801 901; x_wconf 73' lang='grc' dir='ltr'><strong>τῆς·</strong></span> <span class='ocrx_word' id='word_1_156' title='bbox 2832 831 2931 885; x_wconf 79' lang='grc' dir='ltr'><strong>διὰ</strong></span> <span class='ocrx_word' id='word_1_157' title='bbox 2982 831 3158 885; x_wconf 83' lang='grc' dir='ltr'>τοῦτο</span> <span class='ocrx_word' id='word_1_158' title='bbox 3194 829 3496 896; x_wconf 79' lang='grc' dir='ltr'><strong>ἐκδικήσω</strong></span> <span class='ocrx_word' id='word_1_159' title='bbox 3532 832 3626 902; x_wconf 58' lang='grc' dir='ltr'><strong>ἐφ’</strong></span> <span class='ocrx_word' id='word_1_160' title='bbox 3658 833 3815 903; x_wconf 71' lang='grc' dir='ltr'>ὑμᾶς</span> 
     </span>
    </p>
   </div>
   <div class='ocr_carea' id='block_1_23' title="bbox 2237 921 3811 995">
    <p class='ocr_par' dir='ltr' id='par_1_23' title="bbox 2237 921 3811 995">
     <span class='ocr_line' id='line_1_23' title="bbox 2237 921 3811 995; baseline 0.003 -21"><span class='ocrx_word' id='word_1_161' title='bbox 2237 922 2338 975; x_wconf 82' lang='grc' dir='ltr'><strong>ἐπὶ</strong></span> <span class='ocrx_word' id='word_1_162' title='bbox 2366 923 2561 976; x_wconf 76' lang='grc' dir='ltr'>πάντα</span> <span class='ocrx_word' id='word_1_163' title='bbox 2589 923 2660 977; x_wconf 86' lang='grc' dir='ltr'>τὰ</span> <span class='ocrx_word' id='word_1_164' title='bbox 2697 922 3132 992; x_wconf 80' lang='grc' dir='ltr'>ἐπιτηδεύματα</span> <span class='ocrx_word' id='word_1_165' title='bbox 3162 921 3362 991; x_wconf 76' lang='grc' dir='ltr'><strong>ὑμῶν’</strong></span> <span class='ocrx_word' id='word_1_166' title='bbox 3395 923 3515 994; x_wconf 83' lang='grc' dir='ltr'>οὐχί</span> <span class='ocrx_word' id='word_1_167' title='bbox 3540 940 3662 978; x_wconf 88' lang='grc' dir='ltr'>τινα</span> <span class='ocrx_word' id='word_1_168' title='bbox 3690 924 3811 995; x_wconf 83' lang='grc' dir='ltr'>μὲν,</span> 
     </span>
    </p>
   </div>
   <div class='ocr_carea' id='block_1_24' title="bbox 2236 1013 3809 1087">
    <p class='ocr_par' dir='ltr' id='par_1_24' title="bbox 2236 1013 3809 1087">
     <span class='ocr_line' id='line_1_24' title="bbox 2236 1013 3809 1087; baseline 0.003 -21"><span class='ocrx_word' id='word_1_169' title='bbox 2236 1013 2357 1068; x_wconf 89' lang='grc' dir='ltr'><strong>τινά</strong></span> <span class='ocrx_word' id='word_1_170' title='bbox 2385 1014 2442 1066; x_wconf 82' lang='grc' dir='ltr'><strong>δὲ</strong></span> <span class='ocrx_word' id='word_1_171' title='bbox 2480 1013 2562 1066; x_wconf 82' lang='grc' dir='ltr'><strong>οῦ.</strong></span> <span class='ocrx_word' id='word_1_172' title='bbox 2606 1015 2756 1067; x_wconf 74' lang='lat' dir='ltr'><strong>‘Ercsl.</strong></span> <span class='ocrx_word' id='word_1_173' title='bbox 2785 1015 2964 1069; x_wconf 83' lang='grc' dir='ltr'>τοίνυν</span> <span class='ocrx_word' id='word_1_174' title='bbox 2987 1016 3017 1068; x_wconf 89' lang='lat'><strong>6</strong></span> <span class='ocrx_word' id='word_1_175' title='bbox 3044 1014 3232 1087; x_wconf 66' lang='grc' dir='ltr'>ἰατρὸς</span> <span class='ocrx_word' id='word_1_176' title='bbox 3268 1015 3442 1068; x_wconf 83' lang='grc' dir='ltr'>ὲνίοτε</span> <span class='ocrx_word' id='word_1_177' title='bbox 3469 1016 3809 1085; x_wconf 81' lang='grc' dir='ltr'><strong>ἀποκρύπτει</strong></span> 
     </span>
    </p>
   </div>
   <div class='ocr_carea' id='block_1_25' title="bbox 2234 1103 3810 1180">
    <p class='ocr_par' dir='ltr' id='par_1_25' title="bbox 2234 1103 3810 1180">
     <span class='ocr_line' id='line_1_25' title="bbox 2234 1103 3810 1180; baseline 0.003 -24"><span class='ocrx_word' id='word_1_178' title='bbox 2234 1103 2325 1156; x_wconf 77' lang='grc' dir='ltr'>τὸν</span> <span class='ocrx_word' id='word_1_179' title='bbox 2373 1104 2613 1175; x_wconf 74' lang='grc' dir='ltr'>ἰατρικὸν</span> <span class='ocrx_word' id='word_1_180' title='bbox 2655 1104 2870 1177; x_wconf 86' lang='grc' dir='ltr'>σίδηρον</span> <span class='ocrx_word' id='word_1_181' title='bbox 2906 1106 3013 1158; x_wconf 78' lang='grc' dir='ltr'><strong>ὑπὸ</strong></span> <span class='ocrx_word' id='word_1_182' title='bbox 3041 1104 3136 1159; x_wconf 79' lang='grc' dir='ltr'>τὸν</span> <span class='ocrx_word' id='word_1_183' title='bbox 3175 1103 3382 1159; x_wconf 82' lang='grc' dir='ltr'>ἁπαλὸν</span> <span class='ocrx_word' id='word_1_184' title='bbox 3419 1106 3512 1159; x_wconf 79' lang='grc' dir='ltr'>καὶ</span> <span class='ocrx_word' id='word_1_185' title='bbox 3543 1107 3810 1180; x_wconf 84' lang='grc' dir='ltr'>τρυφερὸν</span> 
     </span>
    </p>
   </div>
   <div class='ocr_carea' id='block_1_26' title="bbox 2236 1194 3810 1270">
    <p class='ocr_par' dir='ltr' id='par_1_26' title="bbox 2236 1194 3810 1270">
     <span class='ocr_line' id='line_1_26' title="bbox 2236 1194 3810 1270; baseline 0.003 -23"><span class='ocrx_word' id='word_1_186' title='bbox 2236 1194 2494 1263; x_wconf 77' lang='grc' dir='ltr'><strong>σπόγγον,</strong></span> <span class='ocrx_word' id='word_1_187' title='bbox 2528 1194 2760 1266; x_wconf 77' lang='grc' dir='ltr'><strong>κρύπτει</strong></span> <span class='ocrx_word' id='word_1_188' title='bbox 2789 1196 2847 1249; x_wconf 78' lang='grc' dir='ltr'><strong>δὲ</strong></span> <span class='ocrx_word' id='word_1_189' title='bbox 2884 1196 2979 1250; x_wconf 74' lang='grc' dir='ltr'>καὶ</span> <span class='ocrx_word' id='word_1_190' title='bbox 3022 1198 3050 1249; x_wconf 90' lang='lat'><strong>6</strong></span> <span class='ocrx_word' id='word_1_191' title='bbox 3083 1195 3265 1268; x_wconf 83' lang='grc' dir='ltr'>πατὴρ</span> <span class='ocrx_word' id='word_1_192' title='bbox 3297 1197 3397 1268; x_wconf 81' lang='grc' dir='ltr'>τὴν</span> <span class='ocrx_word' id='word_1_193' title='bbox 3431 1197 3810 1270; x_wconf 77' lang='grc' dir='ltr'><strong>φιλοστοργίαν</strong></span> 
     </span>
    </p>
   </div>
   <div class='ocr_carea' id='block_1_27' title="bbox 2233 1284 3808 1359">
    <p class='ocr_par' dir='ltr' id='par_1_27' title="bbox 2233 1284 3808 1359">
     <span class='ocr_line' id='line_1_27' title="bbox 2233 1284 3808 1359; baseline 0.003 -22"><span class='ocrx_word' id='word_1_194' title='bbox 2233 1284 2321 1339; x_wconf 86' lang='grc' dir='ltr'><strong>διὰ</strong></span> <span class='ocrx_word' id='word_1_195' title='bbox 2352 1286 2453 1355; x_wconf 80' lang='grc' dir='ltr'>τῆς</span> <span class='ocrx_word' id='word_1_196' title='bbox 2498 1286 2821 1355; x_wconf 76' lang='grc' dir='ltr'>ὲκφράσεως</span> <span class='ocrx_word' id='word_1_197' title='bbox 2866 1287 2966 1357; x_wconf 83' lang='grc' dir='ltr'>τῆς</span> <span class='ocrx_word' id='word_1_198' title='bbox 2999 1285 3252 1359; x_wconf 53' lang='grc' dir='ltr'>ἀπειλῆς</span> <span class='ocrx_word' id='word_1_199' title='bbox 3290 1288 3387 1342; x_wconf 73' lang='grc' dir='ltr'>καὶ</span> <span class='ocrx_word' id='word_1_200' title='bbox 3417 1289 3475 1341; x_wconf 84' lang='grc' dir='ltr'><strong>αί</strong></span> <span class='ocrx_word' id='word_1_201' title='bbox 3508 1289 3715 1342; x_wconf 77' lang='grc' dir='ltr'>ἀπάται.</span> <span class='ocrx_word' id='word_1_202' title='bbox 3751 1291 3808 1344; x_wconf 67' lang='grc' dir='ltr'>αἱ</span> 
     </span>
    </p>
   </div>
   <div class='ocr_carea' id='block_1_28' title="bbox 2234 1376 3805 1452">
    <p class='ocr_par' dir='ltr' id='par_1_28' title="bbox 2234 1376 3805 1452">
     <span class='ocr_line' id='line_1_28' title="bbox 2234 1376 3805 1452; baseline 0.005 -24"><span class='ocrx_word' id='word_1_203' title='bbox 2234 1376 2336 1447; x_wconf 85' lang='grc' dir='ltr'>μὲν</span> <span class='ocrx_word' id='word_1_204' title='bbox 2372 1376 2664 1449; x_wconf 83' lang='grc' dir='ltr'>ἀφαιροῦσι</span> <span class='ocrx_word' id='word_1_205' title='bbox 2686 1377 2755 1431; x_wconf 85' lang='grc' dir='ltr'>τὰ</span> <span class='ocrx_word' id='word_1_206' title='bbox 2778 1377 3156 1449; x_wconf 77' lang='grc' dir='ltr'>στεατώματα,</span> <span class='ocrx_word' id='word_1_207' title='bbox 3181 1378 3276 1432; x_wconf 74' lang='grc' dir='ltr'>καὶ</span> <span class='ocrx_word' id='word_1_208' title='bbox 3295 1381 3422 1442; x_wconf 79' lang='grc' dir='ltr'>τοὺς</span> <span class='ocrx_word' id='word_1_209' title='bbox 3443 1382 3686 1452; x_wconf 80' lang='grc' dir='ltr'>κιρσοὺς,</span> <span class='ocrx_word' id='word_1_210' title='bbox 3712 1383 3805 1436; x_wconf 78' lang='grc' dir='ltr'>καὶ</span> 
     </span>
    </p>
   </div>
   <div class='ocr_carea' id='block_1_29' title="bbox 2230 1464 3803 1548">
    <p class='ocr_par' dir='ltr' id='par_1_29' title="bbox 2230 1464 3803 1548">
     <span class='ocr_line' id='line_1_29' title="bbox 2230 1464 3803 1548; baseline 0.006 -32"><span class='ocrx_word' id='word_1_211' title='bbox 2230 1465 2286 1517; x_wconf 79' lang='grc' dir='ltr'><strong>εί</strong></span> <span class='ocrx_word' id='word_1_212' title='bbox 2304 1480 2358 1518; x_wconf 83' lang='grc' dir='ltr'><strong>τι</strong></span> <span class='ocrx_word' id='word_1_213' title='bbox 2386 1464 2514 1519; x_wconf 73' lang='grc' dir='ltr'>ἄλλο</span> <span class='ocrx_word' id='word_1_214' title='bbox 2546 1465 2773 1536; x_wconf 76' lang='grc' dir='ltr'><strong>βλάπτει</strong></span> <span class='ocrx_word' id='word_1_215' title='bbox 2810 1467 2910 1537; x_wconf 81' lang='grc' dir='ltr'>τὴν</span> <span class='ocrx_word' id='word_1_216' title='bbox 2941 1468 3035 1548; x_wconf 75' lang='grc' dir='ltr'><strong>τοῦ</strong></span> <span class='ocrx_word' id='word_1_217' title='bbox 3065 1467 3317 1538; x_wconf 81' lang='grc' dir='ltr'>σώματος</span> <span class='ocrx_word' id='word_1_218' title='bbox 3347 1473 3702 1542; x_wconf 82' lang='grc' dir='ltr'>παρασκευήν</span> <span class='ocrx_word' id='word_1_219' title='bbox 3721 1489 3734 1501; x_wconf 84' lang='grc'><strong><em>-</em></strong></span> <span class='ocrx_word' id='word_1_220' title='bbox 3769 1474 3803 1544; x_wconf 84' lang='grc' dir='ltr'><strong>ή</strong></span> 
     </span>
    </p>
   </div>
   <div class='ocr_carea' id='block_1_30' title="bbox 2228 1556 3800 1636">
    <p class='ocr_par' dir='ltr' id='par_1_30' title="bbox 2228 1556 3800 1636">
     <span class='ocr_line' id='line_1_30' title="bbox 2228 1556 3800 1636; baseline 0.004 -27"><span class='ocrx_word' id='word_1_221' title='bbox 2228 1556 2288 1609; x_wconf 76' lang='grc' dir='ltr'><strong>δὲ</strong></span> <span class='ocrx_word' id='word_1_222' title='bbox 2316 1562 2592 1630; x_wconf 87' lang='grc' dir='ltr'>περιαιρεῖ</span> <span class='ocrx_word' id='word_1_223' title='bbox 2620 1560 2719 1631; x_wconf 85' lang='grc' dir='ltr'>τὴν</span> <span class='ocrx_word' id='word_1_224' title='bbox 2747 1560 3100 1615; x_wconf 76' lang='grc' dir='ltr'><strong>ἀπαιδευσίαν</strong></span> <span class='ocrx_word' id='word_1_225' title='bbox 3126 1563 3220 1614; x_wconf 75' lang='grc' dir='ltr'>καὶ</span> <span class='ocrx_word' id='word_1_226' title='bbox 3247 1562 3346 1632; x_wconf 79' lang='grc' dir='ltr'>τὴν</span> <span class='ocrx_word' id='word_1_227' title='bbox 3389 1562 3659 1632; x_wconf 79' lang='grc' dir='ltr'><strong>χαύνωσιν</strong></span> <span class='ocrx_word' id='word_1_228' title='bbox 3696 1563 3800 1636; x_wconf 74' lang='grc'><strong>(1)·</strong></span> 
     </span>
    </p>
   </div>
   <div class='ocr_carea' id='block_1_31' title="bbox 2230 1648 3805 1724">
    <p class='ocr_par' dir='ltr' id='par_1_31' title="bbox 2230 1648 3805 1724">
     <span class='ocr_line' id='line_1_31' title="bbox 2230 1648 3805 1724; baseline 0.002 -22"><span class='ocrx_word' id='word_1_229' title='bbox 2230 1648 2468 1703; x_wconf 89' lang='grc' dir='ltr'>τοιοῦτον</span> <span class='ocrx_word' id='word_1_230' title='bbox 2506 1650 2565 1703; x_wconf 85' lang='grc' dir='ltr'><strong>δέ</strong></span> <span class='ocrx_word' id='word_1_231' title='bbox 2604 1668 2657 1704; x_wconf 91' lang='grc' dir='ltr'><strong>τι</strong></span> <span class='ocrx_word' id='word_1_232' title='bbox 2702 1651 2922 1722; x_wconf 83' lang='grc' dir='ltr'>νενόηκε</span> <span class='ocrx_word' id='word_1_233' title='bbox 2957 1653 3129 1706; x_wconf 81' lang='grc' dir='ltr'>ποιεῖν</span> <span class='ocrx_word' id='word_1_234' title='bbox 3171 1652 3262 1704; x_wconf 87' lang='grc' dir='ltr'>τὸν</span> <span class='ocrx_word' id='word_1_235' title='bbox 3294 1651 3427 1704; x_wconf 85' lang='grc' dir='ltr'>Θεὸν</span> <span class='ocrx_word' id='word_1_236' title='bbox 3458 1655 3487 1705; x_wconf 98' lang='lat'><strong>6</strong></span> <span class='ocrx_word' id='word_1_237' title='bbox 3519 1654 3805 1724; x_wconf 77' lang='grc' dir='ltr'><strong>προφήτης</strong></span> 
     </span>
    </p>
   </div>
   <div class='ocr_carea' id='block_1_32' title="bbox 557 1739 2223 1814">
    <p class='ocr_par' dir='ltr' id='par_1_32' title="bbox 557 1740 2195 1814">
     <span class='ocr_line' id='line_1_32' title="bbox 557 1740 2195 1814; baseline 0.002 -21"><span class='ocrx_word' id='word_1_238' title='bbox 557 1740 704 1798; x_wconf 80' lang='lat' dir='ltr'><strong>fraus</strong></span> <span class='ocrx_word' id='word_1_239' title='bbox 719 1759 838 1811; x_wconf 76' lang='lat' dir='ltr'><strong>qua:</strong></span> <span class='ocrx_word' id='word_1_240' title='bbox 855 1744 949 1798; x_wconf 80' lang='lat' dir='ltr'><strong>(ita</strong></span> <span class='ocrx_word' id='word_1_241' title='bbox 971 1744 1100 1812; x_wconf 87' lang='lat' dir='ltr'><strong>Deo,</strong></span> <span class='ocrx_word' id='word_1_242' title='bbox 1119 1746 1288 1799; x_wconf 84' lang='lat' dir='ltr'><strong>etalia</strong></span> <span class='ocrx_word' id='word_1_243' title='bbox 1305 1745 1455 1801; x_wconf 82' lang='lat' dir='ltr'><strong>fraus</strong></span> <span class='ocrx_word' id='word_1_244' title='bbox 1470 1761 1588 1814; x_wconf 72' lang='lat' dir='ltr'><strong>qute</strong></span> <span class='ocrx_word' id='word_1_245' title='bbox 1610 1746 1700 1800; x_wconf 78' lang='lat' dir='ltr'><strong>{ita</strong></span> <span class='ocrx_word' id='word_1_246' title='bbox 1716 1754 1981 1813; x_wconf 85' lang='lat' dir='ltr'><strong>serpente.</strong></span> <span class='ocrx_word' id='word_1_247' title='bbox 2000 1742 2131 1797; x_wconf 82' lang='lat' dir='ltr'><strong>Vide</strong></span> <span class='ocrx_word' id='word_1_248' title='bbox 2161 1807 2195 1814; x_wconf 81' lang='lat'><strong><em>_</em></strong></span> 
     </span>
    </p>
   </div>
   <div class='ocr_carea' id='block_1_33' title="bbox 2134 1739 3800 1814">
    <p class='ocr_par' dir='ltr' id='par_1_33' title="bbox 2161 1739 3800 1814">
     <span class='ocr_line' id='line_1_33' title="bbox 2161 1739 3800 1814; baseline 0.001 -21"><span class='ocrx_word' id='word_1_249' title='bbox 2161 1807 2195 1814; x_wconf 82' lang='lat'><strong><em>_</em></strong></span> <span class='ocrx_word' id='word_1_250' title='bbox 2236 1740 2529 1811; x_wconf 81' lang='grc' dir='ltr'><strong>μυστικῶς,</strong></span> <span class='ocrx_word' id='word_1_251' title='bbox 2574 1741 2668 1793; x_wconf 75' lang='grc' dir='ltr'>καὶ</span> <span class='ocrx_word' id='word_1_252' title='bbox 2710 1739 2831 1793; x_wconf 84' lang='grc' dir='ltr'>ἰδὼν</span> <span class='ocrx_word' id='word_1_253' title='bbox 2876 1739 2912 1793; x_wconf 77' lang='grc' dir='ltr'>ἃ</span> <span class='ocrx_word' id='word_1_254' title='bbox 2943 1741 3196 1811; x_wconf 71' lang='grc' dir='ltr'>ἠπατήθη</span> <span class='ocrx_word' id='word_1_255' title='bbox 3248 1741 3352 1793; x_wconf 84' lang='grc' dir='ltr'><strong>ὑπὸ</strong></span> <span class='ocrx_word' id='word_1_256' title='bbox 3402 1740 3496 1794; x_wconf 90' lang='grc' dir='ltr'><strong>τοῦ</strong></span> <span class='ocrx_word' id='word_1_257' title='bbox 3542 1740 3677 1793; x_wconf 84' lang='grc' dir='ltr'><strong>Θεοῦ</strong></span> <span class='ocrx_word' id='word_1_258' title='bbox 3711 1741 3800 1794; x_wconf 73' lang='grc' dir='ltr'><strong>ἐπὶ</strong></span> 
     </span>
    </p>
   </div>
   <div class='ocr_carea' id='block_1_34' title="bbox 550 1807 2216 1907">
    <p class='ocr_par' dir='ltr' id='par_1_34' title="bbox 550 1807 2201 1907">
     <span class='ocr_line' id='line_1_34' title="bbox 550 1807 2201 1907; baseline 0.005 -23"><span class='ocrx_word' id='word_1_259' title='bbox 550 1833 678 1901; x_wconf 84' lang='lat' dir='ltr'><strong>quid</strong></span> <span class='ocrx_word' id='word_1_260' title='bbox 692 1807 834 1889; x_wconf 81' lang='lat' dir='ltr'><strong>dicat</strong></span> <span class='ocrx_word' id='word_1_261' title='bbox 848 1837 1040 1890; x_wconf 82' lang='lat' dir='ltr'><strong>mulier</strong></span> <span class='ocrx_word' id='word_1_262' title='bbox 1059 1807 1165 1892; x_wconf 64' lang='lat' dir='ltr'><strong>[ieo</strong></span> <span class='ocrx_word' id='word_1_263' title='bbox 1180 1839 1253 1892; x_wconf 71' lang='lat'><strong>7°:</strong></span> <span class='ocrx_word' id='word_1_264' title='bbox 1277 1807 1501 1907; x_wconf 65' lang='lat' dir='ltr'><strong>Serpens</strong></span> <span class='ocrx_word' id='word_1_265' title='bbox 1517 1838 1711 1906; x_wconf 75' lang='lat' dir='ltr'><strong>decepit</strong></span> <span class='ocrx_word' id='word_1_266' title='bbox 1727 1807 1826 1900; x_wconf 64' lang='lat' dir='ltr'><strong>me,</strong></span> <span class='ocrx_word' id='word_1_267' title='bbox 1845 1846 1892 1889; x_wconf 85' lang='lat' dir='ltr'><strong>et</strong></span> <span class='ocrx_word' id='word_1_268' title='bbox 1907 1836 2126 1893; x_wconf 78' lang='lat' dir='ltr'><strong>comedi.</strong></span> <span class='ocrx_word' id='word_1_269' title='bbox 2161 1807 2201 1862; x_wconf 77' lang='grc' dir='ltr'><strong>Β</strong></span> 
     </span>
    </p>
   </div>
   <div class='ocr_carea' id='block_1_35' title="bbox 2124 1807 3790 1907">
    <p class='ocr_par' dir='ltr' id='par_1_35' title="bbox 2124 1807 3790 1901">
     <span class='ocr_line' id='line_1_35' title="bbox 2124 1807 3790 1901; baseline -0.001 -16"><span class='ocrx_word' id='word_1_270' title='bbox 2124 1881 2126 1890; x_wconf 84' lang='lat'><strong>,</strong></span> <span class='ocrx_word' id='word_1_271' title='bbox 2161 1807 2201 1862; x_wconf 78' lang='grc' dir='ltr'><strong>Β</strong></span> <span class='ocrx_word' id='word_1_272' title='bbox 2229 1807 2380 1901; x_wconf 75' lang='grc' dir='ltr'>καλῷ</span> <span class='ocrx_word' id='word_1_273' title='bbox 2412 1830 2586 1899; x_wconf 77' lang='grc' dir='ltr'>λέγει’</span> <span class='ocrx_word' id='word_1_274' title='bbox 2632 1807 2976 1898; x_wconf 69' lang='grc' dir='ltr'>Ἠπάτησάξ</span> <span class='ocrx_word' id='word_1_275' title='bbox 2998 1807 3298 1901; x_wconf 66' lang='grc' dir='ltr'>με,Κύ,ριε,</span> <span class='ocrx_word' id='word_1_276' title='bbox 3326 1832 3425 1885; x_wconf 75' lang='grc' dir='ltr'>καὶ</span> <span class='ocrx_word' id='word_1_277' title='bbox 3454 1831 3790 1900; x_wconf 75' lang='grc' dir='ltr'>ἡπατήθην.</span> 
     </span>
    </p>
   </div>
   <div class='ocr_carea' id='block_1_36' title="bbox 550 1921 2128 1997">
    <p class='ocr_par' dir='ltr' id='par_1_36' title="bbox 550 1921 2128 1997">
     <span class='ocr_line' id='line_1_36' title="bbox 550 1921 2128 1997; baseline 0.002 -19"><span class='ocrx_word' id='word_1_278' title='bbox 550 1921 826 1994; x_wconf 79' lang='lat' dir='ltr'><strong>Serpentis</strong></span> <span class='ocrx_word' id='word_1_279' title='bbox 840 1927 987 1982; x_wconf 82' lang='lat' dir='ltr'><strong>fraus</strong></span> <span class='ocrx_word' id='word_1_280' title='bbox 1007 1928 1270 1982; x_wconf 82' lang='lat' dir='ltr'><strong>Adamum</strong></span> <span class='ocrx_word' id='word_1_281' title='bbox 1293 1938 1346 1983; x_wconf 80' lang='lat' dir='ltr'><strong>et</strong></span> <span class='ocrx_word' id='word_1_282' title='bbox 1368 1945 1589 1983; x_wconf 79' lang='lat' dir='ltr'><strong>uxorem</strong></span> <span class='ocrx_word' id='word_1_283' title='bbox 1606 1929 1723 1995; x_wconf 83' lang='lat' dir='ltr'><strong>eius</strong></span> <span class='ocrx_word' id='word_1_284' title='bbox 1742 1928 1901 1997; x_wconf 81' lang='lat' dir='ltr'><strong>ejecit</strong></span> <span class='ocrx_word' id='word_1_285' title='bbox 1920 1943 1948 1981; x_wconf 90' lang='lat' dir='ltr'><strong>e</strong></span> <span class='ocrx_word' id='word_1_286' title='bbox 1971 1942 2128 1997; x_wconf 89' lang='lat' dir='ltr'><strong>para-</strong></span> 
     </span>
    </p>
   </div>
   <div class='ocr_carea' id='block_1_37' title="bbox 546 2013 2122 2087">
    <p class='ocr_par' dir='ltr' id='par_1_37' title="bbox 546 2013 2122 2087">
     <span class='ocr_line' id='line_1_37' title="bbox 546 2013 2122 2087; baseline 0.003 -21"><span class='ocrx_word' id='word_1_287' title='bbox 546 2013 668 2068; x_wconf 83' lang='lat' dir='ltr'><strong>diso</strong></span> <span class='ocrx_word' id='word_1_288' title='bbox 688 2013 798 2078; x_wconf 85' lang='lat' dir='ltr'><strong>Dei,</strong></span> <span class='ocrx_word' id='word_1_289' title='bbox 818 2018 909 2070; x_wconf 85' lang='lat' dir='ltr'><strong>sed</strong></span> <span class='ocrx_word' id='word_1_290' title='bbox 926 2016 1076 2073; x_wconf 79' lang='lat' dir='ltr'><strong>fraus</strong></span> <span class='ocrx_word' id='word_1_291' title='bbox 1098 2033 1258 2087; x_wconf 89' lang='lat' dir='ltr'><strong>quam</strong></span> <span class='ocrx_word' id='word_1_292' title='bbox 1284 2034 1478 2086; x_wconf 83' lang='lat' dir='ltr'><strong>passus</strong></span> <span class='ocrx_word' id='word_1_293' title='bbox 1499 2026 1583 2073; x_wconf 89' lang='lat' dir='ltr'><strong>est</strong></span> <span class='ocrx_word' id='word_1_294' title='bbox 1598 2018 1855 2087; x_wconf 83' lang='lat' dir='ltr'><strong>propheta</strong></span> <span class='ocrx_word' id='word_1_295' title='bbox 1887 2017 2075 2072; x_wconf 84' lang='lat' dir='ltr'><strong>dicens</strong></span> <span class='ocrx_word' id='word_1_296' title='bbox 2108 2034 2122 2071; x_wconf 91' lang='lat'><strong>:</strong></span> 
     </span>
    </p>
   </div>
   <div class='ocr_carea' id='block_1_38' title="bbox 550 2101 2119 2180">
    <p class='ocr_par' dir='ltr' id='par_1_38' title="bbox 550 2101 2119 2180">
     <span class='ocr_line' id='line_1_38' title="bbox 550 2101 2119 2180; baseline 0.004 -24"><span class='ocrx_word' id='word_1_297' title='bbox 550 2101 809 2174; x_wconf 79' lang='lat' dir='ltr'><strong>Decepisti</strong></span> <span class='ocrx_word' id='word_1_298' title='bbox 852 2123 953 2171; x_wconf 86' lang='lat' dir='ltr'><strong>me,</strong></span> <span class='ocrx_word' id='word_1_299' title='bbox 996 2108 1240 2175; x_wconf 79' lang='lat' dir='ltr'><strong>Domine,</strong></span> <span class='ocrx_word' id='word_1_300' title='bbox 1271 2120 1328 2163; x_wconf 84' lang='lat' dir='ltr'><strong>et</strong></span> <span class='ocrx_word' id='word_1_301' title='bbox 1378 2111 1619 2180; x_wconf 84' lang='lat' dir='ltr'><strong>deceptus</strong></span> <span class='ocrx_word' id='word_1_302' title='bbox 1653 2126 1792 2171; x_wconf 80' lang='lat' dir='ltr'><strong>sum,</strong></span> <span class='ocrx_word' id='word_1_303' title='bbox 1837 2107 2013 2178; x_wconf 90' lang='lat' dir='ltr'><strong>ipsum</strong></span> <span class='ocrx_word' id='word_1_304' title='bbox 2051 2107 2119 2162; x_wconf 87' lang='lat' dir='ltr'><strong>ad</strong></span> 
     </span>
    </p>
   </div>
   <div class='ocr_carea' id='block_1_39' title="bbox 543 2199 2123 2270">
    <p class='ocr_par' dir='ltr' id='par_1_39' title="bbox 543 2199 2123 2270">
     <span class='ocr_line' id='line_1_39' title="bbox 543 2199 2123 2270; baseline 0.004 -22"><span class='ocrx_word' id='word_1_305' title='bbox 543 2204 752 2250; x_wconf 88' lang='lat' dir='ltr'><strong>tantam</strong></span> <span class='ocrx_word' id='word_1_306' title='bbox 803 2199 1097 2268; x_wconf 70' lang='lat' dir='ltr'><strong>prophetia:</strong></span> <span class='ocrx_word' id='word_1_307' title='bbox 1126 2201 1353 2270; x_wconf 78' lang='lat' dir='ltr'><strong>gratiam</strong></span> <span class='ocrx_word' id='word_1_308' title='bbox 1386 2202 1582 2266; x_wconf 78' lang='lat' dir='ltr'><strong>evexit,</strong></span> <span class='ocrx_word' id='word_1_309' title='bbox 1621 2211 1781 2255; x_wconf 84' lang='lat' dir='ltr'><strong>aucta</strong></span> <span class='ocrx_word' id='word_1_310' title='bbox 1807 2216 1929 2270; x_wconf 66' lang='lat' dir='ltr'><strong>quae</strong></span> <span class='ocrx_word' id='word_1_311' title='bbox 1971 2199 2026 2253; x_wconf 92' lang='lat' dir='ltr'><strong>in</strong></span> <span class='ocrx_word' id='word_1_312' title='bbox 2057 2214 2123 2255; x_wconf 89' lang='lat' dir='ltr'><strong>eo</strong></span> 
     </span>
    </p>
   </div>
   <div class='ocr_carea' id='block_1_40' title="bbox 542 2286 2120 2361">
    <p class='ocr_par' dir='ltr' id='par_1_40' title="bbox 542 2286 2120 2361">
     <span class='ocr_line' id='line_1_40' title="bbox 542 2286 2120 2361; baseline 0.005 -24"><span class='ocrx_word' id='word_1_313' title='bbox 542 2292 662 2339; x_wconf 85' lang='lat' dir='ltr'><strong>erat</strong></span> <span class='ocrx_word' id='word_1_314' title='bbox 711 2286 950 2352; x_wconf 87' lang='lat' dir='ltr'><strong>virtute,</strong></span> <span class='ocrx_word' id='word_1_315' title='bbox 1001 2297 1062 2344; x_wconf 91' lang='lat' dir='ltr'><strong>ut</strong></span> <span class='ocrx_word' id='word_1_316' title='bbox 1108 2289 1493 2360; x_wconf 66' lang='lat' dir='ltr'><strong>pertectionem</strong></span> <span class='ocrx_word' id='word_1_317' title='bbox 1540 2292 1804 2361; x_wconf 81' lang='lat' dir='ltr'><strong>adeptus,</strong></span> <span class='ocrx_word' id='word_1_318' title='bbox 1856 2291 2120 2345; x_wconf 71' lang='lat' dir='ltr'><strong>voluntati</strong></span> 
     </span>
    </p>
   </div>
   <div class='ocr_carea' id='block_1_41' title="bbox 540 2372 2121 2435">
    <p class='ocr_par' dir='ltr' id='par_1_41' title="bbox 540 2372 2121 2435">
     <span class='ocr_line' id='line_1_41' title="bbox 540 2372 2121 2435; baseline 0.006 -11"><span class='ocrx_word' id='word_1_319' title='bbox 540 2372 695 2426; x_wconf 65' lang='lat' dir='ltr'><strong>verbi</strong></span> <span class='ocrx_word' id='word_1_320' title='bbox 728 2372 821 2429; x_wconf 88' lang='lat' dir='ltr'><strong>Dei</strong></span> <span class='ocrx_word' id='word_1_321' title='bbox 862 2377 1010 2431; x_wconf 92' lang='lat' dir='ltr'><strong>nullo</strong></span> <span class='ocrx_word' id='word_1_322' title='bbox 1040 2378 1320 2433; x_wconf 86' lang='lat' dir='ltr'><strong>hominum</strong></span> <span class='ocrx_word' id='word_1_323' title='bbox 1366 2380 1561 2435; x_wconf 88' lang='lat' dir='ltr'><strong>timore</strong></span> <span class='ocrx_word' id='word_1_324' title='bbox 1596 2380 1886 2435; x_wconf 84' lang='lat' dir='ltr'><strong>deterritus</strong></span> <span class='ocrx_word' id='word_1_325' title='bbox 1913 2380 2121 2434; x_wconf 80' lang='lat' dir='ltr'><strong>submi—</strong></span> 
     </span>
    </p>
   </div>
   <div class='ocr_carea' id='block_1_42' title="bbox 540 2460 2119 2541">
    <p class='ocr_par' dir='ltr' id='par_1_42' title="bbox 540 2460 2119 2541">
     <span class='ocr_line' id='line_1_42' title="bbox 540 2460 2119 2541; baseline 0.008 -28"><span class='ocrx_word' id='word_1_326' title='bbox 540 2460 774 2518; x_wconf 85' lang='lat' dir='ltr'><strong>nistrare</strong></span> <span class='ocrx_word' id='word_1_327' title='bbox 839 2474 1041 2534; x_wconf 83' lang='lat' dir='ltr'><strong>posset.</strong></span> <span class='ocrx_word' id='word_1_328' title='bbox 1105 2466 1231 2524; x_wconf 72' lang='lat' dir='ltr'><strong>llaec</strong></span> <span class='ocrx_word' id='word_1_329' title='bbox 1274 2468 1437 2541; x_wconf 83' lang='lat' dir='ltr'><strong>igitur</strong></span> <span class='ocrx_word' id='word_1_330' title='bbox 1495 2478 1550 2524; x_wconf 90' lang='lat' dir='ltr'><strong>et</strong></span> <span class='ocrx_word' id='word_1_331' title='bbox 1612 2486 1712 2526; x_wconf 85' lang='lat' dir='ltr'><strong>nos</strong></span> <span class='ocrx_word' id='word_1_332' title='bbox 1762 2470 2119 2539; x_wconf 73' lang='lat' dir='ltr'><strong>intelligentes</strong></span> 
     </span>
    </p>
   </div>
   <div class='ocr_carea' id='block_1_43' title="bbox 539 2554 2118 2631">
    <p class='ocr_par' dir='ltr' id='par_1_43' title="bbox 539 2554 2118 2631">
     <span class='ocr_line' id='line_1_43' title="bbox 539 2554 2118 2631; baseline 0.006 -26"><span class='ocrx_word' id='word_1_333' title='bbox 539 2560 788 2622; x_wconf 83' lang='lat' dir='ltr'><strong>optemus</strong></span> <span class='ocrx_word' id='word_1_334' title='bbox 815 2570 846 2610; x_wconf 90' lang='lat' dir='ltr'><strong>a</strong></span> <span class='ocrx_word' id='word_1_335' title='bbox 879 2554 986 2612; x_wconf 85' lang='lat' dir='ltr'><strong>Deo</strong></span> <span class='ocrx_word' id='word_1_336' title='bbox 1016 2557 1189 2629; x_wconf 85' lang='lat' dir='ltr'><strong>decipi</strong></span> <span class='ocrx_word' id='word_1_337' title='bbox 1212 2568 1267 2615; x_wconf 89' lang='lat' dir='ltr'><strong>et</strong></span> <span class='ocrx_word' id='word_1_338' title='bbox 1297 2576 1440 2615; x_wconf 90' lang='lat' dir='ltr'><strong>nunc</strong></span> <span class='ocrx_word' id='word_1_339' title='bbox 1468 2569 1524 2615; x_wconf 89' lang='lat' dir='ltr'><strong>et</strong></span> <span class='ocrx_word' id='word_1_340' title='bbox 1562 2561 1616 2615; x_wconf 90' lang='lat' dir='ltr'><strong>in</strong></span> <span class='ocrx_word' id='word_1_341' title='bbox 1643 2570 1937 2631; x_wconf 87' lang='lat' dir='ltr'><strong>posterum.</strong></span> <span class='ocrx_word' id='word_1_342' title='bbox 1970 2558 2118 2615; x_wconf 82' lang='lat' dir='ltr'><strong>Tan-</strong></span> 
     </span>
    </p>
   </div>
   <div class='ocr_carea' id='block_1_44' title="bbox 532 2645 2118 2720">
    <p class='ocr_par' dir='ltr' id='par_1_44' title="bbox 532 2645 2118 2720">
     <span class='ocr_line' id='line_1_44' title="bbox 532 2645 2118 2720; baseline 0.006 -24"><span class='ocrx_word' id='word_1_343' title='bbox 532 2645 819 2698; x_wconf 78' lang='lat' dir='ltr'><strong>tummodo</strong></span> <span class='ocrx_word' id='word_1_344' title='bbox 852 2659 1079 2716; x_wconf 88' lang='lat' dir='ltr'><strong>serpens</strong></span> <span class='ocrx_word' id='word_1_345' title='bbox 1110 2664 1216 2703; x_wconf 90' lang='lat' dir='ltr'><strong>non</strong></span> <span class='ocrx_word' id='word_1_346' title='bbox 1244 2649 1479 2720; x_wconf 86' lang='lat' dir='ltr'><strong>decipiat</strong></span> <span class='ocrx_word' id='word_1_347' title='bbox 1506 2665 1625 2704; x_wconf 92' lang='lat' dir='ltr'><strong>nos.</strong></span> <span class='ocrx_word' id='word_1_348' title='bbox 1667 2649 1805 2706; x_wconf 83' lang='lat' dir='ltr'><strong>Huic</strong></span> <span class='ocrx_word' id='word_1_349' title='bbox 1829 2650 2006 2705; x_wconf 85' lang='lat' dir='ltr'><strong>simile</strong></span> <span class='ocrx_word' id='word_1_350' title='bbox 2033 2660 2118 2705; x_wconf 89' lang='lat' dir='ltr'><strong>est</strong></span> 
     </span>
    </p>
   </div>
   <div class='ocr_carea' id='block_1_45' title="bbox 538 2732 2113 2810">
    <p class='ocr_par' dir='ltr' id='par_1_45' title="bbox 538 2732 2113 2810">
     <span class='ocr_line' id='line_1_45' title="bbox 538 2732 2113 2810; baseline 0.005 -24"><span class='ocrx_word' id='word_1_351' title='bbox 538 2732 681 2802; x_wconf 88' lang='lat' dir='ltr'><strong>quod</strong></span> <span class='ocrx_word' id='word_1_352' title='bbox 712 2734 766 2789; x_wconf 90' lang='lat' dir='ltr'><strong>in</strong></span> <span class='ocrx_word' id='word_1_353' title='bbox 801 2734 938 2791; x_wconf 82' lang='lat' dir='ltr'><strong>Isaia</strong></span> <span class='ocrx_word' id='word_1_354' title='bbox 979 2738 1177 2810; x_wconf 81' lang='lat' dir='ltr'><strong>legitur</strong></span> <span class='ocrx_word' id='word_1_355' title='bbox 1220 2741 1265 2773; x_wconf 88' lang='lat'><strong>&quot;&quot;</strong></span> <span class='ocrx_word' id='word_1_356' title='bbox 1298 2759 1312 2794; x_wconf 92' lang='lat'><strong>:</strong></span> <span class='ocrx_word' id='word_1_357' title='bbox 1344 2740 1600 2796; x_wconf 77' lang='lat' dir='ltr'><strong>Dominus</strong></span> <span class='ocrx_word' id='word_1_358' title='bbox 1630 2743 1766 2795; x_wconf 87' lang='lat' dir='ltr'><strong>enim</strong></span> <span class='ocrx_word' id='word_1_359' title='bbox 1796 2742 2006 2796; x_wconf 79' lang='lat' dir='ltr'><strong>miscuit</strong></span> <span class='ocrx_word' id='word_1_360' title='bbox 2038 2742 2113 2794; x_wconf 75' lang='lat' dir='ltr'><strong>eis</strong></span> 
     </span>
    </p>
   </div>
   <div class='ocr_carea' id='block_1_46' title="bbox 537 2825 2115 2902">
    <p class='ocr_par' dir='ltr' id='par_1_46' title="bbox 537 2825 2115 2902">
     <span class='ocr_line' id='line_1_46' title="bbox 537 2825 2115 2902; baseline 0.006 -25"><span class='ocrx_word' id='word_1_361' title='bbox 537 2825 783 2894; x_wconf 66' lang='lat' dir='ltr'><strong>spiritum</strong></span> <span class='ocrx_word' id='word_1_362' title='bbox 825 2829 1041 2884; x_wconf 76' lang='lat' dir='ltr'><strong>erroris.</strong></span> <span class='ocrx_word' id='word_1_363' title='bbox 1087 2831 1352 2889; x_wconf 79' lang='lat' dir='ltr'><strong>Advertes</strong></span> <span class='ocrx_word' id='word_1_364' title='bbox 1383 2834 1549 2888; x_wconf 87' lang='lat' dir='ltr'><strong>etiam</strong></span> <span class='ocrx_word' id='word_1_365' title='bbox 1591 2833 1661 2887; x_wconf 85' lang='lat' dir='ltr'><strong>ibi</strong></span> <span class='ocrx_word' id='word_1_366' title='bbox 1690 2832 1819 2902; x_wconf 90' lang='lat' dir='ltr'><strong>quid</strong></span> <span class='ocrx_word' id='word_1_367' title='bbox 1856 2842 1980 2902; x_wconf 77' lang='lat' dir='ltr'><strong>agat</strong></span> <span class='ocrx_word' id='word_1_368' title='bbox 2005 2831 2115 2902; x_wconf 84' lang='lat' dir='ltr'><strong>spi-</strong></span> 
     </span>
    </p>
   </div>
   <div class='ocr_carea' id='block_1_47' title="bbox 2231 1921 3797 1993">
    <p class='ocr_par' dir='ltr' id='par_1_47' title="bbox 2231 1921 3797 1993">
     <span class='ocr_line' id='line_1_47' title="bbox 2231 1921 3797 1993; baseline 0.003 -21"><span class='ocrx_word' id='word_1_369' title='bbox 2231 1922 2474 1990; x_wconf 88' lang='grc' dir='ltr'>Ἥγαγεν</span> <span class='ocrx_word' id='word_1_370' title='bbox 2517 1922 2677 1975; x_wconf 82' lang='grc' dir='ltr'>αὐτὸν</span> <span class='ocrx_word' id='word_1_371' title='bbox 2712 1923 2804 1975; x_wconf 73' lang='grc' dir='ltr'><strong>ἐπὶ</strong></span> <span class='ocrx_word' id='word_1_372' title='bbox 2834 1921 2933 1993; x_wconf 79' lang='grc' dir='ltr'>τὴν</span> <span class='ocrx_word' id='word_1_373' title='bbox 2968 1922 3298 1993; x_wconf 84' lang='grc' dir='ltr'>τηλικαύτην</span> <span class='ocrx_word' id='word_1_374' title='bbox 3338 1922 3614 1986; x_wconf 77' lang='grc' dir='ltr'>ἔκστασιν,</span> <span class='ocrx_word' id='word_1_375' title='bbox 3652 1921 3797 1977; x_wconf 76' lang='grc' dir='ltr'>ὥστε</span> 
     </span>
    </p>
   </div>
   <div class='ocr_carea' id='block_1_48' title="bbox 2226 2012 3793 2084">
    <p class='ocr_par' dir='ltr' id='par_1_48' title="bbox 2226 2012 3793 2084">
     <span class='ocr_line' id='line_1_48' title="bbox 2226 2012 3793 2084; baseline 0.001 -20"><span class='ocrx_word' id='word_1_376' title='bbox 2226 2014 2320 2064; x_wconf 78' lang='grc' dir='ltr'>καὶ</span> <span class='ocrx_word' id='word_1_377' title='bbox 2345 2013 2519 2065; x_wconf 80' lang='grc' dir='ltr'>εἰπεῖν</span> <span class='ocrx_word' id='word_1_378' title='bbox 2551 2012 2629 2082; x_wconf 84' lang='grc' dir='ltr'>τῷ</span> <span class='ocrx_word' id='word_1_379' title='bbox 2661 2013 2814 2084; x_wconf 72' lang='grc' dir='ltr'>Θεῷο</span> <span class='ocrx_word' id='word_1_380' title='bbox 2857 2013 3156 2083; x_wconf 79' lang='grc' dir='ltr'>Ἂπάτησόν</span> <span class='ocrx_word' id='word_1_381' title='bbox 3195 2030 3284 2084; x_wconf 84' lang='grc' dir='ltr'><strong>με,</strong></span> <span class='ocrx_word' id='word_1_382' title='bbox 3316 2015 3364 2066; x_wconf 82' lang='grc' dir='ltr'>εἰ</span> <span class='ocrx_word' id='word_1_383' title='bbox 3394 2012 3550 2066; x_wconf 88' lang='grc' dir='ltr'>τοῦτο</span> <span class='ocrx_word' id='word_1_384' title='bbox 3583 2013 3793 2083; x_wconf 88' lang='grc' dir='ltr'>συμφέ-</span> 
     </span>
    </p>
   </div>
   <div class='ocr_carea' id='block_1_49' title="bbox 2226 2101 3793 2175">
    <p class='ocr_par' dir='ltr' id='par_1_49' title="bbox 2226 2101 3793 2175">
     <span class='ocr_line' id='line_1_49' title="bbox 2226 2101 3793 2175; baseline -0.001 -18"><span class='ocrx_word' id='word_1_385' title='bbox 2226 2120 2328 2175; x_wconf 85' lang='grc' dir='ltr'>ρει.</span> <span class='ocrx_word' id='word_1_386' title='bbox 2385 2103 2552 2173; x_wconf 79' lang='grc' dir='ltr'>’Δλλη</span> <span class='ocrx_word' id='word_1_387' title='bbox 2595 2103 2702 2175; x_wconf 83' lang='grc' dir='ltr'>γὰρ</span> <span class='ocrx_word' id='word_1_388' title='bbox 2753 2103 2936 2175; x_wconf 82' lang='grc' dir='ltr'><strong>ἀπάτη</strong></span> <span class='ocrx_word' id='word_1_389' title='bbox 2984 2106 3018 2172; x_wconf 83' lang='grc' dir='ltr'><strong>ή</strong></span> <span class='ocrx_word' id='word_1_390' title='bbox 3069 2103 3178 2157; x_wconf 82' lang='grc' dir='ltr'>ἀπὸ</span> <span class='ocrx_word' id='word_1_391' title='bbox 3227 2101 3322 2157; x_wconf 89' lang='grc' dir='ltr'><strong>τοῦ</strong></span> <span class='ocrx_word' id='word_1_392' title='bbox 3376 2102 3531 2169; x_wconf 83' lang='grc' dir='ltr'>Θεοῦ,</span> <span class='ocrx_word' id='word_1_393' title='bbox 3578 2102 3709 2173; x_wconf 84' lang='grc' dir='ltr'>ἄλλη</span> <span class='ocrx_word' id='word_1_394' title='bbox 3759 2105 3793 2175; x_wconf 75' lang='grc' dir='ltr'><strong>η</strong></span> 
     </span>
    </p>
   </div>
   <div class='ocr_carea' id='block_1_50' title="bbox 2222 2193 3797 2267">
    <p class='ocr_par' dir='ltr' id='par_1_50' title="bbox 2222 2193 3797 2267">
     <span class='ocr_line' id='line_1_50' title="bbox 2222 2193 3797 2267; baseline -0.002 -18"><span class='ocrx_word' id='word_1_395' title='bbox 2222 2195 2406 2265; x_wconf 85' lang='grc' dir='ltr'>ἀπάτη</span> <span class='ocrx_word' id='word_1_396' title='bbox 2448 2196 2481 2267; x_wconf 86' lang='grc' dir='ltr'><strong>ή</strong></span> <span class='ocrx_word' id='word_1_397' title='bbox 2515 2194 2624 2248; x_wconf 80' lang='grc' dir='ltr'>ἀπὸ</span> <span class='ocrx_word' id='word_1_398' title='bbox 2660 2193 2753 2248; x_wconf 91' lang='grc' dir='ltr'><strong>τοῦ</strong></span> <span class='ocrx_word' id='word_1_399' title='bbox 2782 2195 2977 2265; x_wconf 78' lang='grc' dir='ltr'>ὄφεως.</span> <span class='ocrx_word' id='word_1_400' title='bbox 3025 2196 3191 2266; x_wconf 85' lang='grc' dir='ltr'>Ὅρα,</span> <span class='ocrx_word' id='word_1_401' title='bbox 3225 2195 3278 2248; x_wconf 84' lang='grc' dir='ltr'><strong>τί</strong></span> <span class='ocrx_word' id='word_1_402' title='bbox 3308 2194 3455 2263; x_wconf 89' lang='grc' dir='ltr'>λέγει</span> <span class='ocrx_word' id='word_1_403' title='bbox 3488 2197 3522 2265; x_wconf 84' lang='grc' dir='ltr'>ὴ</span> <span class='ocrx_word' id='word_1_404' title='bbox 3551 2194 3688 2265; x_wconf 80' lang='grc' dir='ltr'>γυνὴ</span> <span class='ocrx_word' id='word_1_405' title='bbox 3719 2193 3797 2264; x_wconf 73' lang='grc' dir='ltr'>τῷ</span> 
     </span>
    </p>
   </div>
   <div class='ocr_carea' id='block_1_51' title="bbox 2220 2285 3801 2357">
    <p class='ocr_par' dir='ltr' id='par_1_51' title="bbox 2220 2285 3801 2357">
     <span class='ocr_line' id='line_1_51' title="bbox 2220 2285 3801 2357; baseline 0 -17"><span class='ocrx_word' id='word_1_406' title='bbox 2220 2286 2370 2357; x_wconf 77' lang='grc' dir='ltr'>Θεῷο</span> <span class='ocrx_word' id='word_1_407' title='bbox 2413 2286 2635 2357; x_wconf 22' lang='grc' dir='ltr'>ὈΑόφις</span> <span class='ocrx_word' id='word_1_408' title='bbox 2663 2285 2942 2354; x_wconf 78' lang='grc' dir='ltr'>ἠπάτησέ</span> <span class='ocrx_word' id='word_1_409' title='bbox 2965 2303 3060 2356; x_wconf 79' lang='grc' dir='ltr'><strong>με,</strong></span> <span class='ocrx_word' id='word_1_410' title='bbox 3092 2287 3190 2340; x_wconf 74' lang='grc' dir='ltr'>καὶ</span> <span class='ocrx_word' id='word_1_411' title='bbox 3219 2286 3466 2356; x_wconf 69' lang='grc' dir='ltr'>ἔφατον.</span> <span class='ocrx_word' id='word_1_412' title='bbox 3490 2287 3600 2340; x_wconf 80' lang='grc' dir='ltr'><strong>Καὶ</strong></span> <span class='ocrx_word' id='word_1_413' title='bbox 3635 2287 3667 2357; x_wconf 82' lang='grc' dir='ltr'><strong>ἡ</strong></span> <span class='ocrx_word' id='word_1_414' title='bbox 3700 2285 3801 2356; x_wconf 83' lang='grc' dir='ltr'>μὲν</span> 
     </span>
    </p>
   </div>
   <div class='ocr_carea' id='block_1_52' title="bbox 2219 2354 3796 2446">
    <p class='ocr_par' dir='ltr' id='par_1_52' title="bbox 2219 2354 3796 2446">
     <span class='ocr_line' id='line_1_52' title="bbox 2219 2354 3796 2446; baseline -0.002 -18"><span class='ocrx_word' id='word_1_415' title='bbox 2219 2354 2401 2446; x_wconf 85' lang='grc' dir='ltr'>ἀπάτη</span> <span class='ocrx_word' id='word_1_416' title='bbox 2454 2354 2497 2446; x_wconf 75' lang='grc' dir='ltr'><strong>ήι</strong></span> <span class='ocrx_word' id='word_1_417' title='bbox 2534 2354 2643 2429; x_wconf 80' lang='grc' dir='ltr'>ἀπὸ</span> <span class='ocrx_word' id='word_1_418' title='bbox 2672 2373 2765 2428; x_wconf 88' lang='grc' dir='ltr'><strong>τοῦ</strong></span> <span class='ocrx_word' id='word_1_419' title='bbox 2804 2354 2980 2444; x_wconf 74' lang='grc' dir='ltr'>ὄφεως</span> <span class='ocrx_word' id='word_1_420' title='bbox 3016 2374 3185 2439; x_wconf 76' lang='grc' dir='ltr'>ἐξεῖλε</span> <span class='ocrx_word' id='word_1_421' title='bbox 3220 2354 3313 2431; x_wconf 64' lang='grc' dir='ltr'><strong>τον</strong></span> <span class='ocrx_word' id='word_1_422' title='bbox 3345 2354 3533 2444; x_wconf 35' lang='grc' dir='ltr'>-Ἁδὰμ</span> <span class='ocrx_word' id='word_1_423' title='bbox 3575 2354 3669 2426; x_wconf 59' lang='grc' dir='ltr'><strong>καί</strong></span> <span class='ocrx_word' id='word_1_424' title='bbox 3696 2354 3796 2443; x_wconf 78' lang='grc' dir='ltr'><strong>τὴν</strong></span> 
     </span>
    </p>
   </div>
   <div class='ocr_carea' id='block_1_53' title="bbox 2218 2462 3795 2537">
    <p class='ocr_par' dir='ltr' id='par_1_53' title="bbox 2218 2462 3795 2537">
     <span class='ocr_line' id='line_1_53' title="bbox 2218 2462 3795 2537; baseline -0.002 -18"><span class='ocrx_word' id='word_1_425' title='bbox 2218 2468 2452 2535; x_wconf 85' lang='grc' dir='ltr'>γυναῖκα</span> <span class='ocrx_word' id='word_1_426' title='bbox 2497 2465 2659 2519; x_wconf 86' lang='grc' dir='ltr'>αὐτοῦ</span> <span class='ocrx_word' id='word_1_427' title='bbox 2688 2466 2798 2519; x_wconf 80' lang='grc' dir='ltr'>ἀπὸ</span> <span class='ocrx_word' id='word_1_428' title='bbox 2838 2465 2932 2518; x_wconf 87' lang='grc' dir='ltr'><strong>τοῦ</strong></span> <span class='ocrx_word' id='word_1_429' title='bbox 2962 2465 3287 2537; x_wconf 82' lang='grc' dir='ltr'>παραδείσου</span> <span class='ocrx_word' id='word_1_430' title='bbox 3321 2465 3415 2518; x_wconf 88' lang='grc' dir='ltr'><strong>τοῦ</strong></span> <span class='ocrx_word' id='word_1_431' title='bbox 3453 2463 3621 2518; x_wconf 69' lang='grc' dir='ltr'>Θεοῦ*</span> <span class='ocrx_word' id='word_1_432' title='bbox 3663 2465 3694 2534; x_wconf 89' lang='grc' dir='ltr'><strong>ή</strong></span> <span class='ocrx_word' id='word_1_433' title='bbox 3734 2462 3795 2516; x_wconf 77' lang='grc' dir='ltr'><strong>δὲ</strong></span> 
     </span>
    </p>
   </div>
   <div class='ocr_carea' id='block_1_54' title="bbox 2218 2552 3793 2628">
    <p class='ocr_par' dir='ltr' id='par_1_54' title="bbox 2218 2552 3793 2628">
     <span class='ocr_line' id='line_1_54' title="bbox 2218 2552 3793 2628; baseline -0.003 -18"><span class='ocrx_word' id='word_1_434' title='bbox 2218 2556 2402 2625; x_wconf 87' lang='grc' dir='ltr'>ἀπάτη</span> <span class='ocrx_word' id='word_1_435' title='bbox 2434 2557 2467 2628; x_wconf 86' lang='grc' dir='ltr'><strong>ή</strong></span> <span class='ocrx_word' id='word_1_436' title='bbox 2493 2556 2757 2628; x_wconf 84' lang='grc' dir='ltr'><strong>γενομένη</strong></span> <span class='ocrx_word' id='word_1_437' title='bbox 2782 2555 2861 2626; x_wconf 82' lang='grc' dir='ltr'>τῷ</span> <span class='ocrx_word' id='word_1_438' title='bbox 2890 2558 3140 2628; x_wconf 84' lang='grc' dir='ltr'><strong>προφήτῃ</strong></span> <span class='ocrx_word' id='word_1_439' title='bbox 3173 2556 3399 2619; x_wconf 76' lang='grc' dir='ltr'>εἰπόντι,</span> <span class='ocrx_word' id='word_1_440' title='bbox 3454 2552 3793 2620; x_wconf 78' lang='grc' dir='ltr'>Ἠπάτησὰς</span> 
     </span>
    </p>
   </div>
   <div class='ocr_carea' id='block_1_55' title="bbox 2211 2636 3790 2718">
    <p class='ocr_par' dir='ltr' id='par_1_55' title="bbox 2211 2636 3790 2718">
     <span class='ocr_line' id='line_1_55' title="bbox 2211 2636 3790 2718; baseline -0.004 -16"><span class='ocrx_word' id='word_1_441' title='bbox 2211 2664 2310 2718; x_wconf 78' lang='grc' dir='ltr'><strong>με,</strong></span> <span class='ocrx_word' id='word_1_442' title='bbox 2349 2636 2559 2715; x_wconf 73' lang='grc' dir='ltr'>Κύριε,</span> <span class='ocrx_word' id='word_1_443' title='bbox 2586 2648 2681 2702; x_wconf 78' lang='grc' dir='ltr'>καὶ</span> <span class='ocrx_word' id='word_1_444' title='bbox 2711 2646 3047 2716; x_wconf 77' lang='grc' dir='ltr'>ήπιιτήθην,</span> <span class='ocrx_word' id='word_1_445' title='bbox 3086 2648 3293 2717; x_wconf 75' lang='grc' dir='ltr'>ἤγαγεν</span> <span class='ocrx_word' id='word_1_446' title='bbox 3321 2646 3483 2699; x_wconf 79' lang='grc' dir='ltr'>αὐτὸν</span> <span class='ocrx_word' id='word_1_447' title='bbox 3523 2645 3615 2697; x_wconf 74' lang='grc' dir='ltr'><strong>ἐπὶ</strong></span> <span class='ocrx_word' id='word_1_448' title='bbox 3637 2643 3790 2714; x_wconf 85' lang='grc' dir='ltr'>τηλι-</span> 
     </span>
    </p>
   </div>
   <div class='ocr_carea' id='block_1_56' title="bbox 2216 2736 3791 2814">
    <p class='ocr_par' dir='ltr' id='par_1_56' title="bbox 2216 2736 3791 2814">
     <span class='ocr_line' id='line_1_56' title="bbox 2216 2736 3791 2814; baseline -0.003 -21"><span class='ocrx_word' id='word_1_449' title='bbox 2216 2739 2423 2811; x_wconf 85' lang='grc' dir='ltr'>καύτην</span> <span class='ocrx_word' id='word_1_450' title='bbox 2465 2739 2567 2810; x_wconf 82' lang='grc' dir='ltr'>τῆς</span> <span class='ocrx_word' id='word_1_451' title='bbox 2598 2739 2933 2814; x_wconf 79' lang='grc' dir='ltr'>προφητείας</span> <span class='ocrx_word' id='word_1_452' title='bbox 2982 2740 3166 2811; x_wconf 83' lang='grc' dir='ltr'>χάριν,</span> <span class='ocrx_word' id='word_1_453' title='bbox 3204 2739 3299 2792; x_wconf 78' lang='grc' dir='ltr'><strong>ἐπὶ</strong></span> <span class='ocrx_word' id='word_1_454' title='bbox 3330 2737 3410 2809; x_wconf 83' lang='grc' dir='ltr'>τῷ</span> <span class='ocrx_word' id='word_1_455' title='bbox 3455 2736 3686 2806; x_wconf 80' lang='grc' dir='ltr'>αὐξῆσαι</span> <span class='ocrx_word' id='word_1_456' title='bbox 3731 2736 3791 2789; x_wconf 76' lang='grc' dir='ltr'>ὲν</span> 
     </span>
    </p>
   </div>
   <div class='ocr_carea' id='block_1_57' title="bbox 2216 2826 3791 2901">
    <p class='ocr_par' dir='ltr' id='par_1_57' title="bbox 2216 2826 3791 2901">
     <span class='ocr_line' id='line_1_57' title="bbox 2216 2826 3791 2901; baseline -0.003 -16"><span class='ocrx_word' id='word_1_457' title='bbox 2216 2830 2383 2901; x_wconf 79' lang='grc' dir='ltr'>αὐτῷ.</span> <span class='ocrx_word' id='word_1_458' title='bbox 2407 2830 2504 2901; x_wconf 80' lang='grc' dir='ltr'>τὴν</span> <span class='ocrx_word' id='word_1_459' title='bbox 2545 2829 2794 2901; x_wconf 88' lang='grc' dir='ltr'>δύναμιν,</span> <span class='ocrx_word' id='word_1_460' title='bbox 2837 2830 2931 2884; x_wconf 71' lang='grc' dir='ltr'>ἐπὶ</span> <span class='ocrx_word' id='word_1_461' title='bbox 2970 2829 3048 2901; x_wconf 83' lang='grc' dir='ltr'>τῷ</span> <span class='ocrx_word' id='word_1_462' title='bbox 3089 2827 3439 2900; x_wconf 82' lang='grc' dir='ltr'>τελειωθῆναι</span> <span class='ocrx_word' id='word_1_463' title='bbox 3485 2827 3663 2889; x_wconf 84' lang='grc' dir='ltr'>αὑτὸν,</span> <span class='ocrx_word' id='word_1_464' title='bbox 3698 2826 3791 2880; x_wconf 80' lang='grc' dir='ltr'>καὶ</span> 
     </span>
    </p>
   </div>
   <div class='ocr_carea' id='block_1_58' title="bbox 538 2912 2204 2993">
    <p class='ocr_par' dir='ltr' id='par_1_58' title="bbox 538 2912 2115 2993">
     <span class='ocr_line' id='line_1_58' title="bbox 538 2912 2115 2993; baseline 0.007 -26"><span class='ocrx_word' id='word_1_465' title='bbox 538 2912 677 2969; x_wconf 84' lang='lat' dir='ltr'><strong>ritus</strong></span> <span class='ocrx_word' id='word_1_466' title='bbox 700 2919 900 2974; x_wconf 87' lang='lat' dir='ltr'><strong>erroris</strong></span> <span class='ocrx_word' id='word_1_467' title='bbox 929 2921 1121 2978; x_wconf 88' lang='lat' dir='ltr'><strong>mistns</strong></span> <span class='ocrx_word' id='word_1_468' title='bbox 1148 2938 1177 2977; x_wconf 87' lang='lat' dir='ltr'><strong>a</strong></span> <span class='ocrx_word' id='word_1_469' title='bbox 1208 2922 1339 2978; x_wconf 90' lang='lat' dir='ltr'><strong>Deo.</strong></span> <span class='ocrx_word' id='word_1_470' title='bbox 1378 2924 1525 2979; x_wconf 84' lang='lat' dir='ltr'><strong>Bene</strong></span> <span class='ocrx_word' id='word_1_471' title='bbox 1549 2934 1728 2979; x_wconf 88' lang='lat' dir='ltr'><strong>autem</strong></span> <span class='ocrx_word' id='word_1_472' title='bbox 1760 2924 1942 2986; x_wconf 83' lang='lat' dir='ltr'><strong>habet.</strong></span> <span class='ocrx_word' id='word_1_473' title='bbox 1969 2927 2115 2993; x_wconf 86' lang='lat' dir='ltr'><strong>quod</strong></span> 
     </span>
    </p>
   </div>
   <div class='ocr_carea' id='block_1_59' title="bbox 2121 2912 3787 2993">
    <p class='ocr_par' dir='ltr' id='par_1_59' title="bbox 2213 2916 3787 2993">
     <span class='ocr_line' id='line_1_59' title="bbox 2213 2916 3787 2993; baseline -0.003 -17"><span class='ocrx_word' id='word_1_474' title='bbox 2213 2920 2507 2992; x_wconf 81' lang='grc' dir='ltr'>δυνηθῆναι</span> <span class='ocrx_word' id='word_1_475' title='bbox 2546 2920 2994 2993; x_wconf 86' lang='grc' dir='ltr'>ὑπηρετήσασθαι</span> <span class='ocrx_word' id='word_1_476' title='bbox 3043 2920 3181 2992; x_wconf 84' lang='grc' dir='ltr'><strong>μετά</strong></span> <span class='ocrx_word' id='word_1_477' title='bbox 3227 2919 3323 2973; x_wconf 90' lang='grc' dir='ltr'><strong>τοῦ</strong></span> <span class='ocrx_word' id='word_1_478' title='bbox 3374 2919 3451 2990; x_wconf 84' lang='grc' dir='ltr'>μὴ</span> <span class='ocrx_word' id='word_1_479' title='bbox 3505 2916 3787 2988; x_wconf 77' lang='grc' dir='ltr'>φοϐεῖσθαι</span> 
     </span>
    </p>
   </div>
   <div class='ocr_carea' id='block_1_60' title="bbox 535 3007 2201 3084">
    <p class='ocr_par' dir='ltr' id='par_1_60' title="bbox 535 3010 2115 3084">
     <span class='ocr_line' id='line_1_60' title="bbox 535 3010 2115 3084; baseline 0.008 -28"><span class='ocrx_word' id='word_1_480' title='bbox 535 3019 645 3058; x_wconf 88' lang='lat' dir='ltr'><strong>non</strong></span> <span class='ocrx_word' id='word_1_481' title='bbox 676 3021 884 3061; x_wconf 84' lang='lat' dir='ltr'><strong>merum</strong></span> <span class='ocrx_word' id='word_1_482' title='bbox 913 3010 1118 3065; x_wconf 86' lang='lat' dir='ltr'><strong>dederit</strong></span> <span class='ocrx_word' id='word_1_483' title='bbox 1168 3013 1309 3069; x_wconf 88' lang='lat' dir='ltr'><strong>Deus</strong></span> <span class='ocrx_word' id='word_1_484' title='bbox 1354 3016 1603 3084; x_wconf 89' lang='lat' dir='ltr'><strong>spiritum</strong></span> <span class='ocrx_word' id='word_1_485' title='bbox 1631 3015 1853 3081; x_wconf 86' lang='lat' dir='ltr'><strong>erroris,</strong></span> <span class='ocrx_word' id='word_1_486' title='bbox 1898 3014 2015 3079; x_wconf 87' lang='lat' dir='ltr'><strong>sed,</strong></span> <span class='ocrx_word' id='word_1_487' title='bbox 2056 3022 2115 3068; x_wconf 90' lang='lat' dir='ltr'><strong>ut</strong></span> 
     </span>
    </p>
   </div>
   <div class='ocr_carea' id='block_1_61' title="bbox 2121 3007 3787 3084">
    <p class='ocr_par' dir='ltr' id='par_1_61' title="bbox 2213 3007 3787 3083">
     <span class='ocr_line' id='line_1_61' title="bbox 2213 3007 3787 3083; baseline 0 -18"><span class='ocrx_word' id='word_1_488' title='bbox 2213 3011 2519 3083; x_wconf 75' lang='grc' dir='ltr'>ἄνθρωπον,</span> <span class='ocrx_word' id='word_1_489' title='bbox 2546 3012 2624 3083; x_wconf 81' lang='grc' dir='ltr'>τῷ</span> <span class='ocrx_word' id='word_1_490' title='bbox 2654 3012 2954 3083; x_wconf 84' lang='grc' dir='ltr'>βουλήματι</span> <span class='ocrx_word' id='word_1_491' title='bbox 2982 3011 3078 3066; x_wconf 88' lang='grc' dir='ltr'><strong>τοῦ</strong></span> <span class='ocrx_word' id='word_1_492' title='bbox 3109 3011 3266 3080; x_wconf 86' lang='grc' dir='ltr'>λόγου</span> <span class='ocrx_word' id='word_1_493' title='bbox 3292 3010 3386 3064; x_wconf 88' lang='grc' dir='ltr'><strong>τοῦ</strong></span> <span class='ocrx_word' id='word_1_494' title='bbox 3419 3007 3575 3063; x_wconf 86' lang='grc' dir='ltr'>Θεοῦ.</span> <span class='ocrx_word' id='word_1_495' title='bbox 3607 3008 3787 3065; x_wconf 69' lang='grc' dir='ltr'>Ταῦτα</span> 
     </span>
    </p>
   </div>
   <div class='ocr_carea' id='block_1_62' title="bbox 535 3096 2201 3181">
    <p class='ocr_par' dir='ltr' id='par_1_62' title="bbox 535 3096 1586 3170">
     <span class='ocr_line' id='line_1_62' title="bbox 535 3096 1586 3170; baseline 0.013 -23"><span class='ocrx_word' id='word_1_496' title='bbox 535 3096 837 3151; x_wconf 82' lang='lat' dir='ltr'><strong>nominavit</strong></span> <span class='ocrx_word' id='word_1_497' title='bbox 863 3102 1141 3170; x_wconf 85' lang='lat' dir='ltr'><strong>propheta,</strong></span> <span class='ocrx_word' id='word_1_498' title='bbox 1170 3105 1390 3160; x_wconf 88' lang='lat' dir='ltr'><strong>miscuit</strong></span> <span class='ocrx_word' id='word_1_499' title='bbox 1416 3106 1586 3161; x_wconf 90' lang='lat' dir='ltr'><strong>illum.</strong></span> 
     </span>
    </p>
   </div>
   <div class='ocr_carea' id='block_1_63' title="bbox 2116 3096 3782 3181">
    <p class='ocr_par' dir='ltr' id='par_1_63' title="bbox 2217 3096 3782 3181">
     <span class='ocr_line' id='line_1_63' title="bbox 2217 3096 3782 3181; baseline -0.005 -23"><span class='ocrx_word' id='word_1_500' title='bbox 2217 3104 2318 3175; x_wconf 84' lang='grc' dir='ltr'>μὲν</span> <span class='ocrx_word' id='word_1_501' title='bbox 2343 3099 2435 3158; x_wconf 84' lang='grc' dir='ltr'>οὖν</span> <span class='ocrx_word' id='word_1_502' title='bbox 2466 3105 2559 3157; x_wconf 74' lang='grc' dir='ltr'>καὶ</span> <span class='ocrx_word' id='word_1_503' title='bbox 2581 3106 2740 3174; x_wconf 83' lang='grc' dir='ltr'>ἡμεῖς</span> <span class='ocrx_word' id='word_1_504' title='bbox 2771 3101 3014 3167; x_wconf 82' lang='grc' dir='ltr'>νοοῦντες</span> <span class='ocrx_word' id='word_1_505' title='bbox 3039 3101 3130 3156; x_wconf 76' lang='grc' dir='ltr'>καὶ</span> <span class='ocrx_word' id='word_1_506' title='bbox 3157 3101 3248 3154; x_wconf 73' lang='grc' dir='ltr'><strong>ἐπὶ</strong></span> <span class='ocrx_word' id='word_1_507' title='bbox 3276 3098 3366 3154; x_wconf 90' lang='grc' dir='ltr'><strong>τοῦ</strong></span> <span class='ocrx_word' id='word_1_508' title='bbox 3394 3098 3659 3174; x_wconf 77' lang='grc' dir='ltr'>παρόντος</span> <span class='ocrx_word' id='word_1_509' title='bbox 3687 3096 3782 3181; x_wconf 74' lang='grc'><strong>(2)²</strong></span> 
     </span>
    </p>
   </div>
   <div class='ocr_carea' id='block_1_64' title="bbox 532 3186 3785 3269">
    <p class='ocr_par' dir='ltr' id='par_1_64' title="bbox 532 3186 3785 3269">
     <span class='ocr_line' id='line_1_64' title="bbox 532 3186 3785 3269; baseline 0.002 -30"><span class='ocrx_word' id='word_1_510' title='bbox 532 3187 627 3240; x_wconf 70' lang='grc' dir='ltr'>καὶ</span> <span class='ocrx_word' id='word_1_511' title='bbox 654 3186 937 3261; x_wconf 80' lang='grc' dir='ltr'>εύξώμεθα</span> <span class='ocrx_word' id='word_1_512' title='bbox 967 3193 1277 3249; x_wconf 75' lang='grc' dir='ltr'>ἀπατᾶσθαι</span> <span class='ocrx_word' id='word_1_513' title='bbox 1307 3196 1412 3250; x_wconf 77' lang='grc' dir='ltr'><strong>ὑπὸ</strong></span> <span class='ocrx_word' id='word_1_514' title='bbox 1441 3197 1532 3250; x_wconf 88' lang='grc' dir='ltr'><strong>τοῦ</strong></span> <span class='ocrx_word' id='word_1_515' title='bbox 1560 3196 1716 3251; x_wconf 85' lang='grc' dir='ltr'>Θεοῦ.</span> <span class='ocrx_word' id='word_1_516' title='bbox 1745 3196 1923 3252; x_wconf 89' lang='grc' dir='ltr'>Μόνον</span> <span class='ocrx_word' id='word_1_517' title='bbox 1954 3197 2030 3269; x_wconf 82' lang='grc' dir='ltr'>μὴ</span> <span class='ocrx_word' id='word_1_518' title='bbox 2056 3197 2085 3251; x_wconf 91' lang='lat'><strong>6</strong></span> <span class='ocrx_word' id='word_1_519' title='bbox 2117 3195 2238 3266; x_wconf 78' lang='grc' dir='ltr'>ὄφις</span> <span class='ocrx_word' id='word_1_520' title='bbox 2272 3195 2607 3266; x_wconf 81' lang='grc' dir='ltr'>ἀπατησάτω</span> <span class='ocrx_word' id='word_1_521' title='bbox 2644 3195 2810 3266; x_wconf 75' lang='grc' dir='ltr'>ἡμᾶς.</span> <span class='ocrx_word' id='word_1_522' title='bbox 2864 3193 2974 3247; x_wconf 75' lang='grc' dir='ltr'><strong>Καὶ</strong></span> <span class='ocrx_word' id='word_1_523' title='bbox 3019 3190 3252 3264; x_wconf 85' lang='grc' dir='ltr'>ἀλλαχοῦ</span> <span class='ocrx_word' id='word_1_524' title='bbox 3304 3188 3478 3260; x_wconf 88' lang='grc' dir='ltr'>τούτῳ</span> <span class='ocrx_word' id='word_1_525' title='bbox 3531 3191 3785 3257; x_wconf 82' lang='grc' dir='ltr'>συγγενὲς</span> 
     </span>
    </p>
   </div>
   <div class='ocr_carea' id='block_1_65' title="bbox 532 3280 3783 3364">
    <p class='ocr_par' dir='ltr' id='par_1_65' title="bbox 532 3280 3783 3364">
     <span class='ocr_line' id='line_1_65' title="bbox 532 3280 3783 3364; baseline 0 -28"><span class='ocrx_word' id='word_1_526' title='bbox 532 3280 860 3354; x_wconf 76' lang='grc' dir='ltr'>γέγραπται,</span> <span class='ocrx_word' id='word_1_527' title='bbox 889 3286 972 3339; x_wconf 82' lang='grc' dir='ltr'>ὅτι</span> <span class='ocrx_word' id='word_1_528' title='bbox 1010 3287 1222 3359; x_wconf 74' lang='grc' dir='ltr'>εἴρηται</span> <span class='ocrx_word' id='word_1_529' title='bbox 1267 3291 1327 3344; x_wconf 85' lang='grc' dir='ltr'>ὲν</span> <span class='ocrx_word' id='word_1_530' title='bbox 1389 3291 1465 3363; x_wconf 81' lang='grc' dir='ltr'>τῷ</span> <span class='ocrx_word' id='word_1_531' title='bbox 1506 3292 1732 3364; x_wconf 76' lang='grc' dir='ltr'><strong>Ἦσαῖᾳο</strong></span> <span class='ocrx_word' id='word_1_532' title='bbox 1770 3293 1984 3361; x_wconf 81' lang='grc' dir='ltr'>Κύριος</span> <span class='ocrx_word' id='word_1_533' title='bbox 2017 3290 2126 3361; x_wconf 53' lang='grc' dir='ltr'><strong>γὰρ</strong></span> <span class='ocrx_word' id='word_1_534' title='bbox 2161 3289 2450 3359; x_wconf 79' lang='grc' dir='ltr'>ἐκέρασεν</span> <span class='ocrx_word' id='word_1_535' title='bbox 2489 3289 2694 3356; x_wconf 82' lang='grc' dir='ltr'>αὐτοῖς</span> <span class='ocrx_word' id='word_1_536' title='bbox 2750 3290 2987 3359; x_wconf 77' lang='grc' dir='ltr'>πνεῦμα</span> <span class='ocrx_word' id='word_1_537' title='bbox 3020 3287 3399 3355; x_wconf 70' lang='grc' dir='ltr'>πλανήσεως.</span> <span class='ocrx_word' id='word_1_538' title='bbox 3442 3287 3783 3355; x_wconf 85' lang='grc' dir='ltr'>Ἐπιστήσεις</span> 
     </span>
    </p>
   </div>
   <div class='ocr_carea' id='block_1_66' title="bbox 532 3373 3780 3454">
    <p class='ocr_par' dir='ltr' id='par_1_66' title="bbox 532 3373 3780 3454">
     <span class='ocr_line' id='line_1_66' title="bbox 532 3373 3780 3454; baseline 0.002 -29"><span class='ocrx_word' id='word_1_539' title='bbox 532 3373 692 3426; x_wconf 70' lang='grc' dir='ltr'>γάκεί</span> <span class='ocrx_word' id='word_1_540' title='bbox 718 3373 771 3426; x_wconf 88' lang='grc' dir='ltr'><strong>τί</strong></span> <span class='ocrx_word' id='word_1_541' title='bbox 810 3377 954 3428; x_wconf 83' lang='grc' dir='ltr'>ποιεῖ</span> <span class='ocrx_word' id='word_1_542' title='bbox 983 3375 1043 3429; x_wconf 82' lang='grc' dir='ltr'>τὸ</span> <span class='ocrx_word' id='word_1_543' title='bbox 1094 3377 1311 3450; x_wconf 83' lang='grc' dir='ltr'>πνεῦμα</span> <span class='ocrx_word' id='word_1_544' title='bbox 1351 3381 1450 3452; x_wconf 82' lang='grc' dir='ltr'>τῆς</span> <span class='ocrx_word' id='word_1_545' title='bbox 1493 3382 1812 3454; x_wconf 81' lang='grc' dir='ltr'>πλανήσεως</span> <span class='ocrx_word' id='word_1_546' title='bbox 1844 3382 2169 3452; x_wconf 78' lang='grc' dir='ltr'>κιρνάμενον</span> <span class='ocrx_word' id='word_1_547' title='bbox 2202 3381 2310 3434; x_wconf 85' lang='grc' dir='ltr'>ἀπὸ</span> <span class='ocrx_word' id='word_1_548' title='bbox 2336 3379 2432 3433; x_wconf 90' lang='grc' dir='ltr'><strong>τοῦ</strong></span> <span class='ocrx_word' id='word_1_549' title='bbox 2465 3380 2623 3434; x_wconf 83' lang='grc' dir='ltr'>Θεοῦ.</span> <span class='ocrx_word' id='word_1_550' title='bbox 2666 3380 2861 3445; x_wconf 80' lang='grc' dir='ltr'>Καλῶς</span> <span class='ocrx_word' id='word_1_551' title='bbox 2886 3379 2964 3445; x_wconf 80' lang='grc' dir='ltr'><strong>δὲ,</strong></span> <span class='ocrx_word' id='word_1_552' title='bbox 3014 3380 3096 3434; x_wconf 84' lang='grc' dir='ltr'>ὃτι</span> <span class='ocrx_word' id='word_1_553' title='bbox 3128 3379 3230 3433; x_wconf 75' lang='grc' dir='ltr'>οὐκ</span> <span class='ocrx_word' id='word_1_554' title='bbox 3271 3379 3510 3453; x_wconf 76' lang='grc' dir='ltr'>ἄκρατον</span> <span class='ocrx_word' id='word_1_555' title='bbox 3551 3376 3780 3433; x_wconf 84' lang='grc' dir='ltr'>δέδωκεν</span> 
     </span>
    </p>
   </div>
   <div class='ocr_carea' id='block_1_67' title="bbox 530 3466 3015 3548">
    <p class='ocr_par' dir='ltr' id='par_1_67' title="bbox 530 3466 3015 3548">
     <span class='ocr_line' id='line_1_67' title="bbox 530 3466 3015 3548; baseline 0.002 -26"><span class='ocrx_word' id='word_1_556' title='bbox 530 3471 556 3522; x_wconf 81' lang='grc' dir='ltr'><strong>ό</strong></span> <span class='ocrx_word' id='word_1_557' title='bbox 585 3466 717 3533; x_wconf 78' lang='grc' dir='ltr'>Θεὸς</span> <span class='ocrx_word' id='word_1_558' title='bbox 752 3469 814 3522; x_wconf 82' lang='grc' dir='ltr'>τὸ</span> <span class='ocrx_word' id='word_1_559' title='bbox 845 3470 1060 3541; x_wconf 86' lang='grc' dir='ltr'>πνεῦμα</span> <span class='ocrx_word' id='word_1_560' title='bbox 1092 3473 1191 3545; x_wconf 84' lang='grc' dir='ltr'>τῆς</span> <span class='ocrx_word' id='word_1_561' title='bbox 1227 3475 1564 3548; x_wconf 79' lang='grc' dir='ltr'>πλανήσεως,</span> <span class='ocrx_word' id='word_1_562' title='bbox 1595 3478 1732 3543; x_wconf 87' lang='grc' dir='ltr'>ἀλλ’,</span> <span class='ocrx_word' id='word_1_563' title='bbox 1763 3478 1839 3540; x_wconf 90' lang='grc' dir='ltr'>ὼς</span> <span class='ocrx_word' id='word_1_564' title='bbox 1869 3477 2151 3548; x_wconf 82' lang='grc' dir='ltr'>ὠνόμασεν</span> <span class='ocrx_word' id='word_1_565' title='bbox 2175 3478 2203 3530; x_wconf 88' lang='grc' dir='ltr'><strong>ό</strong></span> <span class='ocrx_word' id='word_1_566' title='bbox 2239 3475 2543 3547; x_wconf 82' lang='grc' dir='ltr'>προφήτης,</span> <span class='ocrx_word' id='word_1_567' title='bbox 2567 3475 2828 3546; x_wconf 76' lang='grc' dir='ltr'>ἐκέρασεν</span> <span class='ocrx_word' id='word_1_568' title='bbox 2864 3473 3015 3528; x_wconf 82' lang='grc' dir='ltr'>αὐτό.</span> 
     </span>
    </p>
   </div>
   <div class='ocr_carea' id='block_1_68' title="bbox 599 3557 2265 3636">
    <p class='ocr_par' dir='ltr' id='par_1_68' title="bbox 599 3557 2172 3630">
     <span class='ocr_line' id='line_1_68' title="bbox 599 3557 2172 3630; baseline 0.007 -20"><span class='ocrx_word' id='word_1_569' title='bbox 599 3557 654 3610; x_wconf 80' lang='grc'>4.</span> <span class='ocrx_word' id='word_1_570' title='bbox 694 3557 1000 3615; x_wconf 82' lang='lat' dir='ltr'><strong>Periculum</strong></span> <span class='ocrx_word' id='word_1_571' title='bbox 1032 3559 1209 3617; x_wconf 84' lang='lat' dir='ltr'><strong>facere</strong></span> <span class='ocrx_word' id='word_1_572' title='bbox 1251 3564 1378 3620; x_wconf 82' lang='lat' dir='ltr'><strong>volo</strong></span> <span class='ocrx_word' id='word_1_573' title='bbox 1409 3573 1462 3620; x_wconf 89' lang='lat' dir='ltr'><strong>et</strong></span> <span class='ocrx_word' id='word_1_574' title='bbox 1490 3580 1678 3621; x_wconf 88' lang='lat' dir='ltr'><strong>eorum</strong></span> <span class='ocrx_word' id='word_1_575' title='bbox 1705 3566 1894 3622; x_wconf 65' lang='grc' dir='ltr'>εποντο</span> <span class='ocrx_word' id='word_1_576' title='bbox 1921 3581 2103 3620; x_wconf 78' lang='lat' dir='ltr'><strong>exem-</strong></span> <span class='ocrx_word' id='word_1_577' title='bbox 2131 3575 2172 3630; x_wconf 87' lang='lat' dir='ltr'>c</span> 
     </span>
    </p>
   </div>
   <div class='ocr_carea' id='block_1_69' title="bbox 2113 3557 3779 3636">
    <p class='ocr_par' dir='ltr' id='par_1_69' title="bbox 2131 3558 3779 3636">
     <span class='ocr_line' id='line_1_69' title="bbox 2131 3558 3779 3636; baseline -0.001 -19"><span class='ocrx_word' id='word_1_578' title='bbox 2131 3575 2172 3630; x_wconf 77' lang='grc' dir='ltr'>ο</span> <span class='ocrx_word' id='word_1_579' title='bbox 2275 3564 2777 3636; x_wconf 86' lang='grc' dir='ltr'>Παρακινδυνεῦσαι</span> <span class='ocrx_word' id='word_1_580' title='bbox 2830 3562 3003 3626; x_wconf 84' lang='grc' dir='ltr'>θέλω,</span> <span class='ocrx_word' id='word_1_581' title='bbox 3065 3563 3160 3616; x_wconf 73' lang='grc' dir='ltr'>καὶ</span> <span class='ocrx_word' id='word_1_582' title='bbox 3206 3561 3555 3634; x_wconf 85' lang='grc' dir='ltr'>παράδειγμα</span> <span class='ocrx_word' id='word_1_583' title='bbox 3598 3558 3779 3615; x_wconf 79' lang='grc' dir='ltr'>δοῦναι</span> 
     </span>
    </p>
   </div>
   <div class='ocr_carea' id='block_1_70' title="bbox 529 3648 2195 3728">
    <p class='ocr_par' dir='ltr' id='par_1_70' title="bbox 529 3648 2106 3726">
     <span class='ocr_line' id='line_1_70' title="bbox 529 3648 2106 3726; baseline 0.009 -27"><span class='ocrx_word' id='word_1_584' title='bbox 529 3648 674 3719; x_wconf 87' lang='lat' dir='ltr'><strong>plum</strong></span> <span class='ocrx_word' id='word_1_585' title='bbox 711 3649 806 3718; x_wconf 86' lang='lat' dir='ltr'><strong>qui</strong></span> <span class='ocrx_word' id='word_1_586' title='bbox 843 3650 1045 3706; x_wconf 82' lang='lat' dir='ltr'><strong>utiliter</strong></span> <span class='ocrx_word' id='word_1_587' title='bbox 1095 3653 1302 3724; x_wconf 83' lang='lat' dir='ltr'><strong>decepti</strong></span> <span class='ocrx_word' id='word_1_588' title='bbox 1353 3664 1500 3710; x_wconf 89' lang='lat' dir='ltr'><strong>sunt.</strong></span> <span class='ocrx_word' id='word_1_589' title='bbox 1551 3656 1691 3710; x_wconf 89' lang='lat' dir='ltr'><strong>Sunt</strong></span> <span class='ocrx_word' id='word_1_590' title='bbox 1734 3657 1980 3712; x_wconf 86' lang='lat' dir='ltr'><strong>nonnulli</strong></span> <span class='ocrx_word' id='word_1_591' title='bbox 2012 3660 2106 3726; x_wconf 90' lang='lat' dir='ltr'><strong>qui</strong></span> 
     </span>
    </p>
   </div>
   <div class='ocr_carea' id='block_1_71' title="bbox 2115 3648 3781 3728">
    <p class='ocr_par' dir='ltr' id='par_1_71' title="bbox 2206 3650 3781 3728">
     <span class='ocr_line' id='line_1_71' title="bbox 2206 3650 3781 3728; baseline -0.003 -19"><span class='ocrx_word' id='word_1_592' title='bbox 2206 3655 2578 3728; x_wconf 84' lang='grc' dir='ltr'>ὠφελημένων</span> <span class='ocrx_word' id='word_1_593' title='bbox 2628 3655 3020 3726; x_wconf 79' lang='grc' dir='ltr'>ἠπατημένων.</span> <span class='ocrx_word' id='word_1_594' title='bbox 3062 3653 3183 3706; x_wconf 83' lang='grc' dir='ltr'>Εἰσί</span> <span class='ocrx_word' id='word_1_595' title='bbox 3226 3669 3372 3715; x_wconf 84' lang='grc' dir='ltr'>τινες</span> <span class='ocrx_word' id='word_1_596' title='bbox 3407 3653 3456 3705; x_wconf 80' lang='grc' dir='ltr'>οἱ</span> <span class='ocrx_word' id='word_1_597' title='bbox 3497 3650 3589 3705; x_wconf 86' lang='grc' dir='ltr'>διὰ</span> <span class='ocrx_word' id='word_1_598' title='bbox 3624 3651 3781 3705; x_wconf 85' lang='grc' dir='ltr'>τοῦτο</span> 
     </span>
    </p>
   </div>
   <div class='ocr_carea' id='block_1_72' title="bbox 529 3736 2195 3819">
    <p class='ocr_par' dir='ltr' id='par_1_72' title="bbox 529 3736 2105 3815">
     <span class='ocr_line' id='line_1_72' title="bbox 529 3736 2105 3815; baseline 0.008 -26"><span class='ocrx_word' id='word_1_599' title='bbox 529 3736 651 3790; x_wconf 89' lang='lat' dir='ltr'><strong>ideo</strong></span> <span class='ocrx_word' id='word_1_600' title='bbox 679 3739 983 3794; x_wconf 86' lang='lat' dir='ltr'><strong>castitatem</strong></span> <span class='ocrx_word' id='word_1_601' title='bbox 1027 3751 1081 3796; x_wconf 88' lang='lat' dir='ltr'><strong>et</strong></span> <span class='ocrx_word' id='word_1_602' title='bbox 1129 3746 1416 3812; x_wconf 79' lang='lat' dir='ltr'><strong>puritatem</strong></span> <span class='ocrx_word' id='word_1_603' title='bbox 1461 3758 1703 3810; x_wconf 88' lang='lat' dir='ltr'><strong>servant,</strong></span> <span class='ocrx_word' id='word_1_604' title='bbox 1748 3750 1874 3815; x_wconf 87' lang='lat' dir='ltr'><strong>quia</strong></span> <span class='ocrx_word' id='word_1_605' title='bbox 1916 3747 2018 3801; x_wconf 90' lang='lat' dir='ltr'><strong>sibi</strong></span> <span class='ocrx_word' id='word_1_606' title='bbox 2051 3748 2105 3801; x_wconf 93' lang='lat' dir='ltr'><strong>in</strong></span> 
     </span>
    </p>
   </div>
   <div class='ocr_carea' id='block_1_73' title="bbox 2113 3736 3779 3819">
    <p class='ocr_par' dir='ltr' id='par_1_73' title="bbox 2206 3743 3779 3819">
     <span class='ocr_line' id='line_1_73' title="bbox 2206 3743 3779 3819; baseline -0.004 -16"><span class='ocrx_word' id='word_1_607' title='bbox 2206 3749 2498 3812; x_wconf 86' lang='grc' dir='ltr'>ἀσκοῦντες</span> <span class='ocrx_word' id='word_1_608' title='bbox 2527 3748 2748 3817; x_wconf 80' lang='grc' dir='ltr'>ἁγνείαν</span> <span class='ocrx_word' id='word_1_609' title='bbox 2778 3750 2872 3801; x_wconf 82' lang='grc' dir='ltr'>καὶ</span> <span class='ocrx_word' id='word_1_610' title='bbox 2900 3747 3000 3819; x_wconf 83' lang='grc' dir='ltr'><strong>τὴν</strong></span> <span class='ocrx_word' id='word_1_611' title='bbox 3033 3745 3402 3816; x_wconf 80' lang='grc' dir='ltr'>καθαρότητα,</span> <span class='ocrx_word' id='word_1_612' title='bbox 3433 3744 3526 3798; x_wconf 71' lang='grc' dir='ltr'>καὶ</span> <span class='ocrx_word' id='word_1_613' title='bbox 3554 3743 3701 3798; x_wconf 79' lang='grc' dir='ltr'>ἄλλοι</span> <span class='ocrx_word' id='word_1_614' title='bbox 3727 3745 3779 3798; x_wconf 80' lang='grc' dir='ltr'>οἳ</span> 
     </span>
    </p>
   </div>
   <div class='ocr_carea' id='block_1_74' title="bbox 472 3820 2138 3910">
    <p class='ocr_par' dir='ltr' id='par_1_74' title="bbox 472 3820 2103 3906">
     <span class='ocr_line' id='line_1_74' title="bbox 472 3820 2103 3906; baseline 0.006 -24"><span class='ocrx_word' id='word_1_615' title='bbox 472 3825 479 3831; x_wconf 84' lang='grc'><strong>’</strong></span> <span class='ocrx_word' id='word_1_616' title='bbox 528 3827 771 3883; x_wconf 81' lang='lat' dir='ltr'><strong>animum</strong></span> <span class='ocrx_word' id='word_1_617' title='bbox 806 3831 1134 3887; x_wconf 78' lang='lat' dir='ltr'><strong>induxerunt</strong></span> <span class='ocrx_word' id='word_1_618' title='bbox 1164 3836 1341 3904; x_wconf 86' lang='lat' dir='ltr'><strong>perire</strong></span> <span class='ocrx_word' id='word_1_619' title='bbox 1369 3851 1492 3890; x_wconf 90' lang='lat' dir='ltr'><strong>eum</strong></span> <span class='ocrx_word' id='word_1_620' title='bbox 1523 3836 1618 3906; x_wconf 90' lang='lat' dir='ltr'><strong>qui</strong></span> <span class='ocrx_word' id='word_1_621' title='bbox 1657 3820 1953 3906; x_wconf 54' lang='lat' dir='ltr'><strong>n‘uptialem</strong></span> <span class='ocrx_word' id='word_1_622' title='bbox 1986 3839 2103 3892; x_wconf 85' lang='lat' dir='ltr'><strong>coi-</strong></span> 
     </span>
    </p>
   </div>
   <div class='ocr_carea' id='block_1_75' title="bbox 2110 3820 3776 3910">
    <p class='ocr_par' dir='ltr' id='par_1_75' title="bbox 2203 3835 3776 3910">
     <span class='ocr_line' id='line_1_75' title="bbox 2203 3835 3776 3910; baseline -0.005 -15"><span class='ocrx_word' id='word_1_623' title='bbox 2203 3841 2291 3895; x_wconf 83' lang='grc' dir='ltr'><strong>διὰ</strong></span> <span class='ocrx_word' id='word_1_624' title='bbox 2316 3840 2475 3893; x_wconf 87' lang='grc' dir='ltr'>τοῦτο</span> <span class='ocrx_word' id='word_1_625' title='bbox 2506 3839 2735 3893; x_wconf 86' lang='grc' dir='ltr'>ἀσκοῦσι</span> <span class='ocrx_word' id='word_1_626' title='bbox 2774 3840 2872 3910; x_wconf 81' lang='grc' dir='ltr'>τὴν</span> <span class='ocrx_word' id='word_1_627' title='bbox 2911 3839 3266 3910; x_wconf 88' lang='grc' dir='ltr'>μονογαμίαν,</span> <span class='ocrx_word' id='word_1_628' title='bbox 3290 3837 3412 3891; x_wconf 76' lang='grc' dir='ltr'>ἐπεὶ</span> <span class='ocrx_word' id='word_1_629' title='bbox 3445 3835 3776 3906; x_wconf 80' lang='grc' dir='ltr'>προσεδόκη-</span> 
     </span>
    </p>
   </div>
   <div class='ocr_carea' id='block_1_76' title="bbox 529 3924 2195 3999">
    <p class='ocr_par' dir='ltr' id='par_1_76' title="bbox 529 3925 2104 3999">
     <span class='ocr_line' id='line_1_76' title="bbox 529 3925 2104 3999; baseline 0.005 -21"><span class='ocrx_word' id='word_1_630' title='bbox 529 3931 642 3978; x_wconf 84' lang='lat' dir='ltr'><strong>tum</strong></span> <span class='ocrx_word' id='word_1_631' title='bbox 686 3935 942 3994; x_wconf 79' lang='lat' dir='ltr'><strong>expertus</strong></span> <span class='ocrx_word' id='word_1_632' title='bbox 978 3925 1159 3994; x_wconf 79' lang='lat' dir='ltr'><strong>fuerit,</strong></span> <span class='ocrx_word' id='word_1_633' title='bbox 1198 3941 1252 3984; x_wconf 88' lang='lat' dir='ltr'><strong>et</strong></span> <span class='ocrx_word' id='word_1_634' title='bbox 1299 3938 1427 3984; x_wconf 90' lang='lat' dir='ltr'><strong>sunt</strong></span> <span class='ocrx_word' id='word_1_635' title='bbox 1470 3930 1563 3984; x_wconf 91' lang='lat' dir='ltr'><strong>alii</strong></span> <span class='ocrx_word' id='word_1_636' title='bbox 1596 3930 1688 3999; x_wconf 90' lang='lat' dir='ltr'><strong>qui</strong></span> <span class='ocrx_word' id='word_1_637' title='bbox 1727 3930 1793 3984; x_wconf 86' lang='lat' dir='ltr'><strong>ad</strong></span> <span class='ocrx_word' id='word_1_638' title='bbox 1834 3931 2104 3986; x_wconf 88' lang='lat' dir='ltr'><strong>secundas</strong></span> 
     </span>
    </p>
   </div>
   <div class='ocr_carea' id='block_1_77' title="bbox 2113 3924 3779 3999">
    <p class='ocr_par' dir='ltr' id='par_1_77' title="bbox 2205 3924 3779 3997">
     <span class='ocr_line' id='line_1_77' title="bbox 2205 3924 3779 3997; baseline -0.003 -15"><span class='ocrx_word' id='word_1_639' title='bbox 2205 3946 2304 3983; x_wconf 88' lang='grc' dir='ltr'><strong>σαν</strong></span> <span class='ocrx_word' id='word_1_640' title='bbox 2345 3929 2676 3983; x_wconf 87' lang='grc' dir='ltr'>ἀπόλλυσθαι</span> <span class='ocrx_word' id='word_1_641' title='bbox 2710 3929 2800 3982; x_wconf 75' lang='grc' dir='ltr'>τὸν</span> <span class='ocrx_word' id='word_1_642' title='bbox 2841 3929 3270 3983; x_wconf 85' lang='grc' dir='ltr'>συνουσιάσαντα</span> <span class='ocrx_word' id='word_1_643' title='bbox 3300 3925 3571 3997; x_wconf 80' lang='grc' dir='ltr'>γαμικῶς,</span> <span class='ocrx_word' id='word_1_644' title='bbox 3615 3924 3779 3979; x_wconf 85' lang='grc' dir='ltr'>ἀπόλ-</span> 
     </span>
    </p>
   </div>
   <div class='ocr_carea' id='block_1_78' title="bbox 529 4015 2195 4093">
    <p class='ocr_par' dir='ltr' id='par_1_78' title="bbox 529 4016 2098 4093">
     <span class='ocr_line' id='line_1_78' title="bbox 529 4016 2098 4093; baseline 0.005 -25"><span class='ocrx_word' id='word_1_645' title='bbox 529 4016 818 4071; x_wconf 83' lang='lat' dir='ltr'><strong>convolare</strong></span> <span class='ocrx_word' id='word_1_646' title='bbox 864 4018 1024 4089; x_wconf 76' lang='lat'><strong>267</strong></span> <span class='ocrx_word' id='word_1_647' title='bbox 1069 4021 1285 4090; x_wconf 87' lang='lat' dir='ltr'><strong>nuptias</strong></span> <span class='ocrx_word' id='word_1_648' title='bbox 1320 4022 1532 4087; x_wconf 88' lang='lat' dir='ltr'><strong>nolunt,</strong></span> <span class='ocrx_word' id='word_1_649' title='bbox 1564 4023 1709 4093; x_wconf 90' lang='lat' dir='ltr'><strong>quod</strong></span> <span class='ocrx_word' id='word_1_650' title='bbox 1745 4038 1839 4078; x_wconf 91' lang='lat' dir='ltr'><strong>eas</strong></span> <span class='ocrx_word' id='word_1_651' title='bbox 1872 4024 2098 4077; x_wconf 88' lang='lat' dir='ltr'><strong>damna-</strong></span> 
     </span>
    </p>
   </div>
   <div class='ocr_carea' id='block_1_79' title="bbox 2106 4015 3772 4093">
    <p class='ocr_par' dir='ltr' id='par_1_79' title="bbox 2201 4015 3772 4093">
     <span class='ocr_line' id='line_1_79' title="bbox 2201 4015 3772 4093; baseline -0.004 -17"><span class='ocrx_word' id='word_1_652' title='bbox 2201 4021 2392 4075; x_wconf 89' lang='grc' dir='ltr'>λυσθαι</span> <span class='ocrx_word' id='word_1_653' title='bbox 2414 4022 2503 4074; x_wconf 85' lang='grc' dir='ltr'>τὸν</span> <span class='ocrx_word' id='word_1_654' title='bbox 2529 4020 2927 4092; x_wconf 85' lang='grc' dir='ltr'>διγαμήσαντα.</span> <span class='ocrx_word' id='word_1_655' title='bbox 2968 4022 3340 4093; x_wconf 87' lang='grc' dir='ltr'>Συγκρίνομεν</span> <span class='ocrx_word' id='word_1_656' title='bbox 3370 4018 3490 4072; x_wconf 84' lang='grc' dir='ltr'>καθ’</span> <span class='ocrx_word' id='word_1_657' title='bbox 3529 4015 3772 4079; x_wconf 78' lang='grc' dir='ltr'>ἑαυτούς.</span> 
     </span>
    </p>
   </div>
   <div class='ocr_carea' id='block_1_80' title="bbox 526 4106 2101 4183">
    <p class='ocr_par' dir='ltr' id='par_1_80' title="bbox 526 4106 2101 4183">
     <span class='ocr_line' id='line_1_80' title="bbox 526 4106 2101 4183; baseline 0.006 -23"><span class='ocrx_word' id='word_1_658' title='bbox 526 4106 664 4161; x_wconf 76' lang='lat' dir='ltr'><strong>biles</strong></span> <span class='ocrx_word' id='word_1_659' title='bbox 705 4116 910 4178; x_wconf 87' lang='lat' dir='ltr'><strong>putent.</strong></span> <span class='ocrx_word' id='word_1_660' title='bbox 955 4109 1350 4181; x_wconf 84' lang='lat' dir='ltr'><strong>Comparamus</strong></span> <span class='ocrx_word' id='word_1_661' title='bbox 1384 4114 1524 4169; x_wconf 90' lang='lat' dir='ltr'><strong>inter</strong></span> <span class='ocrx_word' id='word_1_662' title='bbox 1572 4129 1632 4169; x_wconf 82' lang='lat' dir='ltr'><strong>se</strong></span> <span class='ocrx_word' id='word_1_663' title='bbox 1675 4115 1816 4170; x_wconf 90' lang='lat' dir='ltr'><strong>illos.</strong></span> <span class='ocrx_word' id='word_1_664' title='bbox 1871 4113 1933 4168; x_wconf 89' lang='lat' dir='ltr'><strong>Ei</strong></span> <span class='ocrx_word' id='word_1_665' title='bbox 1981 4130 2101 4183; x_wconf 80' lang='lat' dir='ltr'><strong>qtlae</strong></span> 
     </span>
    </p>
   </div>
   <div class='ocr_carea' id='block_1_81' title="bbox 527 4199 2100 4271">
    <p class='ocr_par' dir='ltr' id='par_1_81' title="bbox 527 4199 2100 4271">
     <span class='ocr_line' id='line_1_81' title="bbox 527 4199 2100 4271; baseline 0.006 -21"><span class='ocrx_word' id='word_1_666' title='bbox 527 4199 720 4254; x_wconf 87' lang='lat' dir='ltr'><strong>nnieas</strong></span> <span class='ocrx_word' id='word_1_667' title='bbox 782 4202 998 4271; x_wconf 89' lang='lat' dir='ltr'><strong>nuptias</strong></span> <span class='ocrx_word' id='word_1_668' title='bbox 1059 4206 1350 4269; x_wconf 85' lang='lat' dir='ltr'><strong>contraxit,</strong></span> <span class='ocrx_word' id='word_1_669' title='bbox 1405 4207 1645 4261; x_wconf 85' lang='lat' dir='ltr'><strong>arbitror</strong></span> <span class='ocrx_word' id='word_1_670' title='bbox 1702 4207 2100 4261; x_wconf 85' lang='lat' dir='ltr'><strong>conducibilius</strong></span> 
     </span>
    </p>
   </div>
   <div class='ocr_carea' id='block_1_82' title="bbox 525 4289 2099 4366">
    <p class='ocr_par' dir='ltr' id='par_1_82' title="bbox 525 4289 2099 4366">
     <span class='ocr_line' id='line_1_82' title="bbox 525 4289 2099 4366; baseline 0.007 -24"><span class='ocrx_word' id='word_1_671' title='bbox 525 4303 644 4344; x_wconf 87' lang='lat' dir='ltr'><strong>esse</strong></span> <span class='ocrx_word' id='word_1_672' title='bbox 666 4289 838 4359; x_wconf 88' lang='lat' dir='ltr'><strong>decipi</strong></span> <span class='ocrx_word' id='word_1_673' title='bbox 858 4300 912 4346; x_wconf 92' lang='lat' dir='ltr'><strong>et</strong></span> <span class='ocrx_word' id='word_1_674' title='bbox 932 4303 1123 4361; x_wconf 87' lang='lat' dir='ltr'><strong>putare</strong></span> <span class='ocrx_word' id='word_1_675' title='bbox 1149 4296 1418 4366; x_wconf 83' lang='lat' dir='ltr'><strong>bigamam</strong></span> <span class='ocrx_word' id='word_1_676' title='bbox 1449 4297 1812 4352; x_wconf 89' lang='lat' dir='ltr'><strong>damnandam</strong></span> <span class='ocrx_word' id='word_1_677' title='bbox 1845 4307 1898 4351; x_wconf 93' lang='lat' dir='ltr'><strong>et</strong></span> <span class='ocrx_word' id='word_1_678' title='bbox 1924 4298 2099 4365; x_wconf 66' lang='lat' dir='ltr'><strong>poenis</strong></span> 
     </span>
    </p>
   </div>
   <div class='ocr_carea' id='block_1_83' title="bbox 523 4381 2098 4458">
    <p class='ocr_par' dir='ltr' id='par_1_83' title="bbox 523 4381 2098 4458">
     <span class='ocr_line' id='line_1_83' title="bbox 523 4381 2098 4458; baseline 0.006 -24"><span class='ocrx_word' id='word_1_679' title='bbox 523 4381 742 4435; x_wconf 69' lang='lat' dir='ltr'><strong>aeternis</strong></span> <span class='ocrx_word' id='word_1_680' title='bbox 765 4397 885 4437; x_wconf 88' lang='lat' dir='ltr'><strong>esse</strong></span> <span class='ocrx_word' id='word_1_681' title='bbox 920 4383 1279 4451; x_wconf 79' lang='lat' dir='ltr'><strong>aﬂiciendam,</strong></span> <span class='ocrx_word' id='word_1_682' title='bbox 1306 4395 1366 4440; x_wconf 84' lang='lat' dir='ltr'><strong>ut</strong></span> <span class='ocrx_word' id='word_1_683' title='bbox 1391 4388 1508 4456; x_wconf 89' lang='lat' dir='ltr'><strong>ipsa</strong></span> <span class='ocrx_word' id='word_1_684' title='bbox 1545 4403 1575 4441; x_wconf 89' lang='lat' dir='ltr'><strong>a</strong></span> <span class='ocrx_word' id='word_1_685' title='bbox 1611 4388 1867 4444; x_wconf 90' lang='lat' dir='ltr'><strong>secundis</strong></span> <span class='ocrx_word' id='word_1_686' title='bbox 1895 4389 2098 4458; x_wconf 87' lang='lat' dir='ltr'><strong>nuptiis</strong></span> 
     </span>
    </p>
   </div>
   <div class='ocr_carea' id='block_1_84' title="bbox 522 4470 2093 4546">
    <p class='ocr_par' dir='ltr' id='par_1_84' title="bbox 522 4470 2093 4546">
     <span class='ocr_line' id='line_1_84' title="bbox 522 4470 2093 4546; baseline 0.005 -22"><span class='ocrx_word' id='word_1_687' title='bbox 522 4470 793 4526; x_wconf 85' lang='lat' dir='ltr'><strong>abstineat</strong></span> <span class='ocrx_word' id='word_1_688' title='bbox 828 4481 882 4527; x_wconf 91' lang='lat' dir='ltr'><strong>et</strong></span> <span class='ocrx_word' id='word_1_689' title='bbox 928 4473 1149 4544; x_wconf 88' lang='lat' dir='ltr'><strong>puritati</strong></span> <span class='ocrx_word' id='word_1_690' title='bbox 1195 4476 1426 4540; x_wconf 85' lang='lat' dir='ltr'><strong>studeat,</strong></span> <span class='ocrx_word' id='word_1_691' title='bbox 1482 4492 1646 4546; x_wconf 85' lang='lat' dir='ltr'><strong>quam</strong></span> <span class='ocrx_word' id='word_1_692' title='bbox 1692 4477 1769 4532; x_wconf 89' lang='lat' dir='ltr'><strong>rei</strong></span> <span class='ocrx_word' id='word_1_693' title='bbox 1815 4479 2093 4533; x_wconf 84' lang='lat' dir='ltr'><strong>veritatem</strong></span> 
     </span>
    </p>
   </div>
   <div class='ocr_carea' id='block_1_85' title="bbox 524 4563 2094 4637">
    <p class='ocr_par' dir='ltr' id='par_1_85' title="bbox 524 4563 2094 4637">
     <span class='ocr_line' id='line_1_85' title="bbox 524 4563 2094 4637; baseline 0.006 -23"><span class='ocrx_word' id='word_1_694' title='bbox 524 4575 822 4630; x_wconf 81' lang='lat' dir='ltr'><strong>agnoscere</strong></span> <span class='ocrx_word' id='word_1_695' title='bbox 854 4571 908 4618; x_wconf 89' lang='lat' dir='ltr'><strong>et</strong></span> <span class='ocrx_word' id='word_1_696' title='bbox 945 4563 1215 4634; x_wconf 77' lang='lat' dir='ltr'><strong>bigamam</strong></span> <span class='ocrx_word' id='word_1_697' title='bbox 1256 4566 1391 4621; x_wconf 86' lang='lat' dir='ltr'><strong>tieri.</strong></span> <span class='ocrx_word' id='word_1_698' title='bbox 1430 4566 1567 4622; x_wconf 89' lang='lat' dir='ltr'><strong>Cum</strong></span> <span class='ocrx_word' id='word_1_699' title='bbox 1607 4567 1983 4637; x_wconf 89' lang='lat' dir='ltr'><strong>unusquisque</strong></span> <span class='ocrx_word' id='word_1_700' title='bbox 2011 4570 2094 4624; x_wconf 86' lang='lat' dir='ltr'><strong>vi-</strong></span> 
     </span>
    </p>
   </div>
   <div class='ocr_carea' id='block_1_86' title="bbox 524 4649 2092 4732">
    <p class='ocr_par' dir='ltr' id='par_1_86' title="bbox 524 4649 2092 4732">
     <span class='ocr_line' id='line_1_86' title="bbox 524 4649 2092 4732; baseline 0.011 -30"><span class='ocrx_word' id='word_1_701' title='bbox 524 4649 647 4705; x_wconf 68' lang='lat' dir='ltr'><strong>deat</strong></span> <span class='ocrx_word' id='word_1_702' title='bbox 690 4653 820 4721; x_wconf 90' lang='lat' dir='ltr'><strong>quid</strong></span> <span class='ocrx_word' id='word_1_703' title='bbox 863 4665 1147 4726; x_wconf 79' lang='lat' dir='ltr'><strong>sequatur,</strong></span> <span class='ocrx_word' id='word_1_704' title='bbox 1178 4657 1287 4712; x_wconf 91' lang='lat' dir='ltr'><strong>dici</strong></span> <span class='ocrx_word' id='word_1_705' title='bbox 1332 4667 1504 4727; x_wconf 87' lang='lat' dir='ltr'><strong>potest</strong></span> <span class='ocrx_word' id='word_1_706' title='bbox 1530 4660 1844 4731; x_wconf 63' lang='lat' dir='ltr'><strong>praeclarius</strong></span> <span class='ocrx_word' id='word_1_707' title='bbox 1874 4664 2092 4732; x_wconf 83' lang='lat' dir='ltr'><strong>quidem</strong></span> 
     </span>
    </p>
   </div>
   <div class='ocr_carea' id='block_1_87' title="bbox 525 4741 2094 4828">
    <p class='ocr_par' dir='ltr' id='par_1_87' title="bbox 525 4741 2094 4828">
     <span class='ocr_line' id='line_1_87' title="bbox 525 4741 2094 4828; baseline 0.015 -37"><span class='ocrx_word' id='word_1_708' title='bbox 525 4754 649 4793; x_wconf 89' lang='lat' dir='ltr'><strong>cum</strong></span> <span class='ocrx_word' id='word_1_709' title='bbox 674 4741 763 4797; x_wconf 86' lang='lat' dir='ltr'><strong>illa</strong></span> <span class='ocrx_word' id='word_1_710' title='bbox 787 4754 969 4802; x_wconf 85' lang='lat' dir='ltr'><strong>actum</strong></span> <span class='ocrx_word' id='word_1_711' title='bbox 1001 4746 1244 4805; x_wconf 80' lang='lat' dir='ltr'><strong>futurum</strong></span> <span class='ocrx_word' id='word_1_712' title='bbox 1279 4749 1449 4807; x_wconf 81' lang='lat' dir='ltr'><strong>fuisse</strong></span> <span class='ocrx_word' id='word_1_713' title='bbox 1471 4753 1517 4808; x_wconf 91' lang='lat' dir='ltr'><strong>si</strong></span> <span class='ocrx_word' id='word_1_714' title='bbox 1544 4769 1652 4809; x_wconf 91' lang='lat' dir='ltr'><strong>non</strong></span> <span class='ocrx_word' id='word_1_715' title='bbox 1679 4755 1901 4828; x_wconf 87' lang='lat' dir='ltr'><strong>decepta</strong></span> <span class='ocrx_word' id='word_1_716' title='bbox 1926 4760 2094 4814; x_wconf 89' lang='lat' dir='ltr'><strong>casti-</strong></span> 
     </span>
    </p>
   </div>
   <div class='ocr_carea' id='block_1_88' title="bbox 525 4832 2088 4920">
    <p class='ocr_par' dir='ltr' id='par_1_88' title="bbox 525 4832 2088 4920">
     <span class='ocr_line' id='line_1_88' title="bbox 525 4832 2088 4920; baseline 0.017 -37"><span class='ocrx_word' id='word_1_717' title='bbox 525 4838 689 4885; x_wconf 87' lang='lat' dir='ltr'><strong>tatem</strong></span> <span class='ocrx_word' id='word_1_718' title='bbox 713 4847 1000 4903; x_wconf 83' lang='lat' dir='ltr'><strong>servasset,</strong></span> <span class='ocrx_word' id='word_1_719' title='bbox 1028 4844 1284 4899; x_wconf 81' lang='lat' dir='ltr'><strong>secundis</strong></span> <span class='ocrx_word' id='word_1_720' title='bbox 1313 4845 1520 4915; x_wconf 88' lang='lat' dir='ltr'><strong>nuptiis</strong></span> <span class='ocrx_word' id='word_1_721' title='bbox 1558 4864 1663 4903; x_wconf 89' lang='lat' dir='ltr'><strong>non</strong></span> <span class='ocrx_word' id='word_1_722' title='bbox 1696 4863 1756 4906; x_wconf 82' lang='lat' dir='ltr'><strong>se</strong></span> <span class='ocrx_word' id='word_1_723' title='bbox 1785 4832 2088 4920; x_wconf 45' lang='lat' dir='ltr'><strong>intplicuis:</strong></span> 
     </span>
    </p>
   </div>
   <div class='ocr_carea' id='block_1_89' title="bbox 2203 4106 3776 4183">
    <p class='ocr_par' dir='ltr' id='par_1_89' title="bbox 2203 4106 3776 4183">
     <span class='ocr_line' id='line_1_89' title="bbox 2203 4106 3776 4183; baseline -0.004 -17"><span class='ocrx_word' id='word_1_724' title='bbox 2203 4114 2325 4166; x_wconf 90' lang='grc' dir='ltr'>Ὅτι</span> <span class='ocrx_word' id='word_1_725' title='bbox 2351 4110 2618 4165; x_wconf 87' lang='grc' dir='ltr'>λυσιτελεῖ</span> <span class='ocrx_word' id='word_1_726' title='bbox 2658 4114 2724 4183; x_wconf 82' lang='grc' dir='ltr'><strong>τῇ</strong></span> <span class='ocrx_word' id='word_1_727' title='bbox 2765 4110 3057 4182; x_wconf 87' lang='grc' dir='ltr'>μονογάμῳ</span> <span class='ocrx_word' id='word_1_728' title='bbox 3086 4109 3398 4180; x_wconf 77' lang='grc' dir='ltr'>ήπατῆσθαι</span> <span class='ocrx_word' id='word_1_729' title='bbox 3435 4108 3528 4161; x_wconf 79' lang='grc' dir='ltr'>καὶ</span> <span class='ocrx_word' id='word_1_730' title='bbox 3565 4106 3776 4161; x_wconf 76' lang='grc' dir='ltr'>οἴεσθαι</span> 
     </span>
    </p>
   </div>
   <div class='ocr_carea' id='block_1_90' title="bbox 2199 4196 3776 4280">
    <p class='ocr_par' dir='ltr' id='par_1_90' title="bbox 2199 4196 3776 4280">
     <span class='ocr_line' id='line_1_90' title="bbox 2199 4196 3776 4280; baseline -0.006 -22"><span class='ocrx_word' id='word_1_731' title='bbox 2199 4203 2541 4268; x_wconf 76' lang='grc' dir='ltr'>κολάξεσθαι,</span> <span class='ocrx_word' id='word_1_732' title='bbox 2585 4201 2680 4257; x_wconf 69' lang='grc' dir='ltr'>καὶ</span> <span class='ocrx_word' id='word_1_733' title='bbox 2724 4204 2927 4280; x_wconf 83' lang='grc' dir='ltr'>αἰωνίῳ</span> <span class='ocrx_word' id='word_1_734' title='bbox 2965 4201 3185 4255; x_wconf 82' lang='grc' dir='ltr'>κολάσει</span> <span class='ocrx_word' id='word_1_735' title='bbox 3246 4197 3636 4272; x_wconf 84' lang='grc' dir='ltr'>παραδίδοσθαι</span> <span class='ocrx_word' id='word_1_736' title='bbox 3677 4196 3776 4267; x_wconf 75' lang='grc' dir='ltr'>τὴν</span> 
     </span>
    </p>
   </div>
   <div class='ocr_carea' id='block_1_91' title="bbox 2197 4287 3775 4366">
    <p class='ocr_par' dir='ltr' id='par_1_91' title="bbox 2197 4287 3775 4366">
     <span class='ocr_line' id='line_1_91' title="bbox 2197 4287 3775 4366; baseline -0.004 -19"><span class='ocrx_word' id='word_1_737' title='bbox 2197 4294 2444 4365; x_wconf 85' lang='grc' dir='ltr'>δίγαμον,</span> <span class='ocrx_word' id='word_1_738' title='bbox 2475 4294 2562 4349; x_wconf 81' lang='grc' dir='ltr'>ἵνα</span> <span class='ocrx_word' id='word_1_739' title='bbox 2604 4293 2758 4366; x_wconf 82' lang='grc' dir='ltr'>μείνῃ</span> <span class='ocrx_word' id='word_1_740' title='bbox 2785 4293 3092 4365; x_wconf 82' lang='grc' dir='ltr'>μονόγαμος</span> <span class='ocrx_word' id='word_1_741' title='bbox 3125 4293 3220 4345; x_wconf 66' lang='grc' dir='ltr'><strong>καλ⁵</strong></span> <span class='ocrx_word' id='word_1_742' title='bbox 3246 4289 3486 4361; x_wconf 81' lang='grc' dir='ltr'>καθαρὰ,</span> <span class='ocrx_word' id='word_1_743' title='bbox 3512 4289 3544 4359; x_wconf 81' lang='grc' dir='ltr'>ἢ</span> <span class='ocrx_word' id='word_1_744' title='bbox 3571 4287 3775 4356; x_wconf 79' lang='grc' dir='ltr'>γνῶναι</span> 
     </span>
    </p>
   </div>
   <div class='ocr_carea' id='block_1_92' title="bbox 2197 4380 3771 4457">
    <p class='ocr_par' dir='ltr' id='par_1_92' title="bbox 2197 4380 3771 4457">
     <span class='ocr_line' id='line_1_92' title="bbox 2197 4380 3771 4457; baseline -0.005 -18"><span class='ocrx_word' id='word_1_745' title='bbox 2197 4385 2260 4439; x_wconf 83' lang='grc' dir='ltr'>τὸ</span> <span class='ocrx_word' id='word_1_746' title='bbox 2311 4385 2529 4457; x_wconf 84' lang='grc' dir='ltr'>ἀληθὲς,</span> <span class='ocrx_word' id='word_1_747' title='bbox 2572 4386 2669 4439; x_wconf 74' lang='grc' dir='ltr'>καὶ</span> <span class='ocrx_word' id='word_1_748' title='bbox 2699 4385 2998 4456; x_wconf 81' lang='grc' dir='ltr'>διγαμῆσαι</span> <span class='ocrx_word' id='word_1_749' title='bbox 3045 4381 3271 4453; x_wconf 74' lang='grc' dir='ltr'>νομίζω.</span> <span class='ocrx_word' id='word_1_750' title='bbox 3319 4380 3527 4442; x_wconf 82' lang='grc' dir='ltr'>Παντὸς</span> <span class='ocrx_word' id='word_1_751' title='bbox 3564 4380 3771 4433; x_wconf 75' lang='grc' dir='ltr'>οὑτινο-</span> 
     </span>
    </p>
   </div>
   <div class='ocr_carea' id='block_1_93' title="bbox 2199 4489 3775 4562">
    <p class='ocr_par' dir='ltr' id='par_1_93' title="bbox 2199 4489 3775 4562">
     <span class='ocr_line' id='line_1_93' title="bbox 2199 4489 3775 4562; baseline -0.001 -19"><span class='ocrx_word' id='word_1_752' title='bbox 2199 4490 2324 4545; x_wconf 89' lang='grc' dir='ltr'>σοῦν</span> <span class='ocrx_word' id='word_1_753' title='bbox 2377 4491 2666 4562; x_wconf 89' lang='grc' dir='ltr'>βλέποντος</span> <span class='ocrx_word' id='word_1_754' title='bbox 2704 4493 2766 4545; x_wconf 78' lang='grc' dir='ltr'>τὸ</span> <span class='ocrx_word' id='word_1_755' title='bbox 2797 4489 3088 4546; x_wconf 86' lang='grc' dir='ltr'>ἀκόλουθόν</span> <span class='ocrx_word' id='word_1_756' title='bbox 3129 4492 3277 4545; x_wconf 78' lang='grc' dir='ltr'>ἐστιν</span> <span class='ocrx_word' id='word_1_757' title='bbox 3309 4494 3503 4554; x_wconf 81' lang='grc' dir='ltr'>εἰπεῖν,</span> <span class='ocrx_word' id='word_1_758' title='bbox 3547 4490 3629 4543; x_wconf 84' lang='grc' dir='ltr'>ὅτι</span> <span class='ocrx_word' id='word_1_759' title='bbox 3670 4505 3775 4558; x_wconf 86' lang='grc' dir='ltr'>μα-</span> 
     </span>
    </p>
   </div>
   <div class='ocr_carea' id='block_1_94' title="bbox 2195 4581 3772 4658">
    <p class='ocr_par' dir='ltr' id='par_1_94' title="bbox 2195 4581 3772 4658">
     <span class='ocr_line' id='line_1_94' title="bbox 2195 4581 3772 4658; baseline -0.001 -20"><span class='ocrx_word' id='word_1_760' title='bbox 2195 4583 2527 4658; x_wconf 85' lang='grc' dir='ltr'>καριώτερον</span> <span class='ocrx_word' id='word_1_761' title='bbox 2564 4585 2663 4657; x_wconf 82' lang='grc' dir='ltr'>μὲν</span> <span class='ocrx_word' id='word_1_762' title='bbox 2693 4581 2761 4657; x_wconf 79' lang='grc' dir='ltr'>ἦν</span> <span class='ocrx_word' id='word_1_763' title='bbox 2799 4586 2861 4639; x_wconf 84' lang='grc' dir='ltr'>τὸ</span> <span class='ocrx_word' id='word_1_764' title='bbox 2890 4586 3235 4657; x_wconf 81' lang='grc' dir='ltr'>καθαρεύειν,</span> <span class='ocrx_word' id='word_1_765' title='bbox 3281 4587 3376 4640; x_wconf 67' lang='grc' dir='ltr'>καὶ</span> <span class='ocrx_word' id='word_1_766' title='bbox 3417 4584 3491 4657; x_wconf 76' lang='grc' dir='ltr'><strong>μή</strong></span> <span class='ocrx_word' id='word_1_767' title='bbox 3522 4584 3772 4653; x_wconf 82' lang='grc' dir='ltr'>διγαμεϊν</span> 
     </span>
    </p>
   </div>
   <div class='ocr_carea' id='block_1_95' title="bbox 2196 4673 3772 4749">
    <p class='ocr_par' dir='ltr' id='par_1_95' title="bbox 2196 4673 3772 4749">
     <span class='ocr_line' id='line_1_95' title="bbox 2196 4673 3772 4749; baseline 0.007 -22"><span class='ocrx_word' id='word_1_768' title='bbox 2196 4674 2271 4747; x_wconf 79' lang='grc' dir='ltr'>μὴ</span> <span class='ocrx_word' id='word_1_769' title='bbox 2293 4675 2670 4746; x_wconf 78' lang='grc' dir='ltr'>ήπατημένην,</span> <span class='ocrx_word' id='word_1_770' title='bbox 2701 4677 2795 4729; x_wconf 69' lang='grc' dir='ltr'>καὶ</span> <span class='ocrx_word' id='word_1_771' title='bbox 2815 4678 2969 4748; x_wconf 83' lang='grc' dir='ltr'>όρᾷν,</span> <span class='ocrx_word' id='word_1_772' title='bbox 3001 4678 3083 4731; x_wconf 84' lang='grc' dir='ltr'>ὅτι</span> <span class='ocrx_word' id='word_1_773' title='bbox 3117 4678 3334 4749; x_wconf 84' lang='grc' dir='ltr'>μετέχει</span> <span class='ocrx_word' id='word_1_774' title='bbox 3368 4676 3464 4748; x_wconf 83' lang='grc' dir='ltr'>μὲν</span> <span class='ocrx_word' id='word_1_775' title='bbox 3497 4673 3772 4745; x_wconf 77' lang='grc' dir='ltr'>σωτηρίας</span> 
     </span>
    </p>
   </div>
   <div class='ocr_carea' id='block_1_96' title="bbox 2192 4765 3761 4840">
    <p class='ocr_par' dir='ltr' id='par_1_96' title="bbox 2192 4765 3761 4840">
     <span class='ocr_line' id='line_1_96' title="bbox 2192 4765 3761 4840; baseline 0.005 -22"><span class='ocrx_word' id='word_1_776' title='bbox 2192 4765 2335 4829; x_wconf 85' lang='grc' dir='ltr'>τινὸς</span> <span class='ocrx_word' id='word_1_777' title='bbox 2361 4767 2453 4820; x_wconf 74' lang='grc' dir='ltr'>καὶ</span> <span class='ocrx_word' id='word_1_778' title='bbox 2477 4768 2509 4839; x_wconf 85' lang='grc' dir='ltr'><strong>ή</strong></span> <span class='ocrx_word' id='word_1_779' title='bbox 2537 4767 2784 4838; x_wconf 85' lang='grc' dir='ltr'>δίγαμος,</span> <span class='ocrx_word' id='word_1_780' title='bbox 2819 4769 2879 4822; x_wconf 85' lang='grc' dir='ltr'>οὐ</span> <span class='ocrx_word' id='word_1_781' title='bbox 2911 4768 3018 4840; x_wconf 81' lang='grc' dir='ltr'>μὴν</span> <span class='ocrx_word' id='word_1_782' title='bbox 3041 4768 3312 4840; x_wconf 84' lang='grc' dir='ltr'>τοσαύτης</span> <span class='ocrx_word' id='word_1_783' title='bbox 3339 4767 3761 4839; x_wconf 76' lang='grc' dir='ltr'>μακαριότητος.</span> 
     </span>
    </p>
   </div>
   <div class='ocr_carea' id='block_1_97' title="bbox 2191 4853 3770 4929">
    <p class='ocr_par' dir='ltr' id='par_1_97' title="bbox 2191 4853 3770 4929">
     <span class='ocr_line' id='line_1_97' title="bbox 2191 4853 3770 4929; baseline 0 -23"><span class='ocrx_word' id='word_1_784' title='bbox 2191 4853 2323 4924; x_wconf 81' lang='grc' dir='ltr'>ὅσης</span> <span class='ocrx_word' id='word_1_785' title='bbox 2353 4856 2386 4925; x_wconf 82' lang='grc' dir='ltr'><strong>ὴ</strong></span> <span class='ocrx_word' id='word_1_786' title='bbox 2432 4854 2851 4926; x_wconf 86' lang='grc' dir='ltr'>καθαρεύσασα·</span> <span class='ocrx_word' id='word_1_787' title='bbox 2890 4859 2939 4910; x_wconf 75' lang='grc' dir='ltr'>εἰ</span> <span class='ocrx_word' id='word_1_788' title='bbox 2968 4856 3026 4910; x_wconf 85' lang='grc' dir='ltr'>δὲ</span> <span class='ocrx_word' id='word_1_789' title='bbox 3068 4858 3143 4929; x_wconf 81' lang='grc' dir='ltr'>μὴ</span> <span class='ocrx_word' id='word_1_790' title='bbox 3179 4856 3401 4911; x_wconf 87' lang='grc' dir='ltr'>δύναται</span> <span class='ocrx_word' id='word_1_791' title='bbox 3431 4855 3606 4918; x_wconf 82' lang='grc' dir='ltr'>τοῦτο,</span> <span class='ocrx_word' id='word_1_792' title='bbox 3650 4853 3770 4924; x_wconf 83' lang='grc' dir='ltr'>βέλ-</span> 
     </span>
    </p>
   </div>
   <div class='ocr_carea' id='block_1_98' title="bbox 524 4928 2190 5019">
    <p class='ocr_par' dir='ltr' id='par_1_98' title="bbox 524 4928 2163 5014">
     <span class='ocr_line' id='line_1_98' title="bbox 524 4928 2163 5014; baseline 0.013 -34"><span class='ocrx_word' id='word_1_793' title='bbox 524 4931 626 4990; x_wconf 87' lang='lat' dir='ltr'><strong>set,</strong></span> <span class='ocrx_word' id='word_1_794' title='bbox 655 4934 709 4980; x_wconf 86' lang='lat' dir='ltr'><strong>et</strong></span> <span class='ocrx_word' id='word_1_795' title='bbox 741 4928 982 4986; x_wconf 86' lang='lat' dir='ltr'><strong>novisset</strong></span> <span class='ocrx_word' id='word_1_796' title='bbox 1013 4934 1244 5005; x_wconf 86' lang='lat' dir='ltr'><strong>alicujus</strong></span> <span class='ocrx_word' id='word_1_797' title='bbox 1276 4938 1468 4995; x_wconf 84' lang='lat' dir='ltr'><strong>salutis</strong></span> <span class='ocrx_word' id='word_1_798' title='bbox 1499 4956 1619 4996; x_wconf 89' lang='lat' dir='ltr'><strong>eam</strong></span> <span class='ocrx_word' id='word_1_799' title='bbox 1659 4943 1820 4998; x_wconf 90' lang='lat' dir='ltr'><strong>etiam</strong></span> <span class='ocrx_word' id='word_1_800' title='bbox 1853 4959 1974 5014; x_wconf 67' lang='lat' dir='ltr'><strong>quae</strong></span> <span class='ocrx_word' id='word_1_801' title='bbox 2004 4945 2088 5001; x_wconf 84' lang='lat' dir='ltr'><strong>bis</strong></span> <span class='ocrx_word' id='word_1_802' title='bbox 2123 4929 2163 4985; x_wconf 73' lang='grc' dir='ltr'>υ</span> 
     </span>
    </p>
   </div>
   <div class='ocr_carea' id='block_1_99' title="bbox 2102 4928 3768 5019">
    <p class='ocr_par' dir='ltr' id='par_1_99' title="bbox 2123 4928 3768 5019">
     <span class='ocr_line' id='line_1_99' title="bbox 2123 4928 3768 5019; baseline 0 -20"><span class='ocrx_word' id='word_1_803' title='bbox 2123 4929 2163 4985; x_wconf 73' lang='grc' dir='ltr'>υ</span> <span class='ocrx_word' id='word_1_804' title='bbox 2190 4956 2302 5000; x_wconf 83' lang='grc' dir='ltr'>τιον</span> <span class='ocrx_word' id='word_1_805' title='bbox 2322 4946 2383 4999; x_wconf 79' lang='grc' dir='ltr'>τὸ</span> <span class='ocrx_word' id='word_1_806' title='bbox 2407 4946 2739 5017; x_wconf 77' lang='grc' dir='ltr'>ὴπατῆσθαι,</span> <span class='ocrx_word' id='word_1_807' title='bbox 2774 4947 2851 5011; x_wconf 84' lang='grc' dir='ltr'>ὡς</span> <span class='ocrx_word' id='word_1_808' title='bbox 2877 4928 3265 5019; x_wconf 83' lang='grc' dir='ltr'>ἀπολλυμένων</span> <span class='ocrx_word' id='word_1_809' title='bbox 3290 4947 3535 5018; x_wconf 89' lang='grc' dir='ltr'>διγάμων</span> <span class='ocrx_word' id='word_1_810' title='bbox 3561 4946 3654 5000; x_wconf 72' lang='grc' dir='ltr'>καὶ</span> <span class='ocrx_word' id='word_1_811' title='bbox 3680 4944 3768 4999; x_wconf 77' lang='grc' dir='ltr'><strong>διὰ</strong></span> 
     </span>
    </p>
   </div>
   <div class='ocr_carea' id='block_1_100' title="bbox 522 5017 2087 5104">
    <p class='ocr_par' dir='ltr' id='par_1_100' title="bbox 522 5017 2087 5104">
     <span class='ocr_line' id='line_1_100' title="bbox 522 5017 2087 5104; baseline 0.012 -31"><span class='ocrx_word' id='word_1_812' title='bbox 522 5017 698 5085; x_wconf 88' lang='lat' dir='ltr'><strong>nubit,</strong></span> <span class='ocrx_word' id='word_1_813' title='bbox 747 5033 854 5074; x_wconf 92' lang='lat' dir='ltr'><strong>non</strong></span> <span class='ocrx_word' id='word_1_814' title='bbox 906 5032 1086 5079; x_wconf 90' lang='lat' dir='ltr'><strong>tamen</strong></span> <span class='ocrx_word' id='word_1_815' title='bbox 1138 5035 1301 5081; x_wconf 62' lang='lat' dir='ltr'><strong>tanta:</strong></span> <span class='ocrx_word' id='word_1_816' title='bbox 1339 5028 1692 5089; x_wconf 86' lang='lat' dir='ltr'><strong>beatitudinis</strong></span> <span class='ocrx_word' id='word_1_817' title='bbox 1737 5044 1954 5104; x_wconf 82' lang='lat' dir='ltr'><strong>quantae</strong></span> <span class='ocrx_word' id='word_1_818' title='bbox 1996 5035 2087 5091; x_wconf 87' lang='lat' dir='ltr'><strong>illa</strong></span> 
     </span>
    </p>
   </div>
   <div class='ocr_carea' id='block_1_101' title="bbox 521 5114 2092 5195">
    <p class='ocr_par' dir='ltr' id='par_1_101' title="bbox 521 5114 2092 5195">
     <span class='ocr_line' id='line_1_101' title="bbox 521 5114 2092 5195; baseline 0.012 -33"><span class='ocrx_word' id='word_1_819' title='bbox 521 5123 661 5177; x_wconf 64' lang='lat' dir='ltr'><strong>quas,</strong></span> <span class='ocrx_word' id='word_1_820' title='bbox 699 5126 823 5165; x_wconf 91' lang='lat' dir='ltr'><strong>cum</strong></span> <span class='ocrx_word' id='word_1_821' title='bbox 852 5122 1035 5182; x_wconf 90' lang='lat' dir='ltr'><strong>posset</strong></span> <span class='ocrx_word' id='word_1_822' title='bbox 1072 5114 1157 5172; x_wconf 87' lang='lat' dir='ltr'><strong>bis</strong></span> <span class='ocrx_word' id='word_1_823' title='bbox 1187 5120 1409 5188; x_wconf 88' lang='lat' dir='ltr'><strong>nubere,</strong></span> <span class='ocrx_word' id='word_1_824' title='bbox 1447 5124 1665 5192; x_wconf 90' lang='lat' dir='ltr'><strong>puritati</strong></span> <span class='ocrx_word' id='word_1_825' title='bbox 1696 5126 1894 5189; x_wconf 87' lang='lat' dir='ltr'><strong>studet,</strong></span> <span class='ocrx_word' id='word_1_826' title='bbox 1923 5126 2092 5195; x_wconf 86' lang='lat' dir='ltr'><strong>parti-</strong></span> 
     </span>
    </p>
   </div>
   <div class='ocr_carea' id='block_1_102' title="bbox 519 5200 2090 5281">
    <p class='ocr_par' dir='ltr' id='par_1_102' title="bbox 519 5200 2090 5281">
     <span class='ocr_line' id='line_1_102' title="bbox 519 5200 2090 5281; baseline 0.01 -25"><span class='ocrx_word' id='word_1_827' title='bbox 519 5200 692 5270; x_wconf 85' lang='lat' dir='ltr'><strong>cipem</strong></span> <span class='ocrx_word' id='word_1_828' title='bbox 724 5205 962 5270; x_wconf 69' lang='lat' dir='ltr'><strong>esse;&#39;si</strong></span> <span class='ocrx_word' id='word_1_829' title='bbox 1010 5222 1139 5263; x_wconf 87' lang='lat' dir='ltr'><strong>vero</strong></span> <span class='ocrx_word' id='word_1_830' title='bbox 1181 5208 1235 5263; x_wconf 90' lang='lat' dir='ltr'><strong>id</strong></span> <span class='ocrx_word' id='word_1_831' title='bbox 1283 5225 1391 5265; x_wconf 92' lang='lat' dir='ltr'><strong>non</strong></span> <span class='ocrx_word' id='word_1_832' title='bbox 1437 5223 1636 5281; x_wconf 87' lang='lat' dir='ltr'><strong>potest,</strong></span> <span class='ocrx_word' id='word_1_833' title='bbox 1678 5216 1850 5271; x_wconf 88' lang='lat' dir='ltr'><strong>satius</strong></span> <span class='ocrx_word' id='word_1_834' title='bbox 1881 5231 2002 5271; x_wconf 89' lang='lat' dir='ltr'><strong>esse</strong></span> <span class='ocrx_word' id='word_1_835' title='bbox 2031 5225 2090 5271; x_wconf 89' lang='lat' dir='ltr'><strong>ut</strong></span> 
     </span>
    </p>
   </div>
   <div class='ocr_carea' id='block_1_103' title="bbox 520 5290 2087 5374">
    <p class='ocr_par' dir='ltr' id='par_1_103' title="bbox 520 5290 2087 5374">
     <span class='ocr_line' id='line_1_103' title="bbox 520 5290 2087 5374; baseline 0.012 -32"><span class='ocrx_word' id='word_1_836' title='bbox 520 5290 740 5362; x_wconf 80' lang='lat' dir='ltr'><strong>decepta</strong></span> <span class='ocrx_word' id='word_1_837' title='bbox 787 5293 1033 5362; x_wconf 79' lang='lat' dir='ltr'><strong>bigamos</strong></span> <span class='ocrx_word' id='word_1_838' title='bbox 1083 5300 1259 5368; x_wconf 89' lang='lat' dir='ltr'><strong>perire</strong></span> <span class='ocrx_word' id='word_1_839' title='bbox 1305 5312 1474 5372; x_wconf 90' lang='lat' dir='ltr'><strong>putet,</strong></span> <span class='ocrx_word' id='word_1_840' title='bbox 1515 5313 1569 5358; x_wconf 90' lang='lat' dir='ltr'><strong>et</strong></span> <span class='ocrx_word' id='word_1_841' title='bbox 1604 5304 1828 5374; x_wconf 79' lang='lat' dir='ltr'><strong>decepta</strong></span> <span class='ocrx_word' id='word_1_842' title='bbox 1864 5306 2087 5373; x_wconf 89' lang='lat' dir='ltr'><strong>puritati</strong></span> 
     </span>
    </p>
   </div>
   <div class='ocr_carea' id='block_1_104' title="bbox 519 5383 2084 5465">
    <p class='ocr_par' dir='ltr' id='par_1_104' title="bbox 519 5383 2084 5465">
     <span class='ocr_line' id='line_1_104' title="bbox 519 5383 2084 5465; baseline 0.008 -28"><span class='ocrx_word' id='word_1_843' title='bbox 519 5383 754 5451; x_wconf 79' lang='lat' dir='ltr'><strong>studeat,</strong></span> <span class='ocrx_word' id='word_1_844' title='bbox 803 5399 967 5454; x_wconf 90' lang='lat' dir='ltr'><strong>quam</strong></span> <span class='ocrx_word' id='word_1_845' title='bbox 1024 5397 1084 5443; x_wconf 89' lang='lat' dir='ltr'><strong>ut</strong></span> <span class='ocrx_word' id='word_1_846' title='bbox 1132 5391 1362 5449; x_wconf 88' lang='lat' dir='ltr'><strong>veritate</strong></span> <span class='ocrx_word' id='word_1_847' title='bbox 1405 5393 1617 5465; x_wconf 84' lang='lat' dir='ltr'><strong>cognita</strong></span> <span class='ocrx_word' id='word_1_848' title='bbox 1669 5394 1723 5448; x_wconf 92' lang='lat' dir='ltr'><strong>in</strong></span> <span class='ocrx_word' id='word_1_849' title='bbox 1774 5393 2084 5449; x_wconf 78' lang='lat' dir='ltr'><strong>inferiorem</strong></span> 
     </span>
    </p>
   </div>
   <div class='ocr_carea' id='block_1_105' title="bbox 589 5514 1552 5593">
    <p class='ocr_par' dir='ltr' id='par_1_105' title="bbox 589 5514 1552 5593">
     <span class='ocr_line' id='line_1_105' title="bbox 589 5514 1552 5593; baseline 0.012 -22"><span class='ocrx_word' id='word_1_850' title='bbox 589 5514 636 5547; x_wconf 83' lang='grc'><strong>’⁸</strong></span> <span class='ocrx_word' id='word_1_851' title='bbox 664 5514 799 5572; x_wconf 87' lang='lat' dir='ltr'><strong>Gen.</strong></span> <span class='ocrx_word' id='word_1_852' title='bbox 836 5534 919 5587; x_wconf 87' lang='lat' dir='ltr'><strong>Ill,</strong></span> <span class='ocrx_word' id='word_1_853' title='bbox 956 5521 1040 5576; x_wconf 77' lang='grc'><strong>15.</strong></span> <span class='ocrx_word' id='word_1_854' title='bbox 1119 5523 1164 5555; x_wconf 85' lang='grc'><strong>⁷⁷</strong></span> <span class='ocrx_word' id='word_1_855' title='bbox 1188 5521 1294 5580; x_wconf 86' lang='lat' dir='ltr'><strong>Isa.</strong></span> <span class='ocrx_word' id='word_1_856' title='bbox 1319 5542 1435 5593; x_wconf 78' lang='lat' dir='ltr'><strong>xix,</strong></span> <span class='ocrx_word' id='word_1_857' title='bbox 1470 5527 1552 5583; x_wconf 68' lang='lat'><strong>16.</strong></span> 
     </span>
    </p>
   </div>
   <div class='ocr_carea' id='block_1_106' title="bbox 592 5664 1500 5746">
    <p class='ocr_par' dir='ltr' id='par_1_106' title="bbox 592 5664 1500 5746">
     <span class='ocr_line' id='line_1_106' title="bbox 592 5664 1500 5746; baseline 0.014 -29"><span class='ocrx_word' id='word_1_858' title='bbox 592 5664 669 5746; x_wconf 96' lang='lat'><strong>)</strong></span> <span class='ocrx_word' id='word_1_859' title='bbox 703 5665 883 5746; x_wconf 59' lang='lat' dir='ltr'><strong>godex</strong></span> <span class='ocrx_word' id='word_1_860' title='bbox 911 5669 1182 5746; x_wconf 79' lang='lat' dir='ltr'><strong>Vatican.,</strong></span> <span class='ocrx_word' id='word_1_861' title='bbox 1210 5677 1500 5746; x_wconf 80' lang='grc' dir='ltr'>καύχησιν.</span> 
     </span>
    </p>
   </div>
   <div class='ocr_carea' id='block_1_107' title="bbox 2192 5036 3769 5110">
    <p class='ocr_par' dir='ltr' id='par_1_107' title="bbox 2192 5036 3769 5110">
     <span class='ocr_line' id='line_1_107' title="bbox 2192 5036 3769 5110; baseline -0.001 -19"><span class='ocrx_word' id='word_1_862' title='bbox 2192 5036 2288 5107; x_wconf 80' lang='grc' dir='ltr'><strong>τήν</strong></span> <span class='ocrx_word' id='word_1_863' title='bbox 2318 5037 2532 5108; x_wconf 83' lang='grc' dir='ltr'>ἀπάτην</span> <span class='ocrx_word' id='word_1_864' title='bbox 2561 5036 2913 5109; x_wconf 87' lang='grc' dir='ltr'>καθαρεύειν,</span> <span class='ocrx_word' id='word_1_865' title='bbox 2944 5039 2976 5110; x_wconf 80' lang='grc' dir='ltr'>ἢ</span> <span class='ocrx_word' id='word_1_866' title='bbox 3007 5038 3068 5091; x_wconf 79' lang='grc' dir='ltr'>τὸ</span> <span class='ocrx_word' id='word_1_867' title='bbox 3094 5038 3297 5110; x_wconf 83' lang='grc' dir='ltr'>ἀληθὲς</span> <span class='ocrx_word' id='word_1_868' title='bbox 3322 5037 3638 5106; x_wconf 74' lang='grc' dir='ltr'>ἐγνωκέναι,</span> <span class='ocrx_word' id='word_1_869' title='bbox 3673 5036 3769 5089; x_wconf 75' lang='grc' dir='ltr'>καὶ</span> 
     </span>
    </p>
   </div>
   <div class='ocr_carea' id='block_1_108' title="bbox 2188 5124 3766 5199">
    <p class='ocr_par' dir='ltr' id='par_1_108' title="bbox 2188 5124 3766 5199">
     <span class='ocr_line' id='line_1_108' title="bbox 2188 5124 3766 5199; baseline -0.001 -19"><span class='ocrx_word' id='word_1_870' title='bbox 2188 5129 2247 5181; x_wconf 79' lang='grc' dir='ltr'>ἒν</span> <span class='ocrx_word' id='word_1_871' title='bbox 2267 5126 2508 5182; x_wconf 78' lang='grc' dir='ltr'>ἐλάττονι</span> <span class='ocrx_word' id='word_1_872' title='bbox 2531 5129 2808 5197; x_wconf 88' lang='grc' dir='ltr'>γεγονέναι</span> <span class='ocrx_word' id='word_1_873' title='bbox 2827 5127 2905 5199; x_wconf 82' lang='grc' dir='ltr'><strong>τῷ</strong></span> <span class='ocrx_word' id='word_1_874' title='bbox 2921 5128 3028 5182; x_wconf 85' lang='grc' dir='ltr'><strong>τῶν</strong></span> <span class='ocrx_word' id='word_1_875' title='bbox 3043 5128 3286 5199; x_wconf 86' lang='grc' dir='ltr'>διγάμων</span> <span class='ocrx_word' id='word_1_876' title='bbox 3304 5127 3559 5198; x_wconf 86' lang='grc' dir='ltr'>τάγματι.</span> <span class='ocrx_word' id='word_1_877' title='bbox 3582 5124 3766 5179; x_wconf 84' lang='grc' dir='ltr'>Τοιοῦ-</span> 
     </span>
    </p>
   </div>
   <div class='ocr_carea' id='block_1_109' title="bbox 2188 5217 3762 5291">
    <p class='ocr_par' dir='ltr' id='par_1_109' title="bbox 2188 5217 3762 5291">
     <span class='ocr_line' id='line_1_109' title="bbox 2188 5217 3762 5291; baseline -0.001 -20"><span class='ocrx_word' id='word_1_878' title='bbox 2188 5217 2278 5271; x_wconf 83' lang='grc' dir='ltr'><strong>τόν</strong></span> <span class='ocrx_word' id='word_1_879' title='bbox 2306 5236 2358 5272; x_wconf 89' lang='grc' dir='ltr'><strong>τι</strong></span> <span class='ocrx_word' id='word_1_880' title='bbox 2381 5220 2634 5291; x_wconf 79' lang='grc' dir='ltr'>εὑρήσεις</span> <span class='ocrx_word' id='word_1_881' title='bbox 2658 5221 2752 5273; x_wconf 75' lang='grc' dir='ltr'>καὶ</span> <span class='ocrx_word' id='word_1_882' title='bbox 2772 5220 2863 5272; x_wconf 82' lang='grc' dir='ltr'>ὲπί</span> <span class='ocrx_word' id='word_1_883' title='bbox 2884 5235 3043 5274; x_wconf 85' lang='grc' dir='ltr'>τινων</span> <span class='ocrx_word' id='word_1_884' title='bbox 3069 5219 3380 5274; x_wconf 80' lang='grc' dir='ltr'>ἀσκούντων</span> <span class='ocrx_word' id='word_1_885' title='bbox 3402 5218 3498 5289; x_wconf 72' lang='grc' dir='ltr'><strong>τὴν</strong></span> <span class='ocrx_word' id='word_1_886' title='bbox 3519 5217 3762 5287; x_wconf 88' lang='grc' dir='ltr'>ἀγνείαν,</span> 
     </span>
    </p>
   </div>
   <div class='ocr_carea' id='block_1_110' title="bbox 2188 5306 3765 5382">
    <p class='ocr_par' dir='ltr' id='par_1_110' title="bbox 2188 5306 3765 5382">
     <span class='ocr_line' id='line_1_110' title="bbox 2188 5306 3765 5382; baseline 0.001 -22"><span class='ocrx_word' id='word_1_887' title='bbox 2188 5310 2282 5361; x_wconf 76' lang='grc' dir='ltr'>καὶ</span> <span class='ocrx_word' id='word_1_888' title='bbox 2310 5308 2408 5379; x_wconf 81' lang='grc' dir='ltr'>τὴν</span> <span class='ocrx_word' id='word_1_889' title='bbox 2451 5309 2796 5381; x_wconf 86' lang='grc' dir='ltr'>καθαρότητα</span> <span class='ocrx_word' id='word_1_890' title='bbox 2836 5311 2933 5381; x_wconf 78' lang='grc' dir='ltr'><strong>τὴν</strong></span> <span class='ocrx_word' id='word_1_891' title='bbox 2967 5311 3221 5382; x_wconf 79' lang='grc' dir='ltr'>παντελῆ.</span> <span class='ocrx_word' id='word_1_892' title='bbox 3257 5310 3433 5363; x_wconf 88' lang='grc' dir='ltr'>Πολλὰ</span> <span class='ocrx_word' id='word_1_893' title='bbox 3473 5309 3519 5363; x_wconf 81' lang='grc' dir='ltr'><strong>δ’</strong></span> <span class='ocrx_word' id='word_1_894' title='bbox 3562 5308 3627 5363; x_wconf 83' lang='grc' dir='ltr'>ἂν</span> <span class='ocrx_word' id='word_1_895' title='bbox 3667 5306 3765 5362; x_wconf 74' lang='grc' dir='ltr'>καὶ</span> 
     </span>
    </p>
   </div>
   <div class='ocr_carea' id='block_1_111' title="bbox 2188 5398 3762 5475">
    <p class='ocr_par' dir='ltr' id='par_1_111' title="bbox 2188 5398 3762 5475">
     <span class='ocr_line' id='line_1_111' title="bbox 2188 5398 3762 5475; baseline 0.001 -22"><span class='ocrx_word' id='word_1_896' title='bbox 2188 5398 2321 5453; x_wconf 77' lang='grc' dir='ltr'>ἄλλα</span> <span class='ocrx_word' id='word_1_897' title='bbox 2353 5401 2604 5474; x_wconf 84' lang='grc' dir='ltr'>εὑρεθείη</span> <span class='ocrx_word' id='word_1_898' title='bbox 2638 5403 2778 5457; x_wconf 82' lang='grc' dir='ltr'>κατὰ</span> <span class='ocrx_word' id='word_1_899' title='bbox 2807 5403 3025 5475; x_wconf 85' lang='grc' dir='ltr'>ἀπάτην</span> <span class='ocrx_word' id='word_1_900' title='bbox 3055 5401 3146 5472; x_wconf 84' lang='grc' dir='ltr'>ἀφ’</span> <span class='ocrx_word' id='word_1_901' title='bbox 3174 5401 3332 5474; x_wconf 83' lang='grc' dir='ltr'>ἡμῶν</span> <span class='ocrx_word' id='word_1_902' title='bbox 3359 5401 3643 5473; x_wconf 85' lang='grc' dir='ltr'>γενόμενα,</span> <span class='ocrx_word' id='word_1_903' title='bbox 3667 5399 3762 5455; x_wconf 72' lang='grc' dir='ltr'>καὶ</span> 
     </span>
    </p>
   </div>
   <div class='ocr_carea' id='block_1_112' title="bbox 592 5733 2294 5827">
    <p class='ocr_par' dir='ltr' id='par_1_112' title="bbox 592 5733 2294 5827">
     <span class='ocr_line' id='line_1_112' title="bbox 592 5733 2294 5827; baseline 0.014 -39"><span class='ocrx_word' id='word_1_904' title='bbox 592 5739 666 5808; x_wconf 70' lang='lat'><strong>(:2)</strong></span> <span class='ocrx_word' id='word_1_905' title='bbox 710 5733 836 5790; x_wconf 74' lang='lat' dir='ltr'><strong>Post</strong></span> <span class='ocrx_word' id='word_1_906' title='bbox 870 5741 1129 5811; x_wconf 76' lang='grc' dir='ltr'>παρόντος</span> <span class='ocrx_word' id='word_1_907' title='bbox 1155 5733 1293 5800; x_wconf 77' lang='lat' dir='ltr'><strong>addo</strong></span> <span class='ocrx_word' id='word_1_908' title='bbox 1323 5733 1445 5800; x_wconf 65' lang='lat' dir='ltr'>Ed...</span> <span class='ocrx_word' id='word_1_909' title='bbox 1474 5750 1740 5804; x_wconf 78' lang='lat' dir='ltr'><strong>Gbislcrio</strong></span> <span class='ocrx_word' id='word_1_910' title='bbox 1771 5752 1862 5804; x_wconf 70' lang='grc' dir='ltr'>καὶ</span> <span class='ocrx_word' id='word_1_911' title='bbox 1885 5754 1961 5815; x_wconf 81' lang='grc' dir='ltr'><strong>εἰς</strong></span> <span class='ocrx_word' id='word_1_912' title='bbox 1987 5753 2053 5811; x_wconf 68' lang='grc' dir='ltr'><strong>τὸ.</strong></span> <span class='ocrx_word' id='word_1_913' title='bbox 2085 5755 2294 5827; x_wconf 76' lang='grc' dir='ltr'>μέλλον.</span> 
     </span>
    </p>
   </div>
  </div>
