4218 6292
475 342 582 398 εοο

1626 341 1692 396 ΙΝ
1726 336 2073 398 ειΕῐὶΕὩΔΙ
2108 338 2396 395 HOMILIA
2434 340 2575 397 XIX.

3600 329 3706 387 516

472 461 781 533 ὠφελοῦντα
807 462 970 532 ἡμᾶς.
1004 461 1170 515 Πόσοι
1192 460 1248 514 δὲ
1282 459 1626 533 νομιζόμενοι
1653 463 1831 532 σοφοὶ,
1855 461 2018 533 εὗρόν

2090 459 2432 518 Ldescondat
2465 463 2806 532 bigamoruin
2840 458 3039 514 locum.
3073 456 3201 513 Tale
3232 456 3509 529 quidpiam
3541 469 3600 512 re
3613 465 3705 525 pe-

460 565 565 614 »τις
599 549 658 603 τὸ
687 549 814 619 περὶ
844 549 1119 613 κολάσεως
1162 551 1380 621 ἀληθὲς,
1417 552 1513 605 καὶ
1542 551 1841 617 διελθόντες
1876 551 2018 622 δῆθεη

2136 548 2432 603 riesaiau
2472 548 2526 602 in
2554 548 2887 618 quibusdam
2931 546 3024 616 qui
3063 547 3366 602 castitatem
3408 547 3614 610 colunt,
3644 555 3701 601 et

416 666 423 675 -
471 640 540 694 τὰ
567 641 661 708 τῆς
686 639 920 711 ἀπάτης,
946 641 1008 693 ὲν
1034 641 1238 713 χείρονι
1266 643 1521 711 γεγόνασι
1558 643 1685 714 βίῳ;
1703 643 2030 697 Ἐλυσιτὲλει

466 732 656 792 αὐτοὺς
708 733 955 801 φρονεῖν,
999 731 1075 795 ὡς
1121 732 1383 805 ἐφρόνουν
1421 734 1706 806 πρότερον,
1760 734 2030 807 περὶτοῦ,

2134 639 2428 709 perfectam
2452 641 2766 712 puritatem.
2798 638 2965 694 llulta
2990 640 3115 693 item
3147 638 3250 693 alia
3271 644 3506 708 reperies
3525 655 3646 709 quae
3666 655 3697 694 a

2133 730 2291 787 nobis
2332 731 2485 797 fiunt,
2532 730 2774 800 dect-.st
2819 728 3066 799 quid“.
3116 728 3215 782 sed
3267 726 3335 781 ad
3387 727 3693 785 utilitatem.

459 821 496 873 ὁ
517 817 767 888 σκώληξ
793 820 995 875 αὐτῶν
1037 824 1115 878 οὐκ
1157 823 1523 891 τελευτήσει,
1564 829 1663 881 καὶ
1697 829 1787 882 ὅτι
1815 828 1881 882 τὸ
1914 829 2018 896 sti};

2133 821 2275 889 Quot
2303 823 2442 876 inter
2472 823 2744 892 sapientes
2775 820 2967 885 habiti,
2996 818 3459 891 coguitaveritate
3484 819 3551 871 de
3577 834 3697 888 pue—

452 908 651 963 αὐτῶν
684 913 759 966 οὐ
793 914 1214 980 σϐεσθήσεται,
1246 916 1343 969 καὶ
1380 915 1469 970 ὅτι
1501 918 1746 973 ἔσονται
1774 921 1863 985 εις
1891 917 2030 987 ὅρα-

449 1015 552 1054 σιν
582 999 756 1071 πάσῃ
791 1005 973 1072 σαρκί
989 1020 1003 1035 ⁸
1038 1006 1130 1058 καὶ
1163 1004 1252 1060 ὅτι
1300 1006 1364 1061 τὸ
1400 1007 1628 1077 ἄχυρον
1656 1009 2030 1077 κατακαυθή-

448 1106 617 1144 σεται
648 1092 794 1160 πυρὶ
823 1093 1115 1160 ἀσϐέστῳ.
1159 1096 1284 1150 Ἐάν
1313 1097 1369 1150 δὲ
1398 1097 1524 1151 ἀλλο
1552 1116 1604 1151 τι
1635 1098 2029 1167 φαντασθέντες

449 1181 603 1253 παρὰ
650 1176 751 1256 τὴν
803 1184 1025 1258 πρώτην
1063 1188 1263 1251 αὐτῶν,
1312 1189 1369 1240 ὲν
1412 1183 1495 1251 οἷς
1546 1186 1797 1258 μέλλουσι
1831 1190 1906 1258 (1)
1935 1188 2026 1243 τοῦ

451 1273 682 1327 πλούτου
716 1275 815 1347 τῆς
844 1278 1209 1349 χρηστότητος
1244 1278 1340 1332 τοῦ
1378 1278 1514 1333 Θεοῦ
1564 1283 1660 1333 καῖ
1689 1280 1889 1351 ἀνοχῆς
1931 1282 2026 1335 καὶ

448 1364 550 1433 τῆς
599 1367 979 1439 μακροθυμίας
1016 1373 1397 1440 καταφρονεῖν,
1430 1371 1532 1439 δρα
1577 1373 1627 1423 εί
1679 1373 1753 1442 μὴ
1811 1371 2025 1442 ἀληθῶς

448 1453 537 1508 διὰ
579 1454 757 1522 τοῦτο,
804 1459 925 1511 ἐπεὶ
980 1459 1054 1532 μὴ
1113 1460 1301 1527 ἔδοξαν
1344 1462 1678 1534 ἡπατῆσθαι,
1734 1461 2025 1534 ἐθησαύρι-

451 1563 551 1599 σαν
575 1549 759 1611 αὐτοῖς
795 1549 961 1621 ὀργὴν
999 1552 1056 1605 ὲν
1082 1552 1264 1623 ἡμέρα
1289 1552 1458 1625 ὀργῆς
1498 1556 1592 1608 καὶ
1629 1555 2023 1625 ἀποκαλύψεως

448 1638 541 1690 καὶ
581 1638 975 1710 δικαιοκρισίας
1016 1642 1108 1695 τοῦ
1146 1643 1316 1708 Θεοῦ,
1349 1645 1449 1699 οὐκ
1492 1645 1558 1699 ἂν
1590 1646 2019 1719 θησαυρίσαντες

447 1727 497 1778 εί
541 1728 921 1800 ἠπατήθησαν.
964 1731 1147 1785 Ταῦτα
1188 1732 1275 1788 διὰ
1321 1735 1417 1806 τὴν
1452 1737 1558 1791 ἀπὸ
1597 1737 1730 1791 Θεοῦ
1778 1739 2014 1811 ἀπάτην,

2130 917 2218 969 nis
2259 921 2312 968 et
2350 930 2536 969 errore
2581 915 2841 985 depulso,
2883 914 3119 984 pejorem
3163 912 3328 966 vitam
3360 909 3699 981 moti

2124 1005 2475 1062 Praestitisset
2507 1008 2653 1077 ipsos
2685 1006 2904 1071 sentire,
2952 1006 3029 1059 uti
3080 1005 3230 1073 prius
3278 1002 3581 1058 sentiebant
3619 1000 3696 1057 de

2127 1096 2292 1152 istis:
2334 1096 2532 1151 Verulis
2572 1112 2753 1151 eorum
2798 1112 2899 1149 non
2946 1096 3218 1161 morietur,
3260 1104 3307 1147 et
3346 1094 3480 1163 ignis
3513 1107 3694 1146 eam

2128 1204 2230 1242 non
2257 1190 2697 1259 exstinguetur,et
2714 1199 2870 1242 erunt
2900 1188 2955 1240 in
2994 1186 3244 1240 visionem
3276 1185 3418 1239 omni
3444 1183 3592 1237 carni
3613 1182 3693 1249 ης

2082 1272 2093 1285 “
2126 1293 2220 1338 et:
2262 1282 2437 1337 Patere
2488 1281 2857 1336 comburentur
2914 1280 3026 1351 igni
3064 1276 3489 1348 inexstinguibili
3515 1277 3581 1331 ⁷³.
3633 1276 3693 1330 Si

2124 1390 2302 1430 autem
2336 1375 2481 1430 aliud
2520 1373 2798 1445 quidpiam
2842 1387 3007 1442 quam
3048 1379 3207 1425 antea
3253 1369 3586 1440 cogitabant,
3630 1369 3690 1421 in

2122 1468 2362 1521 animum
2400 1466 2501 1521 sibi
2539 1465 2878 1529 inducentes,
2927 1462 3143 1517 divitias
3181 1457 3595 1522 bonitatisDei,
3632 1465 3693 1512 et

2119 1558 2412 1627 patientiae,
2459 1565 2514 1611 et
2561 1553 2988 1626 longanimitatis
3039 1551 3344 1620 despecturi
3386 1560 3535 1613 sunt,
3570 1549 3693 1603 vide

2119 1662 2297 1701 annon
2331 1662 2474 1709 vere,
2508 1653 2793 1715 prepterea
2838 1643 2984 1713 quod
3027 1658 3137 1696 non
3177 1642 3276 1696 \‘isi
3317 1649 3445 1696 sunt
3491 1640 3685 1709 decipi,

2118 1739 2608 1796 thesaurizaverint
2642 1738 2744 1793 sibi
2776 1737 2911 1791 iram
2947 1736 3000 1789 in
3031 1735 3118 1789 die
3144 1735 3237 1788 iraa
3260 1741 3314 1787 et
3345 1732 3690 1787 revelationis

445 1815 566 1871 ἐπεὶ
592 1816 743 1874 εἶπεν
775 1822 803 1873 6
848 1824 1157 1896 προφήτης·
1205 1800 1540 1895 Ἠπάέησάς
1558 1847 1655 1898 με,
1686 1832 1881 1898 Κύριε,
1915 1800 2015 1884 καί

2090 1831 2249 1900 'justi
2296 1829 2488 1897 judicii
2539 1827 2634 1881 Dei
2660 1829 2727 1894 ⁸ο,
2775 1840 3117 1896 nequaquam
3164 1823 3605 1885 thesaurizatnri,
3641 1823 3686 1875 si

441 1906 773 1978 ἠπατήθην.
806 1912 1171 1984 Παρέλθωμεν
1201 1916 1256 1969 δὲ
1290 1917 1394 1987 ἰδίᾳ
1423 1919 1516 1971 καὶ
1544 1919 1622 1983 τὸ,
1659 1920 2012 1987 Ἡπατήθην.

443 1997 544 2052 Διά
568 2000 621 2052 τί
651 2000 751 2052 οὐκ
783 1997 904 2055 εἶπε
937 2002 1112 2072 μόνον,
1154 2004 1491 2073 Ἡπάτησάς
1522 2025 1619 2076 με,
1652 2010 1846 2076 Κύριε,
1881 2009 2016 2062 ἀλλά

431 2089 754 2160 ’προσέθηκε
776 2092 870 2144 καὶ
890 2093 971 2155 τὸ,
1008 2095 1376 2162 Ἠπατήθην;
1406 2099 1591 2150 Ἔστιν
1618 2101 1786 2153 ἐνίοτε
1808 2102 2018 2171 ἐπινοῆ-

449 2194 540 2231 σαι
566 2178 628 2230 τὸ
647 2181 861 2251 ἀπατᾷν
890 2184 1216 2253 ὲνεργοῦντά
1243 2204 1361 2239 τινα
1383 2187 1480 2257 τὴν
1507 2189 1741 2259 ἀπάτην,
1773 2190 1930 2244 ἀλλον
1958 2191 2016 2244 δὲ

449 2265 852 2340 φυλασσόμενον
865 2271 1225 2344 ἀπατηθῆναι,
1239 2276 1331 2328 καὶ
1340 2277 1439 2328 οὐκ
1454 2274 1645 2329 ἀπατὼ
1652 2294 1829 2348 μενον.
1847 2281 2015 2332 Ὅταν

443 2354 502 2408 δὲ
544 2358 573 2409 6
608 2358 706 2429 μὲν
746 2360 1013 2434 ὲνεργὴσῃ
1048 2363 1109 2417 τὸ
1147 2365 1364 2437 ἀπατᾷν
1386 2405 1400 2430 ,
1449 2367 1477 2418 6
1522 2367 1579 2420 δὲ
1611 2368 1685 2439 μὴ
1717 2369 2013 2441 φυλάξηται

442 2446 807 2520 ἀπατηθῆναι,
847 2452 962 2505 ἀλλ’
999 2455 1214 2529 ἐμπέσῃ
1266 2458 1346 2521 είς
1367 2456 1464 2528 τὴν
1489 2458 1722 2531 ἀπάτην,
1755 2461 1897 2514 εῐποι
1925 2461 2008 2515 ἀν’

455 2536 788 2606 Ἐπάτησάς
816 2558 913 2609 με,
941 2543 1147 2611 Κύριε,
1176 2544 1275 2598 καὶ
1297 2546 1630 2614 ἡπατήθην.
1674 2546 1815 2617 Ἐγὼ
1839 2549 1894 2603 δὲ
1927 2566 2012 2619 γε-

427 2626 660 2701 ·λιόμευος
697 2631 837 2686 κατά
868 2633 959 2687 τὸν
985 2636 1168 2702 τόπον,
1204 2638 1298 2690 καὶ
1345 2636 1568 2692 τοιαῦτά
1603 2656 1723 2693 τινα
1767 2639 2005 2713 εἴποιμι·

446 2725 512 2776 'U
554 2723 650 2778 ἐὰν
681 2725 813 2798 λέγῃ
852 2744 940 2796 μοι
978 2728 1007 2780 6
1050 2726 1190 2795 ὄφις,
1227 2728 1330 2781 κᾶν
1359 2724 1533 2801 ἀληθῆ
1572 2747 1661 2801 μοι
1706 2731 1858 2806 λέγῃ,
1906 2732 2007 2786 κᾶν

426 2812 652 2884 ἀπατᾷν
685 2832 753 2885 με
778 2815 926 2889 θέλῃ,
952 2818 1238 2889 ὑφορῶμαι
1259 2819 1420 2873 αὐτοῦ
1447 2823 1572 2886 τοὺς
1595 2823 1805 2892 λόγους,
1825 2825 2008 2879 πειθό-

443 2920 622 2974 μενος,
652 2906 753 2971 δτι,
798 2907 908 2961 εἴτε
951 2908 1135 2980 ἀπατᾷ
1185 2928 1271 2981 με,
1316 2912 1423 2964 εἴτε
1470 2912 1741 2984 ἀληθεύει,
1784 2914 2006 2989 βλάπτει

441 3012 540 3067 με·
577 2997 671 3050 καὶ
701 3000 734 3068 ή
765 2998 991 3071 ἀλήθεια
1010 2999 1117 3071 γὰρ
1148 3001 1312 3054 αὑτοῦ
1348 3002 1609 3072 βλάπτειο
1630 3004 1781 3059 οὐδὲν
1812 3006 2006 3075 ὠφέλι-

441 3104 540 3156 μον
575 3088 684 3141 ἀπὸ
713 3088 808 3142 τοῦ
839 3089 1012 3160 όφεως
1041 3091 1247 3159 γίνεται
1266 3109 1280 3122 ο
1316 3094 1437 3147 ἐπεὶ
1472 3094 1557 3164 μὴ
1588 3094 1835 3150 δύναται
1873 3096 2006 3151 δέν-

436 3176 580 3246 δρον
612 3181 878 3249 πονηρὸν
909 3184 1174 3252 καρποὺς
1203 3186 1461 3255 ἀγαθοὺς
1486 3186 1770 3257 ἐνεγκεῖν.
1815 3189 1880 3242 ‘0
1909 3188 2004 3243 ἐὰν

436 3269 495 3324 δὲ
518 3270 649 3344 λέγῃ
681 3274 817 3343 μοιὸ
837 3274 987 3338 Θεὸς,
1019 3278 1113 3330 καὶ
1134 3278 1411 3348 πείθομαι,
1440 3279 1523 3332 ὅτι
1546 3279 1676 3342 Θεός
1698 3281 1843 3335 ἐστιν
1867 3282 1895 3333 6
1918 3280 2006 3335 λέ-

436 3378 567 3431 γων,
597 3363 815 3434 ἕτοιμός
852 3367 965 3436 εἰμι
995 3366 1251 3438 παρέχειν
1278 3369 1534 3440 ἐμαυτόν.
1584 3370 1880 3441 Ἀληθεύει,
1914 3372 2003 3425 δέ-

435 3469 621 3523 χομαι.
674 3454 913 3526 Ἀπατᾷν
946 3474 1011 3527 με
1043 3457 1308 3531 βούλεται,
1336 3458 1475 3513 ἑκὼν
1508 3461 1826 3533 ἀπατῶμαι,
1873 3462 2004 3525 Θεός

422 3559 504 3614 ’με
547 3546 705 3614 μόνος
743 3546 1033 3600 ἀπατάτωο
1079 3548 1171 3601 καὶ
1202 3550 1323 3602 ἐπεὶ
1349 3552 1573 3620 παρέχω
1593 3553 1846 3623 ἐμαυτὸν,
1880 3569 2002 3607 πει-

436 3636 659 3707 θόμενος
680 3635 811 3690 Θεὸν
844 3632 980 3691 εἶναι
1011 3638 1102 3691 τὸν
1133 3639 1380 3709 λέγοντα,
1417 3642 1511 3694 καὶ
1540 3635 1879 3705 ἀπατᾶσθαι,
1909 3645 2001 3697 καὶ

433 3728 493 3780 οὐ
521 3728 973 3799 περιεργάξομαι,
1002 3729 1140 3783 θέλω
1174 3729 1529 3801 ἀπατώμενος
1589 3734 1663 3805 μὴ
1708 3737 1797 3788 ὑπ’
1842 3736 1999 3789 ἄλλου

434 3817 548 3874 ἀλλ’
583 3819 686 3871 ὑπὸ
713 3817 805 3871 τοῦ
830 3817 963 3872 Θεοῦ
994 3819 1360 3889 ἀπατηθῆναι.
1387 3820 1485 3873 Διά
1505 3821 1663 3875 τοῦτο
1700 3823 1860 3893 λέγω,
1895 3825 1997 3891 ὅτι,

434 3908 508 3961 Οὐ
536 3909 692 3979 μόνον
713 3910 777 3961 σὺ
801 3911 1106 3981 ὲνήργησας
1129 3911 1190 3962 τὸ
1216 3911 1453 3981 ἀπατᾷν,
1483 3912 1595 3965 ἀλλ’
1619 3914 1701 3967 ὃτι
1730 3915 1883 3984 κάγὼ
1905 3917 2000 3970 πέ-

422 3999 607 4054 πονθα
640 4001 698 4054 τὸ
725 4001 829 4055 ὑπὸ
855 4001 950 4055 σοῦ
977 4000 1312 4055 ἀπατᾶσθαι·
1361 4004 1455 4056 καὶ
1488 4005 1626 4058 κατὰ
1651 4009 1807 4061 τοῦτο
1833 4007 1995 4075 λέγω,

429 4091 533 4155 δτι,
574 4092 917 4160 Ἠπάτησὰς
953 4110 1051 4162 με,
1095 4095 1289 4163 Κύριε,
1324 4093 1422 4148 καί
1465 4096 1798 4164 ὴπατήθην.
1848 4099 1911 4149 Τί
1942 4098 1998 4150 δὲ

433 4183 818 4254 ἀκολουθεῖτῷ
856 4186 946 4238 τὸν
978 4185 1108 4238 Θεὸν
1141 4181 1279 4241 εἶναι
1308 4188 1623 4250 ἀπατῶντα,
1659 4189 1754 4242 καὶ
1792 4189 1995 4259 ἀνθρω-

432 4291 532 4331 πον
562 4270 698 4329 εἶναι
735 4276 826 4329 τὸν
854 4276 1241 4348 ἀπατώμενονς
1300 4278 1689 4348 Ἔκράτησας,
1731 4280 1828 4333 καὶ
1865 4280 1999 4334 ἐδυ-

428 4365 681 4435 νάσθης.
719 4368 850 4421 Τότε
877 4385 942 4438 με
966 4372 1173 4439 κρατεῖ,
1202 4369 1296 4424 ὲάν
1328 4387 1397 4441 με
1431 4373 1551 4424 κατ’
1592 4371 1763 4443 ἀρχὰς
1792 4371 1873 4424 ἔτι
1905 4374 1999 4443 νή-

2121 1922 2356 1977 fuissent
2382 1921 2609 1989 decepti.
2656 1919 2833 1988 Atque
2882 1919 2996 1972 haec
3036 1916 3103 1970 de
3142 1932 3202 1970 ea
3250 1931 3370 1986 qua:
3412 1932 3442 1970 a
3483 1915 3594 1971 Deo
3631 1917 3689 1969 fit

2124 2011 2334 2079 fraude,
2372 2011 2629 2080 quoniam
2658 2009 2794 2063 dixit
2826 2007 3086 2077 propheta
3114 2024 3127 2061 :
3160 2005 3414 2074 Decepiin
3444 2022 3543 2070 me,
3581 2004 3689 2057 Do-

2122 2104 2280 2167 mine,
2306 2110 2355 2153 et
2382 2100 2624 2167 deceptus
2653 2113 2788 2151 sum.
2814 2095 3055 2149 Breviter
3084 2094 3439 2162 dispiciamus
3470 2109 3688 2162 separa-

2122 2193 2217 2248 tim
2244 2192 2408 2246 etiam
2439 2190 2579 2245 istud
2608 2206 2626 2243 :
2657 2189 2913 2257 Deceptus
2941 2203 3078 2241 sunt.
3112 2184 3225 2240 Cur
3259 2200 3366 2238 non
3395 2184 3531 2238 dixit
3564 2193 3689 2238 tas.-

2121 2293 2235 2339 tum
2262 2300 2276 2337 :
2312 2281 2573 2350 Decepisti
2605 2297 2704 2347 me,
2734 2278 2977 2342 Domine,
3007 2277 3101 2333 sed
3138 2276 3344 2331 addidit
3378 2294 3391 2331 :
3432 2276 3687 2346 Deceptus

2119 2375 2281 2428 sum?
2328 2371 2604 2426 Interdum
2653 2371 2779 2426 licet
2818 2370 3004 2423 animo
3048 2368 3332 2437 concipere
3374 2368 3684 2438 quempiam

2117 2465 2211 2535 qui
2247 2464 2496 2533 decipere
2524 2463 2800 2529 moliatur,
2826 2461 2993 2515 alium
3022 2473 3152 2514 vero
3175 2458 3267 2528 qui
3298 2458 3401 2513 sibi
3434 2474 3465 2512 a
3493 2458 3683 2513 fraude

2118 2565 2305 2612 caveat
2333 2563 2387 2611 et
2419 2570 2525 2610 non
2549 2554 2866 2624 decipiatur.
2899 2552 3034 2607 Cum
3066 2551 3156 2606 ille
3186 2551 3429 2606 fraudem
3460 2566 3687 2620 parave-

2116 2649 2209 2713 rit,
2238 2648 2373 2702 alter
2396 2662 2525 2702 vero
2548 2647 2650 2701 sibi
2678 2660 2785 2701 non
2811 2644 3038 2710 caverit,
3065 2643 3157 2698 sed
3190 2643 3243 2697 in
3275 2641 3518 2696 fraudem
3547 2641 3684 2695 inci-

2113 2740 2274 2804 derit,
2299 2747 2428 2794 tunc
2448 2738 2549 2793 iste
2569 2737 2981 2809 potestdicere:
3014 2733 3277 2803 Decepiin
3303 2749 3403 2798 me,
3436 2731 3681 2797 Domine,

2111 2842 2160 2887 et
2188 2832 2429 2901 deceptus
2458 2846 2593 2885 sum.
2630 2827 2743 2899 Ego
2766 2843 2894 2883 vero
2923 2828 3180 2898 quoniam
3211 2825 3355 2880 hunc
3381 2826 3563 2880 locum
3591 2836 3679 2878 at-

2110 2924 2228 2996 tigi,
2270 2922 2575 2980 istiusmodi
2604 2922 2849 2991 quaedam
2882 2919 3093 2974 dixero.
3135 2915 3508 2985 Quodcunque
3543 2915 3676 2970 mihi

2106 3014 2308 3070 dixerit
2341 3027 2587 3083 serpens,
2620 3026 2716 3066 seu
2751 3024 2936 3064 verum
2969 3008 3137 3075 dicat,
3167 3020 3262 3062 seu
3302 3005 3548 3074 decipere
3590 3012 3678 3059 me

2112 3105 2257 3172 velit,
2289 3107 2408 3176 ejus
2439 3105 2599 3160 verba
2624 3103 2755 3158 mihi
2785 3110 3037 3171 suspecta
3061 3107 3207 3165 sunt,
3235 3108 3419 3168 utpote
3443 3095 3530 3152 cui
3561 3109 3673 3165 perv

2106 3213 2332 3254 suasum
2353 3204 2438 3258 est
2460 3210 2606 3260 eum,
2636 3194 2750 3250 sive
2769 3192 3001 3261 decipiat
3028 3207 3134 3257 me,
3164 3191 3277 3246 sive
3295 3204 3481 3245 verum
3508 3187 3673 3253 dicat,

2105 3290 2239 3346 mihi
2271 3304 2501 3353 nocere;
2550 3302 2675 3341 nam
2723 3294 2779 3341 et
2824 3285 3023 3339 veritas
3051 3283 3170 3353 ejus
3200 3282 3359 3337 noxia
3390 3290 3474 3336 est
3499 3296 3513 3333 :
3538 3280 3677 3335 nihil

2103 3384 2247 3451 quod
2293 3380 2466 3450 prosit
2496 3393 2526 3433 a
2563 3385 2810 3447 serpente
2847 3377 2944 3442 tit;
2977 3373 3414 3443 quandoquidem
3445 3387 3546 3424 non
3573 3385 3671 3439 po-

2105 3481 2201 3527 test
2225 3472 2383 3525 arbor
2403 3470 2546 3523 mala
2577 3469 2781 3538 fructus
2809 3466 2968 3520 bonos
2992 3465 3129 3533 ferre
3150 3463 3217 3518 ⁸¹.
3248 3461 3518 3530 Quidquid
3545 3473 3675 3513 vero

2102 3561 2235 3615 mihi
2262 3560 2401 3614 dicat
2425 3561 2583 3624 Deus,
2604 3572 2725 3612 cum
2744 3556 2875 3610 mihi
2905 3566 3221 3624 persuasum
3243 3562 3325 3606 est
3349 3550 3515 3603 Deum
3540 3562 3662 3602 esse

2101 3651 2194 3719 qui
2222 3649 2372 3713 dicit,
2414 3656 2638 3719 paratus
2668 3662 2787 3703 sum
2809 3645 3084 3714 meipsum
3110 3642 3323 3697 dedere.
3353 3640 3515 3708 268
3537 3636 3671 3696 Vera

2100 3742 2265 3797 dicit?
2292 3740 2560 3810 Suscipio.
2595 3739 2850 3808 Decipere
2893 3752 2991 3804 me.
3012 3734 3162 3788 vult?
3183 3728 3670 3797 Lubensdecipior,

2099 3834 2391 3889 dummodo
2414 3832 2563 3888 solus
2590 3831 2731 3886 Deus
2758 3844 2844 3883 ine
2864 3826 3115 3896 decipiat.
3142 3823 3207 3875 Et
3232 3823 3356 3892 quia
3384 3836 3470 3874 me
3491 3821 3668 3889 ipsum

2099 3927 2273 3989 trado,
2301 3936 2483 3981 certus
2514 3923 2681 3977 Deum
2711 3936 2832 3977 esse
2852 3922 2943 3988 qtti
2970 3916 3230 3985 loquitur,
3263 3915 3395 3967 nihil
3419 3929 3552 3969 curo
3573 3914 3670 3967 de-

2099 4016 2224 4083 cipi.
2279 4015 2414 4067 Volo
2464 4028 2588 4066 cum
2635 4011 2901 4079 decipior,
2937 4022 2966 4060 a
3004 4005 3153 4059 nullo
3195 4003 3321 4069 alio,
3368 4005 3458 4060 sed
3493 4020 3523 4059 a
3557 4003 3670 4060 Deo

2097 4105 2291 4171 decipi.
2346 4104 2551 4158 Idcirco
2582 4103 2706 4156 dico
2753 4109 2804 4154 te
2848 4113 2956 4153 non
3005 4099 3181 4153 solum
3222 4105 3500 4167 operatum
3547 4111 3673 4159 esse

2099 4196 2367 4259 fraudem,
2403 4194 2497 4248 sed
2529 4207 2649 4247 eam
2685 4206 2773 4245 me
2822 4204 3040 4260 quoque
3084 4204 3112 4242 a
3164 4200 3214 4243 te
3257 4191 3402 4243 ultro
3441 4204 3698 4258 passume

2097 4301 2250 4344 esse:
2278 4294 2330 4339 et
2362 4286 2461 4338 hoc
2492 4298 2656 4338 sensu
2691 4280 2815 4336 dico
2842 4299 2855 4335 :
2886 4281 3146 4348 Decepisti
3184 4296 3283 4343 me,
3329 4279 3571 4344 Domine,
3613 4288 3667 4334 et

2098 4378 2338 4445 deceptus
2359 4390 2496 4428 sum.
2526 4372 2667 4440 Quid
2695 4388 2860 4444 porro
2884 4374 3132 4442 sequitur
3159 4387 3225 4426 ex
3253 4385 3320 4426 eo
3350 4370 3494 4441 quod
3520 4369 3665 4423 Deus

430 4475 556 4512 πιον
599 4461 678 4536 ὲν..
714 4459 933 4531 Χριστῷ
978 4461 1252 4534 ἀπατήσῃ,
1302 4464 1397 4517 καὶ
1438 4465 1717 4536 κρατήσας
1761 4463 1998 4518 δύναται.

2105 4468 2355 4536 decipiat,
2388 4476 2441 4521 et
2468 4466 2630 4519 homo
2656 4462 3314 4535 decipiatur'bObtinuisti
3342 4471 3389 4515 et
3417 4461 3659 4531 potuisti.

440 4549 567 4603 Ἐάν
590 4549 647 4602 δὲ
668 4534 750 4620 μὴ
776 4554 1074 4623 κρατήσῃς,
1097 4553 1217 4605 τότε
1247 4571 1335 4626 μοι
1364 4534 1519 4626 χρεία
1550 4556 1746 4610 πόνων.
1792 4556 1923 4625 Ἐλιρ
1947 4557 1997 4610 ἰ-

427 4646 640 4712 τησας,
687 4643 783 4697 καί
823 4642 1184 4713 ἐδυνάσθης.

509 4914 667 4986 Ἑξῆς
695 4916 905 4981 τούτοις
927 4915 1099 4986 λέγει’
1143 4918 1462 4990 Ἐ’γενόμην
1485 4924 1571 4988 είς
1601 4922 1846 4993 rutam,
1876 4923 1990 4979 πᾶ-

426 5019 549 5060 σαν
589 5007 819 5076 ἡμέραν
855 5007 1166 5063 διετέλεσα
1205 5012 1722 5081 μυκτηριζόμενος.
1762 5014 1873 5066 Καὶ
1912 5015 1992 5079 είς

426 5094 611 5151 τοῦτον
641 5099 732 5152 τὸν
758 5100 923 5153 τόπον
951 5099 1122 5153 ταῦτα
1150 5100 1367 5171 ἢκουον,
1400 5103 1481 5156 ότι
1512 5104 1777 5175 Ἱερεμίας
1801 5105 1990 5174 γέγονε

427 5188 565 5267 κατά
605 5189 830 5260 χρόνους
863 5191 1364 5263 ἀμαρτωλοτάτωνο
1399 5194 1485 5247 ἐπ’
1520 5192 1685 5248 αὐτοῦ
1730 5195 1862 5264 γοῦν
1896 5198 1990 5267 γέ-

424 5293 579 5347 γονεν
631 5283 664 5352 ἡ
710 5282 1082 5353 αἰχμαλωσίαο
1118 5283 1210 5338 καὶ
1248 5283 1421 5349 οὕτως
1464 5280 1605 5357 ἦσαν
1657 5288 1987 5361 ἁμαρτωλοὶ,

425 5367 563 5426 ὥστε
593 5374 968 5447 μυκτηρίζειν,
998 5376 1092 5430 καὶ
1118 5377 1304 5449 γελᾷν,
1333 5377 1428 5431 καὶ
1454 5378 1753 5448 χλευάζειν,
1781 5382 1835 5435 ετ
1858 5400 1988 5437 ποτε

425 5461 453 5512 6
493 5464 777 5535 προφήτης
807 5465 867 5518 τὸ
896 5465 1177 5538 προοίμιον
1211 5467 1363 5536 ἔλεγε
1400 5467 1460 5521 τὸ
1505 5471 1861 5542 προφητικὸν,
1904 5472 1986 5542 τὸ,

499 5734 573 5806 (l)
610 5736 770 5798 Forte
792 5742 1070 5812 legendum
1107 5765 1119 5802 ε
1148 5747 1326 5805 αὐτῶν
1360 5749 1555 5823 οἴησιν,
1590 5755 1853 5824 (atumat.

509 5574 553 5605 ⁷⁸
578 5574 681 5632 lsa.
708 5594 850 5643 vat,
881 5580 970 5635 ‘24.
1058 5583 1104 5615 τ’
1128 5583 1315 5640 Matth.
1347 5600 1431 5651 tu,
1461 5586 1546 5640 12.
1622 5588 1667 5620 ⁸ο
1694 5588 1851 5650 Rom.
1885 5609 1947 5661 ιι,
1979 5591 2032 5648 5.

2098 4560 2252 4614 Tunc
2282 4575 2367 4613 me
2397 4558 2624 4624 obtinet,
2677 4559 2896 4628 quando
2939 4572 3026 4611 me
3070 4557 3123 4609 in
3175 4555 3444 4625 principio
3485 4554 3663 4608 adhuc

2095 4649 2353 4705 infantem
2388 4649 2440 4702 in
2471 4647 2691 4702 Christo
2719 4646 3010 4716 deceperit,
3059 4653 3114 4696 et
3141 4643 3435 4697 obtinendo
3462 4652 3657 4712 potest.

2097 4741 2153 4797 Si
2189 4750 2368 4795 autem
2399 4756 2506 4794 non
2537 4739 2861 4803 obtinueris,
2895 4746 3025 4790 tunc
3056 4736 3335 4791 laboribus
3364 4735 3498 4790 mihi
3522 4750 3660 4806 opus

2092 4841 2195 4888 est.
2224 4830 2584 4893 Obtinuisti,et
2625 4829 2864 4898 potuisti.

2166 4921 2219 4975 5.
2262 4919 2391 4974 Post
2421 4919 2536 4973 haec
2576 4918 2652 4971 ait
2671 4917 2716 4949 “
2741 4935 2754 4970 :
2785 4914 2986 4969 Factus
3014 4932 3127 4969 sum
3157 4917 3211 4969 in
3248 4917 3500 4976 derisum.
3544 4924 3659 4973 tota

2094 5013 2179 5067 die
2202 5010 2520 5081 perseveravi
2548 5008 2919 5062 subsanuatus.
2952 5005 3008 5061 lu
3044 5007 3188 5063 hunc
3223 5023 3439 5077 quoque
3477 5008 3657 5064 locum

2096 5104 2211 5160 haec
2241 5104 2441 5170 audivi,
2474 5100 2760 5156 Jeremiam
2800 5098 2969 5154 fuisse
3012 5101 3345 5168 temporibus
3377 5098 3659 5168 iuiqnissi~

2095 5209 2307 5249 morum
2340 5195 2654 5258 hominum;
2690 5191 2792 5247 sub
2827 5190 2947 5259 ipso
2976 5191 3138 5260 igitur
3171 5192 3457 5261 captivitas
3484 5190 3658 5244 conti-

2094 5288 2192 5355 git,
2230 5295 2283 5342 et
2316 5301 2380 5341 eo
2419 5284 2720 5355 iniquitatis
2750 5284 3096 5347 devenerant,
3140 5293 3199 5337 ut
3238 5285 3655 5347 subsannarent,

2093 5379 2421 5442 deriderent,
2462 5376 2806 5446 ludibrioque
2854 5376 3135 5440 haberent,
3184 5376 3228 5430 si
3270 5375 3488 5444 quando
3525 5388 3656 5444 pron

2093 5472 2255 5542 pheta
2287 5468 2619 5539 prooemium.
2645 5469 2936 5523 adhibebat
2978 5466 3352 5536 prepheticum
3392 5466 3535 5522 istud
3559 5467 3607 5499 ⁸⁸
3636 5481 3655 5528 ι

2108 5591 2150 5622 ⁸⁸
2178 5587 2364 5642 Matth.
2392 5601 2486 5652 vn,
2516 5586 2602 5644 18.
2699 5587 2744 5619 "
2782 5585 2981 5643 Jerein.
3015 5601 3103 5653 xx,
3136 5580 3186 5640 7.
3262 5585 3308 5618 ⁸³
3341 5584 3503 5658 ιωα..
3540 5599 3623 5657 lx,
