4218 6292
515 344 613 401 5H

1954 353 2001 409 Ο
2012 353 2286 411 RlGENlS

3663 366 3774 422 51‘!

520 457 652 513 Hice
681 457 808 512 dicit
837 457 1108 514 Dominus.
1137 457 1434 516 lrridehant
1456 462 1760 535 audientes,
1786 474 1841 522 et
1861 467 2088 525 subsau-
2119 477 2134 530 Λ

2196 470 2341 527 Τάδε
2388 472 2549 543 λέγει
2600 471 2832 539 Κύριος.
2913 473 3143 541 Ἐγέλων
3203 473 3252 526 οἱ
3308 473 3619 541 ἀκούοντες,
3674 483 3774 534 καὶ

518 556 725 612 nabant
765 569 886 625 quae
925 554 1264 611 dicebantur.
1303 555 1407 623 Qui
1441 557 1703 630 deceptus
1748 560 1945 627 fuerat,
1999 563 2088 618 cui

518 646 672 702 fraus
722 645 935 701 utilitati
982 643 1178 715 fuerat,
1222 649 1510 705 verebatur
1539 653 1721 709 dicere
1752 673 1766 708 :
1803 654 1931 710 Iltrc
1959 656 2090 709 dicit

523 735 793 790 Dominus.
819 732 1185 800 Quamobrem
1219 746 1270 793 et
1298 739 1412 808 ipse
1439 742 1626 798 volens
1647 745 1897 814 decipere
1923 754 1978 801 et
1998 747 2085 802 de-

517 821 765 892 cipiendo
821 822 1110 880 utilitatem
1151 829 1450 898 percipere,
1503 833 1725 889 aiebat:
1775 834 1924 891 Meos
1975 851 2091 891 ser-

514 928 704 969 mones
742 929 990 985 propono
1033 918 1210 984 vobis,
1247 922 1504 991 quoniam
1551 940 1831 981 sermones
1873 927 2089 982 Domini

515 1017 622 1056 non
668 1002 895 1059 auditis.
938 1003 1262 1063 Praebebam
1297 1011 1491 1067 deinde
1524 1013 1597 1067 illi
1633 1031 1794 1070 aures
1830 1024 2089 1086 tanquam

515 1093 862 1150 sermonibus
895 1093 1167 1165 Jeremiaa,
1209 1106 1264 1154 et
1300 1101 1462 1156 verba
1495 1102 1588 1158 Dei
1622 1105 1931 1160 audiebant.
1964 1106 2089 1165 Haec

515 1182 647 1239 mihi
672 1185 884 1241 dicebat
910 1190 1002 1258 qui
1040 1189 1185 1245 hunc
1216 1192 1394 1247 locum
1424 1195 1731 1260 enarrabat,
1767 1197 2088 1253 examinans

514 1275 780 1342 protemia
812 1284 867 1330 et
916 1278 1319 1347 prophetiarum
1370 1283 1543 1337 initia.
1590 1282 1894 1354 Prophetiae
1924 1287 2088 1357 igitur

512 1362 764 1420 Ieremia:
812 1366 1028 1422 initium
1078 1372 1366 1440 apud'nos
1417 1375 1639 1445 quidem
1686 1377 1788 1432 tale
1818 1387 1903 1433 est
1928 1380 2087 1449 quale

514 1458 771 1513 exhibent
800 1459 1273 1534 Septuaginta,qui
1307 1469 1490 1523 nescio
1518 1470 1645 1539 quid
1681 1471 1734 1525 in
1767 1481 1947 1527 mente
1984 1473 2086 1529 ha—

516 1547 728 1603 buerinl
755 1567 880 1606 eum
917 1555 1252 1608 verterunt“
1282 1576 1295 1611 :
1336 1556 1559 1614 Verbum
1591 1560 1686 1614 Dei
1712 1562 1850 1632 quod
1885 1564 2085 1632 factum

515 1648 592 1693 est
620 1641 689 1694 ad
711 1640 998 1697 Jeremiam
1034 1645 1206 1713 ﬁlium
1233 1646 1458 1705 Cltelcitc
1485 1650 1550 1706 de
1578 1653 1960 1718 sacerdotibus,
1988 1655 2084 1711 sed

517 1732 574 1785 in
613 1741 757 1786 textu
803 1733 1069 1789 Hebraico
1108 1746 1162 1792 et
1196 1739 1419 1809 reliquis
1451 1743 1776 1800 cditionibus
1809 1746 2037 1802 habetur
2067 1766 2081 1802 :

2196 562 2559 634 ὲμυκτήριξον
2610 562 2678 617 τὰ
2725 562 3009 634 λεγόμενα.
3079 562 3410 634 Ἐφυλὰξατο
3456 566 3633 621 εἰπεῖν
3677 569 3768 635 τὸ,
3842 576 3847 579 ‘

2201 652 2346 708 Τάδε
2373 655 2536 725 λέγει
2572 655 2808 723 Κύριος,
2839 657 2868 709 6
2897 653 3215 726 ἀπατηθεὶς,
3245 655 3339 708 καὶ
3364 652 3667 728 ὠφεληθεὶς
3706 660 3771 714 ἐκ

2194 744 2289 798 τοῦ
2334 745 2665 800 ἀπατᾶσθαι.
2701 747 2793 800 Διὸ
2831 748 2924 800 καὶ
2967 746 3148 810 αὐτὸς,
3184 745 3503 817 βουλόμενος
3552 747 3772 821 ἅπατᾷν

2195 836 2287 890 ἐπὶ
2302 836 2379 908 τῷ
2400 836 2728 908 ὠφελεῖσθαι
2751 840 2813 892 ὲκ
2832 837 2926 892 τοῦ
2953 839 3188 910 ἀπατᾷν,
3212 838 3414 906 ἔλεγεν,
3439 839 3543 903 ὅτι,
3575 840 3771 912 Ἐμοίις

2195 926 2325 998 ὑμῖν
2366 928 2544 995 λαλῶ,
2591 931 2712 984 ἐπεὶ
2750 932 2850 984 οὐκ
2898 930 3122 986 ἀκούετε
3167 927 3261 983 τοῦ
3298 929 3505 1002 Κυρίου
3554 929 3764 1000 λόγους.

2194 1012 2329 1072 Εἶτα
2373 1019 2571 1073 ἐκεῖνοι
2620 1024 2881 1094 παρεῖχον
2911 1020 3011 1085 τὰς
3050 1021 3239 1084 ἀκοὰς,
3277 1019 3354 1084 ὡς
3393 1020 3573 1090 λόγοις
3611 1021 3771 1095 Ἱερε-

2196 1104 2344 1175 μίου,
2379 1106 2473 1158 καὶ
2499 1106 2696 1177 ἤκουον
2718 1107 2891 1177 λόγων
2913 1107 3067 1161 Θεοῦ.
3105 1107 3290 1162 Ταῦτα
3313 1108 3371 1162 δέ
3407 1126 3507 1180 μοι-
3529 1110 3713 1180 ἔλεγεν
3738 1115 3770 1166 6

2194 1195 2519 1265 παραδιδούς
2553 1214 2642 1267 μοι
2666 1196 2758 1251 τὸν
2784 1198 2969 1263 τόπον,
2994 1196 3263 1265 ἐξετάζων
3290 1198 3359 1253 τὰ
3386 1201 3645 1273 προοίμια
3673 1204 3768 1257 καὶ

2190 1285 2292 1350 τὰς
2325 1288 2499 1358 ἀρχὰς
2537 1289 2646 1342 τῶν
2679 1276 3040 1363 προφητειῶν.
3073 1292 3228 1345 Ἔστι
3266 1292 3445 1347 τοίνυν
3489 1295 3583 1348 καὶ
3623 1295 3767 1367 ἀρχὴ

2190 1377 2291 1448 τῆς
2337 1379 2675 1450 προφητείας
2738 1381 3003 1452 Ἰερεμίου
3054 1381 3205 1454 παρὰ
3251 1383 3349 1453 μὲν
3386 1385 3539 1455 ἡμῖν,
3585 1386 3666 1449 ὡς
3714 1387 3765 1440 οἱ

2180 1467 2603 1542 ηἙϐδομήκοντα
2649 1471 3114 1543 παραδεδώκασιν,
3148 1475 3247 1527 οὐκ
3284 1470 3380 1529 οἷδ’
3413 1477 3441 1529 ὅ
3474 1495 3526 1530 τι
3558 1479 3766 1548 σκοπή⁸

2191 1578 2416 1625 σαντεςο
2454 1562 2523 1617 T6
2559 1560 2723 1632 ῥῆμα
2757 1564 2862 1618 τοῦ
2888 1564 3073 1629 Θεοῦ,
3116 1564 3148 1618 ὃ
3178 1565 3415 1634 ἐγένετο
3452 1568 3550 1622 ἐπὶ
3594 1570 3765 1638 Ἰερε-

2183 1653 2332 1723 μίαν
2368 1653 2473 1707 τὸν
2522 1652 2628 1707 τοῦ
2668 1654 2922 1708 Χελκίου
2958 1655 3028 1708 ἐκ
3063 1653 3182 1708 τῶν
3218 1655 3454 1724 ἱερέων·
3493 1659 3550 1711 ὲν
3590 1658 3648 1713 δὲ
3690 1658 3784 1729 τῷ

2201 1743 2474 1816 Ἐὅραῖκῷ
2503 1745 2595 1798 καὶ
2623 1748 2744 1809 ταῖς
2766 1744 2977 1809 λοιπαῖς
3004 1746 3248 1800 ὲκδόσεσι
3280 1749 3455 1818 Λόγοι
3492 1750 3763 1819 Ἰερεμίου

528 1821 695 1877 Verba
733 1823 980 1880 Jeremiae
1016 1827 1121 1896 ﬁlii
1150 1828 1395 1897 Clielcioe,
1424 1841 1477 1887 et
1520 1850 1711 1891 omnes
1744 1839 2088 1894 consentiunt
2118 1825 2134 1879 Ι

2187 1836 2321 1890 υἱοῦ
2351 1836 2607 1889 Χελκίου
2627 1852 2640 1865 ’
2672 1835 2766 1889 καὶ
2799 1834 3001 1900 πάντες
3038 1835 3421 1908 συνεφώνησαν
3449 1837 3528 1908 τῷ
3556 1842 3758 1893 εἰπεῖν·

515 1913 748 1969 dicendo
779 1934 791 1969 :
830 1914 996 1971 Verba
1020 1917 1263 1975 Ieremia;-
1291 1923 1392 1991 ﬁlii
1413 1922 1656 1981 Cltelciae.
1688 1926 1790 1981 Sed
1816 1944 1913 1983 cur
1935 1931 2087 1989 verba

513 2001 804 2059 Jeremiw?
835 2006 1104 2072 Quoniam
1135 2027 1259 2066 cum
1292 2028 1388 2069 eos
1424 2016 1519 2083 qui
1562 2031 1868 2073 sermonem
1899 2022 2088 2077 audire

517 2096 773 2152 nolebant
811 2100 1204 2169 alloqueretur,
1251 2109 1576 2175 prooemium
1622 2111 1696 2165 illi
1731 2111 1830 2166 fuit
1855 2131 1868 2167 :
1896 2116 2088 2170 Audite

515 2201 775 2242 sermones
821 2207 980 2245 meos.
1034 2191 1100 2247 Et
1139 2209 1239 2251 nos
1282 2201 1612 2271 quandoque
1652 2203 1794 2258 idem
1834 2204 2086 2271 facimus,

514 2293 639 2333 cum
678 2280 727 2333 id
771 2283 891 2336 usui
947 2283 1102 2339 nobis
1133 2301 1258 2342 esse
1298 2289 1530 2347 videtur.
1577 2291 1977 2365 Nonnunquam
2019 2298 2088 2353 ab

513 2367 749 2423 ethnicis
776 2384 1053 2426 sermones
1086 2383 1422 2446 mutuamur,
1463 2389 1522 2435 ut
1556 2381 1678 2437 illos
1705 2384 1771 2437 ad
1801 2384 1957 2440 (idem
1986 2388 2086 2442 ad-

516 2455 818 2525 ducamus;
844 2469 896 2514 et
923 2476 1045 2516 cum
1066 2463 1365 2524 viderimus
1389 2485 1482 2526 eos
1511 2471 1586 2527 ita
1613 2487 1643 2527 a
1667 2474 2087 2532 Christianismo

512 2560 758 2615 aversos,
777 2558 833 2605 ut
857 2552 934 2606 vel
968 2552 1145 2623 ipsum
1177 2572 1374 2614 nomen
1401 2571 1754 2619 exsecrentur
1772 2575 1826 2622 et
1850 2567 2085 2637 oderint,

514 2636 563 2690 si
587 2638 857 2695 audierint
882 2641 1317 2702 Christianorum
1347 2665 1468 2705 esse
1490 2666 1821 2721 sermonem,
1846 2671 1954 2711 non
1978 2674 2087 2728 prae

514 2728 673 2783 nobis
697 2727 924 2786 ferimus
952 2733 1323 2792 Christianum
1355 2740 1473 2794 utili
1498 2745 1736 2798 sermoni
1762 2727 2086 2815 proferendo

511 2830 638 2874 esse
670 2819 950 2888 idoneum,
983 2824 1076 2879 sed
1110 2841 1234 2880 cum
1264 2827 1534 2898 ejusmodi
1582 2848 1763 2888 sermo
1804 2852 1902 2905 pro
1943 2837 2085 2893 virili

512 2905 678 2964 fuerit
705 2924 737 2965 ι
759 2913 920 2969 nobis
934 2915 1227 2982 stabilitus,
1254 2927 1309 2973 et
1334 2919 1633 2978 viderimus
1649 2927 1906 2996 cupidum
1931 2929 2087 2984 audi-

514 3008 688 3054 torem
705 3016 812 3055 non
831 3003 1037 3073 vulgari
1051 3007 1213 3062 modo
1230 3008 1281 3063 id
1297 3006 2083 3087 quoddiciturauscultantem,

513 3093 978 3149 tunccontitemur
997 3096 1141 3153 hunc
1157 3099 1480 3157 laudabilem
1495 3109 2087 3175 sermonem,Christia-

513 3193 710 3236 norum
744 3182 907 3254 269
929 3199 1051 3240 esse
1072 3203 1399 3256 sermonem,
1418 3204 1473 3247 et
1495 3195 1672 3252 simile
1693 3199 1973 3268 quidpiam
2008 3200 2084 3255 fa-
2111 3182 2156 3208 “

514 3269 693 3327 cimus
724 3281 783 3327 ut
807 3276 854 3329 is
881 3277 975 3345 qui
1009 3277 1166 3345 dixit,
1192 3295 1300 3334 non
1323 3284 1508 3338 statim
1541 3304 1553 3340 :
1593 3286 1722 3342 Ilwc
1743 3289 1875 3343 dicit
1905 3290 2083 3346 Domi-

516 3378 635 3424 nus.
663 3366 782 3432 sed,
821 3369 1002 3424 audite
1027 3385 1308 3430 sermones
1344 3392 1484 3447 quos
1515 3394 1616 3449 ego
1640 3381 1763 3436 dico
1793 3381 2075 3440 Jcremias.

515 3449 643 3506 Haec
664 3464 884 3524 propter
920 3456 1051 3512 illud
1084 3478 1096 3513 :
1128 3459 1328 3517 Factus
1363 3481 1480 3517 sum
1514 3467 1569 3519 in
1588 3466 1842 3522 derisum.
1884 3468 1951 3524 Et
1981 3486 2082 3527 nos

514 3541 562 3599 si
588 3544 804 3613 quando
829 3546 1110 3616 loquentes
1154 3552 1267 3606 risu
1295 3554 1599 3624 excipimur
1622 3596 1637 3622 ,
1690 3556 2039 3627 indignamur
2063 3601 2079 3627 ,

514 3647 639 3688 cum
675 3642 857 3690 tantus
889 3639 1150 3707 propheta
1192 3639 1458 3699 Jeremias
1498 3645 1682 3701 dicat:
1716 3645 1919 3704 Factus
1963 3654 2113 3707 sum‘

512 3723 571 3777 in
590 3724 842 3792 derisum,
874 3735 984 3781 tota
1016 3729 1101 3784 die
1143 3738 1465 3801 perseveravi
1519 3738 1895 3797 subsannatus.
1917 3742 2079 3809 Quid

512 3814 656 3874 dico.
684 3814 989 3875 Jeremias?
1018 3820 1193 3876 Etiam
1244 3839 1398 3881 meus
1424 3825 1584 3883 Jesus
1621 3831 2076 3890 subsannabatur.

512 3907 805 3963 Audiebant
829 3911 995 3977 enim,
1022 3912 1201 3983 inquit
1226 3915 1307 3983 ⁸⁸,
1337 3919 1514 3972 omnia
1542 3920 1653 3976 haec
1686 3921 1948 3980 Phariswi
1989 3929 2080 3998 qui

512 4009 662 4051 erant
686 4002 854 4067 avari,
876 4013 926 4057 et
957 4005 1265 4061 deridebaut
1294 4009 1470 4065 illum.
1500 4010 1606 4068 Sed
1637 4012 1900 4073 Dominus
1949 4020 2082 4075 sub-

513 4098 929 4147 sannatonmes
960 4096 1055 4168 qui
1106 4098 1450 4155 subsannant
1497 4105 1659 4160 verba
1709 4105 1826 4163 Dei.
1876 4108 2078 4167 Factus

508 4196 624 4235 sum
664 4183 717 4237 iu
754 4184 1007 4242 derisum.
1049 4186 1185 4245 Vide
1234 4193 1467 4259 qualiter
1499 4197 1733 4253 vixerint
1763 4201 2035 4271 prophetae
2059 4244 2077 4271 ,

511 4287 657 4328 nunc
684 4275 871 4342 derisi,
898 4294 1044 4334 nunc
1075 4281 1336 4349 periculis
1367 4287 1620 4355 expositi,
1649 4291 1876 4360 projecti
1900 4332 1915 4358 ,
1939 4293 2076 4364 lapi-

506 4362 669 4419 dibus
695 4381 726 4419 a
760 4368 964 4436 pepulo
994 4370 1172 4437 petiti,
1200 4386 1231 4424 e
1254 4374 1434 4429 medio
1461 4378 1686 4444 sublati,
1720 4382 1848 4437 odio
1882 4362 2073 4452 habiti,

2187 1929 2363 1997 Λόγοι
2406 1926 2689 1997 Ἱερεμίου
2735 1925 2869 1981 υἱοῦ
2916 1926 3191 1981 Χελκίου.
3225 1926 3325 1981 Διὰ
3369 1928 3421 1980 τί
3468 1923 3560 1982 οὖν
3591 1929 3758 1997 λόγοι

2198 2019 2512 2089 Ἰερεμίου;
2583 2019 2910 2090 Ἐπειδήπερ
2939 2019 3002 2073 τὸ
3050 2018 3329 2090 προοίμιον
3384 2019 3531 2091 αὐτῷ
3576 2020 3634 2073 ὲν
3677 2020 3754 2090 τῷ

2186 2110 2364 2179 λέγειν
2387 2110 2524 2181 πρὸς
2545 2110 2671 2172 τοὺς
2694 2108 2767 2179 μὴ
2793 2108 3150 2179 βουλομένους
3172 2108 3400 2163 ἀκοῦσαι
3420 2105 3486 2180 ἦν
3506 2126 3519 2140 ·
3562 2111 3753 2164 Ἀκού-

2186 2198 2335 2253 σατέ
2353 2217 2474 2268 μου
2506 2198 2649 2265 τοὺς
2676 2200 2927 2267 λόγους.
2951 2199 3060 2253 Καὶ
3089 2200 3249 2271 ἡμεῖς
3268 2199 3379 2253 ἐσθ’
3403 2201 3491 2253 ὅτε
3520 2200 3769 2263 τοιαῦτα,

2185 2290 2312 2344 ὅταν
2344 2289 2616 2353 λυσιτελὲς
2644 2291 2777 2361 ἡμῖν
2808 2292 2973 2361 φανῇ,
3007 2289 3290 2360 ποιοῦμεν.
3342 2291 3550 2345 Ἐνίοτε
3574 2291 3763 2359 λόγους

2188 2383 2294 2436 ἀπὸ
2309 2381 2425 2435 τῶν
2447 2381 2613 2436 ἐθνῶν
2637 2383 3016 2454 προσάγομεν,
3037 2381 3348 2453 βουλόμενοι
3367 2383 3566 2447 αὐτοὺς
3592 2401 3761 2454 προσ-

2186 2470 2413 2537 αγαγεῖν
2443 2471 2508 2540 τῇ
2546 2468 2757 2523 πίστειο
2791 2468 2887 2523 καὶ
2914 2470 3008 2523 ἐὰν
3038 2470 3255 2541 ἴδωμεν,
3284 2472 3364 2525 ὅτι
3401 2470 3761 2542 διαϐεϐλημέ-

2185 2577 2265 2614 νοι
2309 2560 2416 2613 eisi.
2461 2560 2599 2632 πρὸς
2642 2561 3084 2634 Χριστιανισμὺν,
3127 2560 3220 2615 καὶ
3270 2559 3650 2632 βδελύσσονται
3695 2564 3759 2617 τδ

2184 2649 2372 2720 ὄνομα,
2398 2651 2493 2704 καὶ
2515 2650 2730 2722 μισοῦσι
2755 2652 2820 2705 τὸ
2838 2652 3089 2719 ἀκοῦσαι,
3111 2654 3193 2708 ὅτι
3215 2645 3368 2716 οὗτος
3394 2654 3422 2706 6
3441 2652 3598 2723 λόγος
3623 2654 3759 2724 Χρι-

2189 2742 2418 2796 στιανῶν
2455 2744 2623 2809 ἐστιν,
2659 2744 2720 2799 ού
2765 2745 3209 2819 προσποιούμεθα
3235 2746 3558 2819 Χριστιανὸν
3583 2746 3763 2815 λέγειν

2185 2831 2342 2901 λόγον
2383 2833 2655 2905 ὠφέλιμον
2674 2852 2688 2866 ’
2738 2835 2853 2890 ἀλλ’
2904 2836 3032 2890 ὅταν
3081 2838 3111 2891 6
3135 2837 3291 2907 λόγος
3340 2839 3546 2901 ἐκεῖνος
3595 2854 3771 2891 κατα-ι

2188 2925 2459 2997 σκευασθῇ
2517 2926 2659 2982 κατὰ
2707 2927 2936 3000 δύναμιν
2987 2928 3078 2999 ὑφ’
3122 2930 3298 3001 ἡμῶν,
3349 2929 3444 2984 καὶ
3498 2929 3763 3001 δοκοῦμεν

2185 3013 2318 3085 ὲρᾷν
2370 3014 2462 3068 τὸν
2510 3015 2782 3088 ἀκροατὴν
2826 3017 2923 3088 οὐχ
2974 3018 3050 3082 ὡς
3107 3017 3264 3090 ἔτυχε
3319 3018 3412 3073 τοῦ
3467 3018 3760 3091 λεγομένου

2186 3106 2522 3172 ἀκούσαντα,
2552 3108 2674 3161 τότε
2707 3109 3095 3181 ὁμολογοῦμεν.
3125 3111 3207 3165 ὅτι
3237 3104 3392 3174 οὗτος
3419 3111 3448 3164 6
3481 3111 3763 3175 ἐπαινετὸς

2187 3198 2345 3268 λόγος
2370 3199 2710 3272 Χριστιανῶν
2742 3199 2900 3269 λόγος
2933 3197 3001 3272 ἦν
3020 3218 3033 3231 ·
3068 3201 3164 3255 καὶ
3203 3202 3464 3273 ποιοῦμέν
3495 3220 3547 3257 τι
3581 3220 3760 3275 παρα-

2188 3288 2414 3363 πλήσιον
2468 3290 2544 3361 τῷ
2594 3291 2800 3345 εἰπόντι
2853 3291 3072 3355 οὐκέτι,
3136 3291 3280 3347 Τάδε
3308 3292 3470 3364 λέγει
3513 3295 3757 3362 Κύριος,

2185 3382 2342 3447 ἀλλὰ,
2390 3381 2683 3437 Ἀκούσατε
2723 3383 2914 3450 λόγους
2950 3383 3085 3455 ἐμοῦ
3132 3385 3412 3456 Ἱερεμίου.
3453 3386 3638 3440 Ταῦτα
3673 3386 3763 3443 διὰ

2186 3473 2249 3527 τό
2267 3488 2281 3503 '
2331 3473 2657 3542 Ἐγενόμην
2682 3476 2771 3540 εἱς
2809 3473 3052 3544 γέλωτα.
3085 3475 3195 3529 Καὶ
3226 3477 3389 3547 ἡμεῖς
3425 3478 3761 3547 ἀγανακτοῦ-

2189 3581 2309 3636 μεν,
2347 3565 2442 3618 ὲάν
2478 3580 2607 3625 ποτε
2637 3552 2921 3627 λαλοῦντες
2953 3563 3324 3635 γελασοῶμεν,
3353 3567 3484 3620 ὅπου
3525 3570 3553 3621 ὁ
3598 3570 3760 3641 Ἰερε-

2188 3655 2317 3726 μίας
2343 3655 2372 3707 6
2403 3651 2642 3718 τοιοῦτός
2670 3671 2833 3725 φησιν
2852 3671 2866 3685 ·
2910 3655 3235 3725 Ἐγενόμην
3259 3658 3345 3723 εἱς
3381 3657 3627 3726 γέλωτα,
3657 3658 3760 3713 πᾶ-

2184 3755 2307 3797 σαν
2331 3742 2557 3812 ἡμέραν
2585 3742 2895 3797 διετέλεσα
2935 3743 3463 3815 μυκτηριζόμενος.
3502 3747 3567 3799 Τί
3595 3746 3755 3815 λέγω,

2197 3834 2497 3907 Ἱερεμίας;
2565 3835 2676 3888 Καὶ
2751 3837 2779 3889 6
2855 3836 2986 3906 ἐμὸς
3059 3837 3263 3908 Ἰησοῦς
3328 3839 3755 3912 ὲμυκτηρίζετψ

2190 3925 2442 3981 Ἤκουον
2469 3925 2615 3998 γὰρ,
2655 3926 2810 3998 φησὶ,
2857 3926 3042 3981 ταῦτα
3080 3926 3278 3982 πάντα
3321 3932 3375 3983 οἱ
3427 3930 3756 3998 Φαρισαῖοι,

2183 4014 2535 4084 φιλάργυροι
2555 4014 2928 4085 ὑπάρχοντες
2946 4053 2962 4078 ,
2997 4015 3095 4069 καὶ
3122 4015 3506 4085 ἐμυκτήριζον
3548 4018 3752 4072 αὐτόν.

2197 4105 2334 4159 Ἀλλ’
2378 4107 2406 4159 6
2453 4106 2655 4178 Κύριος
2686 4094 3073 4178 ἐκμυκτηρίζει
3111 4108 3607 4180 ὲκμυκτηρίζοντας
3631 4110 3756 4172 τοὺς

2184 4198 2393 4262 πάντας
2424 4198 2551 4260 τοὺς
2586 4197 2779 4265 λόγους
2821 4195 2914 4251 τοῦ
2965 4196 3120 4251 Θεοῦ.
3167 4198 3491 4268 Ἐγενόμην
3533 4201 3620 4265 εἱς
3660 4199 3757 4268 γέ-

2181 4294 2361 4346 λωτα.
2396 4289 2531 4362 Ὅρα
2578 4289 2860 4353 ποταποὺς·
2908 4288 3053 4359 βίους
3093 4289 3325 4357 ἐϐίωσαν
3364 4292 3414 4343 οἱ
3456 4291 3753 4363 προφῆται,

2185 4382 2260 4453 τιὴ
2288 4383 2385 4452 μὲν
2407 4378 2865 4451 καταγελώμενοι,
2900 4378 2976 4449 πὴ
3004 4378 3061 4432 δὲ
3090 4380 3508 4445 κινδυνεύοντες,
3533 4381 3628 4435 καὶ
3657 4399 3756 4434 κα·-

507 4454 562 4509 in
587 4453 768 4526 fugam
794 4459 1052 4527 conjecti.
1093 4457 1396 4516 Plurimum
1448 4470 1690 4535 perpessi
1742 4481 1869 4527 sunt
1896 4483 1949 4527 et
1979 4489 2075 4528 su-
2107 4497 2134 4554 ι

2184 4473 2590 4543 ταὸαλλόμενοι,
2651 4472 2745 4524 καὶ
2799 4470 3231 4541 λιΘοὸολούμενοι
3290 4472 3395 4526 ὑπὸ
3446 4472 3539 4526 τοῦ
3598 4472 3750 4539 λαοῦ,
3805 4473 3816 4478 ’

505 4545 836 4616 stinuerunt,
871 4559 930 4604 ut
958 4550 1256 4604 secundum
1284 4553 1619 4611 voluntatem
1651 4557 1743 4614 Dei
1769 4561 1839 4615 ab
1869 4577 1933 4618 eo
1953 4565 2071 4619 solo

507 4634 733 4703 gloriam
758 4651 1083 4708 quaerentes,
1100 4639 1447 4710 praedicando
1465 4646 1709 4717 verbum,
1733 4650 1893 4706 linem
1910 4669 1940 4707 a
1964 4653 2072 4710 Deo

505 4727 842 4811 propositum
892 4742 1382 4803 consequerentur.
1437 4734 1573 4811 Tota
1622 4739 1708 4794 die
1749 4746 2073 4811 perseveravi

503 4805 880 4871 subsannatus.
908 4821 1213 4879 Accusatur
1255 4824 1346 4882 illa
1390 4808 1666 4898 generatio
1693 4870 1710 4898 ,
1749 4805 1913 4902 'quod
1962 4849 2069 4892 nou

501 4906 694 4976 paucis
721 4908 912 4965 diebus
934 4911 1098 4969 fuerit
1128 4917 1197 4971 ab
1232 4933 1298 4973 ea
1341 4919 1711 4981 subsannatus
1764 4926 2022 4995 propheta
2052 4968 2067 4995 ,

501 4996 596 5052 sed
635 5006 745 5052 tota
771 4999 858 5055 die
888 5008 1310 5071 perseveraverit
1331 5011 1717 5068 subsannatus.

2171 4563 2575 4637 ἀναιρούμενοι,
2619 4563 2959 4634 μισούμενοι,
3006 4563 3421 4635 ὲκδιωκόμενοι,
3470 4565 3565 4618 καὶ
3611 4565 3752 4618 πάνυ

2171 4659 2438 4727 ἔπασχον,
2473 4655 2568 4708 καλ¹
2614 4654 2916 4725 ὑπέμενον,
2952 4654 3040 4707 ἵνα
3083 4655 3223 4708 κατὰ
3251 4655 3314 4709 τὸ
3360 4655 3606 4728 βούλημα
3653 4654 3751 4713 τοῦ

2170 4747 2306 4802 Θεοῦ
2344 4745 2500 4813 δόξαν
2530 4744 2628 4817 τὴν
2659 4746 2786 4818 παρ’
2812 4744 2975 4800 αὑτοῦ
3009 4746 3172 4816 μόνου
3201 4744 3512 4816 ζητοῦντες,
3544 4746 3751 4817 κηρύσ-

2175 4855 2359 4902 σοντες
2383 4837 2475 4891 τὸν
2503 4836 2694 4904 Λόγον,
2721 4835 2924 4907 τύχωσι
2952 4835 3045 4888 τοῦ
3075 4836 3262 4901 τέλους
3292 4836 3386 4890 τοῦ
3418 4838 3567 4910 παρὰ
3591 4837 3764 4923 Θεοῦη
3809 4902 3825 4913 ,

2173 4927 2389 4983 Πᾶσαν
2436 4925 2552 4994 τὴν
2604 4926 2832 4995 ἡμέραν
2878 4925 3188 4980 διετέλεσα
3227 4926 3745 4995 μυκτηριζόμενος.

2177 5016 2498 5089 Κατηγορία
2542 5014 2650 5070 τῶν
2691 5016 2834 5070 κατὰ
2865 5016 2961 5089 τὴν
2999 5018 3190 5086 γενεὰν
3234 5017 3469 5088 ἐκείνην,
3515 5019 3597 5071 ὅτι
3629 5019 3751 5075 οὐδὲ

500 5089 712 5160 ἡμέρας
744 5089 930 5160 ὀλίγας
947 5093 1099 5158 τινὰς
1123 5097 1342 5167 ἐποίησε
1374 5103 1659 5176 προφήτης
1686 5105 1714 5158 ὁ
1755 5107 2223 5180 μυκτηριζόμενος
2240 5147 2255 5173 ,
2280 5107 2418 5161 ἀλλὰ
2443 5111 2622 5162 πᾶσαν
2644 5107 2857 5179 ἡμέραν
2876 5107 3140 5161 διετέλεσε
3190 5108 3672 5180 μυκτηριζῳενος.

568 5179 623 5235 6.
660 5181 803 5248 Quia
826 5202 1012 5240 amaro
1043 5187 1195 5242 verbo
1224 5205 1335 5243 meo
1365 5194 1541 5248 ridebo
1572 5196 1637 5251 ⁸⁸.
1673 5196 1768 5253 Est
1816 5179 2064 5269 quaedam

497 5274 792 5338 promissio
815 5277 981 5343 risus,
1011 5278 1080 5334 de
1111 5295 1218 5349 qua
1250 5285 1609 5351 promissione
1633 5304 1828 5344 nomen
1855 5294 2066 5360 accepit

498 5366 805 5432 patriarcha
837 5368 1005 5425 Isaac.
1034 5369 1200 5427 Risus
1222 5375 1421 5443 quippe
1445 5375 1845 5448 interpretatur.
1872 5382 2061 5438 Risum

2247 5200 2375 5253 Ὀτι
2436 5197 2621 5267 πικρῷ
2672 5199 2830 5268 λόγῳ
2871 5216 2989 5268 μου
3049 5196 3396 5267 γελάσομαι.
3459 5200 3615 5251 Ἔστι
3665 5216 3750 5263 τις

2170 5292 2469 5362 ἐπαγγελία
2509 5293 2701 5361 γέλως,
2734 5287 2801 5363 ἧς
2839 5292 3170 5361 ἐπαγγελίας
3214 5289 3501 5361 ἐπώνυμός
3538 5293 3684 5345 ἐστιν
3717 5294 3746 5351 ὀ

2171 5385 2516 5457 πατριάρχης
2560 5383 2765 5439 Ἰσαάκ.
2813 5384 3204 5457 Ἐρμηνεύεται
3240 5384 3349 5457 γὰρ
3394 5384 3585 5453 γέλως.
3624 5384 3749 5437 Ὅτι

500 5468 663 5523 porro
694 5461 939 5528 promitti
969 5461 1220 5534 liquetex
1252 5466 1394 5521 hoc:
1422 5468 1576 5523 Beati
1600 5472 1690 5540 qui
1708 5487 1842 5525 nunc
1864 5471 2063 5543 lugent.

2184 5475 2227 5530 Ξὲ
2260 5476 2565 5547 ἐπαγγελία
2590 5476 2783 5547 γέλως,
2813 5475 3053 5548 δηλονότι
3100 5476 3174 5548 (Ι)
3208 5479 3273 5529 ὲκ
3312 5476 3426 5544 τοῦ,
3459 5474 3747 5549 Μακάριοι

605 5575 654 5609 ⁸⁸
678 5574 880 5634 Jerem.
912 5597 952 5646 ι,
986 5584 1036 5639 l.

571 5729 648 5803 (1)
686 5729 961 5801 Δηλονότι.
986 5736 1143 5795 Forte
1167 5740 1473 5811 legendum,
1505 5743 1659 5814 δῆλόν
1689 5747 1852 5802 ἐστιν.

1135 5585 1181 5617 ⁸⁸
1221 5582 1354 5641 Luc.
1388 5602 1500 5653 xvr,
1531 5588 1617 5643 li.
1694 5590 1742 5622 "
1767 5588 1966 5648 Jerem.
2000 5609 2090 5660 xx,
2122 5592 2174 5648 Ἰ.
