4218 6292
444 344 559 402 513

1617 337 1683 394 IN
1720 339 2067 396 JEREMIAM
2104 337 2385 396 llOMlLlA
2424 337 2565 395 XIX.
2662 324 2671 333 '

3587 342 3694 400 5N

448 467 508 522 oi
529 463 842 527 κλαίοντες
877 459 1012 523 νῦν,
1055 458 1143 512 ὅτι
1163 457 1470 528 γελάσετε.
1519 456 1582 513 Ἠ
1601 459 1656 513 δὲ
1682 459 2014 529 ἐπαγγελίατ

2131 456 2390 529 Sequitur
2401 458 2722 530 promissio:
2744 458 3009 526 Quoniam
3035 460 3274 516 ridebitis
3290 461 3356 518 ⁸⁷.
3376 459 3547 519 Siculi
3566 479 3696 533 pro.

457 556 590 610 εοτι
624 553 918 625 γελάσετε.
952 534 1162 620 Ὥσπερ
1193 547 1491 618 ἐπαγγελία
1513 566 1527 580 ·
1568 549 1684 604 Υἱοὶ
1713 549 1860 604 Θεοῦ
1884 552 2025 617 κλη-

462 642 891 715 θήσονται,καὶ,
920 639 1031 694 Τόν
1051 638 1197 693 Θεὸν
1208 639 1479 706 ὄψονται,
1502 639 1615 706 καὶ,
1641 639 2023 708 κληρονομή-

461 749 638 792 σουσι
662 732 774 800 τὴν
801 731 942 800 γῆν,
967 729 1303 795 καὶ,Αὺτῶν
1328 730 1500 784 ἐστιν
1530 732 1569 799 ἠ
1592 731 1879 796 ,βασιλεία
1905 730 2024 784 τῶν

456 825 742 897 οὐρανῶν·
766 823 942 887 οὕτως
962 823 1109 876 ἐστὶν
1129 822 1433 892 ἐπαγγελία
1456 817 1700 894 γέλως,
1721 823 2022 893 ἐπαγγελίᾳ

452 918 510 971 τὸ
550 915 793 970 ἐναντίον
831 915 861 967 6
905 912 1337 985 μακαριζόμενός
1372 915 1486 967 ἐστι
1520 913 1815 985 κλαυθμός.
1849 915 2022 985 Ζητή-

451 1024 563 1070 σεις
599 1006 657 1059 δέ
697 1007 747 1059 εί
784 1004 958 1075 τούτῳ
996 1004 1074 1074 τῷ
1102 1002 1287 1074 ἀγαθῷ
1313 1002 1509 1072 γέλωτι
1552 1002 1671 1058 καθ’
1706 1004 1895 1074 ἑτέραν
1928 1003 2022 1057 καὶ

448 1099 640 1171 ἑτέραν
681 1097 920 1152 ἐπίνοιαν
953 1096 1166 1168 συνᾴδει
1203 1096 1300 1167 μὲν
1326 1097 1355 1149 6
1395 1095 1831 1166 μακαριζόμενος
1859 1095 2024 1149 κλαυ-

355 1174 385 1218 ί
447 1190 604 1261 θμδς,
638 1187 972 1244 ἐναντιοῦται
1010 1187 1066 1241 δέ
1110 1190 1139 1241 6
1169 1190 1283 1251 τοῖς
1308 1187 1585 1250 ἐναντίοις
1609 1185 2023 1256 ταλανιζόμενος

448 1283 810 1353 ἀποκείμενος
838 1279 1113 1351 κλαυθμὸς
1142 1280 1349 1351 ἕτερος.
1377 1278 1515 1333 Οὐαὶ
1546 1276 1651 1350 γὰρ
1682 1280 1728 1331 oi
1759 1277 2023 1345 γελῶντες

448 1374 567 1441 νῦν,
617 1375 700 1427 ὅτι
752 1370 1075 1443 πενθήσουσι
1125 1370 1221 1424 καὶ
1271 1370 1613 1424 κλαύσονται.
1676 1368 1863 1432 ’Ἄλλος
1916 1366 2023 1439 γὰρ

447 1463 726 1534 κλαυθμὸς
749 1464 779 1515 6
804 1460 1236 1533 μακαριζόμενος
1253 1499 1266 1524 ,
1294 1458 1450 1522 ἄλλος
1472 1460 1500 1512 6
1523 1458 1881 1528 ἀποκείμενος
1911 1459 2023 1520 τοῖς

450 1554 636 1619 κακῶς
665 1552 1000 1624 βεϐιωκόσιν.
1035 1552 1097 1603 Εἰ
1120 1550 1177 1604 δέ
1199 1567 1251 1603 τι
1273 1551 1522 1613 κάκεῖνος
1550 1549 1702 1613 τέλος
1733 1548 1845 1619 ἔχει
1875 1546 2021 1618 ὠφέ-

451 1646 629 1716 λιμον,
660 1645 761 1698 οὐκ
799 1639 932 1698 οἶδα.
962 1642 1027 1696 Τί
1053 1642 1225 1711 λέγως
1259 1643 1456 1695 Ἀκουε
1489 1641 1723 1696 Παύλου.
1753 1642 1881 1694 Ὅτε
1912 1638 2020 1692 ἐδί-

449 1737 667 1801 δασκεν,
701 1734 1148 1806 ἐπραγματεύετο
1182 1732 1353 1801 λέγων
1384 1731 1621 1804 λυπῆσαι
1648 1731 1774 1795 τοὺς
1799 1728 2022 1784 ἀκούον-

2130 550 2323 607 missio
2354 561 2438 608 est
2465 569 2479 607 :
2512 551 2649 606 Filii
2691 551 2783 606 Dei
2809 551 3132 606 vocabuntur
3152 558 3253 619 ;'et
3282 571 3296 607 :
3352 553 3518 608 Deum
3547 552 3700 610 uide.

2129 642 2287 709 bunt;
2309 652 2403 697 et:
2467 641 2871 697 ereditab'unt
2908 654 3142 706 terram;
3185 652 3284 699 et:
3328 644 3572 714 Ipsorum
3615 656 3695 702 est

2128 749 2343 804 regnum
2373 733 2623 787 calorum
2654 734 2699 766 ⁸⁸
2725 752 2738 788 :
2771 734 2843 788 ita
2872 733 3163 804 promissio
3187 742 3273 788 est
3295 735 3458 802 risus,
3483 737 3571 791 cui
3599 752 3700 807 op-

2127 825 2348 895 ponitur
2379 826 2561 880 luctus
2583 825 2675 894 qui
2697 825 2886 885 beatus
2913 824 3132 880 dicitur.
3156 822 3380 890 Quaeres
3405 842 3534 881 num
3571 828 3698 884 huic

2129 915 2275 971 bono
2303 916 2437 970 risui
2465 917 2766 972 secundum
2788 916 2953 971 alium
3004 925 3059 970 et
3086 916 3282 985 _alium
3315 932 3535 972 sensum
3568 932 3700 973 con-

2132 1016 2289 1077 gruat
2319 1007 2499 1062 luctus
2546 1008 2639 1077 qui
2685 1007 2876 1063 beatus
2930 1007 3163 1074 dicitur,
3211 1016 3517 1077 opponatur
3567 1023 3698 1063 vero

2129 1095 2308 1150 luctus
2354 1097 2494 1152 alius
2551 1098 2644 1167 qui
2689 1097 3017 1152 miserabilis
3076 1099 3440 1167 praedicatur,
3474 1108 3528 1154 et
3577 1100 3701 1156 illos

2130 1191 2312 1237 manet
2343 1183 2435 1253 qui
2458 1200 2487 1239 ο
2523 1186 2797 1241 contrario
2825 1201 2970 1241 nunc
3011 1186 3209 1242 rident.
3248 1186 3339 1243 Vae
3365 1190 3564 1245 etenim
3592 1190 3699 1246 illis

2128 1275 2224 1344 qui
2288 1291 2435 1337 nunc
2482 1276 2661 1331 rident
2708 1278 2966 1347 quoniam
3017 1277 3279 1348 lugebant
3302 1289 3355 1334 et
3392 1279 3595 1336 ﬂebunt
3624 1281 3695 1338 ⁸⁵.

2126 1365 2279 1419 Alius
2303 1365 2502 1434 quippe
2534 1365 2712 1420 luctus
2746 1367 2839 1433 qui
2867 1366 3055 1424 beatus
3083 1366 3304 1431 dicitur,
3331 1366 3481 1424 alius
3512 1370 3600 1438 qui
3634 1369 3701 1423 il—

2127 1453 2209 1507 los
2237 1462 2421 1507 manet
2462 1455 2553 1524 qui
2606 1454 2747 1509 male
2784 1454 3035 1508 vixerint.
3088 1454 3275 1510 Utrum
3321 1466 3500 1512 autem
3534 1459 3695 1514 etiam

2128 1542 2217 1597 ille
2239 1542 2398 1596 ﬂnem
2423 1542 2731 1611 quempiam
2758 1542 3054 1598 habiturus
3098 1544 3170 1598 sit
3202 1545 3388 1598 utilem
3417 1585 3432 1609 ,
3489 1547 3696 1604 nescio.

2127 1625 2265 1693 Quid
2298 1628 2458 1683 dico?
2485 1628 2628 1682 Audi
2658 1628 2907 1684 Paulum.
2941 1628 3077 1685 Cum
3108 1632 3357 1700 docebat,
3394 1634 3449 1688 id
3474 1646 3692 1706 satage-

2127 1717 2221 1771 bat
2253 1727 2313 1772 ut
2339 1734 2406 1772 ex
2432 1718 2553 1789 ejus
2609 1721 2955 1776 sermonibus
2996 1721 3273 1778 auditores
3297 1724 3693 1780 contristat-en-

449 1847 581 1892 τας·
609 1828 703 1882 καὶ
740 1826 1009 1898 ὁμολογεῖ,
1043 1826 1126 1879 ὅτι
1155 1824 1276 1879 τότε
1303 1824 1536 1896 μάλιστα
1554 1823 1896 1894 εὐφραίνετο,
1933 1822 2023 1876 ὅτε

2130 1823 2255 1878 tur,
2316 1821 2371 1868 et
2420 1814 2708 1869 conﬁtetur
2757 1830 2816 1869 se
2847 1825 2976 1871 tunc
3005 1816 3244 1873 maxime
3294 1818 3529 1873 lactatum
3550 1834 3692 1884 esse,

454 1919 700 1973 ἐλυπεϊτό
729 1935 812 1981 τις
842 1916 903 1993 ἐξ
948 1915 1111 1969 αὐτοῦ
1130 1931 1144 1945 ·
1193 1914 1328 1986 φησὶ
1354 1913 1464 1986 γάρ
1484 1931 1497 1944 °
1531 1914 1641 1969 Καὶ
1672 1915 1763 1980 τίς
1791 1913 1961 1966 ἐστιν
1990 1914 2050 1966 ὀ⁴

449 2010 787 2080 εὐφραίνων
809 2026 886 2078 με
911 2009 962 2062 εὶ
987 2007 1072 2076 μὴ
1111 2008 1141 2060 6
1182 2006 1561 2075 λυπούμενος
1597 2005 1666 2070 ἐξ
1701 2004 1883 2074 ἐμοῦ;
1915 2005 2026 2059 Καὶ

453 2104 507 2156 εἴ
547 2102 632 2165 τίς
661 2118 721 2154 τε
759 2099 940 2163 ἱκανός
972 2099 1087 2151 ἐστι
1126 2097 1344 2167 κινῆσαι
1388 2095 1563 2168 ψυχὴν
1603 2095 1871 2166 ἀκροατοῦ
1922 2096 2026 2166 μά-

453 2193 612 2248 λιστα
643 2190 1042 2262 ἡμαρτηκότος,
1065 2187 1335 2251 τοιούτους
1362 2186 1581 2258 εὔχεται
1606 2187 1796 2256 λόγους
1823 2187 2021 2255 λέγειν,

454 2285 652 2346 οἵτινες
683 2283 790 2336 ἀπὸ
816 2281 1116 2352 δυνάμεως,
1161 2280 1256 2333 καὶ
1286 2279 1642 2351 παρατάξεως
1679 2280 1773 2333 καὶ
1815 2277 2025 2350 θειότη-

455 2391 568 2438 τος,
598 2374 691 2428 καὶ
742 2372 1028 2444 νοημάτων
1074 2371 1535 2442 ἀπαγγελλόμενοι
1581 2369 1741 2441 ἱερῶν
1791 2369 2026 2424 σείσουσι

452 2464 555 2535 τὴν
586 2462 763 2534 ψυχὴν
794 2459 888 2515 τοῦ
936 2459 1243 2524 ἀκούοντος.
1279 2462 1373 2514 καὶ
1408 2460 1646 2514 κινοῦσιν
1675 2460 1769 2513 ἐπὶ
1812 2460 2024 2523 πένθος,

453 2553 553 2606 καὶ
579 2551 672 2605 ἐπὶ
704 2549 999 2621 κλαυθμὸν,
1042 2552 1133 2603 καὶ
1177 2551 1267 2603 ἐπὶ
1302 2550 1531 2622 δάκρυα,
1567 2550 1642 2613 ὡς
1683 2550 1893 2622 χαίρειν
1936 2550 2028 2603 τὸν

455 2639 700 2709 λέγοντα,
725 2639 812 2693 ὅτε
839 2639 924 2712 ἴδῃ
952 2638 1013 2693 τὸ
1041 2640 1404 2711 ἀκροατήριον
1433 2640 1788 2711 τερπόμενον,
1816 2639 1909 2694 καὶ
1935 2657 2029 2708 γε-

457 2731 563 2785 λῶν
590 2730 682 2784 ἐπὶ
708 2733 820 2794 τοῖς
851 2729 1178 2802 λεγομένοις.
1213 2731 1384 2784 Ὅπου
1422 2730 1521 2801 μὲν
1543 2730 1651 2799 γὰρ
1682 2731 1763 2793 είς
1790 2730 2055 2799 ἐπαγγεο-

458 2823 578 2886 λίας
611 2822 754 2891 ἀγει,
784 2821 859 2886 ὡς
891 2821 978 2876 διὰ
1011 2822 1200 2892 στενῆς
1230 2821 1326 2875 καὶ
1346 2821 1709 2893 τεθλιμμένης
1729 2821 1829 2892 τῆς
1862 2823 1919 2874 ἐν
1947 2821 2026 2893 τῷ

458 2913 738 2968 λυπεῖσθαι
772 2912 892 2966 ὁδοῦ
922 2912 1016 2965 ἐπὶ
1051 2912 1149 2983 τὴν
1183 2909 1348 2984 ζωὴν,
1377 2912 1472 2965 καὶ
1501 2911 1587 2967 διὰ
1619 2911 1711 2966 τοῦ
1746 2911 2023 2983 κλαυθμοῦ

459 3005 581 3074 ἄγει
613 3005 703 3058 ἐπὶ
730 3004 820 3057 τὸν
849 3003 1280 3077 μακαριζόμενον
1306 3002 1513 3073 γέλωτα
1530 3020 1543 3034 ·
1573 3004 1662 3057 ὅτε
1688 3002 1746 3057 δέ
1775 3003 1835 3057 οὐ
1870 3001 2027 3056 τοῦτο

456 3094 629 3159 ἀνύει,
675 3093 941 3164 φοϐοῦμαι
979 3092 1052 3165 μὴ
1089 3092 1309 3147 τοιαῦτα
1350 3092 1482 3164 λέγῃ
1506 3109 1521 3124 ο
1575 3088 1793 3163 Οἷα’(2)
1839 3094 1894 3146 οὶ
1933 3114 2027 3167 γε·

2125 1906 2343 1976 quando
2368 1905 2491 1975 quis
2531 1907 2959 1961 contristabatur
3000 1922 3066 1962 ex
3116 1909 3235 1978 ipso
3264 1928 3278 1977 ;
3311 1911 3388 1965 ait
3428 1913 3572 1966 enim
3600 1913 3647 1946 ⁸⁸
3678 1929 3694 1966 :

2129 1993 2198 2046 Et
2221 1995 2336 2064 quis
2368 2004 2444 2048 est
2477 1995 2567 2065 qui
2612 2011 2689 2046 me
2719 1993 2970 2064 lteliﬁcet,
2993 1998 3098 2051 nisi
3121 1999 3212 2068 qui
3235 2002 3581 2057 contristatur
3629 2017 3696 2057 ea;

2130 2087 2248 2140 me?
2275 2084 2337 2138 Et
2358 2086 2405 2138 si
2439 2085 2564 2154 quis
2590 2085 2818 2140 idoneus
2861 2095 2947 2141 est
2972 2087 3038 2141 ad
3074 2090 3400 2145 movendum
3432 2091 3696 2146 auditoris

2127 2174 2424 2244 prmsertim
2462 2176 2757 2244 peccatoris
2786 2175 3027 2229 animum
3049 2215 3065 2240 ,
3100 2176 3367 2246 ejusmodi
3395 2187 3542 2245 Optat
3571 2194 3697 2248 pro-

2129 2269 2268 2322 ferre
2297 2266 2458 2321 verba
2488 2258 2610 2336 quae
2638 2267 2870 2334 virtute,
2924 2269 3149 2335 ordine,
3190 2269 3471 2325 divinitate
3534 2280 3696 2341 atque

2128 2373 2410 2414 sacrorum
2436 2373 2695 2413 sensuum
2714 2359 2951 2430 pondere
2978 2359 3271 2430 percellant
3290 2363 3556 2420 auditoris
3577 2367 3690 2420 ani-

2129 2466 2297 2517 mum,
2327 2458 2380 2506 et
2411 2459 2665 2505 moveant
2694 2452 2760 2508 ad
2785 2452 2989 2507 luctum
3014 2495 3029 2516 ,
3073 2454 3140 2509 ad
3176 2453 3381 2520 ﬂetum,
3414 2457 3480 2510 ad
3516 2457 3696 2528 lacry-

2128 2559 2267 2609 mas,
2300 2544 2373 2597 ita
2401 2553 2459 2597 ut
2480 2543 2945 2615 gaudeat‘orator,
2968 2545 3131 2615 27o
3157 2561 3282 2600 cum
3316 2547 3510 2602 viderit
3537 2548 3697 2603 audi-

2131 2646 2278 2691 tores
2322 2636 2520 2706 gaudio
2567 2634 2841 2690 delibutos
2870 2635 2939 2691 iis
2975 2652 3098 2706 quae
3126 2636 3383 2692 dicuntur
3430 2638 3693 2695 arridere.

2127 2727 2261 2781 Nam
2296 2727 2515 2795 quando
2559 2725 2625 2781 ad
2681 2728 3073 2797 promissiones
3106 2728 3257 2783 ducit
3289 2737 3547 2800 tanquam
3595 2746 3690 2801 per

2129 2825 2414 2884 augustam
2448 2823 2503 2870 et
2525 2816 2853 2871 maeroribus
2895 2816 3106 2886 plenam
3135 2818 3278 2871 viam
3304 2821 3368 2871 ad
3399 2819 3587 2887 vitam,
3618 2821 3692 2875 ita

2128 2923 2224 2978 per
2253 2906 2435 2961 ﬂetum
2484 2905 2635 2962 ducit
2671 2907 2739 2962 ad
2772 2907 2984 2968 beatum
3034 2909 3228 2963 risum.
3254 2909 3391 2964 Cum
3434 2927 3562 2966 vero
3591 2912 3696 2967 hoc

2133 3014 2237 3053 non
2265 2997 2472 3068 perlicit
2495 3038 2512 3065 ,
2558 2997 2724 3052 timeo
2752 3014 2820 3053 ne
2846 2998 2993 3055 dicat
3027 3000 3149 3055 talia
3174 3003 3216 3034 ⁰¹
3241 3019 3254 3055 :
3292 3000 3383 3056 Vae
3433 3003 3574 3057 vobis
3604 3003 3694 3071 qui

2129 3091 2313 3145 ridetis
2341 3106 2478 3144 nunc
2500 3131 2515 3156 ,
2545 3092 2671 3160 quia
2695 3091 2941 3162 lugebitis
2971 3101 3021 3146 et
3047 3094 3265 3161 ﬂebitis.
3299 3093 3574 3160 Quorsum
3603 3111 3697 3149 au-

455 3153 699 3252 λῶιθτες.
891 3153 992 3238 ὅτι.
1014 3153 1363 3251 πενθήσετε,
1403 3153 1502 3237 ρὶᾶι
1528 3153 1841 3237 κλαύσετε.
1881 3153 2024 3254 Πρὸς

2131 3190 2236 3235 tem
2273 3182 2386 3236 lucc
2431 3195 2462 3235 a
2503 3153 2601 3236 me
2633 3153 2775 3235 dicta
2822 3188 2988 3246 sunt,
3026 3153 3128 3237 nisi
3184 3153 3344 3252 quod-
3361 3184 3698 3239 subobseurc

456 3277 512 3329 τί
542 3276 600 3330 δέ
635 3294 724 3347 μοι
754 3275 910 3330 τοῦτο
949 3275 1162 3348 εἴρηται
1202 3275 1235 3347 ἢ
1277 3275 1582 3347 βουλομένῳ
1618 3274 2022 3342 ῦπαινίξασθαι,

456 3368 540 3421 ὅτι
566 3365 734 3435 λέγει,
779 3365 973 3435 Πικρῷ
1000 3367 1159 3435 λόγῳ
1194 3383 1312 3436 μου
1346 3364 1695 3435 γελάσομαι,
1723 3366 1816 3420 καὶ⁵
1846 3382 2025 3437 παρα-τ

460 3456 648 3528 στῆναι
686 3457 900 3527 γέλωτα
941 3456 1241 3528 κλαυθμοῦ,
1285 3458 1379 3510 καὶ
1413 3455 1688 3527 κλαυθμὸν
1727 3457 1930 3510 ἐκεῖνον
1969 3456 2027 3510 ὃν

459 3544 781 3601 κλαύσονται
833 3546 880 3598 οἱ
932 3543 1162 3598 ἐνταῦθα
1209 3543 1500 3611 γελῶντες,
1547 3542 1688 3612 τάχα
1742 3539 1836 3594 τοῦ
1891 3539 2025 3594 Θεοῦ

460 3636 985 3710 πραγματευομένου
1063 3635 1385 3706 ἐγγεννῆσαι
1462 3635 1644 3697 αὐτοῖς
1719 3632 1886 3686 κλαυο
1895 3633 2026 3704 μους

472 3726 633 3782 Ἐκεῖ
653 3727 761 3799 γάρ
804 3727 973 3781 ἔσται
1010 3729 1043 3781 ὁ
1084 3725 1388 3795 κλαυθμὸς
1417 3725 1514 3780 καί
1549 3728 1581 3778 d
1610 3724 1882 3795 ,ϐρυγμὸς
1913 3723 2030 3778 τῶν

457 3818 737 3874 ὀδόντων.
765 3820 874 3873 Καὶ
896 3817 1053 3872 τοῦτο
1078 3816 1527 3889 πραγματεύεται
1550 3818 1579 3870 ὁ
1604 3815 1734 3881 Θεὸς
1763 3816 1926 3887 ὁρῶν,
1947 3817 2029 3870 ὄτι

455 3908 489 3961 6
512 3907 711 3962 κλαίων
738 3909 831 3962 ἐπὶ
852 3911 964 3971 τοῖς
1001 3907 1150 3972 ίδίοις
1193 3909 1605 3979 ἁμαρτήμασιν,
1635 3908 1664 3961 6
1697 3904 1908 3979 θρηνῶν
1937 3908 2029 3961 ἐπὶ

456 4002 568 4063 τοῖς
602 3999 750 4064 ἰδίοις
774 4000 1250 4072 παρανομήμασιν,
1287 3999 1386 4069 ἤδη
1415 4000 1495 4063 είς
1524 3998 1875 4070 συναίσθησιν
1908 3999 2031 4070 ἐλή-

457 4089 584 4144 λυθε
616 4089 724 4144 τῶν
758 4090 901 4145 ἰδίων
950 4091 1154 4145 κακῶν.
1211 4089 1297 4154 Ὠς
1326 4089 1436 4143 εἴθε
1462 4090 1688 4153 ἕκαστος
1728 4089 1884 4160 ἡμῶν
1907 4088 2027 4143 καθ’

460 4181 690 4237 ἕκαστον
737 4181 1040 4254 ἁμάρτημα
1091 4181 1277 4250 ἐλεγεο
1330 4183 1542 4236 Λούσω
1585 4182 1717 4236 καθ’
1765 4179 2031 4247 ἑκάστην

459 4273 649 4328 νύκτα
696 4275 814 4342 τὴν
861 4274 1080 4342 κλίνην
1123 4292 1262 4343 μου,
1314 4274 1385 4328 ἐν
1434 4272 1698 4341 δάκρυσι
1747 4290 1867 4342 μου
1916 4270 2032 4340 τὴν

460 4366 778 4433 στρωμνήν
795 4383 915 4436 μου
941 4365 1159 4433 βρέξω.
1204 4367 1291 4429 Ὧς
1323 4364 1433 4418 εἴθε
1468 4363 1697 4428 ἕκαστος
1722 4362 1885 4434 ἡμῶν
1914 4362 2028 4417 ἐλε-

2127 3272 2271 3327 volui
2301 3272 2542 3327 indicare
2567 3273 2698 3342 quid
2736 3272 2881 3328 dicat
2926 3272 3012 3327 his
3048 3273 3228 3328 verbis
3258 3291 3272 3327 :
3316 3274 3513 3328 Amaro
3543 3274 3695 3329 uerbo

2127 3379 2239 3416 meo
2268 3361 2488 3426 ridebo;
2521 3371 2576 3418 et
2598 3363 2884 3418 ostendere
2914 3365 3086 3419 risum
3126 3363 3284 3419 ﬂetus
3315 3374 3370 3420 ct
3409 3365 3594 3420 ﬂetum
3628 3367 3697 3419 il-

2127 3454 2238 3509 lum
2273 3470 2435 3525 quem
2469 3454 2697 3511 fundent
2739 3455 2775 3509 ii
2817 3455 2911 3525 qui
2943 3456 3033 3509 hic
3063 3456 3260 3520 rident,
3302 3456 3414 3512 Deo
3458 3457 3695 3513 fortasse

2128 3544 2276 3599 luctu
2299 3561 2393 3600 eos
2427 3544 2691 3600 aﬂiciente
2715 3544 2738 3598 ί
2760 3542 2844 3597 lbi
2875 3534 3020 3600 enim
3057 3546 3155 3600 erit
3198 3547 3353 3616 ﬂetus
3401 3558 3450 3601 et
3496 3549 3698 3604 strator

2128 3637 2365 3690 dentium
2408 3639 2475 3693 ³³.
2522 3637 2698 3709 Atque
2740 3639 2792 3694 id
2838 3638 2949 3707 agit
2993 3636 3136 3693 Deus
3165 3638 3353 3692 videns
3388 3639 3600 3692 ﬂentem
3627 3640 3698 3692 ob

2129 3728 2346 3798 propria
2380 3738 2617 3799 peccata,
2641 3738 2695 3787 et
2716 3731 2986 3802 lugentem
3019 3730 3090 3784 ob
3115 3729 3330 3799 propria
3356 3728 3549 3784 delicta
3575 3730 3685 3799 ja:u

2129 3818 2183 3873 in
2213 3821 2604 3877 conscientiam
2642 3838 2866 3879 suorum
2893 3822 3159 3876 malorum
3188 3820 3422 3875 venisse.
3479 3818 3695 3875 Utinam

2130 3912 2508 3983 unusquisque
2530 3922 2776 3970 nostrum
2802 3927 2899 3982 pro
2931 3909 3159 3980 singulis
3186 3909 3301 3964 suis
3350 3912 3587 3980 peccatis
3611 3913 3697 3967 di-

2129 4012 2277 4058 ceret
2295 4004 2341 4057 9?
2369 4021 2382 4056 :
2418 4003 2623 4058 Lavabo
2648 4021 2739 4072 per
2765 4001 3003 4071 singulas
3031 4013 3207 4058 noctes
3238 4003 3427 4056 lectum
3476 4019 3647 4057 meum
3679 4045 3695 4069 ,

2128 4103 2176 4148 et
2204 4094 2455 4162 lacrymis
2484 4094 2612 4147 meis
2630 4103 2856 4146 stratum
2878 4107 3046 4145 meum
3066 4092 3267 4163 rigabo.
3294 4091 3511 4149 Utinam
3539 4110 3703 4150 unus-

2130 4183 2364 4253 quisque
2388 4191 2634 4238 nostrum
2662 4183 2733 4237 ob
2764 4198 2862 4238 sua
2889 4192 3105 4252 peccata
3154 4184 3331 4239 ﬂendo
3378 4184 3583 4239 diceret
3605 4183 3651 4216 "
3680 4203 3695 4241 :
3806 4189 3808 4192 ’

2132 4273 2371 4328 Fuerunt
2400 4273 2527 4327 milii
2552 4273 2801 4343 lacryma:
2818 4289 2943 4328 mere
2966 4274 3118 4342 panis
3141 4273 3226 4327 die
3254 4289 3317 4326 ac
3339 4285 3508 4328 nocte.
3529 4272 3586 4327 Si
3612 4274 3699 4329 hic

2131 4364 2305 4420 oratio
2325 4378 2444 4418 mea
2468 4364 2717 4418 acerbior
2745 4364 2849 4431 sit,
2896 4364 3142 4420 acerbior
3167 4372 3347 4419 autem
3374 4404 3389 4429 ,
3437 4364 3697 4432 quoniam

459 4471 554 4523 γεν
582 4455 675 4508 ἐπὶ
709 4459 820 4520 τοῖς
864 4455 1010 4520 ἰδίοις
1057 4457 1413 4527 ἁμαρτήμασι
1459 4454 1693 4534 κλαίων·
1749 4454 2026 4524 Ἐγενήθη

2133 4470 2324 4525 angor,
2351 4455 2626 4511 auditores
2656 4455 2749 4526 qui
2782 4456 3200 4526 redarguuntur,
3232 4457 3376 4510 illam
3422 4470 3563 4526 aegre
3614 4453 3698 4510 le-

455 4561 555 4612 μοι
593 4542 667 4597 τὰ
708 4543 937 4613 δάκρυά
969 4563 1087 4614 μου
1138 4545 1317 4613 ἄρτος
1371 4546 1594 4615 ἡμέρας
1637 4545 1737 4599 καὶ
1784 4546 2021 4611 νυκτός.

470 4633 597 4689 Ἕάν
624 4652 726 4706 μου
759 4637 787 4689 6
819 4635 974 4703 λόγος
1002 4637 1319 4708 πικρότερος
1347 4636 1578 4690 ἐνταῦθα
1607 4631 1663 4708 ᾖ,
1704 4635 2027 4707 πικρότερος

363 4774 371 4786 ,
458 4725 516 4780 δέ
536 4725 624 4780 διὰ
645 4726 706 4779 τὸ
725 4724 999 4781 θλίϐεσοαί
1029 4744 1116 4798 με,
1139 4726 1204 4780 δι’
1227 4727 1389 4781 αὐτὸν
1412 4727 1718 4798 ἀηδίζονται
1738 4729 1786 4781 oi
1804 4726 2027 4781 ἀκούον-

351 4828 375 4850 ·”
461 4833 551 4881 τες
588 4819 637 4871 ei
685 4818 1046 4889 ἐλεγχόμενοι.
1101 4819 1265 4873 Ὅταν
1319 4820 1586 4892 βαρῶνται
1631 4819 1722 4873 τὸν
1776 4819 2024 4888 λέγοντα,

436 4904 596 4972 οἶδα,
623 4909 704 4963 ὅτι
733 4911 827 4963 ἐπὶ
846 4909 925 4979 τῷ
942 4908 1123 4981 πικρῷ
1143 4910 1286 4980 λόγῳ
1310 4928 1409 4982 μου
1434 4910 1494 4964 τὸ
1519 4910 1672 4973 τέλος
1702 4911 1819 4964 ἐστὶ
1841 4911 1927 4979 γε)
1939 4913 2024 4982 ᾷν,

2135 4556 2298 4614 runt;
2329 4546 2422 4602 sed
2457 4561 2580 4601 cum
2607 4562 2692 4601 me
2717 4547 2986 4620 dicentem
3046 4548 3274 4602 moleste
3322 4546 3504 4601 ferunt
3532 4584 3547 4609 ,
3582 4544 3700 4600 scio

2132 4652 2321 4691 amaro
2347 4636 2510 4692 verbo
2543 4652 2665 4693 meo
2699 4637 2858 4694 linem
2890 4636 3007 4692 fore
3036 4637 3208 4692 risum
3229 4678 3245 4703 ,
3301 4636 3473 4692 risum
3519 4636 3701 4691 beato-

2131 4744 2274 4782 rum.
2307 4727 2461 4795 Quod
2490 4729 2722 4785 fortasse
2743 4729 2925 4784 sciens
2949 4727 3208 4796 propheta
3243 4726 3459 4781 dicebat
3492 4742 3505 4780 :
3557 4725 3698 4791 Quia

2131 4836 2315 4874 αιτιοι-ο
2344 4818 2493 4874 verba
2523 4835 2633 4873 meo
2663 4816 3032 4873 ridebo.Nunc
3053 4818 3269 4887 quidem
3295 4832 3483 4871 amaro
3510 4818 3696 4883 verbo,

2132 4920 2187 4965 et
2217 4911 2454 4965 nondum
2480 4911 2652 4975 rideo,
2684 4911 2775 4966 sed
2818 4925 3002 4963 amaro
3029 4909 3179 4964 uerbo
3204 4926 3317 4964 meo
3358 4910 3556 4964 ridebo.

464 5003 629 5075 γελᾷν
662 5004 719 5058 δέ
754 5005 845 5058 τὸν
875 5004 982 5058 τῶν
1007 5004 1454 5074 μακαριζομένων
1494 5005 1723 5073 γέλωτα.
1758 5005 1869 5058 Καὶ
1898 5006 2057 5058 τοῦτο
2093 5006 2234 5076 τάχα
2275 5006 2429 5069 εἰδὼς
2474 5006 2502 5060 6
2552 5007 2838 5076 προφήτης
2879 5004 3094 5072 ἔλεγεν·
3153 5006 3258 5071 ὅτι,
3307 5003 3500 5072 Πικρῷ
3542 5002 3703 5072 λόγῳ

461 5110 578 5162 μου
601 5096 960 5167 γελάσομαιο
990 5097 1088 5169 ἤδη
1125 5098 1224 5169 μὲν
1248 5098 1428 5170 πικρῷ
1467 5098 1630 5170 λόγῳ,
1660 5098 1774 5152 ἀλλ’
1804 5099 1902 5152 οὐκ
1932 5099 2030 5172 ἤδη
2068 5101 2230 5169 γελῶ,
2258 5100 2394 5154 ἀλλὰ
2420 5100 2607 5169 πικρῷ
2633 5103 2792 5171 λόγῳ
2813 5118 2932 5170 μου
2963 5098 3311 5169 γελάσομαι.

547 5185 809 5240 Ἀθεσίαν
843 5187 940 5241 καὶ
983 5188 1385 5256 ταλαιπωρίαν
1415 5187 1862 5258 ἐπικαλέσομαι.
1900 5189 2032 5242 Θεὸν

2205 5191 2257 5245 7.
2286 5189 2782 5246 I’rwuaricationem
2811 5200 2859 5244 et
2885 5191 3151 5243 miseriam
3169 5188 3414 5243 invocabo
3434 5187 3501 5241 θ’.
3534 5185 3699 5240 Deum

466 5275 801 5332 ἐπικαλεῖται
832 5280 860 5332 6
889 5278 1114 5345 δίκαιος,
1152 5280 1252 5352 τὴν
1284 5279 1479 5350 ,σοφίαν
1510 5280 1848 5335 ἐπικαλεῖται
1887 5281 1978 5335 καὶ
2005 5283 2033 5335 ὁ

2134 5281 2555 5351 iuvucatjustus,
2574 5281 2892 5350 sapientiam
2913 5280 3299 5335 invocatetiam
3317 5278 3556 5346 iniquus.
3581 5273 3699 5329 Erit

467 5367 643 5435 ἄδικος
660 5387 673 5401 ·
713 5373 923 5425 Ἔσται
953 5372 1082 5443 γὰρ,
1116 5373 1299 5443 φησιν,
1327 5371 1424 5425 ὅτε
1453 5369 1888 5442 ἐπικαλέσεσθέ
1926 5387 2028 5442 με’

2134 5373 2300 5434 enim,
2331 5372 2509 5441 inquit
2537 5372 2604 5436 °°,
2645 5386 2764 5425 cum
2808 5369 3114 5426 inuocabitis
3172 5385 3288 5432 me.
3335 5367 3425 5421 sed
3455 5380 3547 5435 ego
3596 5379 3700 5418 non

535 5549 841 5630 “Linteum,
863 5553 952 5630 ‘2l_.
1028 5551 1281 5630 “ubiittth.
1316 5569 1370 5616 ν,
1393 5552 1526 5630 9.-8,
1551 5552 1609 5630 6,
1727 5552 1772 5585 ⁸⁹
1804 5551 1934 5611 Luc.
1971 5569 2045 5630 vi,
2072 5553 2165 5630 25.
2197 5519 2251 5630 fi“
2273 5550 2309 5604 ΙΙ
2338 5550 2563 5630 Corinll,
2589 5553 2715 5630 2.,“
2743 5552 2875 5609 Luc.
2907 5568 2982 5619 vn,
3009 5551 3141 5623 ‘25."
3173 5551 3217 5584 ”
3242 5548 3432 5605 Matth.
3465 5562 3580 5619 vttt,
3610 5549 3694 5605 l2.

557 5620 605 5657 ”
632 5620 779 5676 Psal.
803 5638 875 5685 νι,
911 5622 962 5674 7.

540 5757 614 5831 (Ξ)
651 5754 770 5813 Οἴα.
801 5759 942 5830 Lego
974 5759 1110 5815 οὐαί.

1064 5623 1274 5679 ⁹¹⁵Ρειιί⁸
1306 5639 1412 5691 xu,
1438 5624 1491 5678 4.
1566 5624 1609 5655 ⁸⁵
1643 5622 1841 5681 Jcrem.
1876 5643 1964 5694 xx,
1991 5626 2044 5680 8.

2122 5628 2168 5657 νδ
2196 5623 2354 5676 Prov.
2387 5637 2424 5688 ι,
2450 5621 2541 5676 28.
