4218 6292
511 346 625 404 515

1964 336 2128 397 ORIG
2138 328 2292 395 ENIS

3666 338 3771 401 5M

511 462 802 518 exaudiam
824 477 929 516 vos.
958 460 1071 517 Illic
1086 461 1307 531 quidem
1326 468 1433 515 tam
1461 460 1692 530 iniustos
1718 475 1882 531 quam
1908 460 2086 531 justos

2190 460 2303 530 ἐγὼ
2334 459 2403 514 δὲ
2434 461 2545 514 οὐκ
2572 459 3004 529 εὶσακούσομαι
3033 456 3218 527 ὑμῶν.
3262 456 3410 511 Ἐκεῖ
3444 458 3542 529 μὲν
3573 459 3625 513 oi
3657 461 3774 517 ἃδε-

518 552 868 608 nianifestum
917 561 1002 607 est
1030 553 1282 607 invocare
1311 566 1506 606 nomen
1542 551 1787 616 Domini;
1820 563 1870 606 et
1916 553 2085 606 omnis

517 642 610 709 qui
637 640 949 694 invocaverit
977 655 1165 693 nomen
1191 639 1407 694 Domini
1439 640 1615 694 salvas
1639 641 1740 695 erit
1757 641 1841 707 ’τι
1873 641 1959 696 hic
1986 658 2087 695 au-

515 740 625 785 tem
680 731 939 798 propheta
985 729 1117 790 dicit
1145 746 1160 783 :
1188 728 1693 785 Prwvaricationem
1737 740 1787 784 et
1818 732 2089 785 miseriam

515 823 785 876 invocabo.
826 820 979 875 Sicut
1009 820 1203 891 Deum,
1233 822 1313 877 sic
1361 822 1861 891 praevaricationem
1884 863 1899 886 ,
1934 823 2079 878 sicut

517 909 829 973 Dominum,
853 909 934 964 sic
961 909 1260 965 miseriam.
1299 909 1442 965 Num
1484 926 1596 965 rem
1624 911 1822 966 bonam
1873 913 2089 967 invocat

511 992 778 1049 Ieremias
798 1035 814 1059 ,
839 1011 962 1049 cum
998 995 1286 1065 promittit,
1318 997 1504 1052 dicens
1537 1015 1549 1051 :
1586 996 2086 1054 Prwvaricalionem

508 1092 559 1139 et
591 1085 859 1139 miseriam
883 1085 1132 1139 invocabo
1151 1087 1176 1139 ?
1203 1085 1309 1140 Sed
1337 1086 1731 1143 consideranda
1770 1101 1899 1141 sunt
1930 1098 2085 1158 pacta

513 1194 634 1247 qua:
663 1179 887 1242 inimus,
916 1187 969 1232 et
991 1178 1265 1247 quomodo
1291 1176 1639 1247 frangantur;
1692 1194 2085 1249 nonnunquam

439 1286 453 1295 '
509 1272 655 1325 enim
687 1279 842 1338 pacta
873 1270 1011 1323 male
1029 1269 1453 1333 contrahuntur,
1483 1269 1686 1338 quibus
1743 1270 1884 1324 male
1935 1272 2087 1329 initis

514 1362 722 1414 utinam
754 1358 1253 1427 praevaricationem
1289 1359 1628 1413 invocemus.
1660 1358 1738 1412 lla
1781 1359 1827 1414 si
1882 1375 2087 1430 cogno-

511 1466 641 1502 Vero
675 1450 837 1502 latam
871 1456 924 1502 et
948 1448 1244 1517 sp'atiosam
1273 1447 1418 1502 viam
1448 1462 1570 1516 qua:
1595 1448 1745 1502 ducit
1787 1449 1854 1503 ad
1892 1448 2082 1503 interi-

516 1543 676 1594 ritum
707 1583 721 1607 ,
767 1550 819 1594 et
849 1541 992 1610 quod
1022 1555 1116 1609 per
1146 1555 1268 1594 eam
1300 1540 1401 1594 iter
1453 1538 1661 1594 faciens
1706 1540 1843 1593 nihil
1871 1541 2085 1596 moli-sti

514 1634 730 1701 patiar,
794 1632 863 1687 de
929 1632 1039 1685 lata
1099 1631 1188 1685 illa
1253 1640 1308 1685 et
1361 1631 1602 1701 spatiosa
1666 1631 1753 1685 via
1816 1633 2086 1686 transiero

517 1725 680 1793 271
705 1724 769 1775 ad
802 1731 1088 1792 angustam
1121 1730 1175 1775 et
1203 1729 1428 1785 arctam,
1453 1721 1615 1776 etiam
1643 1722 1782 1774 mala
1810 1722 2086 1777 sustinens

2188 567 2274 604 κοι
2302 550 2397 603 καὶ
2431 551 2480 604 οἱ
2511 550 2709 604 δίκαιοι
2738 550 2796 605 δὲ
2819 549 3057 620 δηλονότι
3095 548 3480 603 ἐπικαλοῦνται
3514 567 3646 604 ποτε
3673 550 3775 624 τήν

2190 638 2411 707 σοφίαν⁸
2448 638 2557 692 Καὶ
2597 635 2715 703 πᾶς
2760 638 2823 703 ὃς
2854 637 2962 692 ἐὰν
3001 637 3436 703 ἐπικαλέσηται
3470 638 3537 692 τὸ
3586 640 3772 710 ὄνομα

2187 727 2431 795 Κυρίου,
2485 724 2856 792 σωθήσεται·
2907 725 3033 779 ἔνθα
3076 725 3134 779 δὲ
3176 726 3205 779 6
3255 728 3543 799 προφήτης
3583 731 3771 801 φησὶν,

2199 818 2464 873 Ἀθεσίαν
2500 818 2597 871 καὶ
2628 817 3034 885 ταλαιπωρίαν
3067 817 3505 888 ἐπικαλέσομαι
3524 836 3538 849 ·
3572 821 3648 885 ὡς
3680 821 3773 878 τὸν

2186 907 2338 972 Θεὸν,
2373 907 2517 961 οὕτω
2554 908 2653 978 τήν
2686 906 2930 968 ἀθεσίαν,
2976 906 3052 969 ὡς
3091 907 3181 960 τὸν
3225 907 3459 979 Κύριον,
3489 909 3633 964 οὕτω
3672 909 3772 983 τὴν

2185 998 2577 1069 ταλαιπωρίαν.
2624 994 2763 1070 Ἆρα
2816 997 2980 1051 καλὸν
3024 998 3257 1068 πρᾶγμα
3301 999 3556 1053 ὲπικαλεῖ
3612 1002 3772 1071 Ἰερε-
3839 1020 3843 1024 ’

2190 1090 2338 1160 μίας,
2375 1090 2463 1143 ὅτε
2500 1088 2822 1158 ἐπαγγέλλει
2855 1088 3028 1157 λέγων
3049 1104 3063 1119 ο
3114 1089 3380 1145 Ἀθεσίαν
3417 1090 3520 1158 καί
3567 1094 3771 1145 ταλαι-

2187 1180 2414 1247 πωρίαι·
2444 1178 2908 1249 emacuit-famul;
2958 1178 3118 1232 Ἀλλά
3148 1178 3231 1231 δεῖ
3270 1182 3603 1250 κατανοῆσαι
3645 1197 3769 1234 συν-

2187 1270 2360 1341 θήκας
2405 1271 2471 1335 ἃς
2515 1271 2796 1343 τιθέμεθα,
2848 1272 2943 1334 καὶ
2994 1270 3363 1337 τὰς’ἀθεσίας
3416 1273 3631 1327 αὐτῶν⁸
3682 1274 3768 1329 ὅτι

2186 1362 2299 1415 ἔστι
2325 1362 2455 1415 ποτὲ
2480 1362 2752 1433 συνθήκας
2777 1361 2965 1417 θέσθαι
2987 1361 3195 1426 κακῶς,
3218 1364 3313 1416 καὶ
3336 1363 3475 1434 μετὰ
3497 1363 3558 1417 τὸ
3580 1363 3766 1418 θέσθαι

2188 1452 2457 1524 συνθήκας
2508 1452 2716 1519 κακῶς,
2779 1453 2889 1506 εῖθε
2947 1453 3299 1523 ὲπικαλοϊμεν
3348 1454 3449 1525 τὴν
3508 1455 3762 1509 ἀθεσίανι

2186 1541 2344 1596 Οῦτω
2370 1542 2427 1596 δὲ
2460 1542 2555 1597 καὶ
2583 1542 2679 1597 ἐὰν
2712 1544 3033 1615 κατανοήσω
3063 1543 3161 1613 τὴν
3196 1544 3452 1598 πλατεῖαν
3481 1546 3577 1600 καὶ
3606 1545 3766 1618 εὐρύ-

2134 1632 2165 1669 π¹
2186 1651 2383 1705 χωρον,
2409 1634 2510 1706 τὴν
2541 1634 2858 1702 άπάγουσαν
2888 1636 2966 1696 εἰς
3000 1634 3295 1699 ἀπώλειαν,
3338 1636 3431 1689 καὶ
3456 1636 3537 1689 ὅτι
3567 1636 3767 1693 ὁδεύων

2166 1726 2248 1778 *ἐν
2294 1725 2430 1796 αὐτῇ
2481 1724 2543 1777 οὐ
2604 1724 2959 1796 ταλαιπωρῶ,
3007 1724 3315 1795 μεταϐαίνω
3341 1726 3449 1778 ἀπὸ
3489 1726 3590 1797 τῆς
3632 1728 3769 1782 πλαψ

514 1817 640 1869 dico
676 1834 688 1868 :
730 1814 1005 1867 Miseriam
1054 1812 1324 1867 invocabo.
1373 1813 1669 1868 Dissolvam
1713 1811 1918 1867 fmdera
1960 1829 2085 1869 cum

2189 1816 2335 1879 τείας
2361 1816 2455 1868 καὶ
2476 1814 2786 1889 εὐρυχώρου
2807 1814 2949 1881 ὁδοῦ,
2976 1818 3070 1869 καὶ
3094 1816 3326 1890 ἔρχομαι
3348 1817 3439 1869 ἐπὶ
3459 1818 3554 1889 τὴν
3576 1818 3766 1890 στενὴν

514 1908 722 1961 mundo
748 1916 800 1960 et
831 1906 994 1961 rebus
1041 1906 1295 1960 humanis
1340 1903 1471 1959 inita
1498 1946 1513 1968 ,
1551 1914 1611 1959 ut
1655 1906 1896 1960 coelestia
1949 1906 2088 1962 reci-

514 1997 681 2067 piam.
718 1996 988 2050 illiset-iam
1018 1996 1287 2051 invocabo.
1325 1994 1402 2049 Ita
1435 2012 1597 2065 porro
1630 1996 1889 2051 deserens
1920 1998 2086 2052 vitam

512 2088 641 2141 tata:
681 2100 737 2142 et
777 2090 1032 2158 spatiosae
1058 2088 1158 2143 viae
1180 2128 1196 2153 ,
1232 2088 1567 2157 veniensque
1601 2088 1668 2142 ad
1717 2098 2002 2158 angustam
2034 2099 2089 2146 et

510 2186 759 2239 arctam,
813 2188 871 2232 ut
930 2179 1053 2232 liam
1113 2180 1280 2234 miser
1328 2179 1791 2247 quemadmodum
1858 2177 2085 2245 Paulus,

508 2268 675 2322 dico:
716 2267 989 2322 Miscriam
1032 2268 1301 2324 invocabo.
1334 2269 1518 2339 Neque
1549 2271 1692 2324 enim
1730 2271 1895 2326 homo
1927 2273 2089 2343 quili-

507 2361 602 2415 bet
629 2360 772 2415 dicet
790 2361 835 2392 "
865 2383 878 2415 ;
908 2360 1109 2430 Infelix
1138 2376 1232 2430 ego
1273 2360 1458 2424 homo,
1492 2362 1611 2430 quis
1635 2377 1716 2415 nte
1752 2361 1995 2418 liberabit
2023 2364 2089 2418 de

510 2465 728 2514 corpore
779 2450 963 2505 mortis
994 2450 1197 2517 hujus?
1243 2448 1347 2519 Sed
1380 2449 1475 2519 qui
1525 2450 1850 2506 intellexerit
1890 2468 2088 2523 corpus

508 2538 725 2604 mortis,
749 2540 841 2609 qui
872 2539 1094 2594 liberari
1124 2540 1362 2597 voluerit
1401 2541 1470 2595 de
1493 2556 1722 2610 corpore
1752 2542 1945 2599 mortis
1980 2545 2085 2598 hu-

507 2630 630 2702 jus,
664 2632 713 2687 is
755 2632 898 2687 dicet
944 2648 957 2684 :
1006 2630 1206 2701 Infelix
1249 2649 1341 2702 ego
1374 2632 1549 2687 homo.
1586 2631 1689 2699 Qui
1719 2648 1851 2688 vero
1886 2649 2088 2704 corpus

510 2734 689 2786 amat.
743 2725 891 2794 quod
924 2724 1117 2793 vulgus
1153 2725 1436 2781 hominum
1473 2724 1649 2788 solet,
1698 2724 1793 2793 qui
1842 2724 2086 2780 futurum

507 2817 771 2871 malum
803 2831 908 2870 non
955 2815 1147 2881 credit,
1176 2829 1518 2884 nequaquam
1542 2814 1688 2869 dicet
1716 2830 1729 2867 :
1767 2813 1967 2884 Infelia:
1995 2830 2088 2885 ego

507 2908 663 2961 nemo
683 2924 701 2972 ;
742 2908 835 2962 sed
867 2908 1081 2962 beatum
1114 2920 1173 2960 se
1212 2915 1369 2976 putat
1397 2907 1542 2975 quod
1586 2907 1748 2962 homo
1788 2908 1860 2962 sit
1887 2917 1939 2962 et
1968 2923 2089 2963 ver-

513 3005 668 3052 setur
699 2998 751 3052 in
783 2999 977 3055 mortis
1007 3011 1254 3065 corpore.
1283 2996 1452 3068 Igitur
1480 2998 1525 3053 si
1556 2999 1831 3069 percipere
1859 3007 2087 3068 potuero

510 3087 791 3159 quntnodo
823 3085 1027 3143 Paulus
1060 3087 1299 3143 dixerit:
1334 3086 1532 3156 Infelix
1568 3105 1661 3160 ego
1694 3089 1869 3155 homo,
1902 3090 1949 3145 si
1983 3091 2088 3144 mi-

517 3177 716 3233 seriam
755 3177 993 3234 nondum
1027 3176 1294 3245 invocavi,
1331 3179 1594 3238 invocabo
1630 3181 1827 3253 ipsam,
1881 3181 2087 3254 pactio-

513 3302 758 3342 ucscum
794 3288 939 3342 vitiis
979 3287 1315 3360 frangendo,
1352 3299 1561 3346 etcum
1589 3289 1820 3348 Ieremia
1861 3293 2082 3350 dicam:

510 3371 1012 3429 Prazvaricationem
1049 3387 1095 3431 et
1125 3379 1392 3433 miseriam
1422 3381 1691 3437 invocabo.
1721 3381 1906 3453 Neque
1937 3385 2084 3439 enim

510 3461 652 3516 dixit
683 3480 698 3515 :
734 3461 1242 3521 Praavaricationem
1270 3465 1364 3522 Dei
1406 3468 1690 3524 invocabo.
1726 3470 1861 3525 Volo
1891 3472 2084 3528 aﬂ‘erre

509 3554 577 3606 de
607 3552 886 3622 Scriptura
921 3557 1227 3626 exemplum
1257 3558 1391 3630 justi
1420 3570 1637 3630 pactum
1668 3560 1987 3633 frangentis,
2020 3574 2082 3620 ut

508 3646 791 3699 ostendam
815 3661 925 3715 quo
947 3658 1101 3716 pacto
1137 3650 1224 3704 ille
1260 3652 1761 3720 praevaricationem
1789 3655 2077 3713 iuvocarit.

508 3736 645 3789 Cum
678 3734 1019 3806 Holopherne
1045 3748 1202 3808 pacta
1230 3740 1411 3796 fuerat
1433 3741 1618 3798 Iudith
1650 3753 1709 3798 ut
1737 3760 1832 3814 per
1861 3755 1940 3802 tot
1964 3748 2082 3804 dies

508 3842 729 3895 egressa
776 3844 961 3897 preces
990 3828 1242 3885 funderet
1274 3831 1387 3887 Deo
1407 3875 1422 3900 ,
1455 3834 1656 3904 quibus
1680 3835 1882 3905 elapsis
1910 3847 2082 3893 semet

512 3915 876 3986 Holophernis
898 3922 1065 3976 cubili
1094 3924 1353 3980 traderet.
1382 3923 1548 3980 Pacta
1574 3926 1689 3991 hac
1710 3924 2081 3998 Holophernes

511 4011 752 4078 admisit,
788 4023 1107 4081 potestatem
1136 4014 1371 4072 Iudithaa
1398 4015 1528 4072 fecit
1559 4027 1618 4072 ut
1645 4026 1799 4073 extra
1851 4021 2079 4076 tentoria

510 4101 682 4157 Deum
709 4116 909 4159 oraret.
942 4106 1080 4172 Quid
1108 4110 1373 4178 agendum
1402 4118 1521 4165 erat
1548 4108 1823 4166 Iudithm?
1847 4110 2081 4167 Paetane

360 4208 365 4215 '
450 4218 453 4219 ν
510 4195 776 4249 servanda
811 4210 878 4249 an
911 4195 1425 4268 frangenda‘ICerte
1452 4200 1769 4273 frangenda,
1800 4210 1859 4257 ut
1887 4218 2079 4258 omnes

509 4286 765 4341 fatentur.
795 4287 958 4344 Pacta
992 4292 1138 4345 enim
1164 4307 1287 4347 eum
1326 4292 1667 4363 Holopherne
1714 4294 1847 4350 inita
1874 4296 2079 4351 violare

513 4375 734 4430 beatum
766 4387 884 4431 erat
912 4379 1055 4447 apud
1094 4379 1286 4435 Deum.
1319 4379 1594 4436 Violatura
1622 4393 1739 4436 erat
1765 4382 1953 4438 Iudith
1985 4400 2079 4454 pa-

2164 1908 2281 1962 -καὶ
2310 1907 2695 1980 τεθλιμμένην,
2728 1908 2822 1961 καὶ
2864 1907 3225 1978 ταλαιπωρῶν
3256 1908 3396 1977 λέγω
3419 1926 3431 1939 ⁸
3473 1912 3766 1963 Talath

2180 2000 2325 2068 ρίαν
2351 2000 2812 2069 ἐπικαλέσωμαι.
2862 1998 3097 2053 Ἀθετεῖν
3141 1999 3313 2070 μέλλω
3348 1999 3446 2063 τὰς
3490 2000 3761 2070 συνθήκας

2186 2090 2285 2154 τὰς
2317 2091 2452 2162 πρὸς
2478 2092 2569 2145 τὸν
2600 2094 2804 2162 κόσμον
2829 2092 2922 2147 καὶ
2953 2089 3021 2144 τὰ
3051 2092 3291 2162 κοσμικὰ
3322 2092 3642 2162 πράγματα,
3672 2092 3760 2146 ἵνα

2188 2182 2440 2239 ἀναλάϐω
2467 2182 2748 2254 οὐρανίους
2780 2181 3071 2255 συνθήκας.
3116 2183 3382 2239 Ἀθεσίαν
3410 2183 3766 2239 ἐπικαλέσο-

2183 2288 2288 2341 μαι
2312 2290 2325 2303 ·
2357 2273 2499 2328 οὕτω
2523 2273 2580 2326 δὲ
2612 2273 2928 2328 καταλιπὼν
2972 2275 3061 2327 τὸν
3093 2275 3205 2346 βίον
3242 2275 3335 2330 τὸν
3364 2275 3467 2346 τῆς
3505 2275 3767 2339 πλατείας

2187 2364 2281 2417 καὶ
2309 2365 2618 2436 εὐρυχώρου
2646 2364 2767 2419 ὀδοῦ
2788 2405 2804 2430 ,
2845 2366 2941 2419 καὶ
2986 2366 3279 2437 ἐρχόμενος
3304 2366 3398 2420 ἐπὶ
3434 2365 3534 2437 τὴν
3574 2366 3766 2437 στενὴν

2187 2457 2282 2509 καὶ
2323 2456 2715 2529 τεθλιμμένην,
2750 2457 2838 2511 ἵνα
2866 2458 3107 2529 γένωμαι
3134 2458 3477 2529 ταλαίπωρος
3510 2458 3587 2521 ὡς
3614 2458 3763 2513 Παῦ-

2186 2545 2305 2610 λος,
2356 2546 2529 2616 λέγωο
2584 2549 2993 2616 Ταλαιπωρίαν
3033 2547 3482 2618 ἐπικαλέσομαι.
3529 2549 3602 2602 Οὐ
3652 2548 3764 2621 γὰρ

2188 2639 2296 2701 πᾶς
2338 2637 2622 2709 ἄνθρωπος
2652 2640 2768 2710 ἐρεῖ
2789 2656 2802 2669 ·
2846 2641 3221 2708 Ταλαίπωρος
3264 2639 3378 2710 ἐγὼ
3413 2640 3759 2708 ἄνθρωπος,

2185 2731 2277 2797 τίς
2295 2747 2375 2800 με
2401 2732 2651 2799 ῥύσεται
2674 2733 2743 2786 ἐκ
2766 2733 2870 2788 τοῦ
2896 2732 3168 2803 σώματος
3204 2734 3311 2788 τοῦ
3340 2732 3601 2789 θανάτου
3629 2734 3765 2788 τού-

2185 2836 2292 2873 του
2317 2835 2337 2883 ;
2367 2819 2505 2872 Ἀλλ’
2537 2822 2566 2873 6
2595 2820 2795 2890 νοήσας
2819 2821 2880 2874 τὸ
2906 2820 3066 2891 σῶμα
3089 2820 3183 2873 τοῦ
3218 2820 3471 2884 θανάτου,
3497 2822 3526 2874 6
3563 2818 3767 2891 ῥυσθῆ-

2184 2928 2273 2965 ναι
2302 2910 2619 2982 βουλόμενος
2642 2911 2749 2966 ἀπὸ
2769 2910 2862 2965 τοῦ
2891 2911 3142 2983 σώματος
3163 2910 3257 2966 τοῦ
3286 2911 3516 2966 θανάτου
3543 2909 3760 2974 τούτου,

2186 3003 2302 3074 ἐρεῖ
2347 3003 2438 3068 τὸ,
2491 3004 2868 3073 Ταλαίπωρος
2895 3003 3010 3075 ἐγὼ
3051 3005 3381 3074 ἅνθρωπος.
3421 3004 3479 3056 '0
3514 3002 3571 3056 δὲ
3614 3002 3764 3071 φιλο-

2188 3095 2478 3166 σωματῶν,
2506 3098 2535 3149 ὁ
2560 3096 2755 3164 πολὺς,
2783 3098 2812 3152 6
2836 3095 3081 3156 ἀπιστῶν
3108 3096 3187 3170 τῷ
3221 3094 3462 3171 μέλλοντι
3489 3093 3669 3161 αίιῖινι,
3699 3103 3760 3156 ο)

2189 3184 2371 3257 λέγει,
2404 3188 2784 3258 Ταλαίπωρος
2810 3187 2924 3259 ἐγὼ
2950 3187 3277 3258 ἄνθρωπος,
3300 3188 3435 3243 ἀλλά
3468 3187 3762 3259 μακαρίζει

2187 3280 2377 3337 ἑαυτὸν
2394 3320 2410 3345 ,
2443 3281 2529 3334 ὅτι
2557 3280 2700 3335 ἔστιν
2730 3281 3042 3352 ἄνθρωπος,
3079 3282 3174 3335 καὶ
3201 3282 3293 3334 ἐπὶ
3317 3279 3395 3351 τῷ
3423 3275 3561 3334 εἶναι
3592 3280 3651 3334 ὲν
3683 3278 3760 3345 τῷ

2185 3374 2280 3429 τοῦ
2308 3373 2541 3429 θανάτου
2582 3373 2814 3445 σώματι.
2863 3372 2988 3427 Ἐὰν
3028 3368 3121 3427 οῦν
3150 3372 3361 3444 δυνηθῶ
3405 3373 3594 3441 νοῆσαι
3642 3370 3760 3435 πῶς

2185 3466 2397 3531 Παῦλος
2419 3460 2564 3529 εἷπε,
2594 3466 2975 3532 Ταλαίπωρος
3006 3464 3123 3535 ἐγὼ
3148 3465 3457 3533 ἄνθρωπος
3478 3504 3493 3527 ,
3534 3463 3760 3535 μηδέπω

2185 3557 2647 3628 ἐπικαλεσάμενος
2676 3556 2774 3627 τὴν
2807 3555 3180 3627 ταλαιπωρίαν
3202 3594 3216 3617 ,
3243 3554 3638 3624 ὲπικαλέσομαι
3664 3553 3757 3607 αὺ-

2183 3649 2282 3719 τὴν
2310 3651 2375 3703 ὲκ
2398 3647 2491 3701 τοῦ
2522 3646 2782 3718 ἀθετῆσαι
2812 3645 2912 3709 τὰς
2940 3645 3082 3717 πρὸς
3105 3646 3203 3716 τὴν
3234 3645 3432 3699 κακίαν
3462 3644 3754 3716 συνθήκας,

2182 3741 2277 3793 καὶ
2316 3740 2459 3810 λέγω
2500 3740 2577 3803 ὡς
2617 3739 2646 3791 6
2679 3736 2979 3809 Ἱερεμίας·
3027 3738 3293 3791 Ἀθεσιάν
3328 3737 3427 3791 καὶ
3455 3740 3756 3791 minim-J-
3860 3784 3881 3803 Ι

2174 3833 2319 3900 ρίαν
2345 3829 2797 3898 ἐπικαλέσομαι.
2846 3827 2920 3881 υὺ
2952 3827 3062 3900 γὰρ
3100 3824 3250 3882 εἶπεν
3269 3844 3283 3859 ο
3343 3828 3588 3881 ’Λθεσίαν
3619 3825 3755 3880 Θεοῦ

2183 3922 2597 3993 ὲπικαλέσομαι.
2643 3920 2793 3973 Θέλω
2851 3918 3200 3990 παράδειγμα
3241 3918 3425 3973 δοῦναι
3488 3918 3596 3971 ἀπὸ
3655 3918 3757 3986 τῆς

2180 4014 2409 4085 Γραφῆς
2454 4012 2533 4083 ξι)
2578 4011 2787 4065 δικαίου
2828 4010 2923 4065 τοῦ
2965 4011 3234 4083 συνθήκας
3274 4010 3625 4074 ἀθετοῦντος,
3656 4009 3756 4062 ιῖνα

2181 4105 2519 4177 παραστήσω
2561 4102 2678 4167 πῶς
2715 4105 2921 4166 ἐκεῖνος
2947 4104 3027 4173 τῷ
3054 4103 3199 4175 ἔργῳ
3229 4102 3450 4157 ἀθεσίαν
3490 4100 3754 4154 ἐπεκαλέ-

2182 4216 2333 4253 σατο.
2367 4196 2567 4268 Ἰουδὴθ
2600 4196 2872 4268 συνθήκας
2908 4196 3059 4249 ἔθετο
3104 4196 3241 4266 πρὸς
3275 4193 3368 4247 τὸν
3408 4192 3751 4265 Ὀλοφέρνην,

2178 4288 2320 4343 ὥστε
2350 4288 2580 4345 τοσῶνδε
2607 4290 2831 4360 ἡμερῶν
2860 4287 3188 4360 ὲξερχομένη
3221 4285 3474 4358 εὔχεσθαι
3501 4284 3582 4355 τῷ
3611 4283 3750 4355 Θεῷ,

2180 4383 2271 4436 καὶ
2302 4381 2438 4451 μετά
2466 4380 2690 4434 τοσάσδε
2719 4380 2931 4451 ἡμέρας
2971 4379 3169 4448 ἑαυτὴν
3217 4376 3472 4448 παρέξειν
3501 4378 3566 4446 τῇ
3597 4375 3754 4448 κοίτῃ

508 4476 656 4521 ctum
695 4483 821 4523 cum
861 4467 1205 4537 lloloplierne
1245 4478 1300 4525 et
1333 4470 1471 4525 dixit
1508 4488 1523 4525 :
1583 4472 2076 4529 Prwvaricationem

2182 4473 2276 4527 τοῦ
2311 4474 2649 4544 Ὀλοφέρνου.
2683 4471 2900 4534 Ταύτας
2933 4470 3032 4532 τὰς
3060 4468 3330 4539 συνθήκας
3369 4470 3398 4521 6
3428 4466 3752 4538 ὀλοφέρνης

505 4559 793 4624 invocaoo;
833 4569 887 4613 et
919 4574 1049 4614 sane
1080 4560 1574 4628 praevaricationem
1628 4563 1919 4618 invocavit.
1956 4563 2076 4619 Uti-

508 4665 632 4702 nam
679 4650 726 4704 is
757 4659 811 4705 et
844 4665 944 4721 ego
975 4650 1101 4704 liam
1141 4650 1231 4720 qui
1286 4649 1463 4705 dicam
1503 4668 1515 4704 :
1569 4634 2075 4709 Pricvaricationem

506 4740 778 4806 invocabo,
826 4751 881 4796 et
928 4744 1174 4798 invocem
1217 4741 1714 4813 praevaricationem
1761 4745 1903 4815 pacti
1948 4762 2072 4802 cum

508 4840 778 4897 serpente,
803 4834 944 4899 pacti
978 4850 1101 4888 cum
1126 4834 1361 4889 diabolo.
1397 4834 1620 4891 Pactum
1654 4837 1783 4891 olim
1811 4837 1933 4894 iniit
1962 4855 2075 4895 ser-

507 4936 643 4991 pens
678 4936 798 4975 cum
832 4922 962 4977 Eva.
989 4928 1069 4979 Illi
1113 4929 1225 5003 haec
1257 4937 1374 4981 erat
1404 4928 1598 4993 amica,
1632 4939 1686 4983 et
1714 4930 1925 4986 amicus
1956 4946 2075 4988 ser-

505 5031 642 5084 pens
686 5017 920 5073 mulieri.
971 5017 1074 5073 Sed
1125 5020 1267 5076 Deus
1316 5032 1500 5093 utpote
1546 5024 1721 5079 bonus
1766 5039 1921 5095 pacta
1958 5026 2072 5083 haec

506 5106 732 5160 dissolvi
771 5117 825 5161 et
849 5108 1143 5163 amicitiam
1193 5112 1331 5166 hanc
1362 5127 1579 5182 pravam
1629 5114 1796 5170 deleri
1844 5116 2071 5178 curavit,

506 5208 560 5253 et
589 5201 667 5254 uti
704 5201 882 5256 bonus
909 5200 1049 5256 Deus
1073 5201 1207 5256 dicit
1221 5204 1265 5236 ”
1294 5220 1308 5259 :
1335 5202 1682 5259 Inimicitiam
1714 5223 1907 5275 ponam
1935 5209 2076 5261 inter

505 5298 555 5341 te
584 5299 633 5342 et
667 5290 940 5344 mulierem
960 5332 974 5356 ,
994 5301 1043 5346 et
1072 5292 1210 5346 inter
1235 5310 1408 5348 semen
1433 5305 1584 5349 tuum
1623 5305 1672 5350 ct
1699 5313 1873 5351 semen
1898 5299 2070 5352 illius.

505 5377 600 5433 Pie
647 5381 812 5450 igitur
850 5382 1138 5438 audiamus
1183 5401 1294 5456 quo
1341 5396 1500 5455 pacto
1537 5385 1683 5440 Deus
1732 5386 2074 5443 inimicitiam

574 5512 620 5544 ”
648 5510 786 5569 Ioel.
818 5531 878 5583 ll,
904 5517 994 5571 52.
1087 5517 1136 5549 *⁸
1173 5516 1331 5571 Rom.
1357 5532 1455 5582 vn,
1477 5518 1571 5572 24.
1647 5519 1695 5551 ⁸⁸
1732 5518 1871 5577 Gen.
1895 5535 1981 5584 ιιι,
2014 5521 2103 5576 15.

580 5617 857 5700 (I)_8__é.1to
888 5621 1261 5700 παραδειγμα
1285 5625 1648 5700 δοῦναι-ἀπὸ
1673 5630 1781 5697 τῆς
1814 5625 2083 5700 Γραφῆς,

2183 4563 2501 4629 ὑπεδέξατο·
2534 4562 2771 4617 ἀπέλυσε
2814 4562 2913 4631 τὴν
2946 4559 3151 4633 ἰουδὴθ
3190 4561 3283 4614 ἐπὶ
3310 4559 3409 4622 τὰς
3441 4559 3606 4629 εὐχάς
3647 4557 3753 4624 ἔξω

2181 4656 2280 4726 τῆς
2299 4653 2668 4727 παρεμὼλῆς.
2698 4653 2765 4706 Τί
2796 4653 2963 4725 ἐχρῆν
2994 4652 3215 4724 ποιῆσαι
3239 4652 3338 4722 τὴν
3372 4649 3611 4722 Ἱουδήθς
3639 4650 3751 4719 Τη-

2183 4746 2347 4818 ρῆσαι
2374 4743 2474 4807 τάς
2500 4742 2774 4813 συνθήκας
2795 4779 2811 4805 ,
2843 4741 2877 4812 ἢ
2922 4740 3182 4811 ἀθετῆσαι
3220 4741 3423 4804 αύτάς;
3465 4738 3752 4809 Ὠμολόγη-

2179 4854 2301 4899 ται,
2332 4835 2413 4889 ὅτι
2443 4832 2737 4902 ἀθετῆσαι·
2769 4831 2869 4896 τὰς
2893 4830 3003 4902 γὰρ
3033 4832 3169 4902 πρὸς
3201 4831 3527 4902 Ὀλοφέρνην
3555 4829 3751 4899 ἀθετῆ-

2182 4944 2273 4981 σαι
2306 4925 2573 4998 μακάριον
2599 4920 2668 4996 ἦν
2691 4923 2784 4977 ἐπὶ
2815 4922 2910 4976 τοῦ
2943 4923 3098 4976 Θεοῦ.
3130 4923 3391 4993 Ἐμελλεν
3419 4922 3632 4976 ἀθετεῖν
3649 4921 3749 4983 τὰς

2180 5020 2316 5090 πρὸς
2351 5017 2675 5088 Ὀλοφέρνην
2710 5016 2978 5088 συνθήκας
3024 5018 3058 5087 ή
3105 5015 3336 5087 Ἰουδήθ’
3368 5010 3552 5067 εἶπεν·
3594 5015 3744 5067 Ἀθε-

2176 5111 2321 5165 σιαν
2344 5108 2772 5177 ἐπικαλέσομαι
2792 5146 2809 5171 ,
2849 5108 2944 5161 καὶ
2990 5106 3358 5167 ἐπεκαλέσατό
3393 5121 3457 5173 γε
3491 5105 3590 5174 τὴν
3621 5104 3748 5157 ἀθε-

2176 5203 2315 5256 σίαν.
2361 5200 2590 5269 Ὄφελον
2634 5198 2791 5267 κάγὼ
2830 5197 3067 5261 τοιοῦτος
3117 5198 3361 5267 γένωμαι
3377 5237 3393 5260 ,
3440 5197 3527 5249 ἵνα
3568 5195 3711 5247 εἴη
3728 5232 3749 5254 .

2186 5293 2453 5349 Ἀθεσίαν
2478 5289 2934 5361 ἑπικαλέσομαι,
2961 5290 3058 5344 καὶ
3087 5288 3485 5359 {multum
3503 5288 3606 5358 τήν
3622 5287 3747 5340 ἀίει-ι

2175 5376 3732 5453 σίαντήνπρὺςτδνῦφιν,τὴνπρδςτὺνδιάσσλαν.

2180 5628 2618 5711 synod_o_faetutn
2649 5627 2877 5697 legimus
2919 5629 3062 5702 apud
3101 5626 3488 5699 Hieronymum
3518 5624 3739 5684 Pver-fat.

651 5686 1121 5770 'I.ibrum_.iudith
1146 5686 1327 5770 'vides
1374 5699 1442 5750 ab
1479 5686 2083 5770 Origene'scripltirani
2178 5686 2232 5755 ni
2259 5700 2465 5756 Iudith.
2502 5686 2765 5755 Ηυετιιῖε.

507 5753 805 5821 appellari;
860 5758 912 5811 id
941 5762 1084 5826 quod
1121 5780 1150 5815 ιι
1188 5765 1403 5818 Nutu-nn
1456 5753 1674 5836 quoque
1698 5753 1704 5754 ί
1728 5753 2079 5841 postmodum
