4218 6292
347 336 450 388 εςιτ

1502 332 1569 388 ΓΝ
1607 330 1956 388 JEREMMM
1996 329 2280 388 llOMlLlA
2319 332 2460 386 XIX.

3510 340 3614 396 518

351 456 638 528 Σινθήω
665 454 789 509 ποτε
822 456 849 509 ό
874 453 1001 525 δφις
1030 454 1167 526 πρδς
1194 423 1462 525 τὴνἘῦαν
1491 456 1806 525 ἐποιήσατο,
1834 452 1929 509 καὶ

2034 453 2175 509 inter
2207 455 2352 509 hunc
2376 463 2428 508 et
2456 453 2602 507 illam
2633 461 2835 522 ponat,
2866 463 2925 506 ut
2954 454 3250 510 amicitiam
3284 455 3430 511 inter
3459 458 3609 515 illam

354 545 426 619 ἦν
462 547 612 619 αὐτῷ
639 546 793 616 φίλη,
833 547 929 600 καὶ
969 549 998 601 ό
1039 546 1160 615 ὄφις
1185 549 1252 618 τῇ
1288 546 1523 617 γυναικί.
1582 546 1719 600 Ἀλλ’
1749 548 1776 599 ό
1803 547 1935 612 Θεὸς

359 636 846 711 ἐπραγματεύσατο
866 678 881 702 ,
911 637 988 701 ὡς
1026 636 1265 706 ἀγαθὸς,
1299 639 1396 701 τὰς
1424 636 1696 708 συνθήκας
1735 640 1934 700 ταύτας

362 730 609 802 λυθῆναι,
638 729 731 783 καὶ
758 728 857 800 τὴν
882 729 1066 798 φιλίαν
1090 728 1293 801 ταύτην
1318 729 1416 802 τὴν
1454 728 1629 800 κακὴν
1653 728 1939 782 διασκεδά-

365 840 489 884 σαι,
536 821 626 874 καὶ
680 816 756 885 ὥς
818 820 1023 890 ἀγαθὸς
1069 820 1202 884 Θεὸς
1251 820 1436 890 λέγει’
1485 822 1731 890 Ἐχθρὰν
1769 818 1935 886 θήσω

356 910 655 982 ἀναμέσω-
678 926 797 966 σου
818 952 834 977 ,
877 911 974 966 καὶ
1006 912 1313 981 ἁναμέσον
1344 911 1453 981 τῆς
1485 911 1770 982 γυναικὸς
1793 954 1808 978 ,
1838 910 1937 965 καὶ

353 1002 658 1073 ἀναμέσον
680 1001 789 1056 τοῦ
819 1002 1159 1071 σπέρματός
1186 1017 1302 1055 σου
1323 1040 1336 1067 ,
1364 1002 1461 1055 καί
1494 1000 1802 1071 ἀναμέσον
1827 1001 1935 1056 τοῦ

350 1093 694 1164 σπέρματος
722 1091 932 1161 αὐτῆς.
976 1093 1348 1164 Εύγνωμόνως
1379 1088 1473 1147 οὖν
1504 1092 1795 1164 ἀκούοιμεν
1835 1093 1851 1150 ί
1862 1093 1932 1163 1),

349 1185 469 1251 πῶς
494 1189 524 1239 ό
546 1186 681 1257 Geo;
724 1183 923 1256 ἐχθρὰν
951 1186 1094 1238 ποιεῖ
1122 1183 1219 1255 τὴν
1263 1184 1401 1255 πρὸς
1428 1184 1575 1238 τόνδε
1592 1224 1608 1248 ,
1641 1185 1729 1237 ἵνα
1756 1183 1935 1252 φιλίαν

348 1279 553 1350 ποιήσῃ
583 1276 684 1347 τὴν
710 1276 846 1348 πρὸς
877 1275 967 1330 τὸν
996 1276 1226 1347 Χριστόν
1246 1292 1260 1305 θ
1294 1275 1561 1329 ἀδύνατον
1581 1274 1688 1347 γὰρ
1713 1274 1828 1346 ἆμα
1854 1271 1934 1328 εἴ·

347 1385 439 1422 ναι
475 1368 629 1437 φίλον
661 1366 771 1420 τῶν
802 1366 1079 1421 ἐναντίων.
1117 1368 1228 1420 Καὶ
1261 1366 1452 1438 ὥσπερ
1492 1365 1668 1429 οὐδεὶς
1712 1366 1932 1420 δύναται

345 1458 471 1512 δυσὶ
511 1457 721 1530 κυρίοις
757 1455 1053 1521 δουλεύειν,
1101 1456 1275 1520 οὓτως
1317 1456 1493 1520 οὐδεὶς
1539 1457 1762 1510 δύναται
1798 1453 1935 1510 εἶναι

350 1549 503 1617 φίλος
534 1549 629 1603 καί
653 1546 771 1618 Θεῷ
803 1548 897 1602 καὶ
925 1549 1243 1619 Μαμμωνᾷ,
1280 1547 1432 1615 φίλος
1463 1548 1556 1601 καὶ
1590 1548 1810 1620 Χριστῷ
1839 1549 1935 1603 καὶ

348 1643 501 1712 ὄφει·
534 1640 668 1695 ἀλλὰ
698 1640 910 1712 ἀνάγκη
941 1641 1035 1695 καὶ
1067 1640 1163 1712 τὴν
1195 1640 1377 1710 φιλίαν
1406 1641 1504 1713 τὴν
1534 1641 1670 1712 πρὸς
1702 1642 1934 1712 Χριστὸν

349 1732 553 1805 ἐχθρὰν
583 1732 807 1803 ποιῆσαι
835 1732 970 1802 πρὸς
1010 1731 1099 1786 τὸν
1148 1732 1271 1801 ὅφιν
1294 1771 1309 1796 ,
1342 1732 1435 1785 καὶ
1484 1731 1581 1802 τὴν
1614 1732 1792 1800 φιλίαν
1834 1732 1933 1804 τὴν

350 1798 488 1894 πρὸς
514 1823 604 1876 τὸν
630 1798 752 1892 ὅφιν
778 1798 976 1901 ἔχθραν
995 1798 1253 1893 γεννῆσαι
1286 1822 1384 1893 τὴν
1411 1798 1548 1893 πρὸς
1567 1798 1658 1874 τὸν
1674 1798 1927 1891 Χριστόν.
1970 1798 2006 1852 Β

360 1914 630 1969 Ἄθεσίαν
661 1914 761 1969 καὶ
795 1916 1197 1983 ταλαιπωρίαν
1222 1914 1671 1983 ἐπικαλέσομαι.
1719 1914 1836 1966 Ἵνα
1875 1913 1931 1966 δὲ

351 2005 554 2076 μᾶλλον
600 2008 800 2080 νοήσῃς
859 2007 920 2061 τό
942 2024 955 2038 °
1004 2008 1413 2076 Ταλαιπωρίαν
1462 2004 1895 2073 ἐπικαλέσομίιι
1915 2045 1929 2069 ,

346 2098 637 2170 διαγρὰψω
661 2099 689 2152 ὅ
714 2116 767 2152 τι
793 2098 1074 2169 γινόμενον
1101 2101 1215 2161 τοῖς
1238 2100 1504 2168 ἀσκηταῖς
1533 2096 1610 2167 (2)
1629 2112 1642 2125 °
1678 2095 1933 2158 πολλάκις

348 2189 461 2261 γὰρ
488 2188 895 2259 παρακειμένου
925 2188 1017 2243 τοῦ
1051 2188 1230 2260 γῆμαι
1249 2228 1264 2252 ,
1291 2189 1385 2241 καὶ
1418 2186 1492 2259 μὴ
1520 2186 1662 2257 ἔχειν
1704 2186 1933 2257 πρᾶγμα

347 2281 794 2352 ἐπανισταμένης
822 2282 918 2352 τῆς
951 2282 1151 2354 σαρκός
1176 2281 1251 2353 τῷ
1277 2282 1568 2353 πνεύματι,
1589 2279 1822 2352 αίρεῖταί
1848 2296 1932 2345 τις

347 2374 413 2426 οὐ
482 2373 926 2445 καταχρήσασθαι
987 2376 1055 2446 τῇ
1105 2373 1201 2427 τοῦ
1258 2377 1454 2446 γαμεῖν
1506 2372 1751 2444 ἐξουσίᾳ,
1798 2370 1932 2425 ἀλλά

347 2465 719 2538 ταλαιπωρεῖν
771 2467 865 2519 καὶ
914 2467 1141 2539 κάμνειν
1164 2507 1179 2528 ,
1243 2465 1580 2531 ὑπωπιάζειν
1649 2466 1709 2520 τὸ
1773 2463 1932 2536 σῶμα

347 2556 662 2625 νηστείαις,
707 2556 800 2609 κα)⁵
854 2555 1220 2626 δουλαγωγεῖν
1264 2556 1397 2611 αὐτὸ
1444 2558 1676 2627 ἀποχαῖς
1714 2554 1931 2609 τοιῶνδε

353 2646 655 2719 βρωμάτων
675 2686 690 2712 ,
716 2647 809 2701 καὶ
848 2649 1008 2701 παντὶ
1047 2648 1234 2720 τρόπῳ
1257 2647 1335 2720 τῷ
1362 2648 1631 2719 πνεύματι
1662 2647 1761 2712 τὰς
1795 2645 1937 2719 πρά-

2035 554 2090 600 et
2121 545 2399 599 Christum
2442 542 2713 599 conciliet.
2751 541 2891 597 Fieri
2929 546 3074 598 enim
3126 546 3286 615 272
3332 548 3519 616 nequit
3556 560 3616 601 ut

2035 637 2160 707 quis
2182 638 2585 692 contrariorum
2626 637 2787 691 simul
2837 636 3046 691 amicus
3076 635 3166 691 sit.
3202 635 3268 692 Et
3295 638 3438 692 sicut
3464 654 3613 695 nemo

2033 737 2202 797 potest
2231 728 2434 782 duobus
2469 729 2697 782 dominis
2727 729 2939 790 serrire,
2972 729 3044 780 ita
3077 742 3239 782 nemo
3271 738 3448 798 potest
3475 729 3615 786 ami-

2035 838 2133 879 cus
2185 837 2304 877 esse
2348 822 2458 876 Deo
2509 830 2563 875 et
2633 820 2989 884 Mammonan,
3047 820 3258 874 amicus
3292 820 3514 891 Christo
3558 833 3616 879 et

2036 914 2304 982 serpenti;
2337 914 2427 968 sed
2459 928 2681 968 necesse
2702 922 2785 967 est
2816 924 2873 966 ut
2906 911 3144 966 amicitia
3180 910 3382 967 Christi
3426 913 3610 967 inimi-

2036 1006 2193 1060 citias
2224 1013 2442 1073 generet
2475 1020 2598 1058 cum
2631 1012 2916 1073 serpente,
2948 1012 2999 1059 et
3057 1003 3298 1057 amicitia
3346 1007 3618 1071 serpentis

2036 1095 2351 1150 inimicitias
2376 1095 2554 1165 pariat
2577 1111 2702 1150 cum
2734 1095 2975 1151 Christo.
3030 1094 3533 1160 Praearicarionem
3565 1105 3616 1151 ct

2037 1189 2306 1241 miseriam
2358 1186 2626 1240 invocabo.
2664 1185 2733 1240 Ut
2762 1202 2890 1240 vero
2936 1186 3131 1240 melius
3179 1188 3449 1257 intelligas
3480 1189 3609 1255 quid

2037 1277 2140 1340 sit,
2185 1277 2453 1330 miseriam
2501 1276 2750 1330 invocabo
2785 1315 2800 1340 ,
2830 1276 3135 1330 describam
3166 1278 3307 1345 quod
3339 1279 3452 1332 ﬁeri
3479 1280 3614 1333 solet

2036 1370 2104 1424 ab
2149 1370 2366 1424 ascetis.
2413 1368 2507 1423 Est
2556 1371 2701 1423 enim
2742 1385 2881 1438 saepe
2909 1368 3153 1437 quicum
3186 1372 3257 1425 sit
3288 1371 3335 1425 ei
3382 1371 3612 1425 lbet-um

2036 1462 2261 1524 nubere,
2290 1461 2479 1530 sicque
2510 1462 2682 1514 vitare
2710 1461 3013 1515 molestiam
3048 1462 3380 1530 insnrgentis
3416 1462 3612 1517 adver-

2035 1568 2129 1607 sus
2169 1553 2418 1621 spiritum
2464 1552 2681 1617 carnis,
2709 1552 2861 1622 eligit
2909 1568 3016 1607 non
3049 1553 3199 1607 abuti
3246 1553 3484 1607 nubendi
3526 1569 3615 1622 po-

2037 1652 2251 1708 testate,
2298 1643 2390 1696 sed
2428 1641 2590 1711 amigi
2620 1650 2675 1695 et
2722 1641 2953 1696 tolerare
2977 1681 2991 1705 ,
3034 1641 3259 1711 jejuuiis
3284 1658 3482 1711 corpus
3507 1641 3612 1697 do—

2037 1752 2205 1799 mare,
2236 1736 2411 1805 ipsum
2441 1736 2492 1787 in
2521 1734 2835 1789 servitutem
2870 1734 3112 1804 redigere
3146 1736 3334 1788 talium
3361 1734 3611 1789 ciborum

2038 1824 2364 1879 abstinentia
2384 1865 2397 1887 ,
2427 1832 2481 1879 et
2503 1824 2819 1878 omnimodo
2848 1824 3041 1892 spiritu
3076 1823 3215 1878 facta
3248 1825 3430 1878 carnis
3465 1839 3613 1878 mor-

2038 1919 2264 1971 tilicare.
2296 1914 2485 1969 Nonne
2516 1914 2604 1967 hic
2629 1915 2907 1969 miseriam
2943 1915 3238 1981 invocavit,
3263 1930 3387 1970 cum
3422 1923 3609 1984 posset

2037 2010 2249 2065 deliciis
2290 2006 2771 2076 voluptatibusque
2819 2021 2877 2061 se
2922 2007 3052 2060 dare
3095 2017 3151 2061 et
3190 2009 3465 2062 miseriam
3500 2022 3609 2063 non

2038 2097 2328 2153 invocare?
2371 2096 2428 2150 Si
2458 2097 2582 2166 quis
2614 2111 2744 2166 ergo
2778 2096 3096 2165 prophetam
3152 2096 3356 2152 imitari
3398 2107 3610 2166 potest,

2037 2188 2537 2260 praevaricationem
2560 2227 2575 2251 ,
2621 2196 2681 2240 ut
2710 2188 3067 2255 exposuimus
3091 2228 3107 2254 ,
3144 2198 3198 2241 et
3229 2189 3502 2242 miseriam
3554 2189 3610 2244 in

2037 2281 2141 2349 piis
2186 2277 2669 2333 exercitationibus
2702 2277 2938 2330 invocet.
2978 2274 3036 2331 id
3072 2286 3250 2331 autem
3286 2292 3411 2333 vere
3445 2278 3609 2351 etiam

2035 2371 2089 2425 in
2113 2369 2343 2426 Ieremia
2374 2366 2621 2438 contigit,
2653 2381 2776 2421 cum
2805 2366 3006 2422 caelebs
3044 2376 3193 2423 caste
3216 2369 3444 2431 vixerat;
3473 2370 3612 2425 dixit

2034 2462 2178 2516 enim
2212 2461 2285 2514 illi
2318 2459 2459 2515 Deus
2481 2463 2497 2491 ί
2525 2476 2539 2512 :
2574 2459 2697 2514 Non
2742 2462 2980 2532 accipias
3010 2462 3309 2529 mulierem,
3338 2480 3500 2535 neque
3523 2465 3610 2535 fa—

2037 2546 2153 2607 cias
2177 2552 2367 2607 liberos
2390 2593 2405 2619 ,
2448 2561 2502 2607 et
2534 2553 2589 2607 in
2617 2552 2872 2609 castitate
2910 2554 3066 2613 visit.
3098 2554 3607 2613 Praevaricationem

2038 2660 2274 2714 namque
2303 2653 2358 2700 et
2386 2644 2663 2700 miseriam
2695 2646 2987 2701 invocavit.

352 2738 465 2804 ξεις
490 2736 583 2792 τοῦ
611 2736 860 2810 σώματος
895 2737 1178 2803 θανατοῦν.
1219 2735 1346 2809 Ἆρ’
1380 2740 1408 2792 ὁ
1443 2737 1683 2801 τοιοῦτος
1725 2737 1786 2790 ού
1829 2736 1930 2809 τὴν
1996 2733 2368 2806 ταλαιπωρίαν
2416 2733 2817 2799 ἐπεκαλέσατο,
2886 2735 3059 2808 παρὸν
3097 2735 3372 2791 ἐπιδοῦναι
3419 2735 3613 2793 ἑαυτὸν

349 2833 530 2902 τρυφῇ
565 2832 658 2886 καὶ
695 2832 891 2904 ἡδονῇ,
934 2833 1028 2886 καὶ
1078 2832 1153 2904 μὴ
1197 2833 1577 2887 ἐπικαλεῖσθαι
1609 2832 1708 2904 τὴν
1754 2830 2166 2903 ταλαιπωρίανς
2197 2830 2264 2883 Et
2282 2847 2365 2893 τις
2411 2826 2506 2883 οὖν
2566 2829 2784 2883 δύναται
2823 2829 3106 2901 μιμεῖσθαι
3161 2831 3254 2886 τὸν
3306 2833 3612 2904 προφήτην,

350 2923 447 2976 καὶ
473 2921 717 2988 ἀθεσίαν,
754 2923 830 2987 ὡς
860 2923 1266 2995 διηγησάμεθα,
1300 2924 1684 2987 ἐπικαλείσθω,
1732 2924 1827 2978 καὶ
1865 2922 2239 2993 ταλαιπωρίαν
2300 2922 2358 2975 δὲ
2408 2924 2465 2975 ἐν
2519 2924 2638 2985 ταῖς
2680 2922 2945 2994 ἀσκήσεσι
3002 2923 3383 2978 ἐπικαλείσθω.
3414 2927 3612 2998 Ἔτυγε

349 3018 410 3072 δὲ
434 3017 531 3089 τὴν
567 3020 806 3093 ἱστορίαν
829 3014 969 3074 εἶναι
1004 3019 1179 3091 ἁληθῆ
1207 3020 1459 3093 καὶπερὶ
1496 3020 1757 3093 Ἱερεμίου
1782 3059 1797 3085 ,
1842 3021 1923 3074 ὅτι
1960 3018 2054 3072 καὶ
2089 3019 2148 3071 ἐν
2186 3017 2380 3088 ἁγνεία
2418 3017 2643 3087 ιξξτισεν⁸
2678 3012 2799 3070 εἷπε
2859 3016 2970 3089 γὰρ
3021 3016 3169 3087 αὐτῷ
3200 3019 3228 3070 ό
3259 3017 3493 3091 Κύριος’
3529 3022 3615 3075 Οὐ

344 3109 435 3182 μὴ
478 3113 668 3183 λάϐῃς
710 3113 1001 3185 γυναῖκα,
1029 3114 1155 3169 οὐδ’
1186 3117 1257 3169 οὐ
1286 3115 1372 3186 μὴ
1417 3116 1677 3184 ποιήσῃς
1708 3114 1888 3169 τέκνα
1910 3131 1924 3145 ·
1965 3113 2059 3168 καὶ
2083 3115 2141 3167 ὲν
2179 3113 2372 3186 ἁγνείᾳ⁵
2418 3111 2630 3184 ἔζησεν.
2670 3112 2918 3167 ’Δθεσίαν
2953 3112 3061 3185 γὰρ
3105 3114 3200 3167 καὶ⁹
3242 3114 3612 3187 ταλαιπωρίαν

351 3209 741 3264 ἐπεκαλέσατο.

424 3300 547 3354 ὀτι
601 3299 855 3369 ἐγενήθη
910 3300 1093 3370 λόγος
1161 3300 1383 3370 Κυρίου
1433 3300 1564 3370 ἐμοὶ
1630 3302 1719 3367 εις
1781 3301 1933 3354 ὀνει-

2107 3293 2161 3348 8.
2204 3291 2346 3358 Quia
2393 3291 2570 3361 factus
2599 3300 2678 3345 est
2707 3306 2882 3345 sermo
2912 3288 3126 3347 Domini
3166 3289 3222 3343 in
3273 3291 3611 3359 opprobrium

349 3392 389 3447 δ
413 3393 586 3463 σμόν.
623 3393 907 3464 Μακάριος
943 3392 1247 3463 Ἱερεμίας,
1296 3392 1370 3464 μὴ
1423 3393 1563 3464 ἔχων
1607 3393 1765 3447 ἀλλον
1791 3396 1931 3447 ὀνει-

349 3483 545 3554 δισμὸν
578 3483 609 3554 ἢ
641 3483 732 3537 τὸν
759 3483 913 3552 λόγον
946 3480 1040 3535 τοῦ
1069 3482 1305 3553 Κυρίου’
1338 3484 1499 3554 ἡμεῖς
1525 3482 1584 3536 δὲ
1615 3485 1664 3536 οἱ
1705 3483 1933 3545 τάλανες

351 3575 550 3647 ἔχομεν
574 3575 909 3647 ὀνειδισμοὺς
931 3576 992 3629 οὐ
1018 3576 1106 3629 διὰ
1136 3576 1225 3629 τὸν
1251 3575 1407 3644 λόγον
1429 3574 1522 3629 τοῦ
1553 3576 1778 3647 Κυρίου,
1795 3574 1932 3629 ἀλλά

351 3668 443 3721 διὰ
479 3666 550 3719 τά
580 3667 827 3738 ἡμέτερα
860 3668 1264 3739 ἁμαρτήματαί
1292 3668 1387 3720 καὶ
1431 3666 1797 3736 ὀνειδιζόμεθα
1846 3666 1929 3736 ἐφ’

349 3752 434 3822 οἷς
461 3758 723 3828 πταίομεν
739 3798 755 3823 ,
789 3759 882 3811 καὶ
908 3760 1247 3829 ἐπταίσαμεν
1269 3801 1283 3824 ,
1313 3759 1406 3811 καὶ
1431 3757 1814 3830 λοιὼρούμεθα
1839 3760 1932 3812 ἐπὶ

349 3853 473 3913 ταῖς
511 3850 730 3913 κακίαις
759 3849 942 3922 ἡμῶν.
996 3850 1053 3903 '0
1097 3850 1154 3902 δὲ
1196 3849 1386 3920 Σωτὴρ
1428 3850 1502 3920 (5)
1553 3849 1613 3900 ού
1659 3848 1931 3912 τοιούτους

348 3943 504 4012 ἡμᾶς
534 3941 869 4012 ὀνειδισμοὺς
903 3940 1045 3995 θέλει
1088 3940 1440 4005 ὀνειδίζεσθαι
1476 3940 1680 4008 λέγων’
1725 3939 1929 3994 Μακά-

342 4031 470 4101 ριοι
498 4031 639 4086 ἐστε
680 4031 825 4085 ὅταν
856 4031 1238 4085 ὀνειδίσωσιν
1270 4029 1455 4100 ὑμᾶς,
1500 4031 1598 4084 καὶ
1644 4030 1928 4096 διώξωσι,

350 4124 455 4179 καὶ
489 4123 700 4178 εἴπωσι
730 4121 853 4177 πᾶν
883 4122 1154 4190 πονηρόν
1177 4121 1344 4190 ῥῆμα
1375 4122 1502 4175 καθ’
1528 4120 1695 4190 ὑμῶν
1721 4121 1932 4174 ἕνεκέν

344 4231 489 4284 μου.
522 4214 764 4281 Χαίρετε
792 4214 863 4267 ἐν
892 4214 1097 4281 ἐκείνῃ
1140 4210 1217 4281 τῇ
1267 4211 1490 4280 ἡμέρῃ,
1541 4211 1643 4266 καὶ
1690 4209 1932 4278 σκιρτή-

350 4318 521 4357 σατε.
580 4303 631 4355 '0
663 4303 844 4373 λόγος
873 4299 987 4367 οὖν,
1036 4303 1171 4375 φησι
1196 4343 1212 4368 ,
1247 4302 1356 4357 τοῦ
1402 4302 1626 4370 Κυρίου
1676 4300 1931 4373 ἐγενήθη

350 4393 483 4464 ἐμοὶ
526 4396 613 4461 εὶς
659 4394 1002 4464 ι’γειδισμὸν
1054 4395 1153 4449 καί
1197 4397 1285 4461 είς
1333 4394 1684 4464 χλευασμὸν
1725 4391 1934 4448 πᾶσαν

352 4486 601 4556 ἡμέραν.
662 4480 798 4539 Εἶτα
844 4487 1179 4557 κατανόησον
1228 4485 1304 4550 ὥς
1363 4486 1500 4539 είσιν
1546 4487 1596 4538 oi
1660 4484 1931 4556 προφῆται

355 4579 696 4651 εὐγνώμονες
740 4577 1016 4651 ἄνθρωποι
1037 4618 1053 4641 ,
1097 4579 1191 4632 καὶ
1230 4578 1329 4632 οὐκ
1361 4576 1837 4649 ἀποκρυπτόμενοι
1865 4575 1933 4628 τὰ

2037 3390 2168 3445 mihi
2192 3391 2235 3444 '.
2287 3386 2487 3443 Beatus
2519 3384 2783 3440 Jeremias
2817 3383 2904 3439 cui
2940 3398 3048 3437 non
3080 3381 3226 3436 aliud
3278 3393 3361 3437 est
3414 3399 3613 3453 oppro-

2038 3482 2157 3537 brio
2185 3495 2348 3551 quam
2385 3493 2569 3534 sermo
2594 3476 2813 3532 Domini
2842 3493 2856 3540 ;
2905 3489 3008 3528 nos
3051 3482 3233 3527 autem
3266 3474 3452 3528 miseri
3492 3475 3607 3543 qui-

2038 3570 2138 3626 bus
2173 3569 2463 3640 opprobrio
2487 3576 2570 3623 est
2599 3583 2706 3622 non
2740 3566 2965 3621 verbum
2999 3562 3238 3627 Domini,
3267 3566 3359 3619 sed
3385 3574 3607 3634 peccata

2037 3662 2256 3715 nostra!
2314 3659 2483 3714 Nobis
2532 3657 2826 3729 opprobrio
2873 3664 3003 3710 sunt
3044 3655 3225 3723 lapsus
3267 3656 3438 3709 nostri
3493 3664 3605 3711 tum

2037 3760 2331 3823 praesentes
2383 3758 2495 3804 tum
2534 3748 2810 3819 praeteriti.
2863 3747 2969 3801 Pro
3000 3747 3147 3800 vitiis
3202 3747 3405 3801 nostris
3441 3747 3610 3802 male-

2036 3844 2178 3898 dicta
2210 3843 2567 3897 sustinemus.
2604 3838 2805 3893 Verum
2854 3836 3106 3892 Salvator
3147 3853 3256 3893 non
3304 3838 3453 3891 hisce
3502 3852 3607 3893 uos

2037 3934 2341 4004 opprobriis
2374 3932 2559 3987 vexari
2592 3933 2725 3994 vult,
2753 3945 2876 3984 cum
2903 3930 3072 3984 dicit8
3100 3948 3112 3982 a
3148 3928 3300 3982 Beati
3332 3930 3459 3982 estis
3486 3945 3606 3982 cum

2036 4024 2405 4078 muledia‘erint
2437 4021 2603 4086 vobis,
2642 4030 2690 4075 et
2723 4020 2983 4089 persecuti
3014 4034 3100 4071 vos
3142 4018 3359 4088 fuerint,
3386 4029 3434 4071 et
3459 4019 3609 4073 dixe-

2036 4116 2143 4168 rint
2173 4130 2321 4167 omne
2352 4112 2551 4166 malum
2576 4113 2853 4165 adversum
2883 4126 2970 4163 vos
3004 4118 3216 4178 propter
3241 4126 3344 4166 me.
3376 4108 3608 4164 Gaudete

2036 4205 2091 4257 in
2125 4204 2224 4258 illa
2262 4203 2347 4256 die
2375 4213 2425 4255 et
2461 4200 2740 4255 exsultate.
2773 4198 2955 4253 Sermo
2987 4201 3169 4267 itaque
3226 4199 3474 4265 Domini,
3525 4199 3605 4252 in-

2037 4296 2188 4366 quit,
2237 4295 2410 4363 factus
2436 4300 2518 4346 est
2547 4293 2603 4344 in
2636 4290 2974 4360 opprobrium
3007 4291 3157 4357 milii,
3191 4299 3241 4344 et
3283 4290 3339 4343 in
3374 4290 3609 4344 derisum

2041 4395 2150 4440 tota
2171 4387 2276 4439 die.
2309 4383 2605 4439 Considera
2628 4382 2824 4437 deinde
2854 4396 3018 4452 quam
3047 4382 3157 4435 sint
3185 4381 3460 4452 prophetae
3483 4396 3609 4435 can-

2037 4477 2147 4533 didi
2208 4478 2485 4542 homines,
2532 4491 2677 4538 non,
2726 4473 2884 4528 sicuti
2937 4489 3037 4529 nos
3087 4472 3347 4540 facimus,
3388 4482 3610 4542 peccata

2038 4571 2255 4642 propria
2284 4570 2621 4625 occultantes
2647 4607 2663 4632 ,
2695 4577 2749 4621 at
2779 4568 2958 4637 palam
3012 4583 3120 4621 non
3152 4574 3362 4621 tantum
3395 4564 3480 4617 sui
3508 4563 3610 4618 aevi

359 4668 463 4722 ἴδια
496 4670 872 4741 ἁμαρτήματα
916 4668 993 4732 ὠς
1032 4671 1225 4739 ἡμεῖς,
1275 4668 1369 4721 καὶ
1406 4667 1653 4736 λέγοντες
1698 4667 1799 4719 οὐκ
1842 4667 1935 4719 ἐπὶ¹

2042 4662 2388 4727 hominibus,
2439 4661 2535 4715 sed
2567 4660 2779 4714 cunctis
2808 4658 3253 4730 generationibus
3281 4656 3523 4711 dicentes
3560 4656 3607 4710 si

355 4766 463 4820 τῶν
509 4767 630 4819 τότε
679 4766 869 4837 μόνον,
918 4762 1031 4817 ἀλλ’
1078 4762 1172 4816 ἐπὶ
1217 4762 1407 4816 πασῶν
1454 4761 1563 4814 τῶν
1608 4759 1839 4830 γενεῶν,
1884 4761 1932 4812 εἰ

357 4859 730 4929 ἡμαρτήκασι.
770 4853 948 4923 Κάγὼ
983 4854 1082 4925 μὲν
1130 4852 1274 4907 ὀκνῶ
1314 4851 1812 4923 ἐξομολογήσασθαι
1861 4847 1934 4901 τὰ

358 4949 729 5021 ἁμαρτήματά
763 4964 863 5019 μου
900 4946 992 5000 ἐπὶ
1015 4944 1124 4998 τῶν
1150 4944 1344 5013 ὀλίγων
1368 4943 1622 5003 ἐνταῦθα,
1653 4943 1776 4994 ἐπεὶ
1814 4940 1934 5010 μέλ-

356 5040 506 5094 λουσί
533 5057 632 5111 μου
660 5037 1088 5109 καταγινώσκειν
1108 5037 1155 5089 οί
1182 5034 1469 5098 ἀκούοντες
1494 5051 1506 5064 ·
1530 5037 1558 5088 ό
1584 5034 1640 5088 δὲ
1665 5031 1932 5104 Ἱερεμίας

357 5150 413 5186 τι
444 5132 629 5186 παθὼν
652 5130 1022 5204 ἁμαρτητικὸν
1047 5128 1148 5182 οὐκ
1188 5127 1384 5198 ᾐδέσθη
1403 5166 1417 5189 ,
1460 5124 1597 5179 ἀλλά
1628 5121 1933 5193 ἀνέγραψεν

358 5222 526 5278 αὑτοῦ
566 5223 664 5295 τὴν
695 5222 1000 5294 ἁμαρτίαψ
1039 5218 1279 5290 ἁμαρτία
1320 5215 1431 5286 γὰρ
1461 5211 1529 5285 ἦν
1573 5214 1636 5266 τὸ
1680 5209 1937 5281 ἐπιφερό-

363 5334 523 5388 μενον
547 5319 605 5371 ἐν
632 5316 740 5388 τῷ,
781 5314 891 5370 Καὶ
923 5310 1062 5368 εἶπα
1081 5328 1094 5343 ·
1132 5312 1214 5364 Οὐ
1243 5308 1329 5376 μὴ
1360 5304 1634 5376 ὀνομάσω
1658 5305 1720 5358 τὸ
1748 5302 1937 5371 ὄνομα

359 5409 581 5477 Κυρίου
604 5450 619 5472 ,
661 5408 762 5462 καί
805 5410 877 5462 οὐ
918 5404 1004 5477 μὴ
1044 5401 1298 5467 λαλήσω
1325 5399 1413 5453 ἔτι
1455 5397 1553 5451 ἐπί
1585 5395 1664 5462 τῷ
1692 5396 1935 5463 ὀνόματι

358 5500 565 5555 αὐτοῦ.
600 5499 914 5571 Ἐδιδάχθης
947 5497 1125 5550 πάντα
1157 5495 1328 5548 ποιεῖν
1361 5493 1419 5543 ἐν
1448 5489 1673 5559 ὀνόματι
1705 5485 1932 5557 Κυρίου,

2039 4757 2169 4827 quid
2217 4761 2533 4824 peccarunt.
2581 4751 2694 4823 Ego
2728 4751 2947 4821 quidem
2993 4762 3105 4803 non
3158 4747 3332 4802 audeo
3361 4747 3605 4802 contueri

2040 4847 2130 4900 hic
2164 4860 2312 4899 meas
2347 4844 2664 4913 iniquitates
2711 4856 2895 4896 curam
2948 4839 3172 4909 paucis,
3217 4837 3476 4909 quoniam
3509 4855 3608 4893 au-

2037 4936 2248 4991 dientes
2278 4950 2364 4989 me
2396 4932 2809 4990 condemnaturi
2855 4942 3021 4996 sunt;
3050 4939 3105 4984 at
3136 4927 3431 4994 Jeremias,
3479 4944 3602 4984 cum

2038 5026 2238 5097 aliquid
2276 5025 2632 5095 deliquisset,
2665 5038 2774 5077 non
2803 5022 3055 5087 erubuit,
3089 5022 3183 5076 sed
3209 5036 3370 5076 suum
3410 5035 3606 5089 perca-

2038 5127 2153 5173 tum
2197 5117 2413 5187 scriptis
2461 5114 2757 5169 mandavit.
2807 5112 3095 5167 Peccatum
3136 5121 3251 5167 erat
3284 5113 3428 5182 quod
3473 5114 3607 5165 sub-

2035 5210 2219 5266 ditur‘
2250 5225 2263 5262 :
2303 5207 2374 5262 Et
2412 5208 2527 5261 dixi
2562 5222 2579 5260 :
2614 5205 2737 5259 Non
2792 5205 3074 5259 nominabo
3118 5220 3304 5257 nomen
3356 5200 3603 5264 Domini,

2036 5319 2128 5357 nec
2156 5301 2346 5371 loquar
2375 5298 2520 5353 ultra
2550 5297 2603 5350 in
2625 5298 2833 5350 nomine
2852 5295 3039 5365 ipsius.
3071 5293 3310 5347 Edoctns
3335 5306 3394 5345 es
3424 5290 3606 5343 omnia

2037 5390 2092 5444 iu
2127 5389 2349 5443 nomine
2384 5386 2597 5440 Domini
2628 5385 2787 5455 273
2830 5383 3046 5449 facere,
3085 5381 3267 5436 omnia
3298 5380 3352 5433 in
3386 5378 3608 5434 nomine

2037 5481 2252 5538 Domini
2279 5495 2469 5551 agere;
2504 5489 2562 5534 tu
2593 5493 2722 5534 vero
2748 5477 2924 5534 dicis:
2961 5476 3085 5531 Non
3112 5473 3392 5560 nominabo
3422 5486 3607 5527 nomen

434 5618 451 5645 ¹
491 5613 602 5671 Jer.
630 5630 742 5679 xvi,
777 5614 832 5667 2.
910 5614 930 5644 ³
969 5610 1079 5665 Jer.
1116 5624 1209 5673 xx,
1234 5606 1286 5661 8.
1365 5605 1386 5636 ³
1425 5603 1615 5658 Matth.
1650 5618 1702 5668 v,
1736 5602 1819 5668 ll,
1855 5602 1939 5657 12.
2016 5600 2039 5633 ⁸
2074 5597 2186 5655 Jer.
2218 5611 2285 5650 xx
2308 5594 2399 5659 ,9.

438 5710 511 5771 ili
555 5709 910 5771 Ἀκούοιμρέν.
943 5706 1022 5760 Co
1043 5707 1122 5758 Eex
1155 5703 1406 5763 Scorial..
1436 5698 1657 5771 ἀκούεις
1689 5699 1809 5769 μέν.

437 5769 511 5850 (‘1)
549 5780 727 5833 (Index
760 5769 987 5830 Seni-iul.
1014 5806 1041 5841 ,κ
1059 5774 1341 5847 διαγράφω
1367 5773 1393 5825 ὅ
1428 5789 1478 5824 τι
1505 5769 1786 5839 γινόμενον
1818 5775 1928 5842 τοῖς

2037 5692 2327 5762 ἁσκηταῖς.

2112 5750 2188 5835 (Si
2227 5750 2449 5826 Σωτήρ.
2481 5758 2659 5813 (Index
2685 5755 2959 5823 \'atican.,
2991 5750 3214 5824 Κύριος.
