  <div class='ocr_page' id='page_1' title='image "/cluster/home/n/w/nwhite01/storage/ocr_20150623/13/mdp.39015007036059/261.png"; bbox 0 0 4218 6292; ppageno 0'>
   <div class='ocr_carea' id='block_1_1' title="bbox 556 336 660 394">
    <p class='ocr_par' dir='ltr' id='par_1_1' title="bbox 556 336 660 394">
     <span class='ocr_line' id='line_1_1' title="bbox 556 336 660 394; baseline -0.01 -1"><span class='ocrx_word' id='word_1_1' title='bbox 556 336 660 394; x_wconf 68' lang='lat' dir='ltr'><strong>bii)</strong></span> 
     </span>
    </p>
   </div>
   <div class='ocr_carea' id='block_1_2' title="bbox 2009 329 2332 390">
    <p class='ocr_par' dir='ltr' id='par_1_2' title="bbox 2009 329 2332 390">
     <span class='ocr_line' id='line_1_2' title="bbox 2009 329 2332 390; baseline 0.006 -2"><span class='ocrx_word' id='word_1_2' title='bbox 2009 329 2168 390; x_wconf 80' lang='lat' dir='ltr'><strong>01th</strong></span> <span class='ocrx_word' id='word_1_3' title='bbox 2177 330 2332 390; x_wconf 68' lang='lat' dir='ltr'><strong>ENIS</strong></span> 
     </span>
    </p>
   </div>
   <div class='ocr_carea' id='block_1_3' title="bbox 3692 345 3797 399">
    <p class='ocr_par' dir='ltr' id='par_1_3' title="bbox 3692 345 3797 399">
     <span class='ocr_line' id='line_1_3' title="bbox 3692 345 3797 399; baseline 0 0"><span class='ocrx_word' id='word_1_4' title='bbox 3692 345 3797 399; x_wconf 70' lang='grc' dir='ltr'><strong>ἵ)ἑο</strong></span> 
     </span>
    </p>
   </div>
   <div class='ocr_carea' id='block_1_4' title="bbox 557 446 2163 522">
    <p class='ocr_par' dir='ltr' id='par_1_4' title="bbox 557 446 2163 519">
     <span class='ocr_line' id='line_1_4' title="bbox 557 446 2163 519; baseline -0.003 -11"><span class='ocrx_word' id='word_1_5' title='bbox 557 449 798 508; x_wconf 70' lang='lat' dir='ltr'><strong>Domini.</strong></span> <span class='ocrx_word' id='word_1_6' title='bbox 825 446 932 504; x_wconf 86' lang='lat' dir='ltr'><strong>Sed</strong></span> <span class='ocrx_word' id='word_1_7' title='bbox 955 448 1224 519; x_wconf 88' lang='lat' dir='ltr'><strong>quodnam</strong></span> <span class='ocrx_word' id='word_1_8' title='bbox 1253 460 1450 502; x_wconf 86' lang='lat' dir='ltr'><strong>nomen</strong></span> <span class='ocrx_word' id='word_1_9' title='bbox 1479 446 1860 504; x_wconf 79' lang='lat' dir='ltr'><strong>nominaturus</strong></span> <span class='ocrx_word' id='word_1_10' title='bbox 1883 448 1988 506; x_wconf 85' lang='lat' dir='ltr'><strong>es?</strong></span> <span class='ocrx_word' id='word_1_11' title='bbox 2013 447 2121 504; x_wconf 84' lang='lat' dir='ltr'><strong>No-</strong></span> <span class='ocrx_word' id='word_1_12' title='bbox 2149 468 2163 511; x_wconf 60' lang='grc' dir='ltr'>λ</span> 
     </span>
    </p>
   </div>
   <div class='ocr_carea' id='block_1_5' title="bbox 2216 446 3793 522">
    <p class='ocr_par' dir='ltr' id='par_1_5' title="bbox 2225 447 3793 522">
     <span class='ocr_line' id='line_1_5' title="bbox 2225 447 3793 522; baseline 0.004 -19"><span class='ocrx_word' id='word_1_13' title='bbox 2225 451 2284 503; x_wconf 73' lang='grc' dir='ltr'>ἐν</span> <span class='ocrx_word' id='word_1_14' title='bbox 2316 447 2539 522; x_wconf 84' lang='grc' dir='ltr'>ὀνόματι</span> <span class='ocrx_word' id='word_1_15' title='bbox 2584 449 2718 505; x_wconf 82' lang='grc' dir='ltr'>Θεοῦ</span> <span class='ocrx_word' id='word_1_16' title='bbox 2752 451 3040 521; x_wconf 76' lang='grc' dir='ltr'>πράττειν’</span> <span class='ocrx_word' id='word_1_17' title='bbox 3074 450 3140 503; x_wconf 77' lang='grc' dir='ltr'><strong>σὺ</strong></span> <span class='ocrx_word' id='word_1_18' title='bbox 3185 449 3241 505; x_wconf 79' lang='grc' dir='ltr'>δὲ</span> <span class='ocrx_word' id='word_1_19' title='bbox 3284 448 3461 519; x_wconf 82' lang='grc' dir='ltr'>λέγεις</span> <span class='ocrx_word' id='word_1_20' title='bbox 3483 467 3497 482; x_wconf 78' lang='grc' dir='ltr'><strong><em>ο</em></strong></span> <span class='ocrx_word' id='word_1_21' title='bbox 3526 448 3622 521; x_wconf 80' lang='grc' dir='ltr'><strong>Μὴ</strong></span> <span class='ocrx_word' id='word_1_22' title='bbox 3658 455 3793 509; x_wconf 84' lang='grc' dir='ltr'>ὀνο-</span> 
     </span>
    </p>
   </div>
   <div class='ocr_carea' id='block_1_6' title="bbox 559 538 2117 598">
    <p class='ocr_par' dir='ltr' id='par_1_6' title="bbox 559 538 2117 598">
     <span class='ocr_line' id='line_1_6' title="bbox 559 538 2117 598; baseline -0.003 0"><span class='ocrx_word' id='word_1_23' title='bbox 559 558 687 598; x_wconf 78' lang='lat' dir='ltr'><strong>men</strong></span> <span class='ocrx_word' id='word_1_24' title='bbox 709 541 931 597; x_wconf 88' lang='lat' dir='ltr'><strong>deorum</strong></span> <span class='ocrx_word' id='word_1_25' title='bbox 956 539 1258 593; x_wconf 91' lang='lat' dir='ltr'><strong>alienorum</strong></span> <span class='ocrx_word' id='word_1_26' title='bbox 1297 554 1405 593; x_wconf 88' lang='lat' dir='ltr'><strong>non</strong></span> <span class='ocrx_word' id='word_1_27' title='bbox 1448 538 1869 595; x_wconf 86' lang='lat' dir='ltr'><strong>recordabimini</strong></span> <span class='ocrx_word' id='word_1_28' title='bbox 1913 541 1965 595; x_wconf 92' lang='lat' dir='ltr'><strong>in</strong></span> <span class='ocrx_word' id='word_1_29' title='bbox 1997 556 2117 596; x_wconf 86' lang='lat' dir='ltr'><strong>cor-</strong></span> 
     </span>
    </p>
   </div>
   <div class='ocr_carea' id='block_1_7' title="bbox 556 627 2120 693">
    <p class='ocr_par' dir='ltr' id='par_1_7' title="bbox 556 627 2120 693">
     <span class='ocr_line' id='line_1_7' title="bbox 556 627 2120 693; baseline -0.002 -4"><span class='ocrx_word' id='word_1_30' title='bbox 556 634 719 689; x_wconf 84' lang='lat' dir='ltr'><strong>dibus</strong></span> <span class='ocrx_word' id='word_1_31' title='bbox 752 629 945 687; x_wconf 78' lang='lat' dir='ltr'><strong>vestris</strong></span> <span class='ocrx_word' id='word_1_32' title='bbox 966 669 981 693; x_wconf 95' lang='lat'><strong>,</strong></span> <span class='ocrx_word' id='word_1_33' title='bbox 1022 636 1077 683; x_wconf 89' lang='lat' dir='ltr'><strong>et</strong></span> <span class='ocrx_word' id='word_1_34' title='bbox 1105 628 1242 685; x_wconf 87' lang='lat' dir='ltr'><strong>dicis</strong></span> <span class='ocrx_word' id='word_1_35' title='bbox 1272 648 1286 684; x_wconf 88' lang='lat'><strong>:</strong></span> <span class='ocrx_word' id='word_1_36' title='bbox 1323 627 1446 683; x_wconf 89' lang='lat' dir='ltr'><strong>Non</strong></span> <span class='ocrx_word' id='word_1_37' title='bbox 1481 630 1758 684; x_wconf 74' lang='lat' dir='ltr'><strong>nominabo</strong></span> <span class='ocrx_word' id='word_1_38' title='bbox 1789 648 1975 687; x_wconf 83' lang='lat' dir='ltr'><strong>nomen</strong></span> <span class='ocrx_word' id='word_1_39' title='bbox 2014 632 2120 686; x_wconf 87' lang='lat' dir='ltr'><strong>Do-</strong></span> 
     </span>
    </p>
   </div>
   <div class='ocr_carea' id='block_1_8' title="bbox 559 719 2119 794">
    <p class='ocr_par' dir='ltr' id='par_1_8' title="bbox 559 719 2119 794">
     <span class='ocr_line' id='line_1_8' title="bbox 559 719 2119 794; baseline 0.001 -16"><span class='ocrx_word' id='word_1_40' title='bbox 559 724 708 789; x_wconf 81' lang='lat' dir='ltr'><strong>mini,</strong></span> <span class='ocrx_word' id='word_1_41' title='bbox 736 738 825 776; x_wconf 84' lang='lat' dir='ltr'><strong>nec</strong></span> <span class='ocrx_word' id='word_1_42' title='bbox 853 720 1042 790; x_wconf 85' lang='lat' dir='ltr'><strong>loquar</strong></span> <span class='ocrx_word' id='word_1_43' title='bbox 1074 719 1217 774; x_wconf 86' lang='lat' dir='ltr'><strong>ultra</strong></span> <span class='ocrx_word' id='word_1_44' title='bbox 1240 721 1294 775; x_wconf 88' lang='lat' dir='ltr'><strong>in</strong></span> <span class='ocrx_word' id='word_1_45' title='bbox 1332 724 1540 776; x_wconf 85' lang='lat' dir='ltr'><strong>nomine</strong></span> <span class='ocrx_word' id='word_1_46' title='bbox 1568 722 1760 791; x_wconf 84' lang='lat' dir='ltr'><strong>ipsius.</strong></span> <span class='ocrx_word' id='word_1_47' title='bbox 1795 721 1908 779; x_wconf 85' lang='lat' dir='ltr'><strong>Hoc</strong></span> <span class='ocrx_word' id='word_1_48' title='bbox 1938 724 2119 794; x_wconf 89' lang='lat' dir='ltr'><strong>itaque</strong></span> 
     </span>
    </p>
   </div>
   <div class='ocr_carea' id='block_1_9' title="bbox 556 811 2118 883">
    <p class='ocr_par' dir='ltr' id='par_1_9' title="bbox 556 811 2118 883">
     <span class='ocr_line' id='line_1_9' title="bbox 556 811 2118 883; baseline 0.001 -14"><span class='ocrx_word' id='word_1_49' title='bbox 556 814 687 869; x_wconf 89' lang='lat' dir='ltr'><strong>dicit</strong></span> <span class='ocrx_word' id='word_1_50' title='bbox 716 811 938 867; x_wconf 82' lang='lat' dir='ltr'><strong>humani</strong></span> <span class='ocrx_word' id='word_1_51' title='bbox 968 811 1175 881; x_wconf 88' lang='lat' dir='ltr'><strong>aliquid</strong></span> <span class='ocrx_word' id='word_1_52' title='bbox 1203 826 1419 882; x_wconf 84' lang='lat' dir='ltr'><strong>passus,</strong></span> <span class='ocrx_word' id='word_1_53' title='bbox 1455 813 1601 883; x_wconf 89' lang='lat' dir='ltr'><strong>quod</strong></span> <span class='ocrx_word' id='word_1_54' title='bbox 1629 814 1786 871; x_wconf 87' lang='lat' dir='ltr'><strong>nobis</strong></span> <span class='ocrx_word' id='word_1_55' title='bbox 1811 814 1972 870; x_wconf 85' lang='lat' dir='ltr'><strong>etiam</strong></span> <span class='ocrx_word' id='word_1_56' title='bbox 2014 831 2118 870; x_wconf 92' lang='lat' dir='ltr'><strong>usu</strong></span> 
     </span>
    </p>
   </div>
   <div class='ocr_carea' id='block_1_10' title="bbox 556 900 2120 972">
    <p class='ocr_par' dir='ltr' id='par_1_10' title="bbox 556 900 2120 972">
     <span class='ocr_line' id='line_1_10' title="bbox 556 900 2120 972; baseline 0 -13"><span class='ocrx_word' id='word_1_57' title='bbox 556 905 737 960; x_wconf 80' lang='lat' dir='ltr'><strong>venire</strong></span> <span class='ocrx_word' id='word_1_58' title='bbox 766 903 921 957; x_wconf 86' lang='lat' dir='ltr'><strong>solet.</strong></span> <span class='ocrx_word' id='word_1_59' title='bbox 946 900 1180 958; x_wconf 79' lang='lat' dir='ltr'><strong>Maxime</strong></span> <span class='ocrx_word' id='word_1_60' title='bbox 1213 917 1340 958; x_wconf 76' lang='lat' dir='ltr'><strong>vero</strong></span> <span class='ocrx_word' id='word_1_61' title='bbox 1368 903 1413 958; x_wconf 88' lang='lat' dir='ltr'><strong>si</strong></span> <span class='ocrx_word' id='word_1_62' title='bbox 1444 903 1569 972; x_wconf 89' lang='lat' dir='ltr'><strong>quis</strong></span> <span class='ocrx_word' id='word_1_63' title='bbox 1612 903 1717 958; x_wconf 85' lang='lat' dir='ltr'><strong>sibi</strong></span> <span class='ocrx_word' id='word_1_64' title='bbox 1753 904 2008 959; x_wconf 91' lang='lat' dir='ltr'><strong>conscius</strong></span> <span class='ocrx_word' id='word_1_65' title='bbox 2036 913 2120 959; x_wconf 88' lang='lat' dir='ltr'><strong>est</strong></span> 
     </span>
    </p>
   </div>
   <div class='ocr_carea' id='block_1_11' title="bbox 552 994 2119 1064">
    <p class='ocr_par' dir='ltr' id='par_1_11' title="bbox 552 994 2119 1064">
     <span class='ocr_line' id='line_1_11' title="bbox 552 994 2119 1064; baseline 0.001 -13"><span class='ocrx_word' id='word_1_66' title='bbox 552 1010 615 1051; x_wconf 87' lang='lat' dir='ltr'><strong>se</strong></span> <span class='ocrx_word' id='word_1_67' title='bbox 634 994 705 1049; x_wconf 89' lang='lat' dir='ltr'><strong>ob</strong></span> <span class='ocrx_word' id='word_1_68' title='bbox 726 994 1028 1050; x_wconf 79' lang='lat' dir='ltr'><strong>doctrinam</strong></span> <span class='ocrx_word' id='word_1_69' title='bbox 1050 1001 1103 1048; x_wconf 88' lang='lat' dir='ltr'><strong>et</strong></span> <span class='ocrx_word' id='word_1_70' title='bbox 1132 1007 1436 1048; x_wconf 85' lang='lat' dir='ltr'><strong>sermonem</strong></span> <span class='ocrx_word' id='word_1_71' title='bbox 1466 994 1759 1064; x_wconf 86' lang='lat' dir='ltr'><strong>aliquando</strong></span> <span class='ocrx_word' id='word_1_72' title='bbox 1785 995 1926 1048; x_wconf 90' lang='lat' dir='ltr'><strong>male</strong></span> <span class='ocrx_word' id='word_1_73' title='bbox 1949 994 2119 1052; x_wconf 84' lang='lat' dir='ltr'><strong>fuisse</strong></span> 
     </span>
    </p>
   </div>
   <div class='ocr_carea' id='block_1_12' title="bbox 554 1084 2114 1156">
    <p class='ocr_par' dir='ltr' id='par_1_12' title="bbox 554 1084 2114 1156">
     <span class='ocr_line' id='line_1_12' title="bbox 554 1084 2114 1156; baseline -0.001 -16"><span class='ocrx_word' id='word_1_74' title='bbox 554 1085 799 1141; x_wconf 90' lang='lat' dir='ltr'><strong>habitum</strong></span> <span class='ocrx_word' id='word_1_75' title='bbox 822 1126 836 1150; x_wconf 94' lang='lat'><strong>,</strong></span> <span class='ocrx_word' id='word_1_76' title='bbox 866 1095 1152 1151; x_wconf 63' lang='lat' dir='ltr'><strong>vexatum,</strong></span> <span class='ocrx_word' id='word_1_77' title='bbox 1199 1093 1251 1138; x_wconf 92' lang='lat' dir='ltr'><strong>et</strong></span> <span class='ocrx_word' id='word_1_78' title='bbox 1290 1084 1416 1139; x_wconf 89' lang='lat' dir='ltr'><strong>odio</strong></span> <span class='ocrx_word' id='word_1_79' title='bbox 1449 1085 1728 1152; x_wconf 84' lang='lat' dir='ltr'><strong>habitum,</strong></span> <span class='ocrx_word' id='word_1_80' title='bbox 1767 1100 1911 1156; x_wconf 69' lang='lat' dir='ltr'><strong>smpe</strong></span> <span class='ocrx_word' id='word_1_81' title='bbox 1939 1085 2069 1141; x_wconf 74' lang='lat' dir='ltr'><strong>dicit</strong></span> <span class='ocrx_word' id='word_1_82' title='bbox 2102 1103 2114 1139; x_wconf 91' lang='lat'><strong>:</strong></span> 
     </span>
    </p>
   </div>
   <div class='ocr_carea' id='block_1_13' title="bbox 545 1170 2117 1243">
    <p class='ocr_par' dir='ltr' id='par_1_13' title="bbox 545 1170 2117 1243">
     <span class='ocr_line' id='line_1_13' title="bbox 545 1170 2117 1243; baseline 0.002 -17"><span class='ocrx_word' id='word_1_83' title='bbox 545 1170 710 1237; x_wconf 77' lang='lat' dir='ltr'><strong>Abeo,</strong></span> <span class='ocrx_word' id='word_1_84' title='bbox 738 1171 868 1242; x_wconf 89' lang='lat' dir='ltr'><strong>quid</strong></span> <span class='ocrx_word' id='word_1_85' title='bbox 909 1172 1043 1226; x_wconf 88' lang='lat' dir='ltr'><strong>mihi</strong></span> <span class='ocrx_word' id='word_1_86' title='bbox 1087 1180 1140 1227; x_wconf 90' lang='lat' dir='ltr'><strong>et</strong></span> <span class='ocrx_word' id='word_1_87' title='bbox 1174 1172 1402 1242; x_wconf 87' lang='lat' dir='ltr'><strong>negotiis</strong></span> <span class='ocrx_word' id='word_1_88' title='bbox 1436 1172 1480 1228; x_wconf 87' lang='lat' dir='ltr'><strong>si</strong></span> <span class='ocrx_word' id='word_1_89' title='bbox 1518 1183 1797 1243; x_wconf 84' lang='lat' dir='ltr'><strong>propterea</strong></span> <span class='ocrx_word' id='word_1_90' title='bbox 1837 1175 1964 1229; x_wconf 90' lang='lat' dir='ltr'><strong>odio</strong></span> <span class='ocrx_word' id='word_1_91' title='bbox 1997 1189 2117 1229; x_wconf 91' lang='lat' dir='ltr'><strong>sum</strong></span> 
     </span>
    </p>
   </div>
   <div class='ocr_carea' id='block_1_14' title="bbox 551 1261 2121 1335">
    <p class='ocr_par' dir='ltr' id='par_1_14' title="bbox 551 1261 2121 1335">
     <span class='ocr_line' id='line_1_14' title="bbox 551 1261 2121 1335; baseline 0.001 -18"><span class='ocrx_word' id='word_1_92' title='bbox 551 1264 695 1334; x_wconf 89' lang='lat' dir='ltr'><strong>quod</strong></span> <span class='ocrx_word' id='word_1_93' title='bbox 724 1264 948 1320; x_wconf 87' lang='lat' dir='ltr'><strong>doceam</strong></span> <span class='ocrx_word' id='word_1_94' title='bbox 979 1271 1035 1318; x_wconf 88' lang='lat' dir='ltr'><strong>et</strong></span> <span class='ocrx_word' id='word_1_95' title='bbox 1077 1261 1346 1333; x_wconf 82' lang='lat' dir='ltr'><strong>proferam</strong></span> <span class='ocrx_word' id='word_1_96' title='bbox 1376 1264 1694 1319; x_wconf 87' lang='lat' dir='ltr'><strong>sermones?</strong></span> <span class='ocrx_word' id='word_1_97' title='bbox 1720 1262 1832 1319; x_wconf 90' lang='lat' dir='ltr'><strong>Cur</strong></span> <span class='ocrx_word' id='word_1_98' title='bbox 1880 1280 1987 1319; x_wconf 90' lang='lat' dir='ltr'><strong>non</strong></span> <span class='ocrx_word' id='word_1_99' title='bbox 2024 1281 2121 1335; x_wconf 89' lang='lat' dir='ltr'><strong>po—</strong></span> 
     </span>
    </p>
   </div>
   <div class='ocr_carea' id='block_1_15' title="bbox 554 1354 2120 1423">
    <p class='ocr_par' dir='ltr' id='par_1_15' title="bbox 554 1354 2120 1423">
     <span class='ocr_line' id='line_1_15' title="bbox 554 1354 2120 1423; baseline 0.002 -14"><span class='ocrx_word' id='word_1_100' title='bbox 554 1356 664 1410; x_wconf 88' lang='lat' dir='ltr'><strong>tius</strong></span> <span class='ocrx_word' id='word_1_101' title='bbox 708 1355 760 1409; x_wconf 91' lang='lat' dir='ltr'><strong>in</strong></span> <span class='ocrx_word' id='word_1_102' title='bbox 796 1354 1145 1410; x_wconf 85' lang='lat' dir='ltr'><strong>solitudinem</strong></span> <span class='ocrx_word' id='word_1_103' title='bbox 1193 1362 1247 1408; x_wconf 88' lang='lat' dir='ltr'><strong>et</strong></span> <span class='ocrx_word' id='word_1_104' title='bbox 1276 1354 1511 1423; x_wconf 89' lang='lat' dir='ltr'><strong>quietem</strong></span> <span class='ocrx_word' id='word_1_105' title='bbox 1548 1369 1634 1409; x_wconf 88' lang='lat' dir='ltr'><strong>me</strong></span> <span class='ocrx_word' id='word_1_106' title='bbox 1687 1354 1951 1411; x_wconf 83' lang='lat' dir='ltr'><strong>confero?</strong></span> <span class='ocrx_word' id='word_1_107' title='bbox 1990 1355 2120 1412; x_wconf 86' lang='lat' dir='ltr'><strong>Tale</strong></span> 
     </span>
    </p>
   </div>
   <div class='ocr_carea' id='block_1_16' title="bbox 553 1445 2118 1517">
    <p class='ocr_par' dir='ltr' id='par_1_16' title="bbox 553 1445 2118 1517">
     <span class='ocr_line' id='line_1_16' title="bbox 553 1445 2118 1517; baseline -0.001 -17"><span class='ocrx_word' id='word_1_108' title='bbox 553 1447 830 1517; x_wconf 77' lang='lat' dir='ltr'><strong>quidpiam</strong></span> <span class='ocrx_word' id='word_1_109' title='bbox 864 1454 918 1501; x_wconf 91' lang='lat' dir='ltr'><strong>et</strong></span> <span class='ocrx_word' id='word_1_110' title='bbox 945 1447 1204 1516; x_wconf 84' lang='lat' dir='ltr'><strong>propheta</strong></span> <span class='ocrx_word' id='word_1_111' title='bbox 1242 1459 1435 1516; x_wconf 88' lang='lat' dir='ltr'><strong>passus</strong></span> <span class='ocrx_word' id='word_1_112' title='bbox 1480 1454 1564 1501; x_wconf 91' lang='lat' dir='ltr'><strong>est</strong></span> <span class='ocrx_word' id='word_1_113' title='bbox 1597 1461 1722 1500; x_wconf 90' lang='lat' dir='ltr'><strong>cum</strong></span> <span class='ocrx_word' id='word_1_114' title='bbox 1757 1446 1954 1501; x_wconf 88' lang='lat' dir='ltr'><strong>diceret</strong></span> <span class='ocrx_word' id='word_1_115' title='bbox 1985 1462 1999 1498; x_wconf 90' lang='lat'><strong>:</strong></span> <span class='ocrx_word' id='word_1_116' title='bbox 2051 1445 2118 1500; x_wconf 89' lang='lat' dir='ltr'><strong>Et</strong></span> 
     </span>
    </p>
   </div>
   <div class='ocr_carea' id='block_1_17' title="bbox 552 1537 2119 1608">
    <p class='ocr_par' dir='ltr' id='par_1_17' title="bbox 552 1537 2119 1608">
     <span class='ocr_line' id='line_1_17' title="bbox 552 1537 2119 1608; baseline -0.001 -15"><span class='ocrx_word' id='word_1_117' title='bbox 552 1541 668 1593; x_wconf 73' lang='lat' dir='ltr'><strong>dixi</strong></span> <span class='ocrx_word' id='word_1_118' title='bbox 688 1558 706 1595; x_wconf 90' lang='lat'><strong><em>:</em></strong></span> <span class='ocrx_word' id='word_1_119' title='bbox 733 1538 852 1593; x_wconf 81' lang='lat' dir='ltr'><strong>Non</strong></span> <span class='ocrx_word' id='word_1_120' title='bbox 885 1538 1164 1593; x_wconf 87' lang='lat' dir='ltr'><strong>nominabo</strong></span> <span class='ocrx_word' id='word_1_121' title='bbox 1187 1553 1371 1593; x_wconf 80' lang='lat' dir='ltr'><strong>nomen</strong></span> <span class='ocrx_word' id='word_1_122' title='bbox 1395 1537 1627 1604; x_wconf 85' lang='lat' dir='ltr'><strong>Domini,</strong></span> <span class='ocrx_word' id='word_1_123' title='bbox 1654 1553 1745 1591; x_wconf 86' lang='lat' dir='ltr'><strong>nec</strong></span> <span class='ocrx_word' id='word_1_124' title='bbox 1770 1537 1958 1608; x_wconf 79' lang='lat' dir='ltr'><strong>loquar</strong></span> <span class='ocrx_word' id='word_1_125' title='bbox 1978 1538 2119 1592; x_wconf 82' lang='lat' dir='ltr'><strong>ultra</strong></span> 
     </span>
    </p>
   </div>
   <div class='ocr_carea' id='block_1_18' title="bbox 553 1627 2122 1699">
    <p class='ocr_par' dir='ltr' id='par_1_18' title="bbox 553 1627 2122 1699">
     <span class='ocr_line' id='line_1_18' title="bbox 553 1627 2122 1699; baseline -0.001 -14"><span class='ocrx_word' id='word_1_126' title='bbox 553 1633 610 1685; x_wconf 87' lang='lat' dir='ltr'><strong>in</strong></span> <span class='ocrx_word' id='word_1_127' title='bbox 656 1630 863 1684; x_wconf 78' lang='lat' dir='ltr'><strong>nomine</strong></span> <span class='ocrx_word' id='word_1_128' title='bbox 907 1630 1095 1699; x_wconf 86' lang='lat' dir='ltr'><strong>ipsius.</strong></span> <span class='ocrx_word' id='word_1_129' title='bbox 1150 1628 1254 1684; x_wconf 89' lang='lat' dir='ltr'><strong>Sed</strong></span> <span class='ocrx_word' id='word_1_130' title='bbox 1309 1629 1485 1684; x_wconf 90' lang='lat' dir='ltr'><strong>bonus</strong></span> <span class='ocrx_word' id='word_1_131' title='bbox 1514 1627 1775 1684; x_wconf 86' lang='lat' dir='ltr'><strong>Dominus</strong></span> <span class='ocrx_word' id='word_1_132' title='bbox 1806 1630 1901 1698; x_wconf 89' lang='lat' dir='ltr'><strong>qui</strong></span> <span class='ocrx_word' id='word_1_133' title='bbox 1940 1630 2122 1685; x_wconf 68' lang='lat' dir='ltr'><strong>haecce</strong></span> 
     </span>
    </p>
   </div>
   <div class='ocr_carea' id='block_1_19' title="bbox 555 1715 2120 1790">
    <p class='ocr_par' dir='ltr' id='par_1_19' title="bbox 555 1715 2120 1790">
     <span class='ocr_line' id='line_1_19' title="bbox 555 1715 2120 1790; baseline -0.003 -11"><span class='ocrx_word' id='word_1_134' title='bbox 555 1730 831 1782; x_wconf 80' lang='lat' dir='ltr'><strong>tantorum</strong></span> <span class='ocrx_word' id='word_1_135' title='bbox 862 1722 1142 1777; x_wconf 86' lang='lat' dir='ltr'><strong>hominum</strong></span> <span class='ocrx_word' id='word_1_136' title='bbox 1174 1730 1393 1790; x_wconf 90' lang='lat' dir='ltr'><strong>peccata</strong></span> <span class='ocrx_word' id='word_1_137' title='bbox 1430 1719 1702 1789; x_wconf 83' lang='lat' dir='ltr'><strong>prohibet,</strong></span> <span class='ocrx_word' id='word_1_138' title='bbox 1736 1715 1843 1773; x_wconf 87' lang='lat' dir='ltr'><strong>non</strong></span> <span class='ocrx_word' id='word_1_139' title='bbox 1878 1720 2120 1789; x_wconf 87' lang='lat' dir='ltr'><strong>permisit</strong></span> 
     </span>
    </p>
   </div>
   <div class='ocr_carea' id='block_1_20' title="bbox 553 1786 2190 1883">
    <p class='ocr_par' dir='ltr' id='par_1_20' title="bbox 553 1786 2190 1883">
     <span class='ocr_line' id='line_1_20' title="bbox 553 1786 2190 1883; baseline -0.002 -17"><span class='ocrx_word' id='word_1_140' title='bbox 553 1813 874 1883; x_wconf 88' lang='lat' dir='ltr'><strong>prophetam</strong></span> <span class='ocrx_word' id='word_1_141' title='bbox 907 1825 939 1864; x_wconf 90' lang='lat' dir='ltr'><strong>a</strong></span> <span class='ocrx_word' id='word_1_142' title='bbox 974 1825 1083 1878; x_wconf 92' lang='lat' dir='ltr'><strong>quo</strong></span> <span class='ocrx_word' id='word_1_143' title='bbox 1111 1786 1226 1863; x_wconf 53' lang='lat' dir='ltr'><strong>huic</strong></span> <span class='ocrx_word' id='word_1_144' title='bbox 1252 1807 1399 1864; x_wconf 86' lang='lat' dir='ltr'><strong>dicta</strong></span> <span class='ocrx_word' id='word_1_145' title='bbox 1426 1786 1573 1874; x_wconf 76' lang='lat' dir='ltr'><strong>sunt,</strong></span> <span class='ocrx_word' id='word_1_146' title='bbox 1604 1808 1658 1861; x_wconf 92' lang='lat' dir='ltr'><strong>in</strong></span> <span class='ocrx_word' id='word_1_147' title='bbox 1688 1808 1791 1863; x_wconf 91' lang='lat' dir='ltr'><strong>hoc</strong></span> <span class='ocrx_word' id='word_1_148' title='bbox 1816 1786 1940 1865; x_wconf 80' lang='lat' dir='ltr'><strong>esse</strong></span> <span class='ocrx_word' id='word_1_149' title='bbox 1960 1824 2117 1864; x_wconf 87' lang='lat' dir='ltr'><strong>vera-</strong></span> <span class='ocrx_word' id='word_1_150' title='bbox 2150 1786 2190 1841; x_wconf 74' lang='grc' dir='ltr'><strong>Β</strong></span> 
     </span>
    </p>
   </div>
   <div class='ocr_carea' id='block_1_21' title="bbox 555 1899 2121 1969">
    <p class='ocr_par' dir='ltr' id='par_1_21' title="bbox 555 1899 2121 1969">
     <span class='ocr_line' id='line_1_21' title="bbox 555 1899 2121 1969; baseline -0.001 -11"><span class='ocrx_word' id='word_1_151' title='bbox 555 1918 710 1968; x_wconf 90' lang='lat' dir='ltr'><strong>cem,</strong></span> <span class='ocrx_word' id='word_1_152' title='bbox 750 1902 842 1957; x_wconf 88' lang='lat' dir='ltr'><strong>sed</strong></span> <span class='ocrx_word' id='word_1_153' title='bbox 884 1901 1055 1956; x_wconf 91' lang='lat' dir='ltr'><strong>voluit</strong></span> <span class='ocrx_word' id='word_1_154' title='bbox 1081 1909 1137 1954; x_wconf 93' lang='lat' dir='ltr'><strong>ut</strong></span> <span class='ocrx_word' id='word_1_155' title='bbox 1174 1899 1669 1969; x_wconf 66' lang='lat' dir='ltr'><strong>praevaricationem</strong></span> <span class='ocrx_word' id='word_1_156' title='bbox 1707 1899 2022 1968; x_wconf 87' lang='lat' dir='ltr'><strong>invocaret,</strong></span> <span class='ocrx_word' id='word_1_157' title='bbox 2066 1911 2121 1956; x_wconf 89' lang='lat' dir='ltr'><strong>et</strong></span> 
     </span>
    </p>
   </div>
   <div class='ocr_carea' id='block_1_22' title="bbox 555 1981 2120 2065">
    <p class='ocr_par' dir='ltr' id='par_1_22' title="bbox 555 1981 2120 2065">
     <span class='ocr_line' id='line_1_22' title="bbox 555 1981 2120 2065; baseline -0.003 -15"><span class='ocrx_word' id='word_1_158' title='bbox 555 1996 701 2065; x_wconf 87' lang='lat' dir='ltr'><strong>quod</strong></span> <span class='ocrx_word' id='word_1_159' title='bbox 727 1981 957 2059; x_wconf 78' lang='lat' dir='ltr'><strong>dixerat,</strong></span> <span class='ocrx_word' id='word_1_160' title='bbox 988 2008 1048 2047; x_wconf 90' lang='lat' dir='ltr'><strong>re</strong></span> <span class='ocrx_word' id='word_1_161' title='bbox 1073 2007 1180 2046; x_wconf 93' lang='lat' dir='ltr'><strong>non</strong></span> <span class='ocrx_word' id='word_1_162' title='bbox 1203 1999 1496 2061; x_wconf 62' lang='lat' dir='ltr'><strong>prastaret</strong></span> <span class='ocrx_word' id='word_1_163' title='bbox 1534 1990 1753 2045; x_wconf 79' lang='lat' dir='ltr'><strong>Dixerat</strong></span> <span class='ocrx_word' id='word_1_164' title='bbox 1781 1992 1926 2045; x_wconf 91' lang='lat' dir='ltr'><strong>enim</strong></span> <span class='ocrx_word' id='word_1_165' title='bbox 1950 2008 1962 2043; x_wconf 93' lang='lat'><strong>:</strong></span> <span class='ocrx_word' id='word_1_166' title='bbox 1998 1991 2120 2045; x_wconf 80' lang='lat' dir='ltr'><strong>Non</strong></span> 
     </span>
    </p>
   </div>
   <div class='ocr_carea' id='block_1_23' title="bbox 551 2082 2120 2153">
    <p class='ocr_par' dir='ltr' id='par_1_23' title="bbox 551 2082 2120 2153">
     <span class='ocr_line' id='line_1_23' title="bbox 551 2082 2120 2153; baseline -0.003 -11"><span class='ocrx_word' id='word_1_167' title='bbox 551 2086 832 2143; x_wconf 79' lang='lat' dir='ltr'><strong>nominabo</strong></span> <span class='ocrx_word' id='word_1_168' title='bbox 887 2101 1071 2139; x_wconf 89' lang='lat' dir='ltr'><strong>nomen</strong></span> <span class='ocrx_word' id='word_1_169' title='bbox 1106 2083 1351 2150; x_wconf 83' lang='lat' dir='ltr'><strong>Domini,</strong></span> <span class='ocrx_word' id='word_1_170' title='bbox 1389 2099 1480 2137; x_wconf 85' lang='lat' dir='ltr'><strong>nec</strong></span> <span class='ocrx_word' id='word_1_171' title='bbox 1526 2082 1715 2153; x_wconf 85' lang='lat' dir='ltr'><strong>loquar</strong></span> <span class='ocrx_word' id='word_1_172' title='bbox 1760 2082 1901 2136; x_wconf 76' lang='lat' dir='ltr'><strong>ultra</strong></span> <span class='ocrx_word' id='word_1_173' title='bbox 1936 2084 1993 2136; x_wconf 89' lang='lat' dir='ltr'><strong>in</strong></span> <span class='ocrx_word' id='word_1_174' title='bbox 2025 2101 2120 2137; x_wconf 87' lang='lat' dir='ltr'><strong>no-</strong></span> 
     </span>
    </p>
   </div>
   <div class='ocr_carea' id='block_1_24' title="bbox 550 2173 2119 2245">
    <p class='ocr_par' dir='ltr' id='par_1_24' title="bbox 550 2173 2119 2245">
     <span class='ocr_line' id='line_1_24' title="bbox 550 2173 2119 2245; baseline -0.003 -13"><span class='ocrx_word' id='word_1_175' title='bbox 550 2179 689 2232; x_wconf 85' lang='lat' dir='ltr'><strong>mine</strong></span> <span class='ocrx_word' id='word_1_176' title='bbox 713 2178 897 2245; x_wconf 85' lang='lat' dir='ltr'><strong>ipsius.</strong></span> <span class='ocrx_word' id='word_1_177' title='bbox 926 2173 972 2228; x_wconf 72' lang='grc' dir='ltr'><em>Ρ</em></span> <span class='ocrx_word' id='word_1_178' title='bbox 974 2184 1121 2229; x_wconf 81' lang='lat' dir='ltr'><strong>actus</strong></span> <span class='ocrx_word' id='word_1_179' title='bbox 1151 2184 1228 2229; x_wconf 85' lang='lat' dir='ltr'><strong>est</strong></span> <span class='ocrx_word' id='word_1_180' title='bbox 1262 2184 1459 2239; x_wconf 86' lang='lat' dir='ltr'><strong>autem,</strong></span> <span class='ocrx_word' id='word_1_181' title='bbox 1487 2174 1718 2243; x_wconf 79' lang='lat' dir='ltr'><strong>inquit&#39;,</strong></span> <span class='ocrx_word' id='word_1_182' title='bbox 1753 2175 1806 2227; x_wconf 88' lang='lat' dir='ltr'><strong>in</strong></span> <span class='ocrx_word' id='word_1_183' title='bbox 1832 2174 1985 2228; x_wconf 84' lang='lat' dir='ltr'><strong>corde</strong></span> <span class='ocrx_word' id='word_1_184' title='bbox 2008 2190 2119 2228; x_wconf 87' lang='lat' dir='ltr'><strong>meo</strong></span> 
     </span>
    </p>
   </div>
   <div class='ocr_carea' id='block_1_25' title="bbox 548 2265 2121 2342">
    <p class='ocr_par' dir='ltr' id='par_1_25' title="bbox 548 2265 2121 2342">
     <span class='ocr_line' id='line_1_25' title="bbox 548 2265 2121 2342; baseline -0.004 -18"><span class='ocrx_word' id='word_1_185' title='bbox 548 2271 704 2342; x_wconf 72' lang='lat' dir='ltr'><strong>quasi</strong></span> <span class='ocrx_word' id='word_1_186' title='bbox 731 2269 867 2341; x_wconf 84' lang='lat' dir='ltr'><strong>ignis</strong></span> <span class='ocrx_word' id='word_1_187' title='bbox 892 2267 1105 2334; x_wconf 78' lang='lat' dir='ltr'><strong>ardens,</strong></span> <span class='ocrx_word' id='word_1_188' title='bbox 1134 2282 1290 2321; x_wconf 85' lang='lat' dir='ltr'><strong>urens</strong></span> <span class='ocrx_word' id='word_1_189' title='bbox 1326 2271 1383 2320; x_wconf 81' lang='lat' dir='ltr'><strong>in</strong></span> <span class='ocrx_word' id='word_1_190' title='bbox 1410 2266 1614 2319; x_wconf 85' lang='lat' dir='ltr'><strong>ossibus</strong></span> <span class='ocrx_word' id='word_1_191' title='bbox 1644 2265 1792 2331; x_wconf 83' lang='lat' dir='ltr'><strong>meis,</strong></span> <span class='ocrx_word' id='word_1_192' title='bbox 1815 2275 1864 2319; x_wconf 82' lang='lat' dir='ltr'><strong>et</strong></span> <span class='ocrx_word' id='word_1_193' title='bbox 1890 2265 2121 2319; x_wconf 84' lang='lat' dir='ltr'><strong>dissolu-</strong></span> 
     </span>
    </p>
   </div>
   <div class='ocr_carea' id='block_1_26' title="bbox 554 2355 2137 2427">
    <p class='ocr_par' dir='ltr' id='par_1_26' title="bbox 554 2355 2137 2427">
     <span class='ocr_line' id='line_1_26' title="bbox 554 2355 2137 2427; baseline -0.003 -12"><span class='ocrx_word' id='word_1_194' title='bbox 554 2371 639 2415; x_wconf 85' lang='lat' dir='ltr'><strong>tus</strong></span> <span class='ocrx_word' id='word_1_195' title='bbox 676 2377 791 2414; x_wconf 88' lang='lat' dir='ltr'><strong>sum</strong></span> <span class='ocrx_word' id='word_1_196' title='bbox 833 2359 1095 2427; x_wconf 84' lang='lat' dir='ltr'><strong>undique,</strong></span> <span class='ocrx_word' id='word_1_197' title='bbox 1123 2369 1171 2412; x_wconf 88' lang='lat' dir='ltr'><strong>et</strong></span> <span class='ocrx_word' id='word_1_198' title='bbox 1217 2373 1320 2411; x_wconf 87' lang='lat' dir='ltr'><strong>non</strong></span> <span class='ocrx_word' id='word_1_199' title='bbox 1355 2371 1568 2425; x_wconf 86' lang='lat' dir='ltr'><strong>possum</strong></span> <span class='ocrx_word' id='word_1_200' title='bbox 1606 2356 1761 2426; x_wconf 77' lang='lat' dir='ltr'><strong>ferre.</strong></span> <span class='ocrx_word' id='word_1_201' title='bbox 1810 2355 2008 2412; x_wconf 84' lang='lat' dir='ltr'><strong>Factus</strong></span> <span class='ocrx_word' id='word_1_202' title='bbox 2034 2366 2137 2412; x_wconf 83' lang='lat' dir='ltr'><strong>est-</strong></span> 
     </span>
    </p>
   </div>
   <div class='ocr_carea' id='block_1_27' title="bbox 551 2446 2116 2518">
    <p class='ocr_par' dir='ltr' id='par_1_27' title="bbox 551 2446 2116 2518">
     <span class='ocr_line' id='line_1_27' title="bbox 551 2446 2116 2518; baseline -0.001 -15"><span class='ocrx_word' id='word_1_203' title='bbox 551 2466 729 2507; x_wconf 79' lang='lat' dir='ltr'><strong>sermo</strong></span> <span class='ocrx_word' id='word_1_204' title='bbox 750 2449 963 2505; x_wconf 88' lang='lat' dir='ltr'><strong>Domini</strong></span> <span class='ocrx_word' id='word_1_205' title='bbox 992 2462 1156 2504; x_wconf 89' lang='lat' dir='ltr'><strong>urens</strong></span> <span class='ocrx_word' id='word_1_206' title='bbox 1184 2462 1279 2503; x_wconf 90' lang='lat' dir='ltr'><strong>cor</strong></span> <span class='ocrx_word' id='word_1_207' title='bbox 1304 2447 1442 2518; x_wconf 85' lang='lat' dir='ltr'><strong>ejus.</strong></span> <span class='ocrx_word' id='word_1_208' title='bbox 1469 2446 1690 2501; x_wconf 86' lang='lat' dir='ltr'><strong>Factum</strong></span> <span class='ocrx_word' id='word_1_209' title='bbox 1714 2454 1799 2501; x_wconf 88' lang='lat' dir='ltr'><strong>est</strong></span> <span class='ocrx_word' id='word_1_210' title='bbox 1821 2461 1915 2500; x_wconf 91' lang='lat' dir='ltr'><strong>cor</strong></span> <span class='ocrx_word' id='word_1_211' title='bbox 1936 2461 2116 2502; x_wconf 88' lang='lat' dir='ltr'><strong>meum</strong></span> 
     </span>
    </p>
   </div>
   <div class='ocr_carea' id='block_1_28' title="bbox 549 2536 2119 2612">
    <p class='ocr_par' dir='ltr' id='par_1_28' title="bbox 549 2536 2119 2612">
     <span class='ocr_line' id='line_1_28' title="bbox 549 2536 2119 2612; baseline -0.001 -18"><span class='ocrx_word' id='word_1_212' title='bbox 549 2542 707 2612; x_wconf 89' lang='lat' dir='ltr'><strong>quasi</strong></span> <span class='ocrx_word' id='word_1_213' title='bbox 740 2540 879 2611; x_wconf 82' lang='lat' dir='ltr'><strong>ignis</strong></span> <span class='ocrx_word' id='word_1_214' title='bbox 908 2538 1125 2606; x_wconf 86' lang='lat' dir='ltr'><strong>ardens,</strong></span> <span class='ocrx_word' id='word_1_215' title='bbox 1155 2553 1321 2593; x_wconf 89' lang='lat' dir='ltr'><strong>urens</strong></span> <span class='ocrx_word' id='word_1_216' title='bbox 1347 2538 1400 2592; x_wconf 90' lang='lat' dir='ltr'><strong>in</strong></span> <span class='ocrx_word' id='word_1_217' title='bbox 1435 2537 1654 2593; x_wconf 83' lang='lat' dir='ltr'><strong>ossibus</strong></span> <span class='ocrx_word' id='word_1_218' title='bbox 1681 2538 1838 2593; x_wconf 88' lang='lat' dir='ltr'><strong>meis.</strong></span> <span class='ocrx_word' id='word_1_219' title='bbox 1876 2536 2119 2608; x_wconf 87' lang='lat' dir='ltr'><strong>Subjecit</strong></span> 
     </span>
    </p>
   </div>
   <div class='ocr_carea' id='block_1_29' title="bbox 549 2624 2118 2701">
    <p class='ocr_par' dir='ltr' id='par_1_29' title="bbox 549 2624 2118 2701">
     <span class='ocr_line' id='line_1_29' title="bbox 549 2624 2118 2701; baseline -0.004 -16"><span class='ocrx_word' id='word_1_220' title='bbox 549 2638 834 2701; x_wconf 88' lang='lat' dir='ltr'><strong>peccatum</strong></span> <span class='ocrx_word' id='word_1_221' title='bbox 862 2627 1009 2699; x_wconf 86' lang='lat' dir='ltr'><strong>quod</strong></span> <span class='ocrx_word' id='word_1_222' title='bbox 1036 2627 1267 2692; x_wconf 76' lang='lat' dir='ltr'><strong>fecerat,</strong></span> <span class='ocrx_word' id='word_1_223' title='bbox 1300 2626 1487 2681; x_wconf 88' lang='lat' dir='ltr'><strong>dicens</strong></span> <span class='ocrx_word' id='word_1_224' title='bbox 1513 2642 1528 2681; x_wconf 92' lang='lat'><strong>:</strong></span> <span class='ocrx_word' id='word_1_225' title='bbox 1558 2624 1613 2678; x_wconf 88' lang='grc' dir='ltr'><em>Ν</em></span> <span class='ocrx_word' id='word_1_226' title='bbox 1617 2641 1683 2679; x_wconf 85' lang='lat' dir='ltr'><strong>9n</strong></span> <span class='ocrx_word' id='word_1_227' title='bbox 1721 2625 1998 2679; x_wconf 87' lang='lat' dir='ltr'><strong>nominabo</strong></span> <span class='ocrx_word' id='word_1_228' title='bbox 2023 2642 2118 2678; x_wconf 88' lang='lat' dir='ltr'><strong>no-</strong></span> 
     </span>
    </p>
   </div>
   <div class='ocr_carea' id='block_1_30' title="bbox 549 2716 2118 2789">
    <p class='ocr_par' dir='ltr' id='par_1_30' title="bbox 549 2716 2118 2789">
     <span class='ocr_line' id='line_1_30' title="bbox 549 2716 2118 2789; baseline -0.003 -12"><span class='ocrx_word' id='word_1_229' title='bbox 549 2738 667 2777; x_wconf 86' lang='lat' dir='ltr'><strong>men</strong></span> <span class='ocrx_word' id='word_1_230' title='bbox 700 2720 910 2775; x_wconf 86' lang='lat' dir='ltr'><strong>Domini</strong></span> <span class='ocrx_word' id='word_1_231' title='bbox 937 2760 951 2783; x_wconf 91' lang='lat'><strong>,</strong></span> <span class='ocrx_word' id='word_1_232' title='bbox 988 2735 1079 2773; x_wconf 87' lang='lat' dir='ltr'><strong>nec</strong></span> <span class='ocrx_word' id='word_1_233' title='bbox 1111 2719 1298 2789; x_wconf 75' lang='lat' dir='ltr'><strong>loquar</strong></span> <span class='ocrx_word' id='word_1_234' title='bbox 1325 2716 1470 2770; x_wconf 84' lang='lat' dir='ltr'><strong>ultra</strong></span> <span class='ocrx_word' id='word_1_235' title='bbox 1502 2717 1558 2770; x_wconf 89' lang='lat' dir='ltr'><strong>in</strong></span> <span class='ocrx_word' id='word_1_236' title='bbox 1585 2717 1793 2771; x_wconf 86' lang='lat' dir='ltr'><strong>nomine</strong></span> <span class='ocrx_word' id='word_1_237' title='bbox 1820 2717 2025 2785; x_wconf 85' lang='lat' dir='ltr'><strong>ipsius;</strong></span> <span class='ocrx_word' id='word_1_238' title='bbox 2063 2726 2118 2773; x_wconf 90' lang='lat' dir='ltr'><strong>et</strong></span> 
     </span>
    </p>
   </div>
   <div class='ocr_carea' id='block_1_31' title="bbox 549 2804 2114 2878">
    <p class='ocr_par' dir='ltr' id='par_1_31' title="bbox 549 2804 2114 2878">
     <span class='ocr_line' id='line_1_31' title="bbox 549 2804 2114 2878; baseline -0.004 -9"><span class='ocrx_word' id='word_1_239' title='bbox 549 2812 713 2869; x_wconf 86' lang='lat' dir='ltr'><strong>simul</strong></span> <span class='ocrx_word' id='word_1_240' title='bbox 745 2828 811 2869; x_wconf 81' lang='lat' dir='ltr'><strong>ac</strong></span> <span class='ocrx_word' id='word_1_241' title='bbox 848 2808 1136 2866; x_wconf 78' lang='lat' dir='ltr'><strong>confessus</strong></span> <span class='ocrx_word' id='word_1_242' title='bbox 1178 2818 1262 2863; x_wconf 91' lang='lat' dir='ltr'><strong>est</strong></span> <span class='ocrx_word' id='word_1_243' title='bbox 1304 2817 1588 2878; x_wconf 86' lang='lat' dir='ltr'><strong>peccatum</strong></span> <span class='ocrx_word' id='word_1_244' title='bbox 1628 2804 1928 2873; x_wconf 88' lang='lat' dir='ltr'><strong>Jeremias,</strong></span> <span class='ocrx_word' id='word_1_245' title='bbox 1983 2807 2114 2862; x_wconf 89' lang='lat' dir='ltr'><strong>illud</strong></span> 
     </span>
    </p>
   </div>
   <div class='ocr_carea' id='block_1_32' title="bbox 548 2897 2117 2973">
    <p class='ocr_par' dir='ltr' id='par_1_32' title="bbox 548 2897 2117 2973">
     <span class='ocr_line' id='line_1_32' title="bbox 548 2897 2117 2973; baseline -0.001 -19"><span class='ocrx_word' id='word_1_246' title='bbox 548 2903 768 2973; x_wconf 73' lang='lat' dir='ltr'><strong>abiecit.</strong></span> <span class='ocrx_word' id='word_1_247' title='bbox 814 2902 1033 2957; x_wconf 81' lang='lat' dir='ltr'><strong>Utinam</strong></span> <span class='ocrx_word' id='word_1_248' title='bbox 1080 2910 1134 2955; x_wconf 89' lang='lat' dir='ltr'><strong>et</strong></span> <span class='ocrx_word' id='word_1_249' title='bbox 1167 2913 1266 2969; x_wconf 85' lang='lat' dir='ltr'><strong>ego</strong></span> <span class='ocrx_word' id='word_1_250' title='bbox 1309 2900 1491 2955; x_wconf 83' lang='lat' dir='ltr'><strong>statim</strong></span> <span class='ocrx_word' id='word_1_251' title='bbox 1536 2906 1699 2967; x_wconf 86' lang='lat' dir='ltr'><strong>atque</strong></span> <span class='ocrx_word' id='word_1_252' title='bbox 1750 2897 2000 2967; x_wconf 75' lang='lat' dir='ltr'><strong>peccavi,</strong></span> <span class='ocrx_word' id='word_1_253' title='bbox 2052 2912 2117 2952; x_wconf 88' lang='lat' dir='ltr'><strong>ac</strong></span> 
     </span>
    </p>
   </div>
   <div class='ocr_carea' id='block_1_33' title="bbox 549 2989 2113 3062">
    <p class='ocr_par' dir='ltr' id='par_1_33' title="bbox 549 2989 2113 3062">
     <span class='ocr_line' id='line_1_33' title="bbox 549 2989 2113 3062; baseline -0.003 -14"><span class='ocrx_word' id='word_1_254' title='bbox 549 2993 776 3048; x_wconf 82' lang='lat' dir='ltr'><strong>verbum</strong></span> <span class='ocrx_word' id='word_1_255' title='bbox 804 2991 1223 3062; x_wconf 84' lang='lat' dir='ltr'><strong>reprehensione</strong></span> <span class='ocrx_word' id='word_1_256' title='bbox 1252 2990 1474 3061; x_wconf 88' lang='lat' dir='ltr'><strong>dignum</strong></span> <span class='ocrx_word' id='word_1_257' title='bbox 1507 2989 1728 3059; x_wconf 90' lang='lat' dir='ltr'><strong>protuli,</strong></span> <span class='ocrx_word' id='word_1_258' title='bbox 1765 2990 2023 3044; x_wconf 87' lang='lat' dir='ltr'><strong>sentirem</strong></span> <span class='ocrx_word' id='word_1_259' title='bbox 2060 2991 2113 3050; x_wconf 85' lang='lat' dir='ltr'><strong>in</strong></span> 
     </span>
    </p>
   </div>
   <div class='ocr_carea' id='block_1_34' title="bbox 2214 535 3797 613">
    <p class='ocr_par' dir='ltr' id='par_1_34' title="bbox 2214 535 3797 613">
     <span class='ocr_line' id='line_1_34' title="bbox 2214 535 3797 613; baseline 0.006 -22"><span class='ocrx_word' id='word_1_260' title='bbox 2214 535 2389 607; x_wconf 75' lang='grc' dir='ltr'>μάσω</span> <span class='ocrx_word' id='word_1_261' title='bbox 2411 539 2475 593; x_wconf 89' lang='grc' dir='ltr'>τὸ</span> <span class='ocrx_word' id='word_1_262' title='bbox 2506 538 2692 609; x_wconf 80' lang='grc' dir='ltr'>ὄνομα</span> <span class='ocrx_word' id='word_1_263' title='bbox 2722 543 2961 610; x_wconf 64' lang='grc' dir='ltr'>Κυρίουζ</span> <span class='ocrx_word' id='word_1_264' title='bbox 3010 539 3169 593; x_wconf 78' lang='grc' dir='ltr'><strong>Ἀλλὰ</strong></span> <span class='ocrx_word' id='word_1_265' title='bbox 3201 543 3353 595; x_wconf 62' lang='grc' dir='ltr'>τωϊον</span> <span class='ocrx_word' id='word_1_266' title='bbox 3382 540 3554 612; x_wconf 75' lang='grc' dir='ltr'>ὄνομα</span> <span class='ocrx_word' id='word_1_267' title='bbox 3584 544 3797 613; x_wconf 75' lang='grc' dir='ltr'><strong>μέλλεις</strong></span> 
     </span>
    </p>
   </div>
   <div class='ocr_carea' id='block_1_35' title="bbox 2220 630 3794 706">
    <p class='ocr_par' dir='ltr' id='par_1_35' title="bbox 2220 630 3794 706">
     <span class='ocr_line' id='line_1_35' title="bbox 2220 630 3794 706; baseline 0.006 -23"><span class='ocrx_word' id='word_1_268' title='bbox 2220 630 2539 702; x_wconf 72' lang='grc' dir='ltr'>όνομάζεινς</span> <span class='ocrx_word' id='word_1_269' title='bbox 2581 634 2787 703; x_wconf 83' lang='grc' dir='ltr'>Ὀνομα</span> <span class='ocrx_word' id='word_1_270' title='bbox 2832 633 2969 686; x_wconf 86' lang='grc' dir='ltr'>θεῶν</span> <span class='ocrx_word' id='word_1_271' title='bbox 3021 633 3222 705; x_wconf 83' lang='grc' dir='ltr'>ἑτέρων</span> <span class='ocrx_word' id='word_1_272' title='bbox 3267 633 3368 686; x_wconf 74' lang='grc' dir='ltr'><strong>οὐκ</strong></span> <span class='ocrx_word' id='word_1_273' title='bbox 3417 633 3794 706; x_wconf 71' lang='grc' dir='ltr'><strong>ἀναμνήσεσθε</strong></span> 
     </span>
    </p>
   </div>
   <div class='ocr_carea' id='block_1_36' title="bbox 2222 722 3794 797">
    <p class='ocr_par' dir='ltr' id='par_1_36' title="bbox 2222 722 3794 797">
     <span class='ocr_line' id='line_1_36' title="bbox 2222 722 3794 797; baseline 0.006 -24"><span class='ocrx_word' id='word_1_274' title='bbox 2222 722 2279 773; x_wconf 83' lang='grc' dir='ltr'>ὲν</span> <span class='ocrx_word' id='word_1_275' title='bbox 2311 724 2429 786; x_wconf 82' lang='grc' dir='ltr'>ταῖς</span> <span class='ocrx_word' id='word_1_276' title='bbox 2473 722 2722 795; x_wconf 84' lang='grc' dir='ltr'>καρδίαις</span> <span class='ocrx_word' id='word_1_277' title='bbox 2767 724 2918 795; x_wconf 86' lang='grc' dir='ltr'>ὑμῶν</span> <span class='ocrx_word' id='word_1_278' title='bbox 2942 741 2955 755; x_wconf 87' lang='grc'><strong>·</strong></span> <span class='ocrx_word' id='word_1_279' title='bbox 2986 725 3081 778; x_wconf 77' lang='grc' dir='ltr'><strong>καὶ</strong></span> <span class='ocrx_word' id='word_1_280' title='bbox 3115 722 3294 794; x_wconf 84' lang='grc' dir='ltr'>λέγεις</span> <span class='ocrx_word' id='word_1_281' title='bbox 3315 742 3329 757; x_wconf 67' lang='grc' dir='ltr'>ι</span> <span class='ocrx_word' id='word_1_282' title='bbox 3369 728 3491 779; x_wconf 83' lang='grc' dir='ltr'><strong>Οὐκ</strong></span> <span class='ocrx_word' id='word_1_283' title='bbox 3519 728 3794 797; x_wconf 76' lang='grc' dir='ltr'><em>ὀνομάσω</em></span> 
     </span>
    </p>
   </div>
   <div class='ocr_carea' id='block_1_37' title="bbox 2223 810 3795 886">
    <p class='ocr_par' dir='ltr' id='par_1_37' title="bbox 2223 810 3795 886">
     <span class='ocr_line' id='line_1_37' title="bbox 2223 810 3795 886; baseline 0.004 -23"><span class='ocrx_word' id='word_1_284' title='bbox 2223 810 2410 880; x_wconf 81' lang='grc' dir='ltr'>ὄνομα</span> <span class='ocrx_word' id='word_1_285' title='bbox 2450 813 2704 881; x_wconf 84' lang='grc' dir='ltr'><strong>Κυρίου,</strong></span> <span class='ocrx_word' id='word_1_286' title='bbox 2757 815 2855 869; x_wconf 78' lang='grc' dir='ltr'>καὶ</span> <span class='ocrx_word' id='word_1_287' title='bbox 2900 815 2973 868; x_wconf 86' lang='grc' dir='ltr'>οὺ</span> <span class='ocrx_word' id='word_1_288' title='bbox 3017 813 3102 883; x_wconf 78' lang='grc' dir='ltr'>μὴ</span> <span class='ocrx_word' id='word_1_289' title='bbox 3152 813 3406 881; x_wconf 86' lang='grc' dir='ltr'>λαλήσω</span> <span class='ocrx_word' id='word_1_290' title='bbox 3445 814 3534 870; x_wconf 78' lang='grc' dir='ltr'>ἔτι</span> <span class='ocrx_word' id='word_1_291' title='bbox 3577 817 3675 871; x_wconf 79' lang='grc' dir='ltr'><strong>ἐπὶ</strong></span> <span class='ocrx_word' id='word_1_292' title='bbox 3716 818 3795 886; x_wconf 84' lang='grc' dir='ltr'>τῷ</span> 
     </span>
    </p>
   </div>
   <div class='ocr_carea' id='block_1_38' title="bbox 2223 901 3796 979">
    <p class='ocr_par' dir='ltr' id='par_1_38' title="bbox 2223 901 3796 979">
     <span class='ocr_line' id='line_1_38' title="bbox 2223 901 3796 979; baseline 0.008 -26"><span class='ocrx_word' id='word_1_293' title='bbox 2223 902 2463 972; x_wconf 82' lang='grc' dir='ltr'>ὀνόματι</span> <span class='ocrx_word' id='word_1_294' title='bbox 2489 904 2696 959; x_wconf 86' lang='grc' dir='ltr'>αὑτοῦ.</span> <span class='ocrx_word' id='word_1_295' title='bbox 2729 905 2891 974; x_wconf 80' lang='grc' dir='ltr'><strong>Λέγει</strong></span> <span class='ocrx_word' id='word_1_296' title='bbox 2918 901 3011 960; x_wconf 80' lang='grc' dir='ltr'><strong>οὖν</strong></span> <span class='ocrx_word' id='word_1_297' title='bbox 3038 905 3322 971; x_wconf 85' lang='grc' dir='ltr'>πεπονθώς</span> <span class='ocrx_word' id='word_1_298' title='bbox 3350 925 3403 961; x_wconf 91' lang='grc' dir='ltr'><strong>τι</strong></span> <span class='ocrx_word' id='word_1_299' title='bbox 3433 907 3796 979; x_wconf 81' lang='grc' dir='ltr'>ἀνθρώπινον,</span> 
     </span>
    </p>
   </div>
   <div class='ocr_carea' id='block_1_39' title="bbox 2223 990 3796 1067">
    <p class='ocr_par' dir='ltr' id='par_1_39' title="bbox 2223 990 3796 1067">
     <span class='ocr_line' id='line_1_39' title="bbox 2223 990 3796 1067; baseline 0.007 -24"><span class='ocrx_word' id='word_1_300' title='bbox 2223 990 2250 1043; x_wconf 83' lang='grc' dir='ltr'><strong>δ</strong></span> <span class='ocrx_word' id='word_1_301' title='bbox 2283 993 2377 1045; x_wconf 73' lang='grc' dir='ltr'>καὶ</span> <span class='ocrx_word' id='word_1_302' title='bbox 2404 994 2566 1064; x_wconf 75' lang='grc' dir='ltr'>ἡμεῖς</span> <span class='ocrx_word' id='word_1_303' title='bbox 2608 995 2987 1067; x_wconf 84' lang='grc' dir='ltr'>κινδυνεύομεν</span> <span class='ocrx_word' id='word_1_304' title='bbox 3014 995 3273 1061; x_wconf 76' lang='grc' dir='ltr'><strong>πολλάκις</strong></span> <span class='ocrx_word' id='word_1_305' title='bbox 3307 997 3652 1052; x_wconf 79' lang='grc' dir='ltr'><strong>πεπονθέναι.</strong></span> <span class='ocrx_word' id='word_1_306' title='bbox 3685 1002 3796 1055; x_wconf 72' lang='grc' dir='ltr'><strong>Καὶ</strong></span> 
     </span>
    </p>
   </div>
   <div class='ocr_carea' id='block_1_40' title="bbox 2226 1082 3793 1157">
    <p class='ocr_par' dir='ltr' id='par_1_40' title="bbox 2226 1082 3793 1157">
     <span class='ocr_line' id='line_1_40' title="bbox 2226 1082 3793 1157; baseline 0.006 -23"><span class='ocrx_word' id='word_1_307' title='bbox 2226 1082 2460 1152; x_wconf 83' lang='grc' dir='ltr'>μάλιστα</span> <span class='ocrx_word' id='word_1_308' title='bbox 2499 1084 2663 1147; x_wconf 79' lang='grc' dir='ltr'>εἴτις</span> <span class='ocrx_word' id='word_1_309' title='bbox 2690 1083 2924 1137; x_wconf 82' lang='grc' dir='ltr'><strong>σύνοιδεν</strong></span> <span class='ocrx_word' id='word_1_310' title='bbox 2961 1083 3139 1155; x_wconf 79' lang='grc' dir='ltr'>ἑαυτῷ</span> <span class='ocrx_word' id='word_1_311' title='bbox 3178 1085 3266 1138; x_wconf 80' lang='grc' dir='ltr'>διὰ</span> <span class='ocrx_word' id='word_1_312' title='bbox 3305 1086 3405 1157; x_wconf 74' lang='grc' dir='ltr'>τὴν</span> <span class='ocrx_word' id='word_1_313' title='bbox 3449 1086 3793 1148; x_wconf 76' lang='grc' dir='ltr'>διδασκαλίαν</span> 
     </span>
    </p>
   </div>
   <div class='ocr_carea' id='block_1_41' title="bbox 2223 1168 3793 1245">
    <p class='ocr_par' dir='ltr' id='par_1_41' title="bbox 2223 1168 3793 1245">
     <span class='ocr_line' id='line_1_41' title="bbox 2223 1168 3793 1245; baseline 0.007 -23"><span class='ocrx_word' id='word_1_314' title='bbox 2223 1168 2354 1223; x_wconf 73' lang='grc' dir='ltr'>ποτὶ</span> <span class='ocrx_word' id='word_1_315' title='bbox 2382 1169 2472 1223; x_wconf 79' lang='grc' dir='ltr'>καὶ</span> <span class='ocrx_word' id='word_1_316' title='bbox 2504 1170 2595 1223; x_wconf 83' lang='grc' dir='ltr'><strong>τὸν</strong></span> <span class='ocrx_word' id='word_1_317' title='bbox 2620 1171 2777 1241; x_wconf 88' lang='grc' dir='ltr'>λόγον</span> <span class='ocrx_word' id='word_1_318' title='bbox 2823 1171 3300 1245; x_wconf 79' lang='grc' dir='ltr'>ταλαιπωρήσαντι</span> <span class='ocrx_word' id='word_1_319' title='bbox 3324 1176 3418 1228; x_wconf 63' lang='grc' dir='ltr'><strong>καὶ¹</strong></span> <span class='ocrx_word' id='word_1_320' title='bbox 3446 1176 3668 1231; x_wconf 76' lang='grc' dir='ltr'><strong>παθόντι</strong></span> <span class='ocrx_word' id='word_1_321' title='bbox 3700 1180 3793 1233; x_wconf 79' lang='grc' dir='ltr'>καὶ</span> 
     </span>
    </p>
   </div>
   <div class='ocr_carea' id='block_1_42' title="bbox 2226 1260 3791 1339">
    <p class='ocr_par' dir='ltr' id='par_1_42' title="bbox 2226 1260 3791 1339">
     <span class='ocr_line' id='line_1_42' title="bbox 2226 1260 3791 1339; baseline 0.008 -28"><span class='ocrx_word' id='word_1_322' title='bbox 2226 1260 2542 1331; x_wconf 77' lang='grc' dir='ltr'>μισηθέντιο</span> <span class='ocrx_word' id='word_1_323' title='bbox 2572 1262 2829 1327; x_wconf 78' lang='grc' dir='ltr'><strong>πολλάκις</strong></span> <span class='ocrx_word' id='word_1_324' title='bbox 2874 1262 3056 1332; x_wconf 74' lang='grc' dir='ltr'>λέγει’</span> <span class='ocrx_word' id='word_1_325' title='bbox 3103 1264 3427 1336; x_wconf 83' lang='grc' dir='ltr'><strong>’Δναχωρῶ,</strong></span> <span class='ocrx_word' id='word_1_326' title='bbox 3474 1266 3527 1320; x_wconf 87' lang='grc' dir='ltr'><strong>τί</strong></span> <span class='ocrx_word' id='word_1_327' title='bbox 3575 1285 3664 1339; x_wconf 87' lang='grc' dir='ltr'><strong>μοι</strong></span> <span class='ocrx_word' id='word_1_328' title='bbox 3699 1270 3791 1323; x_wconf 73' lang='grc' dir='ltr'><strong>καὶ</strong></span> 
     </span>
    </p>
   </div>
   <div class='ocr_carea' id='block_1_43' title="bbox 2221 1350 3791 1425">
    <p class='ocr_par' dir='ltr' id='par_1_43' title="bbox 2221 1350 3791 1425">
     <span class='ocr_line' id='line_1_43' title="bbox 2221 1350 3791 1425; baseline 0.007 -24"><span class='ocrx_word' id='word_1_329' title='bbox 2221 1350 2542 1420; x_wconf 82' lang='grc' dir='ltr'>πράγμασιν</span> <span class='ocrx_word' id='word_1_330' title='bbox 2563 1394 2577 1415; x_wconf 85' lang='grc'><strong>,</strong></span> <span class='ocrx_word' id='word_1_331' title='bbox 2607 1353 2655 1404; x_wconf 82' lang='grc' dir='ltr'><strong>εί</strong></span> <span class='ocrx_word' id='word_1_332' title='bbox 2697 1354 2761 1404; x_wconf 84' lang='grc' dir='ltr'>ὲκ</span> <span class='ocrx_word' id='word_1_333' title='bbox 2795 1352 2984 1405; x_wconf 85' lang='grc' dir='ltr'>τούτου</span> <span class='ocrx_word' id='word_1_334' title='bbox 3033 1353 3257 1425; x_wconf 74' lang='grc' dir='ltr'>μισητός</span> <span class='ocrx_word' id='word_1_335' title='bbox 3296 1356 3410 1425; x_wconf 86' lang='grc' dir='ltr'>εἰμι</span> <span class='ocrx_word' id='word_1_336' title='bbox 3435 1393 3449 1418; x_wconf 93' lang='grc'><strong>,</strong></span> <span class='ocrx_word' id='word_1_337' title='bbox 3496 1358 3561 1410; x_wconf 73' lang='grc' dir='ltr'>ἐκ</span> <span class='ocrx_word' id='word_1_338' title='bbox 3587 1358 3680 1411; x_wconf 83' lang='grc' dir='ltr'><strong>τοῦ</strong></span> <span class='ocrx_word' id='word_1_339' title='bbox 3709 1359 3791 1411; x_wconf 74' lang='grc' dir='ltr'>διο-</span> 
     </span>
    </p>
   </div>
   <div class='ocr_carea' id='block_1_44' title="bbox 2218 1440 3790 1522">
    <p class='ocr_par' dir='ltr' id='par_1_44' title="bbox 2218 1440 3790 1522">
     <span class='ocr_line' id='line_1_44' title="bbox 2218 1440 3790 1522; baseline 0.008 -30"><span class='ocrx_word' id='word_1_340' title='bbox 2218 1440 2465 1504; x_wconf 77' lang='grc' dir='ltr'>δάσκειν,</span> <span class='ocrx_word' id='word_1_341' title='bbox 2500 1441 2565 1494; x_wconf 84' lang='grc' dir='ltr'>ὲκ</span> <span class='ocrx_word' id='word_1_342' title='bbox 2596 1442 2690 1495; x_wconf 90' lang='grc' dir='ltr'><strong>τοῦ</strong></span> <span class='ocrx_word' id='word_1_343' title='bbox 2735 1443 3020 1515; x_wconf 70' lang='grc' dir='ltr'>προΐεσθαι</span> <span class='ocrx_word' id='word_1_344' title='bbox 3064 1444 3154 1497; x_wconf 73' lang='grc' dir='ltr'><strong>τὸν</strong></span> <span class='ocrx_word' id='word_1_345' title='bbox 3193 1444 3384 1513; x_wconf 88' lang='grc' dir='ltr'>λόγον;</span> <span class='ocrx_word' id='word_1_346' title='bbox 3432 1445 3534 1499; x_wconf 81' lang='grc' dir='ltr'><strong>Διὰ</strong></span> <span class='ocrx_word' id='word_1_347' title='bbox 3574 1447 3626 1501; x_wconf 89' lang='grc' dir='ltr'><strong>τί</strong></span> <span class='ocrx_word' id='word_1_348' title='bbox 3670 1447 3790 1522; x_wconf 77' lang='grc' dir='ltr'>ούχὶ</span> 
     </span>
    </p>
   </div>
   <div class='ocr_carea' id='block_1_45' title="bbox 2224 1528 3789 1607">
    <p class='ocr_par' dir='ltr' id='par_1_45' title="bbox 2224 1528 3789 1607">
     <span class='ocr_line' id='line_1_45' title="bbox 2224 1528 3789 1607; baseline 0.006 -26"><span class='ocrx_word' id='word_1_349' title='bbox 2224 1528 2421 1600; x_wconf 81' lang='grc' dir='ltr'>μᾶλλον</span> <span class='ocrx_word' id='word_1_350' title='bbox 2452 1530 2720 1602; x_wconf 83' lang='grc' dir='ltr'><strong>ἀναχωρῶ</strong></span> <span class='ocrx_word' id='word_1_351' title='bbox 2750 1531 2843 1584; x_wconf 74' lang='grc' dir='ltr'>ἐπὶ</span> <span class='ocrx_word' id='word_1_352' title='bbox 2873 1530 2970 1603; x_wconf 80' lang='grc' dir='ltr'>τὴν</span> <span class='ocrx_word' id='word_1_353' title='bbox 3003 1532 3235 1603; x_wconf 74' lang='grc' dir='ltr'>ἐρημίαν</span> <span class='ocrx_word' id='word_1_354' title='bbox 3260 1533 3353 1586; x_wconf 75' lang='grc' dir='ltr'><strong>καὶ</strong></span> <span class='ocrx_word' id='word_1_355' title='bbox 3395 1532 3491 1605; x_wconf 80' lang='grc' dir='ltr'>τὴν</span> <span class='ocrx_word' id='word_1_356' title='bbox 3525 1537 3789 1607; x_wconf 81' lang='grc' dir='ltr'>ἡσυχίαν;</span> 
     </span>
    </p>
   </div>
   <div class='ocr_carea' id='block_1_46' title="bbox 2221 1619 3791 1695">
    <p class='ocr_par' dir='ltr' id='par_1_46' title="bbox 2221 1619 3791 1695">
     <span class='ocr_line' id='line_1_46' title="bbox 2221 1619 3791 1695; baseline 0.007 -22"><span class='ocrx_word' id='word_1_357' title='bbox 2221 1619 2471 1674; x_wconf 81' lang='grc' dir='ltr'>Τοιοῦτόν</span> <span class='ocrx_word' id='word_1_358' title='bbox 2509 1638 2564 1674; x_wconf 87' lang='grc' dir='ltr'><strong>τι</strong></span> <span class='ocrx_word' id='word_1_359' title='bbox 2608 1621 2841 1677; x_wconf 84' lang='grc' dir='ltr'>πέπονθε</span> <span class='ocrx_word' id='word_1_360' title='bbox 2887 1622 2980 1675; x_wconf 78' lang='grc' dir='ltr'>καὶ</span> <span class='ocrx_word' id='word_1_361' title='bbox 3027 1625 3055 1677; x_wconf 91' lang='lat'><strong>6</strong></span> <span class='ocrx_word' id='word_1_362' title='bbox 3101 1625 3387 1695; x_wconf 81' lang='grc' dir='ltr'><strong>προφήτης</strong></span> <span class='ocrx_word' id='word_1_363' title='bbox 3433 1625 3638 1695; x_wconf 74' lang='grc' dir='ltr'>λέγων’</span> <span class='ocrx_word' id='word_1_364' title='bbox 3678 1629 3791 1684; x_wconf 74' lang='grc' dir='ltr'><strong>Καὶ</strong></span> 
     </span>
    </p>
   </div>
   <div class='ocr_carea' id='block_1_47' title="bbox 2219 1708 3791 1784">
    <p class='ocr_par' dir='ltr' id='par_1_47' title="bbox 2219 1708 3791 1784">
     <span class='ocr_line' id='line_1_47' title="bbox 2219 1708 3791 1784; baseline 0.007 -20"><span class='ocrx_word' id='word_1_365' title='bbox 2219 1708 2385 1765; x_wconf 66' lang='grc' dir='ltr'>εἴπω</span> <span class='ocrx_word' id='word_1_366' title='bbox 2418 1711 2499 1765; x_wconf 83' lang='grc' dir='ltr'><em>Οὐ</em></span> <span class='ocrx_word' id='word_1_367' title='bbox 2521 1711 2607 1782; x_wconf 79' lang='grc' dir='ltr'>μὴ</span> <span class='ocrx_word' id='word_1_368' title='bbox 2652 1711 2927 1782; x_wconf 82' lang='grc' dir='ltr'><em>ὀνομάσω</em></span> <span class='ocrx_word' id='word_1_369' title='bbox 2963 1713 3028 1767; x_wconf 85' lang='grc' dir='ltr'>τὸ</span> <span class='ocrx_word' id='word_1_370' title='bbox 3067 1714 3253 1784; x_wconf 80' lang='grc' dir='ltr'>ὄνομα</span> <span class='ocrx_word' id='word_1_371' title='bbox 3287 1718 3510 1784; x_wconf 80' lang='grc' dir='ltr'><strong>Κυρίου</strong></span> <span class='ocrx_word' id='word_1_372' title='bbox 3531 1757 3546 1783; x_wconf 90' lang='grc'><strong>,</strong></span> <span class='ocrx_word' id='word_1_373' title='bbox 3580 1719 3679 1773; x_wconf 78' lang='grc' dir='ltr'><strong>καί</strong></span> <span class='ocrx_word' id='word_1_374' title='bbox 3718 1721 3791 1775; x_wconf 89' lang='grc' dir='ltr'>οὐ</span> 
     </span>
    </p>
   </div>
   <div class='ocr_carea' id='block_1_48' title="bbox 2216 1803 3790 1884">
    <p class='ocr_par' dir='ltr' id='par_1_48' title="bbox 2216 1803 3790 1884">
     <span class='ocr_line' id='line_1_48' title="bbox 2216 1803 3790 1884; baseline 0.005 -27"><span class='ocrx_word' id='word_1_375' title='bbox 2216 1803 2302 1874; x_wconf 78' lang='grc' dir='ltr'>μὴ</span> <span class='ocrx_word' id='word_1_376' title='bbox 2326 1803 2578 1871; x_wconf 58' lang='grc' dir='ltr'>λαλήσω</span> <span class='ocrx_word' id='word_1_377' title='bbox 2605 1804 2702 1858; x_wconf 77' lang='grc' dir='ltr'><strong>ἐπὶ</strong></span> <span class='ocrx_word' id='word_1_378' title='bbox 2730 1804 2809 1871; x_wconf 85' lang='grc' dir='ltr'>τῷ</span> <span class='ocrx_word' id='word_1_379' title='bbox 2835 1806 3076 1876; x_wconf 82' lang='grc' dir='ltr'>ὀνόματι</span> <span class='ocrx_word' id='word_1_380' title='bbox 3099 1808 3307 1865; x_wconf 86' lang='grc' dir='ltr'>αὑτοῦ.</span> <span class='ocrx_word' id='word_1_381' title='bbox 3341 1809 3478 1863; x_wconf 83' lang='grc' dir='ltr'><strong>Ἀλλ’</strong></span> <span class='ocrx_word' id='word_1_382' title='bbox 3499 1812 3589 1864; x_wconf 80' lang='grc' dir='ltr'><strong>ἐπὶ</strong></span> <span class='ocrx_word' id='word_1_383' title='bbox 3616 1811 3790 1884; x_wconf 83' lang='grc' dir='ltr'>τούτῳ</span> 
     </span>
    </p>
   </div>
   <div class='ocr_carea' id='block_1_49' title="bbox 2220 1894 3788 1971">
    <p class='ocr_par' dir='ltr' id='par_1_49' title="bbox 2220 1894 3788 1971">
     <span class='ocr_line' id='line_1_49' title="bbox 2220 1894 3788 1971; baseline 0.004 -22"><span class='ocrx_word' id='word_1_384' title='bbox 2220 1894 2421 1964; x_wconf 78' lang='grc' dir='ltr'>ἀγαθὸς</span> <span class='ocrx_word' id='word_1_385' title='bbox 2453 1894 2657 1966; x_wconf 87' lang='grc' dir='ltr'>Κύριος</span> <span class='ocrx_word' id='word_1_386' title='bbox 2683 1896 2711 1948; x_wconf 98' lang='lat'><strong>6</strong></span> <span class='ocrx_word' id='word_1_387' title='bbox 2738 1895 2961 1949; x_wconf 83' lang='grc' dir='ltr'>κωλύων</span> <span class='ocrx_word' id='word_1_388' title='bbox 2988 1896 3088 1961; x_wconf 81' lang='grc' dir='ltr'>τὰς</span> <span class='ocrx_word' id='word_1_389' title='bbox 3111 1897 3364 1962; x_wconf 82' lang='grc' dir='ltr'><strong>τοιαύτας</strong></span> <span class='ocrx_word' id='word_1_390' title='bbox 3387 1900 3657 1971; x_wconf 82' lang='grc' dir='ltr'>ἁμαρτίας</span> <span class='ocrx_word' id='word_1_391' title='bbox 3677 1903 3788 1958; x_wconf 83' lang='grc' dir='ltr'>τῶν</span> 
     </span>
    </p>
   </div>
   <div class='ocr_carea' id='block_1_50' title="bbox 2218 1987 3784 2065">
    <p class='ocr_par' dir='ltr' id='par_1_50' title="bbox 2218 1987 3784 2065">
     <span class='ocr_line' id='line_1_50' title="bbox 2218 1987 3784 2065; baseline 0.004 -24"><span class='ocrx_word' id='word_1_392' title='bbox 2218 1987 2550 2060; x_wconf 79' lang='grc' dir='ltr'>τηλικούτων</span> <span class='ocrx_word' id='word_1_393' title='bbox 2583 1990 2682 2042; x_wconf 85' lang='grc' dir='ltr'><strong>οὐκ</strong></span> <span class='ocrx_word' id='word_1_394' title='bbox 2713 1991 2891 2062; x_wconf 70' lang='grc' dir='ltr'>ἀφῆκε</span> <span class='ocrx_word' id='word_1_395' title='bbox 2920 1991 3012 2044; x_wconf 80' lang='grc' dir='ltr'>τὸν</span> <span class='ocrx_word' id='word_1_396' title='bbox 3055 1992 3339 2065; x_wconf 79' lang='grc' dir='ltr'>προφήτην</span> <span class='ocrx_word' id='word_1_397' title='bbox 3378 1992 3665 2064; x_wconf 80' lang='grc' dir='ltr'><strong>ἀληθεῦσαι</strong></span> <span class='ocrx_word' id='word_1_398' title='bbox 3706 1996 3784 2048; x_wconf 77' lang='grc' dir='ltr'>είο</span> 
     </span>
    </p>
   </div>
   <div class='ocr_carea' id='block_1_51' title="bbox 2219 2079 3781 2155">
    <p class='ocr_par' dir='ltr' id='par_1_51' title="bbox 2219 2079 3781 2155">
     <span class='ocr_line' id='line_1_51' title="bbox 2219 2079 3781 2155; baseline 0.002 -19"><span class='ocrx_word' id='word_1_399' title='bbox 2219 2080 2388 2136; x_wconf 88' lang='grc' dir='ltr'>πόντα</span> <span class='ocrx_word' id='word_1_400' title='bbox 2430 2079 2501 2134; x_wconf 82' lang='grc' dir='ltr'>τὰ</span> <span class='ocrx_word' id='word_1_401' title='bbox 2540 2080 2874 2152; x_wconf 84' lang='grc' dir='ltr'>προκείμενα</span> <span class='ocrx_word' id='word_1_402' title='bbox 2898 2123 2913 2148; x_wconf 93' lang='grc'><strong>,</strong></span> <span class='ocrx_word' id='word_1_403' title='bbox 2961 2081 3096 2135; x_wconf 82' lang='grc' dir='ltr'>ἀλλὰ</span> <span class='ocrx_word' id='word_1_404' title='bbox 3126 2083 3219 2136; x_wconf 77' lang='grc' dir='ltr'><strong>καὶ</strong></span> <span class='ocrx_word' id='word_1_405' title='bbox 3261 2086 3319 2137; x_wconf 81' lang='grc' dir='ltr'>ὲν</span> <span class='ocrx_word' id='word_1_406' title='bbox 3357 2083 3524 2155; x_wconf 79' lang='grc' dir='ltr'>τούτῳ</span> <span class='ocrx_word' id='word_1_407' title='bbox 3565 2084 3781 2140; x_wconf 75' lang='grc' dir='ltr'>ἀθεσίαν</span> 
     </span>
    </p>
   </div>
   <div class='ocr_carea' id='block_1_52' title="bbox 2220 2171 3783 2248">
    <p class='ocr_par' dir='ltr' id='par_1_52' title="bbox 2220 2171 3783 2248">
     <span class='ocr_line' id='line_1_52' title="bbox 2220 2171 3783 2248; baseline 0.004 -25"><span class='ocrx_word' id='word_1_408' title='bbox 2220 2171 2663 2237; x_wconf 76' lang='grc' dir='ltr'>ἐπικαλέσασθαι,</span> <span class='ocrx_word' id='word_1_409' title='bbox 2691 2173 2786 2226; x_wconf 73' lang='grc' dir='ltr'><strong>καὶ</strong></span> <span class='ocrx_word' id='word_1_410' title='bbox 2805 2172 3068 2245; x_wconf 80' lang='grc' dir='ltr'>ἀθετῆσαι</span> <span class='ocrx_word' id='word_1_411' title='bbox 3097 2174 3157 2227; x_wconf 85' lang='grc' dir='ltr'><strong>τὸ</strong></span> <span class='ocrx_word' id='word_1_412' title='bbox 3179 2175 3463 2247; x_wconf 76' lang='grc' dir='ltr'>εἰρημένον</span> <span class='ocrx_word' id='word_1_413' title='bbox 3489 2176 3783 2248; x_wconf 85' lang='grc' dir='ltr'>πεποίηκεν</span> 
     </span>
    </p>
   </div>
   <div class='ocr_carea' id='block_1_53' title="bbox 2228 2258 3786 2336">
    <p class='ocr_par' dir='ltr' id='par_1_53' title="bbox 2228 2258 3786 2336">
     <span class='ocr_line' id='line_1_53' title="bbox 2228 2258 3786 2336; baseline 0.005 -22"><span class='ocrx_word' id='word_1_414' title='bbox 2228 2262 2527 2335; x_wconf 75' lang='grc' dir='ltr'>Ἰερεμίανο</span> <span class='ocrx_word' id='word_1_415' title='bbox 2589 2258 2710 2316; x_wconf 84' lang='grc' dir='ltr'>εἷπε</span> <span class='ocrx_word' id='word_1_416' title='bbox 2775 2262 2876 2334; x_wconf 83' lang='grc' dir='ltr'>μὲν</span> <span class='ocrx_word' id='word_1_417' title='bbox 2919 2263 3063 2336; x_wconf 83' lang='grc' dir='ltr'>γάρ·</span> <span class='ocrx_word' id='word_1_418' title='bbox 3117 2267 3198 2318; x_wconf 86' lang='grc' dir='ltr'><em>Οὐ</em></span> <span class='ocrx_word' id='word_1_419' title='bbox 3265 2265 3346 2334; x_wconf 76' lang='grc' dir='ltr'>μὴ</span> <span class='ocrx_word' id='word_1_420' title='bbox 3397 2266 3674 2336; x_wconf 81' lang='grc' dir='ltr'>ὀνομάσω</span> <span class='ocrx_word' id='word_1_421' title='bbox 3722 2268 3786 2322; x_wconf 78' lang='grc' dir='ltr'>τὸ</span> 
     </span>
    </p>
   </div>
   <div class='ocr_carea' id='block_1_54' title="bbox 2219 2354 3801 2427">
    <p class='ocr_par' dir='ltr' id='par_1_54' title="bbox 2219 2354 3801 2427">
     <span class='ocr_line' id='line_1_54' title="bbox 2219 2354 3801 2427; baseline 0.004 -19"><span class='ocrx_word' id='word_1_422' title='bbox 2219 2354 2406 2424; x_wconf 78' lang='grc' dir='ltr'>ὄνομα</span> <span class='ocrx_word' id='word_1_423' title='bbox 2448 2356 2700 2425; x_wconf 82' lang='grc' dir='ltr'><strong>Κυρίου,</strong></span> <span class='ocrx_word' id='word_1_424' title='bbox 2748 2356 2846 2410; x_wconf 78' lang='grc' dir='ltr'>καὶ</span> <span class='ocrx_word' id='word_1_425' title='bbox 2893 2358 2966 2411; x_wconf 86' lang='grc' dir='ltr'>οὐ</span> <span class='ocrx_word' id='word_1_426' title='bbox 3004 2355 3090 2426; x_wconf 78' lang='grc' dir='ltr'>μὴ</span> <span class='ocrx_word' id='word_1_427' title='bbox 3133 2357 3384 2424; x_wconf 69' lang='grc' dir='ltr'>λαλήσω</span> <span class='ocrx_word' id='word_1_428' title='bbox 3429 2360 3516 2414; x_wconf 78' lang='grc' dir='ltr'>ἔτι</span> <span class='ocrx_word' id='word_1_429' title='bbox 3563 2360 3661 2414; x_wconf 72' lang='grc' dir='ltr'><strong>ἐπὶ</strong></span> <span class='ocrx_word' id='word_1_430' title='bbox 3708 2360 3801 2427; x_wconf 63' lang='grc' dir='ltr'>τῷ</span> 
     </span>
    </p>
   </div>
   <div class='ocr_carea' id='block_1_55' title="bbox 2219 2447 3787 2521">
    <p class='ocr_par' dir='ltr' id='par_1_55' title="bbox 2219 2447 3787 2521">
     <span class='ocr_line' id='line_1_55' title="bbox 2219 2447 3787 2521; baseline 0.003 -21"><span class='ocrx_word' id='word_1_431' title='bbox 2219 2448 2461 2517; x_wconf 85' lang='grc' dir='ltr'>ὀνόματι</span> <span class='ocrx_word' id='word_1_432' title='bbox 2486 2448 2692 2503; x_wconf 86' lang='grc' dir='ltr'>αὐτοῦ.</span> <span class='ocrx_word' id='word_1_433' title='bbox 2730 2447 2991 2518; x_wconf 77' lang='grc' dir='ltr'><strong>Ἐγένετο</strong></span> <span class='ocrx_word' id='word_1_434' title='bbox 3022 2448 3092 2503; x_wconf 79' lang='grc' dir='ltr'>δὲ</span> <span class='ocrx_word' id='word_1_435' title='bbox 3110 2489 3124 2514; x_wconf 92' lang='grc'><strong>,</strong></span> <span class='ocrx_word' id='word_1_436' title='bbox 3153 2451 3315 2521; x_wconf 75' lang='grc' dir='ltr'>φησὶν</span> <span class='ocrx_word' id='word_1_437' title='bbox 3334 2490 3348 2515; x_wconf 91' lang='grc'><strong>,</strong></span> <span class='ocrx_word' id='word_1_438' title='bbox 3377 2450 3447 2503; x_wconf 84' lang='grc' dir='ltr'>ἐν</span> <span class='ocrx_word' id='word_1_439' title='bbox 3470 2450 3547 2519; x_wconf 72' lang='grc' dir='ltr'>τῇ</span> <span class='ocrx_word' id='word_1_440' title='bbox 3574 2453 3787 2520; x_wconf 78' lang='grc' dir='ltr'>καρδίᾳ</span> 
     </span>
    </p>
   </div>
   <div class='ocr_carea' id='block_1_56' title="bbox 2218 2537 3785 2609">
    <p class='ocr_par' dir='ltr' id='par_1_56' title="bbox 2218 2537 3785 2609">
     <span class='ocr_line' id='line_1_56' title="bbox 2218 2537 3785 2609; baseline 0.003 -18"><span class='ocrx_word' id='word_1_441' title='bbox 2218 2555 2331 2603; x_wconf 80' lang='grc' dir='ltr'><strong>μου</strong></span> <span class='ocrx_word' id='word_1_442' title='bbox 2390 2537 2473 2605; x_wconf 86' lang='grc' dir='ltr'>ὡς</span> <span class='ocrx_word' id='word_1_443' title='bbox 2523 2538 2642 2606; x_wconf 84' lang='grc' dir='ltr'><strong>πῦρ</strong></span> <span class='ocrx_word' id='word_1_444' title='bbox 2692 2539 3009 2608; x_wconf 83' lang='grc' dir='ltr'>καιόμενον</span> <span class='ocrx_word' id='word_1_445' title='bbox 3034 2578 3050 2602; x_wconf 88' lang='grc'><strong>,</strong></span> <span class='ocrx_word' id='word_1_446' title='bbox 3118 2540 3497 2609; x_wconf 66' lang='grc' dir='ltr'>φλεγόμενον</span> <span class='ocrx_word' id='word_1_447' title='bbox 3536 2542 3611 2594; x_wconf 81' lang='grc' dir='ltr'>ἐν</span> <span class='ocrx_word' id='word_1_448' title='bbox 3658 2541 3785 2609; x_wconf 84' lang='grc' dir='ltr'>τοῖς</span> 
     </span>
    </p>
   </div>
   <div class='ocr_carea' id='block_1_57' title="bbox 2218 2626 3781 2698">
    <p class='ocr_par' dir='ltr' id='par_1_57' title="bbox 2218 2626 3781 2698">
     <span class='ocr_line' id='line_1_57' title="bbox 2218 2626 3781 2698; baseline 0.003 -16"><span class='ocrx_word' id='word_1_449' title='bbox 2218 2626 2452 2695; x_wconf 79' lang='grc' dir='ltr'><strong>ὀστέοις</strong></span> <span class='ocrx_word' id='word_1_450' title='bbox 2471 2645 2613 2698; x_wconf 82' lang='grc' dir='ltr'>μου,</span> <span class='ocrx_word' id='word_1_451' title='bbox 2656 2627 2755 2681; x_wconf 77' lang='grc' dir='ltr'><strong>καί</strong></span> <span class='ocrx_word' id='word_1_452' title='bbox 2793 2628 3068 2698; x_wconf 65' lang='grc' dir='ltr'>παρεῖμαι</span> <span class='ocrx_word' id='word_1_453' title='bbox 3101 2627 3413 2693; x_wconf 79' lang='grc' dir='ltr'>πάντοθεν,</span> <span class='ocrx_word' id='word_1_454' title='bbox 3447 2630 3547 2684; x_wconf 75' lang='grc' dir='ltr'><strong>καί</strong></span> <span class='ocrx_word' id='word_1_455' title='bbox 3572 2634 3644 2685; x_wconf 86' lang='grc' dir='ltr'>οὐ</span> <span class='ocrx_word' id='word_1_456' title='bbox 3675 2631 3781 2687; x_wconf 84' lang='grc' dir='ltr'>δύ-</span> 
     </span>
    </p>
   </div>
   <div class='ocr_carea' id='block_1_58' title="bbox 2216 2717 3785 2793">
    <p class='ocr_par' dir='ltr' id='par_1_58' title="bbox 2216 2717 3785 2793">
     <span class='ocr_line' id='line_1_58' title="bbox 2216 2717 3785 2793; baseline 0.002 -19"><span class='ocrx_word' id='word_1_457' title='bbox 2216 2735 2396 2789; x_wconf 81' lang='grc' dir='ltr'>ναμαι</span> <span class='ocrx_word' id='word_1_458' title='bbox 2433 2718 2653 2788; x_wconf 73' lang='grc' dir='ltr'>φέρειν.</span> <span class='ocrx_word' id='word_1_459' title='bbox 2695 2717 2752 2772; x_wconf 85' lang='grc'><strong>’0</strong></span> <span class='ocrx_word' id='word_1_460' title='bbox 2781 2717 2936 2788; x_wconf 86' lang='grc' dir='ltr'>λόγος</span> <span class='ocrx_word' id='word_1_461' title='bbox 2961 2720 2989 2773; x_wconf 88' lang='grc' dir='ltr'>ὁ</span> <span class='ocrx_word' id='word_1_462' title='bbox 3018 2719 3110 2773; x_wconf 84' lang='grc' dir='ltr'><strong>τοῦ</strong></span> <span class='ocrx_word' id='word_1_463' title='bbox 3148 2720 3352 2793; x_wconf 77' lang='grc' dir='ltr'>Κυρίου</span> <span class='ocrx_word' id='word_1_464' title='bbox 3386 2721 3578 2790; x_wconf 85' lang='grc' dir='ltr'>γέγονε</span> <span class='ocrx_word' id='word_1_465' title='bbox 3612 2721 3785 2777; x_wconf 90' lang='grc' dir='ltr'>καίων</span> 
     </span>
    </p>
   </div>
   <div class='ocr_carea' id='block_1_59' title="bbox 2218 2810 3784 2887">
    <p class='ocr_par' dir='ltr' id='par_1_59' title="bbox 2218 2810 3784 2887">
     <span class='ocr_line' id='line_1_59' title="bbox 2218 2810 3784 2887; baseline 0.002 -21"><span class='ocrx_word' id='word_1_466' title='bbox 2218 2810 2382 2867; x_wconf 82' lang='grc' dir='ltr'>αὐτοῦ</span> <span class='ocrx_word' id='word_1_467' title='bbox 2414 2811 2515 2883; x_wconf 84' lang='grc' dir='ltr'>τὴν</span> <span class='ocrx_word' id='word_1_468' title='bbox 2544 2810 2789 2882; x_wconf 86' lang='grc' dir='ltr'>καρδίαν.</span> <span class='ocrx_word' id='word_1_469' title='bbox 2834 2813 2946 2866; x_wconf 72' lang='grc' dir='ltr'><strong>Καὶ</strong></span> <span class='ocrx_word' id='word_1_470' title='bbox 2996 2812 3212 2880; x_wconf 75' lang='grc' dir='ltr'>ἐγένετο</span> <span class='ocrx_word' id='word_1_471' title='bbox 3246 2815 3279 2885; x_wconf 82' lang='grc' dir='ltr'>ἡ</span> <span class='ocrx_word' id='word_1_472' title='bbox 3318 2814 3515 2886; x_wconf 86' lang='grc' dir='ltr'>καρδία</span> <span class='ocrx_word' id='word_1_473' title='bbox 3560 2826 3683 2887; x_wconf 60' lang='grc' dir='ltr'><strong>μου</strong></span> <span class='ocrx_word' id='word_1_474' title='bbox 3707 2815 3784 2882; x_wconf 82' lang='grc' dir='ltr'>ὡς</span> 
     </span>
    </p>
   </div>
   <div class='ocr_carea' id='block_1_60' title="bbox 2217 2899 3780 2974">
    <p class='ocr_par' dir='ltr' id='par_1_60' title="bbox 2217 2899 3780 2974">
     <span class='ocr_line' id='line_1_60' title="bbox 2217 2899 3780 2974; baseline 0.001 -19"><span class='ocrx_word' id='word_1_475' title='bbox 2217 2900 2329 2973; x_wconf 80' lang='grc' dir='ltr'><strong>πῦρ</strong></span> <span class='ocrx_word' id='word_1_476' title='bbox 2374 2899 2733 2971; x_wconf 81' lang='grc' dir='ltr'>φλεγόμενον,</span> <span class='ocrx_word' id='word_1_477' title='bbox 2779 2900 3066 2971; x_wconf 89' lang='grc' dir='ltr'>καιόμενον</span> <span class='ocrx_word' id='word_1_478' title='bbox 3122 2902 3181 2955; x_wconf 80' lang='grc' dir='ltr'><strong>ἐν</strong></span> <span class='ocrx_word' id='word_1_479' title='bbox 3230 2903 3344 2965; x_wconf 84' lang='grc' dir='ltr'>τοῖς</span> <span class='ocrx_word' id='word_1_480' title='bbox 3401 2902 3606 2966; x_wconf 81' lang='grc' dir='ltr'>ὀστέοις</span> <span class='ocrx_word' id='word_1_481' title='bbox 3657 2920 3780 2974; x_wconf 88' lang='grc' dir='ltr'>μου.</span> 
     </span>
    </p>
   </div>
   <div class='ocr_carea' id='block_1_61' title="bbox 2229 2990 3783 3064">
    <p class='ocr_par' dir='ltr' id='par_1_61' title="bbox 2229 2990 3783 3064">
     <span class='ocr_line' id='line_1_61' title="bbox 2229 2990 3783 3064; baseline 0.002 -19"><span class='ocrx_word' id='word_1_482' title='bbox 2229 2990 2495 3045; x_wconf 78' lang='grc' dir='ltr'>’Υπέὸαλε</span> <span class='ocrx_word' id='word_1_483' title='bbox 2540 2991 2640 3061; x_wconf 82' lang='grc' dir='ltr'><strong>τὴν</strong></span> <span class='ocrx_word' id='word_1_484' title='bbox 2686 2991 2962 3062; x_wconf 84' lang='grc' dir='ltr'>ἁμαρτίαν</span> <span class='ocrx_word' id='word_1_485' title='bbox 3008 2992 3075 3064; x_wconf 74' lang='grc' dir='ltr'>ἣν</span> <span class='ocrx_word' id='word_1_486' title='bbox 3123 2992 3419 3064; x_wconf 86' lang='grc' dir='ltr'>πεποίηκεν</span> <span class='ocrx_word' id='word_1_487' title='bbox 3451 2992 3655 3047; x_wconf 67' lang='grc' dir='ltr'>είπιῖιν·</span> <span class='ocrx_word' id='word_1_488' title='bbox 3700 2996 3783 3049; x_wconf 85' lang='grc' dir='ltr'><strong>Οὐ</strong></span> 
     </span>
    </p>
   </div>
   <div class='ocr_carea' id='block_1_62' title="bbox 551 3080 2163 3164">
    <p class='ocr_par' dir='ltr' id='par_1_62' title="bbox 551 3080 2163 3163">
     <span class='ocr_line' id='line_1_62' title="bbox 551 3080 2163 3163; baseline -0.003 -23"><span class='ocrx_word' id='word_1_489' title='bbox 551 3084 717 3140; x_wconf 86' lang='lat' dir='ltr'><strong>corde</strong></span> <span class='ocrx_word' id='word_1_490' title='bbox 758 3097 880 3138; x_wconf 87' lang='lat' dir='ltr'><strong>meo</strong></span> <span class='ocrx_word' id='word_1_491' title='bbox 928 3081 1106 3151; x_wconf 86' lang='lat' dir='ltr'><strong>ignem</strong></span> <span class='ocrx_word' id='word_1_492' title='bbox 1149 3081 1465 3147; x_wconf 86' lang='lat' dir='ltr'><strong>ardentem,</strong></span> <span class='ocrx_word' id='word_1_493' title='bbox 1515 3089 1756 3134; x_wconf 86' lang='lat' dir='ltr'><strong>urentem</strong></span> <span class='ocrx_word' id='word_1_494' title='bbox 1798 3081 1853 3134; x_wconf 91' lang='lat' dir='ltr'><strong>in</strong></span> <span class='ocrx_word' id='word_1_495' title='bbox 1899 3080 2163 3163; x_wconf 53' lang='lat' dir='ltr'><strong>ossibus¢</strong></span> 
     </span>
    </p>
   </div>
   <div class='ocr_carea' id='block_1_63' title="bbox 2216 3080 3785 3164">
    <p class='ocr_par' dir='ltr' id='par_1_63' title="bbox 2216 3081 3785 3154">
     <span class='ocr_line' id='line_1_63' title="bbox 2216 3081 3785 3154; baseline 0.001 -18"><span class='ocrx_word' id='word_1_496' title='bbox 2216 3082 2299 3153; x_wconf 74' lang='grc' dir='ltr'>μὴ</span> <span class='ocrx_word' id='word_1_497' title='bbox 2327 3081 2601 3152; x_wconf 81' lang='grc' dir='ltr'><strong>ὀνομάσω</strong></span> <span class='ocrx_word' id='word_1_498' title='bbox 2624 3082 2689 3137; x_wconf 85' lang='grc' dir='ltr'>τὸ</span> <span class='ocrx_word' id='word_1_499' title='bbox 2717 3082 2904 3153; x_wconf 83' lang='grc' dir='ltr'>ὄνομα</span> <span class='ocrx_word' id='word_1_500' title='bbox 2924 3083 3167 3151; x_wconf 83' lang='grc' dir='ltr'>Κυρίου,</span> <span class='ocrx_word' id='word_1_501' title='bbox 3192 3084 3291 3137; x_wconf 78' lang='grc' dir='ltr'>καὶ</span> <span class='ocrx_word' id='word_1_502' title='bbox 3325 3086 3397 3138; x_wconf 88' lang='grc' dir='ltr'>οὐ</span> <span class='ocrx_word' id='word_1_503' title='bbox 3420 3083 3506 3154; x_wconf 79' lang='grc' dir='ltr'>μὴ</span> <span class='ocrx_word' id='word_1_504' title='bbox 3535 3083 3785 3151; x_wconf 79' lang='grc' dir='ltr'>λαλήσω</span> 
     </span>
    </p>
   </div>
   <div class='ocr_carea' id='block_1_64' title="bbox 550 3171 2115 3242">
    <p class='ocr_par' dir='ltr' id='par_1_64' title="bbox 550 3171 2115 3242">
     <span class='ocr_line' id='line_1_64' title="bbox 550 3171 2115 3242; baseline -0.004 -11"><span class='ocrx_word' id='word_1_505' title='bbox 550 3176 718 3241; x_wconf 87' lang='lat' dir='ltr'><strong>meis,</strong></span> <span class='ocrx_word' id='word_1_506' title='bbox 755 3173 830 3228; x_wconf 87' lang='lat' dir='ltr'><strong>ita</strong></span> <span class='ocrx_word' id='word_1_507' title='bbox 856 3181 915 3228; x_wconf 90' lang='lat' dir='ltr'><strong>ut</strong></span> <span class='ocrx_word' id='word_1_508' title='bbox 952 3172 1093 3227; x_wconf 79' lang='lat' dir='ltr'><strong>ferre</strong></span> <span class='ocrx_word' id='word_1_509' title='bbox 1132 3186 1240 3227; x_wconf 90' lang='lat' dir='ltr'><strong>non</strong></span> <span class='ocrx_word' id='word_1_510' title='bbox 1283 3171 1514 3242; x_wconf 87' lang='lat' dir='ltr'><strong>possim.</strong></span> <span class='ocrx_word' id='word_1_511' title='bbox 1542 3171 1812 3225; x_wconf 89' lang='lat' dir='ltr'><strong>Audacter</strong></span> <span class='ocrx_word' id='word_1_512' title='bbox 1839 3172 2115 3241; x_wconf 87' lang='lat' dir='ltr'><strong>quidpiam</strong></span> 
     </span>
    </p>
   </div>
   <div class='ocr_carea' id='block_1_65' title="bbox 556 3262 2116 3333">
    <p class='ocr_par' dir='ltr' id='par_1_65' title="bbox 556 3262 2116 3333">
     <span class='ocr_line' id='line_1_65' title="bbox 556 3262 2116 3333; baseline -0.003 -12"><span class='ocrx_word' id='word_1_513' title='bbox 556 3265 941 3322; x_wconf 87' lang='lat' dir='ltr'><strong>cnuntiaturus</strong></span> <span class='ocrx_word' id='word_1_514' title='bbox 972 3278 1093 3319; x_wconf 91' lang='lat' dir='ltr'><strong>sum</strong></span> <span class='ocrx_word' id='word_1_515' title='bbox 1116 3303 1133 3329; x_wconf 97' lang='lat'><strong>,</strong></span> <span class='ocrx_word' id='word_1_516' title='bbox 1159 3263 1303 3333; x_wconf 88' lang='lat' dir='ltr'><strong>quod</strong></span> <span class='ocrx_word' id='word_1_517' title='bbox 1329 3277 1399 3317; x_wconf 82' lang='lat' dir='ltr'><strong>an</strong></span> <span class='ocrx_word' id='word_1_518' title='bbox 1430 3262 1516 3318; x_wconf 91' lang='lat' dir='ltr'><strong>his</strong></span> <span class='ocrx_word' id='word_1_519' title='bbox 1561 3262 1900 3317; x_wconf 83' lang='lat' dir='ltr'><strong>auditoribus</strong></span> <span class='ocrx_word' id='word_1_520' title='bbox 1930 3263 2116 3333; x_wconf 79' lang='lat' dir='ltr'><strong>profu-</strong></span> 
     </span>
    </p>
   </div>
   <div class='ocr_carea' id='block_1_66' title="bbox 545 3352 2114 3426">
    <p class='ocr_par' dir='ltr' id='par_1_66' title="bbox 545 3352 2114 3426">
     <span class='ocr_line' id='line_1_66' title="bbox 545 3352 2114 3426; baseline -0.003 -12"><span class='ocrx_word' id='word_1_521' title='bbox 545 3366 729 3414; x_wconf 89' lang='lat' dir='ltr'><strong>turum</strong></span> <span class='ocrx_word' id='word_1_522' title='bbox 763 3355 834 3411; x_wconf 89' lang='lat' dir='ltr'><strong>sit</strong></span> <span class='ocrx_word' id='word_1_523' title='bbox 863 3356 1074 3426; x_wconf 87' lang='lat' dir='ltr'><strong>ignoro.</strong></span> <span class='ocrx_word' id='word_1_524' title='bbox 1107 3352 1253 3409; x_wconf 76' lang='lat' dir='ltr'><strong>Dixit</strong></span> <span class='ocrx_word' id='word_1_525' title='bbox 1280 3368 1402 3409; x_wconf 89' lang='lat' dir='ltr'><strong>esse</strong></span> <span class='ocrx_word' id='word_1_526' title='bbox 1449 3353 1721 3424; x_wconf 88' lang='lat' dir='ltr'><strong>quoddam</strong></span> <span class='ocrx_word' id='word_1_527' title='bbox 1757 3369 1926 3425; x_wconf 88' lang='lat' dir='ltr'><strong>genus</strong></span> <span class='ocrx_word' id='word_1_528' title='bbox 1952 3355 2114 3425; x_wconf 79' lang='lat' dir='ltr'><strong>ignis,</strong></span> 
     </span>
    </p>
   </div>
   <div class='ocr_carea' id='block_1_67' title="bbox 549 3447 2115 3520">
    <p class='ocr_par' dir='ltr' id='par_1_67' title="bbox 549 3447 2115 3520">
     <span class='ocr_line' id='line_1_67' title="bbox 549 3447 2115 3520; baseline -0.001 -16"><span class='ocrx_word' id='word_1_529' title='bbox 549 3450 694 3520; x_wconf 86' lang='lat' dir='ltr'><strong>ignis</strong></span> <span class='ocrx_word' id='word_1_530' title='bbox 739 3449 830 3519; x_wconf 91' lang='lat' dir='ltr'><strong>qui</strong></span> <span class='ocrx_word' id='word_1_531' title='bbox 855 3463 1020 3504; x_wconf 86' lang='lat' dir='ltr'><strong>sensu</strong></span> <span class='ocrx_word' id='word_1_532' title='bbox 1051 3464 1158 3504; x_wconf 88' lang='lat' dir='ltr'><strong>non</strong></span> <span class='ocrx_word' id='word_1_533' title='bbox 1189 3447 1510 3518; x_wconf 82' lang='lat' dir='ltr'><strong>percipitur,</strong></span> <span class='ocrx_word' id='word_1_534' title='bbox 1545 3448 1734 3503; x_wconf 90' lang='lat' dir='ltr'><strong>dolore</strong></span> <span class='ocrx_word' id='word_1_535' title='bbox 1767 3449 1837 3502; x_wconf 87' lang='lat' dir='ltr'><strong>ita</strong></span> <span class='ocrx_word' id='word_1_536' title='bbox 1867 3464 1990 3503; x_wconf 90' lang='lat' dir='ltr'><strong>eum</strong></span> <span class='ocrx_word' id='word_1_537' title='bbox 2021 3449 2115 3519; x_wconf 88' lang='lat' dir='ltr'><strong>qui</strong></span> 
     </span>
    </p>
   </div>
   <div class='ocr_carea' id='block_1_68' title="bbox 547 3539 2117 3596">
    <p class='ocr_par' dir='ltr' id='par_1_68' title="bbox 547 3539 2117 3596">
     <span class='ocr_line' id='line_1_68' title="bbox 547 3539 2117 3596; baseline -0.001 0"><span class='ocrx_word' id='word_1_538' title='bbox 547 3541 824 3596; x_wconf 88' lang='lat' dir='ltr'><strong>cruciatur</strong></span> <span class='ocrx_word' id='word_1_539' title='bbox 869 3539 1131 3595; x_wconf 73' lang='lat' dir='ltr'><strong>adiciente</strong></span> <span class='ocrx_word' id='word_1_540' title='bbox 1186 3547 1246 3594; x_wconf 93' lang='lat' dir='ltr'><strong>ut</strong></span> <span class='ocrx_word' id='word_1_541' title='bbox 1300 3539 1351 3595; x_wconf 91' lang='lat' dir='ltr'><strong>ei</strong></span> <span class='ocrx_word' id='word_1_542' title='bbox 1407 3539 1480 3594; x_wconf 88' lang='lat' dir='ltr'><strong>sit</strong></span> <span class='ocrx_word' id='word_1_543' title='bbox 1536 3539 1911 3595; x_wconf 88' lang='lat' dir='ltr'><strong>intolerabilis.</strong></span> <span class='ocrx_word' id='word_1_544' title='bbox 1971 3539 2117 3595; x_wconf 73' lang='lat' dir='ltr'><strong>Dixit</strong></span> 
     </span>
    </p>
   </div>
   <div class='ocr_carea' id='block_1_69' title="bbox 545 3630 2111 3701">
    <p class='ocr_par' dir='ltr' id='par_1_69' title="bbox 545 3630 2111 3701">
     <span class='ocr_line' id='line_1_69' title="bbox 545 3630 2111 3701; baseline -0.002 -14"><span class='ocrx_word' id='word_1_545' title='bbox 545 3632 692 3689; x_wconf 89' lang='lat' dir='ltr'><strong>enim</strong></span> <span class='ocrx_word' id='word_1_546' title='bbox 721 3650 734 3686; x_wconf 88' lang='lat'><strong>:</strong></span> <span class='ocrx_word' id='word_1_547' title='bbox 772 3631 970 3685; x_wconf 79' lang='lat' dir='ltr'><strong>Factus</strong></span> <span class='ocrx_word' id='word_1_548' title='bbox 1006 3639 1084 3685; x_wconf 87' lang='lat' dir='ltr'><strong>est</strong></span> <span class='ocrx_word' id='word_1_549' title='bbox 1112 3631 1166 3684; x_wconf 86' lang='lat' dir='ltr'><strong>in</strong></span> <span class='ocrx_word' id='word_1_550' title='bbox 1204 3630 1363 3685; x_wconf 81' lang='lat' dir='ltr'><strong>corde</strong></span> <span class='ocrx_word' id='word_1_551' title='bbox 1406 3646 1516 3683; x_wconf 85' lang='lat' dir='ltr'><strong>meo</strong></span> <span class='ocrx_word' id='word_1_552' title='bbox 1550 3631 1704 3701; x_wconf 85' lang='lat' dir='ltr'><strong>quasi</strong></span> <span class='ocrx_word' id='word_1_553' title='bbox 1732 3631 1868 3700; x_wconf 84' lang='lat' dir='ltr'><strong>ignis</strong></span> <span class='ocrx_word' id='word_1_554' title='bbox 1901 3631 2111 3695; x_wconf 78' lang='lat' dir='ltr'><strong>ardens,</strong></span> 
     </span>
    </p>
   </div>
   <div class='ocr_carea' id='block_1_70' title="bbox 545 3717 2114 3779">
    <p class='ocr_par' dir='ltr' id='par_1_70' title="bbox 545 3717 2114 3779">
     <span class='ocr_line' id='line_1_70' title="bbox 545 3717 2114 3779; baseline 0.001 -7"><span class='ocrx_word' id='word_1_555' title='bbox 545 3727 594 3772; x_wconf 85' lang='lat' dir='ltr'><strong>et</strong></span> <span class='ocrx_word' id='word_1_556' title='bbox 616 3734 771 3773; x_wconf 77' lang='lat' dir='ltr'><strong>urens</strong></span> <span class='ocrx_word' id='word_1_557' title='bbox 800 3734 905 3772; x_wconf 88' lang='lat' dir='ltr'><strong>non</strong></span> <span class='ocrx_word' id='word_1_558' title='bbox 942 3726 1151 3771; x_wconf 91' lang='lat' dir='ltr'><strong>tantum</strong></span> <span class='ocrx_word' id='word_1_559' title='bbox 1183 3717 1240 3771; x_wconf 92' lang='lat' dir='ltr'><strong>in</strong></span> <span class='ocrx_word' id='word_1_560' title='bbox 1263 3717 1430 3773; x_wconf 88' lang='lat' dir='ltr'><strong>corde</strong></span> <span class='ocrx_word' id='word_1_561' title='bbox 1450 3732 1594 3779; x_wconf 88' lang='lat' dir='ltr'><strong>meo,</strong></span> <span class='ocrx_word' id='word_1_562' title='bbox 1620 3719 1713 3772; x_wconf 89' lang='lat' dir='ltr'><strong>sed</strong></span> <span class='ocrx_word' id='word_1_563' title='bbox 1743 3727 1797 3772; x_wconf 87' lang='lat' dir='ltr'><strong>et</strong></span> <span class='ocrx_word' id='word_1_564' title='bbox 1830 3719 1885 3772; x_wconf 90' lang='lat' dir='ltr'><strong>in</strong></span> <span class='ocrx_word' id='word_1_565' title='bbox 1910 3721 2114 3773; x_wconf 86' lang='lat' dir='ltr'><strong>ossibus</strong></span> 
     </span>
    </p>
   </div>
   <div class='ocr_carea' id='block_1_71' title="bbox 548 3804 2115 3880">
    <p class='ocr_par' dir='ltr' id='par_1_71' title="bbox 548 3804 2115 3880">
     <span class='ocr_line' id='line_1_71' title="bbox 548 3804 2115 3880; baseline 0.001 -17"><span class='ocrx_word' id='word_1_566' title='bbox 548 3812 677 3864; x_wconf 83' lang='lat' dir='ltr'><strong>meis</strong></span> <span class='ocrx_word' id='word_1_567' title='bbox 699 3850 714 3877; x_wconf 94' lang='lat'><strong>,</strong></span> <span class='ocrx_word' id='word_1_568' title='bbox 755 3819 805 3865; x_wconf 84' lang='lat' dir='ltr'><strong>et</strong></span> <span class='ocrx_word' id='word_1_569' title='bbox 850 3804 1140 3864; x_wconf 85' lang='lat' dir='ltr'><strong>dissolutus</strong></span> <span class='ocrx_word' id='word_1_570' title='bbox 1171 3824 1322 3876; x_wconf 85' lang='lat' dir='ltr'><strong>sum,</strong></span> <span class='ocrx_word' id='word_1_571' title='bbox 1357 3818 1403 3862; x_wconf 86' lang='lat' dir='ltr'><strong>et</strong></span> <span class='ocrx_word' id='word_1_572' title='bbox 1438 3808 1574 3877; x_wconf 85' lang='lat' dir='ltr'><strong>ferre</strong></span> <span class='ocrx_word' id='word_1_573' title='bbox 1607 3824 1707 3862; x_wconf 85' lang='lat' dir='ltr'><strong>non</strong></span> <span class='ocrx_word' id='word_1_574' title='bbox 1745 3824 1974 3877; x_wconf 82' lang='lat' dir='ltr'><strong>possum.</strong></span> <span class='ocrx_word' id='word_1_575' title='bbox 2001 3809 2115 3880; x_wconf 83' lang='lat' dir='ltr'><strong>Ego</strong></span> 
     </span>
    </p>
   </div>
   <div class='ocr_carea' id='block_1_72' title="bbox 547 3899 2112 3970">
    <p class='ocr_par' dir='ltr' id='par_1_72' title="bbox 547 3899 2112 3970">
     <span class='ocr_line' id='line_1_72' title="bbox 547 3899 2112 3970; baseline -0.001 -15"><span class='ocrx_word' id='word_1_576' title='bbox 547 3916 740 3955; x_wconf 87' lang='lat' dir='ltr'><strong>vereor</strong></span> <span class='ocrx_word' id='word_1_577' title='bbox 777 3916 845 3956; x_wconf 87' lang='lat' dir='ltr'><strong>ne</strong></span> <span class='ocrx_word' id='word_1_578' title='bbox 876 3901 999 3955; x_wconf 84' lang='lat' dir='ltr'><strong>talis</strong></span> <span class='ocrx_word' id='word_1_579' title='bbox 1031 3900 1101 3954; x_wconf 90' lang='lat' dir='ltr'><strong>sit</strong></span> <span class='ocrx_word' id='word_1_580' title='bbox 1128 3900 1221 3969; x_wconf 89' lang='lat' dir='ltr'><strong>qui</strong></span> <span class='ocrx_word' id='word_1_581' title='bbox 1257 3900 1416 3954; x_wconf 88' lang='lat' dir='ltr'><strong>nobis</strong></span> <span class='ocrx_word' id='word_1_582' title='bbox 1453 3908 1761 3953; x_wconf 82' lang='lat' dir='ltr'><strong>reservatur</strong></span> <span class='ocrx_word' id='word_1_583' title='bbox 1789 3899 1947 3969; x_wconf 82' lang='lat' dir='ltr'><strong>ignis,</strong></span> <span class='ocrx_word' id='word_1_584' title='bbox 1974 3916 2112 3970; x_wconf 89' lang='lat' dir='ltr'><strong>qua-</strong></span> 
     </span>
    </p>
   </div>
   <div class='ocr_carea' id='block_1_73' title="bbox 548 3989 2112 4061">
    <p class='ocr_par' dir='ltr' id='par_1_73' title="bbox 548 3989 2112 4061">
     <span class='ocr_line' id='line_1_73' title="bbox 548 3989 2112 4061; baseline 0 -16"><span class='ocrx_word' id='word_1_585' title='bbox 548 3990 753 4047; x_wconf 84' lang='lat' dir='ltr'><strong>lisfuit</strong></span> <span class='ocrx_word' id='word_1_586' title='bbox 790 3991 843 4044; x_wconf 92' lang='lat' dir='ltr'><strong>in</strong></span> <span class='ocrx_word' id='word_1_587' title='bbox 893 3991 1057 4045; x_wconf 84' lang='lat' dir='ltr'><strong>corde</strong></span> <span class='ocrx_word' id='word_1_588' title='bbox 1102 3990 1371 4045; x_wconf 74' lang='lat' dir='ltr'><strong>Jeremize.</strong></span> <span class='ocrx_word' id='word_1_589' title='bbox 1420 3989 1522 4044; x_wconf 85' lang='lat' dir='ltr'><strong>Sed</strong></span> <span class='ocrx_word' id='word_1_590' title='bbox 1572 3989 1721 4044; x_wconf 87' lang='lat' dir='ltr'><strong>illum</strong></span> <span class='ocrx_word' id='word_1_591' title='bbox 1768 4006 1875 4044; x_wconf 91' lang='lat' dir='ltr'><strong>non</strong></span> <span class='ocrx_word' id='word_1_592' title='bbox 1907 3993 2112 4061; x_wconf 82' lang='lat' dir='ltr'><strong>experti</strong></span> 
     </span>
    </p>
   </div>
   <div class='ocr_carea' id='block_1_74' title="bbox 2216 3174 3784 3249">
    <p class='ocr_par' dir='ltr' id='par_1_74' title="bbox 2216 3174 3784 3249">
     <span class='ocr_line' id='line_1_74' title="bbox 2216 3174 3784 3249; baseline 0.002 -21"><span class='ocrx_word' id='word_1_593' title='bbox 2216 3175 2313 3228; x_wconf 80' lang='grc' dir='ltr'><strong>ἐπὶ</strong></span> <span class='ocrx_word' id='word_1_594' title='bbox 2346 3174 2425 3240; x_wconf 83' lang='grc' dir='ltr'>τῷ</span> <span class='ocrx_word' id='word_1_595' title='bbox 2456 3175 2697 3244; x_wconf 80' lang='grc' dir='ltr'>ὀνόματι</span> <span class='ocrx_word' id='word_1_596' title='bbox 2726 3175 2913 3229; x_wconf 85' lang='grc' dir='ltr'>αὐτοῦ</span> <span class='ocrx_word' id='word_1_597' title='bbox 2945 3175 3031 3228; x_wconf 81' lang='grc' dir='ltr'>ἔτι</span> <span class='ocrx_word' id='word_1_598' title='bbox 3050 3192 3063 3205; x_wconf 88' lang='grc'><strong>·</strong></span> <span class='ocrx_word' id='word_1_599' title='bbox 3095 3175 3189 3229; x_wconf 70' lang='grc' dir='ltr'>καὶ</span> <span class='ocrx_word' id='word_1_600' title='bbox 3215 3176 3456 3229; x_wconf 78' lang='grc' dir='ltr'>ἀπέϐαλε</span> <span class='ocrx_word' id='word_1_601' title='bbox 3486 3178 3584 3248; x_wconf 82' lang='grc' dir='ltr'><strong>τὴν</strong></span> <span class='ocrx_word' id='word_1_602' title='bbox 3607 3178 3784 3249; x_wconf 84' lang='grc' dir='ltr'>ἀμαρ-</span> 
     </span>
    </p>
   </div>
   <div class='ocr_carea' id='block_1_75' title="bbox 2214 3264 3783 3339">
    <p class='ocr_par' dir='ltr' id='par_1_75' title="bbox 2214 3264 3783 3339">
     <span class='ocr_line' id='line_1_75' title="bbox 2214 3264 3783 3339; baseline 0.003 -22"><span class='ocrx_word' id='word_1_603' title='bbox 2214 3264 2335 3319; x_wconf 90' lang='grc' dir='ltr'>τίαν</span> <span class='ocrx_word' id='word_1_604' title='bbox 2368 3265 2632 3337; x_wconf 82' lang='grc' dir='ltr'>Ἱερεμίας</span> <span class='ocrx_word' id='word_1_605' title='bbox 2676 3265 2792 3337; x_wconf 75' lang='grc' dir='ltr'>ἅμα</span> <span class='ocrx_word' id='word_1_606' title='bbox 2825 3265 2904 3336; x_wconf 82' lang='grc' dir='ltr'>τῷ</span> <span class='ocrx_word' id='word_1_607' title='bbox 2951 3267 3147 3321; x_wconf 82' lang='grc' dir='ltr'>εἰπεῖν.</span> <span class='ocrx_word' id='word_1_608' title='bbox 3194 3266 3320 3320; x_wconf 74' lang='grc' dir='ltr'>Εἴθε</span> <span class='ocrx_word' id='word_1_609' title='bbox 3351 3266 3506 3336; x_wconf 85' lang='grc' dir='ltr'><strong>κάγὼ</strong></span> <span class='ocrx_word' id='word_1_610' title='bbox 3548 3268 3665 3339; x_wconf 77' lang='grc' dir='ltr'><strong>ἅμα</strong></span> <span class='ocrx_word' id='word_1_611' title='bbox 3704 3267 3783 3339; x_wconf 85' lang='grc' dir='ltr'>τῷ</span> 
     </span>
    </p>
   </div>
   <div class='ocr_carea' id='block_1_76' title="bbox 2218 3355 3780 3431">
    <p class='ocr_par' dir='ltr' id='par_1_76' title="bbox 2218 3355 3780 3431">
     <span class='ocr_line' id='line_1_76' title="bbox 2218 3355 3780 3431; baseline 0.004 -23"><span class='ocrx_word' id='word_1_612' title='bbox 2218 3355 2551 3426; x_wconf 78' lang='grc' dir='ltr'>ἁμαρτῆσαι,</span> <span class='ocrx_word' id='word_1_613' title='bbox 2567 3356 2658 3409; x_wconf 78' lang='grc' dir='ltr'>καὶ</span> <span class='ocrx_word' id='word_1_614' title='bbox 2682 3358 2855 3410; x_wconf 73' lang='grc' dir='ltr'>εἰπεῖν</span> <span class='ocrx_word' id='word_1_615' title='bbox 2875 3356 3031 3425; x_wconf 72' lang='grc' dir='ltr'>λόγον</span> <span class='ocrx_word' id='word_1_616' title='bbox 3055 3358 3425 3429; x_wconf 81' lang='grc' dir='ltr'>ἁμαρτητικὸν</span> <span class='ocrx_word' id='word_1_617' title='bbox 3449 3359 3780 3431; x_wconf 80' lang='grc' dir='ltr'>ᾐσθανόμην,</span> 
     </span>
    </p>
   </div>
   <div class='ocr_carea' id='block_1_77' title="bbox 2213 3446 3779 3521">
    <p class='ocr_par' dir='ltr' id='par_1_77' title="bbox 2213 3446 3779 3521">
     <span class='ocr_line' id='line_1_77' title="bbox 2213 3446 3779 3521; baseline 0.004 -23"><span class='ocrx_word' id='word_1_618' title='bbox 2213 3446 2294 3498; x_wconf 79' lang='grc' dir='ltr'><strong>ὅτι</strong></span> <span class='ocrx_word' id='word_1_619' title='bbox 2325 3446 2514 3515; x_wconf 82' lang='grc' dir='ltr'>γέγονε</span> <span class='ocrx_word' id='word_1_620' title='bbox 2547 3446 2658 3519; x_wconf 86' lang='grc' dir='ltr'><strong>πῦρ</strong></span> <span class='ocrx_word' id='word_1_621' title='bbox 2689 3448 2746 3501; x_wconf 83' lang='grc' dir='ltr'>ὲν</span> <span class='ocrx_word' id='word_1_622' title='bbox 2769 3450 2835 3519; x_wconf 79' lang='grc' dir='ltr'>τῇ</span> <span class='ocrx_word' id='word_1_623' title='bbox 2873 3448 3068 3519; x_wconf 80' lang='grc' dir='ltr'>καρδίᾳ</span> <span class='ocrx_word' id='word_1_624' title='bbox 3106 3465 3204 3519; x_wconf 92' lang='grc' dir='ltr'><strong>μου</strong></span> <span class='ocrx_word' id='word_1_625' title='bbox 3231 3450 3306 3513; x_wconf 81' lang='grc' dir='ltr'><strong>ὡς</strong></span> <span class='ocrx_word' id='word_1_626' title='bbox 3337 3449 3447 3521; x_wconf 88' lang='grc' dir='ltr'><strong>πῦρ</strong></span> <span class='ocrx_word' id='word_1_627' title='bbox 3471 3450 3779 3521; x_wconf 87' lang='grc' dir='ltr'>καιόμενον,</span> 
     </span>
    </p>
   </div>
   <div class='ocr_carea' id='block_1_78' title="bbox 2216 3536 3783 3609">
    <p class='ocr_par' dir='ltr' id='par_1_78' title="bbox 2216 3536 3783 3609">
     <span class='ocr_line' id='line_1_78' title="bbox 2216 3536 3783 3609; baseline 0.003 -21"><span class='ocrx_word' id='word_1_628' title='bbox 2216 3536 2543 3607; x_wconf 78' lang='grc' dir='ltr'>φλεγόμενον</span> <span class='ocrx_word' id='word_1_629' title='bbox 2572 3538 2630 3590; x_wconf 82' lang='grc' dir='ltr'>ὲν</span> <span class='ocrx_word' id='word_1_630' title='bbox 2657 3538 2769 3600; x_wconf 85' lang='grc' dir='ltr'>τοῖς</span> <span class='ocrx_word' id='word_1_631' title='bbox 2814 3536 3021 3601; x_wconf 83' lang='grc' dir='ltr'>ὀστέοις</span> <span class='ocrx_word' id='word_1_632' title='bbox 3057 3555 3191 3608; x_wconf 88' lang='grc' dir='ltr'>μου,</span> <span class='ocrx_word' id='word_1_633' title='bbox 3223 3537 3363 3590; x_wconf 79' lang='grc' dir='ltr'>ὥστε</span> <span class='ocrx_word' id='word_1_634' title='bbox 3407 3554 3471 3609; x_wconf 89' lang='grc' dir='ltr'><strong>με</strong></span> <span class='ocrx_word' id='word_1_635' title='bbox 3507 3538 3581 3609; x_wconf 84' lang='grc' dir='ltr'>μὴ</span> <span class='ocrx_word' id='word_1_636' title='bbox 3626 3538 3783 3593; x_wconf 80' lang='grc' dir='ltr'>δύνα-</span> 
     </span>
    </p>
   </div>
   <div class='ocr_carea' id='block_1_79' title="bbox 2216 3626 3781 3698">
    <p class='ocr_par' dir='ltr' id='par_1_79' title="bbox 2216 3626 3781 3698">
     <span class='ocr_line' id='line_1_79' title="bbox 2216 3626 3781 3698; baseline 0.001 -17"><span class='ocrx_word' id='word_1_637' title='bbox 2216 3626 2338 3681; x_wconf 88' lang='grc' dir='ltr'>σθαι</span> <span class='ocrx_word' id='word_1_638' title='bbox 2384 3628 2603 3698; x_wconf 74' lang='grc' dir='ltr'>φέρεινῑ</span> <span class='ocrx_word' id='word_1_639' title='bbox 2636 3626 2833 3680; x_wconf 87' lang='grc' dir='ltr'>Μέλλει</span> <span class='ocrx_word' id='word_1_640' title='bbox 2863 3644 2917 3680; x_wconf 92' lang='grc' dir='ltr'><strong>τι</strong></span> <span class='ocrx_word' id='word_1_641' title='bbox 2949 3628 2978 3679; x_wconf 89' lang='lat'><strong>6</strong></span> <span class='ocrx_word' id='word_1_642' title='bbox 3004 3626 3157 3696; x_wconf 88' lang='grc' dir='ltr'>λόγος</span> <span class='ocrx_word' id='word_1_643' title='bbox 3179 3626 3411 3698; x_wconf 83' lang='grc' dir='ltr'>τολμᾷν,</span> <span class='ocrx_word' id='word_1_644' title='bbox 3448 3629 3548 3681; x_wconf 78' lang='grc' dir='ltr'><strong>οὐκ</strong></span> <span class='ocrx_word' id='word_1_645' title='bbox 3584 3626 3698 3682; x_wconf 84' lang='grc' dir='ltr'>οἶδα</span> <span class='ocrx_word' id='word_1_646' title='bbox 3721 3628 3781 3682; x_wconf 73' lang='grc' dir='ltr'>δὲ</span> 
     </span>
    </p>
   </div>
   <div class='ocr_carea' id='block_1_80' title="bbox 2215 3717 3782 3796">
    <p class='ocr_par' dir='ltr' id='par_1_80' title="bbox 2215 3717 3782 3796">
     <span class='ocr_line' id='line_1_80' title="bbox 2215 3717 3782 3796; baseline -0.003 -20"><span class='ocrx_word' id='word_1_647' title='bbox 2215 3725 2263 3776; x_wconf 88' lang='grc' dir='ltr'><strong>εί</strong></span> <span class='ocrx_word' id='word_1_648' title='bbox 2295 3723 2568 3796; x_wconf 83' lang='grc' dir='ltr'>συμφέρον</span> <span class='ocrx_word' id='word_1_649' title='bbox 2600 3722 2678 3794; x_wconf 80' lang='grc' dir='ltr'><strong>τῷ</strong></span> <span class='ocrx_word' id='word_1_650' title='bbox 2702 3722 2925 3794; x_wconf 83' lang='grc' dir='ltr'>τοιούτῳ</span> <span class='ocrx_word' id='word_1_651' title='bbox 2949 3718 3532 3795; x_wconf 79' lang='grc' dir='ltr'>ἁκροατηρίῳ.Είρηκέ</span> <span class='ocrx_word' id='word_1_652' title='bbox 3562 3740 3615 3774; x_wconf 89' lang='grc' dir='ltr'><strong>τι</strong></span> <span class='ocrx_word' id='word_1_653' title='bbox 3646 3717 3782 3773; x_wconf 80' lang='grc' dir='ltr'>εἶναι</span> 
     </span>
    </p>
   </div>
   <div class='ocr_carea' id='block_1_81' title="bbox 2214 3810 3782 3886">
    <p class='ocr_par' dir='ltr' id='par_1_81' title="bbox 2214 3810 3782 3886">
     <span class='ocr_line' id='line_1_81' title="bbox 2214 3810 3782 3886; baseline -0.004 -19"><span class='ocrx_word' id='word_1_654' title='bbox 2214 3811 2353 3879; x_wconf 82' lang='grc' dir='ltr'>εἶδος</span> <span class='ocrx_word' id='word_1_655' title='bbox 2381 3815 2570 3886; x_wconf 85' lang='grc' dir='ltr'>πυρὸς,</span> <span class='ocrx_word' id='word_1_656' title='bbox 2600 3813 2771 3885; x_wconf 81' lang='grc' dir='ltr'>πυρὸς</span> <span class='ocrx_word' id='word_1_657' title='bbox 2800 3813 2898 3866; x_wconf 75' lang='grc' dir='ltr'><strong>οὐκ</strong></span> <span class='ocrx_word' id='word_1_658' title='bbox 2924 3811 3203 3883; x_wconf 79' lang='grc' dir='ltr'>αἰσθητοῦ,</span> <span class='ocrx_word' id='word_1_659' title='bbox 3233 3812 3549 3875; x_wconf 76' lang='grc' dir='ltr'>κολάζοντος</span> <span class='ocrx_word' id='word_1_660' title='bbox 3573 3810 3664 3863; x_wconf 77' lang='grc' dir='ltr'><strong>τὸν</strong></span> <span class='ocrx_word' id='word_1_661' title='bbox 3693 3825 3782 3861; x_wconf 82' lang='grc' dir='ltr'>κο-</span> 
     </span>
    </p>
   </div>
   <div class='ocr_carea' id='block_1_82' title="bbox 2214 3895 3780 3975">
    <p class='ocr_par' dir='ltr' id='par_1_82' title="bbox 2214 3895 3780 3975">
     <span class='ocr_line' id='line_1_82' title="bbox 2214 3895 3780 3975; baseline -0.004 -17"><span class='ocrx_word' id='word_1_662' title='bbox 2214 3904 2505 3975; x_wconf 76' lang='grc' dir='ltr'>λαζόμενον</span> <span class='ocrx_word' id='word_1_663' title='bbox 2532 3905 2624 3958; x_wconf 89' lang='grc' dir='ltr'><strong>τοῦ</strong></span> <span class='ocrx_word' id='word_1_664' title='bbox 2658 3905 2817 3958; x_wconf 83' lang='grc' dir='ltr'>πόνου</span> <span class='ocrx_word' id='word_1_665' title='bbox 2868 3905 2948 3967; x_wconf 88' lang='grc' dir='ltr'>εἰς</span> <span class='ocrx_word' id='word_1_666' title='bbox 2991 3905 3051 3956; x_wconf 84' lang='grc' dir='ltr'>τὸ</span> <span class='ocrx_word' id='word_1_667' title='bbox 3084 3903 3159 3975; x_wconf 83' lang='grc' dir='ltr'>μὴ</span> <span class='ocrx_word' id='word_1_668' title='bbox 3195 3904 3378 3975; x_wconf 85' lang='grc' dir='ltr'>φέρειν</span> <span class='ocrx_word' id='word_1_669' title='bbox 3413 3902 3596 3956; x_wconf 75' lang='grc' dir='ltr'>αὐτόν.</span> <span class='ocrx_word' id='word_1_670' title='bbox 3646 3895 3780 3952; x_wconf 66' lang='lat' dir='ltr'><strong>Eine</strong></span> 
     </span>
    </p>
   </div>
   <div class='ocr_carea' id='block_1_83' title="bbox 2214 3991 3783 4067">
    <p class='ocr_par' dir='ltr' id='par_1_83' title="bbox 2214 3991 3783 4067">
     <span class='ocr_line' id='line_1_83' title="bbox 2214 3991 3783 4067; baseline -0.004 -18"><span class='ocrx_word' id='word_1_671' title='bbox 2214 3995 2323 4067; x_wconf 85' lang='grc' dir='ltr'>γάρ</span> <span class='ocrx_word' id='word_1_672' title='bbox 2348 4012 2361 4026; x_wconf 77' lang='grc' dir='ltr'><strong>ο</strong></span> <span class='ocrx_word' id='word_1_673' title='bbox 2404 3994 2664 4065; x_wconf 80' lang='grc' dir='ltr'>Ἐγένετο</span> <span class='ocrx_word' id='word_1_674' title='bbox 2705 3995 2775 4048; x_wconf 87' lang='grc' dir='ltr'>ἐν</span> <span class='ocrx_word' id='word_1_675' title='bbox 2823 3993 2897 4063; x_wconf 71' lang='grc' dir='ltr'>τῇ</span> <span class='ocrx_word' id='word_1_676' title='bbox 2930 3994 3142 4062; x_wconf 78' lang='grc' dir='ltr'>καρδίᾳ</span> <span class='ocrx_word' id='word_1_677' title='bbox 3166 4012 3284 4063; x_wconf 83' lang='grc' dir='ltr'>μου</span> <span class='ocrx_word' id='word_1_678' title='bbox 3316 3994 3397 4058; x_wconf 84' lang='grc' dir='ltr'>ὡς</span> <span class='ocrx_word' id='word_1_679' title='bbox 3426 3992 3544 4059; x_wconf 80' lang='grc' dir='ltr'><strong>πῦρ</strong></span> <span class='ocrx_word' id='word_1_680' title='bbox 3575 3991 3783 4059; x_wconf 58' lang='grc' dir='ltr'>φλεγόι</span> 
     </span>
    </p>
   </div>
   <div class='ocr_carea' id='block_1_84' title="bbox 549 4082 2163 4156">
    <p class='ocr_par' dir='ltr' id='par_1_84' title="bbox 549 4082 2117 4154">
     <span class='ocr_line' id='line_1_84' title="bbox 549 4082 2117 4154; baseline 0.002 -17"><span class='ocrx_word' id='word_1_681' title='bbox 549 4097 743 4137; x_wconf 90' lang='lat' dir='ltr'><strong>sumus</strong></span> <span class='ocrx_word' id='word_1_682' title='bbox 788 4098 804 4136; x_wconf 88' lang='lat'><strong>:</strong></span> <span class='ocrx_word' id='word_1_683' title='bbox 853 4082 897 4136; x_wconf 86' lang='lat' dir='ltr'><strong>si</strong></span> <span class='ocrx_word' id='word_1_684' title='bbox 944 4083 1151 4152; x_wconf 81' lang='lat' dir='ltr'><strong>experti</strong></span> <span class='ocrx_word' id='word_1_685' title='bbox 1200 4097 1486 4148; x_wconf 88' lang='lat' dir='ltr'><strong>essemus,</strong></span> <span class='ocrx_word' id='word_1_686' title='bbox 1534 4083 1906 4154; x_wconf 80' lang='lat' dir='ltr'><strong>pr0p0sitique</strong></span> <span class='ocrx_word' id='word_1_687' title='bbox 1936 4096 2117 4140; x_wconf 86' lang='lat' dir='ltr'><strong>essent</strong></span> 
     </span>
    </p>
   </div>
   <div class='ocr_carea' id='block_1_85' title="bbox 2216 4082 3779 4156">
    <p class='ocr_par' dir='ltr' id='par_1_85' title="bbox 2216 4082 3779 4156">
     <span class='ocr_line' id='line_1_85' title="bbox 2216 4082 3779 4156; baseline -0.003 -17"><span class='ocrx_word' id='word_1_688' title='bbox 2216 4102 2397 4155; x_wconf 86' lang='grc' dir='ltr'>μενον</span> <span class='ocrx_word' id='word_1_689' title='bbox 2426 4085 2524 4139; x_wconf 80' lang='grc' dir='ltr'><strong>καί</strong></span> <span class='ocrx_word' id='word_1_690' title='bbox 2560 4086 2879 4155; x_wconf 81' lang='grc' dir='ltr'>καιόμενον</span> <span class='ocrx_word' id='word_1_691' title='bbox 2909 4086 3009 4138; x_wconf 82' lang='grc' dir='ltr'><strong>οὐκ</strong></span> <span class='ocrx_word' id='word_1_692' title='bbox 3041 4087 3097 4137; x_wconf 82' lang='grc' dir='ltr'>ὲν</span> <span class='ocrx_word' id='word_1_693' title='bbox 3131 4087 3196 4156; x_wconf 81' lang='grc' dir='ltr'>τῇ</span> <span class='ocrx_word' id='word_1_694' title='bbox 3231 4084 3426 4156; x_wconf 78' lang='grc' dir='ltr'>καρδίᾳ</span> <span class='ocrx_word' id='word_1_695' title='bbox 3459 4101 3560 4154; x_wconf 90' lang='grc' dir='ltr'><strong>μου</strong></span> <span class='ocrx_word' id='word_1_696' title='bbox 3597 4082 3779 4153; x_wconf 90' lang='grc' dir='ltr'>μόνον,</span> 
     </span>
    </p>
   </div>
   <div class='ocr_carea' id='block_1_86' title="bbox 548 4173 2110 4244">
    <p class='ocr_par' dir='ltr' id='par_1_86' title="bbox 548 4173 2110 4244">
     <span class='ocr_line' id='line_1_86' title="bbox 548 4173 2110 4244; baseline 0.002 -16"><span class='ocrx_word' id='word_1_697' title='bbox 548 4175 658 4229; x_wconf 88' lang='lat' dir='ltr'><strong>duo</strong></span> <span class='ocrx_word' id='word_1_698' title='bbox 690 4174 877 4244; x_wconf 90' lang='lat' dir='ltr'><strong>ignes,</strong></span> <span class='ocrx_word' id='word_1_699' title='bbox 914 4173 1003 4230; x_wconf 91' lang='lat' dir='ltr'><strong>hic</strong></span> <span class='ocrx_word' id='word_1_700' title='bbox 1024 4212 1040 4238; x_wconf 88' lang='lat'><strong>,</strong></span> <span class='ocrx_word' id='word_1_701' title='bbox 1071 4183 1124 4230; x_wconf 92' lang='lat' dir='ltr'><strong>et</strong></span> <span class='ocrx_word' id='word_1_702' title='bbox 1155 4183 1416 4230; x_wconf 77' lang='lat' dir='ltr'><strong>externus</strong></span> <span class='ocrx_word' id='word_1_703' title='bbox 1449 4190 1559 4244; x_wconf 90' lang='lat' dir='ltr'><strong>quo</strong></span> <span class='ocrx_word' id='word_1_704' title='bbox 1588 4176 1835 4231; x_wconf 86' lang='lat' dir='ltr'><strong>videmus</strong></span> <span class='ocrx_word' id='word_1_705' title='bbox 1863 4178 2110 4233; x_wconf 84' lang='lat' dir='ltr'><strong>comburi</strong></span> 
     </span>
    </p>
   </div>
   <div class='ocr_carea' id='block_1_87' title="bbox 545 4266 2112 4339">
    <p class='ocr_par' dir='ltr' id='par_1_87' title="bbox 545 4266 2112 4339">
     <span class='ocr_line' id='line_1_87' title="bbox 545 4266 2112 4339; baseline 0.001 -18"><span class='ocrx_word' id='word_1_706' title='bbox 545 4282 640 4322; x_wconf 87' lang='lat' dir='ltr'><strong>eos</strong></span> <span class='ocrx_word' id='word_1_707' title='bbox 669 4266 761 4336; x_wconf 81' lang='lat' dir='ltr'><strong>qui</strong></span> <span class='ocrx_word' id='word_1_708' title='bbox 789 4283 821 4320; x_wconf 89' lang='lat' dir='ltr'><strong>a</strong></span> <span class='ocrx_word' id='word_1_709' title='bbox 849 4266 1118 4336; x_wconf 57' lang='lat' dir='ltr'><strong>praefectis</strong></span> <span class='ocrx_word' id='word_1_710' title='bbox 1169 4267 1411 4337; x_wconf 81' lang='lat' dir='ltr'><strong>gentium</strong></span> <span class='ocrx_word' id='word_1_711' title='bbox 1439 4268 1783 4335; x_wconf 86' lang='lat' dir='ltr'><strong>cruciantur,</strong></span> <span class='ocrx_word' id='word_1_712' title='bbox 1813 4269 1965 4323; x_wconf 86' lang='lat' dir='ltr'><strong>illum</strong></span> <span class='ocrx_word' id='word_1_713' title='bbox 2012 4283 2112 4339; x_wconf 78' lang='lat' dir='ltr'><strong>po-</strong></span> 
     </span>
    </p>
   </div>
   <div class='ocr_carea' id='block_1_88' title="bbox 547 4356 2110 4429">
    <p class='ocr_par' dir='ltr' id='par_1_88' title="bbox 547 4356 2110 4429">
     <span class='ocr_line' id='line_1_88' title="bbox 547 4356 2110 4429; baseline 0.001 -16"><span class='ocrx_word' id='word_1_714' title='bbox 547 4359 655 4413; x_wconf 88' lang='lat' dir='ltr'><strong>tius</strong></span> <span class='ocrx_word' id='word_1_715' title='bbox 684 4358 1006 4427; x_wconf 79' lang='lat' dir='ltr'><strong>eligeremus</strong></span> <span class='ocrx_word' id='word_1_716' title='bbox 1035 4372 1199 4426; x_wconf 89' lang='lat' dir='ltr'><strong>quam</strong></span> <span class='ocrx_word' id='word_1_717' title='bbox 1232 4357 1408 4422; x_wconf 90' lang='lat' dir='ltr'><strong>hunc;</strong></span> <span class='ocrx_word' id='word_1_718' title='bbox 1450 4356 1538 4411; x_wconf 90' lang='lat' dir='ltr'><strong>ille</strong></span> <span class='ocrx_word' id='word_1_719' title='bbox 1580 4359 1726 4413; x_wconf 88' lang='lat' dir='ltr'><strong>enim</strong></span> <span class='ocrx_word' id='word_1_720' title='bbox 1769 4361 2110 4429; x_wconf 84' lang='lat' dir='ltr'><strong>superﬁciem</strong></span> 
     </span>
    </p>
   </div>
   <div class='ocr_carea' id='block_1_89' title="bbox 2213 4172 3784 4246">
    <p class='ocr_par' dir='ltr' id='par_1_89' title="bbox 2213 4172 3784 4246">
     <span class='ocr_line' id='line_1_89' title="bbox 2213 4172 3784 4246; baseline -0.004 -15"><span class='ocrx_word' id='word_1_721' title='bbox 2213 4176 2350 4231; x_wconf 74' lang='grc' dir='ltr'><strong>ἀλλὰ</strong></span> <span class='ocrx_word' id='word_1_722' title='bbox 2379 4176 2472 4231; x_wconf 75' lang='grc' dir='ltr'><strong>καὶ</strong></span> <span class='ocrx_word' id='word_1_723' title='bbox 2503 4176 2573 4230; x_wconf 85' lang='grc' dir='ltr'>ἐν</span> <span class='ocrx_word' id='word_1_724' title='bbox 2597 4175 2721 4242; x_wconf 76' lang='grc' dir='ltr'>τοῖς</span> <span class='ocrx_word' id='word_1_725' title='bbox 2748 4176 2983 4243; x_wconf 79' lang='grc' dir='ltr'>ὀστέοις</span> <span class='ocrx_word' id='word_1_726' title='bbox 3007 4193 3156 4246; x_wconf 77' lang='grc' dir='ltr'>μου’</span> <span class='ocrx_word' id='word_1_727' title='bbox 3187 4176 3285 4229; x_wconf 76' lang='grc' dir='ltr'>καὶ</span> <span class='ocrx_word' id='word_1_728' title='bbox 3315 4175 3589 4244; x_wconf 66' lang='grc' dir='ltr'>παρεῖμαι</span> <span class='ocrx_word' id='word_1_729' title='bbox 3633 4172 3784 4226; x_wconf 65' lang='grc' dir='ltr'>πᾶν.</span> 
     </span>
    </p>
   </div>
   <div class='ocr_carea' id='block_1_90' title="bbox 2212 4264 3783 4337">
    <p class='ocr_par' dir='ltr' id='par_1_90' title="bbox 2212 4264 3783 4337">
     <span class='ocr_line' id='line_1_90' title="bbox 2212 4264 3783 4337; baseline -0.004 -13"><span class='ocrx_word' id='word_1_730' title='bbox 2212 4272 2416 4333; x_wconf 81' lang='grc' dir='ltr'>τοθεν,</span> <span class='ocrx_word' id='word_1_731' title='bbox 2446 4267 2545 4322; x_wconf 74' lang='grc' dir='ltr'>καὶ</span> <span class='ocrx_word' id='word_1_732' title='bbox 2578 4269 2649 4322; x_wconf 83' lang='grc' dir='ltr'>οὐ</span> <span class='ocrx_word' id='word_1_733' title='bbox 2676 4268 2933 4336; x_wconf 82' lang='grc' dir='ltr'>δύναμαι</span> <span class='ocrx_word' id='word_1_734' title='bbox 2971 4268 3194 4336; x_wconf 73' lang='grc' dir='ltr'>φέρειν,</span> <span class='ocrx_word' id='word_1_735' title='bbox 3236 4266 3375 4335; x_wconf 83' lang='grc' dir='ltr'>Ἐγὼ</span> <span class='ocrx_word' id='word_1_736' title='bbox 3407 4265 3674 4337; x_wconf 75' lang='grc' dir='ltr'>φοϐοῦμαι</span> <span class='ocrx_word' id='word_1_737' title='bbox 3705 4264 3783 4336; x_wconf 80' lang='grc' dir='ltr'>μὴ</span> 
     </span>
    </p>
   </div>
   <div class='ocr_carea' id='block_1_91' title="bbox 2214 4357 3783 4430">
    <p class='ocr_par' dir='ltr' id='par_1_91' title="bbox 2214 4357 3783 4430">
     <span class='ocr_line' id='line_1_91' title="bbox 2214 4357 3783 4430; baseline -0.004 -16"><span class='ocrx_word' id='word_1_738' title='bbox 2214 4360 2421 4414; x_wconf 88' lang='grc' dir='ltr'>τοιοῦτό</span> <span class='ocrx_word' id='word_1_739' title='bbox 2444 4362 2559 4413; x_wconf 79' lang='grc' dir='ltr'>ἐστι</span> <span class='ocrx_word' id='word_1_740' title='bbox 2594 4360 2656 4413; x_wconf 82' lang='grc' dir='ltr'><strong>τὸ</strong></span> <span class='ocrx_word' id='word_1_741' title='bbox 2686 4360 3044 4429; x_wconf 78' lang='grc' dir='ltr'>ἀποκείμενον</span> <span class='ocrx_word' id='word_1_742' title='bbox 3070 4361 3202 4429; x_wconf 78' lang='grc' dir='ltr'>ἡμῖν</span> <span class='ocrx_word' id='word_1_743' title='bbox 3226 4358 3337 4430; x_wconf 83' lang='grc' dir='ltr'><strong>πῦρ</strong></span> <span class='ocrx_word' id='word_1_744' title='bbox 3378 4359 3677 4428; x_wconf 80' lang='grc' dir='ltr'>γινόμενον,</span> <span class='ocrx_word' id='word_1_745' title='bbox 3704 4357 3783 4420; x_wconf 78' lang='grc' dir='ltr'>ὡς</span> 
     </span>
    </p>
   </div>
   <div class='ocr_carea' id='block_1_92' title="bbox 545 4435 2163 4521">
    <p class='ocr_par' dir='ltr' id='par_1_92' title="bbox 545 4435 2163 4520">
     <span class='ocr_line' id='line_1_92' title="bbox 545 4435 2163 4520; baseline -0.002 -14"><span class='ocrx_word' id='word_1_746' title='bbox 545 4449 849 4514; x_wconf 87' lang='lat' dir='ltr'><strong>comburit,</strong></span> <span class='ocrx_word' id='word_1_747' title='bbox 879 4447 967 4501; x_wconf 92' lang='lat' dir='ltr'><strong>hic</strong></span> <span class='ocrx_word' id='word_1_748' title='bbox 998 4455 1177 4500; x_wconf 89' lang='lat' dir='ltr'><strong>autem</strong></span> <span class='ocrx_word' id='word_1_749' title='bbox 1205 4447 1314 4499; x_wconf 88' lang='lat' dir='ltr'><strong>urit</strong></span> <span class='ocrx_word' id='word_1_750' title='bbox 1343 4461 1462 4508; x_wconf 90' lang='lat' dir='ltr'><strong>cor,</strong></span> <span class='ocrx_word' id='word_1_751' title='bbox 1489 4456 1544 4500; x_wconf 91' lang='lat' dir='ltr'><strong>et</strong></span> <span class='ocrx_word' id='word_1_752' title='bbox 1570 4461 1599 4499; x_wconf 87' lang='lat' dir='ltr'><strong>a</strong></span> <span class='ocrx_word' id='word_1_753' title='bbox 1630 4448 1794 4502; x_wconf 90' lang='lat' dir='ltr'><strong>corde</strong></span> <span class='ocrx_word' id='word_1_754' title='bbox 1842 4435 2110 4520; x_wconf 82' lang='lat' dir='ltr'><strong>incipiens</strong></span> <span class='ocrx_word' id='word_1_755' title='bbox 2144 4436 2163 4489; x_wconf 77' lang='grc' dir='ltr'>Ῑ</span> 
     </span>
    </p>
   </div>
   <div class='ocr_carea' id='block_1_93' title="bbox 2216 4435 3783 4521">
    <p class='ocr_par' dir='ltr' id='par_1_93' title="bbox 2216 4447 3783 4521">
     <span class='ocr_line' id='line_1_93' title="bbox 2216 4447 3783 4521; baseline -0.003 -18"><span class='ocrx_word' id='word_1_756' title='bbox 2216 4451 2273 4502; x_wconf 77' lang='grc' dir='ltr'>ὲν</span> <span class='ocrx_word' id='word_1_757' title='bbox 2300 4452 2366 4521; x_wconf 84' lang='grc' dir='ltr'>τῇ</span> <span class='ocrx_word' id='word_1_758' title='bbox 2397 4448 2593 4521; x_wconf 66' lang='grc' dir='ltr'>καρδίᾳ</span> <span class='ocrx_word' id='word_1_759' title='bbox 2621 4449 2842 4517; x_wconf 86' lang='grc' dir='ltr'>γέγονεν</span> <span class='ocrx_word' id='word_1_760' title='bbox 2879 4448 3161 4519; x_wconf 86' lang='grc' dir='ltr'>Ἰερεμίου.</span> <span class='ocrx_word' id='word_1_761' title='bbox 3205 4448 3277 4501; x_wconf 83' lang='grc' dir='ltr'>Ού</span> <span class='ocrx_word' id='word_1_762' title='bbox 3330 4448 3679 4519; x_wconf 84' lang='grc' dir='ltr'>πεπόνθαμεν</span> <span class='ocrx_word' id='word_1_763' title='bbox 3722 4447 3783 4500; x_wconf 82' lang='grc' dir='ltr'>δὲ</span> 
     </span>
    </p>
   </div>
   <div class='ocr_carea' id='block_1_94' title="bbox 548 4526 2110 4609">
    <p class='ocr_par' dir='ltr' id='par_1_94' title="bbox 548 4526 2110 4609">
     <span class='ocr_line' id='line_1_94' title="bbox 548 4526 2110 4609; baseline 0.001 -18"><span class='ocrx_word' id='word_1_764' title='bbox 548 4545 789 4609; x_wconf 86' lang='lat' dir='ltr'><strong>permeat</strong></span> <span class='ocrx_word' id='word_1_765' title='bbox 821 4550 915 4605; x_wconf 87' lang='lat' dir='ltr'><strong>per</strong></span> <span class='ocrx_word' id='word_1_766' title='bbox 935 4534 1118 4588; x_wconf 87' lang='lat' dir='ltr'><strong>omnia</strong></span> <span class='ocrx_word' id='word_1_767' title='bbox 1148 4547 1293 4597; x_wconf 91' lang='lat' dir='ltr'><strong>ossa,</strong></span> <span class='ocrx_word' id='word_1_768' title='bbox 1317 4549 1412 4601; x_wconf 88' lang='lat' dir='ltr'><strong>per</strong></span> <span class='ocrx_word' id='word_1_769' title='bbox 1437 4526 1630 4591; x_wconf 83' lang='lat' dir='ltr'><strong>omnes</strong></span> <span class='ocrx_word' id='word_1_770' title='bbox 1661 4537 1907 4605; x_wconf 85' lang='lat' dir='ltr'><strong>corporis</strong></span> <span class='ocrx_word' id='word_1_771' title='bbox 1930 4548 2110 4606; x_wconf 85' lang='lat' dir='ltr'><strong>partes</strong></span> 
     </span>
    </p>
   </div>
   <div class='ocr_carea' id='block_1_95' title="bbox 547 4623 2110 4699">
    <p class='ocr_par' dir='ltr' id='par_1_95' title="bbox 547 4623 2110 4699">
     <span class='ocr_line' id='line_1_95' title="bbox 547 4623 2110 4699; baseline 0.001 -19"><span class='ocrx_word' id='word_1_772' title='bbox 547 4637 844 4699; x_wconf 78' lang='lat' dir='ltr'><strong>grassatur,</strong></span> <span class='ocrx_word' id='word_1_773' title='bbox 871 4626 1057 4695; x_wconf 88' lang='lat' dir='ltr'><strong>sicque</strong></span> <span class='ocrx_word' id='word_1_774' title='bbox 1085 4623 1312 4691; x_wconf 74' lang='lat' dir='ltr'><strong>invadit,</strong></span> <span class='ocrx_word' id='word_1_775' title='bbox 1332 4634 1392 4677; x_wconf 91' lang='lat' dir='ltr'><strong>ut</strong></span> <span class='ocrx_word' id='word_1_776' title='bbox 1419 4625 1511 4693; x_wconf 89' lang='lat' dir='ltr'><strong>qui</strong></span> <span class='ocrx_word' id='word_1_777' title='bbox 1530 4626 1693 4680; x_wconf 66' lang='lat' dir='ltr'><strong>ardet</strong></span> <span class='ocrx_word' id='word_1_778' title='bbox 1724 4628 1992 4682; x_wconf 87' lang='lat' dir='ltr'><strong>sustinere</strong></span> <span class='ocrx_word' id='word_1_779' title='bbox 2014 4644 2110 4684; x_wconf 89' lang='lat' dir='ltr'><strong>ne-</strong></span> 
     </span>
    </p>
   </div>
   <div class='ocr_carea' id='block_1_96' title="bbox 546 4712 2104 4789">
    <p class='ocr_par' dir='ltr' id='par_1_96' title="bbox 546 4712 2104 4789">
     <span class='ocr_line' id='line_1_96' title="bbox 546 4712 2104 4789; baseline 0.002 -19"><span class='ocrx_word' id='word_1_780' title='bbox 546 4729 726 4787; x_wconf 80' lang='lat' dir='ltr'><strong>queat.</strong></span> <span class='ocrx_word' id='word_1_781' title='bbox 758 4718 891 4784; x_wconf 87' lang='lat' dir='ltr'><strong>Quis</strong></span> <span class='ocrx_word' id='word_1_782' title='bbox 922 4715 1086 4788; x_wconf 67' lang='grc'><strong>274</strong></span> <span class='ocrx_word' id='word_1_783' title='bbox 1109 4716 1175 4770; x_wconf 92' lang='lat' dir='ltr'><strong>dc</strong></span> <span class='ocrx_word' id='word_1_784' title='bbox 1202 4712 1472 4789; x_wconf 84' lang='lat' dir='ltr'><strong>ejusmodi</strong></span> <span class='ocrx_word' id='word_1_785' title='bbox 1518 4715 1640 4785; x_wconf 81' lang='lat' dir='ltr'><strong>igne</strong></span> <span class='ocrx_word' id='word_1_786' title='bbox 1677 4716 1857 4772; x_wconf 86' lang='lat' dir='ltr'><strong>dicere</strong></span> <span class='ocrx_word' id='word_1_787' title='bbox 1891 4728 2104 4787; x_wconf 88' lang='lat' dir='ltr'><strong>potest:</strong></span> 
     </span>
    </p>
   </div>
   <div class='ocr_carea' id='block_1_97' title="bbox 550 4804 2109 4878">
    <p class='ocr_par' dir='ltr' id='par_1_97' title="bbox 550 4804 2109 4878">
     <span class='ocr_line' id='line_1_97' title="bbox 550 4804 2109 4878; baseline 0.002 -17"><span class='ocrx_word' id='word_1_788' title='bbox 550 4807 618 4861; x_wconf 76' lang='lat' dir='ltr'><strong>Et</strong></span> <span class='ocrx_word' id='word_1_789' title='bbox 647 4822 749 4859; x_wconf 84' lang='lat' dir='ltr'><strong>non</strong></span> <span class='ocrx_word' id='word_1_790' title='bbox 774 4824 983 4876; x_wconf 84' lang='lat' dir='ltr'><strong>possum</strong></span> <span class='ocrx_word' id='word_1_791' title='bbox 1020 4809 1193 4875; x_wconf 71' lang='lat' dir='ltr'><strong>(errr?</strong></span> <span class='ocrx_word' id='word_1_792' title='bbox 1218 4804 1352 4860; x_wconf 84' lang='lat' dir='ltr'><strong>Novi</strong></span> <span class='ocrx_word' id='word_1_793' title='bbox 1376 4805 1538 4859; x_wconf 86' lang='lat' dir='ltr'><strong>etiam</strong></span> <span class='ocrx_word' id='word_1_794' title='bbox 1568 4806 1805 4861; x_wconf 85' lang='lat' dir='ltr'><strong>latrones</strong></span> <span class='ocrx_word' id='word_1_795' title='bbox 1835 4809 1927 4878; x_wconf 88' lang='lat' dir='ltr'><strong>qui</strong></span> <span class='ocrx_word' id='word_1_796' title='bbox 1965 4808 2109 4865; x_wconf 87' lang='lat' dir='ltr'><strong>hunc</strong></span> 
     </span>
    </p>
   </div>
   <div class='ocr_carea' id='block_1_98' title="bbox 547 4894 2109 4969">
    <p class='ocr_par' dir='ltr' id='par_1_98' title="bbox 547 4894 2109 4969">
     <span class='ocr_line' id='line_1_98' title="bbox 547 4894 2109 4969; baseline 0.002 -16"><span class='ocrx_word' id='word_1_797' title='bbox 547 4900 726 4969; x_wconf 85' lang='lat' dir='ltr'><strong>ignem</strong></span> <span class='ocrx_word' id='word_1_798' title='bbox 764 4894 1035 4952; x_wconf 82' lang='lat' dir='ltr'><strong>sustinere</strong></span> <span class='ocrx_word' id='word_1_799' title='bbox 1062 4914 1167 4951; x_wconf 87' lang='lat' dir='ltr'><strong>non</strong></span> <span class='ocrx_word' id='word_1_800' title='bbox 1200 4907 1491 4967; x_wconf 86' lang='lat' dir='ltr'><strong>potuerunt</strong></span> <span class='ocrx_word' id='word_1_801' title='bbox 1523 4908 1740 4967; x_wconf 86' lang='lat' dir='ltr'><strong>propter</strong></span> <span class='ocrx_word' id='word_1_802' title='bbox 1768 4900 1874 4953; x_wconf 86' lang='lat' dir='ltr'><strong>vim</strong></span> <span class='ocrx_word' id='word_1_803' title='bbox 1906 4902 2109 4956; x_wconf 85' lang='lat' dir='ltr'><strong>doloris</strong></span> 
     </span>
    </p>
   </div>
   <div class='ocr_carea' id='block_1_99' title="bbox 546 4985 2109 5061">
    <p class='ocr_par' dir='ltr' id='par_1_99' title="bbox 546 4985 2109 5061">
     <span class='ocr_line' id='line_1_99' title="bbox 546 4985 2109 5061; baseline 0.001 -17"><span class='ocrx_word' id='word_1_804' title='bbox 546 5002 708 5059; x_wconf 86' lang='lat' dir='ltr'><strong>quem</strong></span> <span class='ocrx_word' id='word_1_805' title='bbox 732 4985 1014 5041; x_wconf 79' lang='lat' dir='ltr'><strong>inferebat.</strong></span> <span class='ocrx_word' id='word_1_806' title='bbox 1033 4989 1186 5043; x_wconf 84' lang='lat' dir='ltr'><strong>Alius</strong></span> <span class='ocrx_word' id='word_1_807' title='bbox 1211 4997 1293 5042; x_wconf 87' lang='lat' dir='ltr'><strong>est</strong></span> <span class='ocrx_word' id='word_1_808' title='bbox 1313 4988 1468 5043; x_wconf 84' lang='lat' dir='ltr'><strong>dolor</strong></span> <span class='ocrx_word' id='word_1_809' title='bbox 1493 5005 1653 5057; x_wconf 81' lang='lat' dir='ltr'><strong>quem</strong></span> <span class='ocrx_word' id='word_1_810' title='bbox 1684 4989 1847 5044; x_wconf 79' lang='lat' dir='ltr'><strong>infert</strong></span> <span class='ocrx_word' id='word_1_811' title='bbox 1879 4993 2018 5061; x_wconf 81' lang='lat' dir='ltr'><strong>ignis</strong></span> <span class='ocrx_word' id='word_1_812' title='bbox 2041 4993 2109 5047; x_wconf 86' lang='lat' dir='ltr'><strong>ab</strong></span> 
     </span>
    </p>
   </div>
   <div class='ocr_carea' id='block_1_100' title="bbox 542 5067 2109 5147">
    <p class='ocr_par' dir='ltr' id='par_1_100' title="bbox 542 5067 2109 5147">
     <span class='ocr_line' id='line_1_100' title="bbox 542 5067 2109 5147; baseline 0.002 -14"><span class='ocrx_word' id='word_1_813' title='bbox 542 5075 777 5133; x_wconf 69' lang='lat' dir='ltr'><strong>Ieremia</strong></span> <span class='ocrx_word' id='word_1_814' title='bbox 809 5076 1111 5145; x_wconf 86' lang='lat' dir='ltr'><strong>descriptus</strong></span> <span class='ocrx_word' id='word_1_815' title='bbox 1135 5079 1387 5133; x_wconf 85' lang='lat' dir='ltr'><strong>dicente:</strong></span> <span class='ocrx_word' id='word_1_816' title='bbox 1425 5067 1489 5130; x_wconf 78' lang='grc' dir='ltr'>Εἰ</span> <span class='ocrx_word' id='word_1_817' title='bbox 1522 5079 1696 5147; x_wconf 72' lang='lat' dir='ltr'><strong>[actus</strong></span> <span class='ocrx_word' id='word_1_818' title='bbox 1744 5088 1818 5133; x_wconf 80' lang='lat' dir='ltr'><strong>est</strong></span> <span class='ocrx_word' id='word_1_819' title='bbox 1861 5082 1915 5134; x_wconf 87' lang='lat' dir='ltr'><strong>in</strong></span> <span class='ocrx_word' id='word_1_820' title='bbox 1954 5082 2109 5136; x_wconf 85' lang='lat' dir='ltr'><strong>corde</strong></span> 
     </span>
    </p>
   </div>
   <div class='ocr_carea' id='block_1_101' title="bbox 545 5166 2106 5238">
    <p class='ocr_par' dir='ltr' id='par_1_101' title="bbox 545 5166 2106 5238">
     <span class='ocr_line' id='line_1_101' title="bbox 545 5166 2106 5238; baseline 0.002 -15"><span class='ocrx_word' id='word_1_821' title='bbox 545 5185 657 5223; x_wconf 88' lang='lat' dir='ltr'><strong>meo</strong></span> <span class='ocrx_word' id='word_1_822' title='bbox 680 5168 814 5223; x_wconf 84' lang='lat' dir='ltr'><strong>sicut</strong></span> <span class='ocrx_word' id='word_1_823' title='bbox 842 5168 976 5237; x_wconf 83' lang='lat' dir='ltr'><strong>ignis</strong></span> <span class='ocrx_word' id='word_1_824' title='bbox 1007 5172 1217 5231; x_wconf 81' lang='lat' dir='ltr'><strong>ardens,</strong></span> <span class='ocrx_word' id='word_1_825' title='bbox 1242 5185 1395 5221; x_wconf 85' lang='lat' dir='ltr'><strong>urens</strong></span> <span class='ocrx_word' id='word_1_826' title='bbox 1428 5169 1479 5221; x_wconf 86' lang='lat' dir='ltr'><strong>in</strong></span> <span class='ocrx_word' id='word_1_827' title='bbox 1513 5166 1717 5222; x_wconf 79' lang='lat' dir='ltr'><strong>ossibus</strong></span> <span class='ocrx_word' id='word_1_828' title='bbox 1750 5171 1893 5238; x_wconf 76' lang='lat' dir='ltr'><strong>meis,</strong></span> <span class='ocrx_word' id='word_1_829' title='bbox 1923 5183 1968 5226; x_wconf 83' lang='lat' dir='ltr'><strong>et</strong></span> <span class='ocrx_word' id='word_1_830' title='bbox 1994 5174 2106 5226; x_wconf 86' lang='lat' dir='ltr'><strong>dis-</strong></span> 
     </span>
    </p>
   </div>
   <div class='ocr_carea' id='block_1_102' title="bbox 544 5259 2109 5329">
    <p class='ocr_par' dir='ltr' id='par_1_102' title="bbox 544 5259 2109 5329">
     <span class='ocr_line' id='line_1_102' title="bbox 544 5259 2109 5329; baseline 0.001 -14"><span class='ocrx_word' id='word_1_831' title='bbox 544 5261 749 5315; x_wconf 84' lang='lat' dir='ltr'><strong>solutus</strong></span> <span class='ocrx_word' id='word_1_832' title='bbox 784 5276 901 5313; x_wconf 88' lang='lat' dir='ltr'><strong>sum</strong></span> <span class='ocrx_word' id='word_1_833' title='bbox 940 5259 1194 5329; x_wconf 85' lang='lat' dir='ltr'><strong>undique,</strong></span> <span class='ocrx_word' id='word_1_834' title='bbox 1240 5269 1289 5313; x_wconf 79' lang='lat' dir='ltr'><strong>et</strong></span> <span class='ocrx_word' id='word_1_835' title='bbox 1341 5276 1443 5311; x_wconf 80' lang='lat' dir='ltr'><strong>non</strong></span> <span class='ocrx_word' id='word_1_836' title='bbox 1490 5276 1701 5328; x_wconf 79' lang='lat' dir='ltr'><strong>possum</strong></span> <span class='ocrx_word' id='word_1_837' title='bbox 1745 5261 1899 5328; x_wconf 66' lang='lat' dir='ltr'><strong>ferre.</strong></span> <span class='ocrx_word' id='word_1_838' title='bbox 1954 5261 2109 5317; x_wconf 85' lang='lat' dir='ltr'><strong>llunc</strong></span> 
     </span>
    </p>
   </div>
   <div class='ocr_carea' id='block_1_103' title="bbox 545 5350 2107 5424">
    <p class='ocr_par' dir='ltr' id='par_1_103' title="bbox 545 5350 2107 5424">
     <span class='ocr_line' id='line_1_103' title="bbox 545 5350 2107 5424; baseline -0.001 -17"><span class='ocrx_word' id='word_1_839' title='bbox 545 5353 722 5424; x_wconf 89' lang='lat' dir='ltr'><strong>ignem</strong></span> <span class='ocrx_word' id='word_1_840' title='bbox 765 5351 1010 5407; x_wconf 83' lang='lat' dir='ltr'><strong>accendit</strong></span> <span class='ocrx_word' id='word_1_841' title='bbox 1053 5350 1299 5406; x_wconf 79' lang='lat' dir='ltr'><strong>Salvator</strong></span> <span class='ocrx_word' id='word_1_842' title='bbox 1340 5368 1462 5405; x_wconf 89' lang='lat' dir='ltr'><strong>cum</strong></span> <span class='ocrx_word' id='word_1_843' title='bbox 1512 5352 1730 5405; x_wconf 65' lang='lat' dir='ltr'><strong>dixit“:</strong></span> <span class='ocrx_word' id='word_1_844' title='bbox 1769 5351 1948 5421; x_wconf 75' lang='lat' dir='ltr'><strong>Ignem</strong></span> <span class='ocrx_word' id='word_1_845' title='bbox 1996 5355 2107 5407; x_wconf 74' lang='lat' dir='ltr'><strong>veni</strong></span> 
     </span>
    </p>
   </div>
   <div class='ocr_carea' id='block_1_104' title="bbox 545 5442 2109 5513">
    <p class='ocr_par' dir='ltr' id='par_1_104' title="bbox 545 5442 2109 5513">
     <span class='ocr_line' id='line_1_104' title="bbox 545 5442 2109 5513; baseline 0.001 -16"><span class='ocrx_word' id='word_1_846' title='bbox 545 5444 751 5499; x_wconf 84' lang='lat' dir='ltr'><strong>mittere</strong></span> <span class='ocrx_word' id='word_1_847' title='bbox 774 5446 828 5498; x_wconf 90' lang='lat' dir='ltr'><strong>in</strong></span> <span class='ocrx_word' id='word_1_848' title='bbox 861 5454 1078 5498; x_wconf 84' lang='lat' dir='ltr'><strong>terram.</strong></span> <span class='ocrx_word' id='word_1_849' title='bbox 1100 5443 1163 5497; x_wconf 85' lang='lat' dir='ltr'><strong>Et</strong></span> <span class='ocrx_word' id='word_1_850' title='bbox 1188 5444 1444 5513; x_wconf 86' lang='lat' dir='ltr'><strong>quoniam</strong></span> <span class='ocrx_word' id='word_1_851' title='bbox 1480 5443 1630 5496; x_wconf 89' lang='lat' dir='ltr'><strong>illum</strong></span> <span class='ocrx_word' id='word_1_852' title='bbox 1658 5442 1832 5511; x_wconf 77' lang='lat' dir='ltr'><strong>ignem</strong></span> <span class='ocrx_word' id='word_1_853' title='bbox 1863 5446 2109 5499; x_wconf 77' lang='lat' dir='ltr'><strong>accendit</strong></span> 
     </span>
    </p>
   </div>
   <div class='ocr_carea' id='block_1_105' title="bbox 550 5532 2106 5602">
    <p class='ocr_par' dir='ltr' id='par_1_105' title="bbox 550 5532 2106 5602">
     <span class='ocr_line' id='line_1_105' title="bbox 550 5532 2106 5602; baseline 0 -15"><span class='ocrx_word' id='word_1_854' title='bbox 550 5532 819 5599; x_wconf 83' lang='lat' dir='ltr'><strong>Salvator,</strong></span> <span class='ocrx_word' id='word_1_855' title='bbox 876 5534 997 5589; x_wconf 86' lang='lat' dir='ltr'><strong>idco</strong></span> <span class='ocrx_word' id='word_1_856' title='bbox 1042 5533 1426 5602; x_wconf 80' lang='lat' dir='ltr'><strong>incipientibus</strong></span> <span class='ocrx_word' id='word_1_857' title='bbox 1464 5533 1636 5599; x_wconf 66' lang='lat' dir='ltr'><strong>ipsum</strong></span> <span class='ocrx_word' id='word_1_858' title='bbox 1684 5532 1891 5597; x_wconf 77' lang='lat' dir='ltr'><strong>audite,</strong></span> <span class='ocrx_word' id='word_1_859' title='bbox 1931 5533 2106 5602; x_wconf 71' lang='lat' dir='ltr'><strong>igne.&quot;</strong></span> 
     </span>
    </p>
   </div>
   <div class='ocr_carea' id='block_1_106' title="bbox 629 5706 1533 5776">
    <p class='ocr_par' dir='ltr' id='par_1_106' title="bbox 629 5706 1533 5776">
     <span class='ocr_line' id='line_1_106' title="bbox 629 5706 1533 5776; baseline 0.002 -14"><span class='ocrx_word' id='word_1_860' title='bbox 629 5706 783 5763; x_wconf 79' lang='lat' dir='ltr'><strong>&#39;Jcr.</strong></span> <span class='ocrx_word' id='word_1_861' title='bbox 817 5725 914 5775; x_wconf 79' lang='lat' dir='ltr'><strong>xx,</strong></span> <span class='ocrx_word' id='word_1_862' title='bbox 947 5708 1002 5766; x_wconf 79' lang='lat'><strong>9.</strong></span> <span class='ocrx_word' id='word_1_863' title='bbox 1078 5712 1099 5744; x_wconf 80' lang='grc'>⁸</span> <span class='ocrx_word' id='word_1_864' title='bbox 1140 5710 1269 5764; x_wconf 78' lang='lat' dir='ltr'><strong>Luc.</strong></span> <span class='ocrx_word' id='word_1_865' title='bbox 1306 5726 1401 5776; x_wconf 68' lang='grc' dir='ltr'>κη,</span> <span class='ocrx_word' id='word_1_866' title='bbox 1444 5711 1533 5767; x_wconf 71' lang='grc'><strong>49.</strong></span> 
     </span>
    </p>
   </div>
   <div class='ocr_carea' id='block_1_107' title="bbox 2216 4536 3784 4609">
    <p class='ocr_par' dir='ltr' id='par_1_107' title="bbox 2216 4536 3784 4609">
     <span class='ocr_line' id='line_1_107' title="bbox 2216 4536 3784 4609; baseline 0 -18"><span class='ocrx_word' id='word_1_867' title='bbox 2216 4539 2378 4591; x_wconf 59' lang='lat' dir='ltr'><strong>abs-6&#39;</strong></span> <span class='ocrx_word' id='word_1_868' title='bbox 2405 4540 2451 4590; x_wconf 84' lang='grc' dir='ltr'><strong>εί</strong></span> <span class='ocrx_word' id='word_1_869' title='bbox 2491 4536 2880 4607; x_wconf 82' lang='grc' dir='ltr'>ὲπεπόνθειμεν</span> <span class='ocrx_word' id='word_1_870' title='bbox 2907 4536 3094 4596; x_wconf 85' lang='grc' dir='ltr'>τοῦτο.</span> <span class='ocrx_word' id='word_1_871' title='bbox 3139 4539 3232 4590; x_wconf 77' lang='grc' dir='ltr'>καὶ</span> <span class='ocrx_word' id='word_1_872' title='bbox 3281 4539 3563 4609; x_wconf 82' lang='grc' dir='ltr'>προέκειτο</span> <span class='ocrx_word' id='word_1_873' title='bbox 3592 4536 3661 4590; x_wconf 68' lang='grc' dir='ltr'>τὰ</span> <span class='ocrx_word' id='word_1_874' title='bbox 3689 4536 3784 4591; x_wconf 87' lang='grc' dir='ltr'><strong>δύο</strong></span> 
     </span>
    </p>
   </div>
   <div class='ocr_carea' id='block_1_108' title="bbox 2217 4627 3783 4702">
    <p class='ocr_par' dir='ltr' id='par_1_108' title="bbox 2217 4627 3783 4702">
     <span class='ocr_line' id='line_1_108' title="bbox 2217 4627 3783 4702; baseline -0.001 -20"><span class='ocrx_word' id='word_1_875' title='bbox 2217 4629 2382 4700; x_wconf 69' lang='grc' dir='ltr'>πυρὰ,</span> <span class='ocrx_word' id='word_1_876' title='bbox 2412 4629 2566 4682; x_wconf 85' lang='grc' dir='ltr'>τοῦτο</span> <span class='ocrx_word' id='word_1_877' title='bbox 2592 4629 2652 4682; x_wconf 82' lang='grc' dir='ltr'><strong>τὸ</strong></span> <span class='ocrx_word' id='word_1_878' title='bbox 2683 4627 2814 4699; x_wconf 87' lang='grc' dir='ltr'>πῦρ,</span> <span class='ocrx_word' id='word_1_879' title='bbox 2854 4630 2946 4681; x_wconf 64' lang='grc' dir='ltr'><strong>καὶ¹</strong></span> <span class='ocrx_word' id='word_1_880' title='bbox 2981 4629 3042 4682; x_wconf 80' lang='grc' dir='ltr'>τὸ</span> <span class='ocrx_word' id='word_1_881' title='bbox 3065 4629 3262 4693; x_wconf 79' lang='grc' dir='ltr'>ἔξωθεν</span> <span class='ocrx_word' id='word_1_882' title='bbox 3291 4631 3420 4701; x_wconf 87' lang='grc' dir='ltr'>πῦρ,</span> <span class='ocrx_word' id='word_1_883' title='bbox 3454 4629 3483 4682; x_wconf 87' lang='grc' dir='ltr'>ὃ</span> <span class='ocrx_word' id='word_1_884' title='bbox 3513 4629 3783 4702; x_wconf 74' lang='grc' dir='ltr'>βλέπομεν</span> 
     </span>
    </p>
   </div>
   <div class='ocr_carea' id='block_1_109' title="bbox 2214 4719 3781 4792">
    <p class='ocr_par' dir='ltr' id='par_1_109' title="bbox 2214 4719 3781 4792">
     <span class='ocr_line' id='line_1_109' title="bbox 2214 4719 3781 4792; baseline -0.002 -18"><span class='ocrx_word' id='word_1_885' title='bbox 2214 4723 2305 4775; x_wconf 74' lang='grc' dir='ltr'><strong>ἐπὶ</strong></span> <span class='ocrx_word' id='word_1_886' title='bbox 2345 4721 2453 4774; x_wconf 84' lang='grc' dir='ltr'><strong>τῶν</strong></span> <span class='ocrx_word' id='word_1_887' title='bbox 2488 4721 2788 4792; x_wconf 84' lang='grc' dir='ltr'>καιομένων</span> <span class='ocrx_word' id='word_1_888' title='bbox 2822 4720 2926 4773; x_wconf 75' lang='grc' dir='ltr'><strong>ὑπὸ</strong></span> <span class='ocrx_word' id='word_1_889' title='bbox 2958 4720 3065 4773; x_wconf 81' lang='grc' dir='ltr'><strong>τῶν</strong></span> <span class='ocrx_word' id='word_1_890' title='bbox 3111 4721 3425 4791; x_wconf 79' lang='grc' dir='ltr'>ἡγουμένων</span> <span class='ocrx_word' id='word_1_891' title='bbox 3455 4722 3562 4775; x_wconf 78' lang='grc' dir='ltr'>τῶν</span> <span class='ocrx_word' id='word_1_892' title='bbox 3591 4719 3781 4786; x_wconf 83' lang='grc' dir='ltr'>ἐθνῶν,</span> 
     </span>
    </p>
   </div>
   <div class='ocr_carea' id='block_1_110' title="bbox 2214 4792 3784 4880">
    <p class='ocr_par' dir='ltr' id='par_1_110' title="bbox 2214 4792 3784 4880">
     <span class='ocr_line' id='line_1_110' title="bbox 2214 4792 3784 4880; baseline -0.001 -17"><span class='ocrx_word' id='word_1_893' title='bbox 2214 4809 2468 4880; x_wconf 81' lang='grc' dir='ltr'>εἱλόμεθα</span> <span class='ocrx_word' id='word_1_894' title='bbox 2512 4809 2577 4863; x_wconf 75' lang='grc' dir='ltr'><strong>ἂν</strong></span> <span class='ocrx_word' id='word_1_895' title='bbox 2610 4811 2785 4861; x_wconf 85' lang='grc' dir='ltr'>ἐκεῖνο</span> <span class='ocrx_word' id='word_1_896' title='bbox 2818 4792 3015 4878; x_wconf 63' lang='grc' dir='ltr'>μᾶλλον</span> <span class='ocrx_word' id='word_1_897' title='bbox 3056 4809 3117 4861; x_wconf 82' lang='grc' dir='ltr'><strong>τὸ</strong></span> <span class='ocrx_word' id='word_1_898' title='bbox 3154 4809 3264 4880; x_wconf 79' lang='grc' dir='ltr'><strong>πῦρ</strong></span> <span class='ocrx_word' id='word_1_899' title='bbox 3296 4808 3327 4880; x_wconf 72' lang='grc' dir='ltr'>ἢ</span> <span class='ocrx_word' id='word_1_900' title='bbox 3371 4808 3556 4862; x_wconf 85' lang='grc' dir='ltr'>τοῦτο·</span> <span class='ocrx_word' id='word_1_901' title='bbox 3607 4811 3784 4862; x_wconf 76' lang='grc' dir='ltr'>ἐκεῖνο</span> 
     </span>
    </p>
   </div>
   <div class='ocr_carea' id='block_1_111' title="bbox 2215 4896 3782 4969">
    <p class='ocr_par' dir='ltr' id='par_1_111' title="bbox 2215 4896 3782 4969">
     <span class='ocr_line' id='line_1_111' title="bbox 2215 4896 3782 4969; baseline 0.001 -19"><span class='ocrx_word' id='word_1_902' title='bbox 2215 4898 2313 4969; x_wconf 85' lang='grc' dir='ltr'><strong>μὲν</strong></span> <span class='ocrx_word' id='word_1_903' title='bbox 2347 4896 2456 4968; x_wconf 84' lang='grc' dir='ltr'>γὰρ</span> <span class='ocrx_word' id='word_1_904' title='bbox 2489 4897 2634 4950; x_wconf 89' lang='grc' dir='ltr'>καίει</span> <span class='ocrx_word' id='word_1_905' title='bbox 2673 4896 2770 4967; x_wconf 81' lang='grc' dir='ltr'>τὴν</span> <span class='ocrx_word' id='word_1_906' title='bbox 2813 4896 3166 4967; x_wconf 78' lang='grc' dir='ltr'>ἐπιφάνειαν,</span> <span class='ocrx_word' id='word_1_907' title='bbox 3209 4900 3371 4953; x_wconf 61' lang='grc' dir='ltr'>τοῦτο</span> <span class='ocrx_word' id='word_1_908' title='bbox 3409 4900 3466 4953; x_wconf 81' lang='grc' dir='ltr'>δὲ</span> <span class='ocrx_word' id='word_1_909' title='bbox 3504 4899 3647 4952; x_wconf 87' lang='grc' dir='ltr'>καίει</span> <span class='ocrx_word' id='word_1_910' title='bbox 3681 4900 3782 4969; x_wconf 77' lang='grc' dir='ltr'>τὴν</span> 
     </span>
    </p>
   </div>
   <div class='ocr_carea' id='block_1_112' title="bbox 2210 4986 3783 5059">
    <p class='ocr_par' dir='ltr' id='par_1_112' title="bbox 2210 4986 3783 5059">
     <span class='ocr_line' id='line_1_112' title="bbox 2210 4986 3783 5059; baseline -0.001 -18"><span class='ocrx_word' id='word_1_911' title='bbox 2210 4987 2435 5058; x_wconf 85' lang='grc' dir='ltr'>καρδίαν</span> <span class='ocrx_word' id='word_1_912' title='bbox 2456 5035 2477 5058; x_wconf 73' lang='grc'><strong>,</strong></span> <span class='ocrx_word' id='word_1_913' title='bbox 2504 4988 2597 5041; x_wconf 70' lang='grc' dir='ltr'>καὶ</span> <span class='ocrx_word' id='word_1_914' title='bbox 2629 4986 2929 5057; x_wconf 77' lang='grc' dir='ltr'>ἀρξάμενον</span> <span class='ocrx_word' id='word_1_915' title='bbox 2973 4988 3081 5041; x_wconf 63' lang='grc' dir='ltr'><strong>ἀπὸ</strong></span> <span class='ocrx_word' id='word_1_916' title='bbox 3112 4989 3207 5058; x_wconf 72' lang='grc' dir='ltr'>τῆς</span> <span class='ocrx_word' id='word_1_917' title='bbox 3237 4989 3461 5059; x_wconf 84' lang='grc' dir='ltr'>καρδίας</span> <span class='ocrx_word' id='word_1_918' title='bbox 3501 4988 3783 5041; x_wconf 82' lang='grc' dir='ltr'>διικνεῖται</span> 
     </span>
    </p>
   </div>
   <div class='ocr_carea' id='block_1_113' title="bbox 2211 5077 3786 5149">
    <p class='ocr_par' dir='ltr' id='par_1_113' title="bbox 2211 5077 3786 5149">
     <span class='ocr_line' id='line_1_113' title="bbox 2211 5077 3786 5149; baseline -0.003 -16"><span class='ocrx_word' id='word_1_919' title='bbox 2211 5080 2304 5133; x_wconf 71' lang='grc' dir='ltr'><strong>ἐπὶ</strong></span> <span class='ocrx_word' id='word_1_920' title='bbox 2330 5079 2505 5132; x_wconf 85' lang='grc' dir='ltr'>πάντα</span> <span class='ocrx_word' id='word_1_921' title='bbox 2529 5079 2595 5131; x_wconf 69' lang='grc' dir='ltr'>τὰ</span> <span class='ocrx_word' id='word_1_922' title='bbox 2621 5078 2771 5143; x_wconf 73' lang='grc' dir='ltr'>ὀστᾶ,</span> <span class='ocrx_word' id='word_1_923' title='bbox 2808 5080 2900 5131; x_wconf 71' lang='grc' dir='ltr'><strong>καὶ</strong></span> <span class='ocrx_word' id='word_1_924' title='bbox 2928 5078 3237 5149; x_wconf 78' lang='grc' dir='ltr'>ἱκνούμενον</span> <span class='ocrx_word' id='word_1_925' title='bbox 3263 5079 3355 5131; x_wconf 72' lang='grc' dir='ltr'>ἐπὶ</span> <span class='ocrx_word' id='word_1_926' title='bbox 3380 5077 3445 5130; x_wconf 74' lang='grc' dir='ltr'>τὰ</span> <span class='ocrx_word' id='word_1_927' title='bbox 3472 5079 3605 5131; x_wconf 80' lang='grc' dir='ltr'>ὀστᾶ</span> <span class='ocrx_word' id='word_1_928' title='bbox 3629 5077 3786 5146; x_wconf 73' lang='grc' dir='ltr'>ἔρχε-</span> 
     </span>
    </p>
   </div>
   <div class='ocr_carea' id='block_1_114' title="bbox 2213 5166 3783 5238">
    <p class='ocr_par' dir='ltr' id='par_1_114' title="bbox 2213 5166 3783 5238">
     <span class='ocr_line' id='line_1_114' title="bbox 2213 5166 3783 5238; baseline -0.003 -16"><span class='ocrx_word' id='word_1_929' title='bbox 2213 5186 2301 5222; x_wconf 80' lang='grc' dir='ltr'><strong>ται</strong></span> <span class='ocrx_word' id='word_1_930' title='bbox 2337 5168 2429 5220; x_wconf 70' lang='grc' dir='ltr'>ἐπὶ</span> <span class='ocrx_word' id='word_1_931' title='bbox 2459 5168 2578 5221; x_wconf 83' lang='grc' dir='ltr'>ὅλον</span> <span class='ocrx_word' id='word_1_932' title='bbox 2618 5166 2709 5220; x_wconf 86' lang='grc' dir='ltr'><strong>τὸν</strong></span> <span class='ocrx_word' id='word_1_933' title='bbox 2748 5166 3063 5238; x_wconf 88' lang='grc' dir='ltr'>καιόμενον,</span> <span class='ocrx_word' id='word_1_934' title='bbox 3097 5168 3195 5220; x_wconf 69' lang='grc' dir='ltr'>καὶ</span> <span class='ocrx_word' id='word_1_935' title='bbox 3232 5166 3402 5230; x_wconf 70' lang='grc' dir='ltr'>οὕτως</span> <span class='ocrx_word' id='word_1_936' title='bbox 3429 5166 3680 5236; x_wconf 75' lang='grc' dir='ltr'>ἔρχεται,</span> <span class='ocrx_word' id='word_1_937' title='bbox 3706 5166 3783 5231; x_wconf 83' lang='grc' dir='ltr'>ὡς</span> 
     </span>
    </p>
   </div>
   <div class='ocr_carea' id='block_1_115' title="bbox 2218 5257 3785 5332">
    <p class='ocr_par' dir='ltr' id='par_1_115' title="bbox 2218 5257 3785 5332">
     <span class='ocr_line' id='line_1_115' title="bbox 2218 5257 3785 5332; baseline -0.003 -19"><span class='ocrx_word' id='word_1_938' title='bbox 2218 5261 2292 5332; x_wconf 86' lang='grc' dir='ltr'>μὴ</span> <span class='ocrx_word' id='word_1_939' title='bbox 2324 5259 2580 5313; x_wconf 78' lang='grc' dir='ltr'>δύνασθαι</span> <span class='ocrx_word' id='word_1_940' title='bbox 2606 5259 2696 5311; x_wconf 76' lang='grc' dir='ltr'><strong>τὸν</strong></span> <span class='ocrx_word' id='word_1_941' title='bbox 2725 5259 3009 5330; x_wconf 80' lang='grc' dir='ltr'>καιόμενον</span> <span class='ocrx_word' id='word_1_942' title='bbox 3043 5259 3247 5331; x_wconf 74' lang='grc' dir='ltr'>φέρειν.</span> <span class='ocrx_word' id='word_1_943' title='bbox 3292 5258 3386 5322; x_wconf 78' lang='grc' dir='ltr'><strong>Τίς</strong></span> <span class='ocrx_word' id='word_1_944' title='bbox 3430 5258 3523 5311; x_wconf 72' lang='grc' dir='ltr'>ἐπὶ</span> <span class='ocrx_word' id='word_1_945' title='bbox 3559 5257 3785 5328; x_wconf 83' lang='grc' dir='ltr'>τοιούτῳ</span> 
     </span>
    </p>
   </div>
   <div class='ocr_carea' id='block_1_116' title="bbox 2216 5343 3789 5421">
    <p class='ocr_par' dir='ltr' id='par_1_116' title="bbox 2216 5343 3789 5421">
     <span class='ocr_line' id='line_1_116' title="bbox 2216 5343 3789 5421; baseline 0.001 -19"><span class='ocrx_word' id='word_1_946' title='bbox 2216 5352 2348 5421; x_wconf 81' lang='grc' dir='ltr'><strong>πυρὶ</strong></span> <span class='ocrx_word' id='word_1_947' title='bbox 2370 5350 2588 5403; x_wconf 81' lang='grc' dir='ltr'>δύναται</span> <span class='ocrx_word' id='word_1_948' title='bbox 2618 5348 2795 5417; x_wconf 87' lang='grc' dir='ltr'>λέγειν</span> <span class='ocrx_word' id='word_1_949' title='bbox 2814 5366 2827 5379; x_wconf 81' lang='grc'><em>’</em></span> <span class='ocrx_word' id='word_1_950' title='bbox 2857 5348 2970 5403; x_wconf 76' lang='lat' dir='ltr'><strong>Kal</strong></span> <span class='ocrx_word' id='word_1_951' title='bbox 3003 5351 3074 5401; x_wconf 75' lang='grc' dir='ltr'>οὐ</span> <span class='ocrx_word' id='word_1_952' title='bbox 3104 5350 3357 5417; x_wconf 80' lang='grc' dir='ltr'>δύναμαι</span> <span class='ocrx_word' id='word_1_953' title='bbox 3389 5348 3624 5417; x_wconf 65' lang='grc' dir='ltr'>φέρειν;</span> <span class='ocrx_word' id='word_1_954' title='bbox 3653 5343 3789 5403; x_wconf 75' lang='grc' dir='ltr'>Οἶδα</span> 
     </span>
    </p>
   </div>
   <div class='ocr_carea' id='block_1_117' title="bbox 2214 5438 3787 5513">
    <p class='ocr_par' dir='ltr' id='par_1_117' title="bbox 2214 5438 3787 5513">
     <span class='ocr_line' id='line_1_117' title="bbox 2214 5438 3787 5513; baseline -0.003 -17"><span class='ocrx_word' id='word_1_955' title='bbox 2214 5441 2308 5497; x_wconf 73' lang='grc' dir='ltr'>καὶ</span> <span class='ocrx_word' id='word_1_956' title='bbox 2357 5440 2555 5513; x_wconf 74' lang='grc' dir='ltr'>λῃστὰς</span> <span class='ocrx_word' id='word_1_957' title='bbox 2593 5439 2750 5492; x_wconf 87' lang='grc' dir='ltr'>τοῦτο</span> <span class='ocrx_word' id='word_1_958' title='bbox 2779 5439 2839 5494; x_wconf 83' lang='grc' dir='ltr'><strong>τὸ</strong></span> <span class='ocrx_word' id='word_1_959' title='bbox 2877 5439 2986 5511; x_wconf 86' lang='grc' dir='ltr'><strong>πῦρ</strong></span> <span class='ocrx_word' id='word_1_960' title='bbox 3021 5440 3094 5509; x_wconf 82' lang='grc' dir='ltr'><strong>μὴ</strong></span> <span class='ocrx_word' id='word_1_961' title='bbox 3125 5438 3450 5509; x_wconf 81' lang='grc' dir='ltr'>δυνηθέντας</span> <span class='ocrx_word' id='word_1_962' title='bbox 3496 5440 3787 5509; x_wconf 77' lang='grc' dir='ltr'>ὑπομεῖναι</span> 
     </span>
    </p>
   </div>
   <div class='ocr_carea' id='block_1_118' title="bbox 2214 5525 3785 5599">
    <p class='ocr_par' dir='ltr' id='par_1_118' title="bbox 2214 5525 3785 5599">
     <span class='ocr_line' id='line_1_118' title="bbox 2214 5525 3785 5599; baseline -0.001 -13"><span class='ocrx_word' id='word_1_963' title='bbox 2214 5531 2302 5587; x_wconf 79' lang='grc' dir='ltr'><strong>διὰ</strong></span> <span class='ocrx_word' id='word_1_964' title='bbox 2329 5531 2420 5585; x_wconf 85' lang='grc' dir='ltr'><strong>τὸν</strong></span> <span class='ocrx_word' id='word_1_965' title='bbox 2447 5531 2606 5585; x_wconf 87' lang='grc' dir='ltr'>πόνον</span> <span class='ocrx_word' id='word_1_966' title='bbox 2643 5529 2752 5583; x_wconf 79' lang='grc' dir='ltr'>ἀπὸ</span> <span class='ocrx_word' id='word_1_967' title='bbox 2783 5529 2970 5584; x_wconf 89' lang='grc' dir='ltr'>τούτου</span> <span class='ocrx_word' id='word_1_968' title='bbox 2997 5527 3092 5583; x_wconf 88' lang='grc' dir='ltr'><strong>τοῦ</strong></span> <span class='ocrx_word' id='word_1_969' title='bbox 3130 5529 3318 5599; x_wconf 83' lang='grc' dir='ltr'>πυρός.</span> <span class='ocrx_word' id='word_1_970' title='bbox 3352 5528 3541 5593; x_wconf 71' lang='grc' dir='ltr'>’Ἄλλος</span> <span class='ocrx_word' id='word_1_971' title='bbox 3574 5529 3721 5583; x_wconf 69' lang='grc' dir='ltr'>ἐστὶν</span> <span class='ocrx_word' id='word_1_972' title='bbox 3748 5525 3785 5586; x_wconf 75' lang='grc' dir='ltr'><strong><em>ὁ</em></strong></span> 
     </span>
    </p>
   </div>
  </div>
