4218 6292
460 247 561 305 521
878 264 881 265 ⁷
1081 255 1087 261 '
1621 248 1687 303 1N
1724 247 2070 304 JEliEMlAM
2108 246 2388 305 llOMlLlA
2424 250 2564 307 XIX.
3598 253 3701 309 5Z2

459 363 628 427 πόνος
665 363 693 415 6
718 360 823 417 ἀπὸ
858 360 951 415 τοῦ
987 364 1161 435 πυρὸς
1189 366 1250 420 δν
1280 366 1574 441 διέγραψεν
1624 370 1913 443 Ἱερεμίας,
1947 370 2036 423 λέ-

2097 394 2114 439 ι
2144 372 2323 442 primo
2351 373 2557 443 injicit,
2598 373 2945 446 primumque
2969 376 3023 431 in
3055 392 3244 436 eorum
3274 380 3438 437 corda
3466 381 3708 441 immittit

465 469 608 524 γων-
643 455 752 508 Kal
779 454 1013 524 ἐγένετο
1040 456 1110 510 ἐν
1131 456 1209 525 τῇ
1238 459 1451 528 καρδίᾳ
1474 479 1594 530 μου
1625 463 1706 529 ὡς
1738 462 1855 530 πῦρ
1881 463 2036 515 καιό-

2141 464 2318 533 ignem
2340 481 2502 534 quem
2526 477 2776 536 expertos
2804 482 2864 524 se
2893 467 3135 523 fatentur
3151 469 3341 528 Simon
3366 484 3420 529 ct
3437 474 3704 547 Cleophas

460 562 667 614 μενον,
695 548 1067 614 φλεγόμενον
1098 548 1168 601 ἐν
1194 550 1319 616 τοῖς
1347 550 1583 617 ὀστέοις
1603 569 1743 621 μου,
1768 552 1865 605 καὶ
1891 564 2036 620 παρ-

2139 553 2206 607 de
2236 554 2354 624 ejus
2383 558 2723 614 sermonibus
2751 558 2993 614 dicentes
3014 565 3035 599 ⁷
3064 578 3077 614 :
3110 559 3299 616 Nonne
3339 580 3430 617 cor
3468 577 3707 622 nostrum

474 636 626 704 εᾷιαι
663 633 990 701 πάντοθεν,
1039 637 1138 690 καὶ
1168 640 1239 692 οὐ
1271 638 1526 709 δύναμαι
1566 638 1785 710 φέρειν.
1833 641 2036 695 Ἐκεῖνο

2137 644 2326 700 ardens
2354 655 2470 701 erat
2504 648 2560 701 in
2592 649 2711 715 via,
2746 651 2871 705 dum
2914 655 3144 723 aperiret
3170 654 3320 718 nobis
3350 653 3657 725 Scripturas
3679 662 3707 716 2

464 725 523 779 τὸ
547 725 651 797 πῦρ
678 727 889 779 ἐκκαίει
912 729 942 781 6
962 728 1152 800 Σωτὴρ
1176 731 1205 782 ὁ
1234 728 1432 786 εἰπών’
1458 731 1584 800 Πῦρ
1608 729 1799 803 ἦλθον
1816 731 2036 796 ,βαλεῖν

2136 730 2236 789 llic
2258 746 2312 790 et
2337 736 2576 796 Simonis
2599 750 2652 796 et
2675 741 2924 811 Cleoplttc
2944 761 3040 798 cor
3067 746 3253 813 ardet;
3280 747 3406 801 audi
3425 747 3702 807 dicentes:

457 812 551 868 ἐπὶ
583 815 697 884 τὴν
725 815 865 886 γῆν.
895 820 1007 873 Καὶ
1036 821 1158 874 ἐπεὶ
1189 823 1365 877 ἐκεῖνο
1391 823 1453 877 τὸ
1479 823 1590 894 πῦρ
1622 824 1831 876 ἐκκαίει
1862 825 1891 877 6
1916 824 2031 877 Σω-

2139 822 2328 881 Nonne
2353 844 2444 883 cor
2464 841 2705 885 nostrum
2729 834 2918 888 ardens
2945 838 3098 890 erat?

452 905 588 979 τὴρ,
620 908 711 962 διὰ
741 908 902 962 τοῦτο
926 913 1038 975 τοῖς
1070 912 1390 985 ἀρχομένοις
1417 913 1634 968 ἀκούειν
1685 913 1847 968 αὑτοῦ
1894 916 2118 986 ἀρχεται
2163 917 2270 970 ἀπὸ
2317 917 2411 972 τοῦ
2469 921 2673 994 πυρὸς,
2717 925 2811 977 καὶ
2863 926 3076 996 πρῶτον
3126 926 3237 1000 πῦρ
3295 928 3473 999 βάλλει
3525 933 3707 991 αὐτῶν

449 1000 541 1054 ἐπὶ
595 1002 698 1071 τὴν
766 1001 1027 1072 καρδίαν·
1072 1003 1261 1078 ὥσπερ
1311 1006 1631 1077 ὁμολογοῦσι
1682 1006 1864 1078 Σίμων
1928 1008 2023 1058 καὶ
2078 1005 2344 1073 Κλεώπας
2403 1009 2647 1080 λέγοντες
2701 1015 2794 1070 ἐπὶ
2851 1018 2964 1081 τοῖς
3012 1018 3188 1087 λόγοις
3235 1023 3433 1078 αὐτοῦ’
3495 1028 3617 1095 Οὐχ
3662 1027 3705 1097 ἠ

447 1090 663 1159 καρδία
685 1094 856 1163 ἡμῶν
894 1095 1174 1166 καιομένη
1230 1094 1311 1167 ἦν
1340 1097 1410 1152 ἐν
1441 1098 1515 1167 τῇ
1563 1098 1716 1165 ὁδῷ,
1765 1101 1845 1164 ὠς
1897 1098 2203 1168 διήνοιγεν
2263 1103 2409 1171 ἡμῖν
2440 1106 2547 1172 τὰς
2599 1107 2877 1178 Γραφάς;
2927 1111 3142 1168 Ἐνίιάδε
3187 1116 3220 1186 ἡ
3255 1119 3451 1191 καρδία
3490 1090 3705 1176 καίεται

448 1187 586 1256 πυρὶ
645 1186 742 1241 καὶ
781 1188 1023 1258 Σίμωνος
1073 1189 1169 1243 καὶ
1215 1189 1484 1243 Κλεώπαο
1538 1190 1701 1244 ἄκουε
1750 1188 2048 1258 λεγόντωνο
2093 1193 2218 1260 Οὐχ
2252 1193 2290 1260 ἡ
2323 1194 2536 1262 καρδία
2562 1196 2731 1266 ἡμῶν
2758 1201 3037 1272 καιομένη
3067 1201 3180 1275 air;
3332 1186 3344 1191 ‘
3726 1214 3729 1219 ’

521 1276 620 1340 Τίς
648 1278 797 1341 ἄξιος
827 1279 928 1351 ἡδη
956 1278 1141 1334 λαϐεῖν
1172 1282 1348 1335 ἐκεῖνο
1374 1282 1434 1334 τὸ
1466 1281 1578 1351 πῦρ
1607 1282 1665 1335 ἐν
1690 1285 1754 1354 τῇ
1795 1283 2023 1353 καρδίᾳ;

2203 1283 2256 1337 9.
2283 1284 2419 1351 Quis
2447 1289 2609 1343 modo
2633 1289 2830 1360 dignus
2862 1305 2945 1347 est
2975 1297 3218 1364 accipere
3252 1300 3414 1356 istum
3438 1303 3614 1375 ignem
3643 1310 3697 1363 in

448 1368 568 1424 ’Ἰνα
596 1368 672 1440 μὴ
701 1371 821 1441 εἰκῆ
849 1370 980 1424 αὐτὸ
1007 1370 1148 1445 λάϐῃ
1172 1410 1187 1434 ,
1236 1369 1374 1424 θέλω
1399 1371 1700 1443 διαγράψαι
1744 1370 1828 1436 τίς
1876 1375 2023 1426 ἐστιν

2129 1373 2333 1427 corde?
2370 1372 2449 1429 Ne
2499 1374 2701 1431 frustra
2735 1379 2887 1435 illum
2921 1384 3192 1454 accipiat,
3232 1391 3355 1444 volo
3392 1368 3701 1454 describere

444 1459 477 1513 6
511 1457 650 1530 ἔχων
677 1459 832 1514 τοῦτο
872 1460 984 1532 πῦρ
1018 1464 1076 1514 ἐν
1102 1466 1169 1534 τῇ
1217 1463 1429 1535 καρδίᾳ.
1471 1463 1775 1535 Διάγραψόν
1808 1482 1897 1536 μοι
1930 1464 2022 1519 δύο

2126 1461 2251 1531 quis
2283 1463 2355 1518 sit
2393 1465 2485 1534 qui
2536 1466 2714 1536 ignem
2748 1470 2913 1527 istum
2946 1473 3000 1527 in
3029 1476 3191 1530 corde
3225 1477 3405 1536 habet.
3442 1483 3700 1545 Describe

2124 1550 2257 1604 mihi
2278 1552 2416 1608 duos
2438 1555 2690 1613 homines
2716 1558 2772 1612 itt
2801 1558 2940 1614 idem
2964 1565 3167 1631 peccati
3199 1582 3389 1635 genus,
3408 1571 3462 1624 in
3493 1571 3696 1630 foedam

445 1550 834 1621 ἡμαρτηκότας
879 1552 977 1621 τὴν
1026 1552 1197 1625 αὐτὴν
1244 1554 1322 1624 τῷ
1369 1554 1517 1623 γένει
1563 1555 1867 1627 ἁμαρτίαν,
1921 1556 2039 1631 τὴν

446 1638 651 1709 μιαρὰν
678 1641 771 1693 καὶ
810 1640 908 1710 τὴν
957 1641 1260 1714 ἀκάθαρτον
1288 1644 1563 1715 πορνείαν,
1592 1644 1686 1697 καὶ
1719 1646 1778 1697 ὲν
1809 1640 2020 1708 τούτοις

2121 1643 2506 1717 impuramque
2541 1649 2956 1708 fornicationem
3002 1655 3221 1727 lapsos,
3279 1677 3511 1731 quorum
3559 1670 3696 1726 alter

443 1727 551 1790 τοῖι,
578 1727 671 1781 δύο
693 1732 805 1792 τοῖς
832 1733 1246 1801 πεπορνευκόσι,
1274 1733 1365 1785 τὸν
1392 1734 1491 1804 μὲν
1517 1733 1701 1805 ἕτερον
1725 1735 1800 1808 μὴ
1820 1732 2016 1789 λυπού-

445 1834 638 1886 μενον,
674 1820 807 1891 μηδὲ
855 1820 1210 1893 ὀδυνώμενον,
1249 1823 1384 1895 μηδὲ
1412 1823 1757 1894 δακνόμενον,
1788 1824 1922 1880 ἀλλὰ
1953 1826 2015 1880 τὸ

440 1906 728 1979 εἰρημένον
769 1911 826 1964 ὲν
866 1912 1208 1981 Παροιμίαις
1242 1914 1369 1986 περὶ
1394 1915 1494 1985 τῆς
1529 1914 1732 1986 πόρνης
1760 1912 2033 1985 γυναικὸς

439 1998 718 2069 πάσχοντα
737 2039 752 2064 ,
797 1999 927 2067 ἣτις
957 2001 1067 2054 ἐὰν
1093 2001 1290 2072 πράξῃ
1310 2043 1324 2066 ,
1350 2004 1770 2073 ἀπονιψαμένη
1795 2046 1810 2071 ,
1836 2000 2016 2059 οὐδέν

436 2105 592 2157 φησι
619 2091 987 2158 πεπραχέναι
1015 2092 1258 2147 ἄτοπον.
1288 2095 1394 2148 Ἴδε
1428 2113 1517 2165 μοι
1545 2095 1636 2149 τὸν
1659 2096 1844 2167 ἕτερον
1878 2096 2016 2168 μετὰ

434 2179 501 2231 τὸ
534 2179 735 2249 πτῶμα
772 2180 846 2252 μὴ
874 2181 1167 2252 δυνάμενον
1203 2183 1413 2252 στέγειν
1434 2223 1448 2247 _.
1479 2183 1614 2238 ἀλλὰ
1655 2185 2014 2257 κολαζόμενον

434 2267 537 2339 τὴν
567 2270 870 2341 συνείδησιν
894 2311 908 2335 ,
943 2271 1360 2344 βασανιζόμενον
1386 2275 1484 2347 τὴν
1527 2275 1753 2347 καρδίαν
1772 2317 1788 2342 ,
1819 2278 2012 2346 φαγεῖν

433 2361 535 2413 καὶ
583 2363 725 2416 πιεῖν
750 2363 811 2415 οὐ
840 2362 1165 2434 δυνάμενον,
1191 2365 1253 2418 ού
1278 2366 1452 2438 κρίσει
1483 2365 1842 2437 νηστεύοντα,
1875 2365 2011 2421 ἀλλὰ

436 2452 689 2525 ἀλγηδόνι
716 2455 817 2526 τῆς
844 2457 1152 2525 μετανοίας.
1186 2460 1492 2531 Διάγραψόν
1525 2478 1617 2532 μοι
1657 2460 1747 2514 τὸν
1773 2461 2010 2520 τοιοῦτον

436 2543 564 2614 ὃλην
588 2542 685 2614 τὴν
717 2545 926 2615 ἡμέραν
956 2546 1418 2619 σκυθρωπάζοντα
1438 2589 1453 2613 ,
1481 2552 1574 2605 καὶ
1598 2551 2009 2624 καταπονούμε-

437 2650 548 2698 νον,
572 2634 665 2688 xui.
699 2637 1078 2707 πορευόμενον,
1100 2638 1408 2710 ὠρυόμενον
1432 2636 1542 2695 ἀπδ
1575 2640 1877 2714 στεναγμοῦ
1910 2643 2009 2716 τῆς

438 2727 663 2799 καρδίας
682 2727 867 2793 αὑτοῦ,
891 2728 1155 2799 βλέποντα
1176 2731 1341 2784 αὐτοῦ
1361 2731 1458 2803 τὴν
1482 2734 1753 2806 ἁμαρτίαν
1777 2732 2007 2791 ἐνώπιον

437 2818 631 2883 αὐτοῦ,
667 2818 756 2874 διὰ
804 2821 1004 2885 παντὸς
1032 2820 1339 2893 ἔμπροσθεν
1370 2822 1714 2894 ὲλέγχουσαν.
1764 2826 1876 2880 Καὶ
1926 2825 2004 2880 ἴδε

435 2909 525 2962 τὸν
555 2909 793 2964 τοιοῦτον
835 2911 936 2966 οὐκ
982 2913 1073 2965 ἐπὶ
1125 2913 1251 2984 μίαν
1283 2914 1526 2986 ἡμέραν,
1559 2915 1681 2969 οὐδὲ
1728 2916 1822 2970 ἐπὶ
1874 2917 2003 2989 μίαν

437 3003 623 3067 νύκτα,
653 3002 766 3056 ἀλλ’
800 3004 891 3057 ἐπὶ
919 3004 1108 3075 χρόνον
1142 3005 1308 3059 πολὺν
1334 3006 1711 3078 κολαζόμενον.
1738 3010 1871 3064 Τίνα
1894 3010 2002 3063 τῶν

434 3091 526 3147 δύο
554 3095 897 3166 προκρίνεις;
926 3096 1049 3150 τίνα
1069 3097 1245 3166 λέγεις
1272 3098 1492 3162 ἐλπίδας
1518 3099 1661 3170 ἔχειν
1681 3101 1831 3172 παρὰ
1850 3101 2000 3173 Θεῷς

434 3181 557 3259 Ἆρ’
584 3190 789 3242 ἐκεῖνον
821 3188 911 3241 τὸν
941 3190 1344 3261 πορνεύσαντα,
1374 3190 1468 3245 καὶ
1503 3190 1578 3264 μὴ
1611 3192 1999 3264 φροντίσαντα,

430 3277 546 3333 ἀλλ’
575 3280 949 3350 ἀπαλγοῦντα,
978 3281 1053 3347 ὼς
1083 3282 1176 3336 καὶ
1216 3282 1524 3355 παραδόντα
1551 3285 1714 3341 αὐτὸν
1738 3289 1804 3357 τῇ
1840 3287 2000 3340 ἀσελ-

431 3373 591 3443 γείᾳ;
635 3372 670 3443 ἢ
700 3373 887 3428 τοῦτον
932 3374 1023 3428 τὸν
1072 3376 1210 3444 μετὰ
1254 3375 1354 3448 τὴν
1387 3376 1515 3447 μίαν
1561 3379 1832 3450 ἁμαρτίαν
1876 3398 2004 3434 πεν-

431 3459 647 3525 θοῦντα,
680 3461 1011 3534 θρηνοῦντα;
1037 3457 1204 3528 Οὗτος
1229 3464 1468 3535 δηλονότι
1497 3467 1727 3522 ἐλπίδων
1753 3472 2000 3541 κρειττό-

429 3568 535 3604 νων
574 3552 741 3606 ὲστίν.
787 3553 947 3607 Ὅσον
985 3552 1095 3625 γὰρ
1125 3555 1285 3609 πλέον
1315 3556 1528 3610 καίεται
1557 3559 1661 3611 ὑπὸ
1698 3558 1798 3629 τῆς
1824 3559 2000 3630 λύπης

426 3640 521 3694 τοῦ
556 3641 723 3714 πυρὸς
743 3683 759 3707 ,
789 3643 1038 3697 τοσοῦτον
1073 3644 1271 3715 μᾶλλον
1300 3646 1550 3712 ἐλεεῖται,
1574 3649 1667 3702 καὶ¹
1687 3648 1833 3704 ἔστιν
1851 3652 2000 3723 αὐτῷ

427 3730 617 3802 χρόνος
648 3733 923 3803 αὐτάρκης
965 3732 1063 3804 τῆς
1107 3733 1381 3797 κολάσεως
1416 3729 1570 3798 οὗτος
1590 3775 1605 3800 ,
1655 3736 1776 3800 ὅσος
1809 3738 2000 3812 ἐκείνῳ

424 3820 625 3874 δίδοται
657 3821 844 3892 χρόνος
883 3822 1155 3890 κολάσεως
1184 3824 1263 3895 τῷ
1306 3825 1664 3896 πορνεύσαντι
1705 3830 1799 3882 καὶ
1827 3829 2000 3905 λυπη-

427 3910 593 3965 θέντι.
624 3912 734 3964 Καὶ
763 3913 883 3975 ἐπεὶ
908 3914 1095 3985 χρόνος
1123 3915 1239 3967 ἐστὶ
1263 3915 1434 3986 τούτῳ
1458 3917 1555 3987 τῆς
1580 3918 1813 3974 ἐνταῦθα
1839 3921 1998 3976 κολά-

426 4016 563 4063 σεως
591 4000 899 4073 λυσιτελὴς,
933 4002 1022 4056 διὰ
1059 4002 1220 4058 τοῦτο
1248 4004 1737 4076 ἐπραγματεύσατο
1771 4009 1996 4065 κολάσαι

420 4091 515 4147 τὸν
540 4094 963 4164 πεποριέυκότα,
992 4095 1086 4148 καὶ
1116 4095 1276 4165 ἡνίκα
1308 4096 1565 4152 ἐκόλασεν
1594 4099 1755 4155 αὑτὸν
1774 4102 1807 4172 ἡ
1828 4101 1994 4172 λύπη,

422 4184 518 4237 καὶ
575 4179 684 4237 εἶδε
728 4184 827 4256 τὴν
867 4185 1045 4257 λύπην
1089 4187 1366 4260 αὐτάρκη,
1413 4190 1578 4261 φησί’
1621 4191 1866 4260 Μήποτε
1921 4190 1995 4262 τῇ

420 4275 818 4343 περισσοτέρᾳ
853 4278 1018 4346 λύπῃ
1045 4277 1351 4347 καταποθῇ
1394 4283 1427 4334 ό
1474 4280 1771 4348 τοιοῦτος,
1810 4281 1996 4350 κυρώ-

2121 1735 2270 1789 nullo
2308 1737 2497 1793 dolore
2541 1739 2844 1809 adiciatur,
2891 1745 3042 1800 nullo
3115 1752 3460 1810 conscientite
3505 1774 3693 1819 morsu

2121 1837 2550 1897 compungatur,
2585 1830 2679 1884 sed
2711 1847 2818 1901 prae
2862 1851 2920 1889 se
2967 1836 3103 1893 ferat
3137 1843 3281 1909 quod
3319 1847 3580 1918 scriptum
3607 1867 3696 1911 cst

2119 1916 2187 1970 de
2227 1919 2510 1974 meretrice
2529 1958 2544 1983 ,
2573 1936 2723 1990 qua,
2748 1939 2865 1976 cum
2896 1931 3182 1997 peregerit,
3218 1940 3419 2004 tergens
3432 1916 3524 2006 se,
3570 1942 3694 1998 Non

2121 2022 2257 2073 sum,
2279 2008 2472 2079 inquit,
2492 2023 2707 2080 operata
2730 2015 2929 2067 malum
2952 2016 2974 2048 ⁸
2994 2035 3009 2084 ;
3029 2018 3164 2074 alter
3184 2036 3312 2077 vero
3336 2037 3458 2095 post
3479 2030 3691 2101 lapsum

2122 2095 2265 2152 ferre
2293 2110 2549 2169 nequeat,
2583 2103 2674 2157 sed
2707 2106 3057 2164 conscientiae
3082 2113 3258 2180 ptenis
3286 2095 3549 2187 vexetur,—
3568 2140 3694 2178 cor—

2120 2187 2204 2243 dis
2228 2195 2492 2247 tormenta
2517 2194 2805 2262 sustineat,
2833 2202 3118 2258 comedere
3141 2219 3205 2261 ac
3231 2206 3418 2266 bibere
3436 2228 3688 2283 nequeat,

2116 2275 2326 2367 jejunio
2354 2297 2463 2336 non
2494 2298 2560 2339 ex
2586 2286 2752 2342 animi
2785 2290 3086 2359 voluntate,
3119 2296 3212 2350 sed
3238 2275 3568 2367 ptenitentiie
3597 2275 3692 2362 do;

2119 2364 2236 2420 lore
2279 2379 2464 2437 vacet;
2518 2383 2777 2442 praeterea
2822 2377 2871 2432 is
2904 2387 3017 2435 tota
3048 2381 3136 2437 die
3177 2364 3379 2454 tristis,
3420 2390 3685 2460 amictus,

2119 2456 2407 2525 incedens,
2443 2465 2666 2535 rugiens
2696 2483 2725 2522 a
2752 2469 2954 2539 gemitu
2983 2475 3163 2531 cordis
3194 2479 3316 2547 sui,
3352 2481 3551 2541 habeat
3574 2456 3688 2558 pra:

2118 2550 2293 2606 oeulis
2335 2563 2621 2622 peccatum
2656 2573 2815 2613 suum
2847 2561 2993 2630 quod
3038 2578 3096 2619 se
3136 2580 3351 2637 semper
3382 2550 3688 2633 coram-re-

2117 2637 2429 2705 prehendat.
2450 2640 2585 2699 Vide
2607 2647 2784 2714 ipsum
2816 2665 2924 2705 non
2956 2668 3059 2707 una
3091 2653 3196 2721 die,
3232 2672 3341 2713 non
3366 2677 3469 2716 una
3500 2677 3680 2733 nocte,

2115 2728 2210 2783 sed
2258 2745 2355 2800 per
2397 2733 2620 2805 longum
2653 2746 2866 2809 tempus
2906 2742 3190 2812 agitatum.
3236 2748 3429 2807 Utrum
3484 2728 3678 2815 borum

2114 2820 2381 2890 praefers?
2427 2836 2607 2882 utrum
2639 2828 2779 2885 dicis
2831 2832 2885 2886 in
2922 2833 3033 2891 Deo
3075 2853 3224 2908 spem
3263 2841 3497 2901 habere?
3547 2865 3681 2905 num

2115 2910 2268 2966 illum
2300 2914 2391 2983 qui
2431 2913 2732 2975 fornicatus
2761 2936 2868 2976 non
2901 2935 3092 2994 curat,
3145 2930 3239 2985 sed
3271 2932 3550 3003 desperata
3590 2955 3682 2996 sa-

2112 3002 2225 3058 lute
2249 3004 2304 3059 in
2327 3006 2601 3064 libidinem
2624 3010 2829 3068 effusus
2850 3024 2962 3083 est;
2986 3032 3053 3071 an
3086 3019 3230 3077 hunc
3249 3025 3343 3093 qui
3364 3002 3487 3096 post
3506 3046 3674 3087 unum

2104 3104 2389 3162 peccatum
2425 3098 2570 3169 luget
2600 3110 2657 3156 et
2687 3118 2812 3159 vere
2842 3106 3054 3174 plorat?
3089 3108 3243 3168 Hunc
3277 3116 3467 3187 utique
3502 3123 3677 3177 mani-

2105 3182 2302 3239 fcstum
2339 3195 2424 3241 est
2469 3203 2565 3257 spe
2599 3190 2698 3246 niti
2726 3195 2970 3251 meliore.
3001 3196 3217 3264 Quanto
3242 3182 3390 3260 enim
3437 3212 3674 3279 amplius

2103 3274 2291 3332 dolore
2322 3278 2462 3348 ignis
2488 3281 2697 3349 uritur,
2737 3293 2886 3342 tanto
2926 3290 3190 3359 majorem
3240 3274 3672 3359 misericordiam

2104 3369 2490 3438 consequitur,
2533 3388 2635 3429 nec
2664 3386 2990 3446 prorogatur
3012 3380 3132 3450 ejus
3159 3386 3490 3454 supplicium
3525 3392 3670 3450 ultra

2102 3464 2316 3526 tempus
2346 3460 2491 3529 quod
2536 3463 2585 3517 ei
2624 3473 2750 3534 post
2800 3468 3215 3527 fornicationem
3257 3481 3572 3535 conceditur
3613 3496 3674 3540 ut

2104 3560 2386 3621 peccatum
2438 3554 2636 3625 lugeat.
2690 3558 2753 3613 Et
2799 3561 3059 3630 quoniam
3115 3573 3329 3636 tempus
3380 3583 3701 3641 pmnaruut

2100 3655 2236 3709 quas
2280 3641 2370 3696 hic
2412 3645 2652 3712 patitur,
2706 3649 2836 3704 utile
2864 3659 2950 3705 est
2975 3650 3050 3704 illi
3076 3693 3091 3718 ,
3134 3653 3258 3709 ideo
3309 3655 3668 3716 fornicantcm

2100 3733 2278 3799 poenis
2303 3732 2644 3792 alliciendqu
2662 3740 2894 3795 curavit.
2911 3741 2979 3795 Et
2999 3741 3092 3796 ubi
3111 3757 3235 3797 eum
3262 3744 3419 3800 dolor
3433 3749 3667 3817 punivit,

2100 3822 2340 3894 viditque
2385 3825 2591 3883 doloris
2638 3829 2751 3898 jam
2805 3832 2940 3886 satis
2988 3847 3148 3897 esse,
3184 3834 3305 3887 ait”
3349 3854 3364 3890 :
3415 3836 3498 3892 Ne
3535 3840 3670 3906 forte

2097 3912 2259 3983 2'75
2306 3916 2684 3974 abundantiori
2732 3921 2954 3975 tristitia
2997 3922 3341 3979 absorbeatur
3384 3931 3473 3999 qui
3525 3933 3669 4003 ejus-

2098 4003 2241 4055 modi
2269 4013 2368 4070 est,
2400 4008 2708 4075 con/innate
2730 4010 2784 4061 in
2812 4009 2968 4062 illum
2995 4013 3327 4070 clearitatem.
3359 4014 3667 4091 Unusquis-

2097 4106 2205 4160 que
2238 4102 2485 4149 nostrum
2523 4110 2681 4150 suam
2712 4097 2826 4167 ipse
2857 4100 3246 4158 conscientiam
3298 4107 3584 4178 discutiat,
3613 4102 3695 4169 eti

2095 4181 2277 4237 videat
2318 4184 2446 4254 quid
2494 4189 2817 4256 peccaverit.
2859 4188 3125 4255 Quoniam
3174 4209 3364 4262 poenas
3392 4197 3542 4254 luere
3571 4217 3670 4258 ne-

2095 4290 2246 4331 cesse
2274 4285 2378 4342 est,
2404 4287 2523 4331 oret
2555 4277 2725 4332 Deum
2754 4290 2812 4334 ut
2839 4281 2927 4337 hic
2960 4279 3102 4352 ignis
3130 4283 3379 4342 Jercmiae
3404 4291 3583 4347 veniat
3608 4293 3664 4348 in

420 4383 568 4421 σατε
593 4370 681 4433 εὶς
701 4368 887 4421 αὐτὸν
906 4368 1165 4438 ἀγάπην.
1196 4372 1463 4435 Ἕκαστος
1492 4373 1649 4445 ἡμῶν
1681 4374 1990 4441 ἐξετασάτω
2022 4377 2036 4432 l

2097 4368 2270 4438 ipsum
2292 4408 2308 4435 ,
2342 4379 2397 4423 et
2428 4379 2616 4439 postea
2643 4369 2732 4425 ille
2756 4386 2924 4441 quem
2958 4372 3146 4428 Simon
3189 4384 3244 4430 et
3268 4375 3537 4449 Cleopltas
3567 4397 3665 4438 ex-

419 4457 514 4528 τὴν
548 4457 849 4529 συνείδησιν
878 4459 1102 4524 ἑαυτοῦ,
1147 4459 1242 4514 καὶ
1285 4461 1440 4515 ἰδέτω
1480 4462 1533 4514 τί
1570 4463 1834 4535 ἥμαρτεν.
1869 4466 1990 4518 ’Ὁτι

2097 4457 2234 4527 perti
2278 4465 2427 4525 sunt,
2452 4473 2522 4513 ne
2553 4457 2709 4513 alteri
2755 4460 2866 4531 igni
2911 4474 3238 4519 reservetur.
3287 4465 3346 4521 Si
3377 4468 3521 4523 enim
3551 4487 3660 4528 non

417 4547 497 4601 δεῖ
525 4549 688 4603 αὑτὸν
717 4548 1064 4620 κολασθῆναι,
1094 4550 1337 4621 εὐχέσθω
1357 4551 1435 4623 τῷ
1463 4552 1581 4624 Θεῷ
1609 4554 1765 4608 τοῦτο
1789 4555 1849 4609 τὸ
1878 4553 1988 4625 πῦρ

2097 4548 2186 4604 hic
2214 4549 2393 4620 ignem
2429 4549 2657 4618 accepit,
2691 4550 2784 4605 sed
2808 4553 3069 4621 peccavit,
3101 4566 3155 4610 et
3188 4571 3295 4609 non
3327 4560 3557 4628 curavit,
3580 4562 3659 4618 illi

415 4639 478 4693 τὸ
510 4642 567 4694 ὲν
594 4639 672 4711 τῷ
712 4641 948 4713 Ἱερεμίᾳ
990 4642 1142 4712 ἥκειν
1171 4644 1259 4696 ἐπ’
1291 4644 1451 4698 αὐτόν
1470 4662 1483 4675 ⁸
1518 4646 1635 4700 εἶτα
1659 4646 1720 4700 τὸ
1765 4647 1860 4700 ἐστὶ
1902 4648 1988 4701 Σί-

420 4747 574 4800 μωνα
612 4731 708 4785 καί
755 4731 1021 4785 Κλεὼπαν
1063 4732 1317 4803 ὲληλυοὺς
1340 4774 1354 4798 ,
1405 4735 1491 4788 ἵνα
1535 4735 1610 4806 μὴ
1652 4735 1865 4807 τηρηθῇ
1899 4736 1977 4807 τῷ

416 4820 559 4891 ἄλλῳ
589 4822 749 4893 πυρί·
780 4825 829 4875 εί
859 4823 968 4894 γὰρ
1004 4823 1077 4894 μὴ
1108 4823 1294 4877 ἔλαϐεν
1340 4826 1526 4880 ἐνθάδε
1570 4827 1629 4880 τὸ
1661 4826 1806 4897 πῦρ,
1849 4827 1983 4881 ἀλλὰ

415 4912 510 4966 καὶ
538 4913 775 4984 ἥμαρτε,
806 4916 899 4967 καὶ
927 4913 988 4966 οὐ
1020 4916 1365 4985 πεφρόντικε,
1399 4916 1766 4988 τηρηθήσεται
1795 4918 1984 4987 ἐκείνῳ

415 5000 493 5073 τῷ
525 5003 675 5074 πυρί.
704 5005 811 5058 Καὶ
851 5003 1087 5074 ἐγένετο
1128 5007 1199 5060 ἐν
1237 5004 1311 5075 τῇ
1346 5007 1558 5076 καρδίᾳ
1594 5024 1714 5076 μου
1759 5007 1840 5071 ὡς
1866 5004 1984 5075 πῦρ

413 5094 731 5161 καιόμενον
751 5133 766 5159 ,
790 5097 1168 5165 φλεγόμενον
1194 5095 1264 5149 ἐν
1294 5095 1416 5161 τοῖς
1442 5095 1675 5162 ὀστέοις
1701 5113 1820 5166 μου
1841 5111 1854 5125 ’
1886 5097 1983 5151 καί

413 5184 687 5256 παρεῖμαι
724 5184 1039 5250 πάντοθεν,
1077 5188 1175 5243 καὶ
1210 5188 1283 5241 οὐ
1329 5186 1585 5257 δύναμαι
1619 5186 1822 5256 φέρειν
1840 5205 1854 5219 ο
1890 5187 1982 5242 ὅτι

409 5274 648 5345 ἤκουσα
685 5277 880 5346 ψόγον
904 5277 1150 5333 πολλῶν
1187 5276 1732 5348 συναθροιζομένων
1761 5279 1984 5333 κυκλό-

414 5368 532 5420 θεν.
573 5367 631 5420 '0
659 5366 1007 5438 ἄμεμπτος,ό
1038 5369 1304 5441 μακάριος
1338 5369 1636 5447 Ἱερεμίας,
1673 5368 1793 5423 καθ’
1820 5368 1983 5433 ὑπεξ-

411 5455 619 5527 αίρεσιν
645 5457 788 5527 λέγω
822 5457 1013 5513 τούτου
1045 5458 1140 5513 τοῦ
1187 5459 1383 5530 μικροῦ
1422 5460 1849 5531 ἁμαρτήματος,
1883 5459 1979 5514 καὶ

2092 4640 2202 4711 igni
2250 4640 2635 4695 reservabitur.
2669 4639 2737 4693 Et
2764 4641 2940 4711 factus
2969 4654 3046 4697 est
3091 4643 3146 4698 in
3176 4645 3332 4699 corde
3366 4663 3479 4703 meo
3501 4655 3654 4720 quasi

2091 4728 2226 4798 ignis
2252 4729 2465 4796 ardens,
2483 4745 2636 4783 urens
2665 4730 2721 4782 in
2742 4730 2943 4784 ossibus
2970 4732 3135 4797 meis;
3155 4743 3203 4787 et
3229 4734 3517 4793 dissolutus
3537 4758 3653 4796 sum
3681 4749 3684 4752 ’

2088 4819 2341 4888 undique,
2369 4829 2418 4873 et
2452 4836 2552 4874 non
2575 4836 2787 4889 possunt
2812 4824 2981 4890 lene,
3018 4825 3146 4891 quia
3178 4826 3354 4881 audivi
3385 4829 3648 4899 vitupera-

2088 4912 2279 4965 tionem
2300 4911 2587 4966 multorum
2614 4922 3044 4983 congregatarum
3075 4915 3381 4987 undique”.
3412 4919 3654 4993 Inculpa-

2086 5009 2175 5056 tus
2202 5001 2395 5057 beatus
2423 4999 2686 5058 Jeremias
2707 5043 2720 5066 ,
2754 5014 3008 5075 excepto,
3046 5006 3288 5076 inquam,
3320 5010 3426 5065 hoc
3456 5014 3654 5083 exiguo

2088 5101 2333 5160 peccato,
2359 5099 2413 5147 et
2456 5094 2501 5149 si
2531 5094 2677 5164 quod
2711 5093 2857 5150 aliud
2887 5095 3001 5150 leve
3034 5099 3387 5163 commiserit,
3419 5116 3449 5154 a
3480 5102 3654 5169 pluri-

2089 5180 2195 5236 mis
2246 5181 2683 5252 vituperabatur,
2740 5185 2833 5238 sed
2908 5185 3275 5242 multitudinis
3323 5188 3651 5259 vituperiunt

2088 5271 2209 5328 laus
2241 5283 2361 5328 erat
2392 5274 2441 5329 ei
2474 5275 2614 5342 apud
2641 5274 2832 5329 Deum.
2867 5272 3128 5330 Dicebant
3154 5276 3411 5331 nimirum
3443 5279 3655 5346 vitupe-

2086 5374 2297 5419 ratores
2322 5365 2411 5419 isti
2431 5365 2472 5396 ¹¹
2497 5382 2510 5419 :
2536 5365 2820 5435 lnsultate,
2846 5377 2894 5421 et
2921 5368 3234 5422 insultemus
3258 5368 3313 5421 in
3333 5384 3448 5422 eum
3477 5385 3653 5424 omnes

2085 5457 2185 5510 viri
2206 5456 2363 5509 amici
2390 5455 2540 5523 ejus;
2564 5456 2831 5512 observate
2860 5469 3082 5512 mentem
3111 5459 3245 5527 ejus,
3275 5459 3320 5512 si
3342 5459 3651 5531 decipiatur.

477 5652 499 5685 ί
527 5652 663 5710 an.
699 5671 848 5723 xxiv,
875 5656 965 5711 52.
1042 5658 1063 5689 ⁸
1100 5656 1258 5712 Prov.
1293 5676 1424 5726 xxx,
1448 5658 1536 5715 9.0.
1615 5661 1639 5693 ’
1677 5659 1717 5714 ιι
1742 5660 1870 5718 Cor.
1900 5676 1962 5732 tt,
1999 5661 2031 5715 7

2097 5663 2139 5719 Β.
2221 5660 2261 5692 ⁸ο
2298 5656 2411 5713 Jer.
2444 5671 2542 5725 xx,
2603 5661 2661 5728 ν,
2693 5660 2778 5717 10.
2844 5662 2911 5705 ς¹¹
2954 5659 3085 5716 ibid.
3119 5658 3203 5716 l0.

626 5748 627 5751 “
725 5749 994 5810 Paeon.
1034 5751 1149 5811 Gn.
1188 5752 1337 5813 Xlll

3270 5748 3346 5812 Π
