4218 6292
533 304 643 366 525

2016 298 2344 360 ORIGENIS

3709 301 3817 359 525

532 428 657 485 Alia
687 422 995 498 perniciosa
1030 427 1219 479 fraude
1241 422 1431 477 volunt
1461 436 1587 477 eum
1610 420 2033 487 circumvenire,
2060 429 2113 475 ct

2223 408 2275 472 εἴ
2314 436 2366 471 τι
2408 416 2535 473 ἀλλο
2571 416 2744 490 βραχὺ
2790 414 3094 485 πεποίηκεν
3117 451 3131 479 ,
3166 413 3398 485 ἐψέγετο
3430 414 3537 469 ὑπὸ
3568 412 3812 471 πολλῶν·

533 519 814 579 contraria
851 518 926 571 illi
956 515 1023 571 de
1051 530 1159 587 qua
1189 513 1403 570 dixerat
1427 513 1469 545 ¹¹
1498 531 1512 564 :
1544 512 1808 589 Decepisti
1843 528 1953 579 me,
2004 511 2116 564 Do-

533 617 695 680 mine,
727 621 777 669 et
806 612 1048 679 deceptus
1079 623 1219 662 sum.
1251 605 1314 661 Hi
1344 615 1527 662 autem
1553 607 1648 676 qui
1692 606 1747 659 in
1781 620 1908 661 eum
1943 603 2117 659 insul-

536 716 675 775 tant,
697 706 886 762 dicunt
906 702 971 756 ¹³;
991 699 1062 754 Et
1077 700 1482 771 praevalebimus
1502 699 1571 764 ei,
1590 709 1639 754 et
1659 714 1923 754 sumemus
1951 696 2118 751 vindi-

2224 509 2359 562 ἀλλά
2390 511 2419 563 ό
2446 508 2552 562 ὑπὸ
2582 507 2691 561 τῶν
2733 504 2943 562 πολλῶν
2974 504 3143 575 ψόγος
3177 504 3324 576 αὑτῷ
3352 503 3628 576 ἐγκώμιον
3661 504 3817 579 napi

2218 601 2338 673 Θεῷ
2354 596 2425 673 ἦν
2448 618 2460 631 ·
2485 599 2668 670 ἔλεγον
2696 598 2804 669 γὰρ
2831 599 2880 651 οἱ
2906 597 3168 668 ψέγοντες
3193 614 3206 628 ⁸
3254 598 3682 665 Ἐπισύστητε,
3716 598 3816 654 καὶ

2217 690 2639 762 ἐπισυστῶμεν
2652 687 2813 756 αὐτῷ
2833 689 3056 756 πάντες
3077 688 3294 758 ἄνδρες
3310 688 3475 758 φίλοι
3494 689 3702 744 αὐτοῦ’
3720 704 3818 760 τη-

535 812 676 859 etam
702 808 940 856 nostram
975 812 1040 853 ea:
1068 812 1149 851 eo.
1180 795 1383 851 Putant
1410 793 1667 865 injuriam
1711 807 1770 847 se
1798 804 1994 862 passos
2022 788 2116 860 qui

2223 785 2442 853 ρήσατε
2452 784 2567 853 τὴν
2575 784 2846 839 ἐπίνοιαν
2855 782 3064 848 αὐτοῦ,
3077 785 3129 837 εί
3139 782 3411 852 ἀπατηθή
3417 798 3606 837 σεται.
3617 783 3819 855 Ἀλλην

529 898 603 954 de
625 895 742 953 suis
766 891 984 950 delictis
1009 888 1253 946 accusati
1284 896 1446 954 sunt,
1485 895 1540 942 et
1573 886 1696 941 ideo
1727 899 1796 939 ex
1832 883 1936 938 bac
1967 882 2116 953 inju-

530 992 631 1049 ria:
653 987 909 1060 opinione
934 984 1153 1041 dicunt:
1172 980 1242 1036 Et
1273 996 1541 1036 sumemus
1567 978 1855 1033 vindictam
1878 985 2116 1031 nostram

526 1101 601 1140 ea;
629 1099 709 1138 eo.
743 1079 874 1141 Tale
904 1076 1036 1149 quid
1067 1081 1299 1146 egerunt
1328 1073 1422 1143 qui
1458 1070 1654 1127 Isaiam
1691 1079 2006 1137 secuerunt,
2043 1070 2118 1126 si-

532 1176 759 1248 quidem
782 1182 1046 1243 tanquam
1076 1167 1338 1239 injuriam
1385 1167 1529 1237 passi
1561 1164 1844 1237 (quoniam
1877 1163 2117 1235 prophe-

528 1269 624 1326 tiae
651 1266 824 1339 ipsius
847 1261 1261 1326 convertebant,
1302 1267 1358 1315 et
1400 1258 1703 1330 puniebant
1729 1256 1862 1324 eos)
1888 1268 2119 1311 accusa-

531 1370 663 1423 runt
678 1401 694 1427 ,
720 1361 1078 1428 increparunt
1096 1395 1113 1423 ,
1137 1362 1433 1411 secuerunt
1461 1351 1639 1415 illum,
1668 1350 1973 1418 mortisque
1995 1361 2121 1402 sen-

527 1455 760 1513 tentiam
789 1453 842 1508 in
871 1465 1000 1507 eum
1029 1448 1296 1504 tulerunt.
1322 1444 1429 1501 Sed
1449 1443 1534 1498 his
1556 1441 1814 1498 omnibus
1846 1439 2120 1496 insultan-

528 1549 683 1605 tibus
710 1543 979 1601 .lcremias
1017 1540 1096 1595 ait
1123 1539 1205 1593 ’δε
1234 1536 1494 1592 Dominus
1530 1543 1708 1588 autem
1737 1547 1937 1586 mecum
1965 1527 2121 1601 quasi

536 1640 762 1696 bellator
794 1637 971 1708 fortis.
998 1632 1056 1688 Si
1089 1630 1358 1687 fuerimus
1378 1627 1570 1700 quales
1600 1640 1702 1681 nos
1736 1638 1860 1680 esse
1883 1629 2119 1693 oportet,

530 1742 593 1790 et
618 1733 798 1804 ignem
821 1728 987 1784 istum
1012 1722 1409 1795 acceperimus,
1444 1719 1499 1773 in
1530 1724 1754 1789 peccata
1788 1722 1976 1771 nostra
2009 1727 2119 1767 non

537 1842 700 1884 secus
731 1838 798 1880 ac
828 1823 884 1876 in
911 1817 1205 1876 Jeremiam
1253 1814 1485 1886 ejusque
1532 1810 1743 1867 similes
1770 1807 2079 1861 venientem
2102 1842 2119 1870 ,

532 1919 805 1975 Dominus
833 1913 1074 1985 postlmc
1107 1908 1393 1964 nobiscum
1420 1910 1508 1959 est
1536 1900 1695 1972 quasi
1745 1898 1975 1955 bellator
2009 1896 2123 1953 for-

526 2008 629 2064 tis.
662 2005 732 2060 Et
766 2003 965 2057 idcirco
997 1997 1259 2069 persecuti
1282 2004 1437 2059 sunt,
1482 2002 1532 2048 et
1562 1989 1856 2061 intelligere
1887 2005 1992 2044 non
2026 2005 2123 2060 po-

528 2108 746 2156 tuerunt
768 2099 832 2152 ‘5.
881 2093 986 2160 Qui
1026 2088 1495 2163 persequebantur
1523 2100 1648 2141 eum
1674 2082 1850 2138 Judaai
1868 2122 1885 2150 ,
1912 2080 2121 2151 confusi

521 2203 655 2251 sunt
714 2191 1040 2245 vehementer
1096 2196 1146 2239 et
1204 2199 1308 2237 non
1364 2180 1735 2235 intellexerunt
1801 2174 2121 2247 ignominias

522 2305 660 2346 sua:
684 2289 749 2343 ιθ.
784 2285 961 2340 Tanto
988 2290 1235 2350 tempore
1259 2275 1562 2350 ignominia
1593 2272 1768 2328 allecti
1786 2310 1806 2339 ,
1849 2284 1957 2326 non
1984 2283 2125 2325 con-

526 2385 755 2441 ﬁtentur
798 2384 1025 2450 peccata
1065 2387 1188 2430 sua.
1230 2369 1505 2436 Quoniam
1537 2365 1804 2422 Dominus
1835 2368 1955 2418 erat
1992 2374 2118 2415 cum

519 2496 598 2537 eo
648 2474 745 2548 qui
797 2468 1234 2544 persecutionem
1279 2462 1611 2535 patiebatur,
1660 2472 1769 2514 non
1810 2461 2028 2527 poterat
2064 2451 2120 2508 in

530 2543 725 2627 corum
762 2543 1090 2638 potestatem
1116 2556 1322 2614 venire.
1362 2549 1620 2622 Nunquid
1660 2562 1793 2604 vero
1821 2546 1966 2603 sicut
1995 2543 2120 2613 plu-

524 2664 674 2720 rima
702 2636 954 2716 πει·θωὶω
986 2652 1302 2710 referuntur
1329 2644 1396 2700 ad
1428 2643 1795 2705 Salvatorem,
1823 2636 1930 2698 hoc
1955 2636 2121 2691 etiam

525 2761 713 2829 potest
736 2765 862 2809 esse
888 2741 1237 2804 istiusmodi?
1256 2736 1527 2793 Insultate
1549 2731 1785 2797 enim,et
1806 2725 2121 2783 insultemus

525 2818 589 2905 in
619 2862 762 2911 eum,
792 2841 956 2899 etiam
980 2837 1051 2893 de
1072 2833 1357 2890 Salvatore
1381 2828 1588 2884 dictum
1621 2830 1726 2879 est.
1744 2819 1834 2877 .Et
1861 2818 2120 2872 Dominus

525 2949 654 2998 erat
678 2953 803 2993 cum
830 2949 896 2990 eo
940 2940 1193 3000 tanquam
1224 2922 1448 2980 bellator
1479 2917 1656 2990 fortis.
1685 2913 1899 2970 Idcirco
1939 2926 2120 2982 persae

530 3031 647 3090 cuti
678 3035 826 3089 sunt,
846 3033 897 3079 et
926 3019 1220 3090 intelligere
1248 3030 1352 3072 non
1386 3017 1674 3084 potuerunt
1697 3006 1792 3078 qui
1821 3017 2123 3076 perseque-

533 3124 739 3180 bantur
765 3131 891 3174 eum
920 3112 1115 3170 Judaei.
1148 3106 1369 3177 Confusi
1393 3114 1516 3159 sunt
1551 3098 1898 3161 uehementer,
1932 3103 1983 3150 et
2015 3108 2120 3149 non
2147 3101 2195 3167 α

532 3210 909 3270 intellexerunt
937 3200 1262 3276 ignominias
1288 3211 1440 3253 suas.
1476 3190 1653 3246 Tanto
1683 3198 1928 3257 tempore
1955 3180 2122 3240 dede-

535 3319 666 3365 core
689 3302 863 3360 atl‘ecti
893 3300 1091 3355 delicta
1120 3310 1222 3351 sua
1263 3307 1373 3347 non
1400 3284 1731 3344 conﬁtentur
1755 3295 1877 3352 quae
1906 3291 2002 3350 per
2026 3290 2125 3333 sae-

535 3403 720 3458 culum
755 3412 862 3452 non
899 3393 1180 3449 tradentur
1207 3382 1492 3443 oblivioni.
1543 3379 1651 3435 Sed
1679 3381 1877 3448 putant
1917 3372 1973 3426 in
2017 3370 2124 3426 hoc

527 3493 702 3565 276
729 3487 931 3546 saeculo
976 3483 1095 3539 fore
1143 3489 1201 3536 ut
1245 3476 1564 3548 iniquitates
1602 3483 1807 3532 eorum
1856 3460 2121 3522 oblivioni

527 3560 858 3650 t—radantur;
886 3593 990 3635 nos
1010 3591 1143 3632 vero
1165 3572 1416 3629 videmus
1445 3581 1638 3624 eorum
1685 3560 2005 3632 iniquitates
2024 3571 2125 3628 per

535 3677 797 3734 saeculum
858 3687 967 3728 non
1017 3682 1141 3726 esse
1192 3661 1455 3721 oblivioni
1503 3655 1818 3721 tradendas,
1849 3653 2013 3723 idque
2039 3650 2123 3705 vi-

534 3772 724 3826 dentes
754 3768 809 3822 in
857 3761 1182 3819 memoriam
1227 3766 1549 3811 revocamus
1582 3749 1728 3805 istud
1748 3747 1832 3799 ":
1865 3743 1996 3799 Noli
2038 3742 2123 3797 al-

525 3873 650 3918 itum
677 3875 881 3931 sapere,
914 3854 1003 3911 sed
1036 3855 1182 3908 time.
1212 3848 1272 3906 Si
1303 3849 1444 3904 enim
1485 3844 1626 3899 Deus
1657 3837 1995 3896 naturalibus
2034 3853 2124 3890 ra-

535 3960 636 4012 mis
674 3969 785 4010 non
824 3948 1088 4021 pepercit,
1142 3951 1350 4015 quanto
1400 3938 1576 4009 magis
1626 3943 1825 4007 praeter
1867 3938 2124 3987 naturam

528 4045 760 4105 insertis
786 4056 893 4096 non
923 4036 1142 4104 parcet?
1171 4032 1437 4088 Dominus
1461 4030 1628 4099 igitur
1644 4029 1908 4081 virtutum
1938 4022 2124 4080 nobis-

530 4156 685 4204 cum,
711 4134 936 4207 probans
951 4131 1123 4201 justa.
1152 4125 1450 4196 intelligens
1479 4139 1626 4177 renes
1657 4129 1706 4176 et
1740 4120 1902 4174 corda
1923 4118 1987 4171 ".
2015 4116 2124 4171 Do-

527 4234 723 4296 .minus
754 4228 952 4300 probat
994 4222 1214 4294 quidem
1268 4219 1452 4289 justa,
1495 4215 1749 4287 reprobat
1792 4222 1976 4267 autem
2013 4208 2120 4265 ini-

524 4342 675 4398 qua.
703 4330 758 4378 et
791 4330 906 4383 est,
940 4326 1001 4386 ut
1049 4318 1123 4370 ita
1172 4314 1387 4375 dicam,
1433 4309 1697 4379 trapezita
1744 4307 2017 4375 iustorum
2069 4310 2125 4358 et

535 4397 875 4487 iniquorum.
931 4404 1033 4462 Hic
1076 4419 1241 4475 porro
1270 4401 1541 4457 Dominus
1587 4397 1842 4466 intelligit
1870 4410 2031 4450 renes
2067 4402 2124 4448 et

492 4562 496 4569 .
535 4509 722 4567 corda.
785 4503 985 4571 Quaero
1037 4493 1171 4568 quid
1218 4490 1435 4549 diﬂ‘erat
1499 4489 1804 4559 intelligere
1855 4502 2016 4544 renes
2067 4495 2124 4541 et

537 4601 724 4658 corda.
767 4595 870 4652 llic
915 4590 1137 4666 quidem
1174 4585 1437 4655 scriptum
1484 4591 1568 4636 cst
1606 4582 1785 4651 ipsum
1823 4577 2124 4650 intelligam

538 4707 702 4751 renes
725 4698 780 4746 et
810 4688 997 4744 corda.
1023 4685 1091 4740 At
1127 4677 1385 4739 fortassis
1415 4674 1563 4731 aliud
1590 4676 1662 4730 sit
1694 4672 1998 4743 intelligere
2032 4686 2123 4727 re-

536 4802 645 4844 ncs
684 4792 738 4839 et
769 4781 968 4847 corda,
1010 4777 1157 4833 aliud
1197 4766 1430 4831 scrutari
1459 4769 1631 4825 corda
1674 4776 1729 4823 et
1774 4782 1954 4823 renes.
2003 4764 2123 4822 Non

539 4877 787 4937 omnium
820 4879 1093 4928 scrutatur
1123 4867 1287 4925 corda
1314 4873 1369 4921 et
1401 4878 1584 4930 renes,
1616 4861 1712 4918 sed
1747 4869 2120 4932 peccatorum.

536 4970 599 5027 In
628 4964 934 5038 signiﬁcato
955 4960 1099 5016 enim
1125 4958 1272 5014 verbi
1301 4956 1468 5027 hujus
1499 4964 1709 5011 scrutor
1730 4956 1946 5022 insisto,
1973 4956 2121 5027 quod

538 5061 594 5118 in
631 5061 737 5116 hac
761 5058 873 5113 vita
901 5053 1102 5111 dicitur
1133 5051 1199 5107 de
1226 5051 1296 5110 iis
1331 5051 1423 5124 qui
1474 5057 1800 5119 torquentur
1844 5048 1899 5102 in
1950 5048 2125 5103 tribu-

537 5153 782 5216 nalibus,
800 5147 892 5203 ubi
914 5146 1004 5202 alii
1035 5145 1253 5218 quidem
1282 5142 1640 5216 quaestionem
1660 5140 1887 5207 habent,
1912 5138 1978 5194 de
2001 5138 2122 5195 aliis

537 5242 771 5318 quaestio
800 5241 1053 5300 habetur.
1074 5246 1129 5294 et
1159 5238 1217 5293 bi
1244 5238 1298 5292 in
1328 5233 1671 5307 gravissimis
1697 5231 1977 5288 doloribus
1997 5247 2120 5286 ver-

540 5345 755 5393 santur.
796 5331 1057 5389 Tortores
1086 5330 1271 5400 itaque
1300 5333 1617 5383 scrutantur
1646 5325 1841 5391 latera,
1870 5333 2124 5381 scrutan-

2218 879 2434 951 ἀπάτην
2467 877 2747 934 ἐδούλοντο
2775 876 2940 930 αὑτὸν
2972 876 3254 947 ἀπατῆσαι
3278 874 3542 945 ὀλέθριον,
3566 875 3816 929 ἐναντίαν

2218 973 2285 1043 τῇ
2316 971 2500 1043 ἀπάτῃ
2519 1010 2533 1034 ,
2572 971 2699 1043 περὶ
2723 965 2792 1042 ἦς
2823 964 2976 1022 εἶπεν
2998 984 3013 998 ·
3057 965 3405 1034 Ἠπάτησάς
3431 983 3508 1036 με
3528 1005 3543 1030 ,
3591 967 3772 1035 Κύριε
3796 1009 3811 1032 ,

2220 1061 2318 1116 καὶ
2362 1059 2700 1129 ἠπατήθην.
2749 1059 2982 1128 Λέγουσι
3024 1059 3083 1112 δὲ
3129 1053 3276 1113 οὗτοι
3338 1059 3816 1130 ἐπισυνιστάμενα

2221 1149 2401 1220 αὐτῷ·
2437 1149 2548 1204 Καὶ
2575 1148 2965 1219 δυνησόμεθα
3006 1145 3190 1211 αὐτῷ,
3217 1144 3313 1199 καὶ
3342 1145 3663 1213 ληψόμεθα
3699 1142 3814 1210 τὴν

2221 1240 2536 1310 ἐκδίκησιν
2576 1239 2746 1310 ἡμῶν
2786 1239 2858 1304 ἐξ
2912 1237 3121 1293 αὑτοῦ.
3171 1234 3390 1291 Οίονται
3440 1234 3734 1306 ἠδικῆσθαι
3764 1234 3813 1289 oi

2223 1331 2575 1402 ἐλεγχθέντες
2598 1331 2690 1384 ἐπὶ
2718 1332 2839 1393 ταῖς
2870 1328 3027 1389 ἰδίαις
3050 1326 3351 1399 ἁμαρτίαις
3368 1344 3380 1358 ·
3398 1325 3490 1378 καὶ
3516 1324 3604 1378 διὰ
3633 1323 3812 1389 τοῦτο,

2222 1424 2497 1495 οἰηθέντες
2531 1422 2853 1495 ἠδικῆσθαι,
2891 1420 3148 1490 λέγουσι’
3199 1418 3525 1486 Ληψόμεθα
3567 1415 3683 1484 τὴν
3718 1417 3816 1473 ἐκ·

2223 1509 2472 1581 δίκησιν
2512 1509 2681 1580 ἡμῶν
2712 1510 2782 1575 ἐξ
2810 1510 3018 1565 αὐτοῦ.
3055 1506 3309 1563 Τοιοῦτόν
3341 1524 3394 1560 τι
3439 1508 3811 1578 πεποιήκασιν

2222 1601 2273 1653 οἱ
2308 1602 2401 1655 καὶ
2427 1601 2519 1655 τὸν
2553 1601 2783 1655 Ἧσαῖαν
2820 1600 3133 1672 πρίσαντες.
3172 1599 3261 1662 Ὠς
3289 1597 3637 1668 ἀδικηθέντες
3664 1596 3773 1668 γάρ
3794 1636 3812 1663 ,

2225 1691 2522 1765 ἐπειδήπερ
2568 1692 2624 1745 αἱ
2672 1693 3000 1765 προφητεῖαι
3044 1688 3381 1760 ἐπέστρεφον
3432 1685 3665 1751 αὐτοὺς,
3719 1686 3816 1741 καὶ

2225 1780 2483 1848 ἐκόλαζον
2509 1783 2726 1847 αὐτοὺς,
2757 1782 3009 1853 ἤλεγχον,
3040 1780 3338 1850 ἐπετίμων,
3372 1777 3604 1849 έπρισαν
3627 1777 3809 1845 αὑτὸν,

2224 1872 2319 1926 καὶ
2348 1874 2709 1929 κατεδίκασαν
2736 1871 2903 1929 αὐτοῦ
2932 1872 3113 1943 ψῆφον
3152 1870 3469 1942 θανατικήν.
3505 1868 3671 1923 Ἀλλά
3709 1886 3813 1940 φη-

2225 1980 2310 2019 σιν
2338 1965 2367 2017 ό
2398 1963 2669 2036 Ἱερεμίας
2698 1964 2791 2017 ἐπὶ
2821 1963 3033 2028 τούτοις
3067 1964 3180 2026 τοῖς
3219 1962 3576 2016 ἐπισυστᾶσιν
3597 1980 3610 1994 ο
3660 1962 3712 2014 Ὀ
3742 1960 3809 2015 δὲ

2220 2054 2436 2123 Κύριος
2476 2053 2602 2124 μετ’
2645 2052 2793 2124 ἐμοῦ
2835 2052 3031 2119 καθὼς
3073 2049 3353 2122 μαχητὴς
3385 2051 3640 2121 ἰσχύων.
3685 2050 3804 2106 Ἐάν

2220 2143 2508 2215 γενώμεθα
2536 2143 2754 2208 ὁποίους
2780 2144 2929 2215 ἡμᾶς
2968 2138 3105 2197 εἶναι
3134 2141 3262 2215 χρὴ,
3293 2143 3388 2195 καὶ
3417 2141 3480 2195 τὸ
3504 2141 3616 2214 πῦρ
3640 2142 3814 2196 ἐκεῖνο

2221 2232 2656 2307 Μραδεξὼμεθα
2682 2272 2697 2297 ,
2730 2233 2823 2286 ἐπὶ
2853 2235 2973 2297 ταῖς
2998 2231 3297 2305 ἡμετέραις
3326 2231 3623 2302 ἁμαρτίαις
3655 2230 3811 2303 ἐρχό-

2224 2343 2412 2397 μενον,
2445 2327 2521 2389 ὼς
2548 2325 2626 2397 τῷ
2658 2324 2895 2398 Ἱερεμίᾳ
2940 2326 3035 2379 καὶ
3074 2326 3186 2387 τοῖς
3231 2322 3459 2395 ὁμοίοις,
3494 2321 3700 2392 Κύριος
3722 2322 3811 2392 γί-

2221 2435 2371 2471 νεται
2409 2416 2549 2489 μετά
2577 2417 2749 2471 ταῦτα
2779 2416 2899 2488 μεθ’
2923 2418 2956 2489 ὴ
2966 2416 3081 2487 μῶν
3098 2414 3283 2478 καθὼς
3308 2414 3557 2485 μαχητὴς
3586 2413 3807 2485 ἰσχύων.

2221 2512 2335 2569 Καὶ
2357 2511 2456 2567 διὰ
2476 2512 2653 2567 τοῦτο
2678 2509 2954 2575 ἐδίωξαν,
2978 2508 3075 2563 καὶ
3104 2507 3326 2577 νοῆσαι
3347 2507 3455 2560 οὐκ
3480 2504 3805 2573 ἠδύναντο.

2222 2605 2286 2657 Ul
2334 2601 2624 2666 διώκοντες
2668 2600 2832 2654 αὐτὸν
2887 2598 3165 2664 Ἰουδαῖοι,
3213 2598 3614 2668 ᾐσχύνθησαν
3653 2594 3808 2664 σφό-

2220 2693 2354 2766 δρα,
2378 2693 2478 2748 καὶ
2507 2694 2621 2746 οὐκ
2647 2692 2917 2760 ἐνόησαν
2935 2690 3174 2761 ἀτιμίας
3199 2687 3418 2744 αὐτῶν.
3453 2688 3543 2742 Ἐν
3573 2683 3811 2756 τοσούτῳ

2220 2785 2399 2861 χρόνῳ
2440 2783 2828 2856 ἀτιμαζόμενοι
2873 2781 2935 2837 οὐ
2976 2781 3228 2852 λέγουσιν
3262 2777 3471 2834 ἑαυτῶν
3506 2777 3606 2842 τὰς
3633 2779 3815 2851 ἀμαρ-

2219 2878 2363 2943 τίας.
2386 2877 2524 2931 ⁹¹υτι
2562 2874 2769 2946 Κύριος
2813 2868 2882 2945 ἦν
2928 2872 3066 2946 μετὰ
3097 2871 3191 2926 τοῦ
3222 2868 3554 2942 διωκομένου
3574 2908 3590 2934 ,
3625 2868 3721 2923 καὶ
3750 2867 3811 2921 οὐ

2223 2969 2448 3025 δύναται
2480 2966 2790 3040 ὑποχείριος
2819 2967 3006 3030 αὐτοῖς
3034 2963 3289 3035 γενέσθαι
3314 2961 3666 3032 διωκόμενος.
3695 2960 3815 3031 Μή·

2226 3078 2356 3116 ποτε
2385 3055 2478 3116 οὖν
2510 3060 2587 3124 ὡς
2615 3058 2786 3115 πολλά
2824 3057 2918 3113 τοῦ
2951 3057 3217 3130 Ἱερεμίου
3248 3054 3585 3126 ἀναφέρεται
3616 3054 3696 3117 είς
3721 3051 3814 3104 τὸν

2224 3151 2492 3224 Σωτῆρα,
2542 3149 2638 3204 καὶ
2684 3148 2841 3204 τοῦτο
2882 3148 3106 3202 δύναται
3145 3145 3383 3200 τοιοῦτον
3432 3139 3606 3209 εἷναις
3661 3143 3812 3197 Ἐπι-

2229 3245 2502 3313 σύστητε
2526 3241 2657 3314 γάρ,
2675 3241 2776 3296 καὶ
2806 3239 3232 3309 ἑπισυστῶμεν
3260 3235 3443 3302 αὐτῷ,
3480 3235 3695 3308 εῐρηται
3721 3234 3813 3288 καὶ

2223 3338 2317 3392 ἐπὶ
2346 3335 2442 3390 τοῦ
2479 3335 2753 3407 Σωτῆρος.
2797 3332 2909 3387 Καὶ
2944 3332 3161 3400 Κύριος
3201 3325 3271 3402 ἦν
3318 3330 3438 3400 μετ’
3475 3326 3639 3381 αὐτοῦ
3678 3328 3817 3381 καθ-

2221 3425 2303 3492 ὼς
2341 3421 2625 3494 μαχητὴς
2678 3420 2927 3491 ἰσχύων.
2987 3417 3093 3473 Διὰ
3141 3415 3317 3471 τοῦτο
3372 3413 3666 3479 ἐδίωξαν,
3715 3408 3816 3466 καὶ

2221 3514 2441 3585 νοῆσαι
2471 3514 2579 3567 οὐκ
2604 3511 2907 3581 ἠδύναντο
2939 3509 2989 3562 oi
3019 3504 3306 3570 διώκοντες
3336 3503 3496 3557 αὐτὸν
3533 3502 3774 3555 Ἰουδαῖοι
3795 3515 3810 3530 ·

2222 3608 2628 3677 ᾐσχύνθησαν
2678 3603 2946 3674 σφόδρα,
2982 3599 3082 3653 καὶ
3134 3600 3245 3652 οὐκ
3279 3597 3547 3664 ἐνόησαν
3579 3593 3810 3663 ἀτιμίας

2221 3699 2439 3757 αὐτῶν.
2476 3701 2565 3754 Ἐν
2586 3697 2829 3768 τοσούτῳ
2850 3694 3029 3767 χρόνῳ
3056 3688 3447 3763 ἀτιμαζόμενοι
3473 3688 3534 3743 οὐ
3565 3687 3815 3757 λέγουσιν

2223 3792 2435 3846 ἑαυτῶν
2468 3790 2568 3855 τὰς
2596 3789 2905 3862 ἁμαρτίας,
2938 3786 2995 3839 αἳ
3039 3784 3104 3837 δι’
3138 3782 3333 3846 αἰῶνος
3375 3782 3479 3835 οὐκ
3523 3777 3819 3851 ἐπιλησθή-·

2225 3899 2409 3938 σονται
2428 3900 2442 3914 ’
2472 3880 2588 3938 ἀλλ’
2606 3880 2828 3942 οἴονται,
2845 3877 2928 3930 ὅτι
2955 3878 3013 3930 ὲν
3038 3873 3115 3947 τῷ
3142 3871 3299 3929 αἰῶνι
3329 3870 3501 3944 τούτῳ
3521 3868 3813 3943 ἐπιλησθῄ-

2227 3991 2406 4030 σονται
2433 3971 2614 4029 αὑτῶν
2647 3973 2702 4024 αἱ
2734 3967 2975 4040 ἀνομίαι.
3019 3968 3211 4038 Ἡμεῖς
3249 3963 3307 4017 δὲ
3354 3962 3592 4035 ὁρῶμεν,
3624 3962 3705 4015 ὅτι
3747 3961 3815 4014 δι’

2226 4063 2419 4128 αἰῶνος
2456 4061 2637 4117 αὐτῶν
2684 4060 2739 4113 αἱ
2773 4058 2994 4129 ἀνομίαι
3036 4058 3137 4110 οὐκ
3191 4052 3646 4125 ἐπιλησθήσονται
3669 4069 3684 4082 ·
3720 4051 3818 4107 καὶ

2224 4148 2460 4221 δρῶντες
2497 4143 2825 4219 μεμνήμεθα
2850 4141 2946 4196 τοῦ
2973 4182 2988 4208 ,
3037 4139 3135 4209 Μὴ
3173 4138 3584 4208 ὑψηλοφρόνει
3610 4177 3624 4202 ,
3655 4136 3819 4191 ἀλλὰ

2224 4242 2431 4312 φοϐοῦ.
2467 4243 2538 4295 El
2559 4239 2671 4310 γὰρ
2718 4241 2751 4293 ό
2805 4236 2952 4303 Θεὸς
2979 4233 3097 4289 τῶν
3131 4234 3285 4288 κατὰ
3332 4232 3522 4301 φύσιν
3581 4228 3819 4283 κλάδων

2224 4336 2335 4390 οὐκ
2370 4334 2651 4403 ἐφείσατο
2671 4368 2686 4392 ,
2721 4330 2892 4395 πόσῳ
2915 4326 3158 4397 μᾶλλον
3182 4323 3302 4379 τῶν
3325 4321 3486 4392 παρὰ
3527 4322 3717 4391 φύσιν
3745 4319 3818 4372 οὐ

2226 4420 2530 4490 patuerat;
2580 4415 2786 4488 Κύριος
2827 4410 2921 4468 οὖν
2977 4412 3085 4466 τῶν
3129 4410 3412 4483 δυνάμεων
3458 4409 3576 4481 μεθ’
3625 4407 3817 4479 ἡμῶν,

2228 4508 2559 4580 δοκιμάζων
2591 4508 2794 4561 δίκαια
2814 4544 2829 4570 ,
2858 4503 3089 4558 συνιὼν
3129 4500 3389 4573 νεφροὺς
3417 4500 3517 4557 καί
3548 4499 3818 4568 καρδίας,

2240 4599 2300 4654 Ὅ
2338 4597 2542 4671 Κύριος
2581 4595 2868 4667 δοκιμάζει
2914 4593 3012 4665 μὲν
3043 4592 3230 4646 δίκαια
3260 4633 3275 4658 ,
3325 4588 3717 4661 ἀποδοκιμάζει
3762 4587 3820 4641 δὲ

2227 4691 2407 4752 ἄδικα,
2435 4691 2530 4745 καὶ
2563 4689 2730 4751 ἐστιν,
2765 4687 2850 4741 ἵνα
2872 4684 3047 4748 οὕτως
3077 4683 3349 4754 ὀνομάσω,
3377 4682 3714 4753 τραπεζίτης
3736 4680 3753 4751 (
3773 4682 3815 4750 ι)

2226 4780 2452 4835 δικαίων
2484 4779 2580 4834 καὶ
2615 4777 2846 4832 ἀδίκων·
2877 4769 3034 4839 οὗτος
3075 4774 3132 4827 δὲ
3178 4776 3206 4827 ό
3235 4773 3443 4845 Κύριος
3487 4772 3580 4826 καὶ⁸
3620 4770 3818 4824 συνιών

2228 4876 2345 4927 ἐστι
2368 4871 2598 4943 νεφροὺς
2632 4870 2727 4923 καὶ
2753 4868 3001 4940 καρδίας.
3029 4864 3187 4936 Ζητῶ
3217 4864 3270 4920 τί
3295 4863 3542 4936 διαφέρει
3564 4862 3625 4915 τὸ
3651 4863 3819 4915 συνιέ-

2229 4981 2317 5020 ναι
2349 4962 2581 5034 νεφροὺς
2619 4960 2716 5013 καὶ
2760 4958 2990 5030 καρδίας
3038 4955 3136 5027 (‘2).
3197 4953 3417 5009 Ἐνθάδε
3450 4953 3552 5025 μὲν
3585 4948 3681 5006 οὖν
3726 4951 3821 5020 γέ-

2229 5071 2493 5128 γραπται,
2528 5052 2610 5107 ὅτι
2641 5049 2837 5106 συνιών
2867 5052 2983 5104 ἐστι
3031 5048 3263 5120 νεφροὺς
3292 5046 3385 5101 καὶ
3428 5046 3671 5118 καρδίας.
3708 5045 3820 5098 Καὶ

2234 5149 2444 5222 μήποτε
2498 5146 2625 5202 ἄλλο
2658 5143 2775 5198 ἐστὶ
2806 5142 2868 5197 τὸ
2897 5142 3134 5196 συνιέναι
3169 5138 3401 5213 νεφροὺς
3431 5137 3526 5192 καὶ
3559 5136 3817 5208 καρδίας,

2230 5237 2360 5293 ἄλλο
2398 5236 2459 5290 τὸ
2495 5234 2707 5301 ἐτάζειν
2760 5233 2991 5305 καρδίας
3035 5231 3131 5284 καὶ
3178 5227 3432 5301 νεφρούς.
3475 5228 3551 5281 Οὐ
3599 5225 3819 5281 πάντων

2232 5325 2415 5390 ἐτάζει
2440 5324 2667 5396 καρδίας
2701 5321 2796 5376 καὶ
2821 5322 3074 5395 νεφροὺς,
3101 5317 3237 5373 ἀλλά
3257 5317 3365 5371 τῶν
3387 5315 3813 5388 ἡμαρτηκότων*

611 5470 657 5505 ⁸⁸
691 5467 895 5526 larem.
927 5481 1023 5532 xx,
1056 5465 1109 5520 7.
1188 5462 1233 5496 ³³
1273 5461 1405 5518 ibid.
1436 5458 1525 5515 10.
1606 5461 1650 5491 ’⁵
1690 5457 1821 5513 ibid.
1856 5457 1945 5514 11.
2022 5459 2068 5491 ¹⁸
2109 5458 2122 5513 i

2227 5499 2242 5513 .
2323 5458 2367 5489 ¹⁶
2407 5456 2541 5511 ibid.
2622 5455 2664 5485 ⁸⁷
2709 5452 2871 5509 Rom.
2909 5468 2984 5518 ιι,
3017 5450 3090 5506 2'0
3146 5449 3236 5506 21.
3311 5446 3685 5510 u’Jcrem.n,
3724 5438 3815 5502 12.

617 5608 698 5680 (ι)
730 5606 1100 5680 Τραπεζίτης.
1130 5604 1333 5680 Alludit
1365 5603 1430 5680 ad
1466 5603 1672 5680 dictum
1689 5600 1880 5680 illud:
1910 5598 2125 5679 δόκιμοι

545 5668 867 5749 τραπεζῖται
896 5668 1110 5744 γίνεσθε
1130 5715 1158 5749 ,Δ
1186 5675 1334 5749 quod
1366 5674 1585 5728 Christo
1616 5668 2128 5749 a_PatribusAauti-

543 5740 672 5817 quis
705 5740 985 5813 tribuitur,
1018 5759 1118 5800 nec
1148 5740 1220 5798 in'
1241 5741 1392 5798 Novo
1437 5750 1621 5798 tamen
1657 5740 2008 5796 Testamento
2040 5753 2124 5802 rc-

2232 5605 2585 5793 Ριῖὲέῗὲητῶ
2615 5667 2672 5721 τί
2702 5663 2967 5732 διαφέρει
3005 5661 3071 5716 τὸ
3110 5660 3387 5718 συνιέναι
3425 5657 3680 5729 νεφροὺς
3710 5672 3809 5714 και

2233 5754 2347 5793 καί)
2388 5755 2501 5793 lac.
2538 5736 2664 5792 Haec
2692 5737 2895 5791 desunt
2935 5734 2993 5790 in
3023 5732 3214 5790 codice
3246 5728 3606 5789 Scorialensi.

2233 5728 2501 5803 καρδίαςζ
2538 5736 2664 5792 Haec
2692 5728 2895 5791 desunt
2935 5734 2993 5790 in
3023 5732 3214 5790 codice
3246 5728 3606 5789 Scorialensi.
