4218 6292
416 251 527 312 525

1585 240 1652 296 IN
1688 239 2037 297 JEREMIAM
2079 242 2357 298 llOMlLlA
2420 242 2537 296 XX.

3558 248 3673 303 5‘26

427 370 689 443 ἐφίστημι
735 369 845 438 γὰρ
880 363 959 437 τῷ
994 362 1378 435 σημαινομένῳ
1411 361 1540 428 τοῦ,
1572 361 1828 427 ἑτάζειν,
1861 363 1997 435 ’ὅπερ

2102 372 2191 419 tur
2219 379 2484 434 carpam;
2535 361 2801 418 Dominus
2844 370 3025 418 autem
3059 364 3213 419 solus
3256 379 3455 421 novum
3503 367 3669 425 habet

421 462 648 531 λέγεται
678 460 735 512 ἐν
755 458 831 529 τῷ
859 457 958 528 βίῳ
986 455 1062 528 (Ι)
1092 455 1266 527 τούτῳ
1297 455 1388 508 ἐπὶ
1424 453 1532 507 τῶν
1559 453 1997 526 βασανιζομένων

426 555 527 609 ἐπὶ
554 555 662 616 τοῖς
683 550 1053 622 δικαστηρίοις
1073 589 1089 615 ,
1127 549 1260 603 ὅπου
1294 548 1344 601 οἱ
1385 548 1483 618 μὲν
1509 544 1788 611 ὲτάζουσιν
1816 545 1915 619 (2),
1948 547 1998 599 οἱ

431 646 491 701 δὲ
515 646 810 708 ἑτάξονται,
840 638 988 699 οὗτοι
1013 642 1068 697 δέ
1095 644 1199 696 εἱσι
1231 642 1326 696 καὶ
1357 644 1415 695 ὲν
1449 640 1629 704 πόνοις
1657 639 1995 711 βαρυτάτοις.

434 734 499 786 Ol
526 732 626 802 μὲν
655 726 747 784 οὖν
770 729 1035 784 κολασταὶ
1058 728 1310 794 ὲτάςουσι
1335 727 1594 801 πλευρὰς,
1626 728 1877 794 ὲτάζουσι
1906 728 2001 781 σώ-
2030 782 2033 783 ,

435 840 576 894 ματα
594 840 606 853 ·
630 820 838 893 Κύρνος
863 822 922 876 δὲ
947 823 1103 893 μόνος
1137 822 1321 876 καινὸν
1351 821 1464 893 ἔχει
1496 820 1696 893 τρόπον
1725 819 1996 891 ὲτασμῶψ

429 914 633 976 ὲτάζων
664 911 777 983 γάρ
810 914 928 966 ἐστι
955 911 1195 984 καρδίας,
1226 911 1321 966 καὶ
1348 912 1495 982 μόνῳ
1522 911 1600 981 τῷ
1624 911 1811 983 Κυρίῳ
1846 911 2005 984 πρόσο

427 1018 540 1055 εστι
580 1001 642 1055 τὸ
674 1001 950 1067 ἐξετάζειν
982 1002 1057 1074 (5)
1099 1002 1324 1073 καρδίας
1370 1002 1464 1056 καὶ
1510 999 1766 1074 νεφρούς.
1794 1001 2006 1073 Λῃσταὶ

425 1091 658 1146 ἐνταῦθα
678 1091 960 1157 ὲτάζονται
978 1092 1119 1147 κατὰ
1136 1093 1429 1166 πρόσταξιν
1448 1092 1748 1164 ἡγουμένου
1776 1091 1906 1144 πλευ
1916 1090 2002 1162 pai-

426 1184 544 1237 ἐκεῖ
570 1184 628 1239 δὲ
656 1186 757 1239 οὐκ
789 1188 854 1240 ὲκ
886 1185 1233 1258 προστάξεως
1263 1185 1421 1252 Θεοῦ,
1446 1185 1562 1240 ἀλλ’
1594 1185 1685 1239 ὑπ’
1714 1181 1877 1239 αὐτοῦ
1911 1182 2006 1237 τοῦ

428 1277 639 1349 Κυρίου
664 1275 912 1341 ὲτάξεταί
938 1293 1024 1342 τις
1053 1279 1282 1348 νεφροὺς
1305 1278 1397 1331 καὶ
1430 1276 1654 1347 καρδίας
1672 1292 1686 1307 ο
1715 1276 1764 1329 εί
1798 1275 1873 1349 μὴ
1902 1275 2009 1346 ἄρα

428 1368 664 1422 ἐνταῦθα
713 1367 853 1436 λέγω
911 1368 1003 1422 τόν
1054 1369 1151 1439 μὲν
1194 1367 1668 1440 προστασσόμενον
1718 1361 1858 1421 εἶναι
1919 1366 2009 1420 τὸν

430 1459 586 1523 Υίὺν,
616 1460 706 1514 τὸν
734 1461 791 1514 δὲ
821 1461 1231 1532 προστάσσοντα
1259 1457 1402 1516 εἶναι
1424 1460 1514 1515 τὸν
1541 1458 1782 1532 Πατέρα,
1804 1460 1898 1513 καὶ
1919 1459 2009 1512 τὸν

431 1550 603 1617 Λόγον
630 1546 768 1605 εἶναι
800 1551 889 1605 τὸν
914 1548 1176 1615 ὲτάζοντα
1209 1550 1438 1623 καρδίας
1483 1548 1580 1605 καὶ
1609 1549 1841 1620 νεφροὺς
1860 1589 1874 1614 ,
1917 1547 2012 1603 καὶ

435 1641 624 1696 πασῶν
650 1659 714 1711 γε
745 1641 950 1713 νομίζω
995 1642 1247 1712 βασάνων
1264 1683 1279 1709 ,
1328 1642 1542 1698 πάντων
1571 1643 1678 1697 τῶν
1712 1644 1887 1695 πόνων
1914 1640 2008 1711 βα-

437 1733 638 1806 ρύτερα
660 1734 728 1788 τά
754 1735 861 1789 άπὸ
888 1735 981 1789 τοῦ
1016 1736 1212 1806 Λόγου,
1236 1738 1363 1791 ὅταν
1390 1735 1646 1807 ὲτάζηται
1680 1733 1755 1806 (4)
1783 1732 2009 1805 καρδίας

436 1826 532 1881 καὶ
564 1826 813 1899 νεφρούς.
860 1828 954 1881 Διὸ
989 1828 1165 1884 πάντα
1192 1829 1554 1901 πράττωμεν,
1588 1828 1676 1882 ἵνα
1713 1826 1788 1899 μὴ
1834 1843 2013 1897 παρα-

434 1916 679 1988 δοθῶμεν
727 1919 921 1990 ἐκείνῳ
947 1920 1052 1991 .τῷ
1103 1920 1356 1993 ὲτασμῷ,
1406 1915 1467 1975 οῦ
1523 1919 1762 1990 ἑτασμοῦ
1829 1917 2013 1989 οῐομαι

436 2005 657 2061 ἔλαττον
689 2007 918 2077 πάσχειν
961 2010 1088 2072 τοὺς
1131 2007 1589 2080 παραδιδομένους
1626 2008 1738 2070 τοῖς
1788 2005 2016 2076 λεγομέ-

434 2113 548 2161 νοις
573 2099 632 2153 ὲν
657 2097 736 2168 τῷ
751 2098 1067 2169 Εὐαγγελίῳ
1086 2100 1450 2169 βασανισταῖς.
1472 2097 1693 2163 Πολλοῖς
1714 2098 1824 2171 γὰρ
1843 2114 2017 2169 παρα-

434 2185 693 2249 δίδονται,
728 2187 869 2259 τάχα
900 2188 1108 2242 πλείοσι
1137 2189 1484 2258 βασανισταῖ;
1523 2187 1666 2243 κατὰ
1691 2187 1786 2260 τὴν
1816 2188 2010 2263 ἀρχὴν,

436 2277 655 2330 οὐδέπω
690 2278 831 2342 ἄξιοι
866 2279 1144 2350 γενόμενοι
1189 2279 1575 2351 παραδίδοσθαι
1614 2281 1696 2334 ἑνὶ
1736 2279 1897 2347 Λόγῳ
1935 2276 2016 2350 τῷ

441 2365 689 2432 ὲτάζοντι
729 2370 957 2441 καρδίας
986 2371 1079 2426 καὶ
1107 2373 1357 2445 νεφρούς.
1412 2372 1470 2429 ’0
1515 2372 1767 2436 πλούσιος
1807 2373 2015 2438 ἐκεῖνος

439 2459 656 2515 οὐδέπω
682 2461 831 2529 ἄξιος
858 2459 926 2534 ἦν
973 2464 1344 2535 παραδοθῆναι
1389 2464 1465 2535 τῷ
1497 2462 1748 2530 ὲτάζοντι
1791 2464 2015 2536 καρεξας

443 2552 539 2607 καὶ
568 2553 797 2626 νεφρούς
816 2571 829 2585 ο
858 2554 946 2609 διὰ
966 2556 1122 2610 τοῦτο
1141 2557 1244 2610 ὑπὸ
1270 2556 1528 2611 πλειόνων
1551 2556 1627 2629 (5)
1647 2556 2011 2622 ἐϐασανίζετο.

446 2640 713 2717 ’Ὕστερον
743 2645 798 2700 δὲ
822 2647 870 2700 εί
901 2647 993 2701 καὶ
1021 2648 1228 2711 ἐκεῖνος
1259 2646 1416 2701 τοῦτο
1461 2646 1659 2718 πάσχει
1687 2646 1720 2718 ἢ
1755 2647 1854 2719 μὴ,
1876 2648 1905 2701 ὁ
1926 2646 2015 2700 δυ-

2102 456 2380 510 scrutandi
2410 455 2668 521 modum;
2700 462 2976 509 scrutatur
3004 454 3149 509 enim
3183 455 3369 518 corda,
3393 467 3448 514 et
3478 458 3533 513 in
3571 474 3666 515 so-

2102 546 2208 601 lius
2241 544 2452 603 Domini
2484 554 2750 617 potestate
2792 555 2876 601 est
2921 546 3153 601 scrutari
3198 547 3359 603 corda
3390 557 3446 605 et
3485 565 3665 610 rencs.

2102 631 2435 691 Latronibus
2477 635 2568 691 hic
2611 635 2768 704 jussu
2814 634 3061 704 praesidis
3109 635 3278 691 latera
3326 636 3668 711 fodicantur;

2103 728 2174 782 ibi
2205 735 2385 784 autem
2423 743 2530 782 non
2562 727 2722 796 jussu
2760 726 2885 794 Dei,
2936 726 3031 783 sed
3062 727 3132 781 ab
3159 727 3390 797 ipsemet
3438 731 3672 792 Domitio

2103 833 2264 877 renes
2303 827 2358 874 et
2407 818 2570 874 corda
2620 817 3054 889 uniuscujusque
3095 829 3513 892 examinantur;
3567 825 3672 882 nisi

2104 907 2243 965 forte
2271 911 2358 965 hic
2399 909 2577 965 dicam
2607 907 2804 964 Filium
2833 924 2957 965 esse
2982 909 3070 965 cui
3096 911 3430 982 praecipitur,
3456 913 3672 974 Patrem

2106 1015 2236 1057 vero
2260 1001 2353 1071 qui
2401 1001 2675 1072 praecipit,
2700 1000 3043 1073 Verbumque
3062 1017 3183 1060 esse
3219 1009 3364 1074 quod
3400 1018 3680 1066 scrutatur

2110 1107 2273 1148 renes
2318 1099 2370 1147 et
2414 1092 2580 1148 corda
2605 1135 2621 1160 ,
2664 1107 2729 1148 ac
2756 1092 3014 1148 omnibus
3043 1092 3271 1148 tortutis
3313 1096 3680 1171 omnibusque

2108 1182 2390 1240 doloribus
2423 1185 2670 1254 graviora
2702 1198 2824 1240 esse
2855 1192 2985 1252 puto
3020 1193 3292 1243 tormenta
3317 1203 3347 1243 a
3380 1190 3554 1246 Verbo
3585 1207 3677 1247 re-

2109 1288 2210 1329 nes
2237 1286 2291 1329 et
2320 1273 2484 1329 corda
2523 1281 2803 1330 scrutante
2834 1274 3004 1329 illata.
3029 1273 3372 1346 Quapropter
3401 1281 3553 1336 omni
3578 1296 3685 1354 ope

2111 1365 2349 1422 nitamur
2379 1374 2439 1420 ut
2479 1365 2745 1434 ejusmodi
2783 1366 3021 1421 examini
3068 1383 3176 1423 non
3208 1370 3524 1440 tradamur,
3571 1389 3684 1445 quo

2111 1459 2329 1529 quidem
2377 1458 2626 1514 examine
2687 1458 2893 1514 leviora
2957 1460 3081 1516 illos
3129 1461 3384 1518 existimo
3426 1468 3537 1535 pati
3586 1468 3685 1539 qui

2112 1551 2439 1623 evangelicis
2465 1551 2812 1607 exactoribus
2835 1551 3144 1608 traduntur.
3181 1552 3366 1612 Multis
3389 1559 3535 1614 enim
3569 1569 3689 1618 tra-

2114 1644 2349 1708 duntur,
2378 1653 2433 1698 et
2478 1642 2705 1698 fortasse
2748 1643 2997 1715 pluribus
3044 1648 3397 1704 exactoribus
3441 1652 3545 1707 sub
3580 1654 3689 1709 ini-

2110 1730 2244 1785 tium
2268 1772 2286 1797 ,
2318 1747 2442 1786 cum
2486 1734 2715 1788 necdum
2751 1734 2899 1802 digni
2926 1735 3201 1791 evaserint
3241 1738 3335 1808 qui
3377 1740 3471 1795 uni
3504 1741 3685 1800 Verbo

2108 1823 2271 1877 corda
2307 1838 2576 1894 renesque
2611 1825 2879 1880 scrutanti
2911 1825 3216 1884 tradantur.
3247 1827 3409 1886 Dives
3430 1831 3520 1888 ille
3541 1848 3687 1890 non-

2110 1915 2240 1968 dum
2275 1914 2473 1985 dignus
2514 1924 2633 1972 erat
2673 1915 2766 1985 qui
2803 1916 2968 1972 corda
2994 1926 3048 1973 et
3082 1934 3242 1975 renes
3273 1926 3536 1979 scrutanti
3571 1935 3687 1983 tra-

2112 2007 2353 2072 deretur,
2387 2007 2617 2077 ideoque
2664 2022 2696 2062 a
2738 2006 2987 2077 pluribus
3017 2012 3395 2082 torquebatur.
3445 2015 3687 2077 Tandem

2117 2114 2249 2154 vero
2276 2107 2459 2152 utrum
2489 2099 2654 2154 etiam
2682 2099 2788 2155 hoc
2808 2101 3120 2171 experiatur
3151 2118 3342 2172 necne,
3373 2107 3466 2177 qui
3488 2118 3688 2180 potest,

2120 2189 2383 2260 inquirat.
2419 2187 2548 2246 Utut
2569 2201 2673 2258 est,
2701 2207 2824 2262 quae
2876 2209 2976 2250 nos
3006 2203 3252 2263 manent,
3283 2206 3516 2257 tortores
3537 2213 3693 2269 sunt,

2117 2287 2176 2334 et
2205 2289 2478 2337 scrutator
2503 2282 2748 2338 coz-dium
2783 2292 2839 2339 et
2872 2300 3062 2340 renum
3095 2287 3162 2342 de
3187 2290 3423 2359 peccatis
3451 2296 3691 2367 nostris;

2119 2371 2320 2444 quibus
2353 2372 2407 2427 ni
2439 2373 2547 2429 cito
2585 2373 2908 2440 liberemur,
2940 2376 2992 2430 in
3037 2377 3155 2435 istis
3189 2379 3533 2441 haerebimus.
3565 2386 3693 2447 Ideo

2121 2464 2346 2521 excitati
2376 2479 2530 2535 opem
2560 2482 2591 2520 a
2626 2464 2737 2520 Deo
2766 2467 3105 2537 postulemus
3136 2478 3198 2526 ιιι
3231 2471 3283 2527 in
3314 2472 3536 2533 Christo
3560 2476 3692 2535 Jesu

2121 2555 2510 2611 beatitudinem
2532 2571 2956 2628 consequamur,
2984 2561 3073 2616 cui
3105 2572 3186 2619 est
3208 2564 3377 2634 gloria
3414 2566 3467 2622 in
3494 2571 3693 2628 saecula

2120 2647 2466 2704 saeculorum.
2498 2648 2692 2705 Amen.

443 2735 674 2806 νάμενος
714 2735 1036 2802 ἐξεταζέτω.
1067 2737 1214 2811 Πλὴν
1254 2737 1324 2792 τά
1355 2740 1713 2811 περιμένοντα
1750 2736 1825 2810 (6)
1872 2738 2018 2808 ἡμᾶς
2055 2728 2171 2791 ἔστι
2197 2736 2536 2810 βασανισταὶ,
2556 2742 2647 2794 καὶ
2677 2742 2885 2807 ἐτάζων
2922 2743 3020 2808 τὰς
3066 2747 3293 2818 καρδίας
3332 2752 3429 2806 καὶ
3466 2756 3695 2826 νεφροὺς

450 2827 542 2885 ἐπὶ
569 2834 680 2896 τοῖς
703 2832 1093 2906 ἁμαρτήμασιν
1113 2833 1303 2905 ἡμῶνο
1326 2826 1402 2887 ὧν
1441 2832 1846 2909 ἁμτρτημάτων
1885 2833 1935 2886 εἰ
1965 2830 2041 2907 μὴ
2078 2832 2265 2904 τάχιον
2313 2834 2748 2908 ἀπαλλαγῶμεν,
2777 2838 2836 2891 ὲν
2886 2838 3097 2905 τούτοις
3134 2843 3390 2915 ἐσόμεθα.
3437 2849 3526 2902 Διὸ
3566 2852 3699 2906 άνα-

455 2921 679 2987 στάντες
724 2924 824 2996 τὴν
873 2925 981 2979 ἀπὸ
1019 2922 1153 2978 Θεοῦ
1198 2923 1450 2997 βοήθειαν
1489 2927 1834 2996 αἰτήσωμεν,
1882 2923 1969 2978 ἴνα
2030 2924 2089 2979 ἐν
2128 2925 2348 2998 Χριστῷ
2396 2926 2568 2999 Ἰησοῦ
2617 2929 3072 3021 μακαρισῦῶμεν,
3122 2927 3167 3004 ᾧ
3206 2938 3239 3007 ἡ
3275 2935 3403 3004 δόξα
3443 2942 3524 3007 είς
3567 2943 3694 3003 τοὺς

451 3012 652 3078 σίῶνας
678 3014 785 3068 τῶν
812 3014 1028 3071 αἰώνων
1058 3014 1157 3086 (7).
1193 3014 1368 3087 Ἀμήν

925 3107 1090 3178 277
1129 3102 1413 3173 HOMlLlA
1438 3102 1558 3159 xx.

451 3220 529 3275 De
556 3221 786 3291 eoquod
840 3220 1101 3291 scriptum
1143 3231 1264 3276 est:
1315 3219 1588 3286 Quomodo
1621 3220 1925 3290 confractus
1972 3231 2022 3277 et

691 3294 947 3345 contritus
975 3301 1049 3344 est
1078 3291 1298 3345 malleus
1326 3292 1582 3346 universa:
1611 3301 1786 3346 terra.

526 3383 817 3449 Quomodo,
839 3384 917 3438 ait
934 3384 999 3446 ¹⁹,
1024 3382 1329 3453 confractus
1345 3390 1394 3436 et
1414 3384 1673 3439 contritus
1698 3395 1771 3440 est
1799 3382 2025 3438 malleus

453 3475 709 3530 universe
747 3477 946 3529 terra?
981 3475 1243 3545 quomodo
1272 3473 1418 3544 facta
1450 3484 1526 3528 est
1560 3475 1614 3527 in
1653 3476 2025 3529 exterminium

451 3566 738 3637 Babylon!
774 3565 1140 3634 Quaerendum
1187 3566 1330 3622 inter
1362 3567 1479 3622 lucc
1513 3567 1637 3637 quis
1687 3567 1761 3622 sit
1793 3566 2025 3624 malleus

451 3658 720 3714 universae
746 3666 924 3723 terrae,
952 3672 1141 3729 quaeve
1158 3657 1278 3727 ejus
1303 3657 1557 3712 contritio
1581 3675 1595 3712 :
1624 3658 1768 3713 unde
1790 3659 1866 3713 ait
1894 3673 2024 3730 pro-

450 3751 638 3824 pheta,
663 3749 794 3820 quia
828 3757 955 3805 ante
983 3748 1299 3805 confractus
1334 3759 1418 3804 est
1447 3764 1612 3820 quam
1641 3749 1930 3814 contritus,
1965 3760 2026 3807 ut

451 3848 849 3913 congregantes
877 3854 939 3895 ea
972 3855 1095 3911 qua:
1120 3839 1320 3896 alicubi
1342 3839 1409 3896 de
1434 3839 1630 3895 malleo
1650 3839 1850 3910 scripta
1875 3850 2022 3908 sunt,

453 3948 580 3991 cum
615 3933 986 3988 invenerimus
1015 3946 1214 3988 nomen
1257 3930 1400 4001 ejus,
1446 3931 1835 4003 investigemus
1858 3933 2026 3989 etiam

453 4024 692 4081 nominis
714 4024 1050 4080 voluntatem
1083 4039 1147 4079 ex
1184 4022 1270 4079 bis
1296 4038 1419 4097 qua
1441 4021 1719 4080 at'ferimus
1736 4024 2022 4093 exemplis.

454 4115 661 4172 Domus
690 4115 967 4187 quondam
1009 4114 1437 4184 componebatur
1465 4112 1583 4179 Dei,
1607 4110 1762 4183 juxta
1802 4113 2021 4169 tertium

452 4207 766 4275 Regnorum
814 4208 1011 4263 librum
1033 4246 1047 4269 ,
1082 4214 1136 4263 et
1173 4205 1430 4262 Salomon
1472 4214 1589 4260 erat
1624 4214 1946 4262 construens
1971 4215 2025 4262 ct

452 4300 731 4355 aedificante
784 4313 925 4354 eam.
960 4296 1173 4370 Ubique
1211 4295 1369 4368 quasi
1416 4295 1471 4351 in
1526 4294 1686 4351 laude
1722 4294 1926 4352 dicitur
1954 4295 2024 4352 de

451 4388 618 4444 domo
645 4387 762 4456 Dei,
792 4388 920 4459 quia
954 4388 1184 4443 malleus
1205 4395 1256 4442 et
1287 4387 1498 4442 securis
1528 4402 1636 4442 non
1672 4394 1801 4441 sunt
1854 4380 2023 4445 auditi

2050 3115 2094 3173 (ζ
2127 3107 2198 3162 ad
2230 3116 2479 3164 sanctum
2512 3109 2776 3182 Spiritum
2798 3124 2881 3169 est
2907 3113 2973 3170 de
2999 3117 3243 3173 sensibili
3268 3122 3484 3191 malleo,
3511 3141 3699 3198 quaero

2128 3200 2410 3256 materiam
2445 3201 2640 3258 malleo
2680 3202 2985 3271 fortiorem,
3025 3221 3148 3277 quae
3177 3210 3312 3266 nihil
3348 3215 3417 3270 ab
3460 3232 3528 3273 eo
3573 3236 3697 3290 per-

2126 3304 2287 3346 cussa
2322 3292 2581 3362 patiatur.
2608 3293 2783 3363 Quam
2810 3297 3030 3367 quidem
3060 3316 3310 3371 quarens
3343 3310 3517 3378 reperi
3544 3310 3598 3366 in
3630 3328 3697 3369 eo

2127 3382 2273 3451 quod
2299 3384 2560 3455 scriptum
2583 3394 2664 3440 est
2690 3405 2703 3440 :
2740 3385 2872 3442 Ecce
2904 3390 2984 3442 uir
3004 3400 3151 3444 stans
3180 3409 3335 3464 super
3356 3413 3533 3453 muros
3559 3403 3696 3457 ada—

2128 3474 2424 3543 mantinos,
2458 3486 2508 3530 et
2540 3478 2592 3531 in
2628 3495 2790 3534 nianu
2843 3480 2957 3549 ejus
2989 3485 3232 3539 adamas.
3285 3485 3468 3544 Refert
3513 3504 3696 3549 autem

2127 3563 2195 3619 de
2230 3565 2521 3622 adamante
2540 3567 2794 3635 historia,
2819 3572 2945 3640 quia
2970 3569 3164 3629 fortior
3190 3575 3261 3631 sit
3288 3580 3437 3633 omni
3471 3581 3698 3640 caedenti

2128 3667 2188 3710 se
2209 3655 2428 3724 malleo,
2456 3658 2789 3715 incontritus
2810 3668 2863 3714 et
2883 3663 3323 3722 inconvincibilis
3348 3682 3697 3737 permanens.

2127 3742 2280 3802 licet
2306 3760 2469 3818 supra
2506 3755 2613 3803 stet
2640 3749 2871 3804 malleus
2906 3747 3167 3821 Zabulus,
3195 3763 3250 3808 et
3287 3757 3601 3826 suppositus
3630 3763 3697 3817 sit

2125 3835 2311 3902 draco,
2340 3843 2432 3908 qui
2459 3847 2543 3895 est
2574 3840 2734 3910 quasi
2764 3840 2921 3897 incus
2948 3841 3315 3912 indomabilis,
3347 3847 3483 3904 nihil
3513 3857 3697 3909 tamen

2127 3930 2183 3985 in
2216 3946 2378 3985 manu
2407 3928 2522 3997 Dei,
2554 3938 2610 3986 et
2652 3932 2705 3986 in
2753 3944 3047 4003 conspectu
3084 3935 3204 4004 ejus
3229 3938 3535 3999 consistens
3571 3946 3699 4002 ada-

2125 4034 2245 4075 mas
2268 4021 2585 4090 perpetitur.
2612 4019 2730 4076 Duo
2760 4022 2942 4092 itaque
2964 4027 3238 4083 contraria
3267 4034 3396 4084 sunt
3422 4033 3697 4093 adamanti

2127 4111 2216 4167 isti
2255 4111 2485 4167 malleus
2520 4120 2575 4167 et
2604 4113 2762 4168 incus
2797 4114 3248 4184 improducibilis.
3277 4118 3395 4175 Jam
3424 4124 3694 4192 quoddam

2124 4211 2291 4259 estet
2324 4205 2465 4274 apud
2498 4204 2745 4261 nationes
2782 4207 2972 4262 tritum
3003 4208 3146 4281 vulgi
3192 4225 3448 4268 sermone
3481 4229 3700 4283 prover-

2124 4293 2298 4363 bium,
2337 4303 2398 4349 ut
2421 4295 2487 4351 de
2524 4296 2610 4352 bis
2634 4297 2727 4368 qui
2764 4298 3131 4379 anxietatibus
3163 4311 3217 4358 ct
3243 4302 3552 4375 ingentibus
3585 4320 3701 4362 ma-

2126 4381 2195 4438 lis
2224 4393 2571 4454 premuntur,
2595 4385 2801 4453 dicant,
2828 4389 2972 4445 inter
3009 4391 3266 4448 malleum
3296 4402 3425 4449 sunt
3457 4404 3510 4450 et
3544 4396 3700 4452 incu-

452 4481 507 4535 in
540 4480 707 4536 domo
734 4479 829 4537 Dei
846 4480 912 4534 ὀ.
935 4479 1078 4551 Ergo
1106 4480 1381 4548 quomodo
1417 4479 1643 4534 malleus
1669 4494 1777 4535 non
1802 4478 2022 4534 auditur
2052 4478 2098 4534 D
2126 4476 2271 4532 dem.
2293 4474 2376 4530 Tu
2404 4486 2587 4534 autem
2612 4479 2713 4536 hoc
2736 4480 2907 4537 refers
2927 4483 2993 4537 ad
3016 4482 3280 4540 Zabulum
3305 4495 3362 4542 et
3384 4486 3697 4551 draconem,

452 4573 507 4627 in
545 4572 710 4629 domo
760 4572 879 4640 Dei,
913 4573 996 4629 sic
1033 4572 1164 4643 quia
1213 4573 1410 4628 domus
1463 4570 1559 4626 Dei
1611 4570 1857 4629 Ecclesia
1900 4579 2020 4638 est,

451 4663 683 4720 malleus
730 4663 788 4718 in
850 4662 1094 4720 Ecclesia
1146 4678 1256 4719 non
1306 4662 1546 4719 auditur.
1602 4660 1740 4730 Quis
1790 4670 1877 4718 est
1922 4663 2025 4719 iste

449 4755 684 4811 malleus
718 4755 907 4812 volens
935 4763 1201 4826 quantum
1228 4753 1282 4809 in
1316 4769 1376 4811 se
1409 4762 1495 4810 est
1520 4753 1788 4825 impedire
1816 4752 2024 4824 lapides

448 4847 826 4905 cditicationis
879 4847 1104 4918 templi,
1160 4855 1222 4902 ut
1268 4846 1488 4903 contriti
1539 4861 1651 4903 non
1701 4845 2027 4902 conveniant

450 4938 819 4996 fundamentis
840 4938 1002 5010 ejus?
1029 4936 1167 4993 Vide
1199 4935 1332 4994 milii
1381 4937 1647 4995 Zabulum
1690 4937 1737 4992 si
1769 4952 1877 4991 non
1909 4937 2027 5006 ipse

450 5044 537 5091 est
564 5036 793 5092 malleus
816 5035 1088 5091 universa:
1114 5041 1291 5088 terrae.
1316 5031 1430 5104 Ego
1450 5040 1631 5087 autem
1656 5030 2025 5103 pronuntiabo

450 5131 765 5198 cenlidens,
807 5146 931 5188 esse
975 5130 1210 5201 aliquem
1238 5128 1332 5199 qui
1367 5142 1475 5183 non
1519 5140 1845 5196 magnopere
1872 5132 2027 5179 curet

450 5223 522 5280 de
566 5224 766 5280 malleo
813 5222 1082 5278 universa:
1129 5228 1305 5276 terrae.
1328 5217 1395 5276 Et
1424 5219 1685 5290 quoniam
1712 5216 2022 5287 exemplum

525 5337 571 5371 ¹⁹
589 5336 792 5394 Jerem.
817 5355 873 5405 ι,
894 5339 986 5394 25.
1075 5339 1122 5371 “
1154 5336 1218 5393 lll
1248 5337 1382 5408 Reg.
1407 5352 1485 5401 vr,
1512 5336 1563 5388 7.

552 5452 601 5519 l)
639 5453 736 5505 Ἐν
764 5451 846 5517 τῷ
863 5452 1000 5518 βίῳ.
1034 5452 1091 5505 1η
1126 5452 1312 5507 codice
1341 5449 1671 5506 Scorialensi
1707 5448 1859 5505 deest
1889 5450 1965 5506 ὲν.

546 5522 603 5596 ᾖ
620 5521 821 5596 Codex
843 5522 1154 5587 Vaticanus,
1176 5523 1288 5585 τοῖς
1321 5520 1690 5593 δικαστηρίοις
1722 5520 2024 5596 ὲτάζουσιν,

455 5591 507 5645 οἱ
527 5590 585 5644 δὲ
616 5590 916 5655 ὲτάζονται.

529 5661 606 5729 (Ξὶ
647 5660 813 5728 Idem,
838 5660 1044 5728 ἔξεστιν
1075 5661 1305 5726 ὲτάζειν.

2128 4567 2223 4638 qui
2266 4569 2577 4626 istiusmodi
2613 4586 2831 4647 semper
2876 4573 2932 4628 in
2965 4573 3264 4645 Scripturis
3313 4592 3414 4647 pro
3439 4579 3699 4636 varietate

2130 4674 2423 4717 causarum
2467 4643 2783 4718 nominibus
2840 4643 3250 4733 insigniuntur;
3295 4643 3351 4721 et
3388 4667 3528 4725 dicis
3569 4671 3697 4742 quia

2132 4760 2376 4809 sanctus.
2396 4753 2489 4822 qui
2516 4754 2673 4824 quasi
2697 4769 2890 4808 murus
2916 4754 3320 4825 adamantinos,
3342 4759 3427 4815 vel
3452 4760 3504 4816 in
3533 4778 3696 4819 manu

2131 4841 2350 4899 Domini
2383 4845 2610 4900 adamas
2643 4853 2758 4910 est,
2810 4858 2919 4899 non
2953 4853 3109 4900 curet
3160 4861 3336 4919 neque
3381 4852 3448 4907 de
3479 4855 3698 4922 malleo,

2133 4949 2311 5006 neque
2345 4935 2414 4991 de
2462 4935 2691 5002 incude,
2739 4935 2833 4990 sed
2883 4944 3088 5006 quanto
3130 4938 3254 5008 plus
3294 4956 3471 4998 caesus
3506 4944 3699 5009 fuerit,

2130 5037 2285 5083 tanto
2330 5028 2454 5098 plus
2499 5026 2621 5099 ejus
2647 5027 2904 5081 virtutem
2958 5028 3355 5098 splendescere.
3390 5034 3558 5090 Aiunt
3605 5049 3702 5092 eos
3743 5011 3749 5019 Ι

2131 5121 2223 5191 qtti
2258 5118 2671 5174 mercimonium
2704 5117 2945 5188 lapidum
2969 5132 3244 5186 exercent,
3276 5139 3401 5178 cum
3434 5126 3702 5180 voluerint

2129 5213 2361 5285 probare
2404 5213 2748 5268 adamantem
2767 5253 2782 5281 ,
2809 5211 3123 5283 ignorantes
3142 5224 3327 5270 utrum
3352 5214 3427 5271 sit
3455 5214 3708 5303 adamas,

2205 5444 2284 5527 (ἑ)
2323 5444 2490 5527 iter".
2525 5444 2714 5527 ἐξάξει.

2207 5513 2286 5583 (5⁷)
2326 5515 2509 5569 Codex
2543 5513 2926 5579 Scorialensis,
2958 5513 3051 5567 ἐπὶ
3083 5513 3367 5572 πλειόνων.

2209 5588 2285 5660 (6)
2324 5585 2930 5660 l_dcm,__1za.p_c_tuevowa.

2210 5653 2288 5731 (7)
2331 5656 2386 5709 In
2416 5653 2893 5711 codice'Vaticano
2918 5653 3073 5710 deest
3097 5653 3211 5710 τῶν
3247 5654 3482 5713 αἰώνων.
