4218 6292
464 345 583 401 ‘527

1932 328 2273 392 οῑιισΕΝιε

3634 325 3746 381 523

480 471 664 514 annon
693 461 782 526 sit,
819 456 1060 527 quandiu
1103 455 1352 512 malleum
1380 465 1434 511 et
1468 454 1719 512 incudem
1760 469 1869 510 non
1910 455 2062 509 inve—
2091 457 2139 513 Α
2165 454 2289 510 coeli
2344 453 2621 510 malleum.
2672 449 2867 522 Neque
2919 449 3067 504 enim
3108 445 3358 502 tenuiori
3424 442 3749 500 substantiae

480 555 694 624 nerint;
746 564 879 609 ttmc
930 560 1111 607 autem
1162 551 1478 621 persuaderi
1535 567 1659 608 esse
1708 549 2057 606 verissimum

481 648 852 712 adamantem,
881 644 927 699 si
958 643 1256 700 indomitus
1280 643 1441 714 lapis,
1466 644 1513 699 si
1555 645 1696 699 inter
1728 643 1978 699 incudem
2007 649 2062 696 et

482 740 737 795 malleum
769 745 1105 806 perseverat,
1139 734 1185 790 si
1210 735 1550 805 percutiente
1574 735 1809 805 desuper
1842 733 2059 800 malleo,

479 840 536 886 et
569 828 764 885 incude
808 827 1094 898 supposita
1147 827 1340 883 durior
1380 828 1621 898 lapidum
1668 837 1866 884 natura
1911 843 2064 883 com-

479 923 671 995 pingit.
706 919 856 977 Talis
888 919 972 975 vir
1012 927 1133 975 est;
1180 931 1310 976 ante
1358 920 1696 976 tentationes
1738 921 1809 975 ab
1844 919 1930 975 his
1968 917 2063 988 qui

474 1016 714 1087 probare
764 1011 975 1084 lapides
1032 1012 1330 1079 nesciunt,
1389 1011 1695 1084 ignoratur.
1747 1010 2066 1067 Cet-tissime

478 1114 663 1161 autem
686 1103 841 1158 novit
866 1102 1347 1157 adamantinorum
1373 1102 1613 1173 lapidum
1638 1110 1890 1158 naturam
1913 1102 2066 1157 solus
2118 1096 2121 1099 ’

395 1196 407 1207 '
480 1196 628 1252 Deus
674 1192 926 1265 plurimis
972 1190 1301 1264 ignoratam.
1340 1190 1455 1261 Ego
1502 1190 1619 1262 ipse
1662 1190 1842 1246 adhuc
1881 1190 2067 1245 nescio

392 1273 399 1282 ’
485 1297 704 1355 utrum,
759 1286 1015 1342 veniente
1059 1283 1260 1339 malleo
1302 1291 1357 1339 et
1396 1283 1735 1354 percutientc
1776 1296 1900 1348 me,
1937 1297 2069 1337 con-

483 1381 695 1453 fringar
708 1389 762 1436 et
782 1388 1061 1445 conterar,
1080 1377 1366 1434 convictus
1387 1378 1515 1448 quia
1540 1392 1650 1433 non
1672 1392 1794 1433 sum
1815 1376 2067 1443 adamas;

482 1489 554 1528 an
576 1470 724 1528 certe
748 1485 913 1527 verus
934 1469 1160 1524 adamas
1186 1468 1445 1524 ostendar
1469 1467 1515 1523 si
1539 1466 1925 1538 ingruentibus
1950 1481 2072 1537 per-

485 1562 887 1627 secutionibus,
911 1558 1191 1632 periculis,
1218 1556 1635 1622 tentationibus,
1668 1564 1778 1610 tam
1806 1555 2072 1611 contritus

486 1656 647 1712 fuero
688 1654 757 1708 ad
801 1654 947 1708 ictus
982 1649 1161 1705 mallei
1206 1664 1372 1720 quam
1418 1648 1707 1719 probatus.
1738 1645 1806 1702 Et
1854 1655 1912 1702 tu
1959 1645 2075 1715 ipse

486 1746 1105 1820 percurre’Sci-ipturas,
1133 1753 1186 1798 et
1225 1755 1410 1813 quaere
1441 1741 1486 1796 si
1537 1739 1681 1810 quod
1724 1747 1881 1809 potes
1924 1738 2074 1793 inve-

2164 546 2423 602 convenit
2450 544 2705 608 malleus,
2730 543 2825 598 sed
2857 540 3137 598 crassiori.
3155 539 3213 594 Si
3233 547 3423 610 portas
3449 536 3748 608 imaginem

2164 639 2390 705 terreni,
2439 638 2670 693 malleus
2698 645 2773 703 te,
2820 636 2949 705 quia
2977 643 3228 689 terrenus
3261 647 3343 699 es,
3380 630 3653 701 percutit;
3698 630 3751 687 si

2162 746 2380 801 peccas,
2417 739 2473 785 et
2503 739 2648 785 terra
2691 743 2780 796 es,
2829 735 2885 782 et
2933 727 2989 781 in
3017 735 3220 780 terram
3268 723 3409 789 ibis,
3451 721 3754 792 experieris

2165 823 2423 878 malleum
2458 822 2729 877 universae
2765 830 2926 875 terrae
2952 826 3007 873 et
3039 817 3092 872 in
3125 825 3183 872 te
3209 822 3549 886 operantem.
3584 812 3754 869 Juxta

2166 915 2319 970 illum
2360 914 2693 970 intellectum
2715 953 2731 978 ,
2766 911 2898 966 illud
2946 924 3169 981 quoque
3207 905 3750 963 animadvertendum

2165 1016 2269 1073 est,
2294 1007 2563 1062 universa:
2599 1015 2757 1060 terra:
2781 1004 3062 1068 malleum,
3081 1000 3211 1072 quia
3241 999 3531 1054 adversum
3557 1007 3754 1053 cuncta

2169 1107 2383 1152 terrena
2430 1095 2733 1166 potentiam
2779 1109 2936 1152 suam
2972 1097 3259 1158 exerceat,
3295 1088 3563 1159 Zabulum
3594 1101 3755 1154 esse;

2168 1203 2329 1259 posse
2355 1196 2540 1242 autem
2567 1187 2733 1242 etiam
2776 1185 3046 1240 minorem
3080 1181 3342 1237 malleum
3375 1178 3626 1249 intelligi,
3658 1178 3756 1248 qui

2168 1293 2278 1334 non
2315 1278 2589 1333 universae
2630 1286 2789 1333 terra:
2820 1275 2894 1332 sit
2933 1274 3195 1339 malleus,
3231 1271 3325 1328 sed
3368 1270 3536 1337 illius,
3574 1279 3633 1325 ut
3677 1271 3757 1325 ita

2169 1370 2371 1437 dicam,
2400 1378 2455 1425 et
2486 1368 2635 1424 illius
2662 1368 2835 1440 partis
2869 1375 3048 1422 terrae.
3075 1364 3143 1420 Et
3175 1365 3224 1421 si
3252 1362 3474 1434 quidem
3510 1376 3618 1415 una
3656 1361 3760 1414 ali-

2171 1478 2278 1533 qua
2310 1461 2587 1518 contraria
2620 1460 2884 1516 fortitudo
2913 1459 3050 1514 mihi
3077 1466 3367 1528 repugnat,
3402 1462 3458 1510 et
3489 1453 3758 1510 collucta—

2174 1566 2264 1613 tur
2299 1571 2537 1623 mecum,
2566 1571 2678 1611 non
2700 1554 2889 1610 valens
2919 1568 3044 1609 cum
3071 1551 3346 1608 universis
3385 1549 3552 1604 simul
3581 1547 3761 1602 homi-

2174 1650 2335 1706 nibus
2358 1646 2612 1719 congredi
2642 1655 2702 1702 ut
2727 1645 2991 1712 Zabulus,
3016 1654 3146 1700 tunc
3162 1651 3247 1699 est
3277 1642 3496 1713 quidem
3528 1640 3763 1694 malleus

2178 1743 2230 1795 in
2267 1756 2374 1807 me,
2402 1739 2496 1796 sed
2528 1753 2638 1794 non
2681 1739 2953 1794 universae
2976 1743 3137 1791 terra:
3170 1734 3422 1799 malleus,
3459 1745 3672 1795 verum,
3701 1739 3763 1785 ut

488 1842 611 1896 nire
662 1838 953 1910 vestigium
1004 1837 1142 1891 bene
1169 1851 1200 1890 a
1263 1833 1373 1889 Deo
1423 1832 1691 1904 promitti,
1731 1842 1793 1886 ut
1842 1831 2071 1886 malleus
2108 1804 2149 1862 Β
2178 1835 2255 1889 ita
2287 1804 2502 1898 dicam,
2541 1846 2678 1887 mete
2728 1840 2938 1885 tantum
2988 1828 3217 1883 malleus
3249 1838 3425 1881 terrae.
3458 1823 3762 1879 Confracto

487 1930 845 2002 percutienda
892 1927 1180 1999 percutiat.
1225 1923 1386 1980 Verbi
1420 1923 1593 1993 gratia
1637 1922 1843 1978 dictum
1872 1922 1961 1977 sit.
1990 1920 2070 1975 Ad

488 2022 903 2092 intelligentiam
917 2020 1064 2075 enim
1082 2016 1466 2074 obseuriorum
1485 2020 1782 2070 sumuntur
1798 2012 2069 2082 exempla.

477 2115 561 2170 Si
582 2113 812 2169 malleus
834 2126 942 2166 non
962 2119 1127 2176 esset,
1150 2123 1257 2163 non
1284 2109 1572 2165 essettuba
1591 2106 1934 2179 productilis,
1951 2118 2074 2175 quae

468 2234 643 2305 q’u‘xta
670 2232 840 2302 legem
874 2229 939 2285 ad
965 2228 1339 2285 solcnmitates
1376 2225 1473 2282 Dei
1510 2226 1771 2291 excutiat,
1813 2239 1936 2295 qua:
1974 2239 2074 2279 au.

487 2324 757 2381 dientium
779 2322 993 2378 animos
1026 2321 1283 2391 clangore
1318 2334 1422 2375 suo
1465 2316 1711 2375 accendit
1731 2316 1799 2371 ad
1844 2313 2070 2371 bellum.

485 2412 848 2471 Necessarias
892 2420 977 2468 est
1030 2407 1260 2466 malleus
1308 2418 1366 2465 ut
1408 2410 1537 2464 tuba
1587 2405 1914 2480 productilis
1956 2406 2070 2460 ﬁat.

487 2508 664 2564 Multa
712 2513 1038 2576 cooperatus
1085 2512 1169 2558 est
1203 2503 1307 2559 iste
1343 2502 1576 2557 malleus
1614 2500 1759 2557 tubae
1782 2496 2073 2571 produCtili

494 2600 687 2670 Paulo,
710 2607 779 2656 ut
808 2613 1067 2669 eumzper
1104 2597 1257 2652 varia
1288 2603 1620 2651 tentamenta
1666 2592 1994 2665 produceret
2022 2600 2075 2646 et

492 2693 843 2766 approbaret,
877 2690 1008 2761 quia
1037 2687 1241 2767 illmsus
1269 2696 1455 2759 posset
1488 2686 1707 2751 excudi,
1737 2685 2077 2756 figuramque

497 2800 777 2844 assumere
807 2783 951 2839 tubae
987 2781 1348 2851 magnisonae,
1371 2794 1479 2832 non
1515 2779 1777 2833 incertam
1810 2776 1948 2832 dans
1975 2790 2077 2831 vo-

496 2891 614 2936 cem
640 2879 693 2933 in
717 2874 1022 2939 audientes,
1042 2880 1103 2928 ut
1129 2877 1503 2942 prmparentur
1525 2868 1594 2923 ad
1622 2867 1833 2922 militiae
1853 2866 2076 2922 bellum.

497 2972 565 3028 Et
595 2969 855 3042 quoniam
899 2964 1131 3020 malleus
1166 2961 1443 3017 invenitur
1481 2958 1756 3015 contraria
1794 2957 2078 3024 fortitudo,

498 3074 554 3121 et
588 3065 756 3120 draco
799 3062 958 3117 incus
991 3053 1347 3130 producibilis
1369 3094 1384 3120 ,
1426 3051 1736 3109 istiusmodi
1772 3066 1988 3121 semper
2024 3049 2081 3104 in

2179 1934 2360 1980 autem
2391 1933 2447 1979 et
2484 1924 2721 1979 contrito
2757 1922 2957 1978 malleo
2993 1921 3262 1975 universae
3296 1927 3476 1983 terra},
3503 1916 3633 1987 quid
3662 1930 3762 1971 ne-

2180 2031 2333 2074 cesse
2364 2025 2447 2072 est
2490 2014 2745 2070 arbitrari
2789 2014 2858 2069 de
2906 2013 3104 2068 malleo
3150 2011 3389 2081 partium
3434 2009 3630 2065 terra)?
3675 2008 3765 2062 Si-

2180 2109 2405 2177 mulque
2455 2105 2716 2162 existimo
2761 2105 3126 2160 admiratione
3179 2102 3446 2173 dignum,
3499 2099 3759 2171 quoniam

2181 2199 2453 2256 universze
2478 2206 2637 2252 terrae
2663 2197 2893 2253 malleus
2918 2198 2990 2252 sit
3035 2195 3427 2252 comminutos.
3446 2193 3588 2260 Quid
3615 2194 3761 2247 enim

2182 2308 2438 2364 magnum
2492 2292 2540 2348 si
2591 2290 2801 2347 fractus
2837 2290 3067 2355 fuisset,
3109 2297 3165 2343 et
3216 2288 3489 2342 contritus
3533 2285 3766 2340 malleus

2181 2385 2420 2456 partium
2473 2384 2667 2440 terrae?
2720 2381 2825 2438 Sed
2873 2396 3001 2437 vere
3031 2394 3178 2435 nunc
3227 2378 3611 2434 admirandum
3656 2385 3763 2442 est,

2181 2480 2310 2549 quia
2339 2476 2610 2533 universae
2639 2484 2797 2532 terrae
2826 2475 3058 2531 malleus
3085 2471 3399 2530 confractus
3418 2479 3596 2539 atque
3621 2483 3763 2524 con-

2184 2570 2345 2624 tritus
2372 2576 2477 2624 est.
2556 2593 2565 2603 -

2246 2663 2309 2716 ﬂ.
2341 2660 2476 2716 Post
2516 2661 2634 2716 haec
2680 2673 2866 2730 quaero
2922 2658 3048 2729 quis
3103 2657 3174 2713 sit
3221 2655 3324 2711 iste
3355 2654 3450 2725 qui
3496 2653 3765 2708 universa:

2188 2762 2346 2808 terrae
2368 2751 2625 2806 malleum
2648 2749 3000 2820 confregerit,
3031 2758 3086 2804 et
3113 2745 3463 2811 conti-iverit;
3503 2751 3557 2799 et
3583 2744 3766 2798 dicam

2187 2844 2412 2918 Moysen
2440 2859 2556 2900 non
2614 2842 2862 2914 potuisse
2896 2840 3242 2910 confringere
3283 2846 3449 2908 atque
3488 2844 3770 2892 conterere

2188 2938 2447 2994 malleum
2473 2936 2747 2993 universae
2768 2944 2948 3001 terrze,
2976 2949 3152 3004 neque
3172 2939 3301 2987 ante
3325 2945 3449 2986 eum
3469 2928 3767 2993 Abraham,

2189 3046 2370 3102 neque
2401 3038 2535 3101 post
2558 3044 2683 3084 eum
2726 3027 2912 3084 Jesum
2960 3024 3128 3094 Nave,
3166 3038 3344 3095 neque
3390 3023 3771 3090 aliumquem—

496 3156 802 3228 Seripturis
835 3153 1053 3217 malleo,
1083 3149 1168 3204 vel
1191 3162 1519 3220 quacunque
1545 3146 1653 3201 alia
1676 3146 1902 3200 materia
1927 3158 2081 3199 como

2190 3139 2355 3195 quam
2400 3124 2819 3194 prophetarum.
2849 3119 2985 3188 Quis
3033 3133 3164 3190 ergo
3197 3116 3377 3188 potuit
3412 3115 3598 3181 talem,
3642 3122 3770 3170 tan-

498 3247 739 3318 positum
774 3259 974 3299 nomen
1009 3254 1323 3303 assumens,
1373 3235 1591 3292 instabo
1627 3248 1902 3290 sermone.
1949 3230 2084 3287 Cain

500 3336 776 3407 generavit
810 3334 971 3400 lilios,
1017 3339 1072 3386 et
1102 3331 1169 3385 de
1201 3328 1338 3383 Cain
1378 3336 1535 3382 ortus
1563 3332 1647 3380 est
1692 3323 1847 3379 faber
1879 3320 2005 3377 aeris
2033 3329 2088 3376 et

505 3428 637 3485 ferri
658 3429 724 3479 ¹¹.
762 3425 904 3496 Ergo
932 3431 988 3478 ut
1028 3422 1269 3478 Zabulus
1309 3418 1402 3489 qui
1433 3418 1680 3474 omnium
1727 3415 2088 3472 tentationum

503 3527 758 3592 operator
814 3524 930 3584 est,
979 3514 1210 3570 malleus
1252 3513 1487 3576 dicitur,
1519 3512 1593 3565 ita
1647 3508 1744 3580 qui
1788 3508 2086 3572 ministrat,

505 3610 791 3668 malleator
827 3615 918 3665 est
961 3606 1107 3662 ﬁlius
1155 3604 1311 3660 Cain.
1367 3602 1816 3671 Quotiescunque
1852 3599 1999 3656 enim
2030 3600 2086 3654 in

507 3703 862 3761 tentationem
890 3697 1172 3764 incideris,
1191 3697 1332 3752 scito
1364 3694 1622 3749 malleum
1641 3693 1917 3749 diabolum
1942 3707 2087 3758 esse,

482 3806 565 3853 ct
594 3796 965 3852 malleatorem
1000 3807 1133 3847 eum
1150 3804 1247 3861 per
1275 3802 1439 3857 quem
1482 3793 1532 3840 te.
1570 3783 1811 3839 Zabulus
1847 3782 2091 3851 insequi-

485 3900 623 3946 «tur.
646 3886 807 3943 Velut
832 3887 885 3940 in
912 3882 1219 3956 proditione
1242 3876 1542 3933 Salvatoris
1565 3871 2089 3941 malleus'Zabulus,

511 3980 797 4039 malleator
842 3976 1013 4032 Judas
1049 3972 1173 4028 fuit.
1200 3970 1267 4025 Et
1287 3969 1444 4025 multi
1482 3975 1640 4024 erant
1670 3966 2011 4022 malleatores
2035 3965 2091 4020 in

509 4083 758 4143 tempore
797 4069 891 4124 illo
921 4083 1030 4138 quo
1057 4064 1319 4121 Dominus
1348 4076 1544 4133 passus
1564 4067 1668 4125 est,
1695 4059 2088 4115 clamantes":

512 4166 659 4224 Tolle
683 4162 747 4218 de
776 4171 920 4217 terra
945 4158 1126 4224 talem,
1152 4156 1420 4227 cruciﬁge,
1447 4153 1696 4224 cruciﬁgc
1728 4168 1869 4207 eum.
1895 4149 2093 4205 Omnia

507 4255 922 4317 mallz-atoribus
938 4253 1098 4325 plena
1125 4244 1729 4318 sunt.Qnotquotenim
1761 4243 1816 4299 in
1844 4249 1969 4299 actu
1991 4258 2094 4301 suo

510 4349 779 4406 Zabulum
807 4344 1113 4415 suscipiunt
1134 4351 1188 4396 et
1218 4339 1534 4394 ministrant
1563 4338 1615 4392 ei
1642 4336 1710 4392 ad
1751 4335 2093 4407 probandum

505 4445 716 4516 justum
742 4480 758 4507 ,
809 4445 864 4493 et
906 4436 1174 4506 injustam
1220 4429 1664 4502 coarguendum,
1706 4442 1898 4484 omnes
1928 4426 2097 4497 278

2192 3225 2418 3287 tumque
2449 3214 2668 3282 virum,
2716 3221 2770 3269 et
2820 3213 3088 3267 universa:
3128 3219 3289 3265 terra:
3339 3208 3594 3263 malleum
3639 3220 3772 3261 con-

2188 3309 2427 3378 fringere
2449 3315 2504 3362 et
2535 3306 2856 3362 conterere?
2879 3304 3017 3372 Quis
3043 3310 3127 3358 est
3158 3300 3294 3357 iste?
3329 3298 3494 3355 Jesus
3518 3298 3774 3354 Christus

2190 3401 2462 3473 confregit
2486 3409 2657 3474 atque
2690 3397 2952 3455 contrivit
2976 3395 3247 3452 malleum
3289 3393 3557 3448 universa:
3590 3400 3769 3447 terrae.

2189 3493 2257 3550 Et
2288 3494 2394 3549 hoc
2416 3509 2565 3549 nunc
2587 3492 2867 3548 admirans
2900 3490 2955 3545 in
2993 3488 3200 3558 Spiritu
3231 3494 3423 3542 sancto
3457 3484 3771 3555 prophetes,

2193 3587 2306 3641 ait:
2342 3585 2619 3652 Quomodo
2668 3585 2976 3655 confractus
3023 3592 3072 3636 et
3125 3581 3383 3634 contritus
3424 3586 3505 3632 est
3544 3575 3773 3631 malleus

2194 3679 2453 3734 universa:
2485 3686 2640 3733 terrae
2663 3679 2689 3733 .9
2731 3675 2917 3731 Primo
2938 3672 3285 3738 confractus,
3310 3678 3366 3728 et
3393 3670 3663 3727 contritus
3692 3676 3778 3725 est

2193 3771 2410 3827 deinde.
2468 3768 2535 3825 Et
2585 3767 2845 3839 quoniam
2894 3766 3072 3837 reperi
3112 3765 3461 3820 Salvatorem
3508 3777 3629 3818 esse
3678 3761 3775 3831 qui

2198 3861 2528 3934 confregerit
2563 3860 2823 3916 malleum
2859 3858 3130 3913 universae
3154 3865 3335 3921 terrae,
3369 3864 3424 3911 et
3458 3853 3777 3910 contriverit

2198 3970 2348 4018 eum,
2397 3954 2614 4010 veniam
2661 3951 2731 4007 ad
2775 3949 3151 4022 Evangelium,
3179 3958 3241 4004 ut
3284 3948 3497 4002 videam
3543 3945 3777 4015 primam

2200 4046 2577 4114 tentationem,
2624 4044 2843 4115 quando
2874 4042 3011 4098 dixit
3040 4043 3092 4098 ei
3122 4040 3366 4097 Zabulus
3385 4039 3432 4071 ’³
3459 4057 3472 4094 :
3518 4035 3637 4091 ista
3662 4052 3782 4090 om-

2195 4136 2288 4191 nia
2305 4134 2400 4190 tibi
2421 4134 2626 4207 dabo,si
2640 4135 2916 4206 precidem
2943 4134 3249 4189 adoraueris
3266 4148 3370 4196 nte,
3386 4139 3439 4185 et
3456 4128 3699 4198 reliqua;
3725 4134 3780 4181 et

2195 4231 2375 4287 dicam
2413 4230 2541 4301 quia
2581 4228 2637 4284 in
2668 4228 2761 4284 illo
2806 4236 3054 4299 tempore
3095 4240 3206 4281 non
3256 4222 3577 4281 contriverit
3616 4219 3780 4275 Jesus

2196 4324 2456 4379 malleum
2517 4322 2786 4377 universae
2838 4330 3038 4385 terrae,
3097 4318 3195 4375 sed
3247 4325 3461 4372 tantum
3513 4311 3783 4381 confregit

2198 4416 2516 4475 eum.'Cum
2552 4429 2681 4469 vero
2720 4413 2948 4469 recessit
2976 4412 3046 4467 ab
3079 4426 3147 4466 eo
3202 4422 3374 4479 usque
3423 4406 3491 4462 ad
3543 4414 3782 4475 tempus,

510 4498 862 4590 inalleatores
903 4535 1055 4583 sunt.
1091 4523 1300 4579 Idcirco
1334 4524 1381 4578 si
1406 4522 1526 4578 heri
1552 4518 1835 4577 malleator
1865 4536 2010 4585 etas,
2036 4529 2081 4575 el

2197 4518 2251 4565 et
2281 4520 2527 4577 tempore
2551 4515 2737 4576 postea
2769 4505 2918 4560 venit
2947 4505 3206 4567 instante,
3234 4510 3365 4556 tunc
3387 4498 3659 4555 contuitus
3678 4507 3781 4560 est,

513 4625 569 4679 iu
592 4638 756 4678 manu
791 4617 1049 4675 malleum
1085 4612 1440 4682 continebas,
1464 4627 1610 4668 nunc
1652 4611 1871 4667 discens
1894 4610 2026 4681 quia
2059 4627 2090 4666 a

420 4778 427 4789 ,τ
512 4713 649 4769 Cain
687 4708 973 4768 fratricida
1013 4707 1268 4764 oriuntur
1310 4703 1676 4771 malleatores,
1717 4702 1922 4786 projiee
1950 4703 2091 4757 mal-

417 4784 427 4819 "
516 4807 660 4860 leum
701 4803 769 4857 de
806 4818 974 4856 manu
1005 4810 1120 4864 tua,
1154 4807 1209 4854 et
1246 4796 1576 4867 transmigra
1600 4795 1669 4850 ad
1715 4784 2090 4849 malleatorum

514 4910 639 4968 quae
665 4892 925 4965 spiritalis
951 4900 1034 4948 est
1054 4890 1487 4961 generationem,
1518 4888 1659 4943 sicut
1681 4885 1850 4954 Enos,
1879 4895 1934 4943 et
1967 4886 2095 4942 reli-

513 5000 750 5062 quorum
817 4984 912 5054 qui
995 4982 1402 5052 Scripturarum
1461 4981 1716 5037 laudibus
1772 4980 2092 5036 efferuntur.

518 5080 910 5138 Verumtamen
958 5075 1084 5131 finis
1136 5073 1438 5131 confraCtio
1481 5083 1565 5129 est
1612 5084 1776 5145 atque
1810 5075 2092 5130 contritio.

516 5170 909 5229 lit-sciendum
939 5168 1158 5240 quidem
1180 5207 1196 5235 ,
1246 5167 1510 5238 quoniam
1543 5167 1899 5237 prophetatus
1951 5182 2097 5222 nunc

514 5264 747 5319 malleus
798 5259 1040 5315 Zabulus
1085 5258 1178 5326 sit,
1210 5258 1442 5313 malleus
1486 5273 1595 5313 non
1619 5258 1814 5328 ~partis
1862 5258 2096 5329 alicujus

517 5363 696 5420 terrae,
726 5353 821 5409 sed
872 5352 1143 5407 universae
1176 5360 1369 5415 terrae,
1402 5364 1503 5420 pro
1558 5365 1624 5405 co
1655 5348 1800 5419 quod
1844 5348 1899 5405 in
1948 5348 2098 5404 onmi

516 5455 661 5503 terra
706 5445 911 5501 malitia
959 5444 1081 5514 ejus
1119 5442 1366 5512 dispersa
1401 5443 1492 5508 sit,
1540 5451 1595 5496 et
1621 5441 1823 5511 ubique
1869 5440 2100 5496 malleus

513 5541 620 5597 iste
653 5539 857 5594 malum
898 5544 1174 5607 operatur.
1204 5532 1299 5589 Est
1341 5542 1523 5588 autem
1566 5533 1731 5588 etiam
1775 5532 2098 5587 hoc-dicen~

517 5632 673 5697 dum,
707 5630 975 5686 Zabulum
1009 5628 1284 5682 universa:
1312 5634 1475 5681 terra:
1496 5626 1764 5681 .mallcum
1810 5639 1952 5691 esse,
1990 5640 2098 5678 non

588 5787 637 5820 “
660 5787 798 5842 Gen.
826 5799 899 5838 tv.
976 5784 1022 5815 ²¹
1054 5780 1210 5838 Joan.
1245 5799 1359 5849 xu,
1388 5782 1474 5836 l5.

2203 4615 2313 4654 non
2362 4598 2541 4654 solum
2599 4595 2915 4652 confractus
2959 4603 3021 4649 ut
3070 4593 3347 4664 primum,
3386 4589 3615 4644 malleus
3660 4587 3785 4642 uui-

2200 4687 2687 4746 versze'terrze.'Et
2734 4686 2864 4758 quia
2893 4685 3164 4743 contritus
3196 4691 3282 4739 est
3309 4682 3401 4753 qui
3438 4680 3614 4735 fuerat
3657 4688 3785 4732 ante

2203 4780 2519 4839 confractus
2570 4779 2801 4835 malleus
2853 4780 3121 4834 universae
3160 4785 3370 4841 terrm,
3432 4773 3638 4829 ideirco
3688 4783 3788 4841 per

2205 4889 2651 4944 unumquemque
2683 4880 2931 4928 nostrum
2970 4869 3338 4941 eonfringitur
3362 4866 3583 4938 quidem
3607 4862 3788 4935 quan-

2203 4968 2274 5023 do
2322 4965 2724 5020 iutroducimur
2764 4963 2822 5017 in
2870 4960 3207 5027 Ecelesiam,
3251 4968 3305 5015 et
3352 4956 3668 5029 proﬁcimus
3718 4954 3789 5008 ad

2206 5061 2404 5128 fidem;
2442 5058 2749 5114 conterit-ur
2799 5065 2982 5127 autem
3020 5064 3077 5109 et
3119 5051 3537 5117 comminuitur,
3566 5045 3788 5118 quando

2205 5155 2272 5210 ad
2329 5150 2634 5224 profectum
2688 5147 2964 5204 venimus.
3014 5145 3172 5213 Quod
3220 5146 3264 5199 si
3317 5143 3532 5199 dubites
3581 5138 3788 5196 conteri

2206 5247 2472 5302 Zabulum
2500 5244 2586 5298 ad
2651 5240 2955 5312 profectum
3030 5236 3373 5292 venientibus
3419 5234 3614 5296 nobis,
3661 5229 3789 5285 audi

2204 5335 2531 5413 Apostolum
2610 5335 2992 5392 benedictione
3065 5330 3300 5401 quadam
3378 5326 3791 5382 benedicentem

2203 5437 2413 5506 justum
2465 5440 2628 5501 atque
2696 5428 2967 5483 dicentem
2991 5424 3079 5478 ’δε
3128 5421 3268 5476 Deus
3334 5428 3507 5473 autem
3555 5424 3790 5471 conterat

2207 5528 2471 5584 Satanam
2528 5521 2624 5577 sub
2681 5519 2901 5591 poribus
2951 5516 3137 5571 reatris
3204 5512 3469 5567 vtdociter.
3521 5506 3795 5567 Animalis

2207 5629 2293 5675 est
2343 5620 2445 5673 iste
2496 5614 2763 5677 malleus,
2818 5609 3055 5666 fortasse
3123 5621 3271 5662 nunc
3328 5602 3459 5660 furit
3498 5602 3792 5657 adversum

1536 5784 1596 5814 ’³
1634 5781 1825 5837 Matth.
1857 5797 1928 5851 tv,
1957 5781 2010 5838 9.
2069 5782 2134 5857 ﬁ“
2156 5780 2311 5837 Rom.
2344 5793 2455 5847 ιιι-ι,
2483 5774 2577 5830 20.
