4218 6292
401 386 509 446 ὗῖθ

1587 393 1656 452 IN
1692 387 2062 452 JEREMIAM‘
2086 386 2366 446 HOMILIA
2405 388 2522 444 XX.

3560 384 3665 444 530

396 520 541 574 nos,
601 515 655 562 et
700 506 934 579 quarit',
985 509 1117 581 quia
1169 510 1272 568 ista
1335 511 1404 570 de
1453 530 1523 572 eo
1573 516 1866 588 pandimus
1917 511 2427 584 etABabylon,et'
2451 524 2561 564 non
2592 505 2892 577 cognoscit.
2928 502 3166 577 Babylon
3192 503 3393 575 quippe
3418 502 3520 573 legi
3553 517 3662 556 non

400 600 697 655 conteritur
726 619 758 658 a
786 603 947 661 nobis
989 603 1205 677 (neque
1245 608 1391 664 enim
1440 609 1807 684 confrhigi-tur
1859 618 1980 665 tan-

401 699 537 759 tum,
567 698 625 746 et
648 708 759 748 non
783 694 949 751 etiam
971 701 1276 758 conteritur
1309 717 1406 772 per
1439 704 1599 775 nos),
1632 703 1981 773 confringere

398 798 499 842 nos
518 785 833 842 ccontrario
866 797 922 843 et
939 798 1245 848 conterere.
1279 790 1347 847 Et
1377 795 1581 852 multos
1601 795 1823 867 quidem
1849 809 1980 850 eon-

393 877 560 944 trivit,
597 893 698 935 eos
733 878 831 951 qui
870 896 980 937 non
1008 883 1297 940 attendunt
1329 883 1459 953 sibi,
1496 902 1675 958 neque
1728 885 1978 946 custodia

388 978 749 1026 servaverunt
800 984 897 1026 cor
924 986 1109 1028 suum.
1140 969 1344 1030 Verum
1397 991 1501 1033 nos
1545 977 1882 1034 conﬁdentes
1922 977 1977 1031 in

388 1054 539 1127 Deo,
585 1060 874 1118 credentes
926 1062 983 1118 in
1032 1064 1316 1122 Christum
1344 1064 1476 1134 Dei,
1524 1084 1635 1124 non
1686 1070 1979 1125 timeamus

386 1148 680 1208 labulum.
706 1152 901 1211 Timor
932 1154 1029 1212 Dei
1062 1155 1196 1213 facit
1228 1174 1331 1215 nos
1366 1174 1477 1215 non
1513 1160 1768 1216 timentes
1796 1159 1978 1216 Zabu-

387 1243 525 1311 lum,
575 1245 826 1315 nihilque
871 1248 941 1303 ab
994 1263 1061 1305 eo
1105 1251 1347 1322 perpeti,
1393 1253 1487 1308 sed
1532 1262 1586 1309 et
1632 1253 1814 1309 dicere
1857 1267 1968 1308 non

388 1342 603 1390 tantum
628 1338 978 1406 generaliter,
1005 1356 1195 1397 verum
1219 1343 1288 1398 de
1313 1342 1476 1399 nobis
1505 1343 1667 1414 ipsis:
1693 1343 1967 1411 Quomodo

382 1424 691 1493 confractus
723 1435 800 1482 est
830 1437 883 1483 et
921 1431 1187 1487 contritus
1230 1432 1452 1488 malleus
1492 1436 1750 1490 universa:
1773 1444 1928 1490 terra:
1949 1437 1975 1490 .’

390 1508 491 1567 Illo
521 1525 702 1569 autem
745 1516 1031 1575 confracto
1061 1528 1117 1575 et
1145 1521 1485 1579 comminuto
1504 1565 1521 1591 ,
1551 1523 1791 1597 Babylon
1822 1525 1883 1580 lit
1916 1525 1971 1580 in

387 1608 816 1677 exterminium;
858 1625 960 1668 nec
991 1611 1147 1684 prius
1183 1613 1528 1671 confusionis
1570 1616 1766 1674 civitas
1807 1616 1973 1673 dissi-

386 1706 571 1766 patur,
600 1715 766 1770 quam
811 1703 1045 1761 malleus
1089 1705 1362 1762 universa
1397 1715 1555 1764 terra
1591 1707 1972 1781 confringatur

386 1797 443 1844 et
461 1798 795 1848 conteratur.
812 1792 969 1852 Unde
989 1805 1042 1852 et
1058 1796 1383 1855 mirabiliter
1410 1809 1464 1855 et
1483 1801 1747 1872 praclaro
1773 1801 1970 1858 ordine

384 1883 648 1953 propheta
675 1900 811 1944 usus
854 1896 939 1945 est
965 1888 1193 1945 dicens:
1235 1865 1512 1956 Quomodo
1544 1894 1848 1964 confractus
1883 1900 1962 1949 est
1999 1865 2044 1922 Β

383 1982 435 2027 et
461 1977 725 2032 contritus
749 1978 970 2034 malleus
998 1982 1256 2035 universa
1281 1992 1438 2038 terra:
1460 1986 1486 2039 2
1516 1982 1794 2049 Quomodo
1819 1985 1967 2055 facta

384 2075 462 2120 est
502 2068 560 2121 in
594 2071 971 2124 exterminium
1009 2070 1301 2142 Babylon?
1342 2073 1500 2140 Quod
1541 2076 1718 2144 primo
1760 2073 1964 2131 factum

382 2168 488 2224 est,
518 2161 753 2228 primum
785 2162 1093 2229 enarravit;
1137 2165 1284 2234 quod
1326 2166 1590 2231 secundo,
1624 2182 1969 2237 consequen-

383 2261 472 2304 ter
499 2252 775 2331 exposuit.
806 2251 875 2307 Et
907 2254 1014 2309 hoc
1065 2264 1280 2326 oportet
1309 2273 1406 2327 per
1443 2259 1690 2330 singulos
1720 2258 1969 2331 Scriptu-

382 2352 575 2393 rarum
629 2327 923 2398 observare
968 2359 1272 2402 sermones.
1314 2345 1546 2414 Quando
1596 2350 1781 2420 itaque
1819 2349 1966 2406 litin

380 2429 773 2489 exterminium
796 2430 1081 2504 Babylon?
1104 2434 1335 2502 Quando
1373 2440 1808 2496 exterminantur
1847 2457 1968 2497 om-

383 2534 483 2577 nes
515 2519 869 2579 confusiones
890 2524 960 2581 de
986 2527 1169 2582 anima
1203 2543 1356 2593 mea,
1397 2545 1576 2602 neque
1607 2532 1836 2591 ulterius
1878 2550 1967 2591 me

381 2610 669 2667 confundit
698 2629 848 2670 mors
884 2615 1001 2684 lilii,
1033 2626 1130 2673 aut
1171 2619 1396 2687 uxoris;
1425 2636 1551 2676 cum
1590 2638 1700 2677 non
1740 2635 1824 2679 est
1870 2625 1964 2695 qui

380 2716 470 2757 me
510 2703 685 2759 irritet
726 2713 782 2760 et
821 2718 1082 2776 provocet
1124 2710 1192 2766 ad
1232 2710 1546 2778 tristitiam,
1597 2715 1662 2770 ad
1703 2714 1863 2781 iram,
1894 2717 1963 2773 ad

380 2795 913 2865 concupiscentiam,
960 2799 1030 2855 ad
1080 2801 1445 2874 voluptatem,
1499 2804 1721 2874 quando
1765 2820 1963 2862 maneo

380 2883 724 2955 inconfusus,
771 2880 1063 2948 assumens
1101 2895 1370 2951 rationem
1394 2911 1517 2966 qua
1547 2911 1636 2952 me
1674 2896 1964 2954 conﬁrmet

376 2983 429 3030 et
448 2977 687 3048 roboret,
717 2988 847 3037 tunc
868 2983 999 3038 mihi
1024 2984 1221 3041 accidit
1242 2988 1386 3057 quod
1410 2987 1616 3043 dictum
1640 2996 1756 3045 est:
1791 2987 1962 3044 Facta

377 3075 455 3120 est
488 3069 547 3121 in
575 3072 954 3127 exterminium
974 3072 1237 3144 Babylon,
1268 3076 1375 3132 hoc
1407 3087 1493 3134 est
1533 3078 1792 3134 universa
1827 3092 1961 3135 con-

378 3158 544 3218 fusio.
569 3161 734 3220 Fiunt
763 3173 944 3221 autem
982 3167 1109 3233 ista,
1134 3168 1188 3225 id
1214 3177 1319 3236 est,
1352 3171 1645 3245 confringi,
1673 3184 1728 3230 et
1750 3175 1958 3231 conteri
1985 3196 2031 3255 (ς

376 3254 632 3310 malleum
662 3258 844 3313 omnis
872 3264 1048 3324 terra,
1082 3268 1137 3315 et
1162 3259 1415 3317 demoliri
1446 3262 1800 3336 Babylonem,
1833 3282 1958 3323 cum

377 3356 566 3417 gentes
591 3358 1041 3419 superponuntur
1063 3350 1281 3420 malleo,
1301 3361 1356 3407 et
1380 3353 1662 3426 Babyloni.
1684 3354 1957 3427 Scriptum

375 3444 461 3491 est
492 3437 637 3492 enim
667 3457 681 3493 :
730 3438 791 3494 In
816 3440 1057 3511 gentibus
1097 3453 1514 3513 superponentur
1553 3447 1672 3516 tibi,
1707 3448 1813 3505 hoc
1852 3459 1956 3517 est,

375 3523 413 3580 ii
436 3528 531 3597 qui
559 3529 627 3585 de
658 3531 912 3601 gentibus
942 3540 1072 3587 sunt
1113 3544 1547 3604 superponentur
1565 3537 1684 3601 tibi,
1718 3554 1751 3593 ο
1782 3537 1956 3613 Baby-

374 3618 491 3684 lon,
521 3630 963 3691 superponentur
1002 3623 1121 3691 tibi,
1157 3640 1192 3680 ο
1222 3626 1437 3692 malleo,
1472 3636 1533 3683 ut
1567 3629 1954 3701 confringaris,

373 3719 430 3766 et
467 3713 792 3770 conteraris.
834 3713 1064 3781 Quando
1093 3717 1197 3774 ista
1240 3717 1384 3775 facta
1418 3722 1587 3777 sunt?
1622 3720 1679 3777 In
1720 3725 1956 3782 adventu

373 3802 594 3859 Domini
620 3804 727 3858 mei
769 3802 899 3861 Jesu
933 3806 1161 3873 Christi,
1188 3824 1315 3865 cum
1348 3808 1703 3883 Evangelium
1744 3818 1957 3876 cunctis

374 3893 630 3964 gentibus
684 3895 1037 3964 pradicatum
1084 3899 1250 3970 279
1295 3911 1414 3970 est,
1453 3912 1584 3961 tunc
1627 3911 1954 3978 superpositi

375 3995 505 4042 sunt
527 3987 692 4043 Pater
733 3996 789 4044 et
817 3987 991 4044 Filius
1030 4001 1084 4045 et
1112 3989 1350 4060 Spiritus
1391 4005 1618 4052 sanctus
1667 3999 1952 4073 Babyloni,

371 4085 429 4132 et
476 4077 677 4133 malleo
726 4079 995 4136 universa
1029 4090 1226 4149 terra,
1267 4092 1322 4138 et
1372 4083 1655 4155 impletum
1703 4098 1788 4144 est
1851 4092 1955 4149 hoc

370 4171 521 4242 quod
568 4173 833 4244 scriptum
867 4182 952 4231 est
983 4176 1080 4231 ηε
1132 4175 1200 4231 1η
1252 4179 1490 4250 gentibus
1540 4196 1956 4254 superponentur

374 4262 493 4327 tibi,
516 4272 567 4317 et
612 4264 857 4334 capieris,
893 4265 1155 4337 Babylon,
1194 4277 1244 4322 et
1272 4286 1377 4325 non
1418 4276 1704 4342 cognoscis.
1733 4274 1951 4333 Utinam

373 4361 664 4424 caperetur
716 4353 956 4427 Babylon
1005 4366 1060 4413 et
1108 4374 1207 4429 per
1256 4360 1506 4432 singulos
1552 4373 1824 4422 nostrum.
1872 4366 1951 4424 Ex

372 4445 742 4503 anterioribus
773 4457 953 4504 autem
991 4460 1170 4521 potest
1203 4452 1429 4524 intelligi
1458 4456 1744 4525 captivitas
1778 4457 1952 4532 Baby-

2080 603 2601 674 subjicitur;eneque
2634 599 2780 655 enim
2810 604 2989 668 potest
3017 611 3128 652 non
3172 595 3389 651 iuventa
3419 594 3663 665 Babylon

2082 692 2476 765 comprehensa
2502 705 2660 756 esse;
2695 689 2790 743 sed
2826 687 2897 743 ob
2918 686 2971 741 id
3004 685 3399 757 comprehensa
3426 693 3510 741 est
3535 699 3663 741 cum

2079 783 2296 840 inventa
2326 790 2430 850 est,
2455 781 2586 853 quia
2619 778 2851 834 Domino
2877 776 3101 833 restitit.

2148 875 2202 930 5.
2235 875 2437 931 Deinde
2462 873 2747 930 exordium
2777 869 3000 926 alterius
3027 867 3271 939 capituli.
3306 866 3525 938 Aperuit
3558 864 3664 921 Do-

2081 967 2256 1020 minus
2293 966 2601 1021 thesaurum
2651 979 2828 1028 suum,
2876 972 2925 1016 et
2976 960 3200 1032 protulit
3231 974 3361 1014 vasa
3398 959 3496 1013 ira:
3524 973 3660 1024 sua,

2077 1060 2204 1131 quia
2235 1076 2363 1131 opus
2407 1057 2636 1113 Domino
2676 1055 2932 1111 virtutum
2982 1054 3040 1109 in
3085 1062 3227 1108 terra
3261 1052 3658 1109 Chaldaeorum.

2080 1151 2348 1218 Quoniam
2397 1158 2646 1206 venerunt
2695 1158 2931 1219 tempora
2970 1148 3085 1219 ejus
3129 1147 3336 1214 aperire
3379 1146 3659 1216 apothecas

2076 1243 2212 1313 ejus,
2240 1243 2559 1298 scrutamini
2584 1258 2699 1296 eam
2726 1241 2884 1312 quasi
2913 1239 3240 1310 speluncam,
3279 1247 3330 1294 et
3375 1237 3661 1309 disperdite

2076 1350 2192 1388 eam
2237 1351 2301 1390 ne
2330 1335 2437 1388 sint
2478 1334 2592 1403 ejus
2620 1316 2894 1403 'reliquiaz.
2925 1330 3210 1385 Exsiccate
3244 1346 3422 1385 omnes
3454 1330 3658 1401 fructus

2073 1426 2209 1496 ejus,
2240 1433 2291 1480 et
2337 1424 2617 1480 descendat
2655 1425 2709 1480 in
2757 1424 3091 1479 occisionem.
3148 1419 3240 1476 Va:
3285 1423 3360 1476 eis
3406 1421 3659 1493 quoniam

2073 1519 2211 1572 venit
2240 1517 2352 1571 dies
2400 1533 2605 1584 eorum,
2639 1526 2840 1587 tempus
2873 1514 3123 1571 vindicta
3151 1529 3334 1568 eorum
3357 1513 3425 1567 ³⁷.
3457 1511 3658 1569 Volens

2074 1608 2374 1679 intelligere
2400 1609 2503 1664 hoc
2528 1608 2675 1679 quod
2703 1607 2909 1664 dictum
2939 1615 3063 1662 est:
3096 1605 3318 1676 Aperuit
3350 1604 3659 1683 thesaurum

2074 1718 2249 1766 suum,
2274 1710 2323 1756 et
2352 1702 2578 1773 protulit
2609 1717 2736 1756 vasa
2764 1702 2863 1756 ira:
2886 1716 3018 1768 sua,
3048 1713 3238 1770 quaro
3266 1696 3332 1754 de
3364 1697 3470 1753 alia
3503 1695 3655 1752 Scri-

2074 1802 2234 1863 ptura
2265 1808 2390 1849 vasa
2428 1794 2524 1849 ira
2564 1792 2696 1861 Dei,
2739 1800 2794 1848 et
2822 1792 3040 1848 invenio
3072 1791 3140 1847 ad
3177 1789 3474 1861 pleniorem
3501 1804 3651 1845 com-

2071 1883 2408 1955 parationem
2459 1883 2617 1940 istius
2670 1880 2967 1953 Scriptura
3004 1879 3343 1952 Scripturam
3391 1880 3656 1949 apostoliw

2070 1987 2213 2038 cam,
2246 1971 2430 2044 ibique
2475 1971 2698 2027 invenio
2738 1970 3060 2042 Apostolum
3096 1970 3232 2025 mihi
3273 1970 3653 2041 subjicientcm

2069 2079 2192 2135 qua
2219 2063 2333 2118 sint
2360 2079 2490 2119 vasa
2518 2063 2612 2118 ira
2640 2061 2758 2118 Dei.
2793 2061 2887 2117 Ait
2918 2061 3064 2118 enim
3087 2062 3134 2095 "
3154 2078 3167 2114 :
3191 2059 3252 2117 Si
3277 2070 3454 2116 autem
3476 2063 3653 2118 uolens

2070 2153 2215 2209 Deus
2251 2155 2525 2210 ostendere
2552 2154 2691 2208 iram
2736 2170 2909 2223 suam,
2960 2163 3009 2208 et
3057 2163 3236 2208 notam
3266 2154 3440 2224 facere
3469 2162 3655 2229 poten-

2071 2247 2203 2300 tiam
2254 2263 2440 2315 suam,
2490 2247 2711 2317 pertulit
2756 2247 2809 2301 in
2862 2246 3033 2302 multa
3080 2248 3339 2318 patientia
3382 2264 3508 2303 vasa
3558 2248 3655 2302 ira:

2068 2347 2375 2408 praeparata
2430 2338 2499 2393 ad
2555 2338 2933 2409 perditionem,
2972 2348 3029 2393 ut
3084 2340 3378 2395 ostenderet
3437 2338 3656 2394 divitias

2067 2430 2254 2502 gloria:
2286 2445 2397 2484 sua
2431 2431 2486 2484 in
2527 2446 2653 2484 vasa
2692 2430 3070 2485 misericordia:
3098 2447 3215 2505 qua:
3250 2435 3575 2504 praeparavit
3598 2432 3653 2486 in

2067 2520 2316 2592 gloriam,
2346 2537 2476 2592 quos
2519 2530 2570 2576 et
2611 2522 2810 2577 vocavit
2858 2537 2963 2576 non
3007 2522 3177 2576 solum
3207 2538 3272 2583 ea:
3304 2521 3536 2591 Judais,
3570 2540 3656 2579 υεο

2069 2628 2189 2665 rum
2218 2613 2380 2666 etiam
2430 2628 2496 2666 ea:
2536 2612 2798 2682 gentibus.
2838 2613 3172 2672 Generaliter
3203 2613 3499 2686 Apostolus
3533 2632 3655 2671 om~

2066 2719 2165 2759 nes
2199 2703 2451 2759 homines
2480 2704 2667 2760 divisit
2700 2703 2978 2771 bifariam,
3015 2707 3203 2763 dicens
3230 2708 3498 2783 quosdam
3530 2722 3654 2765 esse

2065 2808 2197 2850 vasa
2222 2793 2635 2861 misericordia,
2661 2795 2928 2867 quosdam
2957 2812 3089 2858 vasa
3119 2798 3232 2857 ira.
3260 2796 3422 2855 Verbi
3452 2800 3650 2872 gratia,

2064 2884 2408 2943 Pharaonem
2436 2896 2492 2942 et
2524 2886 2817 2960 Egyptios
2849 2904 2982 2950 vasa
3019 2889 3142 2958 ira;
3182 2906 3377 2950 rursus
3418 2893 3511 2964 qui
3539 2894 3652 2963 pri-

2063 2992 2189 3033 mus
2233 2976 2669 3034 misericordiam
2722 2989 3192 3049 consecutusest,
3227 2991 3282 3038 et
3326 2998 3423 3040 eos
3468 2985 3563 3062 qui
3590 2984 3646 3043 in

2065 3076 2311 3140 tempore
2344 3068 2413 3125 de
2446 3066 2651 3126 Judais
2697 3079 2752 3126 et
2796 3072 3048 3143 gentibus
3094 3074 3478 3143 crediderunt,
3514 3092 3649 3134 vasa

2064 3159 2458 3216 misericordia
2502 3163 2856 3233 nuncupavit.
2910 3162 3052 3220 Sunt
3094 3180 3224 3238 ergo
3271 3166 3325 3221 in
3384 3168 3648 3225 thesauro

2064 3251 2161 3307 Dei
2188 3267 2320 3309 vasa
2346 3253 2461 3310 ira.
2502 3252 2778 3325 Scriptum
2807 3262 2891 3311 est
2912 3257 3056 3311 enim
3085 3276 3098 3313 :
3130 3256 3353 3327 Aperuit
3397 3256 3657 3315 Dominus

2066 3345 2373 3400 thesaurum
2409 3362 2588 3413 suum,
2618 3357 2668 3402 et
2699 3349 2923 3419 protulit
2952 3366 3080 3405 vasa
3118 3351 3215 3411 ira.
3243 3368 3373 3408 sua.
3407 3350 3539 3419 Quis
3566 3362 3649 3409 cst

2064 3437 2167 3493 iste
2210 3439 2504 3496 thesaurus
2541 3440 2757 3496 Domini
2792 3441 2847 3496 in
2889 3457 3000 3512 quo
3044 3458 3174 3499 vasa
3224 3443 3320 3500 irae
3361 3446 3649 3501 inveniun.

2065 3530 2436 3602 tur‘lAliquis
2491 3530 2679 3588 forsan
2727 3545 2967 3605 quaret,
3028 3546 3211 3596 utrum
3267 3538 3322 3592 in
3389 3538 3647 3592 thesauro

2063 3621 2283 3677 Domini
2309 3631 2521 3679 tantum
2548 3640 2681 3680 vasa
2711 3626 2806 3682 ira
2833 3627 2962 3693 sint,
3003 3640 3073 3684 et,
3103 3628 3397 3687 thesaurus
3427 3627 3523 3684 Dei
3550 3631 3645 3698 qui

2062 3723 2148 3771 est
2180 3714 2473 3773 thesaurus
2504 3718 2775 3784 omnium,
2801 3734 2909 3775 non
2938 3720 3137 3779 habeat
3165 3736 3297 3776 vasa
3331 3720 3647 3776 misericor-

2061 3806 2199 3875 dia;
2247 3822 2317 3862 an
2364 3809 2515 3864 aliud
2555 3810 2686 3880 quid
2724 3811 2952 3882 intelligi
3000 3820 3252 3881 oporteat
3291 3811 3359 3867 de
3386 3812 3645 3869 thesauro

2061 3894 2192 3963 Dei,
2244 3898 2388 3953 unde
2438 3898 2735 3955 ellerantur
2785 3915 2916 3955 vasa
2962 3901 3059 3956 ira
3103 3901 3256 3972 ejus?
3303 3899 3641 3959 Thesaurum

2063 3985 2278 4042 Domini
2320 4004 2424 4058 ego
2466 3990 2748 4044 conlidens
2788 3989 2968 4045 dicam
3012 4005 3136 4046 esse
3169 3992 3467 4050 Ecclesiam
3498 3994 3641 4065 ejus,

2060 4083 2115 4131 et
2143 4077 2199 4131 in
2239 4078 2344 4133 isto
2387 4079 2649 4133 thesauro
2672 4121 2687 4144 ,
2723 4079 2776 4133 id
2806 4088 2910 4147 est,
2952 4079 3195 4138 Ecclesia
3227 4100 3369 4154 sape
3392 4084 3643 4142 homines

2060 4168 2278 4223 latitare
2323 4168 2417 4239 qui
2471 4177 2602 4224 sunt
2638 4184 2770 4225 vasa
2820 4171 2936 4227 ira.
2984 4170 3177 4228 Veniet
3219 4173 3386 4247 igitur
3428 4182 3643 4247 tempus

2060 4259 2282 4330 quando
2345 4260 2554 4332 aperiat
2609 4260 2876 4319 Dominus
2940 4265 3258 4321 thesaurum
3318 4265 3575 4324 Ecclesia
3623 4289 3639 4326 :

2058 4366 2207 4408 nunc
2253 4352 2401 4408 enim
2435 4352 2621 4409 clausa
2668 4362 2756 4409 est
2802 4354 3068 4427 Ecclesia,
3103 4366 3158 4414 et
3202 4375 3331 4416 vasa
3380 4360 3475 4416 ira
3513 4377 3638 4417 cum

2061 4442 2210 4500 vasis
2243 4442 2633 4499 misericordia
2675 4444 3004 4517 inhabitant,
3036 4458 3091 4505 et
3139 4452 3308 4522 palea
3354 4467 3482 4509 cum
3521 4451 3641 4509 fru-

371 4535 536 4603 ionis,
577 4537 799 4608 quando
845 4548 1004 4609 capta
1051 4541 1360 4610 suffoditur,
1398 4545 1754 4617 subvertitur,
1799 4551 1954 4608 deso-

2066 4544 2247 4591 mento
2271 4545 2418 4603 sunt,
2449 4544 2514 4591 ets
2536 4537 2716 4606 pisces
2742 4540 3005 4609 perdendi
3039 4556 3104 4597 ac
3140 4543 3488 4613 projiciendi,
3513 4560 3637 4604 cum

373 4624 551 4691 latur,
601 4634 663 4682 ut
709 4626 845 4681 nihil
902 4627 956 4682 in
1014 4630 1174 4686 nobis
1205 4634 1443 4690 resideat
1490 4636 1851 4698 confusionis.
1886 4642 1955 4697 Et

370 4718 623 4787 capieris,
666 4719 927 4792 Babylon,
957 4731 1007 4777 et
1051 4741 1152 4779 non
1196 4728 1499 4797 cognoscis;
1536 4731 1744 4787 inventa
1784 4750 1860 4801 es,
1904 4744 1955 4790 et

370 4812 766 4881 comprehensa,
792 4816 917 4885 quia
954 4816 1183 4870 Domino
1222 4820 1548 4878 reslitisti“.
1588 4821 1806 4895 Ergone
1837 4828 1958 4882 sola-

369 4898 613 4974 Babylon
643 4901 876 4961 Domino
900 4907 1119 4972 restitit,
1149 4917 1202 4962 et
1235 4925 1345 4965 non
1377 4913 1559 4981 potius
1593 4930 1786 4974 omnes
1818 4936 1951 4989 gen-

369 5001 486 5059 tes,
521 4994 677 5064 dum,
707 4996 968 5053 Creatorc
1003 4997 1240 5068 deserto,
1287 5002 1429 5058 idola
1461 5016 1730 5064 venerata
1779 5021 1936 5078 sunt,

368 5083 605 5143 Domino
655 5089 1009 5145 restiterunt?
1051 5090 1134 5146 An
1196 5093 1494 5164 ﬁguraliter
1548 5092 1684 5155 dicit
1728 5116 1943 5157 omnem

369 5181 613 5236 animam
645 5183 982 5239 contrariam
1016 5182 1319 5241 Jerusalem
1348 5188 1544 5245 visioni
1574 5194 1745 5263 pacis,
1768 5194 1948 5269 Baby~

369 5273 552 5328 Ionem
583 5275 741 5330 esse?
762 5273 918 5331 Unde
936 5285 989 5331 et
1016 5277 1190 5332 sancti
1216 5277 1269 5332 in
1288 5277 1611 5348 Jerusalem,
1636 5296 1947 5354 peccatores

370 5364 429 5421 in
474 5364 755 5438 Babylone
791 5377 967 5424 erant.
1008 5367 1074 5423 Et
1118 5370 1163 5425 si
1191 5370 1490 5440 peccabant
1532 5373 1945 5450 Jerosolymita,

372 5459 729 5516 mittebantur
774 5463 829 5517 in
861 5461 1227 5534 Babylonem,
1269 5472 1323 5519 et
1369 5464 1450 5521 sic
1494 5473 1951 5532 convertebantur

371 5551 440 5606 ad
486 5555 862 5624 panitentiam
911 5556 965 5610 in
1004 5554 1277 5627 Babylone
1322 5559 1707 5618 consistentes.
1764 5563 1949 5623 Sancti

372 5647 1000 5717 vero-regrediebantur
1046 5649 1102 5703 in
1152 5647 1478 5707 Jerusalem.
1533 5652 1760 5724 Capitur
1816 5673 1951 5733 ergo

2061 4628 2222 4685 bonis
2244 4628 2492 4701 piscibus
2529 4630 2622 4700 qui
2656 4629 2710 4684 in
2746 4633 2882 4688 retia
2905 4633 3236 4700 inciderunt,
3266 4636 3636 4695 continentur.

2061 4719 2235 4787 Quam
2264 4736 2387 4777 cum
2420 4720 2696 4790 aperuerit
2735 4721 2928 4792 judicii
2968 4731 3234 4793 tempore,
3267 4733 3320 4782 et
3348 4728 3640 4798 protulerit

2059 4812 2258 4869 exinde.
2294 4827 2422 4869 vasa
2459 4814 2554 4869 ira
2585 4829 2730 4879 sua,
2758 4814 2903 4871 dicet
2934 4814 3164 4873 forsitan
3210 4818 3258 4876 is
3289 4820 3383 4891 qui
3423 4832 3507 4879 est
3534 4841 3633 4881 vas

2057 4905 2470 4975 misericordia,
2518 4905 2585 4962 de
2627 4906 3033 4978 egredientibus
3074 4910 3219 4968 vasis
3262 4912 3359 4968 ira
3401 4930 3515 4970 sua
3541 4919 3586 4947 ’ν
3619 4932 3632 4967 :

2062 4996 2325 5053 Exierunt
2355 5015 2420 5053 ea:
2448 4999 2618 5066 nobis,
2649 5015 2750 5054 non
2777 5000 2917 5054 enim
2942 5010 3092 5056 erant
3114 5017 3183 5057 ea:
3206 5004 3376 5061 nobis.
3406 5004 3466 5059 Si
3496 5006 3637 5072 enim

2060 5094 2284 5165 fuissent
2337 5110 2402 5150 ea:
2452 5094 2624 5161 nobis,
2659 5096 3069 5165 permansissent
3122 5100 3301 5169 utique
3341 5099 3632 5155 nobiscum.

2062 5186 2166 5244 Sed
2194 5188 2312 5243 ideo
2347 5188 2540 5259 egressi
2571 5196 2694 5242 sunt
2727 5204 2760 5241 a
2788 5188 2971 5252 nobis,
3015 5198 3073 5244 ut
3120 5196 3481 5245 ostenderetur
3508 5193 3634 5263 quia

2057 5299 2156 5336 non
2205 5290 2357 5337 erant
2399 5298 2577 5337 omnes
2606 5298 2670 5337 ea:
2701 5282 2870 5339 nobis.
2910 5285 2968 5339 In
3008 5284 3160 5339 aliud
3191 5285 3448 5356 quiddam
3482 5288 3632 5358 cupit

2054 5390 2240 5432 sermo
2286 5390 2674 5446 prorumpere;
2712 5377 2859 5446 quod
2905 5386 3086 5433 autem
3134 5378 3399 5435 audemus
3428 5380 3630 5445 dicere,

2051 5466 2363 5523 istiusmodi
2386 5476 2490 5525 est.
2523 5466 2582 5521 l‘n
2608 5468 2861 5524 thesauro
2885 5468 2981 5525 Dei
3004 5469 3255 5526 vasa-ira
3282 5482 3445 5539 sunt;
3478 5481 3632 5530 extra

2048 5559 2371 5615 thesaurum
2405 5573 2535 5613 vasa
2572 5561 2853 5629 peccantia
2902 5576 3012 5618 non
3052 5569 3182 5618 sunt
3227 5578 3358 5620 vasa
3388 5565 3505 5635 ira,
3536 5568 3632 5626 sed

2050 5652 2200 5716 vasis
2224 5649 2556 5706 iraminora
2586 5658 2733 5708 sunt.
2770 5650 2937 5710 Servi
2968 5652 3127 5709 enim
3151 5663 3280 5712 sunt
3316 5647 3632 5732 ignorantes

442 5826 481 5855 ν
511 5825 718 5885 ιθτοωι
739 5843 790 5896 ι,
813 5828 901 5884 25.
983 5829 1028 5861 "
1053 5827 1183 5884 ibid.
1260 5831 1304 5866 ’τ
1321 5830 1524 5889 Jerem.
1551 5848 1603 5902 ι,
1626 5833 1716 5904 25,
1742 5837 1837 5908 26,
1856 5840 1944 5901 Ἡ.

2066 5838 2256 5896 ιιὶοηι.
2281 5835 2473 5903 mea,
2506 5837 2605 5906 2:5,,
2627 5834 2718 5891 Ἡ.
2796 5836 3063 5895 "1.10am
3098 5851 3161 5901 ιι.
3187 5837 3275 5896 19.
