4218 6292
549 425 645 481 531

2030 418 2354 477 OlllGENIS

3713 421 3852 481 ὅδὲ

549 542 883 598 voluntatem
929 538 1125 593 domini
1159 538 1265 604 sui,
1287 546 1342 592 ct
1366 554 1474 592 nun
1509 537 1767 594 facientes
1796 539 2125 594 Voluntatem
2157 541 2205 600 Α
2231 538 2438 593 dictum
2469 545 2572 592 est.
2617 537 2706 591 Ait
2731 543 2912 592 autem
2943 535 3046 606 ipsi
3095 534 3348 590 Salvator
3375 555 3387 590 :
3419 535 3524 602 Qui
3549 536 3712 608 juxta
3745 554 3846 592 me

550 633 694 704 ejus.
735 631 837 698 Qui
871 641 1054 686 autem
1098 629 1399 702 ingreditur
1435 628 1754 696 Ecclesiam,
1788 641 1881 687 aut
1902 647 2000 688 vas
2032 633 2129 686 ira:

552 736 647 780 aut
674 740 768 780 vas
807 721 1216 778 misericordiae.
1249 721 1352 788 Qui
1381 732 1532 777 extra
1564 723 1859 779 Ecclesium
1889 733 1994 787 est,
2038 739 2131 777 ne-

549 833 658 888 que
691 831 787 870 vas
831 815 1224 870 misericordiae
1266 823 1372 878 est,
1414 829 1591 885 neque
1621 815 1736 870 irae.
1771 815 1931 870 Aliud
1957 815 2130 885 quod-

545 911 670 963 dam
703 922 905 964 nomen
951 907 1196 977 inquiro,
1239 908 1335 976 qui
1364 916 1516 962 extra
1551 906 1850 963 Ecclesiam
1883 923 2128 963 commo-

543 1009 734 1068 ratur;
767 1007 822 1054 ct
851 1000 1126 1070 quomodo
1148 1001 1384 1056 decerno
1407 999 1686 1056 conlidens
1719 1016 1827 1054 non
1855 1015 1975 1055 esse
2001 1016 2128 1054 eum

541 1107 642 1148 vas
667 1090 1081 1157 misericordias,
1112 1093 1192 1147 sic
1214 1091 1524 1147 eeontrario
1550 1107 1616 1146 ex
1648 1091 1876 1147 rationis
1902 1091 2130 1146 veritate

543 1181 917 1238 communitus
963 1192 1149 1253 aperte
1194 1198 1390 1253 promo
1437 1183 1786 1250 sententiam,
1826 1197 2004 1252 neque
2030 1196 2129 1237 vas

541 1275 639 1330 ira:
664 1290 828 1345 posse
863 1291 988 1329 eum
1021 1273 1151 1342 dici,
1181 1275 1277 1331 sed
1320 1291 1415 1331 vas
1455 1275 1510 1330 in
1558 1276 1706 1331 aliud
1749 1275 2007 1346 quiddam
2038 1291 2128 1331 re-

539 1375 842 1423 servatum.
889 1365 1105 1438 Ergone
1135 1377 1328 1438 potero
1372 1367 1441 1423 de
1479 1366 1779 1439 Scripturis
1823 1368 2129 1438 approbare

539 1473 643 1513 nec
675 1457 1070 1513 misericordiae
1097 1473 1221 1512 eum
1261 1472 1384 1513 esse
1415 1473 1532 1525 vas,
1565 1474 1667 1514 nec
1698 1459 1830 1524 irae;
1861 1466 1922 1513 ut
1951 1467 2007 1513 et
2043 1474 2130 1514 se-

539 1550 720 1608 cunda
745 1550 1020 1621 expositio
1051 1549 1258 1620 aliquid
1282 1551 1443 1607 nobis
1471 1552 1603 1606 utile
1638 1551 1692 1606 in
1723 1551 1978 1622 praesenti
2006 1553 2128 1607 loco

537 1641 874 1713 interponat,
901 1652 956 1699 et
983 1659 1115 1699 sane
1153 1659 1346 1700 rursus
1384 1646 1584 1700 audeat
1621 1645 1675 1699 in
1729 1645 1779 1699 id
1811 1645 1957 1715 quod
1984 1645 2130 1716 jam-

538 1733 750 1790 dudum
799 1745 1034 1791 conatur
1082 1752 1268 1792 sermo
1320 1737 1712 1808 prorumpere?
1757 1738 1849 1792 Ait
1897 1738 2128 1805 Aposto—

538 1826 632 1881 lus
662 1825 708 1857 ³⁸
736 1843 749 1879 :
779 1824 848 1883 In
891 1827 1046 1882 domo
1099 1838 1277 1883 autem
1325 1845 1520 1900 magna
1578 1845 1682 1884 non
1743 1839 1866 1883 sunt
1923 1838 2128 1884 tantum

537 1938 670 1977 uasa
699 1938 860 1980 aurea
887 1932 939 1975 et
968 1932 1235 1992 argentea,
1266 1921 1356 1976 sed
1385 1930 1435 1976 et
1473 1920 1668 1992 lignea,
1696 1932 1744 1974 et
1775 1922 1989 1990 ﬁctilia,
2018 1920 2131 1976 alia

538 2014 753 2086 quidem
799 2015 855 2070 in
883 2015 1158 2078 honorem,
1193 2013 1302 2067 alia
1335 2031 1494 2084 porro
1540 2015 1597 2068 in
1639 2015 2036 2072 contumeliam.
2070 2012 2130 2070 Si

537 2105 711 2174 igitur
741 2105 859 2174 quis
888 2106 1218 2159 inundaverit
1249 2121 1303 2158 se
1343 2107 1517 2174 ipsum
1566 2105 1630 2158 ab
1674 2106 1788 2170 his,
1821 2107 1920 2160 erit
1953 2123 2042 2160 ras
2074 2107 2128 2160 in

537 2194 810 2263 honorem,
851 2205 900 2250 et
947 2197 1360 2265 sanctiﬁcatum,
1397 2197 1526 2254 utile
1572 2195 1837 2262 Domina,
1881 2197 1950 2251 ad
1979 2214 2130 2252 omne

541 2286 735 2340 bonum
766 2303 895 2357 opus
921 2301 1304 2358 purpuratum.
1334 2287 1578 2343 Putasne
1614 2303 1812 2358 magna
1841 2287 2040 2345 domus
2071 2289 2128 2343 in

540 2382 797 2449 praesenti
845 2390 949 2445 est,
996 2390 1050 2436 et
1086 2381 1140 2435 in
1190 2396 1256 2436 ea
1295 2389 1424 2436 sunt
1463 2396 1596 2436 vasa
1638 2381 1694 2436 in
1739 2381 2029 2448 honorem,
2074 2390 2130 2437 et

542 2471 652 2526 alia
689 2472 744 2526 in
789 2473 1214 2529 contumeliam?
1261 2474 1345 2530 An
1394 2474 1448 2529 in
1497 2475 1588 2528 illa
1639 2490 1762 2544 quae
1815 2473 1999 2530 futura
2046 2483 2130 2530 est

540 2562 741 2632 domo,
781 2579 912 2620 vasa
963 2566 1181 2636 quidem
1227 2581 1428 2632 aurea,
1464 2576 1518 2621 et
1549 2575 1805 2637 argentea
1844 2583 1967 2637 quae
1999 2577 2130 2624 sunt

539 2653 596 2709 in
643 2655 927 2724 honorem,
973 2656 1323 2712 invenientur
1367 2673 1498 2714 vasa
1544 2673 1666 2714 esse
1698 2659 2126 2727 misericordiae;

537 2747 752 2818 reliqua
787 2759 991 2816 autem,
1020 2750 1072 2804 id
1097 2759 1200 2817 est,
1228 2751 1532 2806 mediocres
1559 2751 1832 2817 homines,
1863 2751 1956 2822 qui
1976 2761 2130 2808 extra

541 2841 864 2896 thesaurum
891 2852 1043 2906 sunt,
1071 2858 1140 2898 ne
1161 2843 1272 2898 sint
1291 2857 1424 2897 vasa
1455 2843 1568 2908 irae,
1595 2859 1690 2900 seu
1717 2843 2129 2913 misericordiae,

542 2935 596 2988 hi
651 2942 910 3004 poterunt
947 2933 1104 3004 juxta
1159 2934 1622 3005 dispensationem
1663 2935 1960 3006 quamdam
1999 2951 2130 3006 pro-

539 3021 768 3086 fundam
796 3021 890 3078 Dei
925 3039 1056 3082 vasa
1097 3038 1222 3080 esse
1258 3024 1313 3078 in
1362 3040 1560 3094 magna
1605 3025 1790 3091 domo,
1814 3041 1936 3096 qua:
1969 3042 2131 3080 mun-

539 3115 668 3170 data
715 3129 824 3170 non
860 3123 1009 3181 sunt,
1052 3115 1146 3172 sed
1195 3125 1326 3172 sunt
1369 3133 1496 3172 vasa
1541 3126 1710 3173 testea
1745 3118 1799 3174 in
1841 3127 2128 3173 contume—

2160 1888 2207 1950 Β

2231 642 2330 696 est,
2353 631 2516 700 juxta
2547 631 2716 700 ignem
2743 639 2856 694 est;
2889 629 2981 700 qui
3013 628 3165 699 longe
3191 637 3270 684 est
3300 646 3333 682 a
3373 646 3474 694 me,
3503 629 3658 700 longe
3677 640 3762 684 est
3799 646 3845 687 α

2233 740 2415 794 regno.
2451 721 2520 777 Ut
2543 722 2688 777 enim
2720 720 2813 792 qui
2837 719 2993 792 juxta
3021 736 3110 776 me
3143 729 3248 786 est,
3278 721 3435 792 juxta
3462 721 3693 777 salutem
3715 731 3841 791 est,

2231 815 2306 871 ita
2336 825 2389 870 et
2412 815 2568 886 juxta
2595 814 2773 884 ignem
2805 823 2908 868 est.
2939 811 3006 868 Et
3043 813 3138 884 qui
3167 813 3399 869 audiens
3425 829 3532 879 me,
3558 824 3614 870 et
3633 816 3842 872 audita

2232 907 2598 978 prmvaricans
2626 906 2805 962 lactus
2829 915 2914 961 est
2941 921 3039 961 vas
3074 905 3168 961 ira:
3199 915 3567 976 prteparatum
3610 905 3665 961 in
3698 922 3841 977 per-

2232 999 2520 1067 ditionem,
2568 1015 2694 1060 eum
2739 999 2898 1070 juxta
2951 1013 3042 1053 me
3081 1008 3187 1064 est,
3225 998 3384 1068 juxta
3426 997 3605 1069 ignem
3632 1006 3739 1054 est.
3769 998 3838 1053 Si

2232 1107 2364 1148 vero
2398 1093 2525 1164 quis
2549 1107 2772 1159 cavens,
2805 1090 3066 1162 quoniam
3101 1090 3194 1160 qui
3219 1089 3374 1161 juxta
3419 1106 3505 1146 me
3539 1103 3644 1159 e51,
3667 1091 3840 1161 juxta

2236 1183 2420 1255 ignem
2445 1191 2552 1251 est,
2581 1183 2741 1252 longe
2777 1180 2956 1239 factus
2987 1181 3153 1236 fuerit
3182 1198 3215 1236 a
3242 1197 3330 1237 me
3362 1198 3430 1237 ne
3454 1182 3612 1252 juxta
3643 1184 3838 1254 ignem

2231 1273 2326 1340 sit,
2373 1273 2496 1329 talis
2538 1273 2760 1342 quidem
2789 1273 2948 1344 longe
2990 1272 3210 1328 futurus
3237 1286 3323 1328 εει
3355 1283 3409 1328 et
3451 1289 3481 1328 a
3526 1289 3717 1345 regno.
3756 1276 3839 1330 Et

2233 1365 2510 1437 quomodo
2540 1366 2744 1421 athleta
2769 1365 2864 1436 qui
2897 1381 3004 1420 non
3037 1375 3122 1420 est
3159 1365 3216 1420 in
3255 1381 3430 1436 agone
3454 1367 3834 1438 conscriptus,

2234 1474 2412 1530 neque
2455 1458 2666 1531 ﬂagella
2718 1459 2932 1526 metuit,
2969 1473 3150 1528 neque
3195 1468 3479 1528 exspectat
3524 1475 3832 1525 coronam;

2233 1550 2328 1621 qui
2367 1559 2548 1606 autem
2597 1550 2765 1606 semel
2814 1565 3012 1605 nomen
3063 1549 3348 1620 professus
3391 1561 3506 1618 est,
3549 1555 3596 1608 si
3646 1553 3834 1608 victus

2233 1643 2434 1712 fuerit,
2473 1644 2793 1700 verberatur
2826 1653 2990 1714 atque
3033 1643 3340 1712 projicitur,
3387 1645 3434 1700 si
3469 1660 3597 1700 vero
3634 1645 3836 1703 vicerit

2234 1744 2563 1804 euronatur;
2603 1735 2798 1792 eodem
2845 1735 3009 1791 modo
3055 1736 3152 1806 qui
3193 1735 3476 1809 ingressus
3517 1745 3604 1794 est
3637 1736 3834 1795 Eccle-

2232 1825 2395 1894 siam,
2423 1842 2458 1881 ο
2490 1826 2902 1894 catechumene,
2929 1827 3205 1894 ausculta,
3235 1829 3328 1896 qui
3351 1827 3584 1885 accessit
3608 1827 3678 1884 ad
3706 1845 3831 1886 ser-

2234 1936 2453 1980 monem
2502 1921 2632 1985 Dei,
2682 1921 2818 1976 nihil
2859 1921 3006 1976 aliud
3052 1937 3217 1992 quam
3269 1922 3615 1996 conscriptus
3647 1935 3732 1982 est
3764 1927 3825 1982 in

2233 2013 2533 2069 certamine
2558 2013 2812 2084 pietatis;
2841 2021 2894 2068 et
2920 2014 3268 2084 conscriptus
3288 2055 3305 2081 ,
3336 2015 3384 2071 si
3433 2031 3544 2071 non
3585 2017 3824 2087 legitime

2232 2106 2547 2172 certaverit,
2591 2105 2822 2160 caeditur
2853 2105 3101 2176 ﬂagellis,
3150 2107 3354 2178 quibus
3387 2123 3499 2164 non
3531 2109 3821 2164 verberan-

2233 2207 2322 2253 tur
2355 2198 2392 2254 ii
2425 2199 2519 2270 qui
2554 2215 2665 2254 non
2701 2199 2754 2252 in
2789 2198 3060 2271 principio
3103 2199 3400 2270 conscripti
3441 2210 3590 2256 sunt.
3634 2200 3694 2256 Si
3726 2218 3822 2260 au-

2231 2301 2341 2346 tem
2395 2291 2739 2348 contenderit
2793 2289 3005 2347 fortiter
3057 2290 3124 2346 ad
3176 2290 3434 2362 fugienda
3488 2293 3712 2348 verbera
3769 2303 3826 2350 et

2231 2384 2615 2452 contumelias,
2646 2399 2757 2440 non
2788 2385 2965 2441 solum
3003 2383 3203 2454 injuria
3229 2385 3566 2452 liberabitur,
3599 2386 3696 2442 sed
3733 2387 3823 2442 in-

2232 2487 2546 2547 corruptam
2574 2478 2762 2550 glorize
2787 2477 3016 2547 accipiet
3044 2492 3330 2532 coronam.

2303 2570 2358 2626 4.
2389 2569 2534 2639 Opus
2565 2569 2795 2624 Domino
2841 2572 3098 2624 uirtutum
3147 2570 3202 2623 in
3242 2580 3383 2624 terra
3416 2567 3812 2625 Chaldworum.

2231 2656 2398 2716 Juxta
2421 2661 2668 2716 diversos
2711 2660 3020 2716 intellectus
3063 2667 3316 2715 terrenus
3358 2661 3508 2716 locus
3555 2659 3819 2730 multipli-

2232 2754 2370 2810 citer
2401 2753 2738 2817 nominatur,
2766 2761 2820 2808 et
2851 2751 3130 2823 quomodo
3162 2750 3430 2808 dill'erenti
3475 2751 3617 2805 inter
3641 2765 3702 2806 se
3733 2765 3824 2806 ra-

2235 2845 2384 2901 tione
2415 2845 2573 2915 plura
2615 2841 2868 2898 Salvator
2912 2842 3078 2898 habet
3104 2843 3394 2908 vocabula,
3427 2857 3553 2897 eum
3588 2857 3734 2896 unus
3763 2841 3822 2896 in

2236 2937 2544 3006 subjacenti
2579 2935 2671 3000 sit,
2706 2936 2893 2990 varius
2937 2943 3121 2989 autem
3179 2934 3234 2988 in
3285 2933 3615 3000 virtutibus;
3659 2933 3741 2987 sic
3768 2942 3826 2987 et

2236 3017 2456 3101 propter
2507 3027 2772 3082 malitiam
2822 3026 3036 3098 generis
3079 3025 3305 3080 humani
3357 3034 3572 3079 terrena
3607 3025 3822 3096 negotia

2235 3137 2358 3177 eum
2397 3135 2565 3175 unum
2598 3119 2711 3175 sint
2756 3118 2809 3172 in
2867 3117 3196 3187 subjacenti,
3235 3116 3546 3171 intellectus
3592 3114 3824 3170 diversi-

540 3207 693 3272 liam,
747 3216 989 3264 attamen
1038 3209 1350 3264 necessaria
1403 3209 1632 3264 domui?
1668 3210 1800 3264 \‘ide
1849 3217 2034 3264 autem
2081 3210 2129 3266 si
2158 3232 2199 3287 ο
2235 3221 2342 3266 tate
2369 3223 2497 3268 sunt
2523 3211 2782 3282 plurima.
2821 3208 2980 3276 Quod
3012 3217 3196 3263 autem
3222 3208 3367 3275 dico,
3408 3209 3489 3264 sic
3521 3208 3614 3262 liet
3642 3207 3821 3261 mani-

537 3299 764 3354 walucro
791 3309 845 3355 et
874 3300 979 3354 hoc
1005 3299 1186 3370 ipsum
1228 3301 1537 3370 exemplum
1572 3317 1639 3356 ex
1681 3302 1791 3356 alio
1831 3301 2130 3373 Scriptura:

536 3392 854 3448 testimonio
897 3392 1273 3462 comprobare.
1317 3391 1673 3450 Inhonoratus
1701 3396 1868 3467 280
1896 3407 2008 3462 est,
2043 3397 2131 3452 in-

538 3483 662 3553 quit
687 3481 754 3546 ",
789 3479 1072 3536 Jechonias
1105 3483 1258 3554 quasi
1288 3499 1379 3538 vas
1421 3483 1573 3552 cujus
1605 3484 1756 3538 nulla
1786 3495 1864 3540 est
1894 3485 2126 3540 utilitas.

537 3573 660 3630 Non
693 3576 789 3640 ait,
820 3584 902 3630 est
935 3575 1156 3646 quidem
1203 3576 1324 3645 ejus
1374 3576 1603 3644 utilitas,
1640 3576 1696 3630 in
1737 3577 2128 3633 contumeliam

546 3677 724 3726 autem
757 3668 877 3738 ejus
901 3678 986 3725 est
1011 3669 1248 3735 utilitas;
1281 3669 1377 3724 sed
1419 3669 1550 3740 quia
1583 3678 1700 3724 erat
1727 3685 1794 3724 ex
1828 3669 1994 3725 domo
2033 3669 2131 3725 Dei

543 3771 599 3819 et
627 3763 891 3833 peccavit,
936 3761 992 3816 in
1033 3770 1206 3818 totum
1247 3777 1354 3816 non
1397 3770 1480 3816 est
1525 3761 1646 3830 ejus
1681 3763 1909 3818 utilitas.
1944 3763 2131 3818 Habeo

539 3863 597 3917 et
623 3855 784 3909 aliam
817 3854 1159 3925 Scripturam
1198 3854 1253 3908 in
1280 3869 1388 3924 qua
1419 3853 1619 3908 dicitur
1658 3855 1725 3909 de
1751 3855 1859 3910 alio
1890 3856 2129 3926 quodam

545 3958 834 4021 peccatore
858 3950 901 3981 ³³
938 3969 950 4004 :
985 3948 1054 4010 Et
1099 3950 1199 4003 erit
1251 3948 1407 4018 quasi
1458 3957 1593 4002 testa
1645 3949 1702 4002 in
1747 3965 1852 4018 qua
1898 3949 2131 4003 attrahe:

545 4057 699 4112 aqua
748 4040 1024 4110 pusillum,
1070 4050 1120 4096 et
1164 4042 1220 4096 in
1267 4057 1373 4112 qua
1415 4039 1696 4094 carbonem
1735 4039 2023 4110 bajulabis.
2066 4039 2133 4100 Et

543 4149 763 4191 rursum
816 4133 1047 4198 aﬂlrmat
1093 4149 1204 4191 non
1249 4133 1620 4190 necessarium
1662 4134 1914 4204 penitus,
1963 4143 2016 4188 et
2062 4149 2131 4190 ex

545 4226 698 4282 omni
746 4237 898 4297 parte
930 4243 1057 4284 esse
1103 4243 1200 4285 vas
1252 4228 1465 4285 inutile.
1497 4226 1753 4298 Nunquid
1804 4242 1911 4282 non
1968 4227 2134 4298 igitur

545 4331 650 4373 nos
673 4318 768 4387 qui
810 4317 863 4372 in
911 4318 1077 4374 domo
1127 4318 1235 4380 ista
1277 4317 1374 4372 Dei
1418 4334 1630 4383 sumus,
1663 4317 1885 4388 quando
1916 4320 2132 4387 aperire

540 4409 768 4480 cmperit
835 4409 1104 4464 Dominus
1170 4411 1488 4469 thesaurum
1548 4425 1741 4476 suum,
1802 4409 2132 4478 incipiemus

540 4499 798 4557 mundari
842 4500 890 4556 si
944 4509 1159 4562 tantum
1211 4500 1480 4557 fuerimus
1525 4517 1656 4556 vasa
1703 4501 2126 4568 misericordiae,

2235 3304 2450 3369 festius,
2477 3318 2602 3359 cum
2627 3301 2936 3372 exemplum
2982 3301 3128 3372 quod
3163 3317 3194 3355 a
3231 3299 3515 3355 Salvatore
3548 3298 3822 3368 assumpsi

2234 3397 2577 3463 edisserens,
2626 3395 2692 3449 ad
2723 3411 2788 3450 ea
2829 3410 2954 3464 qua:
3003 3402 3133 3448 sunt
3179 3393 3426 3463 subjecta
3477 3391 3824 3462 explananda

2235 3487 2643 3544 transcendere.
2698 3485 2876 3541 Unum
2923 3484 3215 3555 subjacens
3267 3493 3351 3539 est
3405 3482 3640 3538 Domino
3701 3495 3825 3537 meo

2232 3581 2359 3637 Jcsu
2397 3580 2690 3636 Salvatori.
2725 3578 2841 3634 lloe
2880 3595 2990 3633 uno
3024 3577 3363 3648 subjacente,
3399 3577 3507 3631 alio
3541 3576 3820 3630 intellectu

2235 3674 2480 3729 medicus
2505 3680 2610 3738 est,
2642 3672 2802 3742 juxta
2836 3669 2983 3741 quod
3017 3670 3282 3739 scriptum
3328 3678 3409 3724 est
3443 3669 3526 3720 "z
3568 3667 3694 3721 Non
3725 3683 3820 3720 ne-

2234 3782 2370 3820 cesse
2394 3763 2584 3819 habent
2616 3765 2735 3818 sani
2767 3763 3059 3827 medicum,
3087 3761 3176 3816 sed
3222 3761 3360 3815 male
3395 3760 3665 3816 habentes.
3697 3761 3822 3816 Alio

2235 3857 2514 3914 intellectu
2560 3865 2776 3926 pastor,
2815 3855 3119 3911 secundum
3153 3855 3300 3924 quod
3351 3853 3820 3909 irrationabilibus

2235 3958 2452 4020 praeest.
2487 3946 2612 4005 Alio
2641 3948 2916 4003 intellectu
2950 3963 3042 4001 rex
3063 3988 3077 4012 ,
3123 3946 3424 4001 secundum
3473 3945 3617 4016 quod
3653 3945 3821 4000 ratio-

2235 4041 2514 4098 nabilibus
2557 4041 2916 4111 principatur.
2970 4038 3094 4094 Alio
3151 4039 3431 4094 intellectu
3477 4039 3605 4093 vitis
3650 4052 3817 4101 vera,

2235 4135 2538 4192 secundum
2570 4133 2719 4204 quod
2745 4132 2936 4187 inserti
2969 4131 3022 4184 in
3053 4147 3175 4185 eam
3219 4131 3469 4186 homines
3509 4127 3820 4184 uberrimos

2233 4228 2468 4284 afferunt
2494 4227 2727 4291 fructus,
2753 4234 2808 4280 et
2837 4224 3041 4280 exculti
3071 4240 3102 4278 a
3130 4223 3288 4278 Patre
3317 4222 3556 4293 agricola
3586 4221 3816 4291 pingue-

2234 4321 2418 4376 dinem
2444 4320 2571 4376 vitis
2605 4334 2746 4374 vera:
2783 4335 2851 4374 ex
2894 4317 3056 4372 lllllllS
3106 4316 3308 4371 radicis
3348 4316 3630 4371 consortio
3661 4330 3818 4370 assu-

2234 4423 2409 4468 munt.
2431 4411 2594 4466 Juxta
2617 4412 2782 4466 alium
2810 4409 3138 4466 intellectum
3163 4408 3452 4478 sapientia,
3471 4408 3627 4478 juxta
3651 4407 3818 4461 alium

2234 4507 2460 4570 veritas,
2508 4505 2664 4574 juxta
2712 4503 2880 4556 alium
2921 4500 3157 4570 justitia.
3208 4499 3599 4556 Verumtamen
3625 4497 3816 4568 subja-

541 4594 802 4664 projectis
828 4591 974 4648 vasis
1005 4608 1035 4647 a
1068 4591 1228 4656 nobis
1256 4593 1390 4646 iraa?
1416 4593 1496 4645 An
1527 4602 1674 4647 certe
1699 4592 1811 4662 jam
1843 4595 2131 4652 exordium
2163 4589 2208 4643 D
2237 4613 2368 4653 cens
2417 4584 2586 4652 unum
2631 4605 2735 4650 est.
2767 4594 3056 4660 Quomodo
3088 4608 3219 4664 ergo
3267 4596 3321 4648 in
3381 4592 3662 4647 Salvatore
3705 4601 3818 4646 uno

541 4693 628 4741 est
659 4693 911 4754 oportere
942 4699 1045 4740 nos
1080 4693 1330 4754 satagere
1370 4697 1477 4736 non
1509 4684 1687 4737 solum
1715 4693 1777 4738 ut
1816 4700 1924 4740 non
1957 4687 2132 4742 simus

541 4790 676 4830 vasa
703 4775 818 4841 irae,
849 4777 945 4832 sed
974 4785 1034 4833 ut
1080 4777 1120 4841 ii
1159 4775 1253 4846 qui
1301 4783 1430 4832 sunt
1473 4775 1826 4846 projiciantur
1869 4793 1902 4833 a
1935 4778 2133 4833 nobis?

542 4867 678 4923 Tale
710 4868 854 4926 enim
883 4869 1142 4939 quiddam
1174 4879 1258 4924 est
1297 4869 1399 4924 hoc
1429 4871 1574 4940 quod
1609 4871 1890 4940 apostolus
1933 4870 2132 4929 Paulus

542 4959 849 5018 Corinthiis
875 4961 952 5014 ait
975 4962 1020 4993 ³³
1049 4978 1063 5012 ;
1093 4960 1158 5014 1η
1186 4969 1391 5022 tantum
1421 4961 1641 5016 auditur
1670 4963 1807 5018 inter
1838 4980 1926 5018 vos
1955 4965 2130 5034 forni-

539 5056 706 5121 catio,
733 5071 852 5124 qua:
881 5070 972 5112 nec
1004 5054 1057 5108 in
1089 5054 1352 5122 gentibus,
1378 5066 1436 5109 ut
1465 5069 1681 5109 uxorem
1707 5057 1916 5126 quidem
1957 5059 2127 5127 patris

541 5147 737 5218 ntiquis
764 5146 976 5212 habeat,
1009 5155 1060 5200 et
1097 5161 1200 5199 non
1231 5147 1399 5217 magis
1441 5145 1726 5216 plana-istis
1759 5159 1814 5202 ut
1847 5149 2130 5218 auferatur

539 5242 606 5296 de
638 5241 810 5295 medio
853 5250 1080 5295 vestrum
1115 5240 1208 5310 qui
1247 5241 1343 5294 hoc
1383 5257 1512 5310 opus
1558 5243 1756 5310 gessit,
1788 5242 1944 5311 quasi
1978 5243 2127 5298 dice-

541 5343 646 5397 ret,
682 5342 872 5406 aperto
903 5333 1162 5388 thesauro
1197 5331 1291 5388 Dei
1329 5333 1680 5404 egrediantur
1709 5349 1837 5396 vasa
1872 5335 1966 5390 ira:
1991 5351 2126 5401 suae.

545 5428 774 5498 Aperuit
817 5427 1087 5500 siquidem
1143 5427 1409 5486 Dominus
1443 5426 1785 5494 thesaurum,
1821 5436 1876 5483 et
1901 5430 2130 5500 protulit

544 5536 677 5576 vasa
707 5522 800 5577 ira:
828 5538 962 5578 sure.
992 5520 1120 5592 Lr-gi
1156 5521 1357 5576 alicubi
1387 5521 1546 5591 quasi
1579 5521 1861 5577 Salvatore
1889 5522 2127 5588 dicente,

547 5617 601 5664 rt
625 5628 811 5681 quaero
845 5616 960 5670 sive
1007 5615 1130 5683 quis
1180 5628 1471 5683 personam
1511 5613 1764 5682 ﬁguravit
1805 5612 2125 5679 Salvatoris,

549 5702 661 5758 sive
693 5705 746 5756 in
785 5707 1100 5762 [nemoriam
1133 5706 1383 5772 adduxit,
1412 5721 1482 5768 an
1523 5721 1714 5762 verum
1743 5708 1815 5764 sit
1850 5708 1956 5764 hoc
1979 5708 2128 5779 quod

617 5888 662 5922 ⁸⁸
691 5886 729 5942 ll
767 5887 904 5941 Tim.
942 5905 999 5953 ll,
1023 5889 1111 5954 ‘30,
1137 5892 1225 5944 *2l.
1308 5892 1346 5923 ³⁸
1378 5891 1576 5945 berem.
1609 5910 1742 5961 xxii,
1767 5895 1852 5948 9.8.
1934 5894 1976 5927 δ’
2012 5895 2112 5950 lsa.
2147 5911 2276 5959 xxx,
2313 5897 2388 5952 ll.
2467 5895 2508 5926 ³³
2535 5897 2550 5948 l
2577 5896 2702 5951 COr.
2735 5913 2785 5958 ν,
2825 5896 2869 5959 l,
2897 5895 2947 5948 ‘2.

2235 4690 2554 4760 subjacente
2579 4687 2801 4758 plurimi
2828 4685 3135 4740 intellectus
3169 4693 3299 4740 sunt
3329 4683 3673 4740 diversorum
3696 4683 3817 4752 ejus

2233 4782 2550 4847 nominum;
2586 4781 2667 4836 sic
2709 4788 2764 4834 et
2805 4786 3019 4836 terrena
3061 4777 3298 4847 negotia,
3325 4777 3482 4846 juxta
3527 4775 3818 4846 subjacens

2234 4873 2454 4945 quidem
2501 4888 2669 4928 unum
2716 4882 2864 4935 sunt,
2893 4871 3049 4940 juxta
3094 4881 3274 4924 autem
3319 4868 3654 4923 intellectum
3697 4867 3818 4936 piu-

2234 4969 2394 5024 rima.
2421 4964 2758 5035 Frequenter
2786 4963 3201 5033 allegorizantes
3221 4961 3552 5032 Babylonem
3575 4961 3816 5016 diximus

2235 5059 2454 5130 negotia
2481 5074 2604 5114 esse
2636 5067 2872 5124 terrena,
2901 5072 3024 5127 quae
3057 5071 3274 5126 semper
3311 5054 3542 5111 confusa
3573 5064 3704 5110 sunt
3730 5053 3816 5107 vi-

2236 5153 2361 5216 tiis,
2408 5150 2704 5222 Egyptum
2765 5151 3015 5206 similiter
3059 5148 3370 5219 allligentia.
3431 5147 3815 5203 Chaldaorum

2233 5260 2364 5299 vero
2410 5253 2610 5298 terram
2653 5241 2724 5298 ob
2771 5241 2824 5296 id
2856 5241 2986 5311 quia
3027 5239 3261 5310 plurima
3301 5253 3425 5307 qua;
3462 5246 3728 5307 geruntur
3762 5233 3818 5287 in

2235 5337 2418 5401 terris,
2445 5335 2621 5391 stellis
2655 5341 2998 5397 consecrent,
3028 5339 3082 5388 et
3113 5339 3460 5401 peccatorum
3497 5337 3816 5384 nostrorum

2237 5447 2457 5494 causas,
2488 5431 2602 5485 sive
2643 5429 2894 5484 virtutem
2925 5443 3115 5484 eorum
3165 5441 3288 5496 quae
3336 5426 3591 5480 accidunt
3635 5423 3816 5489 nobis,

2235 5540 2300 5580 ex
2335 5539 2524 5578 earum
2555 5523 2794 5578 motibus
2826 5532 3077 5576 asserant
3116 5521 3254 5585 fieri,
3291 5534 3385 5574 eos
3418 5535 3540 5574 esse
3574 5518 3818 5573 diximus

2236 5619 2330 5688 qui
2363 5619 2561 5673 talibus
2588 5633 2646 5672 se
2671 5615 3152 5687 superstitionibus
3180 5614 3587 5670 dedicaverunt.
3619 5611 3815 5667 Omnis

2237 5709 2402 5779 igitur
2435 5708 2529 5778 qui
2566 5708 2651 5763 his
2678 5707 2870 5771 credit,
2909 5707 2962 5760 in
2994 5713 3136 5760 terra
3183 5705 3565 5761 Chaldaeorum
3606 5714 3710 5761 est.
3754 5702 3814 5759 Si

3063 5895 3104 5924 3"
3129 5893 3316 5948 Multi}.
3362 5909 3438 5956 lx,
3477 5895 3558 5949 l2.
