4218 6292
492 272 598 326 555

1964 271 2289 328 ORiGENlS

3641 284 3748 341 536

495 385 848 456 unusquisque
881 389 1114 442 animam
1139 401 1310 438 suam.
1343 382 1524 440 Donec
1557 385 1703 439 enim
1725 384 1851 456 quis
1873 385 1926 439 in
1953 385 2058 440 Ba-
2086 390 2131 448 Α
2163 387 2417 456 passione
2445 387 2726 454 vitiorum,
2757 387 2824 443 ad
2849 404 2947 446 vos
2981 389 3239 456 dirigitur
3273 406 3477 448 sermo.
3520 392 3586 450 Et
3612 398 3746 456 mihi

489 478 689 546 bylone
715 489 819 543 est,
852 479 1047 532 salvari
1085 492 1190 529 non
1225 485 1416 542 potest.
1449 475 1604 544 Quod
1635 487 1690 532 et
1726 478 1772 531 si
1812 477 2066 532 recorda-

488 579 581 624 tus
605 571 677 625 ibi
712 570 872 624 fuerit
895 569 1218 635 Jerusalem,
1247 570 1555 639 iugemiscit
1582 581 1628 624 et
1649 570 1784 625 dicit
1806 571 1885 625 “:
1915 571 2063 635 Quo-

487 664 645 719 modo
667 662 997 717 cantabimus
1021 663 1286 718 canticum
1320 661 1531 715 Domini
1562 665 1618 716 in
1652 675 1792 717 terra
1833 664 2006 717 aliena
2040 665 2066 717 1’

487 754 703 824 thuia
747 753 1083 822 impossibile
1141 761 1225 807 est
1281 753 1334 806 in
1373 752 1646 824 Babylone
1701 755 2059 809 constitutum

484 845 597 898 Deo
619 843 837 913 organis
868 857 1086 907 canere,
1119 845 1294 897 otiosa
1320 843 1522 912 quippe
1551 843 1642 902 ibi,
1675 851 1804 898 sunt
1853 857 2058 912 organa

481 936 809 1005 hymnorum
844 933 961 994 Dei,
993 943 1276 1003 pr0pterea
1304 935 1504 989 dicitur
1527 949 1621 1004 per
1635 936 1953 1006 prophetam
1974 935 2016 965 ⁸⁷
2041 953 2056 988 :

479 1023 651 1092 Super
678 1025 904 1094 ﬂumina
935 1023 1247 1092 Babylonis,
1272 1024 1387 1078 illic
1415 1026 1646 1079 sedimus
1679 1035 1728 1079 et
1773 1025 2012 1094 ﬂeuimus
2039 1063 2056 1090 ,

477 1117 604 1170 dum
630 1118 1029 1172 recordaremur
1059 1120 1160 1183 tui,
1195 1118 1324 1173 Sion
1353 1134 1372 1171 :
1403 1119 1457 1171 in
1497 1118 1751 1171 salicibus
1787 1119 1841 1172 in
1887 1118 2056 1171 medio

476 1209 592 1277 ejus
623 1210 990 1278 suspendimus
1015 1228 1214 1282 organa
1247 1223 1450 1264 nostra.
1486 1209 1764 1280 Suspensa
1798 1220 1927 1266 sunt
1965 1226 2056 1265 or-

475 1317 616 1370 gana
646 1314 828 1356 nostra
859 1305 1101 1374 quandiu
1133 1305 1186 1358 in
1221 1304 1496 1376 Babylone
1523 1319 1715 1360 sumus
1743 1347 1758 1371 ,
1810 1304 1863 1358 in
1922 1304 2054 1358 sali-

474 1391 631 1445 cibus
669 1391 954 1447 ﬂuminum
988 1392 1348 1465 Babylonum.
1389 1392 1445 1448 Si
1501 1404 1682 1448 autem
1739 1396 2053 1450 venerimus

474 1483 530 1536 in
555 1480 880 1548 Jerusalem,
901 1485 952 1538 in
977 1486 1156 1541 locum
1185 1486 1414 1544 visionis
1441 1495 1495 1541 et
1515 1485 1688 1556 pacis.
1715 1501 1917 1557 organa
1933 1503 2056 1558 qua:

473 1586 600 1631 ante
625 1577 802 1632 otiosa
833 1579 1163 1647 pendebant,
1201 1587 1332 1634 tunc
1367 1588 1724 1635 assumuntur
1778 1579 1834 1634 in
1875 1579 2056 1634 mani-

471 1665 599 1732 bus,
637 1675 770 1730 tunc
790 1668 994 1738 jugiter
1023 1669 1452 1736 citbarizamus,
1487 1679 1542 1725 et
1568 1685 1675 1725 non
1709 1678 1792 1726 cst
1840 1679 2056 1740 tempus

2171 495 2390 550 quoque
2423 481 2474 533 id
2504 481 2680 549 ipsum
2711 481 2937 550 jubetur
2965 501 2978 536 :
3018 484 3290 552 siquidem
3318 487 3499 542 adhuc
3536 505 3658 544 sum
3694 493 3745 546 in

2168 570 2489 626 confusione
2513 572 2878 638 inveteratus,
2928 582 2983 626 et
3031 573 3152 628 ideo
3185 577 3239 629 in
3274 575 3550 648 Babylone
3601 597 3743 638 sum.

2167 660 2306 726 Quid
2331 675 2460 731 ergo
2484 662 2728 730 praecipit
2759 661 2947 716 Deus?
2971 661 3088 718 Non
3119 665 3273 731 dicit,
3308 669 3452 722 exite
3474 669 3542 724 de
3569 672 3747 728 medio

2164 750 2480 823 Babylonis;
2515 753 2619 806 hoc
2638 752 2784 806 enim
2809 762 2985 821 potest
3014 753 3128 808 ﬁeri
3165 764 3220 810 et
3270 759 3539 829 gradatim
3567 802 3582 824 ,
3627 764 3745 831 sed,

2164 841 2357 914 Fugite
2376 845 2440 898 de
2463 843 2632 897 medio
2652 844 2966 915 Babylonis.
2991 845 3104 917 Ego
3123 848 3341 918 quidem
3359 860 3412 904 et
3437 852 3488 906 in
3507 869 3574 907 eo
3599 856 3745 924 quod

2161 935 2360 990 dicitur
2381 935 2446 989 de
2476 937 2668 1002 medio,
2696 938 2963 992 rationem
2995 954 3183 1008 quaero
3216 943 3506 998 sermonis.
3561 944 3744 1002 Potest

2159 1027 2361 1096 quippe
2387 1027 2604 1082 evenire
2639 1038 2696 1083 ut
2732 1029 2931 1099 aliquis
2955 1032 3008 1083 in
3047 1030 3322 1103 Babylone
3349 1036 3420 1089 sit
3449 1076 3464 1094 .
3497 1038 3591 1091 sed
3618 1055 3741 1093 cum

2153 1116 2207 1174 in
2243 1117 2504 1172 extremis
2529 1118 2650 1188 ejus
2680 1118 2882 1174 ﬁnibus
2908 1132 3303 1188 commoretur,
3337 1127 3744 1193 quodammodo

2155 1218 2312 1263 extra
2342 1209 2675 1280 Babylonem
2707 1227 2830 1266 esse
2860 1212 3129 1267 videatur.
3164 1215 3325 1270 Aliud
3361 1227 3541 1271 autem
3574 1227 3659 1273 est
3688 1219 3740 1274 in

2156 1303 2445 1357 medietate
2481 1301 2779 1373 Babylonis
2817 1305 3121 1360 consistere
3147 1345 3164 1371 ,
3205 1315 3265 1360 ut
3295 1322 3364 1361 ex
3394 1310 3544 1363 omni
3594 1319 3743 1380 parte

2152 1393 2360 1463 aequale
2391 1393 2462 1446 sit
2490 1393 2728 1464 spatium
2759 1433 2774 1459 ,
2823 1403 2878 1448 et
2928 1395 3003 1447 ita
3035 1394 3090 1447 in
3143 1395 3401 1451 umbilico
3425 1398 3544 1466 ejus
3578 1402 3739 1470 quasi

2155 1485 2336 1540 medio
2357 1487 2542 1541 cordis
2572 1487 2827 1541 animalis
2845 1487 3072 1542 habitet.
3102 1487 3274 1543 Sicuti
3302 1491 3448 1544 enim
3483 1492 3743 1550 animalis

2154 1577 2418 1634 medietas
2436 1593 2531 1633 cor
2548 1587 2652 1645 est,
2675 1578 2798 1634 etin
2824 1577 3115 1649 Evangelio
3135 1580 3434 1636 secundum
3452 1581 3652 1638 Lucam
3674 1585 3740 1652 ‘9,

2159 1682 2256 1722 cor
2288 1677 2447 1722 terrae
2479 1668 2743 1723 medietas
2766 1677 2926 1724 terra:
2951 1671 3306 1736 nominatur;
3350 1672 3430 1726 sic
3471 1673 3606 1726 mihi
3653 1674 3733 1727 vi—

473 1758 697 1827 quando
731 1734 838 1812 non
861 1734 1156 1819 laudemus
1188 1759 1353 1816 Deum
1387 1734 1482 1830 per
1501 1776 1706 1831 organa
1737 1776 1858 1831 quze
1889 1734 2055 1816 ha-be-
2087 1734 2130 1789 Β
2159 1759 2323 1813 detur
2347 1768 2401 1813 et
2426 1759 2479 1812 in
2513 1757 2795 1816 Ezechiele
2826 1760 3034 1816 dictum
3067 1761 3149 1827 “,
3183 1763 3235 1816 in
3271 1734 3368 1818 eor
3424 1765 3594 1820 maris
3646 1782 3740 1836 po-

471 1863 599 1901 mus
626 1849 679 1902 in
712 1850 986 1906 manibus.
1019 1849 1207 1920 Igitur,
1231 1860 1289 1906 ut
1312 1851 1493 1906 dicere
1513 1867 1878 1922 coeperamus,
1909 1869 2056 1913 sem-

469 1954 569 2010 per
640 1941 822 2000 anima
890 1943 945 1996 in
1007 1943 1194 2013 aliquo
1253 1945 1627 2005 nuncupativo
1691 1955 1850 2000 terrae
1934 1946 2056 2000 loco

468 2039 588 2096 est;
617 2041 670 2086 et
700 2033 842 2090 sicut
868 2044 1182 2104 peccatores
1209 2034 1262 2090 in
1292 2035 1586 2108 Babylone,
1623 2038 1704 2094 sic
1743 2039 2054 2096 ccoutrario

463 2121 596 2192 iUSti
628 2124 682 2178 in
713 2123 920 2181 Judzea.
959 2125 1344 2184 Verumtamen
1365 2129 1518 2200 juxta
1549 2131 1712 2201 282
1733 2133 2050 2201 qualitatem

471 2215 596 2270 vita:
620 2223 674 2269 et
704 2215 827 2273 ﬁdei
860 2226 914 2272 et
943 2218 995 2272 in
1027 2217 1145 2288 ipsa
1177 2218 1364 2274 Juda‘a
1401 2221 1538 2277 locis
1577 2223 1718 2279 inter
1771 2239 1830 2280 se
1883 2223 2050 2278 variis

466 2317 810 2378 separantur.
842 2307 968 2365 Sive
989 2311 1133 2364 enim
1163 2311 1216 2365 in
1244 2311 1354 2366 Dan
1386 2322 1490 2378 est,
1523 2329 1646 2384 quae
1672 2323 1930 2370 extrema?
1953 2315 2046 2370 Ju-

465 2399 597 2453 daue
622 2407 804 2467 partes
833 2410 981 2467 sunt,
1011 2402 1125 2457 sive
1161 2402 1212 2456 in
1250 2404 1626 2472 superioribus
1652 2405 1932 2474 paululum
1967 2407 2049 2460 lo-

464 2493 566 2558 eis,
595 2493 1026 2564 melioribusque
1055 2500 1219 2564 Quam
1263 2495 1397 2561 Dan,
1433 2496 1548 2552 sive
1581 2498 1634 2551 in
1668 2498 1862 2554 mediis
1919 2500 2046 2553 ﬁni-

462 2586 569 2640 hus
597 2585 816 2654 Iudaeas,
851 2588 964 2643 sive
991 2589 1137 2644 circa
1176 2588 1477 2646 Jerusalem
1516 2611 1529 2645 :
1586 2601 1751 2648 etest
1795 2595 2043 2648 omnium

391 2718 396 2720 -
462 2677 800 2744 beatissima,
835 2695 958 2748 quae
990 2679 1043 2734 in
1080 2681 1256 2735 media
1279 2679 1580 2738 Jerusalem
1607 2684 1742 2738 urbe
1771 2685 2042 2739 consistit.

461 2765 567 2833 Qui
601 2783 729 2826 vero
759 2781 1014 2834 peccator
1045 2777 1131 2823 est
1154 2777 1208 2824 et
1239 2769 1424 2826 nimiis
1459 2771 1761 2826 sceleribus
1819 2786 2046 2841 oppres-

460 2873 578 2921 sus,
609 2858 696 2913 hic
724 2859 778 2915 in
806 2859 1081 2932 Babylone
1105 2869 1188 2916 est
1212 2877 1226 2924 ;
1259 2863 1362 2916 hoc
1383 2871 1565 2917 autem
1593 2863 1809 2924 modico
1840 2863 2042 2932 minor,

459 2960 517 3007 et
533 2951 761 3008 necdum
803 2969 977 3023 usque
1011 2953 1076 3008 ad
1106 2970 1384 3014 summum
1423 2965 1770 3025 peccatorum
1823 2958 2040 3018 culmen

458 3043 782 3108 ascendens,
811 3043 863 3097 iu
895 3042 1130 3116 Egypto
1157 3055 1208 3100 et
1236 3045 1288 3100 in
1329 3045 1578 3116 partibus
1621 3043 1843 3115 .‘Egypti
1885 3062 2040 3102 com-

458 3141 727 3192 moratur.
766 3133 828 3188 Et
846 3136 988 3190 sicut
1011 3137 1104 3206 qui
1135 3136 1188 3190 in
1222 3135 1407 3192 Judtea
1444 3146 1591 3202 sunt,
1643 3153 1752 3192 non
1811 3138 2042 3208 aequalia

459 3227 640 3282 Cuncti
695 3228 976 3296 possident
1007 3229 1169 3294 loca;
1222 3229 1363 3283 alius
1390 3230 1591 3299 quippe
1639 3231 1693 3284 in
1736 3229 2042 3288 Jerusalem

457 3327 563 3382 est,
593 3327 648 3373 et
679 3319 819 3373 alius
857 3319 908 3372 in
938 3320 1074 3383 Dan,
1109 3321 1250 3376 alius
1301 3321 1354 3375 in
1384 3320 1653 3392 Nepbtali,
1693 3323 1836 3380 alius
1888 3325 1943 3378 in
1981 3325 2043 3378 ﬁt-

459 3409 622 3469 nibus
643 3409 802 3464 Gad:
857 3411 936 3464 sic
978 3427 1168 3492 omnes
1211 3413 1304 3482 qui
1347 3413 1400 3467 in
1428 3412 1666 3485 IEgypto
1712 3426 1878 3483 sunt,
1931 3433 2040 3472 non

460 3502 702 3571 aquales
729 3501 948 3574 Αῖὲὶίδῆ
985 3513 1166 3574 partes
1205 3505 1468 3562 incolunt.
1492 3507 1648 3563 Alius
1681 3509 1734 3563 in
1779 3509 1990 3580 Taphni
2023 3554 2038 3578 ,

458 3594 602 3650 alius
632 3596 685 3649 in
720 3593 978 3664 Memphi,
1013 3597 1155 3652 alius
1182 3598 1235 3652 in
1273 3597 1486 3666 Syene,
1534 3601 1675 3656 alius
1726 3601 1779 3655 in
1818 3601 2042 3659 Bubasti

459 3685 688 3739 habitat.
721 3683 853 3752 Qua:
887 3685 1001 3741 loca
1032 3686 1296 3756 propheta
1331 3687 1581 3744 Ezechiel
1632 3690 1790 3759 plena
1838 3702 2043 3762 myste~

456 3774 558 3830 riis
582 3790 713 3831 voce
741 3785 991 3848 testatur,
1030 3776 1251 3841 nomina
1275 3793 1496 3856 quoque
1531 3780 1766 3849 partium
1812 3779 2034 3850 Aﬂgypti

458 3881 738 3936 exponens
767 3887 780 3923 :
809 3870 875 3924 de
915 3869 1117 3939 quibus
1137 3870 1182 3924 si
1217 3869 1342 3939 quis
1373 3870 1544 3926 lector
1577 3869 1742 3925 fuerit
1771 3873 2039 3942 spiritalis

455 3961 765 4029 dijudicans
795 3961 1001 4023 omnia,
1027 3972 1078 4016 et
1110 3962 1224 4036 ipse
1253 3978 1282 4017 a
1308 3963 1524 4018 nemine
1546 3962 1896 4032 dijudicatus,
1930 3982 2038 4020 non

456 4051 632 4116 solum
670 4052 904 4122 majores
931 4054 1178 4122 regiones
1195 4054 1585 4123 allegorizabit,
1614 4055 2037 4114 velutiludaeam

454 4152 510 4197 et
541 4141 833 4216 A‘Igyptum
863 4153 916 4200 et
947 4143 1274 4225 Babylonem
1305 4186 1320 4211 ,
1367 4149 1459 4202 sed
1496 4147 1791 4219 particulas
1821 4166 2039 4221 quoque

455 4245 619 4289 terra:
648 4253 662 4300 ;
691 4243 745 4289 et
777 4237 1050 4312 quomodo
1076 4238 1128 4292 in
1159 4237 1366 4306 Judaea,
1401 4237 1704 4294 Jerusalem
1735 4251 1790 4296 et
1822 4241 2038 4296 Bethle-

458 4326 606 4388 hem,
636 4333 971 4396 craterasque
999 4329 1249 4384 civitates
1277 4371 1292 4392 ,
1348 4331 1420 4384 ita
1478 4331 1530 4384 in
1565 4331 1800 4403 Aigypto
1851 4333 2037 4402 legens

2157 1853 2261 1908 sita
2292 1849 2470 1924 Tyrus
2495 1869 2510 1918 ;
2537 1859 2592 1907 et
2614 1866 2762 1912 nunc
2794 1852 3188 1922 peceatoresde
3211 1855 3392 1910 medio
3421 1855 3734 1928 Babylonis,

2157 1943 2262 2000 hoc
2297 1955 2402 2010 est,
2433 1945 2501 1999 de
2531 1945 2696 1999 corde
2722 1945 2843 2014 ejus
2870 1943 3058 2015 fugere
3088 1946 3304 2002 debere.
3354 1947 3553 2020 Fugite
3609 1966 3734 2022 ergo

2156 2033 2224 2089 de
2254 2035 2434 2089 medio
2467 2033 2783 2106 Babylonis,
2819 2046 2877 2091 ut
2897 2037 3239 2093 medietatem
3259 2038 3555 2110 Babylonis
3584 2042 3733 2097 dese-

2155 2135 2358 2190 rentes,
2387 2127 2440 2181 in
2467 2127 2668 2182 ﬁnibus
2699 2128 2820 2197 ejus
2850 2127 3122 2204 incipiatis
3143 2144 3286 2196 esse,
3311 2145 3421 2184 non
3453 2132 3505 2185 in
3536 2133 3730 2188 medio.

2155 2219 2310 2285 Quod
2343 2219 2388 2275 si
2416 2219 2502 2274 cui
2529 2219 2745 2273 videtur
2770 2220 3091 2286 obscurum,
3120 2221 3201 2276 sic
3229 2224 3319 2276 lict
3353 2225 3732 2289 manifestius;

2151 2310 2280 2380 quia
2316 2311 2409 2381 qui
2441 2311 2599 2372 valde
2624 2311 2912 2364 demersus
2959 2319 3043 2366 est
3072 2311 3125 2364 in
3161 2313 3306 2369 vitiis
3330 2352 3347 2380 ,
3403 2313 3489 2372 hic
3523 2315 3734 2369 medius

2151 2403 2425 2458 habitator
2446 2413 2548 2459 est.
2579 2402 2683 2470 Qui
2710 2419 2840 2459 vero
2869 2405 3132 2474 paulatim
3157 2407 3472 2477 relinquens
3503 2408 3728 2472 malum,

2150 2502 2204 2548 et
2235 2503 2486 2550 naturam
2523 2510 2682 2550 suam
2739 2496 2805 2549 ad
2855 2496 3081 2552 meliora
3113 2509 3432 2554 convertens
3468 2513 3576 2554 non
3614 2506 3725 2557 tam

2149 2586 2378 2655 coeperit
2406 2587 2636 2642 virtutes
2664 2587 2946 2660 possidere
2973 2604 3138 2659 quam
3171 2605 3369 2660 erupere
3396 2631 3412 2657 ,
3448 2591 3553 2645 iste
3602 2590 3730 2648 licet

2149 2693 2214 2731 ex
2247 2677 2426 2731 medio
2457 2676 2656 2747 fugerit
2681 2676 2994 2748 Babylonis,
3049 2688 3228 2734 tamen
3260 2682 3490 2740 necdum
3521 2683 3588 2735 de
3619 2680 3720 2734 Ba-

2147 2769 2344 2840 bylone
2364 2767 2636 2822 discessit.
2671 2767 2985 2824 Secundum
3020 2769 3325 2825 istiusmodi
3354 2773 3728 2840 expositiones

2146 2862 2303 2916 decet
2335 2876 2523 2917 sacras
2550 2861 2759 2920 litteras
2791 2861 3010 2915 credere
3033 2877 3133 2916 nee
3153 2878 3324 2918 unum
3359 2864 3578 2933 quidem
3617 2867 3732 2935 api-

2146 2969 2265 3010 cem
2299 2953 2501 3008 habere
2537 2968 2769 3012 vacuum
2801 2953 3069 3022 sapientia
3113 2953 3229 3008 Dei.
3261 2953 3367 3021 Qui
3405 2957 3554 3012 enim
3595 2957 3730 3010 mihi

2069 3070 2111 3127 ρ
2148 3046 2356 3101 homini
2387 3045 2650 3115 praecipit,
2689 3043 2878 3099 dicens
2900 3044 2943 3076 ⁸³
2967 3063 2981 3098 :
3017 3043 3138 3099 Non
3156 3047 3431 3115 apparebis
3455 3055 3576 3100 ante
3603 3063 3733 3100 con-

2144 3146 2380 3206 spectum
2403 3152 2573 3190 meum
2596 3151 2812 3197 vacuus,
2849 3134 3022 3189 multo
3053 3135 3174 3206 plus
3201 3137 3304 3191 hoc
3334 3137 3448 3207 ipse
3481 3138 3612 3207 agit,
3662 3152 3730 3191 ne

2144 3226 2351 3296 aliquid
2380 3240 2614 3280 vacuum
2650 3225 2926 3294 loquatur.
2965 3224 3039 3278 Ex
3070 3227 3408 3295 plenitudine
3456 3228 3578 3297 ejus
3633 3243 3728 3282 ac-

2144 3317 2410 3386 cipientes
2434 3318 2712 3387 prephetze
2739 3358 2754 3384 ,
2797 3334 2861 3374 ea
2911 3333 3033 3387 quae
3071 3327 3225 3372 erant
3277 3319 3345 3373 de
3392 3319 3729 3389 plenitudine

2145 3420 2382 3482 sumpta,
2407 3409 2726 3463 cecinerunt
2755 3427 2770 3476 ;
2804 3419 2858 3464 et
2882 3409 3085 3463 ideirco
3126 3425 3280 3464 sacra
3315 3411 3588 3465 volumina
3613 3411 3730 3481 Spi—

2143 3498 2283 3552 ritus
2314 3498 2707 3568 pleuitudiuem
2729 3498 2960 3569 spirant,
2994 3500 3241 3571 nihilque
3265 3509 3349 3555 est
3384 3501 3498 3556 sive
3527 3501 3578 3555 in
3607 3515 3728 3572 pro-

2142 3590 2350 3660 pbetia,
2381 3589 2495 3645 sive
2525 3590 2580 3644 in
2615 3591 2752 3663 lege,
2787 3591 2902 3647 sive
2932 3593 2985 3646 in
3019 3591 3328 3664 Evangelia,
3358 3593 3472 3647 sive
3499 3593 3552 3647 in
3584 3596 3728 3662 Apo.

2144 3680 2306 3745 stolo,
2332 3681 2476 3750 quod
2503 3697 2610 3736 non
2639 3697 2669 3735 a
2701 3681 3042 3752 plenitudine
3073 3681 3273 3736 divinae
3303 3683 3606 3752 majestatis
3633 3687 3726 3738 de-

2144 3773 2387 3829 scendat.
2417 3771 2786 3839 Quamobrem
2813 3773 3025 3842 spirant
3061 3772 3113 3841 in
3168 3772 3467 3840 Scripturis
3519 3775 3726 3829 sanctis

2144 3864 2416 3934 hodieque
2443 3864 2799 3934 plenitudinis
2823 3865 3010 3919 verba.
3039 3865 3260 3933 Spirant
3291 3873 3474 3920 autem
3513 3865 3598 3920 bis
3627 3867 3721 3936 qui

2143 3955 2347 4010 habent
2370 3965 2424 4010 et
2443 3957 2632 4011 oculos
2665 3956 2730 4010 ad
2768 3955 3000 4010 videnda
3039 3954 3279 4010 cmlestia
3308 3997 3323 4022 ,
3368 3964 3423 4010 et
3455 3971 3613 4010 aures
3654 3957 3723 4010 ad

2142 4048 2410 4103 audienda
2444 4049 2625 4104 divina
2648 4089 2662 4113 ,
2699 4059 2753 4103 et
2781 4063 2942 4104 nares
2971 4048 3037 4102 ad
3066 4063 3129 4102 ea
3169 4063 3292 4118 qua:
3324 4057 3454 4103 sunt
3485 4048 3722 4118 plenitu-

2143 4140 2288 4195 dinis
2319 4141 2622 4195 sentiendo.

2214 4232 2338 4288 llaec
2364 4234 2498 4296 dixi,
2527 4234 2655 4303 quia
2690 4249 2797 4287 non
2835 4234 2903 4288 sit
2944 4234 3263 4304 simpliciter
3291 4234 3529 4304 positum
3557 4273 3571 4297 ,
3616 4233 3725 4287 Fu-

2142 4327 2249 4398 gite
2280 4327 2345 4380 de
2385 4326 2680 4399 Babylone,
2714 4327 2807 4380 sed
2833 4343 2957 4381 cum
2986 4328 3355 4381 addit-amento
3379 4325 3720 4380 necessario:

457 4416 781 4488 Diospolim,
811 4417 1115 4483 Bubastim,
1148 4419 1441 4489 Tapbnim,
1461 4421 1775 4492 Memphim,
1796 4422 2031 4494 Syenen,
2068 4423 2110 4477 D
2149 4420 2336 4490 Fugite
2357 4421 2419 4472 de
2445 4419 2614 4473 medio
2647 4419 2951 4489 Babylonis,
2990 4429 3039 4473 et
3076 4419 3339 4472 resalvate
3368 4420 3722 4488 unusquisque

455 4525 556 4586 pro
590 4511 863 4567 intellectu
899 4527 1083 4566 rerum
1117 4511 1396 4581 ligurabit.
1429 4513 1559 4576 Quis
1583 4514 1794 4581 sapiens
1854 4525 1904 4567 et
1947 4517 2033 4567 in-

458 4602 648 4674 telligit
679 4605 832 4660 ista?
864 4611 958 4657 aut
987 4603 1104 4675 quis
1145 4601 1442 4672 intelligens
1473 4613 1522 4656 et
1553 4605 1818 4671 cognoscit
1841 4621 1902 4657 ca
1935 4606 1980 4636 ⁸⁸
2010 4607 2033 4659 ?

456 4676 817 4772 Quissaltem
873 4697 927 4750 in
966 4695 1200 4750 tenuiori
1232 4709 1395 4749 sensu
1457 4695 1788 4752 constitutus
1836 4711 2037 4766 cogno-

457 4800 610 4840 scere
635 4787 832 4862 poterit
869 4788 1199 4842 voluntatem
1229 4800 1390 4857 quam
1421 4785 1657 4857 Spiritus
1692 4801 1914 4844 sanctus
1941 4789 2040 4855 ba-

456 4877 547 4931 bet
578 4875 812 4935 litlel’an?

528 4971 583 5025 2.
620 4969 822 5026 Verum
859 4987 1003 5026 nunc
1032 4971 1180 5026 aliud
1241 4973 1576 5043 propositum
1605 4984 1689 5028 est
1713 5014 1728 5037 ,
1783 4975 1912 5044 quid
1950 4975 2035 5036 bis

457 5063 549 5132 qui
584 5063 637 5116 in
672 5061 944 5138 Babylone
1006 5071 1134 5117 sunt
1180 5061 1270 5116 Dei
1332 5079 1585 5119 sermone
1639 5065 2030 5136 praecipiatur:

455 5152 650 5225 Fugite
681 5155 744 5207 de
777 5154 948 5207 medio
985 5153 1288 5222 Babylonis.
1318 5153 1435 5209 Non
1472 5157 1760 5226 gradatim,
1796 5171 1903 5210 non
1937 5172 2032 5226 pe-

455 5249 739 5314 detentim,
765 5249 856 5306 sed
893 5266 1016 5303 cum
1069 5249 1388 5315 velocitate,
1431 5265 1555 5304 cum
1611 5265 1774 5305 cursu
1826 5249 2030 5319 fugite,

456 5341 665 5397 hoecst
689 5342 834 5396 enim
873 5341 1079 5411 fugere.
1135 5339 1328 5409 Fugite
1380 5342 1444 5395 de
1489 5341 1660 5395 medio
1718 5341 2032 5412 Babylonis.

457 5436 779 5507 Quicunque.
813 5435 1096 5490 confusam
1133 5434 1345 5492 habetis
1376 5434 1614 5488 animam
1667 5450 1696 5488 a
1755 5433 2032 5488 variorum

1257 5609 1299 5640 ⁸⁷
1333 5609 1490 5671 ihid.,
1539 5610 1588 5670 i,
1620 5608 1673 5661 ‘2.

1153 5679 1244 5730 ’Ἰ
1303 5679 1415 5734 l‘cl.
1456 5695 1506 5740 l,
1547 5681 1618 5743 9,
1663 5681 1745 5734 lO.

527 5604 737 5663 “l’sal.
783 5625 982 5665 cxxxvr
1017 5649 1031 5667 .
1083 5612 1138 5665 4.

473 5674 513 5706 ⁹¹
547 5675 712 5734 Ειυά.
748 5694 912 5740 xxtn,
963 5681 1044 5735 l5.

1794 5610 1835 5640 ³³
1869 5605 1994 5663 Osc.
2048 5623 2135 5663 xtv
2166 5647 2178 5669 ,
2239 5605 2318 5660 lO.

2140 4515 2374 4566 animum
2404 4527 2574 4565 suam.
2609 4511 2852 4565 Primum
2888 4521 3103 4582 oportet
3121 4511 3306 4582 fugere
3324 4512 3387 4565 de
3415 4511 3593 4565 medio
3617 4509 3721 4564 Ba-

2140 4603 2377 4674 bylonis,
2413 4600 2611 4655 deinde
2639 4601 2886 4672 singulos
2917 4601 3128 4656 animus
3147 4614 3277 4654 suas
3296 4600 3568 4654 resalvare
3595 4615 3721 4653 cum

2140 4693 2399 4765 fugerint.
2432 4690 2618 4762 Neque
2647 4708 2777 4746 vero
2805 4692 2944 4746 dixit
2979 4692 3224 4758 salvare,
3274 4692 3366 4747 sed
3425 4693 3718 4746 resalvarc.

2140 4785 2656 4857 Appositiosyllabae
2673 4784 2942 4855 signiﬁcat
2957 4793 3383 4850 sacramentum,
3403 4784 3529 4854 quia
3545 4799 3723 4853 quon-

2147 4880 2270 4950 dam
2304 4886 2586 4952 gustantes
2611 4877 2864 4941 salutem,
2908 4887 2961 4932 et
3015 4877 3082 4932 de
3131 4893 3195 4931 ea
3235 4886 3455 4948 propter
3503 4884 3722 4946 peccata

2145 4978 2329 5042 postea
2358 4978 2701 5035 corruentes,
2738 4979 3005 5024 venerunt
3044 4970 3111 5024 ad
3147 4969 3497 5040 Babylonem.
3552 4969 3722 5038 Cujus
3778 4997 3781 5020 ε

2144 5065 2220 5117 rei
2253 5077 2419 5123 causa
2445 5069 2658 5132 oportet
2689 5061 2961 5119 resalvarc
2982 5062 3220 5126 animam
3254 5077 3432 5128 suam,
3483 5069 3542 5114 ut
3589 5061 3723 5114 inci-

2143 5155 2255 5224 piat
2275 5170 2594 5224 recuperare
2617 5155 2758 5223 quod
2793 5153 3044 5223 perdidit,
3074 5155 3374 5210 secundum
3411 5153 3720 5224 apostolum

2142 5245 2364 5314 Petrum
2397 5247 2664 5310 dicentem
2695 5247 2738 5277 ⁵²
2770 5265 2783 5300 :
2822 5245 2910 5300 Ita
2957 5249 3337 5316 reportat-imus
3389 5248 3546 5315 finem
3593 5246 3720 5314 ﬁdei

2143 5337 2391 5400 salutent,
2433 5337 2497 5389 de
2526 5352 2630 5405 qua
2651 5335 2820 5390 salute
2851 5339 3212 5406 exquisierunt
3241 5347 3288 5388 et
3321 5337 3548 5389 scrutati
3598 5343 3719 5388 sunt

2141 5432 2424 5498 prophetat,
2455 5433 2546 5501 qui
2569 5443 2783 5502 propter
2833 5439 3068 5486 nostram
3118 5430 3554 5499 propltetauerunt
3594 5445 3718 5500 gra-

2460 5609 2501 5639 ⁸⁹
2531 5606 2660 5662 Luc.
2702 5625 2816 5676 vttt,
2871 5609 2953 5663 15.
3079 5608 3124 5640 ⁸ο
3153 5605 3348 5668 Ezech.
3400 5624 3548 5666 xxvrt
3576 5649 3590 5671 ,
3627 5606 3718 5662 52.
