4218 6292
643 380 755 436 539

2127 367 2455 427 ORIGENIS

3820 358 3926 417 510

645 511 797 561 vase,
828 496 909 551 vel
946 505 1195 559 stanneo,
1233 505 1287 550 et
1317 493 1463 564 quod
1497 492 1599 549 ista
1643 491 1904 564 praecellit
1938 500 2219 564 argenteo;
2252 495 2301 553 Α
2400 486 2488 541 to.
2528 484 2604 540 De
2625 486 2742 539 rino
2772 483 2889 553 ejus
2914 457 3158 538 biberuni
3186 487 3384 551 gentes,
3414 487 3631 551 propter
3647 477 3747 533 hoc
3779 494 3925 535 eont-

649 599 839 641 vtrnm
869 584 1078 652 eligens
1108 597 1208 639 vas
1240 598 1466 639 aureum
1488 624 1504 649 ,
1535 583 1589 637 in
1620 597 1685 638 eo
1718 583 1975 653 poculum
2016 592 2228 652 tempe-

644 675 807 740 ravit,
839 681 899 728 ut
921 673 1045 743 quis
1068 675 1260 730 videns
1294 675 1546 730 decorem
1595 674 1759 737 auri,
1794 674 1925 728 dum
1965 673 2229 729 radiantis

642 763 850 822 metalli
876 764 1289 835 pulchritudine
1312 763 1637 831 delectatur,
1668 772 1724 819 et
1748 771 1896 818 totus
1919 761 2096 817 oculis
2121 762 2232 818 ha:-

640 857 801 910 retin
842 857 1046 926 specie,
1076 872 1184 911 non
1213 855 1524 912 consideret
1563 854 1694 926 quid
1731 854 2067 909 intrinsecus
2103 853 2231 908 lati-

639 955 738 1013 tet,
765 955 821 1001 et
845 948 1122 1017 accipiens
1155 948 1381 1003 calicem
1407 947 1558 1003 bibat
1583 946 1837 1003 nesciens
1864 945 2090 1001 calicem
2121 944 2230 1001 Na-

637 1037 1103 1105 buchodonosor,
1150 1040 1463 1111 intelligens
1495 1047 1675 1095 autem
1728 1039 1953 1095 calicem
1998 1054 2227 1094 aureum

638 1130 696 1186 in
727 1131 982 1203 praesenti
1027 1131 1395 1186 nominatum.
1446 1130 1553 1186 Sed
1603 1129 2011 1187 animadvertas
2054 1129 2228 1200 pessi—

635 1236 854 1277 morum
877 1222 1194 1293 dogmatum
1217 1222 1381 1278 verba
1417 1220 1701 1278 mortifera
1731 1223 1951 1294 qualem
1989 1222 2231 1277 habeant

635 1313 1115 1383 conipositianem,
1145 1314 1366 1385 qualem
1398 1313 1652 1369 decorem
1683 1313 2009 1383 eloquentiae
2028 1353 2044 1379 ,
2087 1328 2229 1383 qua-

635 1405 741 1459 lem
756 1420 941 1460 rerum
954 1404 1279 1461 divisionem
1295 1419 1624 1475 :cognosces
1636 1405 1916 1474 quomodo
1929 1405 2231 1474 unusquis-

634 1509 744 1563 ’μσς
785 1503 1071 1565 poetarum
1106 1495 1201 1565 qui
1234 1502 1494 1564 putantur
1520 1493 1663 1564 apud
1716 1508 1815 1549 vos
1855 1493 2227 1557 disertissimi,

636 1585 806 1657 285
834 1585 1058 1641 calicem
1091 1600 1321 1641 aureum
1347 1585 1690 1655 temperavit,
1708 1594 1767 1640 et
1794 1585 1848 1639 in
1876 1585 2104 1640 calicem
2130 1599 2228 1639 an-

636 1693 793 1733 reum
817 1694 1088 1734 venenum
1113 1678 1363 1748 injecerit
1386 1678 1730 1747 idololatriae,
1748 1687 1804 1734 et
1821 1693 2088 1735 venenum
2111 1687 2229 1733 tur-

639 1771 893 1842 piloqnii,
930 1787 1200 1827 venenum
1232 1786 1428 1827 eorum
1461 1787 1585 1843 qua:
1612 1771 1854 1827 animam

2334 588 2491 633 mota:
2522 586 2662 632 sunt.
2697 574 2854 631 Sicut
2882 575 2934 629 in
2973 574 3059 629 his
3079 572 3175 644 qui
3205 571 3399 627 bibunt
3422 571 3588 628 istum
3611 573 3707 643 qui
3737 573 3794 627 in
3815 587 3921 629 usu

2330 681 2417 729 est
2441 671 2554 726 vini
2579 672 2872 741 liquorem,
2900 668 2944 724 si
2971 683 3137 737 super
3159 666 3306 723 sitim
3331 675 3385 721 et
3409 680 3573 736 super
3602 681 3921 723 mensuram

2330 763 2592 830 biberint,
2628 762 2878 818 videmus
2904 759 3041 815 ebrii
3073 774 3277 830 corpus
3310 768 3522 814 motum
3549 796 3564 823 ,
3599 757 3924 817 vacillantes

2329 858 2517 928 pedes,
2539 864 2705 927 caput
2735 870 2799 911 ac
2819 864 3066 926 tempora
3089 861 3447 923 praegravata,
3469 867 3533 908 os
3559 851 3920 918 dissolutum,

2331 948 2574 1018 linguam
2600 946 3002 1017 signiﬁcantem
3024 958 3310 1000 sermones
3337 941 3473 998 ebrii
3495 949 3550 996 et
3580 941 3925 1000 haerentibus

2332 1039 2495 1096 labiis
2523 1037 2690 1093 verba
2731 1036 2958 1107 praecisa
2998 1053 3012 1089 :
3045 1030 3297 1090 similiter
3338 1041 3422 1090 est
3453 1033 3637 1089 videre
3685 1049 3785 1090 eos
3824 1036 3922 1106 qui

2330 1131 2399 1187 de
2426 1131 2596 1187 calice
2616 1143 2789 1184 aureo
2836 1127 3074 1183 biberint
3099 1126 3394 1199 Babylonis
3421 1169 3436 1194 ,
3487 1125 3768 1197 quomodo
3802 1141 3925 1184 mo-

2327 1233 2579 1288 veantur,
2607 1221 2884 1293 quomodo
2922 1221 3205 1277 instabiles
3240 1236 3431 1290 gressu
3463 1220 3596 1287 sint,
3646 1221 3923 1291 quomodo

2328 1315 2611 1371 debilitata
2650 1324 2837 1371 mente
2867 1322 2922 1370 et
2962 1313 3261 1370 ﬂuctuante
3304 1312 3541 1383 cogitatu
3593 1313 3732 1368 nihil
3768 1316 3923 1371 ﬁrmo

2328 1415 2578 1474 teneant,
2604 1407 2699 1464 sed
2723 1420 2942 1477 semper
2969 1406 3025 1461 in
3056 1404 3459 1460 turbationibus
3484 1412 3720 1474 agantur
3743 1403 3921 1461 incer-

2329 1498 2392 1554 ti.
2425 1497 2792 1565 Quamobrem
2824 1496 3105 1567 Scriptura
3134 1495 3317 1551 divina
3360 1495 3428 1551 de
3471 1494 3784 1552 istiusmodi
3823 1497 3921 1552 ho-

2329 1588 2573 1644 minibus
2602 1588 2658 1643 in
2696 1588 2811 1644 alio
2848 1589 2972 1644 loco
3014 1586 3090 1641 ita
3135 1587 3213 1641 ait
3258 1604 3272 1641 :
3333 1585 3627 1656 Propterea
3669 1588 3918 1644 commoti

2329 1689 2474 1737 sunt.
2506 1679 2927 1752 interponamus
2958 1677 3163 1749 aliquid
3199 1679 3466 1750 mystcrii,
3499 1678 3632 1750 quid
3672 1679 3743 1736 de
3790 1694 3914 1751 pec-

2330 1778 2519 1826 catore
2559 1770 2775 1827 dicatur
2818 1769 2959 1824 Cain
2998 1768 3065 1821 ⁶³.
3115 1764 3252 1823 Cum
3280 1783 3540 1839 egressus
3576 1777 3662 1825 est
3707 1785 3739 1824 a
3783 1769 3917 1826 facie

638 1863 906 1918 tcrimnnt
928 1862 1271 1933 dogmatum,
1299 1877 1571 1918 venenum
1604 1862 1728 1919 falsi
1759 1861 2001 1919 nominis
2042 1862 2225 1918 scien-
2257 1850 2303 1906 Β
2330 1858 2448 1928 Dei,
2479 1861 2743 1918 habitavit
2774 1862 2831 1918 in
2862 1869 3005 1916 terra
3035 1859 3173 1916 Naid
3195 1898 3211 1926 ,
3244 1869 3436 1918 contra
3468 1859 3643 1917 Edon.
3686 1860 3824 1918 Naid
3862 1864 3912 1919 in

634 1955 746 2010 tia.
784 1953 892 2012 Sed
922 1969 1076 2010 meus
1120 1953 1284 2010 Jesus
1329 1963 1521 2009 contra
1551 1953 1712 2021 fecit,
1762 1955 1944 2010 sciens
1990 1969 2224 2011 aureum

632 2046 859 2102 calicem
900 2045 1114 2111 Zabuli,
1158 2054 1213 2100 et
1245 2058 1563 2115 praecavens
1589 2061 1658 2102 ne
1700 2046 1900 2118 aliquis
1935 2047 2004 2102 ad
2060 2046 2225 2104 ﬁdem

635 2151 791 2193 suam
820 2137 1066 2204 veniens,
1089 2138 1470 2207 suspicaretur
1493 2138 1659 2193 etiam
1681 2136 1886 2193 Christi
1918 2139 2079 2194 talem
2102 2153 2225 2196 esse

630 2225 879 2293 calicem,
904 2225 1121 2299 qualem
1155 2242 1282 2283 esse
1310 2227 1577 2299 requirat,
1595 2236 1650 2282 et
1680 2244 1779 2299 per
1808 2229 2221 2287 similitudinem

629 2316 880 2372 materiae
906 2314 1231 2373 formidaret
1256 2332 1525 2386 errorem;
1556 2319 1679 2375 ideo
1713 2321 1931 2376 curavit
1961 2330 2021 2376 ut
2048 2321 2222 2379 habe-

629 2423 818 2464 remus
850 2409 1170 2464 thesaurum
1190 2409 1360 2464 istum
1383 2408 1437 2463 in
1457 2410 1608 2465 vasis
1632 2410 1909 2468 ﬁctilibus.
1939 2411 2093 2483 Saepe
2113 2413 2219 2469 vidi

631 2512 861 2553 aureum
913 2498 1140 2555 calicem
1184 2500 1242 2554 in
1291 2499 1524 2570 pulchro
1575 2502 1849 2557 sermonis
1898 2513 2128 2569 ornatu,
2165 2512 2222 2559 et

628 2588 950 2662 dogmatum
977 2606 1188 2648 venena
1218 2593 1577 2650 considerans
1613 2593 1948 2664 deprehendi
1991 2598 2219 2655 calicem

627 2678 942 2752 Babylonis.

697 2770 754 2826 8.
785 2770 948 2826 Catia:
968 2788 1164 2828 aureus
1190 2772 1437 2844 Babylon
1460 2776 1517 2829 in
1541 2791 1704 2832 manu
1751 2775 1870 2833 Dei.
1901 2775 2024 2835 Non
2071 2796 2220 2836 sem-

625 2878 728 2933 per
761 2863 904 2919 calix
929 2879 1134 2921 aureus
1183 2864 1450 2937 Babylon.
1495 2866 1633 2922 Cum
1676 2877 1858 2925 autem
1905 2870 2115 2927 venerit
2150 2873 2220 2928 ad

627 2955 951 3024 vindictam,
986 2965 1041 3012 et
1067 2957 1124 3012 in
1154 2973 1321 3014 manu
1343 2957 1438 3015 Dei
1478 2959 1656 3030 posita
1687 2959 1883 3029 fuerit,
1923 2971 2056 3019 tunc
2098 2964 2217 3020 εω.

627 3048 774 3102 citur
797 3057 940 3103 terra
969 3064 1092 3120 quae
1106 3051 1380 3119 quondam
1407 3060 1554 3107 tacta
1580 3060 1666 3108 est
1699 3053 1753 3107 in
1783 3051 2003 3110 Jubath.
2032 3054 2223 3127 Neque

629 3152 760 3194 vero
788 3138 991 3210 jugiter
1023 3139 1077 3194 in
1117 3155 1284 3196 manu
1332 3141 1425 3197 Dei
1463 3141 1778 3198 continetur
1803 3182 1822 3210 ,
1859 3145 1954 3201 sed
1992 3146 2219 3204 ultionis

628 3237 844 3284 tantum
866 3240 1128 3300 tempore,
1153 3247 1279 3287 cum
1310 3235 1537 3302 creperit
1561 3234 1830 3291 Dominus
1848 3234 1900 3290 ei
1927 3236 2217 3294 restituere

628 3321 780 3388 quod
813 3330 1071 3386 meretur,
1098 3331 1229 3378 tunc
1257 3324 1312 3379 iu
1341 3339 1508 3381 manu
1538 3327 1659 3397 ejus
1683 3327 1967 3383 inebrians
1995 3343 2215 3384 omnem

629 3420 833 3467 terram
870 3412 972 3468 istc
1002 3415 1139 3469 calix
1185 3431 1389 3473 aureus
1428 3416 1670 3490 Babylon
1714 3419 2027 3474 inebriabit.
2069 3418 2216 3488 Quo-

627 3500 797 3557 modo
851 3509 1033 3559 autem
1076 3505 1389 3563 universam
1437 3518 1640 3565 terram
1679 3509 1976 3566 inebriabit
2001 3550 2016 3577 ,
2059 3509 2218 3566 facile

627 3593 794 3659 scies,
821 3592 869 3649 si
899 3595 1333 3655 consideraveris
1362 3616 1550 3657 omnes
1579 3602 1829 3660 homines
1852 3603 2053 3660 ebrios.
2091 3602 2214 3660 lneo

628 3684 877 3741 briamur
909 3686 1011 3753 ira,
1039 3688 1380 3746 inebriamur
1412 3693 1659 3760 tristitia,
1690 3696 2032 3752 inebriamur
2058 3712 2215 3753 men-

626 3789 703 3845 te,
742 3780 1061 3837 excedimus
1087 3797 1296 3849 amore,
1332 3785 1794 3855 concupiscentiis
1819 3796 1876 3843 et
1917 3804 2056 3843 vana
2099 3788 2216 3860 glo-

628 3872 732 3927 ria.
782 3872 995 3937 Quanta
1048 3875 1241 3943 pocula
1285 3878 1703 3948 temperaverit,
1749 3886 1887 3949 quot
1932 3880 2214 3937 inebrian-

629 3972 716 4020 tes
752 3966 1055 4033 porrexerit
1093 3967 1294 4024 calices
1335 3969 1476 4026 calix
1514 3969 1616 4027 iste
1640 4009 1677 4037 ,κ
1704 3972 1836 4043 quid
1868 3988 2091 4031 necesse
2132 3982 2218 4031 cst

628 4055 811 4112 dicere
826 4056 850 4110 ?

699 4149 754 4205 9.
796 4149 955 4207 Catia:
977 4169 1169 4208 aureus
1192 4154 1436 4227 Babylon
1464 4157 1736 4213 inebrians
1759 4173 1966 4213 onmem
1994 4168 2212 4214 terram.

625 4237 1013 4297 Animadverte
1039 4258 1255 4300 omnem
1296 4254 1497 4301 terram
1542 4248 1759 4317 plenam
1791 4264 1911 4306 esse
1947 4249 2212 4318 peccatis,

624 4343 683 4390 et
711 4349 820 4388 non
871 4352 1084 4404 quaeres
1132 4338 1411 4407 quomodo
1459 4338 1699 4411 Babylon
1746 4355 1965 4396 omnem
2010 4350 2213 4397 terram

627 4426 997 4482 inebriaverit.
1030 4426 1136 4482 Sed
1169 4430 1215 4483 si
1250 4429 1393 4486 forte
1429 4441 1482 4486 te
1519 4432 1720 4487 videris
1754 4433 1965 4502 justum
2000 4433 2213 4488 ebrium

2326 1951 2514 2009 Graeca
2573 1952 2758 2025 lingua
2810 1952 3202 2023 interpretatur
3256 1953 3580 2023 commotio.
3624 1953 3725 2021 Qui
3767 1955 3911 2010 enim

2325 2044 2656 2115 derelinquit
2689 2044 2884 2111 Deum,
2906 2044 3005 2115 qui
3025 2044 3221 2103 deserit
3251 2061 3475 2104 sensum
3509 2048 3578 2106 de
3608 2064 3672 2104 eo
3709 2048 3909 2119 jugitcr

2327 2136 2624 2207 cogitandi,
2653 2135 2756 2193 iste
2778 2137 2835 2192 in
2866 2145 3008 2191 terra
3024 2134 3160 2193 Naid
3184 2137 3455 2209 hodieque
3474 2137 3703 2207 habitat,
3725 2123 3777 2194 id
3798 2148 3903 2200 est,

2325 2227 2386 2284 in
2412 2228 2769 2286 tribulatione
2810 2230 2941 2286 mali
2985 2231 3168 2287 cordis
3210 2237 3266 2285 et
3313 2229 3517 2287 mentis
3549 2230 3912 2288 commotione

2324 2320 2601 2377 consistit.

2397 2413 2484 2469 11.
2513 2412 2771 2467 Biberunt
2817 2421 3018 2484 gentes,
3049 2422 3327 2484 propterea
3370 2425 3645 2469 commota:
3676 2423 3825 2480 sunt,
3866 2422 3916 2470 et

2320 2508 2499 2563 subito
2517 2506 2709 2561 cecidit
2732 2506 2999 2576 Babylon,
3028 2516 3078 2561 et
3104 2507 3335 2561 contrita
3357 2517 3450 2561 est.
3482 2506 3713 2574 Quando
3729 2507 3868 2562 dicit
3895 2528 3910 2564 :

2319 2596 2548 2668 Repente
2578 2599 2767 2653 cecidit
2792 2596 3067 2667 Babylon.
3111 2598 3330 2654 videtur
3365 2598 3495 2653 mihi
3528 2597 3916 2668 prophetizare

2321 2691 2857 2746 consummationem
2892 2689 3083 2745 mundi
3119 2690 3302 2745 subito
3335 2689 3597 2745 futuram.
3621 2687 3915 2756 Quomodo

2320 2781 2468 2837 enim
2500 2781 2696 2837 diebus
2730 2780 2923 2837 diluvii
2951 2780 3314 2837 comedebant
3338 2789 3393 2837 et
3420 2781 3717 2847 bibebant,
3762 2796 3915 2837 eme-

2321 2875 2454 2930 bant
2478 2883 2536 2930 et
2564 2874 2886 2940 vendebant,
2912 2873 3228 2945 plantabant
3253 2882 3310 2930 et
3340 2873 3705 2940 aediﬁcabant,
3738 2876 3915 2931 donec

2320 2969 2531 3024 veniret
2563 2967 2853 3031 diluvium,
2886 2975 2941 3022 et
2979 2966 3101 3022 tulit
3142 2980 3333 3022 omnes
3363 3006 3379 3031 ,
3430 2974 3484 3021 et
3534 2965 3714 3022 subito
3760 2965 3913 3021 venit

2322 3058 2636 3122 inundatio,
2669 3057 2923 3112 similiter
2951 3066 3134 3113 autem
3159 3064 3215 3111 et
3246 3054 3303 3110 in
3328 3055 3523 3111 diebus
3558 3053 3698 3122 Lot;
3743 3055 3826 3111 sic
3860 3064 3918 3111 et

2322 3150 2731 3207 consummatio
2777 3149 2967 3204 mundi
3007 3164 3115 3203 non
3151 3162 3249 3218 per
3286 3155 3470 3218 partes
3509 3146 3639 3208 ﬁet,
3692 3147 3785 3202 sed
3829 3160 3915 3201 re-

2320 3252 2499 3314 pente.
2536 3241 2674 3300 lluie
2708 3241 3098 3299 conferendum
3133 3241 3447 3297 existimato
3489 3241 3544 3296 id
3585 3240 3729 3310 quod
3770 3239 3910 3295 scri-

2318 3342 2471 3406 ptum
2502 3343 2588 3391 est
2616 3335 2670 3389 in
2695 3333 2825 3391 Jesu
2852 3332 3020 3398 Nave,
3059 3331 3285 3404 quando
3330 3347 3360 3386 a
3410 3347 3544 3387 voce
3580 3332 3697 3387 sola
3740 3331 3909 3397 tubae,

2317 3424 2533 3483 Jericho
2572 3427 2767 3483 civitas
2803 3440 3067 3483 corruens
3114 3423 3304 3480 subito
3345 3423 3634 3492 disperiit;
3672 3431 3728 3478 et
3752 3422 3914 3494 juxta

2318 3519 2463 3574 hanc
2485 3517 2900 3575 similitudinem
2928 3516 3259 3588 Babylonem
3293 3529 3516 3586 quoque
3557 3514 3614 3571 in
3649 3530 3915 3571 consum—

2319 3611 2562 3667 matione
2592 3610 2777 3667 saeculi
2802 3624 3054 3666 casuram
3082 3624 3206 3666 esse
3229 3648 3244 3674 ,
3294 3614 3348 3662 et
3394 3604 3578 3661 subito
3616 3617 3909 3663 conteren-

2317 3701 2468 3758 dam.
2500 3701 2566 3757 Et
2595 3708 2709 3759 haec
2737 3702 2958 3773 quidem
2985 3702 3053 3757 de
3083 3698 3560 3757 consummatione
3585 3698 3733 3755 dicta
3774 3700 3911 3755 sint.

2319 3792 2380 3850 Si
2412 3808 2541 3851 vero
2563 3794 2778 3849 veneris
2804 3793 2870 3847 ad
2897 3793 3192 3848 adventum
3222 3790 3440 3847 Domini
3464 3791 3571 3846 mei
3592 3788 3720 3847 Jesu
3749 3791 3915 3848 Chrio

2317 3887 2411 3953 sti,
2447 3894 2499 3942 et
2526 3884 2729 3941 videris
2761 3884 2883 3956 ejus
2909 3899 3168 3955 magnum
3196 3898 3358 3955 opus,
3383 3885 3660 3954 quomodo
3688 3884 3915 3940 subver-

2319 3975 2446 4031 terit
2474 3976 2660 4031 omnia
2691 3975 2936 4048 gentium
2967 3975 3035 4029 de
3069 3974 3233 4031 idolis
3260 3975 3536 4046 degmata,
3579 3985 3639 4030 ut
3675 3975 3913 4031 creden—

2318 4075 2400 4123 tes
2427 4066 2495 4123 de
2521 4066 2727 4123 erroris
2747 4065 3011 4121 eximeret
3031 4069 3187 4137 jngo,
3224 4065 3492 4137 intelliges
3514 4066 3644 4136 quia
3669 4067 3726 4120 in
3758 4076 3907 4122 tem-

2317 4172 2451 4229 pore
2482 4156 2759 4228 passionis
2794 4157 2916 4227 ejus
2966 4155 3211 4228 Babylon
3250 4156 3525 4225 extemplo
3559 4157 3810 4220 corruit,
3854 4166 3915 4212 et

2315 4250 2553 4306 contrita
2599 4261 2704 4306 est.
2754 4247 3150 4318 Unusquisque
3194 4256 3441 4303 nostrum
3490 4246 3800 4303 consideret
3847 4264 3915 4306 se

2314 4342 2522 4414 ipsum,
2553 4353 2608 4397 et
2642 4340 3046 4396 animadvertat
3078 4338 3409 4410 Babylonem
3439 4338 3494 4392 in
3544 4354 3646 4394 suo
3687 4349 3914 4409 pectore

2316 4432 2611 4488 corruisse.
2645 4429 2703 4486 Si
2725 4439 2908 4484 autem
2935 4436 2990 4485 et
3022 4428 3076 4483 in
3103 4426 3336 4497 alicujus
3365 4426 3533 4482 corde
3564 4441 3675 4482 non
3707 4425 3912 4482 cecidit

628 4532 738 4572 non
770 4532 894 4573 esse
918 4518 984 4573 de
1008 4519 1179 4574 calice
1206 4530 1578 4589 peccatorum,
1606 4523 1717 4578 noli
1750 4532 1943 4593 putare
1964 4522 2211 4594 Scriptno
2244 4535 2289 4590 υ
2320 4523 2512 4580 civitas
2545 4521 2909 4586 confusionis,
2947 4520 3075 4576 huic
3101 4520 3357 4576 Christus
3396 4516 3629 4574 necdum
3661 4519 3904 4579 advenit.

625 4627 745 4667 ram
769 4626 891 4670 esse
913 4613 1195 4668 mentitam
1210 4627 1334 4684 quae
1352 4613 1570 4679 dixerit,
1592 4613 1862 4668 inebrians
1880 4630 2085 4669 enarrem
2109 4625 2217 4670 ter-

628 4720 768 4769 ram,
783 4722 907 4764 cum
924 4707 1025 4765 iste
1038 4723 1145 4762 non
1160 4707 1402 4764 ebrietur
1417 4723 1446 4763 a
1461 4706 1754 4780 Babylone,
1769 4715 1824 4763 et
1835 4716 2017 4762 tamen
2032 4708 2215 4765 consi-

630 4804 739 4857 stat
764 4798 818 4850 in
842 4808 1006 4858 terra.
1033 4800 1173 4862 Audi
1202 4802 1331 4872 quia
1352 4800 1539 4877 justqs
1560 4814 1671 4856 non
1695 4800 1768 4856 sit
1786 4807 1954 4855 terra.
1979 4798 2210 4856 Omnem

630 4896 833 4956 terram
867 4889 1099 4946 inebriat
1130 4892 1273 4948 calix
1302 4892 1405 4948 iste
1430 4907 1654 4948 aureus.
1680 4891 1870 4952 Justus
1910 4907 2039 4949 vero
2084 4906 2210 4948 cum

631 4984 705 5042 sit
733 4998 896 5054 super
933 4992 1169 5053 terram,
1218 4987 1690 5044 conversationem
1736 4987 1791 5042 in
1827 4987 1983 5044 caelis
2020 4985 2208 5043 habet.

628 5077 697 5133 Et
733 5085 955 5148 propter
992 5078 1098 5134 hoc
1126 5093 1234 5134 non
1263 5081 1517 5136 convenit
1547 5081 1776 5137 ulterius
1803 5081 1953 5151 justo
1975 5077 2084 5136 dici
2107 5080 2152 5114 ⁸⁸
2191 5095 2207 5134 :

630 5169 797 5227 Terra
816 5187 893 5239 es,
930 5178 979 5226 et
1001 5172 1059 5226 in
1080 5180 1279 5227 terram
1300 5173 1423 5227 ibis.
1455 5172 1557 5228 Sed
1589 5186 1814 5229 necesse
1836 5183 1921 5229 est
1948 5173 2210 5228 audenter

627 5264 801 5336 loqui,
833 5259 967 5319 dicit
1000 5262 1150 5334 justo
1177 5264 1321 5320 Deus
1345 5265 1526 5320 adhuc
1556 5266 1875 5321 consistenti
1909 5276 2074 5336 super
2099 5276 2207 5321 tero

628 5370 746 5412 ram
793 5372 809 5410 :
847 5354 1059 5411 Ccelnm
1100 5369 1182 5419 es,
1219 5363 1273 5410 et
1305 5355 1359 5408 in
1410 5356 1608 5411 ciuium
1658 5354 1784 5411 ibis.
1837 5353 2028 5409 Portet
2060 5352 2206 5408 enim

629 5446 921 5520 imaginem
965 5449 1225 5506 caelestis.
1259 5450 1432 5521 igitur
1457 5455 1517 5506 ut
1550 5448 1894 5514 concludam,
1936 5446 2077 5501 calix
2111 5461 2210 5500 au-

632 5555 759 5596 reus
791 5540 1027 5597 inebriat
1046 5557 1267 5598 omnem
1297 5551 1520 5609 terram,
1551 5541 1604 5597 id
1642 5550 1761 5607 est,
1805 5552 2001 5595 omnes
2037 5538 2106 5593 ah
2143 5553 2210 5595 eo

634 5630 963 5689 inebriamur
990 5635 1231 5704 quandiu
1272 5645 1413 5691 terra
1450 5651 1659 5693 sumus.

669 5744 714 5780 "
763 5744 896 5804 Gen.
932 5763 1014 5815 nt,
1048 5748 1132 5809 i9.
1214 5751 1257 5783 ⁶³
1284 5750 1414 5806 Gen.
1450 5767 1522 5806 Iv.
1602 5751 1647 5783 "‘
1674 5749 1872 5805 Jerem.
1898 5765 1970 5815 LI,
2003 5750 2058 5831 8:,

2326 4616 2584 4672 Veniente
2608 4614 2808 4687 quippe
2833 4628 2921 4679 eo,
2947 4612 3187 4684 Babylon
3238 4628 3397 4669 ruere
3428 4614 3730 4671 consuevit.
3767 4613 3911 4669 Pro-

2319 4717 2441 4779 pter
2475 4707 2681 4774 hoc,ad
2697 4706 3008 4763 orationum
3045 4706 3299 4778 praesidia
3327 4707 3724 4779 confugientes,
3739 4710 3909 4778 petite

2320 4814 2380 4859 ut
2394 4802 2577 4858 veniat
2596 4800 2757 4858 Jesns
2768 4801 2821 4856 in
2837 4801 3004 4856 corda
3020 4809 3221 4865 vestra,
3240 4809 3296 4855 et
3314 4806 3560 4855 conterat
3571 4797 3905 4871 Babylonem

2316 4903 2373 4949 et
2400 4893 2569 4949 faciat
2598 4906 2758 4947 ruere
2778 4906 2997 4947 omnem
3030 4890 3294 4947 malitiam
3324 4888 3467 4960 ejus,
3516 4898 3572 4944 et
3611 4888 3905 4946 reaadiﬁcet

2315 4999 2417 5054 pro
2439 4984 2527 5039 his
2551 4998 2676 5054 qua:
2703 4983 2964 5040 subversa
2984 4990 3133 5047 sunt,
3148 4996 3248 5050 pro
3280 4979 3555 5049 Babylone
3574 4996 3697 5052 qua:
3722 4978 3905 5038 fuerat

2314 5083 2443 5131 ante
2471 5082 2809 5140 constructa,
2834 5073 2888 5128 in
2923 5074 3042 5144 ipso
3067 5071 3355 5144 principali
3394 5073 3577 5129 cordis
3600 5073 3790 5141 vestri,
3810 5070 3899 5128 Je-

2312 5169 2552 5225 rusalem
2577 5166 2852 5223 civitatein
2873 5175 3118 5222 sanctam
3152 5164 3268 5221 Dei.

2384 5261 2471 5314 12.
2510 5260 2760 5330 l’langite
2785 5276 2924 5327 eam,
2953 5268 3004 5313 et
3026 5256 3195 5328 accipi
3207 5267 3254 5311 te
3287 5257 3517 5313 resinam
3545 5257 3898 5329 correptionis

2313 5353 2451 5424 ejus,
2476 5353 2525 5408 si
2551 5370 2652 5424 quo
2673 5353 2826 5408 modo
2856 5352 3134 5406 sanabitur
3158 5350 3224 5405 “.
3252 5349 3521 5422 Plangite,
3548 5351 3645 5416 ait,
3666 5349 3900 5423 Babylo-

2317 5461 2464 5501 nem.
2497 5445 2700 5502 Deinde
2725 5446 2853 5516 quia
2880 5444 3059 5500 omnis
3093 5442 3277 5498 anima
3308 5443 3553 5514 recipere
3580 5451 3760 5515 potest
3806 5458 3899 5499 sa-

2318 5537 2510 5604 lutem,
2536 5546 2591 5593 et
2620 5552 2797 5607 neque
2823 5553 2931 5592 una
2965 5537 3109 5607 apud
3133 5536 3308 5592 Deum
3328 5545 3412 5594 est
3435 5538 3783 5605 insanabilis,
3809 5536 3897 5594 id-

2320 5630 2467 5687 circo
2494 5630 2783 5687 consiliqu
2811 5630 2904 5687 dat
2929 5630 3016 5686 bis
3049 5630 3143 5701 qui
3167 5639 3399 5701 possunt
3426 5631 3812 5700 transmigrare
3836 5629 3896 5689 in
