4218 6292
574 446 683 503 533
2000 437 2091 494 EX
2131 433 2435 494 ORIGENE
2702 464 2709 470 -
3750 430 3856 490 5-H

577 564 630 619 id
663 563 946 620 studemus
976 567 1037 614 ut
1075 572 1236 614 omne
1283 557 1533 626 verbum,
1567 558 1715 629 quod
1744 572 1810 613 ex
1849 572 1944 613 ore
1973 565 2162 613 nostro
2190 561 2237 617 Α

2190 561 2237 617 Α
2265 555 2364 625 ὅση
2398 551 2631 623 δύναμις
2682 547 3114 621 φιλοτιμούμεθα
3158 547 3267 604 πᾶν
3310 549 3465 622 ῥῆμα
3503 549 3566 605 τδ
3606 551 3752 619 ἐξιὸν
3790 556 3856 611 ἐκ

576 652 710 716 exit,
740 650 939 722 aliquid
970 649 1169 705 eﬂiciat
1196 657 1251 705 et
1281 649 1338 705 in
1362 650 1524 706 nobis
1554 651 1864 708 dicentibus
1889 660 1943 706 et
1974 651 2031 705 in
2060 666 2163 706 au-

2261 642 2357 695 τοῦ
2389 641 2656 712 στόματος
2677 639 2834 711 ἡμῶν
2879 641 3054 692 ποιεῖν
3101 635 3437 710 ἐργάζεσθαι
3474 642 3572 695 ml
3614 644 3677 697 ὲν
3719 645 3854 717 ἡμῖν

578 744 895 798 clientibus:
944 741 1075 812 quid
1122 742 1290 814 igitur
1330 743 1756 799 existimandum
1795 755 1881 802 est
1926 744 1993 799 de
2033 759 2162 815 pro—

2261 733 2376 798 τοῖς
2399 733 2617 803 λέγουσι
2638 733 2733 787 ml
2754 734 2813 786 ὲν
2843 735 2958 797 τοῖς
2987 731 3248 786 ἀκούουσι
3268 748 3284 765 ο
3317 727 3371 786 τί
3395 733 3503 806 χρὴ
3539 737 3681 791 νοεῖν
3724 739 3854 810 περὶ

577 832 792 904 phetis?
843 848 1024 889 nonne
1066 849 1231 891 omne
1274 834 1502 890 verbum
1549 835 1620 890 ab
1657 849 1849 890 eorum
1897 850 1994 891 ore
2036 850 2165 905 pro-

2262 825 2371 878 τῶν
2400 824 2716 896 προφητῶν,
2746 823 2780 896 ἢ
2806 824 2890 878 ὅτι
2920 825 3028 877 πᾶν
3064 823 3218 896 ῥῆμα
3247 823 3482 896 λαληθὲν
3522 825 3612 881 διὰ
3651 828 3856 901 στόμα-

574 924 774 980 fectum
832 924 1025 980 eﬂicax
1075 924 1287 983 fuisse?
1342 925 1531 998 Neque
1586 928 1897 983 mirandum
1947 936 2063 994 est,
2115 927 2161 983 si

2261 932 2355 982 τος
2383 916 2561 971 αὐτῶν
2590 917 2882 990 ἐργατικὸν
2921 912 3030 988 ἦνς
3072 916 3184 971 Καὶ
3213 916 3274 971 ού
3306 916 3620 990 θαυμαστὸν
3656 921 3707 975 εἰ
3744 923 3856 977 πᾶν

574 1018 938 1089 quodcunque
993 1020 1221 1074 verbum
1276 1019 1598 1075 emittebant
1653 1021 1964 1090 prophetae,
2024 1036 2164 1091 opus

2264 1009 2420 1080 ῥῆμα
2452 1007 2515 1062 τὸ
2561 1007 2892 1079 λαλούμενον
2921 1007 3028 1062 ὑπὸ
3063 1007 3174 1062 τῶν
3221 1008 3518 1081 προφητῶν
3569 1011 3856 1083 εἰργάζετο

573 1108 837 1164 θαίοἱειιιιι
867 1110 1048 1166 verbis
1075 1111 1443 1177 conveniens;
1477 1111 1569 1166 sed
1595 1120 1648 1166 et
1671 1111 1910 1166 arbitror
1941 1126 2160 1167 omnem

2261 1102 2424 1175 ἔργον
2457 1103 2518 1158 τὸ
2551 1101 2766 1175 πρέπον
2801 1103 3044 1174 ῥήματι·
3102 1100 3239 1156 ἀλλὰ
3266 1100 3377 1174 γὰρ
3407 1098 3581 1174 οἶμαι,
3624 1105 3708 1158 ὅτι
3758 1106 3854 1162 καὶ

575 1201 883 1257 mirabilem
938 1202 1177 1257 litteram
1221 1202 1364 1257 inter
1409 1201 1593 1258 divina
1649 1202 1871 1258 oracula
1919 1204 2159 1274 perscri-

2262 1197 2371 1250 πᾶν
2394 1196 2698 1266 θαυμάσιον
2724 1194 2963 1267 γράμμα
2986 1195 3049 1249 τὸ
3078 1195 3464 1268 γεγραμμένον
3505 1197 3565 1251 ὲν
3609 1200 3724 1263 τοῖς
3763 1199 3852 1254 λοι

572 1302 722 1364 ptam
765 1293 999 1361 eﬂicere,
1051 1309 1230 1365 neque
1274 1310 1445 1350 unum
1498 1295 1611 1351 iota
1659 1310 1802 1363 esse,
1850 1305 1945 1351 aut
1989 1313 2159 1352 unum

2258 1287 2404 1357 γίοις
2421 1286 2517 1341 τοῦ
2542 1286 2677 1341 Θεοῦ
2701 1285 3032 1359 ἐργάζεταιο
3064 1288 3160 1341 ml
3200 1287 3303 1341 ούκ
3344 1286 3493 1343 ἔστιν
3531 1288 3662 1344 ἰῶτα
3705 1291 3784 1357 ἓν,
3815 1289 3848 1363 ἢ

573 1384 780 1454 apicem
812 1385 866 1439 in
905 1384 1209 1455 Scriptura,
1244 1387 1339 1458 qui
1364 1403 1505 1458 opus
1535 1404 1695 1444 suum
1724 1404 1834 1443 non
1868 1388 2069 1444 emciat
2104 1389 2159 1444 in

2265 1378 2364 1450 μία
2384 1378 2584 1451 κεραία
2609 1379 2975 1452 γεγραμμένη
3006 1380 3066 1433 ὲν
3094 1381 3161 1451 τῇ
3196 1381 3411 1453 Γραφῇ,
3443 1384 3565 1452 ἥτις
3597 1385 3712 1448 τοῖς
3732 1384 3851 1438 ἐπι-

575 1474 643 1530 iis
689 1477 781 1546 qui
834 1477 1039 1531 virtute
1079 1478 1387 1533 litterarum
1423 1480 1502 1534 uti
1549 1480 1753 1536 sciunt.
1791 1480 2162 1547 Quemadmo-

2264 1470 2552 1542 σταμένοις
2584 1472 2821 1543 χρῆσθαι
2864 1475 2930 1543 τῇ
2971 1471 3201 1543 δυνάμει
3224 1471 3334 1526 τῶν
3373 1475 3719 1546 γραμμάτων
3754 1475 3852 1561 οὐκ

574 1565 704 1621 dum
753 1577 935 1623 autem
987 1569 1280 1626 herbarum
1314 1571 1544 1643 singulae
1581 1588 1712 1628 suas
1750 1573 1949 1628 habent
1993 1574 2161 1640 vires,

2261 1562 2554 1633 ἐργάζεται
2579 1563 2640 1617 τὸ
2666 1563 2868 1635 ἑαυτῆς
2899 1563 3078 1636 ἔργον.
3120 1565 3333 1638 Ὥσπερ
3355 1565 3411 1618 δὲ
3434 1567 3528 1620 ἐπὶ
3547 1567 3653 1620 τῶν
3692 1568 3851 1639 βοτα-

574 1658 691 1713 sive
708 1658 774 1714 ad
805 1660 1097 1715 sanitatem
1118 1676 1432 1733 corporum,
1458 1663 1573 1718 sive
1596 1663 1662 1718 ad
1682 1663 1828 1720 aliud
1849 1666 2159 1736 quidpiam;

2263 1655 2369 1708 νῶν
2400 1655 2606 1728 ἑκάστη
2662 1656 2763 1727 μὲν
2804 1656 2916 1728 ἔχει
2953 1657 3181 1729 δύναμιν
3219 1659 3329 1711 εἴτε
3377 1660 3458 1725 εἰς
3506 1659 3606 1732 τὴν
3641 1663 3852 1732 ὑγίειαν

575 1763 681 1804 nec
715 1758 897 1806 tamen
925 1753 1106 1808 sciunt
1148 1770 1340 1810 omnes
1384 1738 1470 1811 cui
1512 1773 1743 1827 quaeque
1772 1739 1849 1813 rei
1890 1759 2057 1814 herba
2092 1762 2162 1817 sit

2264 1747 2559 1820 σωμάτων,
2590 1748 2699 1802 εἴτε
2733 1749 2815 1813 εἰς
2845 1749 2874 1802 ὅ
2901 1766 2955 1802 τι
2985 1749 3185 1821 δήποτε
3207 1766 3221 1780 ·
3266 1750 3327 1803 ού
3357 1752 3574 1808 πάντων
3614 1754 3672 1808 δέ
3705 1756 3852 1811 ἐστιν

576 1839 752 1906 utilis,
794 1841 890 1896 sed
932 1843 1023 1913 qui
1063 1845 1287 1900 scientia
1330 1846 1422 1900 illa
1460 1847 1671 1917 praediti
1720 1857 1880 1915 sunt,
1919 1859 1973 1905 et
2007 1851 2061 1906 in
2103 1868 2162 1908 re

2263 1839 2594 1896 ἐπίστασθαι
2628 1842 2709 1905 εἰς
2727 1841 2756 1894 ὃ
2789 1840 2993 1913 ἑκάστη
3013 1838 3121 1895 τῶν
3158 1841 3396 1912 βοτανῶν
3424 1845 3541 1898 ἐστι
3562 1847 3848 1920 χρήσιμος,

578 1930 830 1986 herbaria
869 1944 1177 2001 versantur,
1228 1946 1287 1992 ut
1331 1939 1507 1994 sciant
1544 1941 1765 2008 quando
1811 1951 2064 2014 sumpta,
2106 1953 2161 1999 et
2191 1922 2235 1981 Β

2191 1922 2235 1981 Β
2262 1931 2377 1991 ἀλλ’
2410 1932 2465 1986 εί
2486 1949 2632 1998 τινες
2663 1934 2976 2005 ἐπιστήμην
3004 1933 3314 2006 εἰλήφασιν,
3348 1930 3495 1990 οὗτοι
3517 1937 3566 1990 οἰ
3595 1940 3724 2009 περὶ
3750 1939 3849 2005 τὰς

578 2022 667 2075 οιιί
696 2023 835 2092 parti
863 2039 1154 2095 corporum
1191 2031 1457 2098 apposita,
1484 2042 1537 2087 et
1566 2034 1842 2103 quomodo
1876 2044 2066 2105 parata
2108 2046 2162 2093 et

2265 2023 2497 2095 βοτάνας
2525 2024 2916 2097 διατρίϐοντες,
2950 2025 3037 2078 ἵνα
3071 2024 3224 2080 ἴδωσι
3257 2019 3353 2080 καὶ
3390 2028 3522 2082 πότε
3561 2029 3846 2102 παραλαμ-

577 2120 875 2182 temperata
919 2118 1088 2171 uteuti
1115 2134 1272 2189 opem
1307 2119 1465 2179 ferat.
1507 2123 1579 2177 Ita
1613 2140 1712 2180 ceu
1757 2126 2065 2193 herbarius,
2100 2137 2161 2184 ut

2263 2115 2558 2188 ὅανομένη,
2588 2116 2684 2170 καὶ
2709 2116 2814 2169 ποῦ
2828 2116 2937 2170 τῶν
2965 2117 3234 2189 σωμάτων
3261 2119 3583 2192 ἐπιθεμένη,
3606 2124 3698 2177 ml
3725 2124 3847 2179 τίνα

575 2201 651 2255 ita
675 2202 876 2270 dicam,
911 2214 993 2260 est
1023 2208 1106 2261 vir
1133 2218 1357 2266 sanctus
1396 2222 1450 2268 et
1492 2214 1813 2284 spiritualis,
1859 2217 2093 2289 seligens
2131 2236 2164 2275 e

2261 2207 2462 2280 τρόπον
2509 2205 2883 2280 σκευαζομένη
2928 2209 3135 2281 ὀνίνησι
3173 2207 3266 2263 τὸν
3311 2212 3630 2284 χρώμενον·
3679 2215 3849 2281 οὕτως

575 2294 752 2351 sacris
791 2295 1091 2366 Scripturis
1134 2302 1415 2369 quodlibet
1462 2305 1601 2368 iuta.
1651 2316 1706 2363 et
1742 2308 2022 2378 quodlibet
2062 2313 2161 2367 ob-

2259 2299 2425 2353 οἱονεί
2453 2315 2540 2362 τις
2566 2298 2846 2369 βοτανικός
2874 2300 3023 2354 ἐστιν
3055 2301 3085 2353 ὁ
3120 2300 3277 2370 ἆγιος
3328 2305 3425 2357 ml
3462 2308 3849 2378 πνευματικὸς,

576 2385 726 2441 vium
758 2388 1109 2459 elementum,
1138 2401 1193 2448 et
1238 2394 1432 2451 litterae
1476 2400 1730 2455 virtutem
1784 2401 2066 2459 inveniens
2107 2412 2161 2459 et

2263 2391 2663 2463 ἀναλεγόμενος
2704 2392 2813 2445 ἀπὸ
2852 2393 2963 2447 τῶν
3009 2394 3170 2466 ἱερῶν
3230 2397 3572 2469 γραμμάτων
3620 2400 3854 2454 ἕκαστον

576 2494 740 2547 quem
784 2480 851 2535 ad
897 2497 1055 2538 usum
1105 2489 1509 2544 accommodari
1566 2492 1774 2561 possit,
1824 2502 1879 2548 et
1924 2495 2061 2549 nihil
2105 2495 2158 2550 in

2266 2484 2420 2548 ἰῶτα,
2457 2483 2554 2538 καὶ
2578 2484 2810 2540 ἕκαστον
2840 2485 2901 2539 τὸ
2929 2487 3094 2557 τυχὸν
3123 2492 3407 2560 στοιχεῖον,
3438 2493 3533 2545 ml
3575 2492 3851 2563 εὑρίσκων

579 2570 875 2642 Scripturis
900 2589 1366 2646 supervacaneum
1391 2597 1532 2637 esse.
1560 2582 1616 2637 Si
1640 2592 1696 2638 et
1716 2585 1945 2640 alterum
1968 2586 2160 2641 audire

2261 2576 2360 2648 τὴν
2381 2576 2611 2648 δύναμιν
2637 2576 2734 2631 τοῦ
2758 2576 3106 2649 γράμματος,
3139 2582 3234 2635 ml
3258 2583 3339 2645 εἰς
3360 2582 3387 2635 ὃ
3415 2599 3469 2635 τι
3502 2583 3622 2637 ἐστὶ
3648 2585 3852 2656 χρήσιο

575 2661 660 2717 vis
708 2664 875 2735 hujus
921 2669 999 2723 rei
1039 2670 1380 2740 exemplum,
1425 2674 1638 2743 singula
1688 2675 1936 2731 membra
1988 2678 2159 2734 nostri

2265 2685 2387 2740 μον,
2409 2670 2504 2723 καὶ¹
2535 2670 2617 2723 ὅτι
2641 2670 2794 2723 οὐδὲν
2826 2670 3091 2742 παρέλκει
3124 2672 3231 2726 τῶν
3250 2675 3671 2746 γεγραμμένων.
3703 2676 3766 2730 Εἰ
3793 2676 3852 2730 δὲ

577 2756 825 2826 corporis
865 2758 933 2813 ad
979 2775 1120 2831 opus
1168 2764 1390 2834 aliquod
1436 2767 1505 2821 ab
1551 2768 1746 2838 opiﬁce
1780 2768 1893 2824 Deo
1938 2771 2165 2826 condita

2264 2746 2444 2829 βούλει
2472 2760 2567 2813 ml.
2585 2760 2839 2832 δευτέρου
2886 2761 3117 2816 ἀκοῦσαι
3150 2765 3234 2828 εἰς
3276 2764 3435 2819 τοῦτο
3468 2766 3849 2838 παραδείγμα-

575 2858 739 2917 sunt;
775 2852 868 2906 sed
913 2868 1022 2908 non
1076 2863 1161 2911 est
1201 2858 1449 2914 omnium
1487 2860 1627 2915 scire
1656 2877 1776 2933 qua:
1814 2863 2157 2933 singulorum

2260 2866 2374 2914 τος,
2405 2848 2633 2903 ἕκαστον
2660 2850 2823 2922 μέλος
2853 2850 2946 2904 τοῦ
2984 2850 3237 2923 σώματος
3260 2854 3417 2924 ἡμῶν
3450 2855 3544 2908 ἐπί
3571 2872 3678 2909 τινι
3709 2857 3850 2928 ἔργῳ

576 2941 645 2995 ad
669 2941 1104 3001 minutissimum
1136 2949 1391 3019 quodque
1417 2958 1659 3021 potestas
1689 2964 1743 3009 et
1769 2970 1903 3011 usus
1926 2957 2016 3012 sit.
2052 2957 2158 3024 Qui

2263 2941 2369 2995 ὑπὸ
2399 2941 2493 2995 τοῦ
2542 2942 2782 3014 τεχνίτου
2832 2942 2970 2998 Θεοῦ
3004 2945 3330 3016 γεγένηται·
3362 2945 3480 3000 ἀλλ’
3521 2948 3585 3000 οὐ
3634 2948 3850 3004 πάντων

575 3033 722 3088 enim
751 3035 804 3089 in
832 3039 1157 3107 corporibus
1186 3040 1526 3100 dissecandis
1553 3054 1894 3116 occupantur
1936 3049 2157 3117 medici,

2261 3033 2416 3089 ἐστὶν
2438 3036 2638 3091 εἰδέναι
2655 3036 2738 3101 τίς
2767 3039 2800 3110 ὴ
2826 3037 3061 3092 ἑκάστου
3090 3038 3198 3093 τῶν
3225 3039 3404 3111 μελῶν
3437 3041 3601 3114 μέχρι
3629 3042 3735 3096 τῶν
3759 3058 3852 3096 τυ-

576 3126 760 3207 dicere
799 3129 915 3186 haec
944 3131 1222 3203 sigillatim
1268 3144 1532 3205 possunt,
1583 3146 1638 3192 et
1680 3155 1842 3208 quem
1880 3141 1947 3195 ad
1998 3157 2156 3197 usum

2262 3126 2467 3196 χόντων
2488 3126 2718 3199 δύναμις
2737 3129 2833 3182 ml.
2862 3129 3040 3201 χρεία.
3069 3131 3131 3183 Ol
3155 3129 3266 3202 γὰρ
3288 3132 3419 3201 περὶ
3447 3131 3548 3196 τάς
3575 3133 3853 3205 ἀνατομάς

574 3200 802 3276 minima
852 3237 980 3293 pars
1030 3226 1281 3294 corporis
1334 3242 1366 3281 a
1416 3227 1760 3286 Providentia
1823 3232 2010 3288 eﬂ‘ecta
2061 3235 2154 3290 sit.
2185 3269 2229 3330 ο

2187 3269 2229 3330 c
2263 3218 2823 3290 πραγματευσάμενοι
2857 3200 2967 3274 τῶν
2992 3221 3192 3294 ἰατρῶν
3219 3200 3474 3277 δύνανται
3506 3224 3691 3293 λέγειν
3722 3200 3853 3280 ἕκα-

575 3312 873 3369 Considera
904 3316 1088 3387 itaque
1126 3316 1436 3388 Scripturas
1468 3321 1536 3376 ad
1587 3322 1734 3377 hunc
1766 3324 2010 3390 modum,
2038 3335 2158 3381 tan-
2185 3310 2229 3330 ν

2186 3310 2229 3330 “'
2264 3327 2387 3365 στον
2415 3311 2510 3364 ml
2536 3310 2597 3364 τὸ
2623 3311 2905 3383 ὶλάχιστον
2934 3313 3119 3385 μόριον
3140 3314 3221 3378 εἰς
3249 3315 3303 3367 τί
3336 3316 3610 3387 χρήσιμον
3632 3316 3737 3370 ύπὺ
3754 3317 3852 3389 τῆς

577 3419 743 3473 quam
779 3421 970 3463 omnes
1000 3408 1179 3465 herba:
1207 3412 1335 3476 sint,
1364 3422 1461 3466 aut
1495 3428 1662 3467 unum
1694 3414 1993 3485 perfectum
2029 3432 2159 3473 ora-

2259 3403 2522 3474 Προνοίας
2544 3403 2856 3476 γεγένηται.
2895 3406 3025 3459 Νόει
3062 3423 3153 3477 μοι
3176 3408 3356 3462 τοίνυν
3387 3409 3482 3462 ml
3496 3409 3595 3474 τὰς
3632 3410 3853 3483 Γραφὰς

579 3494 749 3550 tionis
775 3511 1003 3567 corpus;
1037 3500 1082 3554 si
1110 3516 1239 3556 vero
1268 3518 1444 3573 neque
1483 3504 1768 3561 berbarius
1805 3522 1865 3562 es
1912 3507 2161 3579 Scriptu-

2257 3494 2448 3548 τοῦτον
2474 3494 2566 3557 τὸν
2591 3495 2792 3566 τρόπον
2822 3497 3006 3562 πάσας
3036 3497 3287 3568 βοτάνας,
3326 3499 3359 3571 ἢ
3384 3499 3444 3553 ἓν
3465 3501 3672 3556 τέλειον
3693 3501 3849 3572 λόγου

577 3604 788 3655 rarum,
815 3604 992 3660 neque
1029 3593 1294 3650 dissector
1333 3597 1774 3668 prepheticorum
1814 3615 2158 3671 sermonum,

2264 3583 2425 3657 σῶμα
2442 3602 2458 3616 ·
2483 3587 2533 3639 εί
2555 3585 2613 3640 δὲ
2645 3587 2710 3639 σὺ
2742 3589 2880 3658 μήτε
2903 3587 3188 3659 βοτανικὸς
3202 3586 3256 3644 εἷ
3275 3591 3532 3663 Γραφῶν,
3562 3595 3700 3665 μήτε
3719 3596 3852 3649 ἀνα-

579 3698 650 3737 ne
677 3682 881 3740 idcirco
912 3686 1165 3742 existima
1200 3689 1253 3742 in
1298 3688 1598 3761 Scripturis
1648 3694 1925 3763 quidpiam
1961 3696 2164 3751 redun-

2260 3678 2463 3748 τομεὺς
2487 3675 2596 3731 τῶν
2625 3678 2983 3750 προφητικῶν
3014 3679 3208 3750 λόγων,
3237 3683 3312 3754 μὴ
3342 3682 3529 3754 νόμιζε
3561 3685 3855 3757 παρέλκειν
3905 3744 3912 3752 ,

578 3774 731 3846 dare,
758 3776 851 3832 sed
878 3786 929 3832 te
956 3778 1135 3848 ipsum
1164 3780 1365 3847 solum,
1395 3784 1577 3852 potius
1610 3798 1776 3853 quam
1818 3785 2025 3841 litteras
2069 3802 2161 3843 sa-

2262 3783 2316 3819 τι
2343 3766 2453 3822 τῶν
2484 3769 2910 3840 γεγραμμένων,
2941 3769 3079 3825 ἀλλά
3106 3773 3303 3828 σαυτὸν
3338 3774 3499 3846 μόνον
3537 3776 3571 3848 ἢ
3618 3775 3689 3830 τὰ
3729 3776 3853 3848 ἱερὰ

579 3880 705 3922 cras
735 3882 956 3934 accusa,
989 3885 1112 3924 cum
1143 3873 1410 3927 rationem
1438 3888 1630 3928 eorum
1660 3889 1784 3944 qua:
1805 3875 2006 3945 scripta
2033 3887 2164 3933 sunt

2264 3858 2570 3932 γράμματα
2598 3860 2776 3926 αἰτιῶ,
2799 3862 2890 3915 ὅτε
2922 3862 2998 3934 μὴ
3025 3862 3301 3933 εὑρίσκεις
3328 3865 3419 3919 τὸν
3448 3865 3606 3936 λόγον
3626 3868 3734 3922 τῶν
3761 3884 3853 3937 γι-

576 3973 691 4015 non
724 3958 958 4017 invenis.
1002 3961 1116 4019 Hoc
1161 3979 1190 4017 a
1242 3979 1331 4020 me
1368 3964 1422 4019 in
1473 3966 1787 4022 universum
1831 3969 2156 4038 prooemium

2264 3952 2622 4023 γραμμένων.
2648 3951 2820 4006 Τοῦτό
2850 3970 2941 4024 μοι.
2965 3953 3026 4008 τὸ
3066 3954 3353 4027 προοίμιον
3385 3958 3599 4030 εἴρηται
3639 3958 3854 4013 καθολι-

577 4049 785 4106 dictum
812 4062 912 4120 est,
934 4056 1079 4125 quod
1118 4056 1387 4114 universae
1433 4059 1730 4130 Scriptura:
1755 4062 2162 4118 accommodari

2263 4043 2397 4108 κῶς,
2428 4044 2700 4116 χρήσιμον
2737 4040 2877 4099 εἶναι
2903 4045 3203 4119 δυνάμενον
3223 4050 3303 4115 εἰς
3325 4048 3457 4121 ὅλην
3481 4051 3582 4122 τὴν
3604 4051 3851 4123 Γραφὴν,

577 4152 781 4215 potest,
816 4156 875 4202 ut
905 4159 1234 4205 moneantur
1263 4152 1357 4221 qui
1398 4153 1564 4224 hujus
1611 4153 1829 4210 lectioni
1863 4171 1923 4212 se
1964 4156 2163 4212 dedere

2266 4134 2356 4189 ἵνα
2381 4134 2770 4207 προτραπῶσιν
2785 4138 2836 4191 οί
2863 4137 3109 4203 θέλοντες
3132 4140 3419 4212 προσέχειν
3438 4144 3504 4212 τῇ
3525 4141 3849 4211 ἀναγνώσει,

576 4237 843 4306 cogitant,
875 4240 1080 4295 nullam
1122 4258 1229 4297 non
1268 4244 1573 4301 discussam
1615 4254 1670 4302 et
1712 4247 2001 4318 diligenter
2040 4263 2163 4319 per-

2270 4228 2432 4299 μηδὲν
2463 4230 2933 4302 παραπέμπεσθαι
2977 4231 3331 4301 ἀνεξέταστον
3362 4236 3457 4289 ml
3498 4233 3854 4308 ἀνεξερεύνη-

576 4328 899 4402 vestigatam
935 4333 1171 4390 litteram
1200 4339 1625 4404 praetermittere.

980 4343 1171 4390 lteram
1200 4339 1625 4404 praetermittere.
2265 4338 2358 4375 τον
2385 4323 2642 4395 γράμμα·

582 4485 3795 4529 .—_——_——-———-————-———-—————~—_______—__

1350 4613 1578 4740 EK
1676 4615 2023 4743 ΤΩΝ
2122 4617 3065 4751 ΩΡΙΓΕΝΟΥΣ

1128 4826 1937 4927 ΔΙΕΞΗΓΗΤΙΚΑΙ
1998 4840 2493 4929 ΕΚΛΟΓΑΙ
2550 4844 2722 4931 ΕΙΣ
2771 4848 2794 4930 ]

1654 4837 1937 4927 [ῚΚΑΙ
1998 4840 2493 4929 ΕΚΛΟΓΑΙ
2550 4844 2722 4931 ΕΙΣ
2771 4842 3320 4934 ΙΕΡΕΜΙΑΝ.

1755 5124 1943 5238 EX
2071 5124 2700 5240 ORIGENE

1472 5358 1989 5450 SELECTA
2075 5360 2201 5448 IN
2322 5355 2986 5449 JEREMIAM.

2174 5540 2239 5555 ~—

1363 5620 1512 5676 CAP.
1556 5619 1600 5674 Ι.
2932 5621 3089 5677 ΚΕΦ.
3128 5622 3206 5679 A'.

1363 5621 1512 5676 CAP.
1556 5621 1600 5674 Ι.

666 5716 719 5772 θ.
755 5716 821 5771 Et
860 5716 968 5770 dixi
999 5733 1017 5770 :
1046 5715 1090 5772 0
1130 5621 1382 5769 euagatis
1421 5713 1718 5766 dominator
1762 5711 2013 5778 Domine;
2056 5728 2168 5766 ecce

2932 5621 3089 5677 ΚΕΦ.
3128 5622 3206 5679 A'.

2345 5713 2398 5768 6.
2435 5712 2546 5768 Καὶ
2575 5707 2717 5768 εἶπα
2736 5715 2828 5765 ·⁰Ο
2856 5711 2940 5766 ὢν
2969 5713 3240 5767 Δέσποτα
3280 5717 3458 5785 Κύριε
3480 5756 3497 5781 ,
3557 5716 3698 5774 ἰδοὺ
3737 5719 3860 5775 οὐκ

514 5811 519 5815 ’
599 5809 768 5861 nescio
800 5807 958 5875 loqui,
990 5809 1113 5876 quia
1142 5804 1329 5874 junior
1358 5817 1450 5869 ego
1478 5819 1612 5855 sum.
1647 5805 1697 5856 7.
1733 5803 1797 5855 Et
1827 5803 1960 5856 dixit
1993 5802 2170 5856 Domi-

2274 5804 2595 5874 ἑπίσταμαι
2618 5802 2832 5858 λαλεῖν
2854 5842 2868 5867 ,
2920 5802 3010 5856 ὅτι
3039 5802 3324 5873 νεώτερος
3372 5806 3485 5879 ἐγώ
3539 5809 3675 5878 εἰμι.
3740 5809 3855 5866 Καὶ

600 5915 693 5954 nus
718 5898 789 5952 ad
825 5912 948 5950 me:
980 5896 1101 5953 Noli
1131 5896 1302 5949 dicere
1335 5892 1458 5958 quia
1480 5893 1664 5960 junior
1694 5909 1785 5963 ego
1813 5909 1947 5946 sum.
1984 5891 2169 5949 Justus

2275 5890 2405 5950 εἶπε
2432 5894 2646 5965 Κύριος
2670 5890 2820 5959 πρὸς
2840 5890 2916 5960 μέ
2935 5907 2949 5925 ’
2987 5890 3082 5961 Μὴ
3116 5890 3274 5960 Λέγε,
3311 5892 3401 5949 ὅτι
3430 5892 3713 5965 νεώτερος
3735 5890 3852 5962 ἐγὼ
