4218 6292
234 278 350 336 διδ

1476 282 1792 340 SELECTA
1830 281 1897 337 IN
1934 281 1963 338 J
1974 281 2306 338 EREMIAM.

3431 288 3537 344 546

235 397 389 467 εἰμι.
442 396 506 451 '0
533 395 644 469 γὰρ
672 396 879 462 δίκαιος
904 399 1007 451 οὐκ
1034 398 1189 453 ἔστιν
1221 398 1280 452 ἐν
1310 400 1552 473 νεότητι,
1590 403 1713 456 ἐπεὶ
1753 419 1830 456 τε·

1942 399 2088 456 enim
2119 400 2257 456 intra
2283 401 2624 472 juventutem
2645 414 2755 455 non
2776 410 2880 466 est,
2902 402 3118 471 quando
3140 400 3531 473 perfectionem

239 486 505 553 λειωθεὶς
528 490 588 542 ὲν
608 488 798 558 ὀλίγῳ,
829 491 1119 564 ἐπλήρωσε
1159 493 1386 565 χρόνους
1437 496 1704 567 μακρούς.
1762 498 1852 561 Ὠς

245 581 395 653 πρὸς
422 582 496 653 μὴ
518 581 642 636 ὄντα
665 581 774 653 γὰρ
803 584 862 637 ἐν
887 583 1029 649 ὁδοῖς
1054 584 1286 655 ψεκταῖς
1312 587 1403 641 τό·
1432 588 1531 656 Μὴ
1564 588 1727 660 λέγε,
1758 589 1850 643 ὅτι

248 669 541 741 νεώτερός
578 674 720 743 εἰμι·
767 675 957 738 ὁποῖος
1010 676 1249 749 Ῥοϐοάμ
1306 679 1692 747 ἐγκαταλιπὼν
1746 680 1847 753 τὴν

255 761 455 835 βουλὴν
484 763 587 816 τῶν
616 765 1030 838 πρεσϐυτέρων,
1055 768 1152 822 καὶ
1180 771 1301 835 ταῖς
1328 770 1438 827 τῶν
1463 771 1599 827 νέων
1623 771 1847 826 ἀκολου-

254 855 460 928 θήσαςο
486 855 563 909 διὸ
587 856 684 910 καὶ
711 857 812 930 τὴν
834 857 1111 928 βασιλείαν
1125 861 1225 915 οὐκ
1243 863 1533 935 ἐτήρησεν,
1564 864 1682 918 οἵαν
1706 881 1845 936 παρ-

254 947 458 1002 ἐλαϐεν.

322 1039 405 1095 i3.
445 1040 560 1094 Kal.
580 1041 822 1110 ἐγένετο
843 1043 1026 1114 λόγος
1054 1046 1277 1114 Κυρίου
1296 1047 1364 1101 ὲκ
1382 1047 1667 1117 δευτέρου
1693 1046 1844 1117 πρὸς

237 1132 316 1202 μὲ
340 1134 540 1203 λέγων
560 1150 576 1164 °
618 1135 682 1189 Τί
708 1135 791 1190 σὺ
825 1135 1002 1205 όρᾷς;
1034 1138 1136 1194 καὶ
1176 1136 1351 1195 εἶπα*
1409 1141 1645 1210 Λέϐητα
1692 1145 1842 1197 ὐπο-

239 1224 585 1293 καιόμενον,
619 1226 718 1280 καί
750 1226 814 1280 τὸ
847 1229 1174 1296 πρόσωπον
1203 1230 1394 1285 αὑτοῦ
1440 1232 1559 1287 ἀπὸ
1606 1232 1841 1302 προσώ-

239 1328 361 1370 που
388 1315 606 1385 Βορῤᾶ.
628 1317 788 1373 Κατὰ
817 1319 1049 1392 θεωρίαν
1070 1322 1099 1374 6
1126 1322 1527 1394 ύποκαιόμενος
1549 1324 1712 1398 λέϐης
1731 1327 1841 1381 ἀπὸ

242 1405 542 1477 προσώπου
572 1408 667 1462 τοῦ
700 1409 885 1484 Bebba
917 1411 1274 1466 dnoxais‘rat'
1309 1414 1503 1487 ἐχθρὸς
1538 1417 1648 1489 γὰρ
1682 1409 1841 1481 οὗτος

244 1499 364 1569 ἅμα
394 1499 489 1553 καὶ
516 1492 808 1573 ὲκδιὶιητής
830 1505 999 1555 ἐστιν.
1031 1502 1230 1576 Διόπερ
1271 1506 1301 1559 6
1339 1507 1696 1580 ἁμαρτήσας,
1736 1508 1836 1561 εἴτ’

244 1591 303 1644 ὲν
330 1590 671 1664 βλασφημίᾳ,
706 1594 1060 1666 παραδίδοται
1098 1597 1178 1669 τῷ
1205 1599 1420 1671 Σατανᾷ
1455 1600 1541 1654 ἴνα
1570 1600 1831 1673 παιδευθῇ

249 1684 324 1755 μὴ
355 1683 693 1757 βλασφημεῖν
713 1702 726 1716 ·
763 1687 863 1741 εἴτ’
888 1689 945 1742 ὲν
968 1690 1214 1764 πορνείᾳ,
1246 1692 1600 1765 παραδίδοται
1622 1693 1701 1765 τῷ
1728 1695 1835 1748 Σα-

1950 493 2178 562 adeptus
2224 492 2441 548 modico
2487 493 2697 562 spatio,
2753 492 2912 563 longa
2967 493 3211 563 implevit
3260 506 3530 566 tempora.

1956 582 2153 638 Verum
2183 584 2341 653 quasi
2367 582 2435 639 ad
2467 599 2577 638 non
2612 584 2951 642 incedentem
2979 588 3086 644 viis
3108 588 3387 656 ﬂagitiosis
3426 591 3533 646 hoc

1948 676 2150 731 dicitur
2175 696 2188 731 :
2216 676 2498 754 Nedicas,
2521 677 2719 733 Junior
2741 697 2893 746 sum;
2915 682 3095 752 qualis
3125 679 3228 736 fuit
3263 681 3529 751 Roboam,

1946 767 2040 836 qui
2063 768 2388 837 posthabitis
2411 768 2661 824 consiliis
2690 773 2991 836 seniorum,
3014 772 3328 842 junioribus
3350 774 3531 828 adhae-

1947 856 2041 920 sit,
2069 872 2180 926 quo
2213 857 2418 913 factum
2451 865 2537 913 cst
2567 867 2628 912 ut
2659 875 2767 915 non
2811 863 3073 918 retineret
3106 876 3334 931 regnum
3370 864 3534 933 quale

1944 960 2251 1020 acceperat.

2016 1039 2106 1094 15.
2146 1041 2217 1094 Et
2245 1042 2449 1111 factum
2476 1053 2555 1099 est
2584 1045 2794 1099 verbum
2822 1044 3039 1099 Domini
3073 1047 3301 1101 secundo
3329 1049 3399 1102 ad
3447 1066 3528 1107 me

1943 1131 2122 1186 dicens
2146 1145 2165 1186 :
2199 1131 2342 1197 Quid
2372 1142 2429 1188 tu
2462 1137 2648 1190 uides?
2671 1146 2722 1190 et
2750 1138 2864 1191 dixi
2893 1153 2911 1191 :
2941 1136 3118 1193 Ollam
3144 1156 3449 1195 succensum
3474 1153 3527 1197 et

1942 1222 2135 1290 faciem
2161 1223 2274 1294 ejus
2319 1242 2350 1278 a
2387 1225 2529 1294 facie
2560 1227 2860 1298 Aquilonis.
2897 1229 3207 1286 Secundum
3235 1232 3525 1302 theoriam,

1943 1311 2096 1369 lebes
2122 1329 2424 1371 succensus
2448 1332 2479 1371 ιι
2509 1315 2648 1375 facie
2677 1320 2952 1390 aquilonis
2998 1323 3379 1395 succenditur;
3417 1325 3531 1382 ini-

1939 1404 2115 1460 micus
2140 1407 2285 1461 enim
2316 1408 2406 1463 hic
2432 1409 2595 1465 simul
2627 1420 2682 1465 et
2704 1412 2900 1467 vindex
2927 1422 3031 1469 est.
3064 1413 3407 1486 Quapropter
3429 1420 3526 1490 qui

1937 1495 2198 1567 deliquit,
2249 1497 2363 1553 sive
2414 1500 2864 1570 blasphemando,
2910 1502 3127 1560 Satanae
3168 1506 3422 1578 traditur,
3465 1519 3527 1564 ut

1935 1592 2198 1646 doceatur
2219 1607 2328 1648 non
2359 1592 2772 1664 blasphemare;
2802 1596 2919 1652 sive
2944 1599 3258 1667 scortando,
3288 1602 3525 1657 traditur

1939 1679 2154 1737 Satanae
2189 1683 2242 1737 in
2292 1684 2573 1739 interitum
2606 1687 2811 1752 carnis,
2855 1698 2916 1741 ut
2958 1689 3183 1759 spiritus
3225 1692 3408 1747 salvus
3452 1694 3524 1748 sit

246 1777 379 1848 τανᾷ
404 1778 484 1840 είς
507 1777 727 1849 ὄλεθρον
758 1780 859 1851 τῆς
883 1782 1104 1854 σαρκὸς,
1139 1784 1227 1839 ἵνα
1255 1784 1316 1838 τὸ
1348 1784 1567 1856 πνεῦμα
1598 1785 1744 1857 σωθῇ
1775 1787 1830 1840 ὲν

1936 1774 1989 1827 iu
2013 1774 2100 1828 dic
2123 1774 2363 1829 Domini.
2385 1774 2537 1842 Quos
2565 1787 2747 1832 autem
2777 1780 3101 1835 succendit?
3119 1779 3227 1837 Eos
3247 1784 3339 1852 qui
3362 1783 3521 1854 quasi

247 1865 310 1936 τῇ
334 1863 521 1937 ἡμέρα
542 1866 636 1920 τοῦ
664 1868 889 1939 Κυρίου.
924 1870 1089 1936 Τίνας
1116 1873 1175 1927 δὲ
1205 1874 1494 1940 ὑποκαίεις
1525 1875 1664 1939 Τοὺς
1695 1893 1831 1930 κατ-

247 1956 548 2023 οικοῦντας,
594 1958 710 2014 ἀλλ’
734 1960 797 2013 ού
823 1962 949 2026 τοὺς
982 1965 1382 2036 παροικοῦντας
1402 1966 1503 2038 τὴν
1540 1966 1665 2036 γῆν.
1692 1967 1830 2040 Βέλη

246 2048 352 2123 γὰρ
382 2050 611 2104 ἀπολύει
661 2054 1037 2124 πεπυρωμένα
1067 2056 1162 2109 ἐπὶ
1178 2058 1306 2121 τοὺς
1339 2057 1412 2129 μὴ
1439 2059 1589 2131 πάσῃ
1616 2059 1830 2131 φυλακῇ

242 2142 545 2216 τηροῦντας
563 2143 663 2207 τάς
685 2145 891 2198 ἑαυτῶν
923 2147 1171 2218 καρδίας,
1205 2148 1280 2212 ὡς
1306 2149 1396 2217 ὑφ’
1420 2149 1538 2213 οἵας
1569 2148 1834 2220 δηποτοῦν

242 2232 525 2305 ἁμαρτίας
555 2232 878 2304 πυροῦσθαι.

903 2327 1062 2380 ΚΕΦ.
1103 2327 1179 2383 B’.

308 2416 403 2471 21.
446 2415 589 2487 Ἐγὼ
620 2416 689 2470 δὲ
713 2417 1023 2486 ἐφύτευσό
1043 2434 1117 2473 σε
1136 2418 1413 2490 ἄμπελον
1448 2425 1834 2492 καρποφόρον

239 2505 452 2561 πᾶσαν
473 2506 777 2575 ἀληθινήν
796 2525 810 2539 ·
845 2506 973 2574 πῶς
996 2508 1305 2579 ἐστράφης
1332 2513 1420 2578 είς
1450 2513 1695 2582 πικρίαν
1725 2513 1833 2583 ἅμ-

239 2602 432 2665 πελος
458 2600 498 2667 ἡ
528 2599 821 2668 ἀλλοτρία
832 2615 853 2663 ;
877 2601 941 2652 El
962 2600 991 2653 6
1024 2600 1156 2666 Θεὸς
1183 2601 1413 2656 θάνατον
1454 2605 1556 2657 οὐκ
1581 2605 1827 2677 ἐποίησε,
1854 2606 1859 2609 ’

242 2692 425 2762 φθόνῳ
452 2691 509 2745 δὲ
544 2692 790 2746 διαϐόλου
825 2693 1052 2761 θάνατος
1076 2696 1323 2768 εἰσῆλθεν
1353 2698 1435 2762 είς
1462 2699 1554 2754 τὸν
1591 2699 1826 2773 κόσμον·

138 2806 144 2810 ι
238 2784 295 2837 εί
329 2801 382 2837 τι
416 2783 543 2856 περὶ
565 2786 711 2856 ἡμᾶς
740 2785 961 2857 ἄριστον
986 2788 1284 2860 πεποίηκεν
1309 2792 1337 2844 6
1355 2790 1510 2856 Θεὸς,
1538 2793 1699 2864 ἡμεῖς
1719 2795 1829 2867 ἄρα

238 2875 340 2947 τὴν
398 2876 596 2930 κακίαν
646 2878 941 2951 ὲκτίσαμεν
999 2881 1232 2946 ἑαυτοῖς.
1280 2882 1479 2955 Διόπερ
1537 2887 1823 2958 ὲπαπορεῖ,

238 2966 375 3034 Πῶς
396 2969 721 3040 ἐστράφης,
749 2972 849 3026 οὐκ
870 2973 1103 3042 ἀγνοῶν,
1134 2973 1251 3028 ἀλλ’
1284 2975 1659 3048 ἀνθρωπίνως.
1702 2977 1827 3034 Πᾶ-

234 3076 363 3113 σαν
380 3060 438 3114 δέ
466 3078 653 3134 φησιν,
680 3064 780 3118 οὐκ
800 3066 864 3119 ἐκ
890 3066 1109 3138 μέρους,
1132 3067 1209 3133 ὡς
1233 3068 1324 3123 τὸν
1356 3070 1453 3141 μὲν
1479 3068 1616 3126 εἶναι
1637 3071 1826 3144 ἀληθι-

233 3153 337 3224 νὴν
370 3153 635 3224 ἄμπελον,
660 3155 751 3209 τὸν
779 3157 838 3211 δὲ
863 3157 1055 3231 ψευδῆ.
1087 3160 1185 3214 Διά
1214 3160 1324 3233 γὰρ
1352 3162 1448 3215 τοῦ
1500 3162 1671 3236 Ἀδὰμ
1700 3167 1823 3219 κατ’

233 3245 425 3300 εἰκόνα
456 3246 591 3300 Θεοῦ
613 3248 917 3321 γεγόναμεν
949 3251 1206 3316 ἅπαντες.
1236 3253 1488 3308 Τοιοῦτον
1534 3255 1591 3309 δὲ
1638 3258 1731 3310 καὶ
1762 3258 1825 3312 τὸ

242 3337 471 3393 Ἦσαῒου
493 3356 507 3370 ⁸
546 3339 682 3406 Πῶς
701 3339 939 3410 ἐγένετο
958 3344 1137 3411 πόλις
1167 3346 1359 3415 πόρνη
1383 3346 1570 3417 πιστὴ
1596 3348 1785 3413 Σιών;
1819 3354 1825 3364 ⁸

305 3520 397 3576 32.
440 3521 536 3591 Μὴ
565 3523 918 3593 ἐπιλήσεται
943 3527 1149 3596 νύμφη
1191 3527 1296 3583 τὸν
1333 3531 1565 3600 κόσμον
1603 3530 1823 3600 αὐτῆς

229 3612 338 3668 καὶ
379 3615 678 3683 παρθένος
714 3616 828 3686 τὴν
886 3618 1335 3689 στηθοδεσμίδα
1392 3620 1620 3691 αὐτῆς;
1671 3623 1725 3677 '0
1754 3624 1826 3678 δὲ

228 3707 390 3773 λαός
420 3723 540 3776 μου
566 3708 893 3763 ἐπελάϐετό
922 3727 1043 3780 μου
1073 3710 1299 3780 ἡμέρας
1320 3751 1336 3775 ,
1369 3705 1459 3766 ὧν
1503 3714 1614 3767 οὐκ
1653 3714 1827 3769 ἔστιν

228 3798 502 3869 ἀριθμός.
534 3799 704 3872 Φησὶν
729 3796 822 3854 οὖν
849 3801 1249 3873 ὲντρεπτικῶς’
1303 3802 1395 3875 Μὴ
1435 3806 1547 3869 τοῖς
1585 3803 1824 3871 εἰδώλοις

230 3890 439 3963 ὁμοίως
486 3891 743 3965 ἀνόνητος
794 3893 977 3958 αὐτοῖς
1023 3894 1252 3964 γέγονα,
1300 3887 1363 3948 οὗ
1419 3894 1482 3969 δὴ
1521 3895 1683 3969 χάριν
1724 3898 1824 3969 τὴν

228 3982 379 4055 ἐμὴν
400 3983 716 4057 ἀπέδρασαν
747 3984 1100 4051 δεσποτείαν;
1133 3986 1325 4041 Καίτοι
1354 3988 1451 4042 καὶ
1488 3989 1825 4054 ἀποστάντες

233 4073 395 4147 ἐμοῦ,
449 4076 544 4129 καὶ
589 4075 746 4149 δόξης
781 4078 1008 4143 ἑαυτοὺς
1040 4079 1453 4152 ἀπεστέρησανο
1504 4080 1665 4148 Δόξα
1712 4082 1823 4155 γὰρ

229 4166 473 4233 αιώνιος
494 4168 650 4237 ὑπὲρ
679 4169 954 4240 κεφαλῆς
975 4169 1097 4225 τῶν
1127 4170 1394 4226 δικαίων.

892 4261 1050 4315 ΚΕΦ.
1091 4262 1165 4318 Γ⁴.

312 4349 365 4405 7.
404 4352 514 4406 Kal
557 4348 697 4407 εἶπα
720 4354 872 4424 μετὰ
902 4353 969 4409 τὸ
1018 4354 1350 4424 πορνεῦσαι
1398 4353 1596 4425 αὐτὴν
1634 4353 1822 4409 ταῦτα

1852 3117 1895 3176 C

1938 1864 2151 1930 incohc,
2182 1880 2291 1920 non
2322 1868 2479 1936 quasi
2507 1870 2776 1940 peregrini
2822 1880 3023 1927 terram
3063 1872 3385 1930 inhabitant.
3419 1874 3523 1931 Sa-

1935 1956 2099 2026 gittas
2130 1958 2276 2012 enim
2304 1960 2568 2016 adversus
2602 1977 2699 2019 eos
2751 1964 2845 2033 qui
2888 1979 2999 2019 non
3042 1977 3293 2022 accurate
3332 1978 3521 2024 custo-

1935 2045 2092 2101 diunt
2116 2062 2217 2103 sua
2248 2050 2411 2105 corda
2437 2051 2634 2108 emittit
2661 2052 2882 2125 ignitas,
2915 2067 2976 2111 ut
2998 2057 3367 2128 qualicunque
3392 2070 3516 2131 pec-

1935 2141 2061 2189 cato
2098 2135 2401 2207 ignoscant.

2600 2323 2753 2380 CAP.
2792 2325 2855 2382 ll.

2004 2408 2094 2462 2|.
2138 2408 2251 2482 Ego
2277 2424 2456 2469 autem
2490 2417 2729 2487 plantavi
2769 2430 2819 2475 te
2855 2423 3010 2476 vitem
3049 2423 3388 2495 fructi/eram
3439 2438 3518 2481 to-

1938 2509 2046 2554 tam
2086 2518 2262 2557 veram
2286 2521 2306 2559 :
2337 2509 2596 2577 quomodo
2633 2528 2883 2567 conversa
2923 2528 2976 2568 es
3006 2516 3062 2569 in
3105 2518 3518 2576 amaritudinem

1934 2593 2059 2648 vitis
2087 2594 2310 2651 aliena?
2355 2598 2414 2653 Si
2472 2612 2705 2659 mortem
2759 2603 2903 2660 Deus
2952 2621 3060 2660 non
3104 2606 3263 2674 fecit,
3312 2610 3516 2667 invidia

1932 2697 2065 2738 vero
2095 2684 2298 2742 diaboli
2338 2704 2489 2746 mors
2518 2693 2574 2745 in
2617 2693 2884 2748 mundum
2920 2695 3165 2766 ingressa
3202 2710 3314 2766 est,
3354 2702 3517 2771 quid-

1931 2774 2063 2844 quid
2094 2775 2150 2830 in
2177 2776 2335 2853 nobis
2360 2781 2650 2850 optimum,
2694 2786 2899 2840 creavit
2934 2786 3115 2856 Deus;
3153 2789 3313 2846 nobis
3349 2792 3516 2863 igitur

1930 2880 2034 2921 nos
2063 2868 2165 2938 ipsi
2190 2872 2491 2940 nequitiam
2526 2876 2855 2935 creavimus.
2881 2877 3223 2950 Quapropter
3252 2882 3514 2942 luesitans

1930 2960 2043 3015 ait:
2070 2960 2345 3027 Quomodo
2372 2982 2621 3023 conversa
2655 2971 2750 3026 es?
2785 2969 2905 3026 Non
2940 2973 3087 3044 quod
3130 2973 3371 3044 ignoret,
3416 2978 3513 3033 sed

1933 3052 2175 3110 humano
2224 3072 2396 3114 more.
2435 3058 2623 3114 Totam
2656 3069 2837 3119 autem
2871 3065 3069 3135 inquit,
3118 3081 3227 3121 non
3261 3068 3408 3137 quod
3440 3083 3509 3125 ex

1928 3155 2104 3214 parte,
2133 3154 2193 3201 ut
2214 3162 2342 3219 pars
2372 3149 2444 3204 sit
2477 3165 2605 3206 vera
2645 3152 2825 3219 vinea,
2852 3169 2981 3224 pars
3010 3153 3182 3223 falsa;
3218 3171 3315 3227 per
3335 3158 3509 3214 Adam

1926 3239 2071 3293 enim
2098 3242 2400 3297 secundum
2439 3242 2731 3315 imaginem
2761 3244 2857 3301 Dei
2899 3246 3027 3303 facti
3063 3264 3257 3304 sumus
3294 3265 3507 3307 omnes.

1928 3328 2119 3386 Simile
2149 3333 2281 3388 illud
2313 3332 2532 3390 Isaiae"
2559 3354 2573 3392 :
2600 3335 2875 3402 Quomodo
2917 3340 3221 3396 adulterata
3276 3353 3351 3398 est
3382 3344 3509 3399 urbs

1926 3421 2099 3490 ﬁdelis
2130 3421 2259 3479 Sion
2280 3425 2307 3479 ?
2650 3480 2653 3483 λ

1998 3512 2088 3567 52.
2141 3513 2398 3588 Nunquid
2445 3520 2781 3576 obliviscetur
2825 3539 3019 3593 sponsa
3062 3526 3358 3580 ornamenti
3385 3526 3512 3582 sui?

1925 3611 1974 3657 et
2007 3605 2152 3675 uirgo
2176 3607 2361 3676 fascia:
2383 3612 2665 3679 pectoralis
2691 3615 2845 3668 suae?
2874 3614 3114 3685 Populus
3151 3628 3330 3671 autem
3362 3632 3514 3670 meus

1927 3694 2123 3751 oblitus
2150 3708 2230 3752 est
2260 3702 2364 3756 mei
2383 3703 2566 3758 diebus
2599 3721 2823 3776 quorum
2850 3722 2953 3760 non
2981 3716 3057 3765 est
3090 3721 3360 3761 numerus.
3397 3702 3510 3760 Ln—

1930 3788 2118 3857 quitur
2141 3806 2275 3863 ergo
2305 3794 2372 3849 ad
2406 3794 2757 3866 injiciendum
2800 3799 3058 3855 ruborem
3096 3796 3416 3868 :Nunquid,
3450 3807 3510 3854 ut

1925 3879 2092 3947 idola,
2108 3881 2290 3940 factus
2310 3900 2429 3941 sum
2452 3888 2588 3958 ipsis
2614 3889 2845 3955 inutilis,
2869 3899 2923 3944 et
2944 3905 3008 3944 ea
3038 3890 3106 3946 de
3131 3904 3299 3945 causa
3323 3905 3506 3946 meum

1922 3972 2367 4030 detrectaverunt
2398 3977 2729 4048 imperium?
2769 3979 3094 4050 Quanquam
3132 3980 3448 4038 deﬁcientes
3474 3998 3505 4039 a

1923 4079 2032 4132 me,
2061 4065 2468 4135 pulchritudine
2492 4084 2557 4125 ac
2581 4070 2753 4140 gloria
2781 4087 2841 4127 se
2864 4073 3010 4142 ipsos
3039 4073 3352 4130 nudarunt:
3379 4074 3510 4131 (Ilo--

1925 4159 2007 4215 ria
2035 4160 2182 4217 enim
2214 4168 2425 4217 (eterna
2439 4180 2597 4233 super
2622 4174 2782 4234 caput
2800 4164 3075 4234 justorum
3097 4165 3166 4220 τί.

2472 4256 2643 4326 233
2676 4254 2829 4311 CAP.
2870 4254 2989 4311 Ill.-

2000 4342 2051 4398 7.
2092 4341 2167 4397 Et
2201 4342 2339 4409 dixi,
2373 4353 2662 4416 postquam,
2691 4344 2956 4416 fornicata
2989 4355 3104 4400 erat
3140 4345 3252 4401 haec
3291 4348 3502 4402 omnia.

232 4441 435 4498 πάντα
450 4461 462 4473 ·
475 4463 493 4495 ι
512 4445 671 4514 Πρὸς
680 4447 759 4515 μὲ
772 4446 1176 4518 ἀνάστρεψον,
1192 4466 1212 4500 ι
1230 4446 1329 4501 καὶ
1342 4448 1454 4502 οὐκ
1466 4445 1820 4516 ἀνέστρεψε·

1933 4435 2048 4489 «Ad
2070 4451 2150 4491 me
2167 4445 2470 4505 revertere,»
2488 4448 2537 4492 et
2554 4454 2655 4493 non
2671 4448 2748 4493 est
2765 4455 2970 4494 reversa
2991 4454 3009 4494 :
3031 4448 3080 4495 et
3096 4440 3221 4495 vidit
3248 4440 3527 4510 pratvari—

231 4534 335 4589 καί
386 4535 507 4589 εἶδε
560 4535 675 4605 τὴν
722 4538 1102 4593 ἀσυνθεσίαν
1154 4538 1345 4608 αὐτῆς
1398 4541 1438 4608 ἠ
1489 4538 1824 4606 ἀσύνθετος

246 4627 450 4682 Ἰούδα.
496 4629 623 4683 Ἐπὶ
645 4631 754 4684 πᾶν
773 4630 900 4702 ὅρος
925 4631 1140 4701 ψεκτῶς
1165 4631 1515 4687 ἀναϐαίνουσι
1537 4632 1628 4685 καὶ
1642 4633 1690 4686 oi
1722 4631 1820 4704 τὴν

230 4723 613 4795 ὑπερηφανίαν
646 4724 948 4789 νοσοῦντες,
982 4726 1074 4779 καὶ
1100 4725 1337 4794 γίνονται
1368 4726 1473 4779 ὑπὸ
1504 4725 1703 4791 παντὸς
1729 4724 1821 4792 ξύο

230 4816 329 4869 λου
370 4815 642 4881 ἀλσώδους
685 4818 746 4870 οὐ
801 4817 1104 4888 καρπίμου.
1161 4817 1248 4884 Ἐξ
1294 4817 1559 4889 ἀκάρπων
1604 4818 1713 4889 γὰρ
1750 4817 1819 4872 τά

230 4908 373 4979 ἄλση
404 4909 656 4981 δένδρων,
690 4909 932 4981 τέρψεως
969 4911 1128 4981 χάριν
1154 4910 1555 4981 φυτευομένων,
1591 4908 1673 4975 οἷς
1706 4911 1817 4963 ἐοί-

231 5016 365 5054 κασι
396 5001 505 5056 τῶν
533 5001 856 5074 ἑτεροδόξων
887 5003 936 5055 oi
962 5001 1130 5070 λόγοι,
1172 5001 1368 5066 κάλλος
1401 5000 1617 5072 ἔχοντες
1654 5002 1817 5056 πιθα-

232 5088 478 5160 νότητος,
506 5092 573 5145 οὐ
597 5091 706 5146 τῶν
735 5093 1043 5147 ἀκουόντων
1073 5092 1428 5164 ἐπιστροφὴν,
1450 5087 1531 5158 οἷς
1551 5095 1580 5147 6
1600 5093 1819 5158 ἐπιδοὺς

229 5178 429 5234 ἑαυτὸν
457 5181 718 5237 ὑποκάτω
754 5182 1043 5254 πορεύεται
1084 5182 1284 5248 παντὸς
1330 5183 1488 5251 ξύλου
1524 5184 1816 5250 ἀλσώδους.

226 5269 302 5324 δι’
327 5265 389 5324 οὗ
414 5268 574 5340 δῆλον
602 5273 631 5326 ὅ
663 5289 826 5344 φησιν
854 5275 883 5327 6
905 5272 1227 5346 νομοθέτηςο
1253 5274 1338 5328 Οὐ
1357 5274 1677 5343 φυτεύσεις
1697 5273 1821 5331 πᾶν

231 5360 430 5428 ξύλον
469 5361 591 5417 ὑπὸ
616 5363 699 5418 in}
741 5350 1175 5434 θυσιαστήριον
1234 5364 1457 5434 Κυρίου
1506 5365 1613 5421 τοῦ
1668 5367 1817 5421 Θεοῦ

228 5468 372 5519 σου,
405 5453 507 5508 καί
528 5455 600 5509 οὐ
621 5455 897 5524 ποιήσεις
918 5456 1130 5523 ἄλσος.

309 5544 419 5599 Τοῦ
455 5546 664 5601 αὑτοῦ.
705 5546 864 5613 Αὔξει
892 5548 991 5620 τὴν
1017 5548 1351 5621 κατηγορίαν
1381 5548 1484 5620 τῆς
1525 5546 1696 5601 Ἰούδα
1716 5565 1816 5617 φυ-

226 5634 350 5706 λῆς,
390 5636 473 5689 ὅτι
505 5635 640 5707 μηδὲ
668 5638 786 5701 ταῖς
803 5635 894 5690 τοῦ
928 5634 1140 5708 Ἰσραὴλ
1166 5637 1470 5709 συμφοραῖς
1499 5633 1814 5706 ἐπαιδεύθη.

306 5753 353 5783 ’⁸
376 5753 482 5810 lsa.
520 5768 573 5820 ι,
617 5751 709 5807 2|.
784 5752 843 5827 τί,
864 5748 1011 5807 Eccl.
1039 5749 1309 5820 xxxr,10.
1385 5751 1430 5783 ”¹
1464 5749 1622 5807 Deut.
1654 5750 1876 5822 xv1,9.l.

1923 4530 2183 4584 cntionem
2228 4530 2344 4600 ejus
2401 4533 2807 4600 prtevaricatrix
2851 4532 3018 4589 Iuda.
3081 4534 3187 4601 Qui
3237 4535 3508 4604 superbiae

1922 4623 2118 4679 morbo
2148 4622 2417 4692 laborant,
2448 4639 2613 4694 super
2642 4640 2862 4680 omnem
2891 4633 3133 4679 montem
3163 4626 3508 4695 culpabilitcr

1922 4714 2242 4779 asccndunt,
2291 4723 2346 4771 et
2393 4717 2496 4771 sub
2543 4717 2694 4771 omni
2743 4717 2890 4786 ligno
2939 4730 3234 4771 neinoroso
3278 4717 3507 4776 minime

1923 4806 2207 4862 fructuosa
2235 4816 2545 4863 versantur.
2577 4807 2656 4862 Ex
2702 4806 2990 4862 arboribus
3018 4806 3165 4862 enim
3195 4806 3507 4881 infructuo-

1923 4898 1999 4953 sis
2030 4912 2253 4952 nemora
2290 4906 2419 4953 sunt
2438 4913 2605 4954 unam
2634 4899 2700 4952 ad
2732 4901 3083 4967 voluptatem,
3111 4898 3312 4968 quibus
3336 4903 3502 4958 verba

1924 5005 2178 5061 perverse
2206 4991 2258 5045 in
2289 4990 2395 5045 ﬁde
2418 4990 2770 5046 sentientium
2814 4989 3211 5058 assimilantur,
3255 4994 3502 5063 pulchri-

1925 5082 2168 5137 tudinem
2201 5081 2622 5153 probabilitatis,
2663 5097 2769 5136 non
2814 5082 3151 5139 audientium
3185 5086 3499 5142 conversio-

1925 5190 2049 5230 nem
2084 5173 2360 5230 habentia.
2414 5172 2626 5241 Quibus
2675 5171 2770 5243 qui
2815 5185 2875 5228 se
2921 5172 3150 5241 dederit,
3199 5177 3302 5232 sub
3353 5176 3503 5232 omni

1923 5266 2071 5338 ligno
2096 5282 2386 5323 nemoroso
2409 5266 2746 5322 obambulat.
2785 5265 2863 5321 Ex
2903 5283 3014 5336 quo
3045 5268 3215 5340 liquet
3247 5270 3391 5339 quod
3428 5269 3505 5324 Ie-

1923 5358 2147 5430 gislator
2172 5360 2250 5415 ait
2271 5361 2349 5413 "':
2381 5358 2501 5414 Non
2527 5360 2794 5429 plantabis
2822 5377 2973 5416 mnne
2994 5362 3194 5432 lignum
3216 5362 3313 5418 sub
3335 5362 3506 5416 altare

1922 5451 2139 5507 Domini
2168 5450 2266 5506 Dei
2296 5451 2395 5515 tui,
2420 5461 2471 5506 et
2499 5468 2600 5505 non
2626 5451 2793 5522 [aries
2825 5470 3027 5508 nemus.

1992 5542 2187 5615 Ejusd.
2228 5539 2650 5599 Accusatiunem
2677 5543 2855 5601 tribus
2884 5542 3040 5599 Iuda:
3074 5544 3325 5616 adauget,
3357 5546 3504 5617 quod

1925 5654 2020 5711 per
2047 5637 2209 5704 Israel
2243 5650 2517 5696 aerumnas
2545 5637 2758 5695 erudita
2787 5652 2897 5695 non
2927 5635 3111 5693 fuerit.
3145 5636 3316 5694 Porro
3347 5639 3507 5698 idolis
