4218 6292
632 333 735 389 547

2018 328 2103 382 EX
2147 328 2450 384 ORIGENE

3781 340 3898 398 558

634 456 976 512 addictorum
1023 451 1387 520 stupiditatem
1421 447 1750 514 ostendens,
1783 447 1928 519 ligna
1976 447 2211 517 lapides-

2317 448 2388 499 Τὸ
2414 447 2471 499 δὲ
2503 447 2611 499 τῶν
2660 446 3186 520 εἰδωλολατρούντων
3224 448 3548 522 ἀναίσθητον
3587 451 3902 524 ἐμφαίνων,

582 531 586 536 ’
635 563 743 619 que
787 554 941 600 vocat
987 544 1151 608 idola,
1200 541 1554 596 considerans
1603 541 1911 596 dmmonum
1973 541 2027 594 in
2079 541 2213 609 ipsis

633 638 888 693 latebras.
921 634 988 688 l-Jt
1022 644 1198 687 tamen
1247 635 1429 703 potius
1475 633 1722 688 converti
1764 634 2026 688 debuerat
2070 633 2209 687 Juda

630 731 796 784 veluti
832 726 1026 780 mulier
1058 727 1218 781 ducta
1251 726 1320 780 ob
1342 724 1760 780 fornicationem
1785 726 2000 796 ejectze;
2031 727 2210 795 majus

629 821 773 874 enim
814 817 1020 872 crimen
1069 817 1114 870 si
1158 817 1275 886 cjus
1318 817 1558 870 imitetur
1593 815 2025 872 fornicationem.
2061 815 2209 871 Talis

627 919 745 965 erat
775 908 1084 964 Judmorum
1132 909 1399 978 pepulus:
1431 924 1553 963 cum
1599 923 1727 963 vere
1768 909 2006 962 converti
2046 908 2209 962 debe-

631 1012 732 1064 ret,
786 1000 874 1055 ille
920 999 1229 1065 simulabat,
1273 997 1442 1052 Deum
1496 998 1654 1052 labiis
1697 998 2012 1052 bonorans:
2044 1013 2204 1067 quem

626 1090 888 1161 populum
925 1089 1348 1158 incompositum
1380 1089 1636 1158 appellat,
1664 1097 1726 1142 ut
1753 1088 1846 1156 qui
1881 1089 2054 1158 pactis
2083 1106 2207 1158 qua:

626 1199 750 1239 cum
793 1183 905 1237 Deo
949 1182 1164 1245 inierat,
1213 1195 1321 1234 non
1375 1179 1621 1246 steterit;
1673 1181 1824 1250 atqui
1873 1181 2204 1238 erudiendus

626 1277 808 1345 potius
836 1284 973 1338 erat,
1006 1272 1148 1342 quod
1198 1281 1252 1325 ct
1300 1270 1560 1339 templum
1587 1271 1838 1334 haberet,
1881 1279 1935 1325 et
1978 1287 2100 1341 quae
2149 1273 2202 1326 in

630 1369 750 1436 ipso
781 1365 1199 1436 peragebantur.
1231 1363 1324 1416 Sic
1348 1372 1401 1416 et
1423 1362 1580 1416 nobis
1606 1362 1735 1416 illud
1769 1363 2066 1418 maximum
2101 1363 2204 1418 im-

631 1456 801 1510 minet
827 1455 1126 1525 pcriculum
1148 1494 1162 1518 ,
1197 1453 1242 1508 si
1288 1461 1414 1522 post
1444 1449 1648 1506 Christi
1692 1453 1981 1508 adventum
2018 1455 2204 1524 expia-

629 1548 832 1604 tionem
866 1556 1248 1618 peccatorum,
1295 1545 1639 1615 Spiritusque
1686 1546 1859 1601 sancti
1903 1548 2198 1616 participa-

627 1641 830 1696 tionem
861 1654 1169 1710 peccemus,
1212 1638 1266 1692 in
1293 1637 1593 1708 primisque
1623 1635 1931 1693 Judaaorum
1975 1639 2200 1708 cjectio-

629 1749 754 1787 nem
786 1747 892 1801 pra:
916 1731 1092 1786 oculis
1125 1731 1402 1786 habentes.
1437 1730 1646 1784 Etenim
1674 1730 1718 1784 si
1746 1730 1915 1785 ramis
1954 1731 2056 1786 sibi
2103 1747 2202 1785 na-

631 1835 751 1879 tura
801 1823 1104 1894 conjunctis
1155 1824 1298 1878 Deus
1340 1838 1448 1878 non
1496 1821 1758 1892 pepercit,
1811 1823 1982 1877 multo
2029 1824 2202 1893 magis

629 1917 1070 1987 delinquentibus
1096 1916 1254 1971 nobis
1283 1930 1388 1971 non
1412 1923 1618 1984 parcet.

1283 2005 1436 2060 CAP.
1484 2005 1542 2060 γ.

697 2097 750 2152 6.
793 2097 919 2151 Ideo
948 2098 1205 2167 percussit
1231 2115 1317 2152 eos
1345 2097 1446 2164 (eo,
1481 2107 1585 2152 etc.
1631 2096 1767 2152 Eum
1807 2097 1899 2167 qui
1937 2098 2205 2166 percussit

623 2206 742 2255 eos,
778 2200 938 2245 vocat
972 2191 1202 2255 leonem,
1246 2200 1299 2245 et
1334 2191 1520 2261 lupum
1557 2199 1611 2244 et
1651 2191 1901 2259 pardum.
1940 2189 2204 2244 Videntur

626 2292 806 2338 autem
835 2281 1045 2337 insidiae
1069 2281 1124 2336 in
1149 2282 1284 2350 ipsis
1307 2279 1614 2335 actionibus
1639 2281 1707 2333 ab
1735 2279 1821 2334 his
1853 2281 1948 2348 qui
1971 2279 2202 2348 ﬁgurate

626 2374 810 2429 leones
851 2380 1116 2426 vocantur
1160 2369 1343 2437 factae;
1397 2370 1450 2423 in
1495 2369 1768 2424 intellectu
1814 2383 1942 2423 vero
1986 2368 2055 2422 ab
2116 2368 2202 2422 his

626 2467 719 2535 qui
748 2465 883 2535 parti
919 2465 1106 2531 animi,
1139 2479 1247 2534 qua
1277 2477 1462 2517 verum
1499 2461 1844 2533 perspicitur,
1882 2477 2076 2517 nocere
2104 2477 2201 2516 vo-

624 2559 766 2615 lunt.
798 2559 1006 2613 Pardus
1036 2559 1178 2613 enim
1220 2558 1272 2612 in
1301 2558 1449 2628 ipsos
1483 2556 1674 2611 oculos
1713 2556 1921 2611 insilire
1962 2555 2196 2621 dicitur;

625 2651 711 2706 leo
737 2665 883 2716 vero,
917 2651 1078 2706 sicuti
1116 2665 1181 2704 ex
1219 2649 1462 2704 historiis
1494 2649 1776 2708 habemus.
1811 2647 2090 2703 confectus
2115 2662 2202 2702 se-

625 2744 719 2798 nio
744 2744 886 2799 circa
932 2743 1097 2796 urbes
1139 2749 1411 2804 versatur,
1459 2740 1742 2793 hominum
1792 2739 1967 2808 prada
2015 2739 2202 2793 volens

625 2837 808 2907 potiri.
850 2834 986 2888 Illud
1035 2845 1292 2903 praeterea
1327 2831 1524 2898 l'ertur,
1559 2846 1626 2886 ex
1661 2832 1832 2900 ipsius
1875 2833 2116 2897 ossibus,
2151 2831 2198 2888 si

625 2927 972 2991 collidantur,
1013 2932 1110 2978 aut
1141 2923 1459 2988 laudantur,
1497 2922 1674 2992 ignem
1715 2923 1918 2977 excuti.
1955 2921 2021 2976 Et
2064 2921 2201 2978 forte

632 3031 748 3086 reo,
802 3019 1109 3088 pardusque
1157 3016 1261 3070 erit
1308 3013 1816 3069 Nabuchodonosor
1861 3015 1955 3084 qui
2008 3015 2199 3069 urbem

2315 539 2466 603 ξύλα,
2499 539 2592 592 καὶ
2623 539 2803 602 λίθους
2831 539 2988 592 καλεῖ
3011 541 3078 594 τὰ
3105 540 3298 594 εἴδωλα
3320 581 3334 602 ,
3374 544 3652 614 σκοπήσας
3678 547 3805 610 τοὺς
3839 547 3907 601 ὲν

2311 632 2494 694 αὐτοῖς
2519 629 2934 699 ἐμφωλεύοντας
2967 631 3245 702 δαίμονας.
3298 632 3490 686 Καίτοι
3531 634 3729 704 μᾶλλον
3775 639 3897 690 Est-.-

2312 723 2564 794 στρέφειν
2613 723 2781 794 ἐχρῆν
2819 723 2911 776 τὸν
2968 723 3199 786 Ἰούδαν,
3238 723 3427 796 ὥσπερ
3474 726 3900 792 ἐπεισελθοῦσαν

2308 817 2542 883 γυναῖκα
2575 814 2672 882 τὴν
2693 814 2781 867 διὰ
2806 815 3060 885 πορνείαν
3097 814 3533 886 ἐκϐεϐλημένην
3573 817 3755 886 μεῖζον
3782 819 3898 891 γὰρ

2308 906 2558 976 ἔγκλημα
2602 905 2702 976 τῆς
2735 904 2950 976 ἐκείνης
2989 905 3038 957 εί
3076 909 3291 975 μιμοῖτο
3333 906 3605 977 πορνείαν.
3652 909 3890 982 Τοιαύτη

2305 995 2412 1048 τῶν
2455 995 2722 1048 Ἰουδαίων
2756 997 2790 1066 ἡ
2825 997 3078 1050 κατοικία
3099 1014 3112 1026 ·
3141 997 3260 1050 δέον
3289 999 3639 1068 ἐπιστρέφειν
3667 1001 3726 1064 ἐξ
3759 1002 3894 1072 άλη-

2305 1085 2477 1150 θείας,
2529 1088 2562 1157 ἡ
2597 1086 2654 1140 δὲ
2689 1086 2902 1156 ψευδῶς
2945 1086 3317 1140 ὑπεπλάττετο
3361 1088 3451 1141 τὸν
3495 1088 3628 1163 Θεὸν
3673 1093 3892 1160 τιμῶσα

2303 1181 2416 1242 τοῖς
2444 1178 2696 1248 χείλεσιν,
2729 1180 2794 1250 ἣν
2821 1178 3110 1232 ἀσύνθετον
3133 1178 3304 1241 καλεῖ,
3335 1179 3410 1242 ὠς
3448 1179 3547 1242 τὰς
3588 1180 3722 1250 πρὸς
3755 1181 3890 1236 Θεὸν

2305 1273 2628 1343 παραϐᾶσαν
2681 1271 2981 1342 συνθήκαςο
3037 1272 3216 1326 καίτοι
3285 1271 3636 1326 παιδεύεσθαι
3691 1277 3889 1346 μᾶλλον

2302 1363 2490 1433 ἐχρῆν,
2519 1363 2612 1417 τὸν
2635 1363 2762 1417 ναὸν
2784 1362 3002 1433 ἔχουσα,
3037 1364 3134 1416 καὶ
3162 1362 3231 1415 τὰ
3259 1364 3317 1416 ἐν
3360 1362 3509 1432 αὒτῷ
3542 1363 3684 1417 κατὰ
3721 1365 3887 1435 νόμον

2302 1454 2712 1524 ἐπιτελούμενα.
2743 1454 2899 1506 Οὕτω
2933 1455 3026 1508 καὶ
3068 1455 3200 1524 ἡμῖν
3233 1453 3490 1508 κινδύνων
3528 1457 3556 1508 ό
3608 1455 3884 1526 μέγιστος,

2301 1545 2396 1599 ἐὰν
2424 1545 2826 1617 άμαρτάνωμεν
2863 1545 3000 1615 μετὰ
3025 1546 3124 1617 τὴν
3156 1545 3393 1618 Χριστοῦ
3434 1541 3760 1619 παρουσίαν.
3793 1551 3887 1603 καὶ

2300 1636 2566 1709 λύτρωσιν
2610 1636 2926 1708 ἁμαρτιῶν,
2954 1639 3048 1692 καί¹
3101 1638 3316 1707 μέθεξιν
3354 1638 3508 1706 ἁγίου
3548 1639 3881 1711 Πνεύματος,

2303 1729 2398 1781 καὶ
2428 1728 2665 1798 μάλιστα
2686 1727 2784 1798 τὴν
2829 1727 3092 1780 Ἰουδαίων
3112 1726 3348 1798 ὁρῶντες
3375 1728 3646 1800 ἀποϐολήν
3663 1747 3675 1759 -
3700 1732 3748 1783 εί
3777 1732 3884 1801 γὰρ

2305 1819 2412 1872 τῶν
2451 1818 2592 1872 κατὰ
2622 1819 2781 1887 φύσιν
2807 1818 3012 1871 κλάδων
3042 1821 3070 1871 ὁ
3109 1818 3240 1883 Θεὸς
3264 1820 3366 1872 οὐκ
3398 1821 3675 1890 ἐφείσατο,
3705 1823 3884 1894 πολλῷ

2310 1911 2508 1983 μᾶλλον
2536 1913 2958 1983 ἁμαρτανόντων
2991 1910 3147 1981 ἡμῶν
3173 1911 3200 1962 ό
3232 1909 3364 1974 Θεὸς
3397 1912 3498 1964 οὐκ
3523 1911 3784 1977 ἀνέξεται.

2951 2006 3108 2058 ΚΕΦ.
3149 2005 3225 2058 Ε’.

2376 2095 2427 2150 6.
2470 2096 2573 2150 Διὰ
2600 2095 2775 2150 τοῦτο
2798 2096 3050 2151 ἔπαισεν
3076 2097 3297 2162 αὐτοὺς
3321 2095 3496 2158 λέων,
3527 2114 3580 2152 κ.
3608 2115 3657 2151 τ.
3695 2100 3739 2153 ἒ.
3771 2097 3876 2155 Τὸν

2305 2187 2706 2258 περιπαίσαντα
2753 2189 2949 2252 αὐτοὺς
2993 2189 3141 2257 λέγει
3190 2188 3400 2254 λέοντα,
3455 2190 3552 2243 καὶ
3575 2189 3733 2244 λύκον
3782 2190 3879 2244 καὶ

2304 2279 2588 2350 πάρδαλιν.
2621 2281 2778 2332 Δοκεῖ
2795 2279 2850 2332 δὲ
2881 2280 2915 2350 ἡ
2951 2281 3048 2352 μὲν
3083 2279 3221 2333 κατὰ
3246 2280 3343 2344 τὰς
3371 2280 3596 2352 πράξεις
3624 2280 3879 2342 ἐπιὸον>.ὴ

2304 2373 2409 2426 ὑπὸ
2441 2373 2547 2426 τῶν
2571 2373 2846 2445 τροπικῶς
2877 2373 3184 2444 λεγομένων
3217 2373 3444 2427 λεόντων
3469 2375 3713 2442 γίνεσθαι
3732 2391 3744 2404 ⁸
3771 2376 3802 2445 ἡ
3825 2375 3881 2428 δὲ

2305 2465 2445 2520 κατὰ
2467 2464 2564 2536 τὴν
2580 2464 2778 2533 γνῶσιν
2796 2466 2900 2519 ὑπὸ
2922 2465 3028 2519 τῶν
3053 2465 3248 2536 βλάψαι
3271 2466 3330 2519 τὸ
3350 2465 3650 2535 διορατικὸν
3669 2467 3766 2537 τῆς
3781 2467 3882 2536 ψυ-

2304 2556 2404 2626 χῆς
2435 2555 2788 2626 βουλομένων.
2834 2556 2896 2608 Ἥ
2929 2555 3038 2628 γὰρ
3067 2555 3331 2628 πάρδαλις
3351 2557 3620 2626 ἐπιπηδᾷν
3639 2556 3880 2626 μάλιστα

2303 2646 2520 2714 λέγεται
2545 2650 2655 2709 τοῖς
2676 2646 2971 2717 ὀφθαλμοῖς
2987 2665 3000 2677 ’
3027 2650 3055 2701 ὁ
3077 2648 3133 2700 δὲ
3154 2648 3308 2712 λέων,
3339 2647 3411 2710 ὡς
3441 2646 3749 2718 ἱστορεῖται,
3775 2664 3880 2718 γη-

2304 2740 2474 2810 ράσας
2506 2741 2630 2812 περὶ
2662 2740 2762 2804 τὰς
2786 2740 2965 2804 πόλεις
2994 2740 3214 2812 νέμεται
3235 2780 3249 2804 ,
3300 2740 3551 2812 θηρεύειν
3579 2739 3746 2794 θέλων
3779 2741 3878 2793 ἀν-

2304 2829 2574 2902 θρώπους.
2625 2832 2856 2902 Λέγεται
2904 2833 2992 2898 δὲ,
3031 2834 3112 2887 ὅτι
3151 2835 3244 2888 καὶ¹
3286 2836 3351 2888 ἐκ
3377 2833 3487 2889 τῶν
3514 2832 3686 2888 ὀστῶν
3713 2832 3878 2886 αὐτοῦ

2303 2925 2653 2994 κοπτομένων
2685 2925 2717 2996 ἢ
2749 2926 3125 2995 πτισσομένων
3151 2927 3262 2997 πῦρ
3290 2925 3588 2997 ἐξέρχεται.
3610 2925 3720 2979 Καὶ
3751 2924 3879 2988 ἴσως

2304 3015 2440 3070 λέων
2471 3015 2536 3069 ἂν
2570 3015 2655 3086 εἴη
2689 3017 2782 3069 καὶ
2810 3015 3073 3087 πάρδαλις
3093 3017 3122 3068 ό
3160 3015 3627 3088 Ναϐουχοδονόσορ
3656 3015 3753 3087 τὴν
3781 3015 3878 3070 πό-

624 3113 868 3182 diripuit,
901 3121 955 3166 et
989 3109 1155 3164 veluti
1203 3109 1407 3179 pardus
1449 3106 1570 3177 ejus
1610 3108 1820 3172 oculos,
1861 3122 2040 3177 regem
2071 3122 2194 3162 cum

2306 3106 2384 3159 λιν
2411 3105 2579 3171 ἐλὼν,
2620 3105 2714 3158 καί¹
2761 3105 2838 3169 ὡς
2883 3104 3146 3174 πάρδαλις
3191 3107 3318 3169 τοὺς
3349 3104 3662 3177 ὀφθαλμοὺς
3711 3105 3877 3174 αὐτῆς

624 3204 947 3274 primatibus
979 3200 1184 3264 effodit,
1220 3215 1285 3254 ac
1319 3200 1534 3254 tandem
1563 3198 1846 3254 Sedeciam
1879 3198 2052 3254 oculis
2085 3200 2197 3268 pri-

623 3295 788 3348 vavit.
818 3292 952 3348 Ossa
987 3305 1168 3346 autem
1202 3293 1323 3361 ejus
1356 3291 1579 3361 intelligi
1623 3299 1878 3361 poterunt
1915 3289 2197 3344 Nabuzar-

624 3385 756 3450 dan,
788 3385 881 3454 qui
908 3385 1094 3438 urbem
1127 3383 1406 3438 cremavit.

1151 3476 1316 3545 239
1365 3473 1518 3529 CAP.
1563 3472 1670 3529 vu.

696 3565 784 3622 21.
829 3564 1271 3619 Holocautomata
1311 3577 1480 3619 vestra
1523 3576 1848 3638 congregate.
1880 3566 2038 3621 Clare
2077 3580 2202 3636 per-

623 3659 842 3730 quirere
870 3658 1048 3723 docet,
1086 3673 1208 3727 quze
1235 3658 1630 3712 sacriﬁciorum
1667 3658 1826 3712 ratio.
1861 3659 2040 3713 Ansas
2070 3673 2200 3712 vero

623 3753 756 3806 dant
784 3750 946 3804 verba
967 3747 1261 3819 Scriptura:
1283 3749 1369 3804 ":
1403 3749 1743 3818 Sacri/icium
1793 3750 1898 3803 Deo
1942 3765 2033 3803 cor
2076 3765 2202 3804 con-

625 3845 839 3907 tritum,
892 3853 945 3896 et
965 3842 1052 3895 ’δε
1087 3842 1398 3909 Sacriﬁcate
1445 3841 1769 3910 sacriﬁcium
1801 3842 2049 3910 justitia'.
2095 3840 2202 3897 Eos

622 3949 755 3989 vero
797 3935 891 4004 qui
925 3934 1084 3989 aliter
1118 3948 1176 3988 se
1226 3933 1459 3998 habent,
1501 3940 1556 3987 et
1595 3934 1876 4002 corporeis
1917 3933 2202 3988 sacrilieiis

626 4025 785 4094 plane
817 4024 985 4078 dediti
1012 4031 1161 4088 sunt,
1192 4022 1498 4093 corrigebat
1531 4021 1782 4076 Salvator
1809 4020 1997 4077 dicens
2017 4021 2062 4052 ⁷⁸
2091 4039 2104 4074 :
2142 4018 2202 4074 Si

625 4116 830 4169 sciretis
857 4115 982 4184 quid
1007 4122 1107 4179 est,
1151 4112 1576 4168 Misericordiam
1616 4112 1730 4166 volo
1766 4121 1815 4166 et
1854 4128 1958 4166 non
1991 4113 2203 4182 sacrifi-

625 4207 789 4270 cium,
835 4220 1105 4275 nusquam
1152 4205 1405 4261 innoxios
1445 4205 1985 4261 condemnavissetis.
2042 4203 2202 4271 Quod

626 4304 808 4349 autem
853 4296 920 4350 ad
971 4297 1199 4365 mystica
1251 4305 1454 4367 spectet
1502 4298 1617 4352 haec
1665 4298 1968 4366 legislatio,
2017 4299 2204 4353 docuit

623 4385 828 4440 Paulus
857 4385 1044 4439 dicens
1062 4385 1110 4418 '"
1140 4401 1154 4436 :
1185 4384 1287 4449 Qui
1322 4387 1558 4455 exemplo
1583 4396 1628 4440 et
1660 4390 1845 4441 umbra
1884 4388 2062 4442 colunt
2101 4405 2202 4442 εω-

624 4479 798 4534 testia.

1244 4567 1395 4622 CAP.
1433 4567 1568 4625 VIII.

2304 3195 2555 3268 ἐξαίρων,
2585 3197 2677 3250 τὸν
2709 3195 2933 3266 βασιλέα
2969 3197 3064 3250 σὺν
3107 3199 3219 3259 τοῖς
3261 3195 3531 3268 πρώτοις,
3573 3195 3795 3268 ὕστερον
3824 3196 3880 3250 δὲ

2303 3289 2552 3343 Σεδεκίου
2591 3291 2717 3352 τοὺς
2761 3289 3070 3360 ὀφθαλμοὺς
3109 3287 3367 3358 ἐκκόψας.
3417 3287 3582 3342 Ὀστᾶ
3616 3289 3672 3342 δὲ
3717 3288 3879 3342 αὐτοῦ

2303 3380 2522 3453 νοηθείη
2544 3380 2932 3454 Ναϐουζαρδὰν
2963 3381 3060 3451 τὴν
3089 3381 3242 3434 πόλιν
3272 3381 3582 3451 ἐμπρήσας.

2963 3473 3116 3524 ΚΕΦ.
3160 3474 3234 3526 Z'.

2375 3563 2465 3617 2i.
2515 3563 2590 3618 Τὰ
2618 3565 3077 3634 ὁλοκαυτώματα
3122 3563 3289 3633 ὑμῶν
3334 3564 3645 3634 συνάγετε.
3688 3564 3881 3634 Σαφῶς

2305 3653 2576 3722 ἐξετάζειν
2602 3655 2842 3710 διδάσκει
2879 3656 3012 3719 τίςό
3048 3657 3176 3726 περὶ
3218 3655 3416 3708 θυσιῶν
3451 3655 3626 3725 λόγος.
3689 3656 3882 3728 Ἀφορ-

2308 3751 2414 3821 μάς
2444 3765 2505 3802 τε
2546 3749 2615 3803 τὰ
2655 3748 2812 3816 λόγια
2849 3748 3032 3802 δίδωσι
3065 3749 3325 3818 λέγοντα·
3382 3751 3574 3802 Θυσία
3627 3747 3706 3814 τῷ
3757 3748 3881 3815 Θεῷ

2305 3842 2541 3911 πνεῦμα
2568 3843 3074 3912 συντετριμμένον
3091 3860 3104 3874 ο
3134 3844 3249 3909 καὶ,
3288 3843 3521 3897 Θύσατε
3547 3844 3765 3920 θυσίαν
3795 3843 3882 3896 δι-

2305 3934 2653 4001 καιοσύνης.
2679 3934 2818 3996 Τοὺς
2853 3934 2911 3987 δέ
2941 3934 3016 4006 μὴ
3037 3933 3210 4000 οὕτως
3242 3934 3484 4006 ἔχοντας,
3537 3935 3665 4004 περὶ
3697 3934 3752 3986 δέ
3789 3933 3883 3987 θυ-

2308 4025 2427 4090 σίας
2485 4026 2855 4098 ἐπτοημένους
2892 4027 3210 4098 σωματικῆς
3264 4027 3597 4098 ἐπέστρεφεν
3635 4029 3663 4080 ὀ
3691 4026 3882 4100 Σωτὴρ

2307 4115 2506 4186 λέγων·
2533 4119 2603 4172 Εἰ
2631 4115 2701 4171 δὲ
2718 4116 3028 4187 ἐγνώκειτε
3054 4119 3110 4172 τί
3131 4118 3320 4184 ἐστιν,
3351 4119 3561 4172 Ἔλεον
3582 4118 3751 4182 θέλω,
3782 4118 3881 4172 καί

2306 4209 2377 4261 οὐ
2405 4207 2653 4271 θυσίαν,
2703 4207 2805 4260 οὐκ
2851 4205 2918 4261 ἂν
2973 4206 3365 4261 κατεδικάσατε
3414 4208 3538 4268 τοὺς
3584 4207 3877 4270 ἀναιτίους.

2309 4299 2427 4351 Ὅτι
2459 4297 2516 4350 δὲ
2551 4298 2678 4370 περὶ
2707 4294 3032 4372 μυστικῶνῇ
3057 4297 3278 4369 τοιαύτη
3307 4299 3628 4369 νομοθκςία,
3670 4298 3880 4364 Παῦλος

2307 4387 2511 4454 ἐδίδαξε
2544 4388 2715 4458 λέγων
2737 4407 2750 4420 ·
2797 4391 3022 4457 Οἴτινες
3054 4391 3438 4460 ὑποδείγματι
3470 4392 3566 4445 καί
3601 4389 3742 4458 σκιᾷ
3767 4396 3878 4445 .ta-

2307 4483 2584 4549 τρεύουσι
2609 4483 2726 4536 τῶν
2755 4485 3142 4553 ἐπουρανίων.

2951 4578 3108 4632 ΚΕΦ.
3162 4579 3242 4631 H'.

701 4661 749 4718 7.
790 4659 990 4716 Turtur
1014 4668 1062 4714 et
1099 4659 1328 4712 hirundo
1365 4660 1481 4729 agri
1507 4673 1762 4729 passeres.
1802 4658 2005 4717 Turtur
2033 4671 2088 4718 et
2119 4663 2202 4717 bi-

2377 4664 2430 4716 7.
2476 4663 2712 4732 Τρυγὼν
2742 4664 2839 4718 καὶ
2874 4665 3128 4734 χελιδὼν
3161 4667 3343 4737 ἀγροῦ
3374 4669 3679 4736 στρουθία.
3732 4667 3873 4739 Τρυ-

625 4755 804 4810 rundo
837 4754 969 4824 pulli
1003 4754 1149 4822 agri:
1196 4751 1488 4822 prudentes
1538 4750 1815 4808 auditores
1857 4761 1912 4808 et
1948 4755 2016 4808 ad
2061 4755 2202 4809 bona

627 4861 858 4916 quaeque
884 4845 1202 4915 explicanda
1233 4844 1412 4900 idonei
1450 4845 1826 4902 custodierunt
1853 4855 2068 4916 tempus
2100 4861 2202 4916 op-

628 4944 923 5007 portunum
963 4935 1228 4990 adventus
1263 4936 1381 5000 sui,
1416 4945 1474 4989 ut
1505 4935 1710 4990 dictum
1739 4945 1944 5006 pungat
1972 4936 2203 4990 audien»

627 5041 730 5097 tes,
758 5028 991 5082 adventu
1021 5028 1251 5082 turturis
1299 5043 1420 5082 cum
1459 5028 1694 5083 adventu
1729 5028 2037 5084 hirundinis
2075 5044 2206 5084 con-

625 5130 902 5178 currente.

1283 5215 1434 5268 CAP.
1474 5212 1546 5266 X.

699 5305 787 5361 15.
819 5303 885 5358 Et
913 5303 1244 5374 congregavit
1276 5305 1434 5357 nubes
1463 5305 1528 5356 ab
1553 5312 1786 5358 extremo
1813 5313 1986 5358 (errat.
2021 5301 2209 5358 Elevat

625 5407 810 5453 autem
860 5405 911 5451 et
957 5397 1131 5450 nubes
1183 5395 1252 5449 ab
1293 5405 1538 5448 extremo
1584 5403 1777 5460 teme,
1826 5395 1994 5448 maris
2034 5409 2206 5462 aquas

628 5489 929 5555 advocans,
971 5501 1174 5556 easque
1221 5500 1383 5555 super
1441 5495 1596 5541 terra:
1656 5486 1846 5542 faciem
1899 5483 2204 5540 effundens.

628 5583 747 5636 Alio
785 5596 949 5635 sensu
991 5582 1156 5635 etiam
1202 5587 1420 5636 sanctos
1461 5576 1746 5649 Scriptura
1787 5576 1960 5632 nubes
2009 5584 2198 5641 vocat,

2307 4754 2420 4825 γὼν
2436 4756 2528 4810 καὶ
2547 4755 2765 4826 χελιδὼν
2792 4757 2963 4828 ἀγροῦ
2989 4758 3270 4829 στρουθία·
3301 4761 3350 4814 οἱ
3377 4760 3584 4814 συνετοὶ
3614 4761 3882 4828 ἀκροαταὶ

2308 4845 2402 4899 καὶ
2433 4846 2483 4898 οἱ
2513 4848 2593 4909 εἰς
2627 4847 2687 4900 τὸ
2711 4845 2892 4916 λέγειν
2912 4846 2982 4902 τὰ
3009 4849 3292 4920 κρείττονα
3323 4849 3498 4904 ίκανοὶ
3522 4849 3792 4918 ἐφύλαξαν
3821 4851 3883 4902 ἐν

2309 4936 2488 5008 καιρῷ
2526 4937 2793 4992 ποιεῖσθαι
2817 4937 2917 5002 τὰς
2950 4939 3085 5002 ἰδίας
3109 4940 3346 5004 εἰσόδους
3367 4979 3384 5004 ,
3408 4939 3546 4993 ὥστε
3568 4938 3628 4991 τὸ
3652 4937 3885 5007 λεγόμε-

2309 5046 2399 5082 νον
2424 5028 2797 5082 καθικνεῖσθαι
2827 5029 2936 5083 τῶν
2972 5031 3309 5096 ἀκουόντων,
3354 5031 3752 5102 συντρεχούσης
3781 5031 3884 5101 τῆς

2311 5121 2515 5174 εἰσόδου
2552 5120 2649 5190 τῆς
2680 5119 2942 5191 χελιδόνος
2967 5123 3033 5192 τῇ
3064 5121 3251 5193 εἰσόδῳ
3277 5122 3376 5192 τῆς
3398 5121 3676 5191 τρυγόνος.

2967 5213 3122 5266 ΚΕΦ.
3164 5215 3218 5268 I'.

2378 5304 2487 5360 Kal
2515 5303 2775 5373 ἀνήγαγε
2800 5303 3058 5374 νεφέλας
3077 5304 3145 5368 ἐξ
3163 5303 3424 5373 ἐσχάτου
3443 5304 3553 5371 τῆς
3567 5301 3697 5372 γῆς.
3729 5301 3885 5355 Ἀνά-

2309 5413 2396 5465 γει
2425 5395 2482 5448 δὲ
2510 5397 2604 5448 καὶ
2627 5395 2854 5465 νεφέλας
2883 5395 2943 5458 ἐξ
2972 5395 3199 5464 ἐσχάτου
3228 5396 3326 5464 τῆς
3367 5394 3492 5464 γῆς,
3541 5392 3886 5464 προσκαλούε-

2314 5503 2470 5557 μενος
2489 5486 2550 5538 τὸ
2584 5485 2728 5556 ὕδωρ
2774 5486 2872 5555 τῆς
2911 5484 3178 5554 θαλάττης
3221 5485 3314 5538 καὶ
3363 5484 3569 5555 ἐκχέων
3609 5482 3740 5537 αὐτὸ
3787 5483 3886 5535 ἐπὶ

2309 5577 2600 5648 πρόσωπον
2620 5577 2718 5648 τῆς
2733 5576 2856 5646 γῆς.
2880 5575 2989 5628 Καὶ
3009 5575 3182 5638 ἄλλως
3210 5576 3264 5628 δὲ
3283 5577 3406 5640 τοὺς
3426 5576 3613 5639 ἁγίους
3637 5577 3672 5646 ὴ
3690 5571 3886 5645 Γραφὴ

701 5759 746 5790 ⁷⁸
771 5760 913 5815 Psal.
953 5777 1006 5824 ι,
1035 5763 1122 5815 I9.
1199 5761 1246 5792 ⁷⁵
1287 5760 1425 5814 I’sal.
1456 5777 1530 5829 IV,
1559 5762 1612 5817 6.
1652 5762 1699 5795 "
1727 5761 1916 5815 Matth.
1967 5774 2066 5840 xu,
2111 5760 2160 5812 7.

2323 5757 2482 5813 Iicbr.
2539 5775 2654 5820 Vm,
2692 5760 2744 5815 5.
