4218 6292
322 266 479 367 549Λ

1544 325 1855 382 SEI.ECTA
1895 327 1964 384 IN
2000 330 2294 390 JEREMIA
2304 335 2373 391 Μ.

3510 348 3626 406 ῢ50

308 426 549 501 νεφέλας
604 429 784 497 καλεῖ,
833 432 919 503 ἐφ’
945 432 1013 500 ἃς
1070 437 1333 507 ἀνάγεται
1385 440 1448 494 τὸ
1495 441 1597 515 τῆς
1660 443 1885 514 ἀληθεία

1985 449 2095 507 ιοιι
2140 466 2280 520 quas
2316 453 2564 511 veritatis
2614 472 2757 527 aqua
2808 474 3027 514 sursum
3077 461 3284 518 tollitur
3329 480 3506 538 usque
3558 470 3629 525 ad

313 517 464 594 ὕδωρ
483 519 592 586 ἕως
624 521 728 576 τῶν
756 525 1017 593 νεφελῶν.
1048 527 1176 592 Πῶς
1201 527 1312 601 7&9
1334 529 1403 585 ἂν
1423 532 1517 585 ἐπὶ
1549 532 1649 597 τὰς
1672 533 1885 606 ἀψύχου

2022 540 2214 596 nubes.
2248 540 2537 609 Quomodo
2566 546 2713 602 enim
2756 549 2821 603 ad
2859 565 2950 606 res
2987 566 3153 607 sensu
3191 564 3442 615 carentes
3464 559 3625 616 evehi

314 611 616 683 ἀνάγοιτο;
663 613 797 668 Ἀλλ’
819 617 912 669 ἐπὶ
941 619 1069 683 τοὺς
1101 620 1401 685 ἀκούοντας
1439 623 1538 694 τῆς
1568 623 1790 698 ἐντολῆς
1821 625 1916 681 τοῦ

318 701 484 760 Θεοῦ.

398 795 485 850 I3.
536 796 864 866 Ἀστραπὰς
909 803 1000 868 εις
1056 801 1236 857 ὑετὸν
1277 804 1588 875 ἐποίησεν.
1648 809 1915 879 Λέγουσιν

319 889 372 943 οἱ
395 890 516 960 περὶ
540 886 713 943 ταῦτα
737 891 926 957 δεινοὶ,
952 893 1130 963 νεφῶν
1148 895 1401 968 ἀλλήλοις
1434 902 1911 974 συγκρουομένων,

319 979 395 1043 ὠς
419 979 507 1032 ἐπὶ
536 978 701 1034 λίθων
726 984 1067 1055 πυρογόνων,
1091 981 1224 1058 ἦχόν
1256 1005 1316 1042 τε
1356 990 1610 1059 γενέσθαι
1658 992 1910 1066 βροντῆς,

317 1070 410 1124 καὶ
427 1068 545 1140 φῶς
578 1071 894 1146 ἀστραπῆς.

382 1162 471 1217 15.
512 1163 909 1238 Καὶοὸξήγατνε
927 1166 1056 1238 φῶς
1085 1168 1156 1224 ἐκ
1176 1172 1500 1242 θησαυρῶν
1513 1175 1723 1231 αὑτοῦ.
1753 1177 1912 1232 Κατὰ

306 1252 407 1323 μὲν
438 1253 504 1307 τὸ
549 1256 864 1329 πρόχειρον,
906 1257 1182 1332 Θησαυρὸν
1221 1261 1303 1316 δεῖ
1340 1263 1522 1334 λέγειν
1559 1266 1620 1320 τὸ
1660 1267 1911 1342 βούλημα

299 1345 400 1399 τοῦ
430 1344 593 1400 Θεοῦ.
646 1348 844 1416 Αὐτὸς
874 1350 984 1423 γὰρ
1018 1349 1168 1419 εἷπε,
1186 1353 1290 1408 καὶ
1307 1355 1699 1426 ἐγενήθησαν·
1725 1360 1910 1428 αὐτὸς

298 1434 649 1523 ἐνετείλατο
678 1439 777 1494 καὶ
805 1440 1204 1511 ἐκτίσθησαν.
1262 1445 1455 1512 Εἴποις
1483 1448 1541 1502 δὲ
1566 1449 1659 1504 καὶ
1689 1451 1905 1523 ἀνέμων

298 1520 448 1580 εἶναι.
476 1527 806 1602 θησαυροὺς,
838 1534 1089 1589 τουτέστι
1133 1539 1483 1609 πνευμάτων.
1529 1542 1756 1615 Πνεῦμα
1789 1520 1905 1617 γὰρ

301 1619 500 1687 σοφίας
548 1622 642 1676 καὶ
693 1623 986 1691 συνέσεως,
1035 1627 1256 1700 πνεῦμα
1308 1631 1506 1704 βουλῆς
1558 1635 1656 1689 καὶ
1694 1637 1900 1707 ἰσχύος,

302 1709 527 1782 πνεῦμα
552 1713 808 1783 γνώσεως
838 1718 933 1772 καὶ
970 1718 1274 1788 εὐσεϐείας,
1294 1723 1514 1796 πνεῦμα
1545 1726 1710 1796 φόϐου
1739 1729 1897 1793 Θεοῦ,

299 1802 523 1874 πνεῦμα
551 1804 835 1880 δυνάμεως
871 1811 1096 1884 ἀγάπης
1125 1830 1186 1867 τε
1218 1816 1314 1870 καὶ
1369 1795 1785 1890 σωφρονισμοῦ,
1823 1814 1899 1875 ὧν
1931 1795 1976 1849 Β

298 1893 351 1945 cl.
380 1891 647 1970 θησαυροὶ
682 1901 951 1972 Χριστὸς,
984 1904 1044 1957 ἐν
1066 1897 1111 1973 ᾧ
1155 1906 1206 1959 οἱ
1258 1905 1525 1981 θησαυροὶ
1562 1911 1667 1982 τῆς
1706 1914 1899 1983 σοφίας

296 1986 646 2060 ἀπόκρυφοι·
695 1992 905 2048 ἐκεῖθεν
941 1990 1035 2049 οὖν
1077 1998 1462 2068 χορηγοῦνται.
1501 2000 1594 2073 Τῷ
1646 2003 1746 2073 μὲν
1790 2005 1900 2077 γὰρ

289 2075 499 2133 δίδοται
527 2080 687 2150 λόγος
726 2083 940 2152 σοφίας,
967 2085 1115 2157 ἄλλῳ
1139 2087 1197 2141 δὲ
1221 2089 1356 2143 πνεῦ
1365 2107 1443 2162 μα
1471 2093 1728 2161 γνώσεως
1754 2075 1902 2149 κατὰ

289 2170 355 2224 τὸ
381 2172 521 2225 αὐτὸ
550 2174 801 2246 Πνεῦμα,
831 2177 1014 2231 καὶτὰ
1035 2178 1185 2247 ἑξῆς.

358 2344 451 2400 16.
509 2346 564 2399 Ὀ
605 2348 851 2417 πλάσας
891 2352 966 2408 τὰ
1020 2351 1252 2420 πάντα,
1304 2359 1490 2427 αὐτὸς
1524 2364 1898 2434 κληρονομία

283 2435 500 2489 αὐτοῦ.
558 2437 786 2505 Ἀκύλας
809 2444 906 2496 καὶ
939 2444 1235 2500 Θεοδοτίων
1257 2447 1550 2517 ἐξέδωκαν,
1590 2453 1675 2508 ὅτι
1702 2457 1731 2508 ὸ
1753 2457 1893 2512 πλά-

287 2544 395 2592 σας
421 2528 492 2582 τὰ
514 2529 691 2585 πάντα
719 2533 885 2598 αὐτός
916 2536 1057 2601 ἐστι,
1094 2539 1190 2592 καὶ
1230 2539 1448 2613 Ἰσραὴλ
1472 2543 1669 2616 ῥάϐδος
1695 2546 1893 2622 κληρο-

284 2619 486 2690 νομίας
512 2622 702 2676 αὑτοῦ.
728 2622 904 2694 (Ei-ire
924 2628 1000 2681 ,δὲ
1049 2629 1266 2703 Ἰσραὴλ
1295 2632 1492 2705 ῥάϐδος
1525 2619 1893 2714 κληρονομίας

281 2712 502 2784 αὐτοῦ.)
531 2714 740 2786 Εἰληφε
767 2718 825 2772 δὲ
854 2722 949 2775 καὶ
973 2723 1040 2777 τὰ
1055 2722 1193 2795 ἔθνη
1224 2723 1613 2798 κληρονομίαν,
1635 2712 1779 2788 κατά
1803 2735 1885 2789 ἀί·

277 2803 539 2874 Alt-nam
561 2809 698 2874 παρ’
723 2810 890 2880 ἐμοῦ,
935 2815 1035 2868 καὶ
1065 2814 1238 2870 δώσω
1266 2831 1365 2872 σοι
1398 2819 1544 2889 ἔθνη
1585 2822 1701 2892 τὴν
1736 2829 1890 2896 κλη-

278 2898 579 2979 ρονομίαν
611 2915 747 2956 σου.
784 2904 980 2959 Ἔσται
1013 2907 1204 2962 καὶτὰ
1232 2908 1361 2982 ἔθνη
1398 2911 1638 2987 Ἰσραήλ.

927 2994 1087 3051 ΚΕΦ.
1129 2997 1232 3051 IA'.

2020 632 2234 700 possit?
2268 632 2373 689 Sed
2406 636 2474 690 ad
2501 652 2596 692 eos
2625 639 2717 708 qui
2757 638 2853 694 Dei
2891 644 3175 712 prmceptis
3216 646 3616 718 obtemperant.

2094 817 2183 873 15.
2215 817 2459 889 Fulgura
2491 823 2543 876 in
2572 822 2808 891 pluviam
2835 824 2982 896 fecit.
3007 827 3176 882 Aiunt
3207 828 3403 885 harum
3435 847 3617 890 rerum

2017 908 2212 979 periti,
2261 912 2546 970 collisione
2590 915 2855 984 nubium,
2900 921 3067 976 veluti
3115 921 3359 992 lapidum
3421 926 3631 996 quibus

2016 1002 2294 1059 excutitur
2317 1005 2483 1076 ignis,
2507 1014 2562 1060 et
2585 1008 2788 1064 tonitru
2826 1011 3069 1066 sonitum
3101 1029 3412 1086 erumpere,
3441 1016 3636 1091 fulgu—

2013 1093 2201 1164 risque
2233 1096 2604 1165 splendorem.

2090 1182 2179 1237 15.
2215 1182 2285 1238 Et
2317 1184 2502 1240 eduxit
2538 1186 2713 1245 lumen
2734 1205 2800 1245 ex
2829 1190 3093 1247 thesauris
3124 1196 3258 1252 suis.
3298 1195 3613 1256 Secundum

2014 1273 2069 1329 id
2103 1275 2250 1345 quod
2290 1276 2345 1330 in
2381 1291 2637 1349 promptu
2670 1291 2775 1348 est,
2814 1284 3132 1340 thesaurum
3182 1286 3355 1357 ipsam
3390 1288 3485 1346 Dei
3521 1308 3617 1347 vo-

2012 1366 2277 1423 luntatem
2328 1367 2510 1426 dicere
2541 1382 2775 1441 oportet.
2822 1371 2946 1441 Ipse
2987 1377 3133 1431 enim
3176 1378 3316 1433 dixit
3363 1389 3414 1435 et
3463 1382 3613 1453 facta

2012 1469 2167 1528 sunt,
2204 1461 2314 1531 ipse
2344 1463 2656 1528 mandavit,
2686 1476 2737 1521 et
2762 1477 2944 1522 creata
2969 1478 3092 1521 sunt
3120 1470 3187 1524 ⁷⁷.
3229 1469 3295 1525 Et
3324 1482 3614 1530 ventorum

2009 1552 2303 1611 thesauros
2342 1569 2467 1610 esse
2500 1571 2609 1612 non
2638 1557 2941 1630 incongrue
2971 1560 3200 1629 dixeris,
3235 1561 3341 1620 hoc
3381 1573 3468 1620 est
3495 1568 3612 1638 spi-

2009 1642 2237 1699 rituum.
2277 1643 2516 1716 Spiritus
2543 1647 2688 1704 enim
2734 1651 3018 1718 sapientiae
3059 1662 3113 1708 et
3145 1653 3471 1724 prudentiae,
3501 1672 3613 1727 spi—

2006 1735 2146 1793 ritus
2187 1738 2402 1794 consilii
2444 1748 2500 1795 et
2541 1738 2920 1810 fortitudinis,
2955 1745 3182 1815 spiritus
3220 1746 3532 1805 intellectus
3556 1760 3614 1805 et

2004 1827 2263 1897 pietatis,
2307 1829 2537 1899 spiritus
2581 1830 2799 1888 timoris
2842 1831 2973 1898 Dei,
3021 1834 3250 1905 spiritus
3298 1839 3506 1893 amoris
3555 1848 3613 1894 et

2003 1918 2443 1992 redargutionis,
2479 1937 2713 1991 quorum
2768 1924 3008 1980 thesauri
3062 1927 3350 1996 Christus,
3396 1929 3451 1984 in
3491 1946 3604 2000 quo

2003 2009 2245 2065 thesauri
2280 2010 2563 2081 sapientia:
2599 2013 2903 2069 abscondit’
2931 2014 2977 2047 ⁷⁸
3017 2033 3031 2068 :
3067 2016 3193 2072 inde
3238 2017 3404 2087 igitur
3446 2034 3602 2073 ema«

2002 2107 2140 2153 nant
2171 2114 2237 2154 ac
2273 2100 2698 2157 distribuuntur.
2734 2100 2875 2157 Huic
2916 2103 3138 2173 quidem
3170 2105 3311 2160 ratio
3336 2105 3602 2161 tribuitur

2001 2190 2307 2260 sapientia,
2344 2191 2500 2246 alteri
2533 2208 2664 2250 vero
2703 2194 2862 2264 juxta
2894 2194 3144 2251 eumdem
3183 2194 3447 2266 Spiritum
3487 2199 3604 2270 spi-

2000 2282 2139 2338 ritus
2175 2283 2532 2354 cognitionis,
2548 2293 2656 2340 etc.

2072 2372 2163 2428 Ili.
2209 2372 2315 2440 Qui
2346 2375 2596 2444 formavit
2635 2377 2834 2441 omnia,
2868 2378 2980 2448 ipse
3019 2386 3098 2432 est
3140 2379 3424 2435 hereditas
3458 2383 3597 2452 ejus.

1999 2464 2197 2536 Aquila
2229 2476 2285 2522 et
2317 2466 2626 2524 Theodotio
2668 2469 3009 2541 interpretazi
3046 2481 3215 2527 sunt:
3248 2475 3344 2542 qui
3381 2473 3590 2530 forma-

1996 2555 2074 2609 vit
2099 2556 2305 2619 omnia,
2340 2557 2458 2627 ipse
2487 2564 2593 2624 est,
2628 2569 2682 2612 et
2710 2557 2876 2613 Israel
2911 2559 3059 2629 virga
3088 2559 3418 2616 luerelitatis
3446 2563 3593 2633 ejus.

1994 2644 2145 2700 Dixit
2174 2660 2382 2712 autem,
2414 2650 2582 2704 Israel
2615 2649 2765 2718 virga
2803 2650 3139 2707 haereditatis
3171 2653 3308 2723 ejus.
3344 2652 3591 2712 Heredi-

1992 2743 2157 2791 tatem
2193 2751 2412 2808 quoque
2443 2746 2634 2808 gentes
2665 2738 2769 2793 sibi
2803 2740 3141 2810 assumpsit,
3166 2742 3324 2812 juxta
3353 2744 3486 2798 illud
3509 2746 3595 2800 τις

1988 2824 2219 2880 Postula
2244 2843 2277 2880 a
2306 2843 2405 2901 tne,
2430 2838 2479 2882 et
2509 2827 2649 2882 dabo
2684 2827 2781 2882 tibi
2812 2837 2990 2901 gentes
3027 2830 3394 2887 hereditatem
3421 2843 3592 2893 tuam.

1988 2916 2169 2973 Erunt
2198 2925 2255 2973 et
2283 2926 2470 2989 gentes
2499 2918 2687 2976 Israel.

2543 3011 2709 3083 290
2745 3011 2900 3070 CAP.
2940 3012 3035 3072 x1.

353 3076 409 3137 4.
449 3080 558 3135 Kal
590 3081 810 3137 ἔσεσθέ
828 3101 932 3153 μοι
972 3088 1061 3153 εις
1088 3090 1263 3147 λαόν.
1296 3092 1598 3167 Τοιγαροῦν
1643 3098 1671 3151 ὁ
1704 3097 1882 3169 ἐπαγ-

2057 3102 2113 3159 L
2156 3102 2203 3137 °°
2226 3101 2297 3161 Et
2323 3105 2475 3161 eritis
2504 3076 2641 3161 mihi
2664 3076 2719 3161 in
2744 3107 3022 3178 populum.
3069 3108 3253 3180 Itaque
3278 3112 3372 3182 qui
3406 3127 3584 3183 popu-

280 3169 604 3243 γειλάμενος
628 3171 767 3228 εἶναι
794 3175 923 3241 λαὸς
951 3178 1179 3249 γέγονεν
1210 3184 1271 3236 οὐ
1297 3184 1446 3249 λαὸς,
1472 3187 1567 3242 καὶ
1593 3189 1642 3241 οἱ
1659 3190 1721 3243 οὐ
1753 3192 1885 3265 πρὶν

1986 3191 2076 3249 lus
2106 3208 2233 3251 esse
2270 3195 2552 3267 pollicitus
2576 3169 2774 3263 fuerat,
2798 3169 2906 3254 non
2943 3169 3181 3271 populus
3210 3169 3437 3259 eﬂ‘ectrs
3467 3169 3586 3270 est;

281 3263 415 3332 λαὸς
438 3267 749 3357 γεγόναμεν
773 3269 903 3335 λαός
918 3288 933 3302 ·
968 3274 1385 3346 παραζηλωθεὶς
1405 3279 1515 3352 γὰρ
1538 3282 1626 3335 ἐπ’
1650 3283 1710 3336 οὐ
1738 3263 1880 3357 Θεῷ,

278 3356 679 3431 παρεξήλωσεν
716 3362 917 3429 αὐτοὺς
961 3365 1050 3418 ἐπ’
1082 3367 1184 3421 οὐκ
1230 3368 1370 3425 ἔθνει
1395 3409 1412 3436 ,
1443 3373 1538 3427 καὶ
1584 3374 1808 3444 γέγονεν
1846 3378 1881 3449 ή

276 3450 597 3525 δικαιοσύνη
632 3454 747 3526 λαῷ
772 3456 851 3528 τῷ
868 3457 1279 3533 τεχθησομένῳ,
1302 3463 1361 3517 ὃν
1389 3465 1683 3540 εὐλόγησεν
1715 3471 1744 3523 ὸ
1767 3469 1882 3524 Κύ-

283 3559 420 3615 ριος,
454 3546 584 3616 περὶ
610 3540 671 3601 οὗ
703 3548 869 3618 φησὶν
915 3546 1175 3616 Ἡσαΐας·
1215 3556 1286 3610 Ἢ
1310 3556 1523 3628 ἐτέχθη
1552 3560 1725 3628 ἔθνος
1753 3565 1880 3617 εισ-

279 3632 448 3701 άπαξ
466 3654 479 3667 ·
507 3638 706 3710 ἐτέχθη
747 3639 806 3695 δὲ
840 3641 930 3695 ὅτε
959 3643 1287 3700 ἐπίστευσαν
1316 3648 1375 3700 ὲν
1399 3650 1499 3720 μιᾷ
1524 3651 1707 3724 ἡμέρᾳ
1745 3671 1876 3711 πεν-

271 3728 629 3798 τακισχίλιοι.
659 3730 868 3796 Μισθὸς
894 3731 951 3786 δὲ
979 3731 1074 3787 τοῦ
1108 3733 1331 3789 ἔσεσθαι
1359 3736 1508 3810 αὐτῷ
1536 3741 1616 3804 εἰς
1644 3740 1771 3796 λαὸν
1813 3742 1876 3797 τὸ

272 3819 501 3875 ἔσεσθαι
530 3822 662 3893 ἡμῖν
694 3824 774 3887 είς
796 3823 949 3878 Θεόν.
988 3826 1122 3891 Θεὸς
1147 3828 1256 3901 7&9
1283 3829 1358 3884 ὢν
1395 3832 1538 3887 κατὰ
1578 3834 1772 3903 φύσιν,
1811 3839 1874 3891 οὐ

273 3911 497 3968 πάντων
523 3915 641 3968 ἐστὶ
670 3919 793 3969 κατ’
817 3916 974 3982 ἀξίαν
1002 3917 1155 3985 Θεὸς,
1187 3921 1323 3978 ἀλλὰ
1350 3927 1463 3989 τοῖς
1485 3928 1628 3982 κατὰ
1651 3928 1744 3983 τὸν
1770 3948 1875 3985 πα-

267 4006 573 4078 τριάρχην·
604 4006 702 4073 ὡς,
733 4008 908 4083 Εἴπερ
940 4012 1053 4080 ἐγὼ
1081 4013 1214 4078 Θεός
1247 4031 1364 4081 σου,
1404 4019 1532 4090 περὶ
1575 4013 1649 4074 ὧν
1684 4036 1870 4094 φησιν·

273 4099 533 4169 Ἕσομαι
591 4098 794 4155 αὐτῶν
852 4102 1019 4169 Θεὸς,
1046 4104 1182 4174 ἐγὼ,
1218 4105 1313 4159 καί
1360 4124 1558 4178 φησιν·
1620 4111 1673 4165 ’0
1727 4115 1874 4183 Θεὸς

278 4190 543 4260 “apag,”
572 4194 671 4247 καὶ
700 4196 733 4248 ό
769 4194 913 4261 Θεὸς
965 4197 1163 4252 Ἰσαὰκ
1196 4198 1296 4253 καί
1326 4202 1360 4254 ὸ
1385 4201 1531 4269 Θεὸς
1569 4203 1789 4271 Ἰακὼϐ,
1827 4201 1873 4276 ᾧ

268 4282 578 4354 ἐπήνεγκεν
604 4284 638 4336 ὁ
690 4285 926 4356 Χριστός
945 4303 959 4317 ·
998 4288 1145 4356 Θεὸς
1167 4289 1239 4344 δὲ
1289 4292 1401 4347 οὐκ
1449 4292 1581 4349 ἐστι
1618 4298 1867 4367 νεκρῶν,

262 4374 433 4429 ἀλλὰ
458 4373 707 4436 ζώντων.
750 4376 961 4449 Νεκρὸς
987 4379 1045 4434 δὲ
1076 4382 1186 4446 πᾶς
1217 4382 1544 4456 ἁμαρτωλὸς
1584 4388 1686 4442 ούκ
1728 4388 1868 4462 ἔχων

268 4463 363 4519 τὸν
386 4466 644 4521 εἰπόντα·
684 4468 825 4538 Ἐγώ
848 4471 964 4539 ειμι
990 4472 1030 4541 ἠ
1061 4470 1193 4538 ζωή.

1986 3302 2089 3344 nos
2122 3288 2218 3360 qui
2267 3292 2422 3359 prius
2463 3304 2572 3343 non
2620 3304 2842 3345 eramus
2889 3292 3163 3362 populus,
3206 3290 3334 3347 facti
3389 3308 3584 3350 sumus

1983 3380 2243 3450 populus.
2278 3378 2616 3437 Provocatus
2649 3381 2797 3436 enim
2838 3383 2905 3436 ad
2937 3382 3076 3437 iram
3120 3383 3175 3437 in
3223 3399 3288 3438 eo
3321 3387 3415 3454 qui
3460 3400 3571 3441 non

1981 3471 2314 3548 erat‘Deus,
2362 3474 2679 3543 provocarit
2719 3483 2774 3529 et
2814 3475 2929 3544 ipse
2974 3476 3027 3530 in
3063 3491 3130 3532 eo
3171 3477 3266 3548 qui
3302 3492 3411 3532 non
3462 3488 3585 3534 erat

1982 3542 2149 3636 gens;
2176 3563 2317 3620 facta
2342 3542 2428 3621 est
2458 3564 2669 3635 justitia
2698 3542 2901 3637 populo
2934 3542 3239 3634 nascituro,
3272 3569 3361 3625 cui
3393 3568 3579 3625 Domi-

1979 3672 2091 3714 nus
2123 3655 2437 3723 benedixit,
2468 3656 2536 3712 de
2569 3672 2683 3728 quo
2728 3657 2900 3715 Isaias
2933 3659 3154 3717 aiebat:
3185 3658 3288 3716 Na:
3326 3668 3455 3713 nata
3494 3670 3576 3716 est

1978 3765 2102 3822 gens
2135 3748 2385 3811 tandem;
2417 3757 2546 3803 nata
2573 3756 2658 3804 est
2695 3757 2881 3805 autem
2914 3764 3040 3805 cum
3077 3765 3189 3805 uno
3215 3749 3305 3805 die
3332 3749 3579 3820 quinque

1976 3843 2148 3899 millia
2178 3841 2547 3898 crediderunt.
2579 3839 2790 3896 Merces
2832 3848 3014 3899 autem
3053 3839 3200 3910 quod
3246 3839 3466 3895 iuturus
3496 3840 3572 3896 sit

1976 3933 2079 4004 ipsi
2112 3932 2366 4003 p0pulus,
2412 3929 2557 3999 quod
2605 3928 2823 3984 iuturus
2869 3928 2960 3984 ille
2990 3928 3061 3985 sit
3092 3927 3250 3986 nobis
3284 3928 3338 3983 in
3373 3926 3568 3986 Deum.

1973 4023 2111 4079 Cum
2145 4021 2291 4077 enim
2327 4028 2522 4075 natura
2548 4018 2693 4074 Deus
2721 4018 2819 4084 sit,
2852 4033 2964 4074 non
2997 4028 3180 4075 tamen
3217 4020 3466 4076 omnium
3488 4030 3578 4077 est

1975 4111 2281 4168 secundum
2320 4109 2636 4181 dignitatem
2666 4109 2833 4176 Deus,
2863 4109 2956 4164 sed
2993 4110 3081 4165 his
3112 4110 3205 4181 qui
3244 4112 3574 4182 patriarcha:

1973 4204 2184 4261 similes
2219 4209 2370 4257 sunt.
2397 4199 2553 4256 Sicut
2581 4200 2735 4266 illud,
2769 4198 2828 4255 Si
2854 4215 2956 4271 ego
2988 4200 3132 4257 Deus
3158 4210 3306 4269 tuus,
3331 4201 3401 4257 de
3441 4202 3569 4272 qui-

1973 4297 2076 4353 bus
2115 4295 2194 4351 ait
2232 4296 2318 4350 ":
2361 4292 2468 4348 Ero
2507 4293 2741 4363 ipsorum
2782 4292 2958 4358 Deus,
2989 4303 3063 4359 et,
3095 4292 3241 4366 Ego,
3289 4294 3467 4365 inquit
3496 4293 3567 4360 ⁸⁸,

1971 4389 2114 4444 Deus
2148 4386 2439 4451 Abraham,
2474 4394 2524 4439 et
2568 4384 2709 4439 Deus
2752 4383 2933 4448 Isaac.
2968 4397 3019 4440 et
3073 4385 3211 4442 Deus
3241 4386 3446 4452 Iacob;
3486 4386 3573 4442 cui

1899 4480 1944 4535 D
1974 4479 2262 4552 subiunxit
2289 4476 2546 4534 Christus
2571 4477 2617 4509 ⁸³
2647 4496 2663 4532 :
2696 4477 3034 4534 Mortuarum
3067 4493 3246 4536 autem
3286 4481 3427 4537 Deus
3459 4497 3565 4537 non

269 4563 371 4621 est,
397 4559 487 4613 sed
510 4560 814 4616 viventium.
866 4559 1112 4635 Quisque
1137 4580 1268 4621 vero
1308 4577 1563 4638 peccator
1607 4582 1862 4634 mortuus
1899 4586 2004 4643 est,
2034 4587 2161 4630 cum
2198 4572 2253 4629 in
2295 4585 2355 4628 se
2398 4585 2524 4627 eum
2559 4569 2837 4641 qui-dixit
2859 4571 2924 4637 ⁸⁵,
2961 4571 3075 4642 Ego
3116 4589 3232 4627 cuiu
3267 4574 3403 4641 vita,
3458 4577 3571 4631 mi-

270 4649 420 4705 nime
442 4651 742 4708 contineat.

342 4738 395 4795 5.
441 4741 640 4808 Ὅπως
669 4742 883 4810 στήσω
909 4744 1015 4799 τὸν
1039 4746 1223 4815 ὅρκον
1247 4766 1368 4818 μου
1400 4749 1474 4803 ὃν
1500 4750 1708 4821 ὤμοσα
1732 4755 1853 4824 τοῖς

263 4831 573 4901 πατράσιν
609 4832 796 4902 ὑμῶν,
822 4836 930 4892 τοῦ
961 4835 1169 4890 δοῦναι
1195 4836 1401 4904 αὐτοῖς
1441 4837 1560 4909 γῆν
1585 4840 1859 4909 ῥέουσαν

260 4911 428 4993 τάξω
462 4921 560 4976 καὶ
578 4922 742 4992 μέλι.
776 4923 898 4977 Τῶν
929 4924 1039 4996 γὰρ
1062 4925 1342 4994 ἀπογόνων
1385 4926 1770 4998 λαμϐανόντων
1804 4932 1854 4984 οἱ

259 5014 505 5085 πατέρες
537 5014 747 5069 ἔλαϐον·
783 5016 927 5071 οὕτω
954 5019 1048 5071 καὶ
1075 5016 1232 5090 ήμῶν
1254 5018 1672 5088 βασιλευόντων,
1720 5024 1856 5094 Χρι-

258 5103 391 5167 στὸς
418 5103 714 5173 βασιλεύει.
748 5106 1108 5178 Σημειοῦνται
1161 5109 1220 5162 δέ
1248 5127 1394 5173 τινες
1413 5148 1427 5173 ,
1457 5111 1539 5164 ὅτι
1564 5152 1578 5174 ,
1615 5113 1853 5180 Στήσω,

210 5205 219 5211 “
254 5192 410 5262 λέγει
435 5194 513 5257 ὡς
545 5195 772 5266 μηδέπω
797 5196 1047 5262 δεδωκώς
1068 5216 1082 5229 ·
1120 5199 1180 5251 ού
1216 5198 1324 5271 7&9
1358 5201 1486 5271 περὶ
1519 5202 1618 5274 τῆς
1664 5202 1858 5276 αἰσθη-

253 5283 382 5357 τῆς,
420 5284 557 5338 ἀλλὰ
612 5287 741 5358 περὶ
781 5283 849 5361 ἦς
894 5305 1060 5359 φησιν
1112 5291 1143 5344 ὸ
1198 5277 1420 5363 Σωτήρ·
1463 5290 1756 5360 Μακάριοι
1799 5296 1856 5347 οἱ

253 5375 490 5445 πραεῖς,
521 5377 612 5432 ὅτι
644 5378 815 5433 αὐτοὶ
838 5380 1373 5450 κληρονομήσουσι
1403 5381 1519 5452 τὴν
1550 5382 1683 5454 γῆν.

330 5464 383 5521 6.
439 5468 758 5538 Ἀνάγνωθι
808 5472 954 5537 τοὺς
992 5475 1214 5543 λόγους
1236 5475 1555 5542 τούτους...
1591 5477 1688 5531 καὶ
1740 5479 1851 5533 οὐκ

249 5558 582 5628 ἐποίησαν.
629 5560 1115 5635 Ἀναγινώσκωμεν
1144 5565 1376 5631 καὶτοῖς
1415 5562 1519 5630 ἔξω
1546 5568 1673 5632 τοὺς
1710 5568 1847 5624 Θεοῦ

327 5668 373 5746 [ιζ
398 5669 551 5746 Psal.
576 5674 836 5746 XXXIIL9.
912 5674 959 5746 '1'
983 5673 1086 5746 l_sa.
1117 5693 1194 5741 χι,
1227 5678 1281 5733 2.
1362 5680 1407 5713 ⁷³
1454 5676 1602 5734 Psal.
1643 5696 1707 5746 11,
1736 5682 1791 5738 8-

1895 5684 1942 5719 ⁸⁰
1972 5684 2260 5743 Homel.9.
2336 5683 2381 5717 “
2412 5683 2613 5741 Jerem.
2662 5700 2815 5751 xm,
2851 5686 2941 5742 35.

2037 4755 2089 4810 5.
2137 4752 2205 4809 Ut
2252 4760 2489 4807 statuam
2534 4751 2903 4820 jurameutum
2949 4767 3156 4819 meum,
3201 4754 3342 4824 quod
3374 4756 3560 4825 juravi

1962 4841 2203 4914 patribus
2254 4843 2440 4896 vestris
2494 4840 2753 4895 daturum
2798 4856 2880 4896 me
2929 4842 3004 4896 eis
3054 4850 3251 4897 terram
3305 4845 3556 4914 ﬂuentem

1962 4935 2100 4990 lacte
2127 4944 2176 4988 et
2206 4934 2378 4988 nulla.
2414 4931 2654 4990 Posteris
2682 4933 2828 4988 enim
2871 4932 3287 5004 recipientibus,
3334 4952 3557 5008 recepe-

1960 5033 2091 5079 runt
2122 5034 2324 5095 patres,
2355 5026 2434 5078 sic
2471 5033 2529 5078 et
2554 5022 2810 5078 Christus
2851 5033 3063 5093 regnat,
3106 5024 3267 5080 nobis
3311 5041 3554 5098 regnan-

1958 5116 2123 5172 tibus.
2176 5114 2409 5183 Quidam
2463 5126 2646 5170 autem
2699 5123 2893 5169 notant
2952 5118 3100 5186 quod
3153 5126 3393 5173 statuam
3437 5119 3552 5188 ait,

1957 5203 2113 5272 quasi
2155 5202 2397 5258 nondum
2444 5201 2676 5259 dederit.
2710 5199 2829 5255 Non
2867 5202 3014 5283 enim
3068 5203 3318 5274 intelligit
3356 5217 3553 5272 corpo-

1958 5312 2106 5350 ream
2138 5298 2302 5361 hanc,
2333 5295 2429 5352 sed
2460 5295 2529 5351 de
2552 5311 2659 5366 qua
2687 5292 2938 5349 Salvator
2964 5295 3101 5351 dixit
3121 5295 3206 5350 ⁸⁵ε
3245 5295 3401 5350 Beati
3442 5296 3548 5348 mi-

1957 5396 2054 5453 tes,
2089 5388 2340 5458 quouiam
2367 5386 2469 5456 ipsi
2493 5385 2881 5440 luereditabunt
2913 5394 3130 5442 terram.

2027 5480 2079 5536 6.
2123 5480 2169 5513 ⁸⁸
2193 5479 2330 5551 Lege
2356 5480 2511 5534 verba
2540 5479 2673 5547 haec,
2703 5487 2832 5543 ete.,
2881 5490 2930 5535 et
2980 5496 3083 5534 non
3124 5480 3382 5549 fecerunt.
3418 5478 3545 5535 Ser-

1955 5587 2146 5629 mones
2183 5572 2275 5627 Dei
2321 5572 2615 5628 rccitemus
2654 5583 2709 5628 et
2749 5582 2904 5629 extra
2938 5572 3240 5629 Ecclesium
3276 5573 3548 5630 constitu-

3024 5685 3099 5738 ,θ’
3134 5685 3308 5745 Exod.
3356 5701 3454 5758 ut,
3484 5686 3540 5747 6.

251 5734 302 5767 "
324 5736 514 5799 Matth.
561 5756 701 5808 ml,
738 5734 831 5797 3:2.
910 5743 956 5776 ⁸⁵
980 5742 1139 5805 Joan.
1174 5734 1283 5818 inv,
1312 5749 1367 5805 6.
1444 5749 1492 5784 ⁸⁸
1512 5734 1707 5807 Matth:
1734 5734 1789 5819 ν,
1812 5754 1865 5813 4.

1985 5762 1989 5788 ⁵
2023 5757 2183 5815 Ilom.
2215 5757 2270 5813 9.
