4218 6292
630 297 726 354 52st
2013 295 2100 349 EX
2141 292 2440 352 omnem
3765 314 3877 370 552

626 416 732 483 tis,
779 418 846 473 ad
901 421 1127 474 salutem
1165 432 1260 472 eos
1300 418 1681 483 cohortantes;
1730 416 1874 485 quod
1927 417 1974 471 si
2022 417 2185 471 verba
2215 416 2292 477 Αἲ

2217 421 2262 477 Α
2290 414 2518 485 λόγους,
2569 417 2648 480 είς
2700 416 2974 490 σωτηρίαν
3022 419 3218 483 αὐτοὺς
3276 418 3742 491 προτρεπόμενοι·
3800 422 3883 495 μὴ

562 503 569 533 "
630 508 956 565 'l'estamenti
993 522 1099 561 non
1134 507 1576 577 adimpleverint,
1597 508 1674 562 ait
1709 506 1872 573 Deus,
1901 508 2192 563 adiuventa

2294 503 2632 575 ποιησάντων
2678 505 2734 559 δὲ
2762 508 2889 571 τοὺς
2927 507 3118 578 λόγους
3151 510 3252 579 τῆς
3290 509 3601 582 Διαθήκης,
3639 510 3806 583 φησὶν
3848 514 3882 565 δ

626 610 710 657 est
749 599 1020 670 colligatio
1069 598 1122 651 in
1156 597 1289 653 viris
1318 595 1480 665 Juda,
1521 607 1575 655 et
1608 599 1662 653 in
1705 598 2075 655 habitantibus
2104 597 2191 654 Je-

2292 594 2445 657 Θεὸς,
2477 594 2674 666 εὑρέθη
2706 595 2999 669 σύνδεσμος
3033 601 3091 652 ὲν
3123 599 3380 670 ἀνδράσιν
3428 599 3632 663 Ἰούδα,
3668 602 3763 655 καὶ
3816 603 3883 658 ἐν

623 694 877 749 rusalem.

2293 687 2404 748 τοῖς
2432 685 2777 741 κατοικοῦσιν
2819 686 3193 761 Ἰερουσαλήμ.

690 784 743 839 9.
786 784 1005 839 Inventa
1034 794 1111 838 est
1160 784 1454 855 colligatio.
1486 783 1697 840 Etenim
1740 784 2053 839 hominibus
2093 783 2195 837 Ec-

2364 778 2417 831 9.
2458 777 2687 853 Εὐρέθη
2729 778 3093 849 σύνδεσμος.
3142 781 3262 836 Κᾶν
3309 782 3419 854 γὰρ
3457 786 3571 847 τοῖς
3618 783 3727 838 ἀπὸ
3772 783 3881 855 τῆς

618 873 798 930 clesite
825 882 912 928 est
944 874 1221 929 vinculum
1268 884 1650 944 peccatorum,
1697 875 1907 929 catenis
1947 874 2195 943 proprio-

2307 867 2631 939 Ἐκκλησίας
2656 868 2800 921 ἐστὶν
2830 870 3244 942 ἁμαρτημάτων
3265 872 3484 944 δεσμὸς,
3528 878 3734 945 σειραῖς
3762 874 3879 928 τῶν

617 979 741 1020 rum
780 965 1050 1021 scelerum
1092 965 1380 1035 colligatis,
1419 974 1473 1019 et
1510 973 1725 1033 oportet
1772 963 1983 1018 solvere
2031 977 2194 1018 onme

2298 956 2442 1010 ἰδίων
2462 958 2747 1029 ἁμαρτιῶν
2779 961 3184 1032 σφιγγομένοις.
3234 963 3347 1017 Kal
3371 964 3453 1017 δεῖ
3486 964 3643 1020 λῦσαι
3692 970 3878 1022 πάντα.

616 1048 897 1123 iniustitiae
944 1052 1265 1118 vinculum,
1314 1052 1785 1122 violentorumque
1820 1052 1993 1107 nodos
2038 1067 2191 1107 com-

2296 1044 2588 1116 σύνδεσμον
2624 1047 2858 1111 ἀδικίας,
2902 1048 3137 1104 διαλύειν
3176 1049 3233 1103 δὲ
3275 1051 3642 1121 οτραγγαλιάς
3681 1054 3876 1124 βιαίων

618 1141 972 1208 merciorum,
1007 1140 1165 1211 juxta
1197 1140 1346 1212 quod
1382 1140 1646 1211 scriptum
1697 1149 1802 1197 est.
1841 1139 1974 1196 Vide
2011 1150 2193 1196 autem

2297 1136 2879 1208 συνανταλλαγμάτων,
2913 1139 3052 1194 κατά
3077 1140 3138 1193 τὸ
3171 1143 3575 1213 γεγραμμένον.
3604 1145 3744 1217 Ὅρα
3789 1148 3871 1216 δὲ,

616 1241 675 1287 ut
708 1231 953 1287 futurum
1006 1239 1391 1286 testamentum
1437 1232 1583 1287 aliud
1634 1231 1971 1301 signiﬁcans,
2023 1242 2195 1289 testa-

2296 1227 2412 1291 πῶς
2436 1227 2513 1291 ὡς
2541 1229 2670 1299 περῖ¹
2711 1229 3009 1302 μελλούσης
3047 1231 3237 1302 ἑτέρας
3275 1232 3538 1305 διαθήκης
3569 1236 3873 1309 ἐπισημαι-

614 1324 784 1379 menti
820 1322 1149 1379 mentionem
1177 1321 1403 1391 faciens,
1434 1337 1650 1394 semper
1682 1323 1887 1378 addidit
1918 1324 2097 1395 hujus.

2294 1317 2534 1388 νόμενος,
2552 1315 2839 1387 διαθήκης
2857 1322 3048 1390 λέγων,
3073 1323 3159 1376 ἀεὶ
3182 1323 3243 1376 τὸ
3265 1326 3487 1391 ταύτης
3510 1327 3875 1397 προσέθηκεν-

687 1413 776 1468 10.
819 1414 864 1446 ⁸⁷
887 1412 1101 1467 Reversi
1145 1423 1266 1465 sunt
1292 1413 1363 1466 ad
1391 1414 1694 1483 iniquitates
1736 1424 1947 1484 patrum
1977 1431 2195 1468 suorum

2370 1410 2452 1465 10.
2507 1410 3002 1481 Ἐπεστράφησαν
3031 1414 3129 1468 ἐπὶ
3163 1415 3263 1477 τὰς
3282 1415 3517 1482 ἀδικίας
3542 1417 3660 1471 τῶν
3689 1421 3870 1474 πατέ-

611 1505 834 1575 priores.
892 1503 1146 1574 Duplices
1202 1513 1256 1558 et
1329 1505 1472 1573 apud
1529 1519 1629 1558 nos
1690 1513 1890 1573 patres.
1958 1504 2191 1571 Quidam

2288 1514 2415 1565 ρων
2436 1498 2637 1553 αὐτῶν
2658 1499 2778 1554 τῶν
2799 1502 3120 1571 προτέρων.
3153 1505 3261 1558 Καὶ
3291 1505 3375 1573 ἐφ’
3412 1508 3444 1577 ἡ
3454 1506 3573 1577 μῶν
3608 1508 3665 1562 δὲ
3701 1509 3872 1564 διττοὶ

613 1597 759 1653 enim
803 1605 969 1662 ante,
1001 1595 1220 1665 quidam
1263 1604 1385 1664 post
1435 1594 1615 1648 (idem.
1664 1593 1806 1650 Dicit
1854 1609 1985 1649 vero
2029 1594 2195 1650 Chri-

2295 1589 2561 1659 πατέρες·
2602 1592 2651 1643 οἱ
2682 1592 2781 1661 μὲν
2814 1592 2924 1664 γὰρ
2971 1594 3077 1666 πρὸ
3107 1595 3207 1665 τῆς
3243 1596 3505 1663 πίστεως,
3547 1599 3598 1650 οί
3630 1599 3687 1653 δὲ
3730 1602 3870 1670 μετά

615 1693 735 1738 stus
772 1684 868 1737 ⁸⁸ε
918 1681 1014 1736 Vos
1058 1700 1089 1735 a
1123 1693 1272 1752 patre
1318 1681 1529 1736 diabolo
1578 1683 1739 1745 estis;
1789 1684 1932 1738 sicut
1991 1693 2046 1739 et
2093 1699 2194 1739 nos
2228 1746 2266 1759 ﬁ

2228 1746 2266 1759 ﬁ
2295 1678 2517 1750 ταύτην.
2553 1681 2689 1751 Φησὶ
2716 1681 2772 1735 δὲ
2797 1686 2826 1736 ό
2857 1685 3123 1755 Χριστός·
3163 1687 3348 1755 Ὑμεῖς
3393 1689 3462 1741 ἐκ
3504 1690 3611 1743 τοῦ
3645 1691 3871 1759 πατρὸς

614 1774 745 1829 olim
810 1790 1069 1840 eramus,
1129 1789 1220 1844 per
1285 1774 1442 1828 tidem
1505 1788 1634 1828 vero
1678 1773 1805 1829 lacti
1850 1791 2039 1831 sumus
2098 1776 2193 1831 lilii
2226 1746 2267 1801 Β

2226 1746 2267 1801 Β
2294 1746 2463 1838 ὑμῶν
2486 1770 2593 1823 τοῦ
2621 1746 2925 1826 ’διαϐόλου
2975 1746 3144 1827 ἐστέ·
3188 1746 3379 1845 ὥσπερ
3430 1772 3523 1827 οὖν
3564 1777 3659 1830 καὶ
3707 1746 3868 1848 ἡμεῖς

612 1863 851 1930 Christi;
913 1873 967 1919 et
1027 1865 1079 1917 in
1141 1863 1561 1934 quadragesimo
1613 1873 1810 1935 quarto
1864 1866 2076 1935 psalmo
2111 1866 2196 1921 di-

2292 1853 2456 1929 ἦμεν,
2494 1859 2878 1926 πιστεύσαντες
2905 1862 2961 1915 δὲ
2986 1865 3287 1935 γεγόναμεν
3315 1865 3420 1918 υἱοὶ
3455 1866 3691 1937 Χριστοῦ
3712 1883 3724 1897 ·
3773 1869 3867 1922 καὶ

612 1957 755 2011 citur
776 1957 870 2011 υτ
917 1955 1060 2009 Audi
1102 1957 1261 2025 ﬁlia;
1323 1956 1473 2011 vides
1512 1971 1701 2010 vocem
1753 1958 1943 2026 patris.
1982 1956 2194 2023 Quibus

2293 1948 2353 1999 ὲν
2396 1946 2594 2018 ψαλμῷ
2625 1948 2683 2000 δὲ
2746 1948 2958 2017 λέγεται
3021 1951 3137 2023 μδι·
3192 1955 3530 2019 Ἄκουσον,
3582 1957 3861 2025 θύγατερ·

613 2046 765 2101 addit
787 2047 877 2102 ’°-.
920 2045 991 2100 Et
1026 2048 1164 2115 vide,
1205 2057 1254 2101 et
1294 2047 1494 2101 inclina
1540 2063 1722 2101 aurem
1761 2057 1928 2113 tuam,
1967 2058 2022 2103 et
2052 2047 2192 2102 obli-

2291 2036 2422 2107 ὁρᾷς
2449 2038 2525 2100 ὠς
2567 2038 2770 2109 πατρὸς
2802 2042 2835 2111 ἡ
2865 2042 3037 2112 φωνή.
3072 2038 3205 2097 Εἶτα
3240 2042 3419 2112 λέγει·
3458 2045 3568 2098 Καὶ
3604 2044 3693 2098 ἴδε
3713 2084 3729 2104 .
3760 2046 3860 2099 καὶ

610 2138 804 2191 viscere
849 2137 1099 2208 populant
1138 2148 1287 2193 tuum
1331 2147 1380 2192 et
1420 2137 1637 2192 domum
1679 2139 1847 2207 patris
1881 2138 1979 2192 tui.
2032 2136 2194 2193 Pater

2191 2156 2194 2168 ι
2292 2126 2506 2181 κλῖνον
2536 2127 2603 2181 τὸ
2630 2125 2741 2195 οὖς
2777 2145 2915 2196 σου,
2943 2134 3043 2187 καὶ
3072 2133 3363 2188 ἐπιλάθου
3395 2137 3502 2189 τοῦ
3536 2137 3685 2191 λαοῦ
3721 2154 3857 2201 σου,

612 2225 795 2285 bonus
825 2230 892 2284 de
919 2236 1073 2299 patre
1107 2228 1523 2298 repteizettsibili
1556 2229 1818 2297 loquitur.
1847 2228 1936 2283 Ait
1973 2242 2192 2299 quoque

2290 2218 2392 2272 καὶ
2418 2218 2525 2272 τοῦ
2545 2219 2717 2274 οἴκου
2741 2220 2848 2275 τοῦ
2884 2225 3109 2291 πατρός
3140 2241 3274 2279 σου.
3311 2227 3501 2302 Πατὴρ
3521 2227 3720 2295 ἀγαθὸς
3737 2230 3865 2299 περὶ

608 2317 847 2375 Joannes
881 2320 934 2373 in
976 2319 1255 2374 Catholica
1277 2320 1321 2350 ⁸¹
1352 2338 1365 2373 :
1407 2319 1590 2374 Omnis
1615 2321 1704 2389 qui
1731 2337 1894 2390 prava
1919 2312 2189 2390 operatur,

2289 2311 2497 2381 πατρὸς
2524 2311 2671 2381 λέγει
2699 2311 2920 2383 ψεκτοῦ.
2961 2315 3126 2384 Λέγει
3172 2316 3229 2369 δὲ
3268 2319 3361 2370 καὶ
3410 2318 3665 2390 ἰωάννης
3712 2323 3769 2373 ἐν
3797 2324 3864 2393 τῇ

608 2424 676 2466 ατ
722 2409 933 2464 diabolo
983 2419 1138 2465 natus
1183 2419 1280 2463 est.
1342 2409 1782 2482 Quotiescunque
1816 2411 1972 2480 291
2029 2411 2192 2481 igitur

2288 2400 2595 2473 Καθολικῇ·
2636 2402 2763 2470 Πᾶς
2791 2404 3029 2459 όποιῶν
3075 2404 3140 2459 τὸ
3179 2409 3444 2475 πονηρὸν
3482 2407 3550 2461 ἐκ
3601 2410 3710 2462 τοῦ
3742 2411 3858 2464 δια-

606 2500 1011 2571 delinquimus,
1064 2518 1129 2556 ex
1177 2501 1394 2556 diabolo
1441 2504 1753 2569 nascimur;
1789 2517 1856 2556 ex
1888 2501 1999 2557 Deo
2036 2515 2188 2569 vero,

2288 2493 2470 2546 ϐόλου
2498 2492 2825 2563 γεγένηται.
2867 2495 3085 2558 Ὁσάκις
3120 2492 3212 2550 οὖν
3240 2497 3639 2568 ἁμαρτάνομεν,
3682 2500 3747 2550 ἐκ
3770 2498 3866 2552 τιῦ

606 2603 734 2648 cum
771 2594 1032 2647 virtutum
1071 2608 1209 2663 opus
1241 2593 1674 2662 prmstiterimus.

2286 2582 2530 2637 διαϐόλου
2554 2585 2903 2655 γεννώμεθα·
2931 2588 2995 2640 ὲκ
3026 2589 3123 2641 τοῦ
3166 2586 3299 2641 Θεοῦ
3342 2588 3398 2641 δὲ
3433 2589 3628 2654 πάλιν,
3671 2590 3866 2656 ὁσάκις

2287 2674 2489 2745 ἀρετὴν
2509 2675 2965 2750 κατορθώσωμεν.

680 2773 765 2828 ll.
808 2772 878 2827 Et
910 2774 1214 2828 clamabunt
1263 2774 1331 2828 ad
1379 2789 1480 2840 me,
1524 2786 1574 2828 et
1621 2790 1723 2828 non
1771 2790 1863 2846 ego
1900 2777 2185 2831 exaudiam

2359 2767 2446 2821 Η.
2485 2768 2595 2820 Καὶ
2637 2768 3022 2836 κεκράξονται
3064 2773 3212 2840 πρός
3259 2789 3356 2841 με,
3404 2771 3501 2825 καί
3545 2774 3655 2825 οὐκ
3700 2777 3865 2827 εἱσα-

605 2877 714 2918 cas.
746 2862 889 2918 Deus
916 2864 1134 2933 quidem
1161 2865 1309 2934 juste
1341 2879 1438 2920 eos
1487 2865 1581 2935 qui
1623 2866 1800 2934 ipsum
1847 2881 1954 2921 non
1997 2865 2184 2922 audie-

2285 2859 2577 2928 κούσομαι
2620 2859 2837 2914 αὐτῶν.
2900 2862 2959 2915 Ὀ
2996 2863 3093 2933 μὲν
3120 2863 3252 2926 Θεὸς
3289 2863 3510 2927 δικαίως
3543 2863 3641 2916 οὐκ
3678 2864 3864 2919 ἀκούει

607 2963 760 3019 runt,
789 2969 899 3009 non
934 2956 1106 3010 audit.
1158 2954 1442 3012 Daemones
1486 2965 1667 3010 autem
1724 2955 2049 3028 sull‘umigiis
2088 2970 2184 3010 «οε

2280 2950 2390 3004 τῶν
2423 2950 2499 3021 μὴ
2525 2952 2871 3007 ἀκουσάντων
2906 2954 3089 3007 αὐτοῦ·
3120 2957 3169 3007 οἱ
3206 2954 3263 3007 δὲ
3297 2954 3549 3025 δαίμονες
3573 2955 3633 3009 τὸ
3659 2956 3865 3010 δίκαιον

608 3045 986 3100 venerantium
1027 3046 1151 3137 iura
1194 3048 1496 3116 nequibunt
1528 3048 1837 3114 defendere,
1880 3064 2003 3104 cum
2048 3058 2255 3137 tem-6

2209 3077 2255 3137 ϐ
2288 3039 2459 3094 σῶσαι
2491 3042 2603 3104 τοῖς
2643 3040 2970 3111 θυμιάσασιν
2994 3042 3176 3106 αὐτοῖς
3200 3042 3262 3095 οὑ
3303 3042 3640 3114 δυνήσονται,
3676 3045 3801 3097 ὅταν
3835 3047 3863 3098 ὁ

609 3146 712 3202 pus
740 3125 1109 3189 calamitatan
1136 3139 1363 3191 venerit.
1396 3136 1535 3192 Cum
1561 3152 1690 3208 ergo
1719 3137 1859 3193 Deus
1887 3154 1995 3192 non
2024 3153 2189 3193 exau—
2215 3125 2263 3165 *ί

2215 3125 2263 3165 *ι
2287 3134 2477 3206 καιρὸς
2508 3133 2618 3188 τῶν
2658 3133 2844 3189 κακῶν
2878 3134 3101 3208 ἐπέλθῃ.
3151 3135 3318 3189 Ὅταν
3343 3131 3435 3189 οὖν
3468 3137 3543 3208 μὴ
3583 3134 3863 3209 ἐπακούσῃ

607 3224 788 3288 dierit,
814 3226 1179 3295 perniciosum
1214 3236 1299 3281 est
1328 3243 1358 3281 a
1389 3227 1730 3283 daemonibus
1750 3244 1907 3299 opem
1938 3244 2183 3299 poscere,

2285 3226 2438 3291 Θεὸς,
2458 3225 2627 3280 δεινὸν
2653 3227 2713 3279 τὸ
2732 3225 2911 3297 ζητεῖν
2939 3226 3088 3298 παρά
3109 3225 3377 3296 δαιμόνων
3413 3226 3681 3298 βοήθειαν.
3724 3226 3861 3279 Ἀλλ’

607 3317 703 3373 sed
734 3317 969 3386 pendere
998 3334 1027 3371 a
1066 3314 1177 3371 Deo
1209 3327 1420 3387 oportet
1470 3318 1564 3388 qui
1613 3328 1834 3389 propter
1871 3319 2188 3390 iniquitates

2285 3317 2564 3389 ὲξέχεσθαι
2613 3317 2693 3369 δεῖ
2732 3316 2890 3381 Θεοῦ,
2924 3316 3011 3370 διὰ
3048 3316 3116 3370 τὰ
3145 3318 3508 3389 ἡμαρτημένα
3545 3320 3863 3389 ἀπεστραμ-

606 3422 836 3462 aversus
860 3416 963 3475 est,
986 3415 1039 3462 et
1073 3408 1165 3478 qui
1200 3408 1430 3463 multmn
1457 3418 1881 3480 constanterque
1909 3411 1975 3465 ad
2008 3411 2185 3480 ipsum

2290 3409 2472 3480 μένου,
2504 3408 2601 3481 τὴν
2625 3408 2682 3461 δὲ
2707 3407 2910 3480 πολλὴν
2936 3409 3024 3461 ἐπ’
3064 3409 3224 3463 αὐτὸν
3268 3410 3363 3464 καὶ
3393 3409 3650 3482 ἐπίμονον
3691 3427 3862 3463 κατα-

606 3498 980 3569 confugientes
1020 3514 1129 3553 non
1154 3500 1403 3570 despicit.

1352 3503 1403 3555 it.
2286 3500 2463 3572 φυγὴν
2494 3501 2595 3571 οὐχ
2622 3498 3018 3572 ὑπερορῶντος.

677 3591 765 3645 14.
806 3590 945 3656 Quia
1001 3608 1105 3646 non
1148 3594 1449 3647 exaudiam.
1489 3591 1606 3647 Non
1651 3593 1807 3660 dixit,
1847 3592 1970 3648 Non
2016 3609 2187 3649 exau-

2358 3593 2446 3647 M.
2489 3594 2616 3645 "Ott
2682 3594 2794 3645 οὐκ
2850 3593 3298 3662 είσακούσομαι.
3361 3593 3474 3646 Ούκ
3512 3589 3696 3657 εἶπεν,
3746 3594 3865 3647 Οὐκ

603 3682 748 3738 diam
780 3693 857 3749 te,
896 3683 1012 3751 sed,
1043 3682 1159 3738 Non
1206 3686 1495 3739 exaudiam
1530 3702 1638 3753 eos,
1674 3686 1988 3755 signiﬁcans
2037 3687 2184 3756 quod

2284 3684 2672 3755 είσακούσομαί
2698 3700 2812 3747 σου,
2837 3683 2950 3736 ἀλλ’
2975 3683 3193 3750 αὐτῶν,
3232 3682 3465 3748 δεικνὺς,
3501 3686 3584 3738 ὃτι
3618 3685 3708 3739 καὶ
3739 3685 3866 3738 τότε

603 3777 651 3831 si
693 3790 788 3830 eos
835 3775 1152 3846 paenituerit
1201 3785 1255 3830 et
1300 3791 1399 3847 pro
1460 3776 1595 3848 ipsis
1666 3791 1858 3847 preces
1898 3776 2182 3844 eﬁ‘undas,

2286 3773 2705 3847 μετανοούντων,
2733 3773 2829 3828 ὲάν
2858 3775 3085 3846 αἰτήσῃς
3126 3773 3266 3844 ὑπὲρ
3306 3774 3505 3840 αὐτῶν,
3543 3773 3863 3828 εἰσακούσο-

604 3867 912 3922 exaudiam.
2287 3884 2403 3937 μαι,

1238 3959 1392 4016 CAP.
1433 3960 1545 4017 XII.

2915 3958 3070 4011 ΚΕΦ.
3111 3958 3211 4011 IB'.

677 4049 731 4104 5.
770 4051 815 4082 ⁹²
844 4048 1079 4121 Puri/ica
1121 4067 1206 4105 eos
1250 4057 1306 4106 in
1345 4052 1486 4107 diem
1529 4054 1827 4110 occisionis.
1869 4055 1974 4112 Per
2005 4057 2181 4128 ipsam

2352 4073 2406 4129 5.
2450 4072 2728 4140 Ἅγνισον
2744 4068 2967 4136 αὐτοὺς
2991 4072 3079 4136 εὶς
3109 4068 3340 4139 ἡμέραν
3372 4067 3632 4139 σφαγῆς.
3662 4072 3739 4123 Δι’
3763 4072 3866 4125 αύ-

603 4157 701 4198 eos
732 4142 957 4212 puriﬁca
995 4145 1367 4200 occisionem:
1408 4143 1574 4210 Quem
1612 4149 1750 4201 enim
1783 4147 1964 4219 diligit
2010 4148 2174 4218 Deus,

2278 4163 2381 4235 τῆς
2420 4162 2617 4225 αὐτοὺς
2662 4162 2881 4230 ἅγνισον
2928 4159 3027 4231 τῆς
3083 4161 3315 4231 σφαγῆς·
3362 4162 3462 4213 Ὃν
3499 4163 3611 4230 γὰρ
3656 4160 3864 4230 ἀγαπᾷ

603 4234 832 4305 castigat
860 4233 928 4290 ”.

2278 4233 2513 4324 Κύριος,
2541 4253 2825 4308 παιδεύει.

675 4324 730 4378 4.
771 4325 815 4358 ’⁵
842 4324 1116 4396 Usquequo
1144 4325 1337 4396 lugebit
1378 4336 1537 4381 terra.
1564 4326 1620 4383 Si
1646 4330 1832 4400 lugere
1860 4339 1945 4387 est
1971 4333 2181 4387 ratione

2348 4345 2401 4400 4.
2446 4348 2601 4410 Ἕως
2632 4343 2775 4397 πότε
2808 4345 3093 4411 πενθήσει
3116 4345 3154 4413 ἡ
3183 4343 3259 4413 τῆ
3277 4361 3295 4408 ;
3312 4346 3376 4398 Εί
3403 4345 3621 4413 λογικοῦ
3645 4345 3703 4397 τὸ
3730 4345 3860 4398 πέν-

603 4417 828 4482 utentis,
855 4415 1102 4486 angelum
1135 4417 1594 4471 administrationi
1641 4428 1797 4474 terrae
1825 4422 2176 4490 praepositum
2207 4432 2254 4488 Ῑ)

2207 4432 2254 4488 D
2283 4436 2395 4499 θος,
2430 4434 2520 4488 τὸν
2550 4432 2778 4501 ἄγγελον
2799 4433 3102 4503 ὁμωνύμως
3132 4434 3283 4504 δηλοῖ
3308 4436 3398 4489 τὸν
3427 4436 3762 4506 ἐφεστηκότα
3786 4438 3856 4507 τῇ

603 4507 828 4564 nomine
855 4506 949 4560 illo
975 4505 1263 4575 signiﬁcat.
1300 4505 1424 4561 Hinc
1448 4516 1628 4561 autem
1661 4517 1803 4562 terra
1841 4511 1925 4564 vel
1963 4512 2035 4565 ob
2063 4528 2180 4566 ma-

2285 4530 2356 4597 γῇ
2398 4526 2537 4596 πρὸς
2572 4524 2832 4590 διάταξιν.
2896 4524 2960 4576 'H
2990 4525 3048 4577 δὲ
3084 4526 3305 4596 τοιαύτη
3341 4528 3413 4597 γῆ
3455 4528 3489 4598 ἢ
3527 4505 3712 4581 πενθεί
3750 4505 3860 4581 duo

603 4599 776 4654 litiam
832 4597 1252 4653 inhabitantium
1298 4599 1462 4667 luget,
1499 4600 1581 4653 vel
1617 4600 1687 4654 ob
1730 4616 1918 4656 eorum
1953 4603 2178 4659 virtutes

2284 4618 2482 4679 κακίας
2531 4616 2639 4669 τῶν
2682 4614 3075 4668 κατοικούντων
3111 4618 3169 4670 ὲν
3231 4618 3390 4688 αὐτῇ,
3435 4618 3468 4689 ἢ
3511 4618 3858 4688 εὐφραίνεται

605 4690 827 4745 ell'ertur
858 4691 1080 4760 gaudio.
1509 4695 1515 4700 “

1509 4695 1515 4700 ’
2284 4707 2392 4761 ἀπὸ
2423 4705 2522 4777 τῆς
2552 4703 2732 4758 αὐτῶν
2770 4704 2986 4774 ἀρετῆς.

680 4783 765 4834 ll.
789 4784 836 4814 ⁸⁸
861 4783 1086 4853 Propter
1102 4801 1180 4839 me
1205 4785 1545 4853 dissipatione
1570 4786 1827 4856 dissipata
1843 4797 1919 4840 est
1937 4788 2177 4843 universa

2354 4796 2439 4849 11.
2492 4794 2571 4847 Δι’
2619 4792 2724 4863 ἐμὲ
2762 4792 3078 4861 ἀφανισμῷ
3120 4795 3423 4863 ἠφανίσθη
3471 4792 3637 4850 πᾶσα
3674 4798 3712 4863 ἠ
3755 4794 3852 4865 γῆ.

611 4879 771 4925 terra.
808 4871 1073 4929 Subtilius
1127 4882 1309 4930 autem
1362 4875 1515 4942 illud,
1573 4894 1665 4947 per
1714 4895 1790 4933 me
1823 4880 1991 4933 omnis
2036 4892 2179 4935 terra

2280 4888 2468 4949 Είποις
2490 4885 2534 4937 δ’
2559 4885 2625 4938 ἂν
2649 4884 2975 4957 ὑψηλότερον
3003 4884 3082 4948 τὸ,
3112 4885 3185 4938 δι’
3217 4885 3323 4955 ἐμὲ
3351 4886 3653 4954 ἠφανίσθη
3689 4884 3859 4940 πᾶσα

542 4974 551 4982 ·
605 4960 848 5015 desolata
868 4973 965 5029 est,
996 4966 1314 5035 explicabis.
1346 4966 1483 5023 Nam
1509 4967 1727 5024 Christo
1761 4971 2100 5036 adveniente,
2127 4981 2183 5027 et

2280 4981 2320 5048 ἡ
2356 4977 2453 5047 γῆ.
2490 4975 2725 5047 Χριστοῦ
2749 4976 2857 5047 γὰρ
2888 4976 3132 5041 ἐλθόντος
3164 4977 3257 5030 καὶ
3276 4976 3365 5031 διά
3390 4978 3488 5048 τῆς
3520 4978 3682 5033 αὐτοῦ
3711 4978 3857 5033 διδα-

605 5068 703 5128 per
744 5048 862 5126 ejus
910 5058 1215 5116 doctrinam
1269 5063 1527 5118 membris
1572 5062 1775 5119 nostris
1820 5064 2178 5131 mortilicatis,

2284 5068 2510 5132 σκαλίας
2555 5067 2938 5137 νεκρωθέντων
2979 5068 3133 5139 ἡμῶν
3163 5068 3273 5121 τῶν
3307 5069 3504 5140 μελῶν,
3557 5073 3590 5141 ἠ
3638 5074 3693 5124 ὲν
3724 5074 3855 5142 ἡμῖν

604 5157 750 5205 terra
782 5166 905 5220 quae
934 5151 987 5206 in
1018 5154 1176 5210 nobis
1208 5162 1292 5210 est
1319 5155 1561 5212 desolata
1596 5164 1698 5220 est,
1724 5171 1887 5211 carne
1917 5155 2031 5226 jam
2060 5157 2178 5213 suis

2282 5161 2576 5231 ηφάνισται
2604 5160 2697 5229 γῆ,
2728 5159 2827 5229 τῆς
2863 5158 3062 5230 σαρκὸς
3095 5160 3289 5230 μηκέτι
3327 5161 3583 5233 ποιούσης
3612 5161 3681 5215 τά
3728 5164 3859 5216 ἐαυ-

603 5256 714 5298 ιιοιι
748 5240 1003 5313 fungente
1038 5244 1247 5301 olliciis.

2280 5253 2399 5323 τῆς.
3218 5304 3232 5311 -

676 5334 765 5389 12.
805 5335 853 5367 ’°
875 5334 1015 5401 Quia
1044 5338 1255 5408 gladius
1303 5337 1516 5393 Domini
1546 5340 1833 5397 devorabit.
1878 5342 1982 5409 Qui
2028 5343 2174 5397 enim

2352 5344 2438 5397 19..
2467 5345 2593 5395 ’Ότι
2621 5342 2881 5412 μάχαιρα
2919 5343 3139 5410 Κυρίου
3190 5342 3605 5412 καταφάγεται.
3650 5344 3710 5398 ’0
3746 5343 3860 5418 γὰρ

599 5427 752 5483 venit
794 5429 1008 5485 mittere
1053 5430 1321 5500 gladium,
1370 5431 1635 5501 disjunxit
1677 5434 1745 5487 ab
1782 5435 2011 5491 invicem
2055 5451 2177 5506 qua:

2280 5435 2449 5490 ἐλθὼν
2477 5434 2658 5505 βαλεῖν
2695 5434 2987 5504 μάχαιραν,
3030 5432 3275 5503 διέτεμεν
3297 5434 3537 5505 ἀλλήλων
3571 5435 3637 5488 τὰ
3661 5436 3860 5506 πρότε..

670 5625 718 5700 ff
749 5624 923 5700 “om.
938 5629 992 5683 9.
1033 5626 1584 5700 4_”_.‘loan.‘vut,dl_._
1645 5627 1692 5661 ⁸⁹
1715 5628 1859 5684 Psal.
1885 5645 2027 5696 κων,
2060 5630 2148 5687 Η.
2225 5632 2268 5667 θ’
2298 5619 2336 5676 il

2225 5632 2268 5667 θ’
2298 5617 2430 5676 ibid-
2498 5632 2541 5664 ⁹¹
2565 5629 2753 5687 lJoan.
2785 5646 2868 5697 ιιι,
2890 5630 2945 5684 8.
3020 5632 3065 5664 ⁹²
3097 5628 3255 5686 Hom.
3288 5631 3372 5688 ιο.
3413 5634 3459 5666 ’³
3483 5631 3646 5690 Hebr.
3673 5646 3772 5700 xu,
3798 5630 3859 5692 6.

596 5692 645 5726 “
677 5695 837 5750 llom.
867 5698 955 5751 10.
1029 5697 1076 5729 ’³
1112 5695 1270 5751 Hom.
1298 5696 1385 5751 ιο.
1437 5692 1504 5730 ⁷⁰⁶
1541 5696 1701 5751 llom.
1749 5700 1836 5753 10.
