4218 6292
384 398 495 455 553

1602 394 1916 452 SELECTA
1956 395 2023 450 IN
2060 394 2428 452 JEREMIAM.

3548 404 3654 460 551

384 532 481 588 ρον
505 509 854 585 εἶρηνεύοντα
882 510 1067 575 κακῶς
1108 511 1321 583 πνεῦμα
1360 513 1454 566 καὶ
1487 513 1681 584 σάρκα
1721 512 1842 566 τότε
1878 513 1974 583 γὰρ

2089 511 2242 580 prius
2278 511 2470 582 iniqua
2502 512 2797 567 utebantur
2825 528 2975 581 pace,
3012 515 3262 584 spirituum
3309 529 3363 574 et
3412 534 3636 575 carnem
3673 568 3677 574 .

387 607 495 660 οὐκ
525 602 833 674 ὲπεθύμουν
869 604 987 657 κατ’
1028 603 1294 674 ἀλλήλων.
1334 604 1395 657 ὐ
1431 604 1488 658 δὲ
1514 604 1732 671 διδάξας
1761 606 1830 659 τὰ
1854 606 1987 659 ἑκα-

392 695 557 766 τέρου
602 693 735 764 ἔργα
769 691 999 764 βέϐληκε
1036 694 1311 765 μάχαιραν
1341 695 1398 746 ὲν
1432 694 1562 764 ἡμῖν
1592 694 1683 747 τὸν
1724 693 1853 747 ἴδιον
1903 694 1990 748 λό-

397 801 514 853 γον·
550 785 639 839 καὶ
668 784 767 856 τὴν
803 784 1040 856 Χριστοῦ
1069 785 1335 856 νέκρωσιν
1364 787 1422 838 ὲν
1449 787 1662 850 ἑαυτοῖς
1689 786 1983 859 περιφέρο-

401 897 518 954 μεν,
544 878 636 932 καὶ
661 878 730 950 ζῇ
765 878 826 931 τδ
856 878 1094 950 πνεῦμα,
1136 877 1403 949 θανούσης
1448 881 1578 951 ἡμῖν
1613 880 1713 950 τῆς
1759 881 1981 951 σαρκός·

398 971 454 1024 ἐν
483 970 677 1041 ἐκείνῳ
705 968 836 1041 γὰρ,
864 971 966 1023 οὐκ
995 973 1053 1024 ὲν
1078 970 1250 1043 ταύτῃ
1280 971 1595 1042 σπείρομεν,
1623 971 1710 1024 ἵνα
1743 971 1816 1042 μὴ
1848 971 1986 1042 θερί-

395 1081 574 1136 σωμεν
602 1064 831 1137 φθοράν,
861 1062 996 1117 ἀλλὰ
1027 1061 1171 1135 ζωὴν
1201 1062 1438 1117 αἰώνιον.

460 1245 553 1299 15.
593 1243 881 1311 Σπείρατε
924 1245 1172 1312 πυρούς.
1226 1243 1516 1315 Σπείρουσι
1539 1242 1596 1295 δὲ
1626 1244 1839 1314 πυροὺς
1886 1244 1983 1296 καὶ

386 1334 699 1407 θερίζουσιν
736 1334 978 1399 ἀκάνθας
1002 1336 1051 1388 oi
1072 1337 1184 1398 τοῖς
1212 1334 1310 1406 μὲν
1337 1332 1517 1402 λόγοις
1538 1332 1852 1404 ὁμιλοῦντες
1887 1333 1981 1387 τοῦ

385 1424 546 1490 θεοῦ,
585 1426 660 1497 μὴ
703 1424 903 1490 ζῶντες
946 1425 1004 1478 δὲ
1041 1426 1166 1479 κατ’
1214 1424 1375 1492 αὐτὰ,
1426 1424 1461 1495 ἢ
1518 1423 1862 1488 πιστεύοντες
1907 1425 1983 1489 ὡς

389 1517 584 1581 παῖδες
617 1516 931 1589 αἱρετικῶν.

460 1609 551 1662 15.
593 1608 702 1661 Kal
746 1606 961 1677 κλῆροι
1004 1607 1204 1661 αὐτῶν
1242 1609 1355 1661 οὐκ
1403 1605 1836 1677 ὠφελήσουσιν
1871 1608 1978 1660 αὺ-

386 1699 546 1765 τούς.
584 1698 779 1767 Δέγοις
812 1697 857 1751 δ’
894 1697 960 1752 ἂν
996 1697 1131 1769 μηδὲ
1152 1698 1280 1763 τοὺς
1306 1697 1528 1769 ἔχοντας
1553 1697 1750 1769 κλῆρον
1778 1697 1978 1767 ὲκκλη-

390 1791 669 1845 σιαστικὸν
697 1789 932 1859 ὀφείλειν
956 1789 1050 1842 ἐπὶ
1078 1788 1252 1861 τούτῳ
1278 1789 1526 1862 θαρρεῖν,
1556 1789 1634 1854 ὡς
1674 1788 1866 1854 σώζειν
1887 1788 1979 1842 δυ-

2095 612 2230 659 tunc
2248 604 2394 659 enim
2422 618 2528 656 non
2554 606 3011 674 concupiscebam
3037 608 3297 665 adversus
3330 625 3388 666 se
3418 612 3670 667 invicem.

2088 693 2196 761 Qui
2227 704 2409 749 autem
2435 694 2722 764 utriusque
2750 710 2915 765 opera
2945 694 3154 763 docuit,
3177 701 3329 756 misit
3353 702 3406 755 in
3439 718 3539 758 nos
3562 705 3675 772 gla-

2090 786 2263 852 dium,
2298 799 2604 841 sermonem
2650 789 2969 857 proprium;
3029 800 3081 844 et
3130 791 3331 848 Christi
3377 794 3675 851 mortiﬁca-

2090 877 2293 931 tionem
2327 877 2379 930 in
2415 877 2570 932 nobis
2605 877 3067 940 circuntferimns.
3111 896 3386 953 carnequc
3428 885 3481 939 in
3518 887 3673 941 nobis

2088 976 2357 1033 emortua,
2405 967 2631 1037 spiritus
2683 969 2842 1035 vivit;
2887 967 2940 1022 in
2973 970 3067 1024 illo
3100 971 3281 1037 enim,
3325 989 3433 1026 non
3481 975 3533 1027 in
3575 974 3676 1028 hac

2089 1058 2446 1122 semiuamus,
2476 1075 2543 1113 nc
2584 1060 3011 1129 corruptionem,
3062 1061 3152 1115 sed
3201 1061 3366 1117 vitam
3414 1072 3671 1118 aeternam

2090 1160 2382 1205 metamus.

2164 1242 2248 1295 15.
2291 1240 2560 1296 Sentinate
2582 1242 2851 1311 frumenta
2877 1244 2944 1297 ’7.
2974 1242 3254 1299 Seminant
3283 1262 3410 1300 vero
3433 1245 3676 1302 frumen-

2089 1342 2226 1396 tum,
2258 1348 2322 1388 ac
2354 1334 2541 1403 spinas
2566 1334 2850 1388 demetunt
2883 1336 2975 1404 qui
3006 1336 3167 1390 verba
3198 1336 3293 1393 Dei
3328 1338 3546 1393 assidue
3571 1349 3676 1393 tra-

2085 1434 2255 1490 ctant,
2286 1428 2379 1482 sed
2405 1442 2511 1481 non
2538 1426 2730 1479 vivunt
2760 1435 2819 1480 ut
2848 1428 2937 1482 illa
2963 1429 3308 1498 praecipiunt,
3329 1430 3413 1485 vel
3439 1431 3675 1486 credunt.

2086 1524 2145 1571 ut
2178 1516 2438 1572 haeretici.

2157 1607 2244 1661 15.
2288 1606 2431 1662 Cleri
2469 1625 2651 1663 eorum
2676 1626 2778 1664 non
2804 1609 3090 1679 proderunt
3123 1610 3198 1665 eis
3221 1610 3286 1666 θ’.
3316 1610 3478 1667 Dicas
3504 1610 3668 1667 etiam

2082 1707 2136 1754 et
2157 1699 2305 1754 clero
2345 1700 2723 1757 ecclesiastico
2751 1701 3020 1770 ascriptus
3042 1716 3151 1756 non
3178 1702 3375 1758 debere
3401 1703 3475 1757 illi
3501 1705 3669 1759 ﬁdere

2082 1791 2241 1860 quasi
2287 1791 2463 1860 possit
2520 1792 2611 1846 ille
2659 1806 2852 1847 omnes
2898 1793 3108 1848 salvare
3150 1793 3204 1847 in
3260 1793 3461 1864 quibus
3505 1794 3672 1849 inest.

387 1884 606 1955 ναμένῳ
634 1884 844 1948 πάντας
886 1885 1016 1948 τοὺς
1055 1882 1295 1954 ἔχοντας.
1332 1883 1497 1937 Πόσοι
1549 1882 1660 1954 γὰρ
1696 1883 1766 1936 δι’
1803 1881 1974 1954 ἔργων

2083 1877 2230 1944 Quot
2268 1881 2413 1935 enim
2453 1880 2611 1937 factis
2656 1881 2789 1951 ipsis
2821 1883 3116 1938 miserrimi
3159 1883 3372 1939 eli‘ccti?
3432 1883 3474 1936 Ε
3516 1886 3671 1941 laicis

398 1974 674 2044 μγόνασιν
725 1976 935 2041 ἆθλιοι;
990 1976 1057 2029 ὲκ
1102 1975 1307 2029 λαῖκῶν
1360 1975 1419 2028 δὲ
1469 1974 1627 2027 πόσοι
1680 1974 1978 2045 μακάριοι;

386 2066 534 2138 Πλὴν
592 2067 812 2122 δυνατοὶ
863 2065 1106 2129 δυνατῶς
1166 2064 1583 2136 ὲτασθήσονται.
1650 2064 1815 2117 Καθὰ
1871 2064 1981 2136 γὰρ

385 2158 601 2223 Παῦλός
627 2175 779 2229 φησι’
828 2157 1096 2226 Ζητεῒται
1126 2156 1195 2210 δὲ
1228 2156 1297 2210 ἐν
1321 2156 1447 2223 τοῖς
1492 2157 1848 2225 οἰκονόμοις,
1883 2156 1984 2209 ἵνα

385 2249 607 2315 πιστός
634 2266 726 2315 τις
750 2247 987 2317 εὑρεθῆ.

460 2342 550 2396 15.
590 2341 970 2410 Αίσχύνθητε
1009 2339 1127 2395 ἀπὸ
1158 2339 1515 2409 καυχήσεως
1538 2338 1723 2408 ὑμῶν.
1752 2340 1981 2412 Καύχη-

390 2451 473 2489 σιν
492 2432 800 2504 ὀνειδισμοῦ
834 2433 931 2487 καὶ
958 2431 1221 2504 αἰσχύνης
1246 2432 1381 2502 φησὶ
1401 2430 1499 2503 τὴν
1524 2432 1617 2484 ἐπὶ
1649 2431 1867 2502 πλούτῳ
1887 2432 1983 2485 καὶ

391 2523 547 2597 ῥώμῃ
577 2523 672 2579 καὶ
714 2523 900 2578 κάλλει
936 2525 1032 2578 καὶ
1070 2523 1181 2577 τῶν
1227 2522 1430 2594 ὁμοίων
1465 2522 1814 2594 σωματικῶν.
1851 2522 1972 2578 Κᾶν

389 2612 519 2687 ἔχῃς
540 2614 598 2667 δέ
628 2632 682 2667 τι
718 2613 1039 2687 προτέρημα
1078 2612 1327 2684 ψυχικὸν,
1357 2611 1421 2665 οὐ
1457 2613 1709 2685 καυχήσῃ
1734 2613 1983 2686 πειθόμε-

387 2716 476 2763 νος
523 2699 603 2771 τῷ
634 2699 865 2769 λέγοντιο
910 2700 1007 2769 Μὴ
1054 2699 1381 2769 καυχάσθω
1425 2702 1459 2753 ὁ
1497 2701 1785 2770 φρόνιμος
1806 2701 1878 2756 ἐν
1904 2701 1981 2772 τῇ

388 2790 681 2860 φρονήσει
705 2789 915 2855 αὑτοῦ,
942 2792 1115 2860 ίσχύτ
1142 2807 1207 2845 τε
1254 2791 1353 2844 καὶ
1384 2792 1645 2858 πλούτῳ,
1681 2791 1778 2846 ἀλλ
1810 2795 1868 2849 ἒν
1900 2795 1981 2866 τῷ

388 2880 626 2937 συνιέναι
653 2881 748 2936 καὶ
772 2880 1062 2950 γινώσκειν
1090 2881 1181 2934 τὸν
1219 2880 1449 2952 Κύριον,
1482 2880 1677 2951 λέγων⁹
1728 2883 1882 2952 Ἐμοὶ
1909 2883 1981 2937 δὲ

382 2972 469 3042 μὴ
495 2972 724 3045 γένοιτο
753 2972 1093 3043 καυχᾶσθαι
1132 2975 1186 3027 εί
1220 2972 1306 3042 μὴ
1361 2973 1433 3026 ἐν
1471 2972 1551 3039 τῷ
1591 2973 1833 3044 σταυρῷ
1868 2977 1977 3031 τοῦ

387 3066 609 3133 Κυρίου
634 3064 803 3136 ἡμῶν
848 3064 1044 3135 Ἰησοῦ
1086 3064 1365 3133 Χριστοῦ·
1411 3067 1505 3119 καὶ⁸
1537 3066 1718 3121 πάλιν·
1758 3067 1979 3136 ἣδιστα

2083 1983 2214 2023 vero
2245 1978 2381 2040 quot
2412 1970 2807 2026 beatitudinem
2838 1972 3113 2026 assecuti?
3138 1971 3405 2026 Casterum
3435 1983 3670 2043 potentes

2081 2065 2319 2126 potenter
2359 2058 2813 2113 examinabuntur
2852 2060 2920 2113 ’³.
2973 2059 3043 2114 Ut
3080 2061 3224 2115 enim
3270 2059 3474 2117 Paulus
3506 2062 3583 2116 ait
3606 2062 3668 2117 ιε

2086 2146 2359 2212 aneritur
2372 2149 2514 2204 inter
2529 2149 2917 2219 dispensatores
2940 2160 2999 2205 ut
3019 2151 3194 2220 ﬁdelis
3210 2153 3328 2223 quis
3350 2153 3668 2207 inueniatur.

2154 2329 2316 2400 292
2343 2330 2430 2385 15.
2465 2329 2870 2401 Confundimini
2895 2349 2928 2385 a
2959 2332 3274 2402 gloriatione
3305 2345 3476 2387 vestra
3502 2336 3541 2387 ².
3581 2335 3671 2389 Ja-

2082 2421 2341 2475 ctantiam
2374 2421 2558 2491 probri
2595 2431 2649 2475 et
2670 2422 3013 2477 verecundia:
3036 2422 3131 2487 ait,
3161 2439 3283 2493 qua:
3317 2423 3545 2488 divitiis,
3575 2441 3665 2480 ro—

2081 2510 2246 2577 bore,
2299 2511 2735 2582 pulchritudine,
2790 2512 3111 2583 cteterisque
3153 2515 3401 2584 corporis
3448 2516 3669 2571 dotibus

2082 2604 2352 2659 innititur.
2385 2602 2542 2671 Quod
2585 2604 2631 2660 si
2674 2605 2802 2660 dote
2845 2605 3031 2675 aliqua
3074 2605 3244 2660 animi
3278 2616 3526 2677 praestas,
3561 2624 3667 2663 non

2080 2695 2425 2765 gloriaberis,
2477 2696 2863 2765 obtemperans
2913 2697 3201 2753 dicenti’:
3250 2697 3376 2752 Non
3413 2699 3670 2770 glorietur

2078 2787 2307 2857 prudens
2335 2787 2392 2841 in
2418 2786 2702 2857 prudentia
2728 2804 2850 2855 sua,
2896 2789 3083 2844 robore
3115 2799 3166 2844 et
3201 2789 3425 2858 divitiis,
3471 2792 3567 2847 sed
3612 2796 3665 2847 in

2079 2879 2392 2949 cognitione
2434 2894 2499 2934 ac
2544 2880 2891 2949 perceptione
2930 2880 3183 2948 Domini,
3223 2883 3495 2940 dicens‘:
3529 2884 3667 2940 Mihi

2079 2981 2255 3024 autem
2293 2970 2433 3025 absit
2461 2971 2721 3041 gloriari,
2781 2973 2886 3027 nisi
2935 2973 2991 3028 in
3038 2990 3190 3029 cruce
3239 2976 3454 3031 Domini
3496 2977 3666 3033 nostri

2076 3060 2205 3117 Iesu
2234 3063 2472 3128 Christi;
2499 3071 2554 3118 et
2584 3063 2784 3118 iterum
2810 3066 2831 3096 ⁵
2860 3082 2873 3120 :
2906 3064 3192 3121 Gloriabor
3230 3068 3287 3122 in
3324 3070 3664 3140 inﬁrmitati-

388 3156 768 3228 καυχήσομαι
803 3158 874 3212 ἐν
902 3157 1032 3225 ταῖς
1061 3157 1401 3223 ἀσθενείαις
1424 3174 1566 3227 μου,
1599 3158 1699 3212 ἵνα
1729 3159 1974 3231 ἐπισκη-

2080 3154 2176 3206 bus
2205 3153 2359 3220 meis,
2391 3162 2449 3206 ut
2477 3154 2736 3208 inhabitet
2763 3155 2820 3209 in
2845 3172 2924 3210 me
2951 3157 3115 3210 virtus
3137 3156 3354 3214 Christi.

385 3248 551 3321 νώσῃ
577 3250 671 3304 ἐπ’
700 3250 807 3321 ἐμὲ
842 3252 881 3321 ἠ
908 3250 1163 3321 δύναμις
1187 3251 1295 3305 τοῦ
1324 3250 1604 3319 Χριστοῦ.

1038 3344 1197 3399 ΚΕΦ.
1239 3344 1336 3400 II".

459 3434 547 3488 12.
587 3434 713 3501 Πᾶς
756 3434 950 3501 ἀσκὸς
994 3436 1453 3505 πληρωθήσεται
1490 3442 1681 3497 οἴνου.
1728 3441 1975 3512 Δευτέρῳ

385 3524 583 3597 χρῆται
635 3525 1032 3597 παραδείγματι
1075 3527 1184 3581 τῶν
1221 3529 1439 3596 ἀσκῶν,
1499 3533 1581 3585 ὅτι
1642 3533 1749 3596 πᾶς
1809 3531 1975 3595 ἀσκὸς

386 3616 805 3690 πληρωθήσεται
851 3619 1017 3683 οῐνου,
1052 3616 1236 3677 ¹καίτοι
1310 3624 1405 3676 καὶ
1456 3624 1636 3678 ἐλαίου
1676 3624 1769 3678 καὶ
1796 3623 1974 3678 ἄλλων

383 3709 588 3782 ὑγρῶν·
634 3709 778 3774 τινὲς
827 3709 885 3764 δὲ
919 3712 1013 3764 καὶ
1043 3712 1263 3783 μένουσι
1303 3715 1469 3779 κενοὶ,
1499 3715 1593 3770 ἐὰν
1625 3715 1842 3786 γνῶμεν
1875 3715 1974 3780 τὰς

381 3801 497 3855 τῶν
524 3803 685 3857 οἴνων
720 3803 1003 3876 διαφορὰς,
1040 3806 1135 3859 καὶ
1171 3806 1234 3859 τὸ
1263 3807 1438 3877 παρὸν
1470 3805 1670 3877 ἀληθὲς
1695 3806 1975 3878 δειχθήσε-

383 3908 495 3946 ¹ιαι.
553 3894 743 3949 Ἔστιν
769 3890 861 3948 οῦν
906 3891 1048 3960 οἶνος
1081 3896 1251 3967 θυμὸς
1301 3896 1609 3968 δρακόντων
1645 3900 1710 3953 ὲκ
1749 3898 1972 3969 βότρυος

384 3984 637 4054 πικρίας,
673 3985 767 4038 καὶ
795 3986 1044 4057 ἀμπέλου
1076 3987 1345 4057 Σοδόμων,
1377 3988 1454 4051 ὡς
1479 3987 1808 4059 γέγραπται·
1856 3989 1970 4044 ἔστι

380 4077 477 4129 καὶ
506 4075 750 4146 ἄμπελος
782 4076 1096 4146 Αἰγυπτίων
1124 4078 1191 4148 ἢν
1227 4079 1495 4133 πατάσσει
1533 4081 1561 4132 ό
1599 4079 1732 4144 Θεὸς
1768 4080 1827 4134 ἐν
1874 4098 1972 4151 χα-

379 4166 540 4240 λάζῃ·
572 4166 688 4223 ἔστι
710 4168 802 4221 καὶ
830 4170 1090 4241 ποτήριον
1114 4169 1320 4242 Κυρίου
1357 4170 1647 4241 μεθύσκον,
1670 4171 1746 4236 ὼς
1766 4172 1973 4244 γέγρα-

381 4276 536 4322 πται,
567 4259 879 4330 κράτιστον*
912 4262 1004 4314 καὶ
1040 4261 1073 4331 ἡ
1109 4261 1270 4330 σοφία
1298 4261 1559 4331 συγκαλεῖ
1591 4262 1684 4316 ἐπὶ
1711 4262 1804 4317 τὸν
1845 4263 1973 4315 ἑαυ-

376 4351 479 4422 -ςῆς
510 4352 782 4423 κρατῆρα,
813 4352 999 4419 Δεῦτε,
1041 4353 1298 4423 λέγουσα,
1336 4355 1539 4426 φάγετε
1564 4355 1672 4409 τῶν
1696 4354 1844 4427 ἐμῶν
1870 4355 1971 4427 ἄρ-

376 4460 508 4508 των,
549 4446 647 4499 καὶ
686 4445 841 4499 πίετε
875 4440 1018 4500 οἶνον
1057 4446 1117 4501 δν
1161 4447 1442 4519 κεκέρακα
1466 4449 1619 4519 ὑμῖν⁹
1655 4447 1748 4503 καὶ¹
1780 4448 1965 4503 πάλιν·

2701 3356 2854 3412 CAP.
2895 3356 3036 3413 XIII.

2149 3448 2237 3503 12.
2281 3446 2467 3503 Omnis
2509 3455 2626 3501 uter
2658 3448 2968 3518 implebitur
3013 3451 3131 3505 vino
3167 3452 3210 3507 ⁸.
3255 3450 3507 3508 Secundo
3560 3454 3663 3509 hoc

2078 3540 2250 3596 utitur
2279 3541 2483 3596 utrium
2518 3542 2791 3611 exemplo,
2810 3544 2955 3613 quod
3000 3545 3178 3599 omnis
3222 3553 3345 3600 uter
3387 3547 3516 3601 vino
3557 3548 3660 3599 im-

2075 3632 2333 3701 plebitur.
2368 3630 2474 3687 Sed
2514 3634 2561 3688 si
2594 3634 2847 3689 vinorum
2898 3634 3230 3692 differentias
3276 3638 3658 3707 percipiamus,

2073 3723 2262 3778 ethoc
2293 3723 2505 3778 veritati
2547 3723 2799 3779 innixum
2834 3727 3375 3782 commonstrabitur.
3415 3726 3511 3781 Est
3555 3728 3659 3803 igi-

2075 3821 2165 3867 tur
2187 3813 2375 3868 viuum
2419 3813 2573 3870 furor
2612 3814 2916 3871 draconum
2955 3831 3021 3871 ex
3056 3816 3217 3871 botro
3255 3819 3657 3885 amaritudinis.

2073 3911 2128 3957 et
2158 3904 2315 3958 vinea
2354 3902 2743 3972 Sodomorum,
2774 3914 2834 3960 ut
2861 3906 3123 3976 scriptum
3145 3908 3165 3938 ⁷
3190 3907 3457 3977 legimus;
3490 3916 3575 3965 est
3604 3920 3660 3965 ct

2073 3994 2453 4067 Egyptiorum
2485 3996 2633 4064 vitis,
2678 4012 2843 4067 quam
2879 3997 3191 4054 diverberat
3220 3998 3364 4056 Deus
3399 4002 3452 4056 in
3494 4018 3659 4073 gran-

2072 4085 2198 4140 dine
2219 4085 2261 4152 ³;
2302 4093 2388 4140 est
2428 4094 2483 4139 et
2519 4085 2659 4140 calix
2693 4084 2912 4141 Domini
2950 4087 3251 4154 inebrians,
3291 4100 3345 4145 ut
3391 4093 3655 4163 scriptum

2071 4183 2179 4239 est,
2207 4173 2742 4243 praeclarissimus’:
2784 4184 2838 4230 et
2869 4177 3139 4246 sapientia
3182 4190 3340 4235 vocat
3383 4184 3448 4237 ad
3491 4199 3653 4239 suum

2072 4267 2352 4336 poculum,
2392 4267 2475 4321 eia
2517 4268 2682 4339 agite,
2715 4269 2812 4333 ait,
2859 4269 3128 4325 comedite
3163 4287 3194 4326 e
3225 4274 3362 4329 meis
3398 4276 3653 4345 panibus,

2070 4367 2126 4413 et
2174 4359 2343 4413 bibite
2381 4359 2570 4414 vinum
2607 4360 2755 4430 quod
2804 4360 3128 4417 commiscui
3176 4365 3334 4420 vobis
3358 4366 3422 4432 ¹⁰;
3453 4377 3504 4423 et
3550 4369 3655 4423 ite-

2070 4466 2238 4505 rum:
2279 4450 2522 4505 vinetum
2573 4450 2778 4507 factum
2830 4459 2915 4507 est
2960 4451 3139 4509 dilecti
3165 4455 3227 4511 ".
3280 4456 3375 4513 Est
3420 4466 3474 4513 et
3526 4460 3653 4516 vitis

389 4534 678 4606 ’Δμπελὼν
704 4537 938 4609 ἐγενήθη
957 4536 1035 4608 τῷ
1053 4539 1416 4611 ἠγαπημένῳ·
1446 4539 1562 4594 ἔστι
1600 4539 1695 4594 καὶ
1724 4540 1968 4612 ἄμπελος

2075 4541 2240 4599 Sorec
2274 4542 2443 4598 electa
2482 4543 2546 4597 “.
2588 4541 2781 4602 Omnis
2821 4547 3008 4619 itaque
3046 4548 3213 4604 homo
3258 4551 3485 4620 ﬁgurate
3525 4566 3653 4606 cum

373 4626 576 4700 Σωρὴκ
598 4629 848 4702 ὲκλεκτή.
876 4630 993 4694 Πᾶς
1013 4624 1104 4685 οῦν
1131 4629 1418 4703 ἄνθρωπος
1440 4632 1719 4704 τροπικῶς
1749 4649 1966 4705 χρημα-

372 4720 542 4786 τίζων
572 4721 739 4785 ἀσκὸς
770 4723 913 4777 οἴνου
952 4723 1259 4795 χωρητικός
1281 4725 1396 4778 ἐστι
1427 4724 1753 4796 κρείττονος,
1784 4723 1817 4796 ἢ
1853 4724 1966 4796 χεί-

378 4825 554 4882 ρονος,
585 4811 619 4883 ἢ
651 4811 853 4884 ἀναμὶξ
876 4813 1224 4884 ἀμφοτέρων,
1245 4815 1339 4868 καὶ
1360 4815 1394 4885 ἢ
1425 4816 1640 4887 ἐπίσης,
1669 4816 1703 4887 ἢ
1738 4815 1959 4886 μᾶλλον,

378 4905 472 4958 καὶ
505 4901 671 4977 ἦττον
722 4905 975 4978 θατέρουο
1012 4905 1106 4960 τοῦ
1137 4906 1237 4978 μὲν
1272 4907 1478 4977 φαύλου
1500 4906 1790 4980 δεχομένου
1812 4907 1874 4961 τὸ
1901 4907 1962 4973 ἐξ

375 4994 734 5069 ἀμφοτέρων,
773 4996 1024 5067 Σοδόμων
1074 4997 1167 5050 καὶ
1218 4998 1557 5066 Αἰγυπτίων,
1598 4998 1711 5052 τῶν
1751 4996 1962 5069 ἐχθρῶν

388 5083 627 5158 Ἰσραὴλ,
660 5086 757 5141 τοῦ
794 5087 852 5140 δὲ
878 5085 1086 5156 ἀγαθοῦ
1122 5087 1212 5141 τὸν
1240 5088 1304 5141 ὲκ
1335 5089 1595 5159 ποτηρίου
1633 5087 1838 5159 Κυρίου
1868 5087 1963 5140 καὶ

374 5177 630 5249 κρατῆρα
661 5177 762 5249 τῆς
799 5178 1009 5248 σοφίας·
1036 5179 1131 5232 καὶ
1151 5177 1229 5250 τῷ
1256 5178 1354 5249 μὲν
1389 5179 1691 5250 παρέπεται
1718 5181 1960 5251 τιμωρία

377 5268 520 5321 κατὰ
541 5268 623 5334 τὸ,
644 5269 803 5324 Λάϐε
819 5268 885 5324 τὸ
914 5268 1203 5338 ποτήριον
1222 5268 1331 5324 τοῦ
1347 5269 1537 5334 οἴνου,
1570 5271 1667 5324 xal
1693 5270 1957 5339 ἀκράτου

374 5362 617 5429 τούτου,
635 5363 733 5417 καὶ
755 5363 980 5431 ποτιεῖς
991 5363 1192 5418 πάντα
1205 5363 1279 5417 τὰ
1290 5362 1458 5431 ἔθνη,
1490 5364 1641 5432 πρὸς
1651 5363 1691 5417 d
1702 5362 1818 5433 ἐγὼ
1828 5363 1956 5418 ἐπι-

372 5452 617 5509 στέλλω
636 5470 707 5510 σε
728 5454 879 5524 πρὸς
906 5454 1150 5521 αὐτοὺς,
1179 5452 1257 5525 τῷ
1296 5454 1535 5525 Ἱερεμίᾳ
1563 5454 1746 5525 φησίν
1772 5446 1817 5522 ᾧ
1838 5455 1957 5508 ὲπι-

2065 4634 2138 4690 sit
2166 4642 2309 4698 uter,
2351 4648 2526 4703 capax
2571 4642 2655 4689 est
2697 4634 2811 4689 vini
2847 4637 3112 4703 melioris,
3147 4646 3244 4691 aut
3283 4636 3509 4707 pejoris,
3555 4650 3653 4694 aut

2065 4727 2270 4782 mistim
2319 4725 2638 4797 utriusque,
2683 4734 2739 4781 et
2788 4728 2873 4783 vel
2921 4727 3206 4798 aequaliter
3247 4728 3332 4783 vel
3380 4730 3553 4801 magis
3592 4743 3653 4789 et

2064 4818 2248 4873 minus
2298 4818 2559 4884 alterius;
2606 4832 2776 4888 pravo
2821 4818 3043 4888 quidem
3079 4835 3145 4874 ex
3191 4828 3424 4891 utroque
3460 4822 3648 4876 vinum

2063 4904 2311 4972 capiente
2339 4901 2705 4958 Sodomorum
2730 4902 2983 4959 videlicet
2994 4912 3050 4960 et
3064 4902 3465 4977 Egyptiorum,
3481 4907 3648 4966 Israel

2065 4994 2339 5062 hostium;
2369 4995 2513 5050 bono
2537 5008 2668 5050 vero
2691 4993 2880 5049 vinum
2916 5010 2948 5050 e
2979 4995 3148 5052 calice
3177 4996 3392 5053 Domini
3421 5007 3477 5054 et
3516 5015 3649 5055 (διες

2062 5095 2177 5141 tere
2203 5085 2484 5155 sapientiae
2510 5106 2522 5142 :
2551 5095 2606 5141 et
2637 5085 2783 5142 hunc
2811 5086 3031 5157 quidem
3053 5090 3408 5161 consequitur
3432 5091 3646 5159 punitio

2057 5177 2215 5247 juxta
2252 5180 2384 5234 illud
2408 5180 2454 5212 "
2481 5197 2494 5234 :
2521 5178 2714 5249 Accipe
2743 5178 2992 5249 poculum
3032 5181 3141 5235 uiui
3182 5190 3233 5236 et
3276 5184 3405 5236 meri
3446 5181 3643 5251 hujus;

2057 5282 2108 5326 et
2138 5270 2291 5325 dabis
2330 5279 2573 5340 palatum
2614 5269 2855 5324 omnibus
2891 5271 3130 5342 gentibus
3170 5274 3241 5327 ad
3282 5290 3413 5343 quas
3454 5289 3547 5343 ego
3592 5284 3641 5328 te

2059 5364 2234 5431 mitto,
2266 5362 2519 5419 Ieremia;
2567 5363 2662 5429 ait,
2711 5364 2913 5433 quibus
2958 5364 3216 5430 adnectit,
3263 5376 3313 5419 et
3357 5365 3553 5430 bibent,
3589 5375 3642 5421 et

2058 5463 2312 5519 evenient,
2341 5462 2392 5508 et
2421 5454 2656 5522 stevient,
2681 5462 2731 5508 et
2767 5455 3063 5531 congident.
3109 5454 3453 5511 Punitionem
3491 5459 3641 5515 enim

446 5685 492 5719 ’τ
513 5681 691 5754 Hom.
722 5684 807 5739 10.
885 5685 932 5717 ’⁸
972 5684 1130 5740 Hom.
1168 5684 1260 5754 11.
1338 5684 1384 5718 ⁹⁹
1412 5682 1641 5754 Sap._vt,
1670 5682 1726 5735 ’7.
1804 5681 1820 5712 ¹
1847 5679 1974 5738 [Co

2075 5697 2127 5754 ν,
2145 5680 2202 5754 2.
2246 5675 2491 5754 A’_ilo_m.
2523 5678 2610 5732 11.
2695 5674 2954 5754 ‘_{crem._
2995 5695 3071 5754 ιιι,
3101 5681 3192 5737 25.
3268 5680 3290 5713 ⁸
3321 5682 3441 5741 Gal.
3479 5701 3570 5754 γνι,

377 5754 468 5810 11.
547 5755 568 5787 ⁸
595 5753 640 5809 ll
666 5753 793 5811 Cor.
823 5771 919 5817 ιιι,
949 5755 1002 5809 9.
1078 5756 1098 5786 ⁸
1139 5753 1296 5807 Hom.
1330 5754 1418 5808 £2.
1482 5744 1502 5785 ’ί
1532 5744 1745 5821 Denter.
1770 5767 1942 5821 χχχιι,

2100 5744 2188 5819 5.3.
2239 5751 2262 5785 '
2305 5748 2452 5804 Psal.
2479 5762 2685 5815 LXXVII,
2708 5744 2796 5803 47.
2872 5752 2894 5783 ι
2918 5747 3063 5804 Psal.
3109 5769 3241 5815 χχιι.
3267 5754 3321 5810 5.
3399 5755 3443 5789 "
3469 5744 3635 5816 Prov.

378 5840 456 5891 tx,
487 5825 541 5881 5.
622 5823 788 5879 “lsa.
820 5841 870 5891 v,
896 5840 933 5878 t.

704 5922 972 5983 ΡΑτιιοι.
1017 5920 1132 5981 Gn.
1168 5917 1339 5980 Xlll.

1015 5825 1056 5856 “
1077 5823 1276 5878 Jerem.
1314 5840 1374 5888 ιι,
1403 5823 1496 5878 21.
1573 5823 1614 5853 ¹³
1640 5820 1839 5879 Jcreut.
1872 5820 1998 5896 m,
2027 5823 2114 5891 l5,
2143 5821 2229 5876 16.

3249 5916 3323 5978 18
