4218 6292
565 334 672 394 555

1936 329 2028 384 EX
2065 326 2366 385 ORIGENE
3732 327 3803 383 55

562 457 751 514 vinum
782 456 994 513 vocavit
1017 466 1224 507 merum
1256 448 1400 519 quod
1433 463 1593 518 plena
1620 450 1972 506 acerbissima
2000 453 2138 522 dign?

2256 450 2429 522 cpépet'
2465 448 2568 503 Kal
2604 448 2861 512 πίονται,
2895 447 2992 501 καὶ
3025 444 3433 515 ἐξεμέσονται,
3465 444 3563 499 καὶ
3588 444 3851 516 ἐκμανὴ-

562 551 756 605 bibunt
779 567 794 603 :
820 548 910 602 alii
941 560 1068 599 vero
1091 545 1317 599 dilatam
1356 545 1547 599 bibunt
1586 560 1805 614 poenam
1849 547 1929 599 vel
1966 560 2142 599 mera-

559 643 785 696 ciorcm.
825 636 959 692 Nam
991 635 1136 691 calix
1162 636 1217 690 in
1248 653 1408 693 ntanu
1437 635 1650 691 Domini
1676 638 1781 691 vini
1813 639 1939 691 meri
1960 636 2142 708 plenus

558 730 788 794 potione,
834 726 1206 797 reclinavitque
1247 743 1313 780 ea:
1354 728 1451 780 hoc
1493 729 1545 781 in
1592 728 1724 793 hoc;
1762 738 1998 782 attamen
2039 727 2145 796 [rex

557 821 723 887 ipsius
750 828 950 872 nonest
976 827 1247 881 evacuate,
1294 818 1466 873 bibent
1501 836 1676 873 omnes
1710 830 2006 889 peccatores
2041 832 2147 873 ter-

556 928 632 966 ra:
658 912 720 965 “.
757 909 851 965 Est
881 927 1010 965 vero
1050 920 1105 966 et
1146 910 1401 980 poculum
1451 911 1843 965 benedictionis
1875 910 2019 980 quod
2065 910 2148 964 bi-

558 1002 870 1070 bun-tjusti,
896 1002 1057 1071 quale
1086 1011 1170 1056 est
1199 1002 1331 1056 illud
1361 1001 1954 1071 sapientiae,'quodque
1983 1001 2148 1055 disci-

556 1095 699 1165 pulis
730 1095 783 1147 in
817 1093 1197 1148 remissionem
1231 1101 1578 1162 peccatorum
1610 1092 1876 1146 exhibuit.

2249 558 2480 605 σονται,
2511 541 2611 594 καὶ
2636 539 2985 594 πεσοῦνται.
3015 540 3131 611 Τὴν
3160 538 3270 609 γὰρ
3295 537 3517 594 κόλασιν
3545 533 3688 593 οἶνον
3720 540 3850 594 ἐκά-

2250 636 2407 689 λεσεν
2457 633 2728 705 ἄκρατον,
2778 632 2837 686 ὃν
2884 633 3129 687 πίνουσιν
3179 634 3228 685 οἱ
3276 632 3518 704 ἀκράτου
3573 631 3852 695 κολάσεως

2251 723 2409 790 ἄξιοι.
2437 721 2620 776 Ἀλλοι
2651 721 2708 774 δὲ
2785 723 3130 795 κεκραμένην
3166 722 3377 777 πίνουσι
3406 722 3647 789 κόλασιν,
3690 722 3725 795 ἢ
3756 723 3852 777 καὶ

2242 813 2659 886 »ἀκρατωτέραψ
2696 832 2714 864 ι
2752 813 3018 885 Ποτήριον
3060 812 3169 885 γὰρ
3202 815 3260 867 ἐν
3285 814 3429 885 χειρὶ
3466 814 3674 885 Κυρίου
3700 814 3847 869 οίνου

2255 907 2517 978 ἀκράτου,
2562 904 2772 976 πλῆρες
2814 904 3182 976 κεράσματος,
3227 905 3322 958 καὶ
3362 905 3570 960 ἔκλινεν
3603 908 3669 958 ἐκ
3717 906 3847 960 τού-

2253 1015 2347 1051 του
2381 999 2460 1060 είς
2489 995 2665 1050 τοῦτο·
2729 994 2868 1066 πλὴν
2907 997 2936 1048 ὁ
2998 996 3228 1067 τρυγίας
3292 996 3456 1050 αὑτοῦ
3504 998 3604 1050 οὐκ
3663 997 3848 1063 ἐξεκε-

2251 1088 2421 1160 νώθη’
2452 1088 2663 1143 πίονται
2696 1089 2895 1152 πάντες
2929 1090 2977 1141 οἱ
3009 1089 3326 1160 ἁμαρτωλοὶ
3344 1090 3443 1161 τῆς
3473 1089 3595 1159 γῆς.
3632 1110 3651 1142 ι
3690 1089 3848 1152 Ἐστι

550 1188 611 1243 δέ
632 1191 725 1243 καὶ
751 1191 1008 1260 ποτήριον
1035 1188 1302 1257 εὐλογίας,
1335 1187 1363 1240 ὃ
1392 1187 1636 1242 πίνουσιν
1687 1189 1737 1241 οἱ
1774 1187 1989 1241 δίκαιοι·
2035 1181 2147 1241 οἷον
2206 1186 2268 1240 τὸ
2318 1185 2420 1257 τῆς
2483 1185 2698 1255 σοφίας,
2751 1186 2845 1238 καὶ
2885 1186 3025 1256 ὅπερ
3062 1184 3246 1238 δίδωσι
3299 1187 3412 1248 τοῖς
3462 1186 3731 1257 μαθηταῖς
3766 1187 3848 1251 el;

553 1282 747 1352 ἄφεσιν
774 1281 1084 1353 ἁμαρτιῶν.

628 1377 715 1431 14.
760 1374 828 1429 Et
858 1392 965 1430 non
997 1393 1215 1446 parcam
1253 1386 1302 1430 et
1330 1393 1434 1431 non
1464 1378 1744 1432 miserebor
1767 1378 1831 1432 ιδ.
1859 1377 1974 1431 Non
2018 1393 2142 1447 par-

553 1482 674 1522 cam
704 1477 760 1521 et
796 1468 1270 1524 nommiserebor.
1322 1466 1570 1522 Haeretiei
1620 1468 1705 1522 hic
1751 1472 2040 1537 insurgunt
2084 1469 2139 1522 in

551 1565 857 1612 creatorem
883 1556 1382 1626 prophetat-umque
1413 1556 1604 1619 Deum,
1636 1558 1950 1626 ignorantes
1975 1573 2142 1627 quan-

551 1659 667 1705 tum
700 1647 771 1702 sit
801 1647 1006 1702 bonum
1034 1657 1106 1703 et
1149 1648 1249 1702 sibi
1283 1657 1337 1701 et
1370 1648 1492 1703 aliis
1522 1657 1808 1717 peccantes
1840 1648 2041 1718 puniri.
2073 1664 2140 1704 ne

544 1750 730 1809 serpat
763 1741 927 1795 veluti
956 1758 1021 1796 ex
1050 1742 1210 1813 293
1241 1744 1489 1796 membro
1534 1742 1673 1796 male
1717 1741 1910 1796 affecto
1946 1756 2137 1797 (‘Ol‘lll-

553 1834 695 1904 ptela
729 1835 781 1888 in
815 1842 989 1889 totum
1030 1850 1226 1903 corpus
1263 1853 1275 1889 :
1322 1835 1527 1890 idcirco
1568 1843 1620 1888 et
1659 1833 1824 1903 judex
1864 1836 2041 1903 punit,
2084 1844 2140 1889 et

552 1936 740 1982 secant
774 1927 989 1981 medici.

1186 2105 1339 2161 CAP.
1381 2106 1495 2161 XV.

624 2199 678 2254 5.
703 2196 835 2262 Quis
860 2209 1064 2268 parcet,
1092 2208 1187 2251 aut
1208 2199 1325 2268 quis
1361 2198 1770 2252 contristabitur
1795 2216 1951 2267 super
1987 2208 2034 2253 te
2060 2201 2142 2255 “‘1

554 2289 710 2345 Sicut
745 2291 892 2345 enim
935 2305 1098 2345 nemo
1148 2305 1274 2344 cum
1319 2290 1543 2369 homine
1578 2292 1719 2361 regis
1759 2292 1983 2348 inimico
2010 2309 2142 2347 cou-

551 2382 815 2452 greditur,
845 2398 911 2436 ne
950 2383 1184 2437 decretis
1233 2381 1398 2452 regiis
1429 2382 1706 2436 adversari
1758 2384 2022 2449 videatur,
2066 2386 2141 2439 ita

550 2481 609 2527 et
638 2473 877 2527 hominis
911 2474 1147 2543 peccatis
1184 2472 1385 2527 subditi
1414 2482 1469 2527 et
1496 2473 1657 2543 ejecti
1687 2489 1716 2526 a
1750 2473 1878 2536 Deo,
1905 2485 1963 2529 ut
1989 2476 2142 2531 locus

554 2563 633 2618 illi
691 2563 1082 2619 misericordia:
1122 2565 1305 2619 uultus
1349 2563 1420 2617 sit
1454 2565 1596 2633 apud
1642 2565 1992 2620 mitissimum
2040 2565 2141 2619 hu-

551 2655 1048 2725 manissimumque
1078 2654 1280 2719 Deum,
1317 2657 1503 2709 nullus
1547 2655 1865 2724 angelorum
1914 2659 2141 2712 misere-

548 2748 731 2816 bitur;
786 2747 1003 2818 qualem
1059 2762 1205 2802 nunc
1252 2745 1555 2802 Jerusalem
1610 2744 1782 2815 ponit,
1817 2753 1876 2800 ut
1918 2763 2041 2816 quae
2086 2747 2141 2802 in

543 2832 733 2891 Jesum
784 2836 1110 2905 peccaverit,
1157 2851 1257 2890 nec
1292 2851 1400 2889 non
1433 2835 1668 2890 audierit
1694 2836 1733 2866 "
1764 2854 1776 2890 :
1817 2834 2139 2904 Jerusalem,

551 2945 666 3000 quae
701 2929 899 2982 occidis
927 2928 1209 2999 prophetas
1235 2938 1284 2982 et
1312 2928 1524 2998 lapidas
1561 2930 1749 2982 missos
1791 2929 1861 2982 ad
1893 2938 1962 2994 te,
2011 2944 2143 2999 quo-

2322 1376 2409 1430 ”.
2451 1376 2561 1430 Kal
2603 1377 2675 1429 οὐ
2721 1376 3025 1445 φείσομαι,
3074 1376 3173 1429 καὶ
3219 1377 3331 1430 οὐκ
3360 1374 3732 1445 οἰκτειρήσω.
3772 1377 3847 1430 Τὸ

2246 1465 2325 1528 δέ,
2357 1465 2431 1518 Οὐ
2458 1464 2735 1535 φείσομαι,
2776 1465 2897 1517 οὐδὲ
2937 1466 3285 1536 οίκτειρήσω’
3315 1468 3375 1519 υἱ
3409 1466 3520 1519 ἀπὸ
3551 1466 3658 1522 τῶν
3696 1468 3847 1538 αἱρέ-

2249 1575 2384 1611 σεων
2419 1556 2808 1628 ἐπεμϐαίνουσι
2833 1555 2911 1627 τῷ
2956 1555 3299 1628 δημιουργῷ,
3332 1558 3425 1610 καὶ
3453 1556 3530 1627 τῷ
3558 1557 3666 1611 τῶν
3708 1575 3844 1629 προ-

2246 1649 2433 1721 φητῶν
2471 1648 2623 1721 Θεῷ,
2662 1648 2987 1717 ἀγνοοῦντες
3026 1649 3192 1704 πόσον
3232 1648 3434 1718 ἀγαθὸν
3465 1649 3845 1721 τιμωρηθῆναι

2241 1742 2368 1804 τοὺς
2397 1740 2817 1811 ἁμαρτάνοντας
2841 1739 2938 1792 καὶ
2961 1739 3145 1802 αὐτοῖς
3184 1738 3276 1792 καὶ
3304 1740 3417 1804 τοῖς
3437 1738 3638 1803 ἄλλοις,
3669 1739 3745 1803 ὡς
3767 1741 3844 1812 μὴ

2241 1832 2328 1886 διὰ
2350 1832 2569 1886 πάντων
2591 1830 2812 1902 δοθῆναι
2849 1831 2949 1903 τὴν
2980 1830 3159 1903 λύμην
3185 1831 3261 1895 ὡς
3298 1833 3365 1885 ἐκ
3405 1832 3601 1904 μέλους
3629 1850 3853 1903 νενοση-

2243 1923 2398 1987 κότος
2440 1922 2587 1977 ἆπαν
2625 1922 2686 1975 τὸ
2722 1921 2899 1993 σῶμαο
2930 1921 3011 1976 διὸ
3054 1922 3148 1975 καὶ
3177 1921 3439 1995 δικαστὴς
3472 1919 3705 1986 κολάζει,
3739 1930 3838 1982 καὶ

2241 2015 2531 2087 τέμνουσιν
2564 2015 2760 2087 ἰατροί.

2907 2107 3071 2160 ΚΕΦ.
3101 2107 3203 2163 ΙΕ’.

2320 2198 2372 2252 5.
2400 2199 2496 2265 Τίς
2512 2198 2804 2267 φείσεται,
2823 2197 2861 2266 ἢ
2883 2198 2976 2263 τίς
2999 2196 3289 2253 δειλιάσει
3314 2199 3413 2253 ἐπὶ
3437 2200 3539 2254 σοί
3561 2212 3578 2262 ;
3614 2198 3700 2262 Ὦς
3726 2197 3837 2271 γὰρ

2244 2289 2419 2354 οὐδεὶς
2444 2289 2718 2361 ἀνθρώπῳ
2744 2283 2988 2360 πολεμίῳ
3013 2287 3276 2359 βασιλέως
3303 2291 3643 2362 συνέρχεται,
3662 2287 3741 2360 τῷ
3758 2289 3837 2360 μὴ

2242 2381 2416 2437 δοκεῖν
2454 2380 2904 2453 δυσαρεστείσθαι
2961 2380 3128 2452 ψήφῳ
3179 2380 3450 2451 βασιλικῇ,
3498 2380 3674 2445 οὕτως
3711 2379 3840 2434 οὐδὲ

2242 2474 2334 2528 τὸν
2396 2472 2531 2545 [δςῖ]
2596 2476 2679 2543 ἐφ’
2738 2474 3035 2545 ἁμαρτίαις
3083 2474 3321 2547 ἀποὸολῇ
3377 2474 3468 2529 τοῦ
3527 2473 3661 2527 Θεοῦ
3690 2513 3709 2541 ,
3760 2474 3841 2536 ὡς

2220 2563 2382 2635 ,μηδὲ
2418 2579 2604 2634 χωραν
2632 2562 2775 2632 ἔχειν
2818 2562 3003 2626 ἐλέους
3037 2564 3189 2635 παρὰ
3222 2563 3299 2634 τῷ
3332 2562 3839 2634 φιλανθρωποτάτῳ

2242 2652 2381 2724 Θεῷ,
2403 2653 2512 2708 τῶν
2539 2653 2787 2721 ἀγγέλων
2808 2652 2985 2717 οὐδεὶς
3014 2652 3080 2707 ἂν
3103 2655 3343 2727 ὲλεήσεν.
3398 2654 3589 2707 ὁποίαν
3610 2654 3705 2709 νῦν
3738 2653 3838 2724 τὴν

2256 2743 2610 2818 Ἰερουσαλὴμ
2632 2745 2968 2810 ὑποτίθεται,
2988 2745 3346 2817 ἁμαρτοῦσαν
3379 2746 3477 2817 μὲν
3506 2746 3586 2809 είς
3607 2746 3697 2799 τὸν
3730 2746 3837 2815 Ἰη-

2245 2837 2393 2904 σοῦν,
2425 2837 2736 2892 ἀκούσασαν
2765 2837 2844 2900 δὲ,
2891 2836 3312 2907 Ἰερουσαλὴμ,
3344 2839 3383 2906 ἡ
3429 2837 3837 2891 ἀποκτείνασα

2242 2929 2384 2996 τοὺς
2412 2930 2726 2999 προφήτας
2767 2928 2865 2982 καὶ
2905 2919 3311 2983 λιθοϐολοῦσα
3352 2929 3495 2996 τοὺς
3527 2928 3835 2982 ἀπεσταλ-

549 3023 648 3074 ties
676 3021 816 3075 volui
846 3037 1162 3091 congregare
1195 3021 1337 3090 ﬁlios
1372 3032 1513 3089 tuos,
1553 3022 1989 3092 quemadmodum
2027 3024 2138 3077 avis

2240 3020 2462 3089 μένους
2495 3019 2646 3087 πρὸς
2686 3017 2904 3086 αὐτὴν,
2945 3018 3207 3085 ποσάκις
3234 3020 3511 3088 ἠθέλησα
3546 3016 3835 3072 ἐπισυνά-

543 3122 826 3183 congregat
858 3112 1033 3183 pullos
1078 3128 1203 3167 suos
1251 3110 1346 3166 sub
1395 3112 1523 3182 alis,
1570 3124 1622 3168 et
1674 3112 1919 3167 noluistis
1957 3110 2135 3168 ἔκυσε

2243 3109 2341 3175 Eat.
2378 3112 2451 3164 τὰ
2499 3112 2683 3165 τέκνα
2733 3126 2872 3175 σου,
2915 3109 2989 3163 ὃν
3027 3112 3253 3178 τρόπον
3289 3112 3452 3179 ὅρνις
3483 3107 3833 3178 ἐπισυνάγει

547 3203 872 3274 relinquetur
900 3204 1088 3259 demus
1127 3215 1300 3260 vestra
1326 3205 1559 3271 deserta.
1595 3205 1785 3276 Angeli
1819 3204 2004 3275 itaque
2040 3207 2132 3275 qui

2242 3205 2314 3258 τὰ
2334 3204 2558 3257 νοσσία
2588 3200 2779 3270 αὐτῆς
2804 3201 2923 3257 ὑπὸ
2952 3202 3059 3268 τὰς
3086 3202 3402 3273 πτέρυγας,
3434 3201 3533 3255 καί
3564 3203 3675 3255 οὐκ
3700 3201 3833 3268 ἠθε-

548 3304 766 3359 semper
787 3291 1089 3346 Jerusalem
1115 3307 1275 3362 opem
1319 3292 1509 3360 tulere,
1538 3308 1633 3362 per
1659 3309 1799 3363 quos
1828 3295 1937 3348 lata
1969 3305 2023 3349 et
2052 3295 2137 3350 lex

547 3380 808 3445 Mosaica,
835 3399 1027 3453 nempe
1058 3384 1115 3439 in
1143 3384 1508 3454 dispositione
1533 3387 1851 3455 angelorum
1886 3387 1940 3440 in
1969 3403 2134 3442 manu

549 3471 869 3528 mediatoris
896 3473 963 3540 ³⁸,
989 3490 1097 3530 non
1123 3475 1406 3544 adjuvant,
1441 3492 1549 3531 non
1580 3478 1999 3546 contristantur,
2027 3494 2134 3534 non

549 3562 781 3619 redeunt
831 3574 890 3621 ut
930 3565 997 3619 de
1043 3566 1192 3622 illius
1236 3581 1369 3636 pace
1417 3582 1608 3638 preces
1652 3567 1953 3624 eﬂ‘undant.
1996 3569 2134 3624 Dum

547 3657 695 3713 enim
727 3673 906 3727 parva!
937 3667 1095 3713 erant
1130 3658 1470 3729 iniquitates,
1503 3674 1608 3714 non
1655 3661 2000 3726 deserebant,
2042 3662 2139 3717 sed

546 3746 659 3803 illis
699 3748 1227 3821 ingravescentibus,
1263 3749 1338 3804 ita
1389 3758 1449 3803 ut
1490 3760 1544 3803 et
1575 3749 1761 3806 Jesum
1807 3755 2137 3821 occiderent,

546 3838 893 3895 dimiserunt.
925 3838 1066 3893 Nam
1115 3839 1163 3894 si
1201 3840 1281 3894 uir
1316 3842 1608 3909 peccaverit
1651 3849 1899 3897 adversus
1946 3845 2135 3911 virum,

547 3931 721 3985 adhuc
754 3931 981 3986 orabunt
1012 3947 1108 4002 pro
1146 3930 1265 3998 illo,
1315 3931 1363 3984 si
1409 3947 1528 3985 vero
1562 3935 1852 4002 peccaverit
1889 3935 2136 3990 adversus

546 4021 858 4095 Dominum,
890 4024 1005 4092 quis
1031 4038 1126 4090 pro
1160 4038 1221 4077 eo
1252 4022 1473 4094 supplex
1507 4023 1874 4094 deprecabitur
1898 4025 1976 4079 ‘9?

2237 3293 2471 3362 λήσατε
2498 3294 2519 3347 !
2569 3294 2714 3348 Ἰδοὺ
2754 3295 2993 3364 ἀφίεται
3027 3298 3060 3348 ὀ
3099 3291 3265 3360 οἶκος
3296 3292 3464 3363 ὑμῶν
3493 3292 3731 3362 ἕρημος.
3765 3290 3833 3342 Οἱ

2240 3387 2418 3440 τοίνυν
2451 3385 2693 3455 ἄγγελοι,
2727 3388 2775 3440 οἱ
2820 3387 2908 3439 ἀεὶ
2948 3385 3316 3458 βοηθήσαντες
3350 3388 3414 3458 τῇ
3450 3380 3827 3456 Ἰερουσαλὴμ,

2240 3478 2308 3532 δι’
2333 3472 2408 3532 ὧν
2434 3479 2528 3531 καὶ
2559 3479 2730 3550 ἐτάγη
2753 3481 2781 3532 ό
2807 3479 3086 3543 Μωῦσέως
3111 3480 3295 3550 νόμος,
3322 3478 3598 3546 διαταγεὶς
3626 3476 3694 3530 δι’
3725 3476 3831 3544 ἀγ·-

2238 3566 2414 3636 γέλων
2448 3568 2507 3621 ἐν
2535 3570 2679 3639 χειρὶ
2708 3570 2948 3640 μεσίτου,
2986 3570 3047 3622 οὐ
3089 3570 3379 3638 φείδονται,
3407 3569 3467 3622 οὑ
3504 3568 3835 3641 σκυθρωπά-

2240 3658 2442 3723 ζουσιν,
2465 3658 2564 3712 οὐκ
2585 3659 2997 3732 ἐπανέρχονται,
3023 3658 3162 3713 ὥστε
3187 3660 3563 3731 παρακαλέσαι
3584 3658 3833 3731 περὶτῆς

2241 3750 2376 3821 πρὸς
2400 3750 2499 3822 τὴν
2531 3749 2782 3822 τοιαύτην
2812 3752 3056 3823 εἰρήνης.
3103 3750 3359 3822 Σμικρὼν
3395 3750 3494 3822 μὲν
3525 3750 3633 3822 γὰρ
3658 3749 3832 3804 ὅντων

2238 3842 2345 3895 τῶν
2374 3843 2786 3914 ἁμαρτημάτων
2812 3843 3102 3912 ἐφείδοντο,
3140 3842 3389 3914 μεγάλων
3411 3843 3469 3896 δὲ
3503 3841 3830 3911 γεγονότων,

2238 3933 2314 3999 ὡς
2350 3936 2444 3988 καὶ
2485 3937 2805 3990 ἀποκτεῖναι
2841 3936 2932 3989 τὸν
2982 3934 3223 4006 Ἰησοῦν,
3266 3933 3639 4003 ἐγκατέλιπον.
3693 3934 3822 3986 Ἐὰν

2239 4027 2348 4098 γὰρ
2381 4028 2691 4098 ἁμαρτάνῃ
2725 4029 2882 4098 ἀνὴρ
2911 4029 3063 4097 πρὸς
3088 4027 3300 4098 ἄνδρα,
3326 4027 3426 4082 καὶ
3452 4026 3829 4095 προσεύξον-

545 4132 641 4171 ται
672 4118 806 4187 περὶ
830 4118 1045 4172 αὐτοῦ·
1075 4117 1268 4172 ἐὰνδὲ
1299 4123 1390 4186 εὶς
1418 4121 1637 4189 Κύριον
1667 4120 1986 4192 ἁμαρτήσῃ
2014 4122 2107 4189 τίς
2131 4123 2528 4192 προσεύξεται
2554 4124 2687 4194 περὶ
2715 4123 2929 4189 aureo;

616 4208 671 4261 (ἰ.
709 4207 777 4262 Ει
818 4210 1100 4264 extendam
1127 4226 1345 4265 manum
1380 4228 1570 4279 meam,
1618 4223 1669 4266 et
1711 4213 2015 4284 disperdam
2058 4224 2125 4270 te.

2307 4218 2361 4275 6.
2402 4218 2514 4273 Kal
2534 4217 2756 4272 ἐκτενῶ
2781 4218 2896 4286 τὴν
2922 4214 3093 4287 χεῖρά
3109 4233 3251 4286 μου,
3279 4215 3376 4270 καὶ
3404 4214 3694 4286 διαφθερῶ
3725 4229 3820 4269 σε.

549 4297 964 4353 Derelietionem
999 4300 1138 4356 dixit
1172 4301 1566 4370 operationem.
1599 4303 1741 4359 Deus
1779 4306 1924 4360 enim
1966 4321 2127 4363 suum

2240 4310 2351 4381 Τὴν
2376 4309 2760 4380 ἐγκατάλειψιν
2789 4309 3071 4381 ἐνέργειαν
3108 4303 3253 4362 εἷπε.
3294 4307 3427 4372 Θεὸς
3461 4308 3592 4379 γάρ,
3627 4306 3824 4361 ἑαυτοῦ

547 4389 958 4463 tabernaculum
997 4391 1258 4447 deserens
1290 4407 1643 4462 corrumpere
1685 4395 1903 4450 dicitur.
1946 4396 2133 4462 Quan-

2240 4378 2329 4471 τὴν
2354 4378 2557 4473 σκηνὴν
2589 4401 2851 4473 ἐπαίρων,
2876 4378 3093 4469 λέγεται
3129 4398 3475 4472 διαφθείρειν.
3518 4378 3724 4463 ’Ἄλλως
3761 4416 3823 4453 τε

543 4499 711 4555 quam
751 4482 1036 4552 corruptio
1082 4482 1248 4554 digna
1290 4498 1453 4536 manu
1495 4483 1622 4547 Dei,
1669 4486 1898 4540 mutatio
1938 4496 2023 4542 est
2061 4487 2129 4542 ad

2240 4491 2516 4564 διαφθορὰ,
2545 4493 2725 4564 χειρὸς
2753 4492 2879 4558 ἀξία
2906 4490 3063 4556 Θεοῦ,
3093 4492 3125 4563 ἡ
3157 4491 3263 4546 άπὸ
3283 4494 3478 4556 κακίας
3501 4493 3581 4555 εἰς
3620 4490 3823 4562 ἀρετὴν

544 4574 798 4630 virtutem
830 4588 862 4628 a
892 4573 1059 4639 vitiis,
1081 4572 1240 4645 juxta
1276 4571 1407 4627 illud
1436 4590 1449 4627 :
1480 4572 1717 4640 Afferam
1742 4589 1904 4642 supra
1940 4585 1989 4628 te
2017 4591 2131 4630 ma-

2235 4585 2588 4656 μεταποίησις
2629 4584 2768 4638 κατὰ
2802 4585 2884 4650 τὸ,
2929 4584 3154 4640 ἐποίσω
3199 4585 3297 4639 ἐπὶ
3358 4585 3433 4638 σὲ
3477 4585 3585 4652 τὰς
3616 4583 3823 4655 χεῖράς

545 4684 641 4722 nus
661 4685 800 4722 meas
816 4679 861 4722 et
885 4668 1110 4739 ignitum
1128 4677 1174 4721 te
1194 4666 1389 4732 faciam
1406 4664 1487 4739 [ut
1503 4681 1665 4735 purus
1682 4666 1839 4739 [ius];
1861 4670 2132 4739 corruptis

2240 4693 2365 4741 μου,
2420 4676 2520 4729 καὶ
2573 4673 2830 4744 πυρώσω
2877 4691 2952 4729 σε
2994 4678 3083 4742 εις
3116 4678 3399 4746 καθαρὸν,
3446 4676 3556 4730 τῶν
3602 4678 3730 4750 πρὶν
3760 4679 3820 4734 ἐν

543 4757 599 4811 in
625 4758 783 4811 nobis
814 4759 1055 4827 antiquis
1088 4757 1291 4827 peccati
1322 4756 1715 4827 purgamentis.

612 4848 664 4900 7.
709 4845 778 4901 Et
806 4847 1103 4920 dispergam
1130 4866 1238 4903 eos.
1285 4847 1477 4903 Simile
1510 4855 1566 4903 et
1606 4848 1775 4912 illud,
1825 4857 1880 4902 et
1919 4848 2125 4919 dispetu

544 4954 666 5011 gam
698 4952 816 4993 eos.
844 4936 981 4993 Nam
1015 4940 1141 5009 quia
1184 4940 1470 4997 unanimes
1510 4940 1565 4994 in
1619 4956 1704 4995 me
1747 4952 2128 5010 peccaverunt,

543 5032 838 5103 pessimam
869 5046 1058 5087 eorum
1090 5032 1437 5088 concordiam
1474 5032 1988 5104 contentionemque
2011 5035 2126 5090 dis-

542 5126 764 5195 perdam
790 5163 804 5187 ,
851 5124 993 5180 sicut
1031 5134 1086 5179 et
1125 5125 1341 5180 illorum
1381 5126 1475 5196 qui
1512 5126 1706 5180 turrim
1745 5126 2120 5192 aediﬁcabant,

539 5217 759 5287 linguas
787 5215 997 5283 divisit,
1028 5217 1356 5272 concordem
1400 5218 1733 5287 impietatem
1769 5234 1837 5273 ne
1875 5234 2129 5290 augesce-

538 5320 619 5363 ret
651 5308 964 5378 prohibeus.
998 5307 1130 5362 Illud
1162 5324 1289 5363 vero
1317 5310 1360 5340 ⁸ο
1387 5328 1402 5363 :
1440 5308 1596 5363 Filiis
1625 5310 1798 5362 orbati
1818 5319 1963 5377 sunt,
2002 5327 2121 5381 per-

2230 4767 2361 4837 ὴμῖν
2392 4766 2450 4832 ἐξ
2478 4767 2752 4840 ἁμαρτίας
2778 4765 3032 4837 λυμάτων
3055 4767 3487 4840 διεφθαρμένων.

2302 4857 2354 4910 7.
2395 4858 2506 4912 Καὶ
2548 4858 2849 4928 διασπερῶ
2891 4861 3133 4926 αὐτούς.
3178 4859 3428 4915 Τοιοῦτον
3461 4860 3554 4915 καὶ⁵
3580 4859 3661 4924 τὸ,
3691 4860 3819 4914 Δια-

2231 4948 2418 5020 σπερῶ
2448 4948 2666 5011 αὐτούς.
2716 4950 2869 5004 Ἐπεὶ
2896 4952 3005 5022 γάρ
3039 4949 3346 5020 συμφώνως
3373 4951 3452 5014 είς
3489 4951 3817 5023 ἐμὲὴσέὸη-

2234 5055 2353 5101 σαν,
2386 5039 2481 5112 τὴν
2512 5042 2781 5114 κακίστην
2815 5044 2996 5099 αὐτῶν
3018 5044 3358 5099 διασκεδάσω
3386 5045 3603 5100 σύνοδόν
3637 5063 3695 5099 τε
3718 5047 3814 5101 καὶ

2230 5133 2568 5202 συμφωνίαν·
2642 5134 2830 5205 ὥσπερ
2881 5132 2972 5190 οὖν
3023 5136 3116 5189 καὶ
3172 5134 3279 5188 τῶν
3336 5136 3812 5209 πυργοποιούντων

2223 5227 2385 5282 διεῖλε
2411 5229 2510 5292 τὰς
2530 5228 2799 5297 γλώσσας,
2821 5231 3069 5295 κωλύσας
3094 5231 3396 5304 αὐξομένην
3414 5233 3811 5304 συμφωνοῦσιν

2227 5319 2504 5373 ἀσέϐειαν.
2563 5321 2636 5373 Τὸ
2679 5321 2757 5386 δὲ,
2811 5321 3277 5390 Ἠτεκνώθησαν,
3330 5325 3658 5378 ἀπώλεσαν
3700 5324 3811 5379 τὸν

539 5399 787 5455 diderunt
810 5399 1064 5470 papulum
1094 5415 1285 5467 meum,
1324 5401 1632 5471 principum
1666 5401 2126 5471 sacerdotumque

2240 5412 2381 5465 λαόν
2399 5426 2543 5474 μου,
2582 5412 2913 5483 κατηγορίαν
2956 5414 3061 5466 τῶν
3108 5414 3380 5485 ἀρχόντων
3416 5418 3528 5487 ἔχει
3567 5419 3660 5472 καὶ
3696 5417 3808 5471 τῶν

538 5493 777 5547 continet
808 5493 1236 5548 accusationem.
1274 5491 1334 5545 lli
1368 5494 1537 5557 enim,
1582 5510 1705 5548 cum
1754 5494 1873 5547 loco
1907 5505 2123 5564 patrum

2240 5503 2440 5572 κερέων·
2490 5489 2649 5555 Οὗτοι
2686 5501 2815 5573 γὰρ,
2866 5503 2924 5555 ἐν
2964 5503 3114 5566 τάξει
3164 5506 3414 5577 πατέρων
3468 5508 3807 5580 ὑπάρχοντες

611 5704 654 5735 ι’
675 5701 821 5757 Psat.
852 5721 1037 5768 Lutv,
1073 5707 1123 5760 ζ).

538 5771 589 5804 ’θ
617 5769 814 5827 Jerem.
845 5791 896 5840 ι.,
928 5778 980 5827 ti.

1201 5708 1241 5737 ¹⁵
1275 5706 1427 5759 υοιιι.
1468 5708 1554 5767 12.
1633 5709 1676 5740 ⁸⁸
1703 5707 1860 5763 "om.
1893 5709 1978 5763 15.
2057 5708 2138 5776 _"l

2240 5710 2315 5764 th.
2344 5726 2502 5779 χχιιι,
2529 5711 2618 5778 '57,
2662 5710 2752 5765 58.
2829 5710 2872 5741 ¹⁶
2903 5711 3025 5765 Act.
3055 5727 3146 5776 vn,
3174 5713 3259 5767 55.
3342 5716 3382 5747 ’θ
3413 5713 3582 5786 [Ri-.3.
3619 5730 3678 5782 ιι,
3710 5715 3803 5769 25.
