4218 6292
283 409 390 465 557

1511 399 1823 457 SELECTA
1864 398 1930 456 ΙΝ
1965 398 2333 456 JEREMIAM.

3448 395 3558 448 553

288 529 407 589 τοῖς
452 522 624 587 λαοῖς,
659 521 856 594 ἔρημοι
888 518 996 574 τῶν
1018 521 1223 575 τέκνων
1255 518 1521 589 ἐγένοντο,
1556 522 1672 574 ἀντ’
1722 520 1872 574 εὐτε-

2007 520 2189 590 opulis
2235 527 2438 584 essent,
2487 516 2627 571 ﬁlios
2667 516 3003 577 amiserunt,
3052 529 3153 585 pro
3193 515 3436 568 doctiiua
3475 516 3565 583 pia

292 615 432 682 ϐοῦς
475 612 820 677 διδασκαλίας
862 612 1116 667 ἀσέϐειαν
1160 611 1568 678 ὑποϐάλλοντες.
1624 615 1777 685 Τάχα
1821 615 1879 667 δὲ

297 705 426 761 οὐδέ
469 706 613 759 ἐστιν
657 701 919 758 ἀπολέσαι
956 702 1083 756 λαὸν
1121 702 1195 774 μὴ
1236 702 1498 773 πρότερον
1544 703 1736 757 ἐαυτοῦ
1781 704 1880 775 τὴν

298 795 476 869 ψυχὴν
495 796 559 849 ἐκ
589 795 948 868 γεννημάτων
973 793 1080 847 τῶν
1104 796 1226 847 κατ’
1251 795 1449 867 ἀρετὴν
1473 780 1876 851 ἀτεκνώσαντα·

303 888 473 951 οὐδεὶς
492 885 623 959 γὰρ,
651 884 727 938 ῶν
755 884 979 954 ἀγαθὸς,
1006 884 1298 939 ἀπόλλυσιν
1326 886 1528 958 ἕτερον.

371 980 422 1034 8.
491 978 1000 1048 Ἐπληθύνθησαν
1038 978 1098 1029 ai
1147 975 1328 1045 χῆραι
1357 977 1555 1031 αὐτῶν
1586 977 1682 1030 καὶ
1730 974 1882 1042 ὑπὲρ

299 1073 412 1140 τὴν
437 1070 639 1142 ἄμμον
678 1068 792 1139 τῆς
819 1068 1155 1137 θαλάσσης.
1192 1066 1316 1122 Εἶεν
1350 1069 1397 1122 δ’
1453 1069 1519 1123 ἂν
1562 1069 1732 1141 χῆραι
1775 1067 1883 1121 τῶν

297 1162 515 1218 ἀσεϐῶν
535 1164 593 1217 αἱ
635 1161 823 1233 ψυχαὶ,
866 1160 960 1214 τὸν
1000 1161 1232 1231 νυμφίον
1264 1161 1498 1232 Χριστὸν
1530 1160 1879 1215 ἀπολέσασαι.

365 1257 423 1312 8.
476 1255 817 1327 Ἐπήναγον
846 1253 947 1307 ἐπὶ
973 1252 1089 1322 τὴν
1104 1251 1335 1322 μητέρα
1370 1254 1752 1319 νεανίσκους.
1784 1247 1886 1306 Ὧν

297 1349 691 1421 ἀπολλυμένων
718 1345 1125 1416 ταλαιπωροῦσι
1155 1345 1249 1399 καὶ
1279 1344 1514 1416 μητέρες
1540 1347 1596 1398 αἱ
1622 1345 1885 1416 γεννήσα-

298 1460 394 1499 σαι
421 1443 593 1506 αύτάς
636 1442 695 1496 ἐν
725 1440 967 1513 Χριστῷ,
1022 1438 1119 1493 καὶ
1149 1437 1480 1509 ὠδινήσασαι
1535 1439 1696 1510 μέχρι
1755 1455 1887 1509 μορ-

299 1533 459 1605 φωθῇ
485 1533 720 1605 Χριστὸς
752 1533 809 1584 ἐν
848 1531 1060 1593 αὐταῖς,
1104 1528 1247 1584 κατά
1275 1529 1336 1582 τὸ
1380 1529 1521 1598 γάλα
1564 1532 1631 1600 τῇ
1691 1530 1887 1601 στερεᾷ

297 1629 474 1701 τροφῇ
533 1625 667 1698 πρὸς
700 1623 1014 1686 νεανίσκους
1056 1621 1408 1694 ἐκθρέψασαι.
1438 1621 1559 1675 Τῶν
1596 1622 1654 1675 δὲ
1700 1622 1887 1695 χηρῶν

297 1715 364 1770 τὸ
389 1716 591 1787 πλῆθος
617 1718 716 1787 οὐχ
742 1716 818 1779 ὡς
847 1714 917 1768 τὰ
943 1713 1119 1786 ἀστρα
1163 1713 1258 1768 τοῦ
1289 1712 1543 1786 οὐρανοῦ,
1587 1713 1701 1767 ἀλλ’
1744 1715 1821 1778 ὡς
1850 1718 1884 1785 ἡ

299 1808 487 1879 ἄμμος
514 1807 615 1880 τῆς
644 1807 940 1878 θαλάσσης·
984 1806 1127 1860 κατὰ
1158 1805 1216 1860 δέ
1242 1806 1304 1859 τὸ
1335 1805 1591 1878 γράμμα,
1619 1805 1888 1859 πλείστων

1989 620 2343 683 suggerentes
2373 611 2725 682 impietatem.
2759 607 3015 664 Fortasse
3040 622 3170 662 vero
3198 621 3297 661 nec
3322 607 3435 662 ﬁeri
3463 621 3565 677 ροι-

1988 714 2092 760 test
2119 713 2179 758 ut
2206 701 2395 773 perdat
2426 702 2551 772 quis
2578 701 2862 773 p0pulum,
2886 701 2939 754 ni
2967 699 3119 769 prius
3140 712 3292 754 suam
3323 696 3568 752 animam

1989 795 2327 866 germinibus
2360 795 2578 848 virtutis
2609 792 2915 859 orbaverit;
2944 806 3104 845 nemo
3129 790 3275 846 enim
3311 789 3407 859 qui
3445 803 3572 858 pro-

1988 889 2092 942 bus
2122 886 2213 951 sit,
2244 887 2475 940 alterum
2503 884 2700 954 perdit.

2059 976 2113 1030 8.
2152 975 2525 1045 Multiplicatw
2564 984 2686 1029 sunt
2721 975 2894 1028 vidua:
2924 989 3107 1027 eorum
3153 988 3311 1042 super
3356 989 3571 1027 arenam

1992 1069 2177 1135 maris,
2204 1076 2310 1124 etc.
2347 1066 2538 1123 Vidua
2571 1076 2751 1122 autem
2806 1065 3009 1121 fuerint
3044 1066 3337 1136 impiorum
3376 1066 3573 1120 animm

1991 1176 2112 1232 quas
2141 1177 2403 1233 sponsum
2438 1161 2717 1218 Christum
2749 1160 3076 1216 amiserunt.

2063 1252 2119 1308 8.
2179 1251 2382 1306 Induxi
2441 1269 2601 1322 super
2644 1263 2865 1305 matrem
2921 1251 3298 1306 adolescentes.
3361 1250 3577 1317 Quibus

1992 1339 2156 1412 295.
2189 1340 2543 1410 pereuntibus
2581 1340 2946 1396 coniiciuntur
2981 1349 3185 1396 matres
3228 1356 3350 1411 quae
3383 1357 3478 1396 eas
3518 1340 3577 1395 in

1992 1429 2212 1485 Christo
2250 1438 2578 1501 pepererunt
2610 1439 2665 1484 et
2707 1432 3101 1500 parturierunt,
3145 1432 3320 1487 donec
3366 1434 3419 1487 in
3469 1432 3578 1487 illis

1992 1518 2244 1575 Christus
2277 1519 2629 1587 formaretur,
2665 1529 2721 1576 et
2743 1521 3042 1577 ablactatas
3086 1523 3328 1578 solidiori
3351 1525 3474 1580 cibo
3507 1527 3574 1581 ad

1994 1610 2418 1667 adolescentiam
2447 1612 2846 1668 enutriverunt.
2881 1613 3168 1669 Multitudo
3204 1629 3370 1684 porro
3392 1617 3581 1672 vidua-

1996 1716 2116 1756 rum
2152 1716 2264 1757 non
2303 1702 2384 1758 uti
2424 1702 2597 1758 stellae
2629 1702 2778 1770 caeli,
2824 1704 2921 1760 sed
2954 1714 3014 1760 ut
3064 1720 3232 1761 arena
3272 1707 3473 1774 maris;
3522 1716 3579 1762 at

1991 1793 2147 1862 juxta
2174 1792 2434 1860 litteram,
2458 1794 2713 1864 plurimis
2738 1796 2796 1850 in
2822 1795 2966 1851 bello
3000 1798 3344 1863 cadentibus,
3376 1814 3579 1854 uxores

302 1902 365 1955 ἐν
392 1901 615 1972 πολέμῳ
650 1901 982 1965 πιπτόντων,
1012 1902 1067 1952 αί
1089 1901 1347 1969 γυναῖκες
1380 1898 1676 1969 ἐτύγχανον
1703 1899 1892 1970 χῆραι,

2007 1885 2173 1940 vidua:
2204 1884 2524 1949 manebant,
2552 1895 2607 1938 et
2632 1895 2836 1940 matres
2866 1888 3133 1957 angustiis
3169 1890 3577 1958 premebantur.

305 1990 364 2045 αἱ
390 1988 449 2043 δὲ
476 1990 708 2062 μητέρες
730 1987 1155 2060 ἐταλαιπώρουν.

379 2080 470 2136 10.
535 2082 704 2151 Οῑμοι
757 2076 910 2144 ἐγώ]
964 2080 1046 2146 ὡς
1079 2080 1231 2143 τίνα,
1273 2078 1482 2149 μῆτερ,
1530 2078 1610 2148 μὲ
1656 2080 1898 2143 ἐτεκες;

317 2172 593 2226 Ἐοίκασιν
625 2172 827 2241 ἰατροῖς
855 2170 906 2222 οἱ
938 2169 1234 2241 προφῆται·
1271 2168 1440 2241 ὁρῶσι
1464 2169 1564 2239 μὲν
1582 2166 1750 2232 δεινὰ,
1787 2167 1904 2236 Θιγ-

300 2261 541 2329 γάνουσι
588 2260 646 2314 δὲ
677 2260 907 2332 ἀηδέων,
954 2261 1041 2312 ἐπ’
1085 2258 1393 2330 ἀλλοτρίαις
1425 2262 1730 2331 συμφοραῖς
1766 2259 1901 2323 ἰδίας

302 2352 685 2423 καρπούμενοι
721 2350 917 2417 λύπας,
950 2350 1028 2405 ἔτι
1057 2351 1115 2404 δὲ
1150 2353 1245 2405 καὶ
1269 2351 1587 2423 μισούμενοι
1616 2351 1765 2423 παρά
1793 2351 1902 2406 τῶν

301 2443 411 2498 οὐκ
461 2444 851 2514 ἀρεσκομένων
881 2445 997 2507 τοῖς
1037 2443 1221 2498 αὐτῶν
1267 2444 1655 2515 ἐπιτάγμασιν,
1686 2445 1761 2508 ὡς
1791 2443 1902 2498 τῶν

306 2537 432 2592 καθ’
449 2537 643 2609 ἡδονὴν
658 2536 1025 2606 ἀποτρέπουσι
1034 2536 1164 2590 ,Καὶ
1174 2535 1256 2588 δεῖ
1269 2533 1444 2589 ταῦτα
1457 2536 1762 2608 προειδέναι
1776 2538 1904 2601 τοὺς

307 2628 412 2700 τὴν
450 2627 787 2700 προφητείαν
822 2627 960 2699 πρὸς
1006 2625 1252 2698 ἰατρικὴν
1281 2627 1752 2698 ἐπανῃρημένους.
1800 2630 1904 2681 Ἰα-

306 2716 442 2789 τρὸς
474 2717 582 2790 γὰρ
615 2716 710 2771 καὶ
736 2709 891 2779 οὗτος
925 2714 1134 2786 ψυχῶν,
1164 2715 1278 2776 τοῖς
1324 2714 1382 2765 ὲν
1415 2712 1574 2783 χρείᾳ
1604 2713 1903 2785 Θεραπείας

310 2806 727 2880 προσκείμενος·
770 2808 843 2860 οὐ
884 2805 991 2876 γὰρ
1033 2805 1243 2875 χρείαν
1291 2802 1545 2873 ἔχουσιν
1589 2804 1791 2872 ἰατροῦ
1849 2806 1903 2857 οἱ

309 2898 708 2966 ὑγιαίνοντες,
745 2897 883 2951 ἀλλ’
925 2898 980 2949 οἱ
1032 2893 1233 2959 κακῶς
1257 2893 1524 2963 ἔχοντες.
1553 2893 1806 2957 Τοιοῦτος
1834 2889 1903 2964 ἦν

326 2988 595 3062 Ἱερεμίας
620 2988 737 3042 ἀνθ’
769 2981 843 3041 ὧν
875 2986 1113 3057 ἐλέγχων
1142 2986 1490 3055 ἐπιστρέφειν
1517 2985 1696 3057 ἤθελε,
1736 3003 1905 3056 κατη-

311 3079 646 3153 γορούμενος
672 3079 766 3132 ἐπὶ
790 3076 1061 3133 δικαστῶν
1084 3079 1197 3140 τοῖς
1221 3076 1546 3148 κατηγόροις
1566 3076 1784 3148 ὁμοίων·
1808 3079 1902 3132 καὶ

311 3166 383 3244 ἦν
420 3175 481 3227 ἐν
512 3172 691 3237 δίκαις
731 3172 818 3225 ἀεὶ
850 3169 956 3225 ὑπὸ
996 3168 1104 3224 τῶν
1135 3169 1258 3223 ὅσον
1283 3162 1418 3240 ἧκεν
1448 3169 1527 3232 είς
1557 3168 1719 3222 αὐτὸν
1754 3169 1906 3222 τεθε-

315 3262 695 3335 ραπευμένων.
730 3261 823 3315 Διὸ
871 3261 1003 3314 ποτέ
1042 3260 1141 3331 μὲν
1177 3259 1360 3330 φησίν·
1400 3258 1511 3315 Καὶ
1535 3255 1693 3324 εἶπα,
1722 3261 1794 3314 οὐ
1813 3259 1899 3329 μὴ

311 3352 591 3422 λαλήσω,
624 3350 766 3406 οὐδὲ
819 3350 908 3421 μὴ
961 3349 1239 3420 ὀνομάσω
1293 3349 1361 3402 τὸ
1410 3349 1598 3420 ὄνομα
1656 3350 1897 3417 Κυρίου·

313 3446 451 3503 ποτέ
470 3445 550 3511 δὲ,
572 3443 715 3518 δρῶν
729 3444 920 3499 ἐαυτὸν
939 3442 1288 3513 δικαζόμενον
1311 3442 1371 3495 ού
1394 3442 1706 3508 δικάζοντα,
1732 3462 1903 3517 προτα

312 3535 398 3588 ἐτι
426 3518 523 3587 καὶ
545 3529 1177 3604 ψευδομαρτυρούμενον,
1208 3531 1269 3584 τὸ
1298 3531 1488 3601 Οῖμοι,
1512 3532 1702 3602 μῆτερ
1727 3533 1747 3584 !
1792 3535 1903 3588 Καὶ

314 3626 443 3680 ἐπεὶ
473 3625 523 3678 οἱ
566 3623 866 3695 κάμνοντες
897 3622 998 3676 οὐκ
1028 3622 1227 3693 ῆκουον
1264 3620 1428 3674 αὐτοῦ
1456 3621 1635 3687 καλῶς
1661 3623 1903 3694 συμϐου-

315 3717 591 3781 λεύοντος,
622 3716 723 3771 οὐκ
751 3715 1059 3788 ὠφέλησαν.
1095 3715 1274 3784 Ὅπερ
1303 3714 1368 3768 ἂν
1407 3713 1549 3767 εἴποι
1593 3714 1774 3785 ἰατρὸς
1816 3715 1905 3768 ἐπ’

314 3810 621 3865 ἀκολάστου
672 3806 974 3873 νοσοῦντος,
1025 3807 1146 3879 εικῆ
1181 3804 1629 3878 προσαναλίσκων
1659 3805 1731 3859 τά
1767 3806 1906 3878 φάρ-

321 3918 498 3973 μακα,
533 3901 630 3956 καὶ
660 3901 797 3972 μήτε
824 3899 1068 3970 ὠφελῶν,
1104 3901 1244 3972 μήτε
1281 3917 1333 3953 τι
1363 3897 1763 3970 καρπούμενος.
1785 3900 1907 3953 Μα-

318 3993 516 4065 κάριος
549 3992 658 4065 γὰρ
683 3991 1000 4055 διδάσκαλος
1040 3992 1069 4045 ὁ
1104 3990 1278 4060 λέγων
1306 3992 1387 4054 είς
1420 3984 1536 4044 ὦτα
1577 3991 1903 4054 ἀκουόντων,

319 4078 461 4150 ἔχων
499 4079 748 4148 καρποὺς
784 4080 843 4132 ἐν
881 4079 1065 4143 αὐτοῖς
1086 4119 1099 4132 .
1124 4078 1312 4142 esset;
1356 4072 1450 4132 οὖν
1499 4096 1567 4150 με
1603 4078 1904 4149 ὠφέλησεν,

321 4173 444 4226 ἐπεὶ
473 4171 548 4244 μὴ
576 4171 880 4240 ὠφελεῖται.
916 4171 1029 4225 Καὶ
1053 4169 1228 4234 ἄλλως
1263 4169 1320 4223 δέ
1353 4187 1436 4234 τις
1471 4170 1736 4242 κρείττων
1767 4173 1848 4234 εἰς
1878 4171 1908 4223 ὃ

321 4263 565 4319 διδάσκει
587 4263 816 4333 γίνεται,
847 4263 1099 4327 συνετοὺς
1131 4261 1268 4332 έχων
1294 4262 1586 4333 ἀκροατὰς,
1623 4261 1908 4333 βεϐασανι-

326 4356 533 4426 σμένας
563 4355 713 4426 αὐτῷ
742 4354 1117 4427 προσάγοντας
1144 4354 1458 4425 ἐρωτήσεις.
1492 4352 1570 4406 Τὸ
1592 4353 1649 4407 δὲ
1692 4353 1907 4425 Ἐϐραῖ-

326 4450 421 4504 κδν
447 4448 620 4512 οὕτως
646 4447 778 4520 ἔχει·
804 4450 926 4501 Οὐκ
958 4446 1286 4515 ὠφείλησα,
1309 4445 1454 4501 οὐδὲ
1480 4444 1784 4515 ὠφείλησέ
1806 4463 1909 4516 μοι

2072 2063 2159 2119 10.
2203 2063 2323 2119 Heu
2374 2081 2488 2132 me,
2533 2066 2742 2119 mater!
2778 2082 2939 2136 quare
2972 2070 3201 2137 genuisti
3241 2086 3320 2124 me
3363 2069 3583 2126 "?Me-

2001 2159 2141 2214 dicis
2207 2158 2584 2215 assimilantur
2645 2160 2955 2229 prophetae,
3017 2161 3297 2218 intuentur
3360 2165 3582 2235 quidem

2003 2254 2172 2317 mala,
2212 2261 2441 2324 tangunt
2469 2253 2789 2323 injucunda,
2828 2270 2894 2309 ex
2934 2255 3127 2311 alienis
3151 2258 3411 2314 aerumnis
3453 2274 3582 2330 pro-

2001 2344 2183 2414 prium
2229 2343 2334 2399 sibi
2380 2360 2673 2399 maerorem
2718 2357 3098 2415 comparantes
3141 2368 3155 2402 :
3196 2350 3322 2405 odio
3367 2366 3586 2422 quoquc

2005 2445 2134 2492 sunt
2159 2436 2267 2490 illis
2295 2437 2497 2507 quibus
2531 2453 2719 2492 eorum
2757 2450 3025 2510 praecepta
3053 2455 3161 2495 non
3196 2441 3432 2510 placent,
3466 2452 3587 2496 tan-

2003 2546 2168 2600 quam
2217 2545 2247 2584 a
2299 2530 2641 2600 voluptuosis
2692 2536 3000 2589 avocantia.
3040 2535 3102 2591 Et
3159 2517 3275 2590 haec
3313 2551 3589 2605 praenosse

2002 2636 2100 2677 eos
2126 2630 2342 2690 oportet
2370 2622 2462 2691 qui
2495 2624 2874 2693 propheticum
2908 2642 3108 2682 munus
3149 2628 3216 2683 ad
3259 2629 3585 2684 medendum

2004 2720 2383 2781 susceperunt.
2430 2712 2672 2771 Medicus
2713 2717 2860 2771 enim
2903 2719 2992 2773 hic
3035 2720 3345 2776 animorum
3398 2734 3482 2778 est
3519 2723 3587 2777 iis

2003 2804 2256 2858 addictus
2287 2804 2381 2874 qui
2438 2807 2723 2862 curatione
2771 2808 3015 2880 indigent
3058 2829 3070 2864 :
3121 2827 3244 2866 nam
3291 2815 3410 2868 sani
3459 2832 3587 2885 opus

2004 2911 2110 2949 non
2143 2896 2332 2950 habent
2371 2898 2597 2964 medici,
2639 2901 2731 2954 sed
2783 2901 2874 2971 qui
2919 2918 3086 2972 egros
3132 2920 3186 2958 se
3239 2907 3473 2960 sentiunt
3521 2910 3586 2960 ".

2005 2983 2153 3042 Talis
2178 2996 2295 3042 erat
2321 2986 2587 3044 Jeremias
2615 2990 2710 3060 qui
2754 2993 2902 3061 quod
2944 2996 3347 3063 reprehendens
3378 3001 3593 3057 volebat

2004 3086 2345 3144 convertere,
2375 3081 2739 3136 accusabatur
2762 3084 2904 3154 apud
2934 3085 3149 3153 judiccs
3175 3092 3591 3148 accusatoribus

2008 3169 2254 3236 similes;
2282 3186 2609 3242 semperque
2632 3173 2818 3230 litibus
2845 3175 3203 3234 divexabatur
3227 3181 3424 3250 abhis,
3451 3199 3590 3253 quos

2009 3260 2147 3330 ipse,
2177 3270 2446 3331 quantum
2481 3264 2533 3317 in
2560 3279 2619 3319 se
2648 3274 2786 3328 erat,
2821 3267 3039 3323 sanitati
3091 3272 3416 3337 restituerat,
3457 3274 3592 3332 Pro-

2007 3358 2192 3421 pterea
2240 3368 2388 3408 nunc
2434 3353 2653 3422 quidem
2698 3356 2775 3410 ait
2817 3357 2899 3411 ’δε
2935 3357 3006 3411 Ει
3044 3361 3181 3426 dixi,
3224 3379 3327 3417 non
3384 3364 3594 3435 loquar,

2008 3465 2099 3503 nec
2137 3449 2418 3503 nominabo
2461 3467 2646 3506 nomen
2673 3451 2921 3517 Domini;
2968 3471 3115 3511 nunc
3152 3473 3283 3513 vero
3310 3460 3501 3516 videns
3535 3477 3596 3518 Ic

2008 3544 2063 3596 in
2101 3541 2370 3612 judicium
2415 3551 2692 3609 vocatum,
2749 3561 2856 3599 non
2912 3557 3219 3613 vocantem,
3276 3552 3498 3621 insuper
3539 3562 3597 3608 et:

2009 3632 2164 3690 falsis
2199 3647 2521 3703 oppressum
2552 3633 2801 3700 testibus,
2832 3637 2929 3690 heu
2956 3638 3109 3704 mihi,
3151 3651 3338 3695 mater.
3367 3640 3432 3696 Et
3457 3656 3599 3711 quo-

2008 3721 2157 3777 niam
2189 3722 2374 3792 aegroti
2405 3737 2512 3777 non
2545 3723 2841 3779 audiebant
2879 3727 3057 3796 ipsum
3088 3730 3291 3797 optima
3332 3731 3592 3786 ferentem

2008 3813 2259 3882 consilia,
2288 3828 2398 3870 non
2427 3814 2786 3885 profuerunt.
2819 3819 2974 3883 Quod
3018 3818 3262 3873 medicus
3301 3820 3500 3877 dixerit
3527 3823 3595 3877 de

2012 3906 2410 3977 intemperante
2449 3906 2704 3971 intirmo,
2746 3904 2951 3962 frustra
2993 3908 3390 3967 medicamenta
3435 3913 3594 3968 adhi-

2008 3998 2143 4054 hens
2166 4005 2221 4052 et
2245 4013 2345 4053 nec
2369 3998 2534 4053 ullam
2556 3999 2845 4052 utilitatem
2873 3999 3125 4066 aﬂ'erens,
3145 4018 3245 4058 nec
3266 4004 3368 4060 sibi
3390 4005 3595 4075 aliquid

2009 4087 2321 4158 acquirens.
2354 4086 2565 4141 Etenim
2600 4088 2790 4142 beatus
2819 4089 2906 4143 ille
2923 4092 3181 4158 magister
3207 4104 3293 4149 est
3314 4097 3407 4165 qui
3423 4098 3489 4152 ad
3507 4113 3598 4151 au-

2008 4194 2097 4234 res
2121 4172 2534 4248 intelligentium
2560 4177 2823 4248 loquitur,
2845 4177 3054 4236 fructus
3076 4183 3180 4238 sihi
3197 4185 3248 4238 in
3274 4185 3379 4241 illis
3396 4190 3600 4242 consti—

2008 4281 2188 4327 tuens.
2206 4269 2397 4324 Nullus
2416 4269 2581 4341 igitur
2598 4268 2781 4344 [mihi]
2799 4273 2980 4328 attulit
3001 4274 3307 4335 utilitatem.
3328 4277 3455 4348 quia
3475 4280 3601 4335 uul-

2008 4358 2095 4417 lus
2122 4360 2269 4430 capit
2285 4359 2594 4415 utilitatem.
2611 4357 2877 4415 Similiter
2897 4363 2990 4432 qui
3009 4362 3186 4428 docet,
3205 4381 3286 4434 pet
3302 4364 3492 4420 fectim‘
3507 4368 3605 4423 do-

2009 4452 2181 4507 cendo
2206 4453 2284 4515 lit,
2308 4451 2353 4506 si
2381 4452 2725 4522 perspicaces
2751 4453 2947 4509 habeat
2975 4451 3600 4525 discipulosjccuratas

326 4543 548 4609 οὐδείς.
587 4543 781 4611 Ἔλεγε
813 4540 922 4612 γὰρ
945 4541 975 4593 δ
1014 4539 1350 4603 ’Δπόστολος
1414 4540 1672 4608 Ἕλλησι
1706 4557 1771 4594 τε
1808 4540 1900 4595 καί

2010 4541 2085 4595 illi
2127 4551 2494 4612 proponeutes
2530 4543 2879 4611 quaestiones.
2924 4543 3222 4602 Hebraicus
3264 4562 3391 4602 vero
3422 4560 3599 4605 textus

322 4631 651 4700 βαρϐάροις
702 4629 1016 4699 ὀφειλέτης
1075 4628 1227 4699 εἰμὶ,
1262 4627 1542 4691 ἀποδιδοὺς
1584 4629 1798 4707 ἑκάστῳ
1847 4629 1909 4684 τὸ

330 4722 628 4794 προσῆκον,
659 4721 754 4776 καὶ
791 4722 1050 4792 τιμήσας,
1096 4722 1147 4773 εί
1185 4719 1360 4791 τύχοι,
1399 4719 1526 4782 τοὺς
1569 4720 1668 4791 μὲν
1713 4721 1790 4785 ὠς
1817 4737 1911 4789 γο-

329 4817 462 4880 νεῖς,
511 4814 640 4879 τοὺς
696 4814 755 4869 δὲ
797 4815 876 4876 ὡς
932 4812 1214 4883 ἀδελφοὺς,
1259 4812 1385 4877 τοὺς
1419 4812 1477 4865 δὲ
1509 4812 1585 4876 ὡς
1613 4813 1780 4878 υἱούς·
1816 4812 1912 4867 καὶ

330 4908 444 4969 τοῖς
471 4906 569 4976 μὲν
614 4904 883 4978 Ἑϐραίοις
915 4904 1023 4959 ἀπὸ
1070 4902 1299 4975 Γραφῶν
1348 4903 1746 4975 διαλεγόμενος,
1798 4904 1914 4967 τοῖς

329 4998 390 5053 δέ
433 4999 701 5072 Ἕλλησιν’
717 5002 782 5054 ἐκ
815 4998 921 5053 τῶν
950 4998 1080 5068 παρ’
1114 4997 1296 5061 αὐτοῖς
1353 4994 1735 5068 σεϐασμάτων,
1771 4996 1913 5050 ὥστε

331 5091 533 5161 λέγειν·
567 5092 701 5161 Τοῖς
722 5092 873 5147 πᾶσι
898 5093 971 5145 τὰ
995 5089 1190 5145 πάντα
1216 5088 1450 5159 γέγονα,
1477 5090 1577 5143 ἵνα
1602 5089 1744 5156 τοὺς
1768 5089 1918 5143 πάν-

335 5199 443 5249 τας
476 5182 766 5252 κερδήσω·
800 5182 829 5236 δ
876 5182 932 5236 δὲ
986 5181 1080 5235 καὶ
1112 5181 1368 5251 παραινεῖ
1402 5179 1644 5249 φάσκων·
1688 5178 1915 5247 Μηδενὶ

332 5273 533 5347 μηδὲν
575 5274 940 5344 ὀφείλοντες,
978 5275 1031 5327 εί
1049 5271 1137 5343 μὴ
1180 5270 1247 5325 τὸ
1291 5270 1606 5337 ἀλλήλους
1634 5269 1879 5340 ἀγαπᾷν
1901 5286 1916 5300 .

339 5366 436 5422 καὶ
475 5366 539 5419 τὸ
573 5366 683 5438 πρὸ
719 5365 925 5420 τούτων
951 5381 966 5396 ·
1013 5363 1289 5418 Ἀπόδοτε
1325 5360 1474 5417 πᾶσι
1510 5360 1617 5428 τὰς
1649 5360 1915 5431 ὀφειλάς.

342 5457 499 5515 Οὕτω
538 5458 640 5530 μὲν
676 5454 772 5513 οὖν
803 5456 1008 5526 ὀφείλει
1047 5454 1382 5517 διδάσκαλος·
1430 5454 1704 5523 ὀφείλεται
1740 5452 1819 5518 δὲ,
1868 5456 1917 5507 εί

342 5549 575 5616 δανείζει
639 5546 986 5620 πνευματικά
1035 5546 1293 5617 ἀργύρια.
1352 5543 1444 5615 Μὴ
1505 5543 1807 5615 δεχομένων
1860 5543 1918 5597 δὲ

343 5640 533 5705 ταῦτα,
565 5641 654 5695 ἵνα
682 5639 987 5709 ὀφείλωσιν,
1011 5635 1161 5690 οὐδὲν
1186 5633 1549 5704 ἐποφείλεται.
1582 5633 1790 5688 Γίνεται
1809 5633 1919 5706 γὰρ

487 5756 531 5789 ἰ
557 5753 719 5810 Ηοιιι.
753 5754 842 5807 lt.
920 5753 966 5783 ι’
991 5750 1177 5806 Matth.
1204 5766 1282 5816 ιι,
1310 5750 1394 5804 12.
1472 5748 1518 5782 ’³
1538 5746 1738 5804 Jerem.
1766 5765 1859 5816 xx,
1884 5751 1936 5807 9.

417 5827 464 5859 "
493 5825 654 5880 Rom.
694 5838 817 5887 xm,
845 5822 899 5879 8.
974 5822 1019 5853 ³⁸
1053 5822 1182 5875 ibitl.
1218 5820 1267 5872 7.

2011 4632 2092 4687 sic
2125 4633 2286 4686 habet
2306 4632 2393 4687 ’δε
2421 4630 2545 4685 Non
2576 4632 2732 4685 debui
2782 4649 2873 4687 nec
2903 4634 3081 4688 debuit
3125 4635 3256 4688 mihi
3295 4637 3593 4707 quisquam.

2011 4722 2361 4779 Aiebatenim
2388 4722 2741 4792 Apostolus"
2771 4742 2784 4778 :
2814 4722 3013 4778 Graecis
3047 4735 3096 4778 et
3124 4725 3363 4780 barbaris
3391 4729 3598 4783 debitor

2012 4831 2152 4882 sum,
2182 4816 2414 4870 reddens
2442 4815 2737 4884 unicuique
2770 4814 2920 4884 quod
2951 4814 3133 4881 debet,
3165 4826 3220 4872 et
3258 4830 3315 4873 ut
3357 4836 3476 4876 sese
3504 4836 3601 4878 oc—

2013 4907 2166 4962 casio
2198 4907 2382 4961 tulerit
2411 4906 2691 4965 honorans
2719 4907 2823 4962 hos
2850 4907 3069 4977 quidem
3097 4918 3157 4965 ut
3188 4922 3465 4979 parentes,
3496 4914 3598 4970 hos

2017 5004 2078 5050 ut
2111 4995 2325 5061 fratres,
2360 4996 2482 5050 illos
2509 5012 2639 5052 vero
2662 5006 2723 5051 ut
2746 4997 2982 5063 liberos;
3012 5011 3066 5054 et
3106 4998 3344 5059 Hebratis
3377 5005 3601 5073 quidem

2019 5103 2084 5140 cx
2128 5085 2427 5157 Scripturis
2469 5087 2718 5155 loquens,
2765 5088 3059 5157 gentilibus
3098 5105 3225 5145 vero
3260 5107 3327 5146 ex
3364 5094 3432 5148 iis
3479 5109 3601 5163 qua:

2018 5176 2121 5247 ipsi
2172 5178 2443 5241 colebant,
2492 5178 2566 5232 ita
2621 5187 2680 5232 ut
2733 5178 2936 5234 diceret
2956 5179 3003 5212 "
3046 5199 3063 5235 :
3120 5181 3373 5237 Omnibus
3423 5186 3603 5238 omnia

2014 5268 2192 5338 factus
2212 5288 2351 5337 sum,
2376 5283 2431 5327 ut
2473 5288 2648 5326 omnes
2673 5271 2811 5325 lucri
2849 5272 3095 5341 facerem,
3119 5276 3264 5344 quod
3288 5278 3450 5331 etiam
3480 5277 3602 5332 hor-

2017 5370 2164 5416 tatur
2201 5362 2390 5418 dicens
2411 5363 2457 5395 ’τ
2488 5382 2501 5417 :
2532 5362 2749 5418 Nemini
2782 5364 3074 5435 quidquam
3107 5367 3360 5431 debeatis,
3405 5368 3509 5421 nisi
3544 5380 3601 5423 ut

2022 5453 2240 5508 invicem
2281 5454 2540 5525 diligatis,
2573 5463 2627 5510 et
2668 5454 2816 5525 quod
2864 5465 2990 5511 ante
3032 5458 3244 5512 dixerat
3264 5459 3342 5512 '3:
3383 5457 3605 5515 Reddite

2023 5543 2265 5598 omnibus
2294 5545 2492 5599 debita.
2526 5545 2619 5602 Sic
2659 5547 2823 5618 igitur
2859 5547 3020 5603 debet
3057 5548 3334 5620 magister.
3379 5550 3606 5608 debetur

2023 5653 2154 5693 vero
2202 5637 2301 5705 illi,
2338 5637 2384 5693 si
2419 5637 2728 5708 spirituales
2773 5648 3060 5711 argenteos
3109 5649 3300 5697 mutuo
3350 5642 3460 5698 det.
3500 5642 3606 5710 Qui
3678 5684 3683 5691 ι

2054 5752 2323 5811 "Jcrem.
2354 5753 2556 5826 ΠΛΟ.
2627 5755 2671 5788 ’⁸
2697 5753 2855 5809 Rom.
2896 5772 2935 5820 ι,
2963 5754 3050 5810 14.
3128 5755 3366 5814 “lCor.
3405 5774 3483 5825 ικ,
3521 5757 3611 5814 l9.

2169 5938 2175 5944 ι
2214 5937 2324 5949 ’.διηιο
