4218 6292
606 456 711 514 559

2020 452 2109 508 ΕΧ
2148 452 2307 509 0|th
2316 450 2447 509 ENE

3752 458 3860 513 560

605 590 732 631 vero
761 575 878 641 bos,
919 589 983 628 ne
1016 574 1282 627 debitores
1312 561 1483 638 ﬁant,
1512 588 1617 625 non
1663 574 1989 642 acceperint,
2035 573 2166 625 nihil

2271 571 2498 633 ἕκαστος
2522 563 2596 622 ὧν
2628 571 2856 640 ἤκουσεν
2892 568 3194 637 ὀφειλέτης,
3246 573 3370 636 τοὺς
3403 571 3511 626 τῶν
3553 573 3859 645 εἰρημένων

603 665 711 723 illis
737 666 875 719 ultra
900 665 1142 717 debetur.
1175 664 1258 716 Fit
1287 663 1430 716 enim
1462 663 1841 731 unusquisque
1865 677 2054 715 eorum
2084 661 2178 714 dc—

602 758 744 812 bitor
785 771 904 825 quae
951 755 1237 821 audiverit,
1271 765 1325 809 et
1362 756 1655 826 exiguntur
1697 756 1766 809 ab
1796 770 1862 809 eo
1904 755 2172 807 dictorum

603 861 801 902 usurae.
834 844 951 900 lluc
986 845 1220 915 pertinet
1256 856 1310 900 et
1351 847 1651 901 Salvatoris
1687 846 1891 900 dictum
1926 843 1992 898 ad
2025 844 2173 896 iner-

598 949 705 992 tem
738 938 1078 1007 magistrum,
1113 937 1258 1006 quod
1290 953 1458 990 meum
1494 945 1766 1007 argentum
1793 934 1953 1004 295
1982 948 2170 1004 ponere

2278 659 2674 730 ἀπαιτούμενος
2704 660 2913 723 τόκους.
2964 661 3214 714 Τοιοῦτον
3258 664 3351 716 καὶ
3378 664 3437 716 τὸ
3478 664 3572 717 τοῦ
3608 666 3855 738 Σωτῆρος

2279 755 2415 825 πρὸς
2447 755 2536 809 τὸν
2569 755 2799 826 ὀκνηρὸν
2824 754 3162 818 διδάσκαλον,
3191 755 3272 809 ὅτι
3297 756 3417 810 ἔδει
3442 773 3517 811 σε
3537 758 3759 823 βαλεῖν
3787 759 3855 813 τὸ

2277 845 2563 915 ἀργύριόν
2597 864 2717 915 μου
2762 846 2887 912 τοῖς
2944 847 3331 915 τραπεζῖταις,
3376 851 3473 904 καὶ
3513 849 3628 921 ἐγὼ
3663 849 3855 907 ἐλθὼν

2275 936 2564 1007 ἀπῄτησα
2592 936 2668 990 ἂν
2695 937 2842 992 αὐτὸ
2874 937 2996 992 σὺν
3033 941 3205 1007 τόκῳ.
3930 930 3950 1005 ’ἓ

594 1031 818 1086 debebas
852 1032 993 1100 apud
1018 1028 1421 1093 nummularius,
1445 1039 1493 1081 et
1520 1044 1610 1097 ego
1631 1027 1838 1081 veniens
1861 1041 1976 1078 cum
2015 1039 2178 1078 usura
2208 1027 2492 1096 exegissem
2525 1029 2661 1083 illud
2689 1031 2755 1084 ’9.

665 1124 755 1180 11.
800 1123 949 1188 Fiat,
979 1122 1217 1188 Domine,
1253 1122 1608 1192 dirigentibus
1645 1119 1773 1174 illis.
1810 1117 1949 1184 Quid
1988 1124 2072 1172 est
2115 1114 2169 1169 id

591 1216 737 1287 quod
766 1215 881 1270 tieri
912 1214 1103 1284 optat?
1130 1214 1300 1267 robur
1327 1228 1520 1282 nempe
1550 1212 1695 1282 quod
1723 1210 1907 1265 deﬁcit
1932 1209 1986 1262 in
2016 1222 2169 1262 exse-

592 1308 903 1370 crantibus,
942 1305 1164 1376 quando
1207 1315 1332 1374 post
1390 1302 1810 1373 imprecationes
1848 1297 2167 1372 poenitentia

592 1401 742 1455 ducti
789 1401 931 1453 viam
976 1406 1179 1452 rectam
1232 1396 1612 1465 ingrediuntur
1662 1403 1716 1448 et
1760 1391 2163 1464 perambulant.

591 1492 729 1546 Nam
762 1490 903 1545 llecti
940 1490 1008 1544 ad
1045 1487 1442 1559 paenitentiam,
1487 1485 1652 1541 robur
1691 1484 2035 1553 impietatum
2073 1481 2168 1536 de-

592 1595 803 1641 struere
828 1592 931 1638 631..

665 1676 753 1730 12.
796 1673 1022 1728 Ferrum
1065 1680 1117 1727 et
1151 1667 1529 1742 operimentum
1558 1681 1761 1723 teneam
1802 1660 1961 1717 robur
1993 1674 2165 1717 tuum.

594 1769 722 1825 llaec
762 1769 837 1823 ait
861 1767 1007 1822 Deus
1048 1766 1114 1820 ad
1143 1764 1403 1835 populum
1442 1760 1578 1816 diris
1612 1758 1932 1828 pr0phetam
1976 1768 2168 1825 prose-

593 1872 781 1918 cutum
805 1878 820 1927 ;
855 1862 1057 1931 quippe
1082 1859 1176 1928 qui
1203 1864 1388 1912 essent
1413 1852 1599 1907 animo
1624 1852 1679 1904 in
1706 1849 1864 1904 malis
1893 1847 2169 1903 obstinato

591 1955 891 2023 lethaliqne
914 1965 1124 2007 veneno
1150 1949 1390 2019 oppleto.

666 2047 751 2100 15.
780 2044 849 2098 Et
880 2044 1153 2097 thesauros
1185 2050 1302 2093 tuos
1332 2040 1386 2092 in
1412 2036 1755 2107 direptionem
1782 2031 1939 2086 dabo.
1964 2031 2010 2063 ³⁰
2029 2029 2169 2086 The-

591 2134 741 2192 sauri
784 2134 930 2188 enim
960 2133 1177 2186 illorum
1213 2144 1320 2183 non
1363 2128 1416 2181 in
1441 2126 1597 2182 caelis
1623 2132 1800 2187 erant,
1828 2122 1922 2177 sed
1965 2122 2020 2176 in
2060 2128 2170 2176 ter-

588 2226 689 2282 ris.
734 2222 846 2279 Hos
871 2231 926 2278 et
962 2223 1017 2277 in
1061 2220 1422 2289 direptionem
1454 2217 1548 2273 dat
1577 2215 1738 2270 Deus.
1769 2212 1962 2267 Dicere
2002 2211 2167 2266 etiam

588 2316 798 2387 poteris
834 2322 887 2368 et
923 2313 1165 2384 potiores
1202 2309 1383 2380 populi
1423 2307 1570 2361 illius
1610 2306 1901 2360 thesauros
1943 2302 1995 2357 in
2026 2302 2169 2356 dire-

589 2411 831 2481 ptionem
871 2411 1050 2464 datos.
1104 2405 1318 2461 Etenim
1374 2404 1664 2458 thesauros
1709 2399 1953 2468 Moysem
1998 2396 2168 2450 habe—

592 2502 729 2559 bant
761 2508 812 2554 et
837 2498 1156 2569 prophetas,
1180 2489 1318 2565 quos
1344 2493 1412 2547 ab
1462 2492 1570 2546 illis
1606 2489 1832 2544 abstulit
1881 2487 2164 2552 Christus;

587 2591 685 2664 qui
713 2593 877 2645 etiam
908 2588 1039 2643 dicit
1062 2586 1107 2618 ³¹
1131 2605 1145 2641 :
1173 2585 1459 2654 Auferetur
1488 2599 1520 2635 a
1549 2580 1691 2635 vobis
1727 2596 1943 2650 regnum
1966 2577 2088 2644 Dei,
2116 2585 2168 2631 et

588 2682 808 2736 dabitur
835 2679 976 2751 genti
1001 2676 1221 2748 facienti
1246 2675 1452 2743 fructus
1474 2672 1612 2736 ejus.
1639 2669 1839 2724 Primis
1863 2670 2007 2723 enim
2035 2666 2164 2731 illis,

591 2774 788 2830 deinde
840 2771 1000 2827 nobis
1047 2768 1214 2824 verba
1266 2766 1361 2820 Dei
1407 2763 1719 2820 concredita
1772 2769 1918 2815 sunt.
1972 2760 2167 2814 Ablata

591 2866 747 2921 fuere
779 2864 848 2920 ab
882 2863 1052 2934 ipsis;
1099 2870 1153 2936 et
1187 2873 1334 2914 nunc
1371 2855 1606 2910 inaniter
1634 2852 1948 2923 Scripturas
1992 2851 2169 2922 possi-

589 2958 741 3021 dent,
785 2955 930 3025 quod
973 2955 1190 3009 illorum
1242 2962 1466 3004 sensum
1511 2961 1618 3001 non
1648 2944 1973 3014 percipiant.
2029 2940 2166 2995 Nam

589 3049 947 3118 adimpletum
996 3056 1079 3102 est
1132 3043 1264 3101 illud
1319 3050 1442 3111 post
1489 3038 1694 3094 Christi
1747 3037 2039 3092 adventum
2088 3034 2163 3086 "z

591 3142 791 3197 Audita
828 3138 1078 3202 audietis,
1109 3145 1159 3190 et
1202 3150 1305 3189 non
1330 3131 1653 3203 percipiatis,
1683 3137 1733 3182 et
1766 3127 1996 3182 videntes
2025 3124 2169 3179 vid:-

2348 1119 2435 1176 11.
2470 1121 2737 1188 Γένοιτο,
2773 1123 3063 1189 Δέσποτα,
3119 1126 3606 1181 κατευθυνόντων
3632 1127 3848 1182 αὐτῶν·

2275 1207 2340 1261 Τί
2373 1208 2617 1278 γένοιτο;
2646 1212 2887 1284 δηλονότι
2941 1215 2975 1286 ἡ
3033 1216 3240 1286 ίσχὺςή
3273 1216 3602 1271 ἐκλείπουσα
3643 1220 3701 1271 ὲν
3738 1221 3855 1284 τοῖς

2273 1300 2705 1371 καταρωμένοις,
2737 1302 2846 1367 ὅτε,
2876 1302 3012 1372 μετὰ
3062 1304 3163 1375 τὴν
3214 1307 3459 1375 κατάραν
3491 1307 3856 1377 μετανοήσαν-

2273 1408 2386 1454 τες,
2411 1394 2661 1465 τραπῶσι
2715 1394 2814 1466 τὴν
2842 1396 3053 1449 εὐθεῖαν
3086 1397 3180 1449 καὶ
3229 1396 3396 1468 αὐτὴν
3431 1397 3738 1451 ὁδεύσωσιν.
3786 1400 3853 1455 Ἠ

2272 1482 2382 1554 γὰρ
2406 1485 2541 1555 πρὸς
2593 1488 2879 1557 μετάνοιαν
2936 1487 3077 1559 ῥοπὴ
3137 1487 3455 1560 καθαίρεσις
3504 1491 3617 1542 ἐστι
3669 1488 3767 1561 τῆς
3794 1493 3851 1543 ὲν

2278 1575 2561 1640 ἀσεϐείαις
2597 1578 2798 1647 ἰσχύος.

2346 1667 2431 1722 12.
2469 1669 2724 1738 Σίδηρον
2751 1671 2851 1723 καὶ
2886 1673 3268 1739 περιϐόλαιον
3307 1672 3580 1740 χαλκοῦν
3607 1673 3645 1740 ἡ
3674 1672 3849 1741 ἰσχύι,-

2272 1776 2407 1815 σου.
2442 1761 2628 1815 Ταῦτά
2654 1779 2815 1832 φησιν
2838 1764 2866 1816 ὁ
2894 1748 3025 1827 Θεὸς
3064 1764 3200 1835 πρὸς
3221 1765 3313 1817 τὸν
3346 1765 3750 1835 ἐναρασάμενον
3773 1763 3852 1835 τῷ

2273 1854 2528 1926 προφήτῃ
2562 1854 2709 1917 λαὸν,
2745 1854 2820 1918 ὡς
2842 1855 2942 1925 τῆς
2965 1854 3146 1925 ψυχῆς
3171 1855 3348 1909 αὐτῶν
3387 1856 3443 1907 ὲν
3478 1858 3666 1935 κακοῖς
3693 1856 3850 1910 ἀνεν-

2202 1924 2245 1979 Β
2272 1942 2424 1996 δότου
2456 1924 2644 2015 οὔσης,
2675 1945 2769 1998 καὶ
2795 1924 3032 2016 πλήρους
3057 1945 3136 2000 ἰοῦ
3163 1946 3482 2018 φθαρτικοῦ.

2344 2034 2432 2087 15.
2471 2035 2580 2087 Καὶ
2655 2035 2793 2101 τοὺς
2846 2037 3189 2104 θησαυρούς
3237 2055 3353 2092 σου
3405 2041 3491 2104 εἰς
3542 2037 3849 2107 προνομὴν

2270 2121 2459 2176 δώσω.
2489 2125 2551 2176 υἱ
2577 2124 2839 2196 θησαυροὶ
2867 2125 2975 2195 γὰρ
3009 2127 3189 2182 αὐτῶν
3213 2129 3313 2181 οὐκ
3339 2129 3396 2182 ὲν
3412 2130 3658 2201 οὐρανοῖς
3686 2125 3845 2200 ἦσαν,

2271 2214 2386 2268 ἀλλ’
2420 2217 2514 2270 ἐπὶ
2559 2218 2681 2288 γῆς.
2721 2218 2955 2281 Τούτους
2985 2217 3079 2271 καὶ
3127 2218 3341 2273 δίδωσιν
3371 2222 3450 2284 είς
3493 2223 3770 2292 προνομὴν
3817 2224 3848 2277 ό

2270 2305 2422 2371 Θεός.
2445 2309 2632 2371 Εῖποις
2656 2308 2700 2360 δ’
2732 2309 2799 2363 ἂν
2833 2310 2925 2362 καὶ
2976 2309 3292 2381 κρείττονας
3323 2311 3416 2364 τοῦ
3479 2312 3607 2367 λαοῦ
3639 2313 3847 2367 ἐκείνου

2271 2399 2577 2472 θησαυροὺς
2610 2401 2690 2462 εἰς
2720 2401 2996 2472 προνομὴν
3023 2401 3343 2456 ἐκδίδοσθαι.
3389 2402 3707 2475 Θησαυροὺς
3738 2405 3850 2475 γὰρ

2269 2486 2415 2561 εἶχον
2442 2491 2677 2559 Μωῡσῆν
2733 2493 2826 2546 καὶ
2876 2493 3002 2556 τοὺς
3050 2495 3357 2564 προφήτας,
3410 2494 3500 2558 οὓς
3528 2495 3718 2548 ἔλαϐεν
3747 2499 3849 2551 ἀπ’

2270 2584 2449 2637 αὐτῶν
2481 2585 2510 2636 ὁ
2567 2583 2820 2655 Χριστὸς,
2880 2582 2909 2635 ὃ
2967 2583 3059 2636 καί
3120 2602 3304 2655 φησιν·
3373 2574 3711 2655 Ἃρθήσεται
3742 2589 3846 2657 ἀφ’

2269 2676 2436 2746 ὑμῶν
2467 2677 2505 2742 ἡ
2533 2676 2826 2740 ,ϐασιλεία
2849 2674 2954 2727 τοῦ
3006 2676 3174 2739 θεοῦ,
3220 2677 3318 2731 καὶ
3347 2677 3661 2744 δοθήσεται
3688 2679 3849 2732 ἔθνει

2270 2767 2543 2821 ποιοῦντι
2574 2766 2717 2833 τοὺς
2764 2766 3035 2834 καρποὺς
3060 2768 3269 2836 αὐτῆς.
3320 2769 3529 2840 Πρῶτοι
3568 2770 3677 2841 γὰρ
3704 2771 3849 2823 ἐκεῖ·

2270 2876 2350 2913 νοι
2384 2858 2781 2930 ἐπιστεύθησαν
2814 2858 2883 2911 τὰ
2911 2858 3066 2927 λόγια
3096 2860 3191 2913 τοῦ
3216 2859 3375 2924 θεοῦ,
3417 2862 3511 2914 καὶ
3561 2862 3675 2932 μετ’
3702 2861 3846 2914 ὲκεί-

2270 2967 2392 3014 νους
2420 2952 2602 3022 ἡμεῖς.
2638 2947 2817 3020 Ἥρθη
2849 2949 2905 3002 δὲ
2932 2951 3026 3004 ἀπ’
3051 2949 3248 3002 αὐτῶνθ
3282 2953 3375 3004 καὶ
3395 2952 3489 3005 νῦν
3515 2951 3725 3021 ἔχουσιν
3751 2952 3846 3004 αὖα

2270 3038 2376 3092 τῶν
2416 3038 2513 3101 τὰς
2547 3037 2769 3110 Γραφὰς
2805 3038 2866 3091 τὸ
2898 3039 2973 3109 μὴ
3010 3037 3233 3109 Θεωρεῖν
3285 3040 3375 3094 τὸν
3404 3042 3461 3094 ὲν
3494 3042 3670 3104 αὐτοῖς
3697 3039 3842 3096 νοῦν.

2270 3129 2635 3203 Πεπλήρωται
2663 3129 2771 3200 γὰρ
2803 3129 2939 3201 μετὰ
2969 3129 3067 3201 τὴν
3106 3130 3279 3201 Ἰησοῦ
3318 3131 3628 3203 ἐπιδημίαν·
3668 3132 3846 3200 Ἀκοῇ

589 3234 739 3299 bitis,
771 3241 823 3286 et
861 3247 963 3285 non
997 3226 1361 3299 perspicietis;
1395 3239 1485 3279 cor
1524 3222 1663 3277 enim
1698 3219 1880 3291 populi
1904 3217 2061 3288 hujus
2094 3216 2166 3269 in-

2271 3224 2588 3289 ὰκούσετε,
2641 3224 2740 3278 καὶ
2793 3225 2864 3277 οὐ
2907 3223 2992 3292 μὴ
3043 3220 3290 3290 συνῆτε,
3365 3225 3461 3278 καὶ
3509 3223 3839 3291 ,ϐλέποντες

590 3333 895 3381 crassatum
924 3331 1024 3378 est.

663 3501 753 3556 M.
808 3497 873 3551 Et
923 3498 1114 3552 servire
1164 3505 1212 3550 te
1265 3494 1464 3564 faciant
1510 3490 1567 3544 in
1617 3487 1856 3541 omnibus
1905 3483 2164 3554 gentibus.

589 3591 650 3648 In
687 3591 1003 3647 servitutem
1043 3586 1294 3640 redactus
1323 3595 1409 3639 est
1446 3580 1681 3652 populus
1713 3577 1801 3632 ille
1829 3576 2087 3642 hostium,
2116 3582 2170 3629 et

580 3686 860 3742 abductus
888 3682 941 3735 in
969 3689 1167 3734 terram
1194 3690 1358 3746 quam
1388 3673 1682 3728 nesciebat.

661 3776 754 3833 15.
790 3774 1036 3834 Domine,
1084 3768 1360 3825 recordare
1403 3765 1524 3818 mei.
1568 3764 1612 3795 ³³
1639 3761 1764 3816 Haec
1789 3763 1865 3815 ait
1904 3758 2169 3830 propheta

582 3886 652 3927 se
697 3870 876 3939 ipsum
921 3865 1113 3921 videns
1174 3858 1312 3915 nihil
1355 3856 1765 3928 proﬁcientem,
1810 3862 1864 3908 et
1905 3851 2167 3921 agitatum

591 3962 797 4017 frustra
845 3957 1081 4018 insidiis,
1129 3967 1268 4023 quas
1310 3950 1387 4004 illi
1435 3947 1628 4003 crebro
1673 3943 1968 3999 machinati
2018 3950 2164 3998 sunt.

586 4050 791 4105 Factus
844 4057 929 4102 est
968 4045 1115 4102 enim
1170 4041 1430 4098 inimicus
1479 4036 1851 4100 audientibus,
1893 4035 2022 4089 dum
2061 4033 2169 4087 illis

588 4157 718 4198 .vera
766 4139 989 4194 indicat.
1041 4132 1399 4202 Longanimis
1444 4128 1622 4184 iactus
1671 4143 1752 4193 es,
1781 4127 1980 4196 inquit,
2005 4140 2169 4194 super

588 4230 790 4303 populo
844 4242 944 4298 pro
1011 4224 1281 4295 peccatis;
1319 4222 1374 4276 in
1439 4219 1525 4273 his
1579 4233 1702 4288 qua:
1772 4218 2036 4271 adversus
2081 4231 2168 4271 me

580 4322 713 4378 ausi
736 4329 867 4377 sunt
891 4334 958 4373 ne
987 4318 1065 4373 sis
1089 4313 1439 4385 longanimis.
1475 4308 1580 4376 Qui
1605 4309 1751 4363 enim
1789 4309 2030 4364 sermoni
2058 4323 2164 4362 non

584 4416 989 4484 obtemperant,
1014 4409 1121 4462 illis
1149 4408 1228 4460 ira
1253 4414 1345 4458 tua
1368 4409 1619 4470 superest
1640 4401 1708 4455 ad
1731 4401 2164 4471 expurgandum.

587 4507 632 4562 F
636 4514 794 4562 aveat
832 4515 963 4570 ergo
1004 4497 1138 4551 mihi
1177 4506 1268 4548 tua
1303 4491 1693 4562 longanimitas
1722 4507 1823 4560 pro
1860 4491 2168 4561 opprobriis

589 4613 715 4670 qua:
739 4602 958 4666 propter
986 4598 1037 4643 te
1054 4585 1291 4643 sustinui
1305 4619 1323 4636 .

661 4690 752 4745 15.
795 4687 1121 4744 Consumma
1162 4694 1270 4733 eos.
1317 4676 1363 4708 “
1393 4673 1810 4730 Consummatio
1862 4672 2020 4727 malls
2060 4680 2163 4740 est,

591 4777 850 4845 nequitia:
870 4774 1037 4829 ﬁnem
1071 4766 1302 4840 imponi,
1328 4773 1384 4821 et
1409 4762 1739 4819 sensibiliter
1766 4765 2165 4819 consummatio

591 4865 697 4920 fuit
720 4865 828 4918 illis
853 4860 1075 4933 quando
1110 4856 1340 4914 insidias
1365 4855 1419 4909 in
1447 4850 1782 4907 Salvatorem
1813 4854 1981 4907 moliti
2011 4862 2158 4909 sunt.

589 4957 711 5013 Non
748 4954 892 5009 enim
937 4951 1172 5021 amplius
1195 4946 1497 5003 Jerusalem
1522 4942 1723 4999 Judzeze
1771 4947 1915 5017 regia
1957 4957 2160 5003 metro-

589 5051 753 5128 polis,
785 5064 887 5105 nec
907 5043 1074 5103 Israel
1097 5041 1191 5097 Dei
1218 5040 1455 5111 populus
1482 5038 1801 5110 appellatur.

662 5227 750 5282 16.
796 5224 863 5279 Et
894 5224 991 5279 erit
1022 5221 1149 5275 mihi
1183 5216 1394 5274 verbum
1425 5224 1569 5268 tuum
1604 5215 1659 5268 in
1683 5213 1948 5270 lwtitiam.
1969 5217 2012 5250 ⁸⁸
2028 5217 2163 5273 Nam

589 5320 693 5377 etsi
728 5318 783 5374 in
811 5315 1099 5388 praesentia
1131 5311 1359 5365 verbum
1387 5317 1540 5362 tuum
1567 5307 1633 5361 ad
1660 5308 1893 5373 vincula,
1920 5309 1985 5362 ad
2018 5309 2160 5375 lites,

591 5412 658 5465 ad
684 5407 1039 5468 vexationes,
1072 5399 1139 5454 ad
1167 5395 1617 5468 vituperationes,
1651 5396 1718 5450 ad
1750 5394 2001 5465 dolores;
2040 5398 2164 5454 ﬁnis

591 5510 774 5573 tamen
808 5499 1007 5553 horum
1049 5493 1155 5548 erit
1196 5490 1251 5544 in
1298 5488 1541 5543 laetitiam
1591 5504 1605 5539 :
1651 5487 1798 5557 quod
1839 5487 2166 5546 Christianis

592 5590 846 5661 cengruit
900 5587 1043 5643 male
1082 5582 1283 5638 habitis
1330 5589 1385 5633 et
1426 5579 1649 5649 praemia
1697 5582 2163 5650 exspectantibus,

2264 3315 2555 3385 βλέψετε,
2581 3316 2680 3369 καὶ
2713 3317 2785 3370 οὐ
2804 3315 2891 3384 μὴ
2924 3313 3110 3384 ἴδητει
3148 3315 3459 3386 ἐπαχύνθη
3493 3316 3604 3386 γὰρ
3642 3316 3682 3385 ἡ
3716 3335 3850 3385 καρ-

2268 3406 2369 3461 δία
2391 3407 2497 3461 τοῦ
2527 3406 2678 3462 λαοῦ
2703 3407 2936 3461 τούτου.

2342 3496 2428 3549 14.
2457 3495 2569 3550 Καὶ
2590 3494 3027 3550 καταδουλώσω
3059 3510 3133 3549 σε
3171 3496 3242 3550 ἐν
3267 3494 3418 3550 πᾶσι
3446 3495 3571 3562 τοῖς
3590 3495 3845 3565 ἐχθροῖς.

2269 3585 2747 3640 Καταδεδούλωται
2790 3587 2818 3638 ὁ
2869 3586 2996 3649 λαὸς
3025 3587 3233 3649 ἐκεῖνος
3270 3587 3328 3640 ὲν
3354 3587 3467 3650 τοῖς
3489 3585 3722 3658 ἐχθροῖς,
3755 3588 3848 3640 καὶ

2268 3677 2493 3746 γέγονεν
2523 3680 2581 3731 ὲν
2609 3680 2673 3749 τῇ
2708 3680 2778 3748 γῇ
2812 3678 2878 3748 ἢν
2906 3678 3004 3731 οὐκ
3037 3678 3171 3749 ᾔδει.

2344 3770 2431 3824 15.
2465 3770 2664 3838 Κύριε,
2688 3769 2994 3839 μνήσθητί
3043 3786 3183 3839 μου.
3238 3769 3422 3824 Ταῦτα
3472 3771 3500 3822 ό
3561 3770 3850 3841 προφήτης

2271 3861 2436 3932 φησιν
2468 3858 2608 3931 ὀρῶν
2635 3859 2826 3913 ἑαυτὸν
2864 3859 3031 3930 μηδὲν
3059 3859 3376 3929 ὠφελοῦντα
3416 3861 3510 3914 καὶ
3547 3862 3720 3931 μάτην
3751 3877 3852 3914 το.-

2272 3950 2720 4023 λαιπωρούμενον
2746 3952 2866 4012 ταῖς
2895 3948 2954 4013 ἐξ
3003 3948 3180 4002 αὐτῶν
3232 3949 3588 4021 πυκνοτέραις
3625 3949 3849 4002 ἐπιϐου-

2270 4041 2412 4106 λαῖς.
2461 4028 2688 4110 Ἐχθρὸς
2717 4038 2826 4111 γὰρ
2855 4039 3044 4108 γέγονε
3078 4040 3190 4100 τοῖς
3234 4038 3537 4101 ἀκούουσιν,
3561 4036 3849 4109 ἀληθεύων

2270 4134 2473 4197 αὐτοῖς.
2511 4129 3007 4203 Ἐμακροθύμησας
3029 4130 3106 4194 δὲ,
3135 4130 3321 4201 φησιν,
3354 4130 3446 4183 ἐπὶ
3469 4130 3559 4183 τδν
3586 4130 3713 4184 λαὸν
3751 4130 3848 4184 ἐπὶ

2268 4226 2381 4286 τοῖς
2405 4222 2815 4294 ἁμαρτήμασιν
2849 4220 2943 4274 ἐπὶ
2974 4220 3031 4272 δὲ
3054 4222 3167 4283 τοῖς
3198 4220 3317 4273 κατ’
3350 4220 3484 4291 ἐμοῦ
3511 4219 3850 4292 τετολμημέ-

2270 4331 2380 4379 νοις
2411 4312 2485 4385 μὴ
2522 4311 2972 4383 μακροθυμήσῃς·
3005 4313 3118 4373 τοῖς
3148 4310 3258 4382 γὰρ
3313 4310 3455 4365 οὕτω
3486 4311 3559 4382 μὴ
3590 4310 3845 4381 πειθεμέ-

2269 4422 2379 4468 νοις
2406 4407 2436 4458 ό
2469 4402 2562 4467 σὸς
2586 4402 2755 4473 θυμὸς
2785 4405 2864 4466 είς
2891 4402 3152 4473 κάθαρσιν
3199 4402 3573 4456 ὑπολείπεται.
3610 4402 3848 4472 Τύχοιμι

2269 4495 2448 4549 τοίνυν
2472 4492 2589 4547 ἀνθ’
2617 4487 2693 4546 ὧν
2720 4491 3033 4562 ὠνειδίσθην
3073 4493 3213 4565 ὑπὲρ
3242 4493 3336 4546 σοῦ
3369 4493 3469 4563 τῆς
3503 4492 3601 4563 σῆς
3639 4508 3848 4563 μακρο-

2198 4577 2246 4637 D
2273 4584 2473 4657 θυμίας
2496 4585 2509 4637 l

2343 4675 2431 4729 15.
2478 4673 2859 4728 Συντέλεσον
2905 4675 3147 4741 αὐτούς.
3212 4674 3496 4728 Συντέλεια
3558 4674 3747 4737 κακοῖς
3784 4671 3853 4726 τὸ

2272 4765 2448 4837 πέρας
2475 4764 2575 4836 τὴν
2606 4766 2803 4819 κακίαν
2835 4766 3040 4820 λαϐεῖν.
3098 4768 3207 4822 Καὶ
3265 4766 3538 4839 αἰσθητῶς
3589 4767 3645 4819 δὲ
3695 4781 3850 4818 συνε-

2271 4856 2602 4928 τελέσθησαν
2664 4856 2760 4909 ἐπὶ
2806 4860 2872 4928 τῇ
2928 4857 3070 4911 κατὰ
3126 4857 3218 4912 τοῦ
3273 4859 3522 4930 Σωτῆρος
3562 4856 3842 4926 ἐπιϐουλῇο

2271 4950 2468 5005 Οὐκέτι
2536 4949 2646 5022 γὰρ
2716 4950 3072 5023 Ἰερουσαλὴμ
3147 4952 3478 5023 μητρόπολις
3540 4952 3639 5023 τῆς
3712 4952 3849 5003 ἰου-

2270 5041 2426 5106 δαίας
2500 5038 2790 5113 βασιλικὴ,
2840 5042 2960 5095 οὐδὲ
3047 5041 3262 5114 Ἰσραὴλ
3315 5042 3452 5096 Θεοῦ
3516 5040 3851 5115 χρηματίζει

2271 5133 2417 5196 λαός.

2344 5222 2429 5277 16.
2463 5223 2570 5276 Καὶ
2620 5221 2792 5276 ἔσται
2821 5224 2853 5276 ὀ
2880 5223 3062 5291 λόγος
3093 5239 3209 5276 σου
3255 5220 3384 5293 ἐμοὶ
3429 5224 3518 5289 εἰς
3552 5222 3849 5292 εὐφροσύ-

2268 5332 2403 5383 νην.
2439 5315 2503 5367 Εἰ
2543 5313 2654 5386 γὰρ
2678 5317 2772 5368 καὶ
2798 5314 2891 5368 ἐπὶ
2919 5312 3015 5368 τοῦ
3064 5315 3328 5386 παρόντος
3375 5318 3404 5369 ὁ
3435 5314 3592 5383 λόγος
3629 5330 3725 5368 σου
3768 5316 3850 5379 είς

2268 5406 2464 5477 δεσμὰ,
2500 5408 2580 5469 εἰς
2608 5406 2786 5471 δίκας,
2821 5408 2900 5470 εἰς
2934 5405 3258 5477 πράγματα,
3300 5408 3379 5471 είς
3406 5396 3734 5479 δυσφημίας,
3770 5407 3849 5467 είς

2274 5498 2488 5562 πόνους,
2525 5496 2660 5550 ἀλλὰ
2692 5497 2754 5550 τὸ
2779 5497 2932 5561 τέλος
2956 5496 3159 5550 τούτων
3191 5499 3272 5560 είς
3305 5497 3641 5569 εὐφροσύνην
3671 5496 3845 5550 ἔσται’

2272 5588 2409 5659 ὅπερ
2467 5587 2727 5658 ἁρμόττει
2763 5589 3108 5658 Χριστιανοῖς
3164 5586 3701 5661 ταλαιπωρουμένοις
3754 5584 3852 5640 κο.)⁸

662 5797 707 5830 ⁸⁸
744 5793 878 5848 Luc.
913 5772 1032 5848 xix.
1064 5794 1154 5846 23.
1244 5792 1288 5822 ³ο
1331 5790 1479 5845 hom.
1519 5792 1605 5844 14.
1700 5789 1740 5821 ³⁸
1781 5787 1974 5844 Matth.
2002 5807 2131 5860 xxi,
2162 5832 2166 5837 ‹

2332 5794 2376 5829 ει
2416 5793 2772 5860 Mattb.xm,
2810 5794 2898 5846 is.
2977 5794 3022 5825 ³³
3060 5795 3246 5850 bomil.
3286 5797 3374 5853 ιι.
3453 5761 3498 5828 εἰ
3538 5795 3730 5859 homil.
3756 5794 3850 5854 t4.

601 5860 644 5893 ³⁵
681 5862 864 5925 hemil.
900 5863 989 5918 14.
