4218 6292
629 283 740 343 563

2039 281 2131 336 EX
2162 277 2325 335 ORIG
2334 280 2464 336 ENE

3783 288 3892 343 564

630 413 799 467 quam
839 399 933 466 qui
969 397 1408 460 transformatur,
1438 411 1547 450 non
1575 397 1811 465 amplius
1844 397 1991 467 degit
2017 396 2197 450 analo-

2315 395 2533 460 τούτους
2566 397 2663 468 τὴν
2688 398 2895 469 ἀμείνω
2942 397 3108 471 ζωήν⁴
3153 399 3274 452 καθ’
3307 399 3372 469 ἥν
3414 416 3495 462 τις
3524 415 3889 470 μεταμορφω-

628 490 712 557 gis
747 489 986 558 piscibus
1030 487 1084 539 in
1122 486 1266 539 salso
1304 487 1466 553 mari,
1503 487 1656 556 juxta
1696 489 1828 542 illud
1852 487 1932 541 δί
1967 486 2033 541 In
2063 504 2208 541 eam-

626 581 745 633 dem
774 579 1057 648 imaginem
1091 580 1169 630 uti
1197 594 1228 629 a
1263 579 1457 646 spiritu
1483 581 1789 635 dominante
1820 583 2205 644 convertimur;

628 671 721 727 sed
749 670 874 724 inde
899 670 1292 733 ascendamus,
1320 680 1381 724 ut
1403 671 1570 725 vitam
1610 673 1663 726 in
1707 673 1985 728 montibus
2010 673 2208 727 transi-

625 776 842 829 gamus,
877 760 980 814 hoc
1000 772 1087 816 est
1114 777 1238 816 cum
1265 763 1570 832 prophetis,
1603 775 1655 820 et
1692 765 1746 819 in
1772 767 2026 830 collibus,
2059 765 2205 821 scili-

625 862 711 905 cet
742 850 929 921 justis,
964 852 1057 907 ubi
1093 870 1123 907 a
1161 855 1526 922 piscatoribus
1563 872 1671 912 non
1709 859 1942 926 amplius
1968 858 2200 926 capitur,

623 942 718 998 sed
749 958 780 998 a
804 943 1157 1001 venatoribus
1206 947 1434 1015 angelis,
1481 963 1511 1001 a
1538 949 1738 1017 quibus
1775 950 1820 1003 si
1854 958 2049 1003 venatu
2081 948 2202 1017 capi

622 1044 857 1103 oportet,
896 1037 952 1089 in
992 1036 1276 1092 montibus
1320 1051 1385 1091 ac
1418 1038 1648 1094 collibus
1683 1041 1789 1093 vita
1827 1048 1909 1093 est
1931 1039 2199 1094 ducenda.

619 1124 749 1181 Inde
774 1129 916 1181 enim
938 1138 1207 1183 venantur
1235 1132 1412 1199 angeli
1441 1131 1754 1201 hujusmodi
1781 1132 1995 1186 animas
2018 1146 2048 1186 e
2076 1147 2198 1186 cor-

619 1233 754 1288 pore
803 1228 1105 1286 exeuntes,
1161 1236 1272 1276 non
1325 1222 1478 1277 humi
1526 1224 1793 1292 jacentes.
1857 1222 2200 1292 Quapropter

621 1314 1024 1368 ascendendum
1059 1323 1145 1369 est
1183 1315 1251 1368 ad
1279 1323 1544 1380 montem,
1576 1315 1668 1369 ubi
1699 1314 1952 1369 Christus
1982 1314 2200 1368 transti-

619 1414 848 1475 guratus
884 1417 999 1472 est,
1047 1407 1139 1461 ubi
1171 1406 1469 1477 discipulos
1500 1407 1865 1462 beatitudines
1915 1406 2194 1469 edocebat,

602 1497 840 1563 quando
865 1497 1104 1552 vidimus
1129 1497 1534 1552 multitudinem
1559 1497 1861 1568 copiosam.

691 1697 778 1750 16.
822 1696 890 1750 Ει
916 1696 981 1751 de
1017 1700 1252 1752 cavernis
1281 1709 1572 1768 petrarum.
1606 1699 1653 1729 “
1676 1696 1888 1754 Rursus
1915 1715 2037 1769 qua:
2067 1707 2198 1754 sunt
2228 1732 2273 1788 Β

619 1811 866 1852 cavernre
925 1795 1235 1864 petrarum?
1276 1793 1410 1848 Nam
1461 1803 1516 1849 et
1561 1794 1629 1849 de
1672 1793 1760 1849 his
1804 1794 1967 1848 etiam
2016 1793 2191 1863 angeli

617 1886 983 1942 venabuntur.
1029 1884 1082 1938 In
1124 1884 1392 1939 foramine
1428 1887 1611 1955 itaque
1645 1895 1812 1954 petrae
1844 1884 2030 1954 posuit
2049 1883 2192 1940 Deus

615 1975 877 2048 Moyscm,
907 1986 959 2030 et
998 1977 1113 2031 haec
1140 1985 1260 2031 erat
1289 1975 1545 2031 Christus
1588 1990 1839 2041 caverna,
1871 1976 1964 2045 qui
1992 1990 2191 2031 secun-

612 2067 743 2121 dum
801 2068 1137 2122 divinitatem
1184 2067 1402 2138 quidem
1458 2075 1576 2121 erat
1617 2074 1802 2136 petra;
1863 2067 2065 2121 dictum
2109 2075 2194 2121 est

610 2158 757 2213 enim
780 2160 824 2196 ιτ
854 2178 868 2214 :
897 2159 1057 2214 Petra
1108 2169 1286 2214 autem
1333 2169 1449 2213 erat
1480 2158 1748 2222 Christus.
1792 2167 1847 2213 et
1890 2158 2191 2215 secundum

612 2250 1043 2306 incarnationem
1086 2250 1365 2315 foramen,
1404 2267 1499 2321 per
1529 2252 1674 2321 quod
1712 2252 1968 2307 videntur
2008 2260 2191 2321 poste-

613 2343 757 2398 riora
788 2341 902 2398 Dei.
937 2343 1122 2398 Multae
1149 2352 1329 2399 autem
1361 2353 1550 2414 petrae,
1574 2344 1642 2398 de
1668 2345 1870 2415 quibus
1899 2344 1987 2398 hic
2006 2358 2190 2398 sermo

612 2435 862 2494 habetur,
890 2444 1017 2489 sunt
1043 2443 1096 2488 et
1134 2434 1431 2504 prophetae,
1479 2444 1530 2489 et
1557 2434 1812 2504 apostoli,
1840 2444 1895 2489 et
1922 2434 2190 2503 praecipue

609 2524 824 2596 angeli,
877 2526 969 2594 qui
1018 2534 1148 2579 sunt
1197 2524 1502 2580 imitatores
1555 2524 1780 2591 Christi,
1831 2524 2190 2594 foramenque

608 2616 856 2681 habent,
910 2632 1007 2685 per
1058 2616 1205 2686 quod
1275 2616 1580 2685 posteriora
1627 2617 1717 2671 Dei
1789 2617 2185 2686 intelliguntur.

613 2705 1003 2777 Unusquisque
1033 2724 1163 2762 vero
1204 2723 1299 2777 per
1332 2724 1395 2761 ea
1423 2722 1545 2776 qua:
1582 2709 1649 2761 de
1677 2708 1786 2763 Deo
1814 2709 1949 2765 dicit
1986 2710 2054 2765 ad
2100 2711 2186 2765 in-

590 2800 960 2869 telligendum
998 2801 1176 2868 ipsum
1216 2797 1492 2863 facientia,
1535 2799 1588 2852 in
1614 2800 1905 2869 semetipso
1942 2800 2186 2857 foramen

607 2889 785 2958 aperit
830 2888 895 2941 ad
945 2887 1360 2957 intelligendum
1407 2885 1613 2954 Deum;
1656 2888 1797 2944 sicut
1830 2906 1924 2959 per
1945 2890 2185 2962 Moysem

608 2977 813 3046 legem,
864 2991 958 3044 per
1006 2974 1202 3030 Isaiam
1256 2975 1598 3046 prophetiam
1649 2976 2045 3048 intelligimus,
2092 2994 2187 3048 per

609 3068 779 3123 alium
826 3066 996 3121 aliud.
1042 3066 1283 3137 Contigit
1335 3067 1500 3122 etiam
1557 3083 1623 3122 ex
1670 3069 1866 3140 angelo
1908 3070 2184 3139 loquente,
2214 3087 2257 3146 ς

608 3156 772 3213 sicuti
821 3156 1066 3226 loquitur
1110 3156 1156 3189 “
1201 3175 1215 3211 :
1264 3157 1492 3227 Angelus
1546 3160 1638 3229 qui
1683 3158 1920 3230 loquitur
1971 3162 2029 3214 in
2071 3179 2182 3229 me,

605 3257 843 3305 stantem
874 3248 1039 3304 veluti
1075 3264 1141 3303 ex
1168 3258 1321 3319 petra
1348 3259 1403 3304 et
1437 3249 1703 3306 foramine
1741 3251 1985 3322 angelice
2015 3252 2184 3309 Deum

609 3337 812 3404 videre,
848 3340 928 3394 sic
955 3341 1094 3396 rubo
1123 3340 1352 3411 angelus
1377 3339 1596 3410 quidem
1632 3350 1751 3397 erat
1783 3343 1876 3412 qui
1910 3346 2182 3413 apparuit,

607 3432 702 3487 sed
749 3433 843 3502 qui
890 3432 943 3486 in
986 3433 1105 3502 ipso
1148 3442 1267 3489 erat
1307 3434 1383 3488 ait
1420 3432 1465 3466 ⁸⁸
1504 3451 1518 3487 :
1559 3432 1672 3503 Ego
1716 3434 1853 3489 Deus
1887 3436 2180 3495 Abraham.

606 3520 810 3577 Verum
840 3532 1160 3579 venatorum
1184 3523 1477 3578 adventum
1504 3522 1841 3591 ignorantes,
1881 3540 1950 3579 ne
1989 3540 2021 3580 θ
2052 3541 2184 3594 prae-

602 3614 764 3668 dictis
792 3613 1212 3669 descendamus.
1248 3612 1404 3668 Foris
1427 3612 1574 3666 enim
1607 3616 1950 3682 permanenti
1980 3614 2184 3671 dicitur

603 3704 740 3760 illud
761 3705 846 3757 ⁵ος
906 3704 1101 3769 Stulte,
1130 3714 1279 3757 nocte
1303 3703 1407 3757 hac
1454 3704 1690 3757 animam
1725 3718 1869 3757 tuam
1915 3708 2180 3776 requirent

603 3813 636 3848 (ι
668 3804 748 3860 te;
781 3812 899 3866 qua:
925 3812 1047 3849 vero
1071 3796 1409 3865 pra’parasti,
1455 3794 1610 3864 cujus
1653 3796 1848 3849 erunt?
1896 3794 1986 3851 Uti
2033 3799 2178 3853 enim

604 3886 760 3939 humi
804 3887 1077 3956 proiectus
1127 3885 1451 3941 dicebat":
1491 3885 1669 3940 Habes
1721 3885 1858 3940 bona
1906 3892 2180 3959 proposita

603 3977 778 4031 adhuc
810 3978 1000 4041 multa,
1042 3978 1096 4032 in
1138 3978 1406 4034 bonorum
1438 3976 1648 4047 judicio
1680 3976 1962 4034 aberrans.
2014 3982 2177 4051 Igno-

600 4068 923 4142 rabatenim‘
941 4085 1066 4125 vere
1095 4070 1238 4125 bona
1267 4085 1376 4125 non
1402 4070 1455 4125 in
1476 4078 1619 4125 terra
1643 4069 1956 4138 maledicta,
1988 4073 2084 4127 sed
2118 4072 2174 4127 in

584 4159 742 4215 caelo
783 4158 888 4215 sita
936 4175 1078 4217 esse.
1131 4161 1190 4215 In
1230 4161 1335 4217 hoc
1374 4162 1521 4217 enim
1563 4163 1781 4232 requies
1803 4162 2089 4219 beatorum
2119 4166 2176 4219 in

597 4249 818 4305 Christo
840 4249 990 4305 Jesu.

668 4338 757 4394 17.
809 4339 951 4404 Quia
1012 4339 1152 4393 oculi
1204 4342 1306 4394 mei
1356 4358 1511 4412 super
1566 4360 1742 4401 omnes
1798 4347 1908 4400 vias
1966 4362 2170 4400 eorum.

2312 485 2426 547 θεὶς
2457 485 2641 539 οὐκέτι
2699 488 2795 542 σὺν
2827 491 2938 552 τοῖς
2987 489 3247 558 ἀνάλογον
3300 488 3508 560 ίχθύσιν
3562 492 3621 544 ἐν
3669 491 3888 565 ἁλμυρᾲ

2308 571 2482 641 διάγει
2514 575 2750 650 θαλάττῃ
2815 578 2955 632 κατὰ
3006 579 3097 644 τὸ,
3160 583 3262 646 Εὶς
3317 580 3433 647 τὴν
3463 580 3658 650 αὐτὴν
3681 585 3888 638 εἰκόνα

2301 670 2847 738 μεταμορφούμεθα,
2862 668 3124 738 καθάπερ
3149 672 3264 725 ἀπὸ
3293 674 3502 741 κυρίου
3527 674 3883 744 πνεύματοςο

2306 757 2703 829 ἀναδράμωμεν
2760 759 2814 813 δὲ
2870 760 3118 816 ἐντεῦθεν
3160 764 3257 835 τὴν
3294 765 3354 816 ὲν
3415 764 3565 836 ὄρεσι
3600 765 3889 833 ποιοῦντες

2303 847 2603 921 διατριόὴν,
2631 850 2832 923 δηλαδὴ
2852 854 2966 916 τοῖς
2983 853 3315 924 προφήταις.
3338 857 3431 908 καὶ
3452 855 3550 927 τὴν
3578 858 3637 910 ὲν
3670 857 3882 928 βουνοῖς

2302 941 2416 1004 τοῖς
2440 939 2685 1005 δικαίοις⁸
2726 942 2846 996 ὅθεν
2874 943 2980 997 ὑπὸ
3020 943 3213 998 ἀλιέων
3249 946 3347 1016 μὲν
3392 947 3580 1002 οὐκέτι
3607 949 3881 1021 λαμϐάνε-

2302 1047 2413 1095 ται,
2450 1031 2555 1083 ὑπὺ
2589 1031 2870 1104 θηρευτῶν
2898 1033 2954 1087 δὲ
2986 1034 3250 1103 ἀγγέλων,
3283 1037 3374 1107 ὑφ’
3402 1030 3476 1092 ὧν
3497 1040 3543 1091 εἰ
3571 1040 3653 1112 δεῖ
3677 1042 3884 1112 διάγειν

2301 1122 2359 1173 ὲν
2384 1121 2536 1192 ὄρεσι
2568 1122 2663 1177 καὶ
2697 1123 2925 1194 βουνοῖς.
2982 1127 3221 1181 Ἐκεῖθεν
3258 1128 3368 1199 γὰρ
3403 1129 3640 1203 θηρῶσιν
3665 1132 3884 1204 ἄγγελοι

2299 1212 2399 1276 τὰς
2421 1214 2487 1266 ὲκ
2510 1213 2603 1267 τοῦ
2639 1215 2891 1287 σώματος
2928 1220 3185 1283 τοιαύτας
3212 1219 3461 1287 ἐξιούσας
3519 1223 3714 1295 ψυχὰς,
3767 1228 3882 1282 ἀλλ’

2299 1304 2360 1356 οὐ
2386 1304 2486 1368 τὰς
2513 1306 2664 1359 κάτω
2689 1309 2967 1378 κειμένας.
3013 1310 3172 1364 Ὅθεν
3202 1313 3411 1368 ἀνιτέον
3466 1316 3546 1378 εἰς
3577 1315 3727 1387 ὅρος,
3754 1318 3883 1375 ἔνθα

2303 1393 2700 1468 μετεμορφώθη
2756 1399 2990 1469 Χριστὸς
3013 1439 3028 1462 ,
3088 1400 3214 1455 ἔνθα
3284 1404 3411 1466 τοὺς
3473 1403 3723 1477 μαθητὰς
3777 1409 3885 1463 ἐδί-

2298 1485 2464 1539 δασκε
2517 1483 2644 1551 τοὺς
2698 1492 3117 1561 μακαρισμοὺς,
3177 1493 3267 1547 ὅτε
3325 1494 3452 1559 τοὺς
3482 1494 3672 1565 ὔχλους
3709 1499 3883 1571 ἑωρά-

2299 1595 2493 1647 καμεν.

2374 1670 2456 1724 16.
2487 1674 2594 1727 Καὶ
2644 1673 2714 1726 ἐκ
2746 1673 2864 1728 τῶν
2900 1674 3238 1746 τρυμαλιῶν
3272 1676 3392 1731 τῶν
3437 1677 3689 1746 πετρῶν.
3718 1681 3879 1745 Τίνες

2298 1763 2362 1817 δὲ
2389 1763 2551 1819 πάλιν
2579 1767 2635 1818 αἰ
2659 1767 2960 1838 τρυμαλιαὶ
3014 1769 3122 1824 τῶν
3152 1772 3401 1843 πετρῶν;
3458 1773 3569 1830 Καὶ
3609 1774 3717 1828 άπὸ
3757 1775 3881 1830 τού-

2299 1873 2406 1910 των
2436 1856 2544 1929 γὰρ
2602 1856 2959 1931 θηρεύσουσιν
2993 1862 3231 1932 ἄγγελοι.
3264 1865 3359 1928 Εἰς
3402 1864 3540 1937 ὀπὴν
3563 1867 3742 1920 τοίνυν
3773 1867 3878 1920 πέ-

2299 1966 2435 2020 τρας
2464 1949 2629 2021 ἔθηκε
2651 1951 2745 2006 τὸν
2770 1953 3008 2026 Μωῦσῆν
3037 1955 3065 2006 6
3102 1955 3252 2020 Θεός·
3285 1952 3352 2027 ἧν
3382 1958 3438 2011 δὲ
3469 1956 3607 2028 αὕτη
3640 1959 3875 2028 Χριστὸς

2297 2041 2330 2109 ἡ
2359 2038 2456 2109 μία
2479 2041 2774 2121 τρυμαλιόα
2810 2044 2953 2097 κατὰ
2988 2045 3086 2114 μὲν
3108 2046 3207 2116 τὴν
3260 2047 3490 2119 θεότητα
3535 2048 3707 2121 πέτρα
3734 2067 3873 2122 χρη-

2304 2130 2565 2201 ματίζων,
2604 2132 2744 2186 κατὰ
2772 2133 2852 2197 τὸ,
2903 2133 2963 2189 Ἠ
2992 2132 3060 2187 δὲ
3113 2135 3298 2205 πέτρα
3327 2133 3405 2207 ἦν
3429 2139 3695 2206 Χριστός·
3731 2139 3873 2194 κατὰ

2297 2223 2353 2276 δὲ
2386 2223 2484 2295 τὴν
2516 2225 2829 2295 οἰκονομίαν
2859 2225 2989 2297 ὀπὴ,
3020 2225 3087 2279 δι’
3111 2222 3180 2300 ἦς
3217 2226 3284 2281 τὰ
3320 2227 3458 2298 μετὰ
3501 2227 3635 2282 Θεὸν
3657 2228 3877 2301 θεωρεῖ-

2295 2330 2408 2366 ται.
2450 2314 2516 2365 At
2550 2313 2743 2367 πολλαὶ
2771 2315 2827 2368 δὲ
2862 2315 3077 2388 πέτραι,
3123 2316 3251 2389 περὶ
3290 2310 3364 2371 ὧν
3414 2316 3512 2371 νῦν
3561 2320 3591 2372 6
3623 2319 3800 2388 λόγος,
3824 2320 3881 2375 οἵ

2295 2423 2354 2459 τε
2407 2407 2681 2478 προφῆται
2729 2407 2822 2460 καὶ
2872 2406 3180 2473 ἀπόστολοι,
3230 2410 3325 2462 καὶ
3374 2408 3635 2479 μειζόνως
3688 2413 3737 2464 oi
3775 2412 3877 2481 ἄγ-

2296 2497 2469 2569 γελοι,
2517 2498 2754 2570 μιμηταὶ
2804 2498 3138 2568 ὑπάρχοντες
3194 2498 3427 2571 Χριστοῦ
3453 2539 3467 2561 ,
3514 2500 3609 2554 καὶ
3660 2500 3876 2571 ἔχοντες

2296 2588 2437 2659 ὀπὴν
2474 2587 2540 2641 δι’
2574 2582 2643 2659 ἧς
2672 2591 3014 2641 κατανοεῖται
3052 2589 3121 2643 τά
3163 2589 3382 2643 ὀπίσθια
3421 2588 3515 2643 τοῦ
3554 2588 3710 2643 Θεοῦ.
3763 2590 3875 2644 Καὶ

2292 2678 2526 2743 ἕκαστος
2554 2678 2610 2732 δὲ
2635 2678 2703 2731 δι’
2724 2673 2798 2738 ὧν
2822 2678 2969 2747 λέγει
3017 2681 3148 2751 περὶ
3182 2679 3343 2745 Θεοῦ,
3380 2681 3563 2752 νόησιν
3592 2680 3874 2752 ἐμποιούν-

2292 2787 2401 2823 των
2428 2770 2615 2834 αὐτοῦ,
2651 2774 2795 2825 ποιεῖ
2820 2773 2878 2825 ὲν
2912 2771 3089 2843 ἑαυτῷ
3112 2772 3250 2845 ὀπὴν
3287 2773 3383 2828 τοῦ
3431 2773 3668 2828 νοεῖσθαι
3715 2773 3867 2829 Θεόν·

2292 2860 2460 2931 ἤγουν
2484 2861 2572 2915 διὰ
2596 2862 2695 2933 μὲν
2721 2862 2999 2927 Μωῦσὲως
3040 2863 3133 2917 τὸν
3183 2864 3369 2935 νόμον,
3407 2864 3497 2919 διὰ
3542 2864 3599 2918 δὲ
3647 2864 3866 2920 Ἡσαΐου

2290 2952 2391 3021 τὴν
2412 2954 2748 3024 προφητείαν
2772 2954 3021 3025 νοοῦμεν,
3057 2955 3124 3007 δι’
3153 2955 3312 3010 ἄλλου
3340 2956 3397 3011 δὲ
3442 2955 3572 3010 ἄλλο
3596 2973 3668 3009 τι.
3712 2958 3868 3010 Ἔστι

2291 3042 2348 3096 δὲ
2373 3044 2466 3097 καὶ
2516 3045 2604 3097 ἐπ’
2628 3045 2861 3115 ἀγγέλου
2908 3046 3194 3111 λαλοῦντος
3256 3049 3565 3118 ἱστάμενον,
3603 3047 3745 3102 κατὰ
3780 3048 3861 3110 τὸ,

2294 3137 2571 3205 Ἄγγελος
2621 3139 2655 3189 ὀ
2693 3137 2902 3191 λαλῶν
2933 3139 3004 3192 ἐν
3049 3139 3200 3208 ἐμοὶ,
3248 3141 3325 3203 ὡς
3367 3139 3476 3192 ἀπὸ
3518 3141 3724 3211 πέτρας
3771 3139 3865 3193 καὶ

2287 3227 2428 3298 ὀπῆς
2449 3227 2756 3296 άγγελικῶς
2798 3229 2924 3283 ἰδεῖν
2969 3228 3062 3282 τὸν
3091 3230 3243 3296 Θεὸν,
3295 3229 3468 3294 οὕτως
3505 3231 3597 3284 ἐπὶ
3643 3230 3743 3300 τῆς
3765 3229 3861 3301 βά-

2286 3334 2380 3370 του
2428 3317 2658 3386 άγγελος
2715 3317 2817 3389 μὲν
2854 3321 2884 3372 6
2918 3320 3127 3388 φανεὶς,
3158 3318 3272 3373 ἀλλ’
3312 3321 3341 3373 6
3387 3321 3446 3373 ἐν
3499 3319 3648 3392 αὐτῷ
3675 3336 3857 3392 φησιν⁹

2298 3410 2440 3479 Ἐγὼ
2498 3411 2642 3477 Θεὸς
2710 3411 2975 3482 Ἀϐραάμ.
3055 3414 3214 3469 Ἀλλὰ
3270 3415 3380 3469 τῶν
3435 3415 3715 3487 θηρευτῶν
3760 3414 3859 3487 τὴν

2286 3502 2469 3573 ἄφιξιν
2506 3503 2849 3572 ἀγνοοῦντες,
2880 3504 2954 3577 μὴ
2979 3504 3307 3578 καταϐῶμεν
3357 3507 3466 3560 ἀπὸ
3489 3505 3600 3561 τῶν
3634 3504 3860 3578 εἰρημέ-

2283 3612 2411 3648 νων.
2457 3594 2547 3666 Τῷ
2570 3594 2680 3667 γὰρ
2717 3594 2822 3662 ἔξω
2861 3596 3183 3666 τυγχάνοντι
3232 3596 3448 3666 λέγεται
3489 3596 3575 3650 τό⁸
3613 3598 3860 3665 Ἀφρον,

2282 3689 2467 3757 ταύτῃ
2494 3685 2569 3756 τῇ
2597 3688 2770 3741 νυκτὶ
2810 3687 2926 3755 τὴν
2977 3686 3189 3756 ’ψυχήν
3213 3704 3330 3742 σου
3361 3686 3720 3743 ἀπαιτοῦσιν
3740 3684 3863 3741 ἀπὸ

2282 3779 2419 3834 σοῦ’
2457 3778 2495 3833 d
2523 3778 2593 3832 δὲ
2636 3779 2987 3848 ἡτοίμασας,
3014 3782 3129 3834 τίνι
3185 3781 3393 3845 ἕσται;
3443 3781 3530 3844 Ὠς
3559 3779 3668 3853 γὰρ
3709 3779 3864 3833 κάτω

2283 3871 2534 3941 κείμενος
2581 3869 2784 3938 ἔλεγεν
2847 3870 3042 3938 Ἔχεις
3097 3869 3287 3941 ἀγαθὰ
3351 3871 3592 3940 κείμενα
3635 3872 3723 3936 εἰς
3773 3867 3864 3922 ἔτι

2281 3962 2502 4028 πολλὰ,
2551 3963 2609 4014 ὲν
2662 3961 2730 4031 τῇ
2783 3960 2891 4014 τῶν
2951 3959 3172 4029 ἀγαθῶν
3239 3959 3592 4031 πλανώμενος
3658 3961 3858 4032 κρίσει.

2293 4054 2507 4124 Ἥγνόει
2528 4053 2658 4124 γὰρ,
2686 4055 2768 4107 ὅτι
2786 4053 2856 4107 τὰ
2879 4052 3046 4116 ὅντως
3084 4051 3264 4120 άγαθὰ
3304 4053 3402 4104 οὐκ
3436 4053 3495 4116 ὲν
3527 4054 3593 4124 τῇ
3617 4068 3865 4123 κατηρα-

2288 4146 2427 4217 μένῃ
2462 4148 2554 4216 γῇ,
2600 4144 2716 4198 ἀλλ’
2746 4145 2803 4198 ἐν
2829 4142 3062 4218 οὐρανῷ.
3102 4144 3191 4197 Ἐν
3220 4141 3396 4214 τούτῳ
3427 4143 3537 4215 γὰρ
3562 4146 3596 4215 ἠ
3620 4142 3727 4197 τῶν
3750 4160 3859 4213 μα-

2281 4237 2487 4308 καρίων
2515 4236 2820 4300 ἀνάπαυσις
2844 4237 2901 4289 ἐν
2935 4228 3158 4305 Χριστῷ
3192 4233 3388 4305 Ἰησοῦ.

2348 4327 2436 4381 47.
2469 4328 2588 4379 Ὅτι
2621 4329 2675 4381 ol
2703 4325 3003 4396 ὀφθαλμοί
3032 4343 3152 4394 μου
3186 4326 3283 4380 ἐπὶ
3315 4325 3517 4393 πάσας
3539 4325 3650 4392 τὰς
3680 4324 3858 4391 ὀδοὺς

578 4431 643 4479 ,³³
669 4430 844 4502 Super
892 4430 1205 4500 hujusmodi
1253 4431 1536 4488 hominum
1579 4437 1696 4491 vias
1741 4438 1886 4493 oculi
1916 4436 2169 4504 Domini;

2294 4416 2493 4473 κὺτῶν.
2532 4417 2652 4471 Τῶν
2684 4417 2742 4470 δὲ
2775 4418 3031 4471 τοιούτων
3056 4419 3150 4471 ἐπὶ
3204 4418 3301 4482 τὰς
3325 4417 3475 4481 ὁδοὺς
3515 4418 3563 4470 οἱ
3589 4414 3857 4486 ὀφθαλμοὶ

584 4538 707 4583 non
757 4523 902 4578 enim
943 4521 1013 4576 ab
1057 4520 1177 4589 ipso
1219 4519 1664 4591 abscondantur,
1708 4526 2168 4595 quemadmodum

578 4616 772 4683 .pravi,
815 4616 961 4671 sicut
1009 4615 1062 4668 in
1114 4612 1368 4684 paradiso
1422 4613 1616 4668 Adam.
1680 4613 1816 4670 Nam
1867 4617 2169 4673 secundum

598 4708 903 4774 apostolum
928 4708 994 4774 ⁸³,
1013 4708 1061 4760 si
1085 4705 1409 4760 conscientia
1436 4721 1535 4759 non
1564 4706 1783 4761 damnat
1812 4724 1928 4775 nos,
1947 4707 2169 4765 liberta-

599 4807 701 4850 tem
735 4797 981 4854 habemus
1015 4800 1084 4852 ad
1107 4798 1297 4853 Deum.

586 5039 591 5043 η
665 4971 832 5043 298
870 4973 958 5028 19.
993 4974 1166 5039 Quam
1209 4974 1354 5046 falsa
1396 4976 1738 5047 possederunt
1789 4987 1967 5046 patres
1998 4980 2172 5033 nostri

595 5060 761 5118 idola.
792 5065 839 5097 ⁵⁵
862 5064 1018 5119 Falsa
1069 5076 1247 5121 autem
1297 5067 1440 5121 idola
1482 5076 1638 5123 vocat
1689 5067 1742 5122 id
1782 5070 1928 5138 quod
1967 5079 2052 5126 est
2086 5070 2171 5125 di-

2278 4509 2370 4563 τοῦ
2406 4509 2631 4579 Κυρίουο
2663 4509 2724 4560 οὐ
2751 4506 3080 4577 κρύπτονται
3109 4509 3216 4577 γὰρ
3271 4508 3365 4561 ἀπ’
3403 4505 3856 4575 αὐτοῦ,καθάπερ

2277 4604 2325 4655 οἱ
2362 4599 2575 4669 φαῦλοι,
2624 4599 2874 4670 καθάπερ
2919 4600 3089 4672 Ἀδὰμ
3140 4602 3197 4654 ὲν
3231 4601 3307 4672 τῷ
3331 4599 3661 4672 παραδείσῳ.
3696 4596 3857 4653 Κατὰ
3910 4642 3913 4643 ν

2277 4693 2387 4763 γὰρ
2409 4692 2500 4745 τὸν
2537 4691 2877 4754 ’Λπόστολον,
2922 4692 3056 4747 Ἐὰν
3096 4694 3182 4763 μὴ
3226 4695 3265 4762 ἡ
3295 4692 3650 4760 συνείδησις
3677 4707 3857 4746 κατα-

2276 4782 2542 4855 γινώσκῃ
2613 4783 2814 4852 ἡμῶν,
2872 4785 3220 4852 πφρησίαν
3265 4784 3487 4853 ἔχομεν
3542 4781 3693 4852 πρὸς
3746 4782 3857 4837 τὸν

2278 4878 2445 4932 Θεόν.

2342 4969 2428 5024 19.
2486 4969 2583 5035 Ὠς
2630 4966 2829 5038 ψευδῆ
2883 4966 3222 5031 ἐκτήσαντο
3289 4969 3344 5021 οἱ
3394 4967 3644 5035 πατέρες
3684 4965 3857 5036 ἡμῶν

2268 5059 2506 5116 εἴδωλα.
2533 5060 2718 5131 Ψευδῆ
2751 5058 2807 5114 δὲ
2859 5058 3057 5113 εἴδωλά
3109 5076 3242 5138 (gnat
3301 5059 3361 5113 τὸ
3406 5058 3467 5112 ὃν
3499 5058 3695 5127 λέγων,
3734 5056 3852 5109 ἀλλ’

592 5172 756 5212 cens:
782 5172 890 5211 non
915 5158 1069 5225 quasi
1095 5156 1231 5212 falsa
1257 5158 1368 5213 sint
1393 5158 1460 5212 ad
1483 5159 1922 5229 distinguendum
1949 5160 2017 5215 ab
2046 5161 2171 5217 aliis

2294 5154 2366 5224 ιύχ
2394 5153 2470 5217 ὡς
2496 5151 2751 5223 ἀληθέσιν
2799 5151 3017 5206 ἐναντία
3044 5149 3368 5205 διαστέλλων
3418 5150 3644 5227 ἑτέροις.
3701 5149 3855 5202 ﬂeta?

593 5249 753 5304 veris.
797 5247 949 5303 Facit
990 5264 1120 5304 vero
1164 5250 1296 5303 deos
1340 5264 1448 5304 non
1501 5250 1677 5305 solum
1707 5249 1804 5320 qui
1832 5258 2042 5306 statuas
2081 5251 2167 5307 fa-

591 5337 785 5405 bricat,
830 5338 923 5394 sed
967 5339 1129 5392 etiam
1167 5339 1260 5408 qui
1305 5337 1439 5393 falsa
1465 5339 1719 5410 dogmata
1748 5339 1850 5395 sibi
1878 5342 2162 5408 conﬁnxit,

588 5436 642 5483 et
672 5439 931 5502 tanquam
961 5446 1092 5485 vera
1123 5430 1315 5485 adorat
1348 5431 1516 5485 animi
1547 5432 1824 5502 ﬁgmenta.

657 5698 707 5773 ‘_'_
734 5699 783 5773 ili
807 5702 933 5773 cur.
958 5718 1037 5773 tu,
1066 5703 1151 5773 ‘18.
1231 5702 1275 5773 εί
1316 5704 1503 5773 homil.
1532 5706 1617 5760 16.
1733 5708 1775 5740 ⁸⁷
1814 5708 1983 5763 [(Zor.
2023 5727 2075 5773 κ,
2112 5712 2162 5765 4.

2270 5245 2327 5299 δὲ
2357 5244 2532 5315 ἐαυτῷ
2564 5243 2720 5308 θεοὺς
2751 5244 2812 5298 οὐ
2850 5243 3008 5316 μόνον
3040 5244 3068 5296 6
3093 5242 3511 5308 κατασκευάζων
3538 5242 3850 5315 ἀγάλματα,

2273 5335 2408 5389 ἀλλὰ
2458 5335 2552 5388 καὶ
2602 5336 2631 5388 6
2677 5333 2847 5404 ψευδῆ
2899 5332 3143 5404 δόγματα
3192 5329 3370 5401 ἑαυτῷ
3417 5332 3849 5403 συστησάμενος,

2272 5427 2368 5480 καὶ
2425 5426 2502 5488 ὡς
2563 5424 2736 5497 ἀληθῆ
2799 5423 3120 5497 προσκυνῶν
3199 5421 3268 5476 τὰ
3328 5423 3427 5493 τῆς
3487 5421 3665 5494 ψυχῆς
3718 5422 3852 5476 ἀνα-

2273 5517 2583 5588 πλάσματα.

3377 5706 3423 5741 ⁵⁸
3457 5704 3590 5763 Luc.
3626 5719 3727 5769 an,
3753 5703 3849 5761 ιο.

2278 5711 2321 5743 ⁸⁸
2348 5710 2512 5766 Zach.
2553 5726 2611 5777 ll,
2642 5710 2694 5764 5.
2817 5710 2858 5742 ⁸³
2899 5707 3068 5763 Exod.
3105 5724 3186 5776 nt,
3225 5706 3278 5763 ϐ.

585 5765 632 5800 ⁸¹
674 5769 803 5825 ibid.
849 5770 930 5824 l9.
1025 5772 1068 5802 "
1111 5771 1295 5825 hutnil.
1336 5772 1425 5831 16.
1497 5775 1543 5805 ⁵³
1580 5774 1787 5832 lJoan.
1816 5794 1894 5848 tu,
1927 5779 2017 5836 21.
2064 5765 2140 5813 ’⁸³
2176 5782 2324 5838 hom.
2366 5765 2451 5836 16.
