4218 6292
388 261 499 317 ως

1045 382 1202 435 ΚΕΦ.
1233 381 1333 435 ΙΖ’.

469 474 525 530 5.
558 472 822 540 Στηρίξει
859 471 928 524 δὲ
990 471 1106 538 τὴν
1152 471 1351 541 σάρκα
1376 474 1707 542 ,βραχίονος
1759 474 1967 528 αὐτοῦ.

406 564 472 618 '0
496 561 634 618 κατά
653 562 830 632 σάρκα
862 562 1292 633 στρατευόμενος
1322 565 1417 617 καὶ
1470 565 1527 617 ὲν
1583 565 1746 636 σαρκὶ
1783 581 1972 618 πεποι-

400 653 531 720 θώς.
576 653 632 707 ⁸0
664 652 772 723 γάρ
801 653 958 720 ἅγιος
1000 653 1230 708 πάντοτε
1269 655 1368 726 τὴν
1420 656 1691 727 νέκρωσιν
1723 655 1817 708 τοῦ
1865 656 1970 724 ἰη-

400 743 496 800 σοῢ
536 746 593 797 ἐν
622 742 701 814 τῷ
732 742 946 814 σώματι
987 743 1154 797 αὑτοῦ
1206 744 1339 816 ἔχει,
1376 746 1585 816 νεκρῶν
1634 745 1702 798 τὰ
1738 744 1870 816 μέλη
1904 744 1975 798 τὰ

399 837 488 890 ἐπὶ
517 838 615 907 τῆς
641 833 771 905 γῆς.

374 946 385 957 “
465 948 548 1002 Η.
593 948 907 1017 Ἐφὼνησε
937 947 1168 1018 πέρδιξ.
1224 951 1312 1003 Ἐν
1364 953 1428 1023 τῇ
1466 952 1594 1024 περὶ
1646 949 1801 1015 ζώων
1829 955 1973 1005 ίστο-

395 1035 486 1108 9i;
516 1036 739 1106 λέγεται
773 1036 1212 1107 κακοηθέστατος
1240 1034 1379 1092 εἶναι
1406 1041 1436 1091 ό
1469 1036 1675 1109 πέρδιξ.
1694 1038 1831 1110 Περὶ⁹
1849 1038 1975 1101 τοὺς

393 1127 563 1191 πόδας
618 1126 728 1199 γὰρ
782 1128 1147 1201 στρεφόμενος
1174 1130 1268 1184 τοῦ
1325 1130 1669 1202 θηρεύοντος,
1730 1131 1826 1183 καὶ
1878 1130 1974 1183 τοῦ

387 1218 554 1274 ἀλοῦν
584 1220 775 1273 ἐλπίδα
802 1220 1004 1286 διδοὺς,
1037 1222 1264 1291 ἀποσπᾷ
1293 1222 1392 1291 τῆς
1426 1221 1619 1285 καλιᾶς
1643 1220 1852 1275 ἑαυτόν·
1883 1223 1977 1276 καὶ

388 1312 520 1364 ὅταν
562 1311 890 1382 στοχάζηται
913 1312 1260 1381 πεφευγότας
1289 1313 1416 1376 τοὺς
1433 1305 1720 1377 νεοσσοὺς,
1748 1314 1841 1367 καὶ
1879 1315 1978 1368 αὐ-

389 1400 486 1466 τὸς
509 1402 791 1469 αἰφνιδίως
818 1402 1143 1470 ἀφίπταται.
1206 1403 1363 1456 Ἔστι
1404 1403 1462 1456 δὲ
1518 1405 1612 1457 καὶ
1645 1403 1972 1475 ἀκάθαρτον,

391 1491 535 1546 ὥστε
564 1493 690 1556 τοὺς
724 1492 1054 1564 θηρεύοντας
1093 1496 1421 1564 μονομαχεῖν
1446 1492 1692 1565 ἀλλήλοις
1722 1496 1853 1565 περὶ
1877 1495 1976 1564 τῆς

394 1583 615 1654 μίξεως,
649 1585 746 1637 καὶ
787 1584 994 1655 ἄρρενα
1026 1583 1165 1654 μετά
1217 1585 1373 1656 νίκην
1403 1584 1705 1639 ἐπιϐαίνειν
1743 1584 1838 1641 τοῦ
1878 1586 1977 1656 ἄῤ-

391 1677 564 1745 ρενος.
614 1674 834 1740 Ἀσεὸὲς
863 1675 972 1747 ἀρα
999 1675 1059 1729 τὸ
1102 1676 1343 1729 τοιοῦτον
1371 1674 1508 1740 ζῶον
1535 1677 1629 1730 ἐπὶ
1652 1675 1747 1729 τοῦ
1785 1675 1975 1745 Σωτῆ-

1596 261 1905 316 SEI.ECTA
1943 260 2011 315 ΙΝ
2048 259 2415 315 JEREMIAM.

2007 389 2055 443 Α

3549 255 3652 312 565

2647 377 2876 432 CAPUT
2926 374 3087 431 XVII.

2148 473 2201 528 5.
2248 472 2514 527 Firmabit
2545 482 2721 526 autent
2752 488 2964 525 carnem
2998 468 3201 524 brachii
3230 469 3333 522 sui.
3369 468 3413 500 ⁵⁸
3435 468 3539 535 Qui
3570 488 3657 525 se-

2077 565 2319 618 cundum
2362 578 2583 619 carnem
2617 563 2834 630 militat,
2866 562 3002 618 etin
3034 575 3200 615 carne
3225 559 3469 614 conlidit.
3514 561 3649 615 San-

2077 665 2196 709 ctus
2227 654 2373 708 enim
2415 669 2633 725 semper
2662 653 2790 709 Jesu
2825 649 3296 706 mortiﬁcationem
3338 648 3391 703 in
3426 665 3656 720 corpore

2077 761 2179 800 suo
2225 753 2407 815 portat
2480 746 2725 801 membra
2771 743 3106 799 mortiticans
3151 756 3274 812 qua:
3322 751 3454 796 sunt
3491 757 3656 811 super

2077 841 2298 886 terram.

2149 945 2235 999 Η.
2280 943 2552 999 Clamavit
2602 944 2808 1013 perdix.
2865 943 2912 980 ⁸⁸
2930 943 3009 998 Ex
3059 939 3287 995 historia
3333 937 3658 993 animalium

2078 1038 2412 1108 accepimus,
2462 1037 2737 1107 perdicem
2784 1033 3039 1106 pessimis
3076 1047 3201 1089 esse
3246 1029 3514 1086 moribus.
3563 1028 3659 1086 Et-

2076 1129 2223 1182 enim
2265 1129 2333 1183 ad
2372 1128 2648 1183 venatoris
2675 1127 2841 1198 pedes
2866 1140 2925 1182 se
2951 1124 3223 1190 volutans,
3251 1132 3307 1177 et
3334 1137 3485 1192 spem
3516 1121 3659 1179 dans

2081 1219 2199 1273 fore
2237 1228 2292 1274 ut
2335 1219 2605 1289 capiatur,
2626 1232 2685 1274 se
2702 1218 2770 1273 de
2802 1217 2932 1271 nido
2956 1215 3232 1281 subducit,
3247 1223 3302 1270 et
3326 1229 3450 1270 cum
3481 1213 3659 1283 pullos

2073 1313 2186 1382 jam
2247 1312 2530 1383 aufugisse
2589 1309 2999 1381 conjectaverit,
3034 1308 3152 1377 ipsa
3207 1307 3372 1381 etiam
3437 1316 3655 1376 repente

2078 1403 2277 1458 avolat.
2308 1402 2401 1458 Est
2426 1403 2590 1457 etiam
2616 1401 2887 1471 impurus,
2919 1398 2993 1453 ita
3027 1406 3112 1463 ut,
3134 1399 3228 1468 qui
3255 1400 3473 1454 czelibes
3502 1406 3651 1462 sunt,

2077 1511 2309 1566 pugnam
2362 1496 2505 1551 inter
2551 1510 2610 1550 se
2657 1500 2953 1549 conserant
3005 1500 3066 1547 ut
3117 1493 3404 1557 incubent,
3444 1501 3500 1547 et
3529 1507 3650 1546 mas

2077 1586 2173 1655 qui
2201 1586 2378 1641 victus
2423 1585 2478 1639 in
2512 1601 2690 1655 pugna
2723 1585 2908 1651 fuerit,
2941 1583 3166 1640 victoris
3199 1597 3449 1637 venerem
3484 1582 3665 1652 patiao

2077 1682 2189 1729 tur.
2241 1675 2472 1745 lmpium
2529 1675 2713 1747 itaque
2754 1685 2838 1732 est
2869 1677 2974 1732 tale
3005 1675 3210 1731 animal
3242 1673 3310 1729 ad
3337 1674 3657 1745 signiﬁcan-

391 1728 484 1837 ρος
514 1728 976 1837 μετα).α6εῖν,καὶ
1000 1766 1234 1838 μάλιστα
1260 1728 1350 1820 διὰ
1372 1728 1470 1838 τὴν
1491 1728 1786 1840 εἰρημένην
1807 1728 1970 1837 ἐγκα-

2075 1766 2206 1822 dum
2239 1728 2576 1821 Salrvatorem
2624 1728 2874 1838 intelligi,
2925 1783 3101 1838 eoque
3134 1766 3309 1838 magis
3352 1768 3657 1837 praesertim

388 1857 632 1929 τάλειψίν
658 1875 718 1911 τε
753 1856 849 1911 καὶ
888 1858 1221 1930 ἀφροσύνην.
1260 1859 1394 1930 Περὶ
1429 1857 1525 1912 τοῦ
1580 1859 1827 1913 διαϐόλου
1862 1860 1976 1913 τοί-

386 1967 483 2004 νυν
508 1949 538 2000 ό
580 1947 758 2016 λόγος,
794 1947 947 2001 ούτά
986 1948 1092 2002 ίδια
1139 1948 1465 2017 συνάγοντος
1523 1949 1817 2020 κτίσματα,
1866 1950 1974 2003 ἴδια

385 2038 444 2093 δὲ
472 2039 798 2109 ποιουμένου
826 2039 893 2093 ea
917 2038 1011 2093 τοῦ
1048 2039 1205 2093 Θεοῦ·
1239 2043 1406 2109 φωνεῖ
1433 2040 1493 2093 δὲ
1538 2038 1627 2094 διὰ
1657 2039 1768 2094 τῶν
1788 2042 1972 2113 ἑτερο-

386 2128 579 2195 δόξων,
615 2122 691 2181 ὧν
717 2127 895 2191 οὐδεὶς
929 2127 1159 2197 ἠδύνατο
1188 2126 1388 2196 λέγειν·
1426 2128 1505 2182 Τὰ
1544 2128 1657 2198 ἐμὰ
1710 2130 1975 2197 πρόϐατα

382 2216 497 2286 τῆς
550 2219 701 2289 ἐμῆς
752 2217 954 2287 φωνῆς
1000 2219 1228 2273 ἀκούει.
1288 2219 1429 2273 Ἀλλ’
1465 2215 1534 2290 ἦν
1587 2221 1621 2290 ἡ
1672 2221 1823 2292 φωνὴ
1875 2221 1971 2275 τοῦ

398 2294 576 2379 Ἰησοῦ
608 2311 668 2364 ὲν
692 2308 884 2379 Πέτρῳ
935 2308 1030 2362 καὶ
1058 2308 1279 2379 Παύλῳ.
1314 2309 1405 2362 Διὸ
1434 2309 1528 2362 καί
1559 2325 1744 2381 φησιν·
1776 2313 1848 2365 Et
1880 2310 1974 2364 δο-

386 2398 573 2467 κιμὴν
602 2397 824 2468 ζητεῖτε
850 2400 959 2454 τοῦ
989 2400 1061 2454 ἐν
1109 2400 1240 2469 ἐμοὶ
1284 2399 1626 2468 λαλοῦντος
1674 2401 1971 2470 Χριστοῦ;

402 2490 733 2563 Ἐπλούτησε
857 2491 886 2543 ό
913 2490 1120 2563 πέρδιξ,
1151 2492 1246 2546 καὶ
1276 2492 1472 2546 πολλαὶ
1501 2492 1610 2547 τῶν
1643 2493 1970 2566 άδιακρίτων
2003 2539 2005 2542 ‹

385 2581 537 2653 αὐτῷ
570 2581 875 2654 ἀνθρώπων
936 2581 1195 2654 μυριάδες
1227 2582 1495 2650 ἐγένοντο·
1538 2583 1607 2646 ἃς
1644 2584 1700 2638 δὲ
1737 2586 1972 2656 συνήγα-

385 2690 503 2741 γεν,
539 2675 600 2728 οὐ
629 2674 865 2746 κρίσεως
898 2673 1200 2746 μεριμνῶν,
1240 2674 1361 2727 οὐδὲ
1394 2676 1576 2747 κρίσιν
1627 2675 1785 2746 ἔχων,
1815 2676 1972 2749 ἀκρί-

387 2783 495 2829 τως
526 2766 584 2819 δὲ
618 2767 897 2836 πράττων.
939 2766 997 2818 ὐ
1017 2765 1074 2818 δὲ
1106 2765 1201 2818 τοῦ
1253 2766 1491 2837 Χριστοῦ
1524 2766 1754 2832 πλοῦτος
1785 2786 1972 2838 κεκρι-

388 2856 548 2927 μένος
576 2856 922 2929 ὲξὴλεγκται·
953 2857 1005 2910 οἳ
1048 2857 1142 2911 καὶ
1173 2857 1232 2910 ὲν
1262 2857 1451 2928 ἡμίσει
1493 2857 1602 2912 τῶν
1624 2859 1847 2931 ἡμερῶν
1875 2858 1969 2914 τοῦ

388 2948 645 3019 πέρδικος
678 2948 1040 3017 ἐγκατέλιπον
1092 2947 1278 3011 αὑτὸν,
1312 2948 1402 3001 ὅτε
1449 2949 1683 3013 ἐξείλετο
1707 2951 1854 3022 ἡμᾶς
1902 2953 1969 3005 ὲκ

2074 1866 2296 1928 propter
2343 1858 2544 1913 dictam
2580 1859 3021 1922 derelictionem,
3055 1867 3111 1914 et
3153 1858 3543 1927 insipientiam.
3580 1857 3659 1913 De

2074 1950 2297 2005 diabolo
2349 1950 2514 2020 igitur
2560 1966 2742 2006 sermo
2786 1960 2890 2017 est,
2927 1959 3208 2006 creaturas
3243 1951 3517 2006 adunante
3545 1966 3657 2005 non

2074 2057 2227 2108 suas,
2260 2050 2317 2096 et
2357 2057 2422 2097 ea
2466 2058 2590 2112 quae
2619 2050 2748 2098 sunt
2777 2043 2895 2106 Dei,
2931 2042 3036 2096 sibi
3072 2041 3408 2097 viudicante.
3450 2044 3659 2098 Avocat

2072 2146 2203 2185 vero
2226 2147 2324 2201 per
2347 2148 2444 2188 eos
2473 2132 2567 2202 qui
2604 2146 2712 2185 non
2747 2140 2891 2186 recte
2916 2131 3180 2197 sentiunt,
3211 2144 3445 2200 quorum
3473 2131 3660 2187 nullus

2072 2221 2255 2278 dicere
2286 2231 2500 2292 poterat
2520 2224 2564 2255 "
2591 2241 2605 2277 :
2633 2222 2765 2278 Oves
2810 2238 2939 2276 mea:
2983 2238 3159 2276 vocem
3202 2237 3374 2276 meam
3403 2223 3653 2279 audiunt.

2071 2315 2143 2368 At
2172 2328 2279 2369 vox
2304 2313 2430 2370 Jesu
2468 2317 2521 2369 in
2549 2314 2710 2371 Petro
2739 2325 2794 2370 et
2823 2314 3162 2370 Paulo/erat.
3191 2313 3374 2382 Quare
3400 2324 3457 2371 et
3478 2317 3554 2371 ait
3576 2316 3653 2370 “z

2074 2402 2159 2456 An
2195 2405 2612 2473 experimentum
2647 2404 2891 2475 queritis
2926 2404 3076 2460 illius
3103 2406 3195 2476 qui
3223 2407 3276 2461 in
3316 2423 3396 2460 me
3420 2407 3659 2479 loquitur

2072 2491 2316 2549 Christi?
2360 2494 2520 2552 Dives
2551 2512 2685 2552 vero
2715 2497 2858 2553 facta
2889 2505 2976 2553 est
3005 2496 3218 2567 perdix,
3251 2506 3307 2552 et
3335 2498 3519 2553 multae
3551 2499 3657 2569 ipsi

2072 2582 2362 2639 hominum
2401 2587 2673 2659 myriades
2704 2588 2825 2644 sine
2851 2588 3067 2658 judicio
3103 2589 3470 2652 adhaeserunt,
3517 2608 3662 2660 quas

2070 2675 2230 2744 plane
2261 2676 2487 2747 colligit,
2514 2679 2651 2733 nihil
2675 2679 2744 2735 de
2768 2678 2979 2749 judicio
3010 2681 3282 2753 cogitans,
3316 2697 3417 2736 nec
3442 2681 3657 2752 judicio

2070 2774 2252 2832 utens,
2295 2767 2388 2821 sed
2424 2766 2543 2822 sine
2580 2767 2788 2837 judicio
2828 2783 3010 2838 agens.
3050 2768 3264 2825 Divitiae
3292 2784 3422 2824 vero
3450 2770 3655 2826 Christi

2071 2872 2197 2912 cum
2233 2858 2444 2928 judicio
2472 2859 2717 2915 collectae
2745 2871 3134 2931 apparuerunt.
3169 2861 3273 2929 Qui
3308 2872 3363 2917 et
3407 2862 3458 2916 in
3489 2862 3654 2917 dimi-

2070 2950 2164 3005 dio
2199 2950 2410 3006 dierum
2462 2953 2697 3022 perdicis
2740 2953 3153 3024 dereliquerunt
3193 2969 3318 3009 eum
3341 2994 3356 3019 ,
3388 2970 3512 3009 cum
3552 2969 3657 3012 nos

380 3040 478 3093 τοῦ
509 3039 803 3103 ἐνεστῶτος
837 3039 1074 3112 πονηροῦ
1126 3038 1322 3105 αἰῶνος
1346 3040 1585 3111 Χριστὸς
1629 3042 1860 3113 Ἰησοῦς,
1906 3045 1965 3098 ἐν

2070 3041 2326 3098 Christus
2350 3041 2512 3099 Jesus
2548 3059 2613 3098 ex
2648 3045 2902 3115 praesenti
2948 3059 3118 3116 pravo
3156 3047 3358 3102 saeculo
3391 3046 3554 3113 eruit,
3595 3047 3659 3103 iu

380 3122 429 3197 ᾧ
459 3130 616 3184 αίῶνι
643 3131 789 3202 μόνῳ
827 3130 922 3187 τοῦ
970 3131 1227 3205 πέρδικός
1256 3135 1394 3187 εἰσιν
1447 3137 1505 3188 αι
1549 3135 1755 3207 ἡμέραι
1802 3136 1870 3201 ἃς
1900 3136 1966 3210 δὴ

2070 3147 2179 3202 quo
2204 3142 2385 3188 tamen
2415 3133 2532 3189 dies
2562 3149 2697 3191 suos
2723 3135 2891 3191 habet
2918 3137 3103 3206 perdix
3128 3155 3143 3199 ς
3178 3138 3381 3208 quibus
3405 3139 3653 3195 nondum

381 3224 517 3293 πρὶν
546 3221 918 3294 πληρωθῆναι,
950 3223 1138 3279 τοῦτον
1184 3224 1633 3298 ὲγκατελίπομεν·
1663 3229 1745 3282 διό
1778 3245 1960 3301 φησιν’

395 3313 502 3368 Ἐν
529 3314 737 3383 ἡμίσει
784 3313 903 3369 τῶν
957 3314 1195 3385 ἡμερῶν
1232 3317 1440 3383 αὐτοῦ,
1474 3317 1679 3384 αἵτινές
1739 3322 1877 3374 εἰσιν
1907 3322 1964 3375 αἱ

380 3405 477 3458 τοῦ
512 3406 786 3474 παρόντος
823 3405 1021 3471 αἰῶνος
1050 3407 1278 3479 ἡμέραι·
1310 3410 1407 3463 καὶ
1460 3410 1534 3482 μὴ
1576 3410 1651 3465 ὢν
1683 3411 1805 3466 καθ’
1839 3412 1967 3465 έαυ-

379 3498 471 3552 τὸν
505 3500 789 3571 φρόνιμος,
817 3498 931 3553 ἀλλ’
983 3502 1117 3571 ἡμῖν
1168 3504 1282 3566 τοῖς
1337 3503 1711 3575 ἡπατημένοις
1767 3505 1962 3559 δοκῶν.

380 3590 474 3644 Διὸ
521 3592 615 3646 καὶ
670 3591 1081 3664 φρονιμώτατος
1133 3592 1348 3665 εἴρηται
1378 3592 1487 3648 τῶν
1533 3594 1736 3666 θηρίων
1764 3598 1793 3649 ό
1819 3595 1960 3665 δφις·

378 3682 469 3736 ὅτε
493 3683 553 3737 δὲ
579 3682 766 3737 τοῦτον
788 3681 1242 3755 ὲγκατελίπομεν,
1273 3684 1499 3748 εἰκότως
1555 3685 1746 3757 ἄφρων
1802 3687 1965 3757 ἠλέγ-

378 3793 525 3847 χετο.

456 3889 543 3944 12.
595 3890 817 3958 Θρόνος
847 3891 1033 3960 δόξης
1089 3892 1407 3961 ὐψιυμένος
1453 3894 1718 3963 ἀγίασμα
1773 3893 1959 3961 ἡμῶν.

383 3980 446 4033 Ὅ
481 3998 545 4035 τε
594 3980 704 4051 γὰρ
763 3981 1013 4052 ἁγιάζων
1056 3983 1155 4037 καὶ
1214 3986 1267 4037 οἱ
1302 3981 1671 4053 ἁγιαζόμενοι
1717 3982 1787 4049 ἐξ
1825 3982 1965 4051 ἐνὸς

379 4071 626 4140 πάντες.
651 4073 785 4127 Οὐδὲ
846 4073 956 4146 γὰρ
1009 4075 1164 4144 ἅγιον
1213 4070 1352 4129 εἶναι
1403 4076 1572 4147 χωρὶς
1625 4074 1811 4138 αὑτοῦ,
1840 4073 1965 4128 οὔτε

381 4160 673 4233 ὑπομένειν
705 4161 822 4217 ἔστι
854 4162 929 4234 μὴ
958 4163 1149 4235 ἔχοντα
1177 4164 1268 4218 τὸν
1294 4164 1548 4235 Χριστόν.
1579 4165 1666 4229 Ὠς
1687 4166 1795 4236 γάρ
1818 4166 1963 4219 ἐστιν

380 4249 819 4323 αύτοδικαιοσύνη
844 4252 938 4305 καὶ
967 4252 1348 4324 αὑτοαλὴθεια,
1369 4251 1541 4317 οὕτως
1560 4252 1965 4323 αύτοαγιασμὸς

378 4342 474 4397 καὶ
523 4342 924 4415 αὐτοῦπομονὴ·
964 4344 1043 4398 διὸ
1069 4344 1163 4399 καὶ
1187 4345 1422 4417 εἴρηται·
1462 4345 1745 4416 Ἀγίασμα
1792 4345 1965 4416 ἡμῶν

377 4433 478 4487 καὶ
510 4433 787 4502 ὑπομονὴ
832 4434 1100 4504 Ἰσραὴλ,
1121 4457 1126 4461 η
1148 4437 1347 4506 Κύριε.

446 4619 537 4676 15.
570 4622 802 4692 Πάντες
836 4627 891 4680 οί
938 4630 1373 4696 καταλιπόντες
1402 4645 1475 4685 σε
1523 4630 1962 4701 καταισχυνθή-

376 4727 599 4767 τωσαν.
640 4716 912 4782 Ἕκαστος
941 4718 1052 4792 γὰρ
1083 4720 1242 4792 ἡμῶν
1291 4721 1358 4775 δι’
1386 4714 1461 4777 ῶν
1510 4723 1836 4795 ἁμαρτάνει,
1865 4741 1966 4779 κα-

375 4802 703 4875 ταλιμπάνει
730 4807 821 4863 τὸν
852 4809 1108 4882 Χριστὸν,
1137 4811 1233 4865 καὶ
1285 4809 1352 4864 δι’
1385 4812 1548 4866 αὐτοῦ
1592 4812 1683 4867 τὸν
1717 4814 1958 4886 Πατέρα.

388 4891 613 4949 Ἀδικῶν
638 4896 746 4970 γάρ
770 4898 1117 4972 δικαιοσύνην
1144 4902 1482 4968 καταλείπει,
1510 4904 1605 4959 καὶ
1632 4904 1961 4977 βεϐηλωθεὶς

376 4987 669 5059 ἁγιασμόν,
701 4990 796 5044 καί⁷
844 4992 1096 5063 πολεμῶν
1136 4994 1376 5064 εἰρήνην,
1414 4994 1508 5048 καὶ
1551 4993 1657 5049 ὑπὸ
1714 4996 1961 5066 πολεμίῳ

371 5079 665 5150 γενόμενος
716 5082 1115 5156 ἀπολύτρωσιν,
1170 5084 1266 5138 καὶ
1322 5084 1419 5157 τὴν
1476 5087 1668 5157 σοφίαν
1717 5088 1746 5140 ό
1781 5086 1857 5159 μὴ
1883 5085 1958 5140 ὢν

373 5164 519 5219 κατά
563 5165 697 5221 Θεδν
730 5171 825 5223 καὶ
845 5170 1014 5226 θέλων
1054 5167 1194 5227 εἶναι
1227 5173 1410 5243 σοφός.
1444 5175 1570 5239 Τοῖς
1601 5172 1696 5230 οὖν
1732 5176 1955 5231 καταλι-

374 5254 538 5310 ποῠσι
558 5259 650 5312 τὸν
679 5260 811 5315 Θεὸν
839 5263 1039 5335 ἀρᾶται
1072 5265 1101 5318 ό
1123 5266 1427 5337 προφήτης,
1458 5264 1721 5339 αἰσχύνην
1748 5268 1810 5322 τὸ
1829 5268 1949 5322 ἐσό-

376 5361 537 5415 μενον
566 5351 751 5416 αύτοῖς
805 5353 952 5424 λέγει
982 5357 1041 5409 ὲν
1070 5357 1308 5427 σχήματι
1356 5357 1454 5429 τῆς
1508 5358 1668 5429 ἀρᾶς.
1705 5359 1814 5414 Καὶ
1851 5359 1953 5413 ἐπὶ

376 5432 488 5505 γῆς
547 5440 978 5511 γραφήτωσαν,
1030 5445 1182 5517 φησί.
1241 5447 1450 5512 Πάντες
1508 5447 1617 5520 γὰρ
1677 5448 1954 5522 ἄνθρωποι

443 5622 490 5703 e‘e
529 5624 677 5681 hom.
714 5627 800 5682 ΓΙ,
884 5629 944 5703 ἐξ
982 5630 1133 5703 hom,
1172 5631 1265 5703 17.
1321 5632 1366 5703 ⁸³(
1403 5631 1561 5689 Joan.
1600 5649 1667 5701 Χ,
1699 5634 1787 5690 27.
1883 5639 1929 5671 ⁵⁸
1966 5666 1970 5697 λ

2070 5644 2159 5702 ἰυιι
2196 5654 2294 5695 xm
2316 5678 2345 5703 ,-
2366 5634 2420 5690 5.

377 5688 419 5724 ⁶¹
451 5690 653 5756 Jercui.
691 5712 800 5761 un
822 5737 838 5767 ,
876 5699 965 5755 15.
1039 5702 1085 5733 ⁶⁹
1123 5702 1312 5759 bomil.
1346 5702 1433 5757 l7.

2066 3224 2319 3293 expletis,
2349 3240 2470 3279 eam
2512 3226 2951 3298 derelinquimus
2977 3244 2990 3281 :
3021 3229 3143 3284 ideo
3176 3231 3255 3284 ait
3275 3231 3319 3263 δ’
3349 3250 3362 3285 :
3398 3229 3463 3285 1n
3491 3233 3653 3286 dimi-

2066 3315 2156 3367 dio
2181 3317 2388 3369 dierum
2430 3317 2583 3386 ejus;
2630 3334 2753 3388 quae
2796 3328 2928 3374 sunt
2954 3320 3240 3389 prasentis
3279 3322 3464 3377 saeculi
3493 3322 3648 3383 dies:

2065 3415 2273 3461 etcum
2312 3407 2429 3477 ipse
2468 3410 2707 3477 prudens
2743 3426 2840 3480 per
2877 3425 2937 3465 se
2966 3426 3075 3465 non
3124 3412 3216 3475 sit,
3257 3413 3351 3468 sed
3382 3414 3543 3469 nobis
3570 3414 3651 3467 vi-

2064 3496 2257 3551 deatur
2283 3499 2510 3554 delusis.
2541 3499 2887 3572 Quapropter
2914 3500 3152 3557 ferarum
3189 3503 3649 3572 prudentissimus

2066 3588 2245 3645 dictus
2299 3598 2384 3646 est
2440 3591 2728 3661 prudentia
2784 3609 3028 3665 serpens.
3092 3593 3230 3655 Cum
3280 3609 3412 3649 vero
3470 3595 3665 3663 ipsum.

2064 3682 2478 3753 dereliquimus,
2505 3683 2631 3754 jure
2661 3685 2929 3757 insipiens
2950 3687 3324 3758 deprehensus
3359 3695 3467 3741 est.

2138 3881 2227 3936 12.
2270 3880 2477 3937 Solium
2508 3885 2696 3954 gloriae
2722 3885 3016 3954 eleuatum,
3051 3886 3408 3956 sanctiﬁcatio
3441 3897 3667 3944 nostraz.

2069 3971 2213 4027 Nam
2242 3984 2291 4027 et
2314 3976 2404 4043 qui
2432 3977 2753 4044 sanctiﬁcat,
2783 3986 2833 4029 ct
2864 3977 2953 4047 qui
2983 3979 3413 4049 sanctiﬁcantur,
3447 3998 3513 4038 ea:
3543 3999 3667 4038 uno:

2067 4080 2245 4119 omnes
2270 4065 2334 4118 ⁸⁸.
2387 4065 2574 4136 Neque
2621 4068 2766 4122 enim
2813 4070 3022 4139 absque
3077 4086 3145 4126 eo
3220 4085 3446 4131 sanctus
3501 4091 3646 4146 esse,

2068 4170 2245 4224 neque
2286 4166 2604 4226 exspectare
2646 4166 2828 4226 potest
2869 4161 2961 4230 qui
2993 4160 3271 4218 Christum
3319 4180 3426 4220 non
3460 4167 3642 4224 habet.

2068 4244 2243 4302 Sicuti
2282 4248 2426 4300 enim
2471 4255 2557 4303 est
2607 4248 2724 4320 ipsa
2765 4250 3000 4321 justitia,
3033 4254 3260 4326 ipsaque
3297 4258 3533 4325 veritas,
3565 4260 3649 4318 sic

2067 4346 2123 4393 et
2145 4336 2263 4407 ipsa
2289 4345 2375 4392 est
2404 4340 2786 4406 sanctiﬁcatio,
2855 4343 3082 4415 ipsaque
3106 4348 3439 4419 exspectatio
3465 4369 3478 4406 :
3504 4367 3645 4422 qua.-

2068 4439 2288 4501 propter
2337 4439 2391 4485 et
2437 4430 2644 4486 dictum
2692 4433 3287 4509 est“:Sancti/icatio
3337 4451 3542 4512 nostra,
3595 4453 3647 4498 et

2064 4522 2389 4591 exspectatio
2417 4518 2613 4590 Israel,
2643 4522 2878 4581 Domine.

2138 4633 2225 4687 l5.
2289 4631 2483 4688 Omnes
2538 4634 2628 4705 qui
2675 4636 3065 4709 dereliqueruut
3128 4651 3177 4695 te
3221 4644 3657 4714 confundantur-

2065 4724 2231 4796 299
2258 4726 2302 4759 θ’
2336 4724 2728 4800 Unusquisque
2750 4731 2897 4785 enim
2923 4739 3173 4788 nostrum
3206 4752 3299 4806 per
3322 4754 3443 4808 quae
3468 4742 3643 4797 delia-

2063 4819 2202 4889 quit,
2225 4820 2504 4876 Christum
2531 4821 2757 4887 deserit,
2779 4831 2834 4878 et
2858 4823 3083 4893 proinde
3106 4824 3342 4883 Patrem.
3369 4829 3473 4897 Qui
3493 4836 3640 4890 enim

2062 4907 2267 4976 injuste
2295 4909 2405 4982 agit
2430 4950 2445 4975 ,
2469 4910 2739 4980 justitiam
2764 4912 2961 4968 deserit
2985 4955 3005 4982 ,
3031 4925 3086 4971 et
3109 4918 3360 4986 polluens
3381 4936 3473 4989 se,
3509 4938 3641 4978 san-

2062 4995 2468 5063 etiiicationem,
2506 5011 2561 5054 et
2589 4999 2791 5055 bellum
2815 5017 3040 5072 gerens,
3077 5022 3264 5076 pacem
3291 5026 3306 5076 ;
3341 5021 3394 5064 et
3422 5012 3525 5066 sub
3556 5012 3641 5067 di—

2062 5087 2211 5143 tione
2251 5088 2493 5145 hostium
2543 5090 2741 5157 factus,
2793 5094 3241 5166 redemptionem.
3300 5100 3638 5171 Sapientiam

2060 5197 2280 5252 quoque
2322 5183 2524 5240 deserit
2573 5193 2628 5240 et
2675 5185 2769 5256 qui
2814 5184 2983 5243 Deum
3038 5205 3147 5245 non
3194 5192 3376 5257 habet,
3418 5203 3474 5250 et
3512 5212 3636 5252 esse

2058 5272 2177 5327 vult
2204 5272 2445 5345 sapiens.
2485 5271 2583 5329 His
2618 5273 2802 5345 itaque
2829 5277 2924 5346 qui
2967 5293 2995 5332 a
3021 5276 3133 5335 Deo
3163 5280 3502 5348 defecerunt,
3531 5285 3639 5339 im-

2059 5371 2313 5434 precetur
2341 5363 2637 5435 propheta,
2672 5365 3053 5424 confusionem
3096 5371 3205 5427 illis
3254 5371 3497 5428 futuram
3548 5392 3635 5432 as-

2059 5466 2318 5508 severans
2361 5450 2416 5505 in
2463 5450 2876 5522 imprecationis
2925 5453 3181 5510 t‘onnula.
3262 5456 3327 5511 Et
3384 5459 3438 5513 in
3490 5470 3634 5515 terra

2516 5637 2562 5669 ”
2599 5635 2796 5694 Jcrem.
2833 5656 2976 5709 xvn,
3012 5641 3094 5697 ll.
3166 5639 3393 5701 “Hebr.
3446 5663 3505 5712 ιι,
3547 5648 3630 5703 ll.
