4218 6292
551 362 662 417 567

1982 356 2075 411 EX
2114 354 2419 412 ORIGENE

3720 348 3830 405 563

551 479 883 547 scribantur,
929 477 1005 532 ait
1039 476 1102 529 “.
1157 476 1359 531 Omnes
1412 475 1557 531 enim
1587 477 1837 531 homines
1880 475 2126 529 scribun-

2235 474 2559 543 γράφονται,
2595 471 2642 523 οἱ
2682 470 2780 541 μὲν
2810 470 2955 539 ἆγιοι
2982 470 3039 522 ὲν
3091 468 3364 539 ούρανοῖς,
3397 467 3446 519 οἱ
3476 464 3531 519 δὲ
3564 467 3828 537 ἀμαρτω-

551 577 663 635 tur,
703 569 879 625 sancti
906 567 1124 637 quidem
1156 567 1209 620 in
1238 568 1414 633 caelis,
1450 578 1765 638 peccatores
1806 569 1860 622 in
1895 577 2059 622 terra.

624 660 711 714 14.
753 657 900 714 Sana
944 674 1044 723 me,
1074 657 1318 724 Domine,
1360 670 1408 715 et
1440 660 1691 716 sanabor.
1725 661 1770 693 “
1794 657 1964 716 Nemo
2005 676 2129 715 cum

550 750 777 806 veritate
819 751 921 805 hoc
963 750 1182 816 dixerit,
1231 753 1338 807 nisi
1390 754 1439 807 ei
1483 753 1574 823 qui
1608 754 1739 809 illud
1783 754 2010 825 protulit
2047 755 2128 807 ‘5:

552 838 676 894 Non
715 857 846 909 opus
880 841 1073 895 habent
1116 843 1236 896 sani
1279 844 1503 906 medico,
1538 843 1629 897 sed
1653 845 1744 915 qui
1778 846 1917 899 male
1951 861 2005 899 se
2036 845 2134 899 Ita-

548 932 692 994 bent,
736 931 828 999 qui
874 931 1039 985 etiam
1085 942 1309 1002 propter
1352 933 1476 989 illos
1523 934 1763 990 advenit.
1792 934 1907 991 Hoc
1932 935 2132 1007 quippe

542 1022 666 1091 jure
696 1026 1235 1081 dixithuemorroissa
1265 1040 1279 1076 :
1310 1023 1457 1080 Sana
1483 1042 1584 1086 me.
1612 1026 1853 1094 Domine,
1896 1037 1946 1081 et
1969 1044 2131 1081 sana-

546 1115 672 1176 bor;
716 1123 772 1167 at
819 1130 927 1168 non
978 1098 1244 1180 medicis,
1292 1117 1494 1186 quibus
1541 1118 1720 1172 dando
1765 1119 2128 1173 substantiam

545 1214 998 1274 consumpserat;
1033 1222 1133 1261 nec
1160 1207 1205 1262 si
1238 1208 1364 1277 quis
1391 1208 1532 1264 alius
1562 1209 1888 1265 medicinam
1919 1211 2132 1265 animae

548 1311 667 1349 rum
711 1298 1023 1365 proﬁtetur;
1061 1300 1154 1353 sed
1190 1299 1267 1353 illi
1302 1302 1436 1369 soli,
1469 1302 1635 1373 cujus
1661 1302 1931 1358 ﬁmbriam
1963 1304 2130 1358 vesti-

544 1388 714 1441 menti
748 1390 1013 1459 attingerc
1045 1389 1263 1446 sullieit.
1299 1392 1401 1448 Hic
1430 1395 1575 1449 enim
1634 1394 1679 1449 si
1716 1394 1937 1451 sanitati
1966 1395 2127 1449 resti-

545 1478 732 1545 tuerit,
788 1479 912 1535 linis
958 1482 1262 1538 curationis
1305 1485 1574 1555 sequitur,
1620 1485 1726 1541 hoc
1765 1493 1851 1540 est
1892 1486 2124 1541 sanatio.

545 1567 667 1624 Una
709 1584 893 1625 autem
926 1587 1165 1643 veraque
1200 1575 1371 1641 salus,
1420 1576 1464 1631 si
1506 1576 1759 1633 Christus
1782 1578 1990 1632 salvet:
2027 1577 2131 1632 Va-

546 1676 644 1715 nus
691 1662 836 1715 enim
883 1679 1046 1733 equus
1089 1665 1159 1718 ad
1208 1665 1535 1731 salutent“,
1583 1677 1887 1737 οιιξῑοιθιιιιιιε
1919 1668 2124 1724 omnia.

544 1755 727 1821 Quare
764 1766 817 1811 et
845 1757 947 1812 soli
976 1757 1267 1812 dicendum
1294 1760 1372 1812 "z
1402 1757 1563 1812 Salva
1594 1774 1694 1822 me,
1723 1770 1772 1813 et
1792 1759 1983 1814 salvus
2015 1777 2123 1815 ero.

2241 564 2323 617 λοί
2344 564 2435 617 ἐπὶ
2457 564 2580 635 γῆς.

2314 655 2400 708 14.
2434 655 2625 708 Ἵασαί
2644 670 2741 722 με,
2770 654 2966 721 Κύριε,
2996 652 3094 705 καὶ
3144 648 3482 717 ὶαθιξσομαι.
3512 648 3626 702 Οὐκ
3651 646 3717 700 ἄν
3738 662 3826 711 τις

2239 745 2384 799 εἴποι
2420 744 2578 799 τοῦτο
2607 745 2704 798 σὺν
2743 743 2970 814 ἀληθείᾳ
3023 741 3055 812 ῆ
3104 740 3186 811 τῷ
3230 739 3454 792 εἰπόντι·
3503 740 3586 791 Οὐ
3613 738 3827 807 χρείαν

2237 837 2492 904 ἔχουσιν
2550 837 2606 889 οί
2656 834 3033 903 ὑγιαίνοντες
3090 829 3314 901 ίατροῦ,
3348 830 3487 884 ἀλλ’
3519 830 3574 882 ol
3624 826 3822 894 κακῶς

2236 927 2503 997 ἔχοντες,
2535 926 2613 998 τῷ
2641 926 2737 980 καὶ
2775 924 2864 980 διὰ
2894 924 3117 988 τούτους
3171 922 3470 993 ἐληλυθότι.
3499 919 3671 974 Τοῦτο
3711 919 3825 994 γὰρ

2238 1013 2358 1071 εἷπε
2385 1017 2608 1081 δικαίως
2636 1018 2670 1088 ή
2703 1013 3072 1087 αἱμορροοῦσα
3131 1011 3219 1073 τὸ,
3269 1011 3461 1066 Ἰασαί
3494 1027 3591 1081 με,
3619 1011 3820 1078 Κύριε,

2237 1107 2338 1161 καὶ
2368 1107 2709 1176 ίαθήσομαι,
2759 1106 2875 1161 ἀλλ’
2902 1108 2962 1160 οὐ
3011 1107 3124 1169 τοῖς
3156 1106 3381 1175 ἰατροῖς,
3417 1104 3497 1165 εἰς
3525 1100 3618 1166 οὓς
3645 1120 3821 1175 κατη-

2236 1196 2443 1250 νάλωσε
2476 1196 2574 1267 τὴν
2604 1198 2808 1251 οὐσίαν·
2839 1196 2948 1250 οὐδ’
3001 1193 3054 1248 εἴ
3085 1212 3170 1258 τις
3204 1193 3362 1257 ἄλλος
3424 1192 3823 1262 ἐπαγγέλλεται

2234 1287 2333 1358 τὴν
2360 1287 2468 1341 τῶν
2500 1288 2688 1359 ψυχῶν
2746 1289 3017 1361 ἰατρικὴν,
3053 1288 3167 1341 ἀλλ’
3212 1286 3245 1356 ἢ
3279 1286 3473 1356 ἐκείνῳ
3533 1284 3700 1355 μόνῳ,
3754 1276 3820 1340 οὗ

2235 1380 2396 1450 ἀρκεῖ
2419 1379 2659 1448 ἅψασθαι
2702 1379 2793 1434 τοῦ
2853 1378 3157 1452 κρασπέδου
3207 1374 3301 1430 τοῦ
3360 1375 3573 1446 ἱματίου
3626 1374 3825 1431 αὐτοῦ.

2235 1465 2404 1534 Οὗτος
2429 1470 2538 1543 γὰρ
2575 1472 2670 1524 ἐὰν
2706 1472 2944 1541 ἰάσηται,
2977 1470 3037 1523 τὸ
3069 1470 3221 1532 τέλος
3276 1466 3592 1521 ἀκουλουθεῖ
3620 1470 3686 1538 τῇ
3719 1465 3818 1521 ἀπ’

2234 1564 2397 1618 αὑτοῦ
2426 1565 2586 1627 ἰάσει,
2618 1566 2890 1617 τουτέστιν
2921 1565 2954 1634 ή
2979 1561 3262 1635 θεραπεία.
3291 1561 3445 1629 Μόνη
3464 1560 3520 1613 δὲ
3559 1561 3654 1614 καὶ
3683 1560 3820 1632 ἀλη-

2235 1658 2335 1730 θὴς
2360 1656 2621 1728 σωτηρία,
2657 1656 2752 1709 ἐὰν
2776 1655 2929 1728 σώσῃ
2951 1654 3201 1726 Χριστός.
3231 1651 3469 1720 Ψευδὴς
3499 1651 3608 1723 γὰρ
3632 1653 3819 1719 ἵππος

2233 1752 2321 1815 εἰς
2348 1749 2676 1816 σωτηρίαν,
2709 1747 2802 1800 καὶ
2825 1746 2896 1800 τὰ
2925 1745 3060 1801 ἄλλα
3092 1745 3150 1799 δὲ
3206 1743 3401 1797 πάντα.
3437 1743 3529 1797 Διὸ
3548 1745 3643 1798 καὶ
3673 1744 3820 1815 μόνῳ

546 1844 599 1898 Is
634 1854 815 1899 autem
853 1847 956 1900 hoc
998 1846 1175 1909 dicet,
1214 1848 1307 1918 qui
1346 1848 1553 1917 abjceta
1604 1850 1752 1903 omni
1806 1865 1864 1904 re
1911 1851 1979 1905 de
2020 1866 2126 1921 qua

2231 1841 2497 1912 εἰρητέον·
2522 1839 2735 1893 Σῶσόν
2749 1856 2847 1908 με,
2874 1838 2972 1891 καὶ
3002 1836 3370 1906 σωθήσομαι.
3416 1836 3560 1906 Ἐρεῖ
3583 1835 3638 1888 δὲ
3660 1835 3818 1889 τοῦτο

547 1937 833 2005 glorietur,
863 1939 1044 1992 dicere
1074 1940 1272 2008 poterit
1301 1940 1347 1972 ⁸⁸
1374 1957 1387 1992 :
1416 1940 1680 2006 Quoniam
1728 1942 1975 2013 gloriatio
2014 1960 2129 1997 mea

545 2037 602 2080 tu
640 2044 716 2093 es,
756 2029 844 2097 qui
872 2028 1026 2098 juxta
1061 2029 1409 2099 mandatum,
1454 2049 1559 2085 non
1596 2034 1651 2086 in
1688 2034 1975 2102 sapientia,
2021 2051 2125 2088 non

545 2120 606 2172 in
631 2120 834 2184 robore,
869 2136 972 2173 non
1007 2120 1061 2173 in
1105 2119 1316 2189 opibus,
1355 2122 1447 2177 sed
1479 2124 1533 2176 in
1569 2124 1666 2177 hoc
1700 2126 1814 2179 solo
1843 2124 2124 2195 gloriatur,

541 2211 682 2281 quod
710 2211 981 2281 intelligat
1007 2220 1056 2266 et
1088 2224 1367 2283 cognoscat
1392 2216 1645 2284 quoniam
1669 2232 1760 2285 ego
1795 2232 1912 2269 sum
1946 2216 2126 2270 Domi-

543 2318 643 2356 nus
669 2303 735 2357 “.
776 2300 875 2357 llic
903 2318 1034 2356 vero
1062 2303 1207 2358 dicet
1229 2304 1307 2359 7°:
1339 2303 1450 2374 Ego
1480 2322 1582 2359 non
1627 2307 1864 2360 laboravi
1911 2324 2126 2377 sequens

543 2401 661 2461 post
694 2408 765 2457 te,
800 2393 866 2446 ad
902 2409 1064 2463 quem
1096 2392 1259 2449 Jesus
1305 2394 1515 2465 inquiet
1538 2396 1622 2451 ἰε
1661 2396 1807 2451 Tolle
1846 2396 2126 2467 grabatum

548 2498 721 2548 tuum,
754 2496 802 2537 et
828 2485 1081 2551 ambula;
1106 2496 1163 2542 et
1185 2488 1230 2518 ⁷⁸
1258 2503 1272 2539 :
1300 2487 1554 2559 Relinque
1598 2490 1801 2554 omnia,
1834 2498 1884 2543 et
1914 2505 2127 2559 sequere

542 2592 623 2630 ine
640 2592 660 2640 ;
693 2577 811 2631 et"
835 2593 848 2629 :
876 2578 1184 2650 Quicunque
1211 2595 1317 2634 non
1339 2579 1532 2633 deserit
1562 2592 1769 2648 patrem
1800 2588 1849 2635 et
1874 2590 2122 2645 matrem,

541 2680 592 2723 et
620 2669 858 2738 sequitur
880 2681 998 2740 post
1025 2686 1127 2737 me,
1155 2687 1260 2725 non
1296 2682 1373 2725 est
1396 2687 1476 2725 me
1500 2669 1714 2740 dignus.
1750 2669 1853 2737 Qui
1882 2688 2015 2729 vero
2047 2674 2128 2729 sic

543 2764 814 2832 sequitur,
852 2779 958 2818 non
998 2765 1227 2819 laborat.
1259 2763 1328 2817 Et
1361 2781 1463 2817 non
1498 2764 1599 2816 erit
1634 2764 1787 2820 labor
1818 2766 1876 2818 in
1919 2764 2113 2836 Jacob,

547 2868 711 2924 neque
735 2852 1001 2908 videbitur
1030 2853 1184 2908 dolor
1213 2855 1269 2908 in
1293 2851 1467 2908 Israel
1492 2854 1560 2909 “.

1010 2959 1084 2979 κ’-

622 3115 893 3185 Ejusdem.
922 3115 1063 3183 Quid
1098 3116 1316 3171 tandem
1347 3117 1452 3172 hoc
1473 3117 1594 3173 est?
1620 3115 1890 3183 Quoniam
1926 3118 2126 3186 saepius

545 3210 692 3265 mala
741 3208 1073 3274 minabatur,
1103 3208 1159 3262 hi
1192 3222 1322 3263 vero
1359 3207 1522 3263 dictis
1554 3223 1663 3262 non
1707 3208 1994 3269 credentes
2029 3224 2127 3279 per

539 3301 933 3359 conttmicliam
978 3301 1027 3355 ei
1069 3299 1327 3356 dicebant
1366 3316 1380 3353 :
1417 3299 1626 3356 Veniat.
1669 3297 1774 3355 Sed
1809 3315 1924 3370 ego,
1955 3301 2034 3355 ait
2054 3302 2124 3366 ⁷³,

546 3410 640 3450 nec
668 3394 874 3462 probris
913 3402 1161 3448 oneratus
1192 3392 1380 3464 deieci.

1148 3572 1300 3628 CAP.
1380 3572 1545 3627 XXII.

614 3664 699 3717 15.
745 3663 850 3728 Qui
880 3663 1114 3733 aediﬁcat
1152 3666 1368 3719 domum
1409 3681 1563 3720 suam
1605 3675 1651 3719 et
1684 3681 1786 3719 non
1817 3683 1935 3721 cum
1954 3669 2123 3736 justi-

544 3756 644 3810 tia.
698 3754 932 3809 Domum
987 3771 1111 3809 cum
1164 3755 1379 3824 justitia
1427 3756 1749 3812 aediﬁcatam
1798 3759 2127 3828 signiﬁcavit

539 3844 855 3912 Apostolus,
903 3843 1160 3899 dicens"
1201 3860 1216 3897 :
1270 3843 1368 3897 Dei
1415 3843 1768 3913 agricultura,
1816 3845 1915 3899 Dei
1955 3846 2127 3914 (ediﬁ-

540 3938 680 3991 catio
703 3938 847 3991 estis.
877 3938 966 3991 Ait
990 3952 1115 3992 vero
1136 3936 1179 3968 ⁷⁷
1202 3939 1330 4007 quia
1358 3937 1757 4006 fundamentum
1782 3954 1932 3992 nemo
1956 3948 2123 4005 potest

539 4045 731 4097 ponere
754 4040 946 4097 prwter
976 4029 1031 4081 id
1060 4029 1197 4095 quod
1226 4030 1459 4099 positum
1487 4040 1587 4095 est,
1610 4030 1750 4100 quod
1776 4040 1853 4084 est
1881 4028 2123 4085 Christus

538 4120 718 4177 Iesus.
763 4122 825 4177 Si
861 4125 977 4193 quis
1016 4139 1134 4177 vero
1173 4123 1428 4192 aediﬁcat,
1460 4135 1565 4179 etc.
1614 4122 1781 4193 Igitur
1809 4123 1903 4194 qui
1949 4125 2124 4180 credit

537 4228 635 4282 per
666 4229 791 4267 eum
822 4214 914 4283 qui
944 4212 1149 4276 docuit,
1182 4212 1595 4269 fundamentum
1625 4210 1818 4269 habuit
1841 4214 2120 4270 Christum

536 4306 745 4360 Jcsum.
804 4304 1211 4374 Superzediﬁcat
1246 4321 1376 4361 vero
1419 4307 1564 4375 quis,
1604 4306 1650 4360 si
1690 4306 1880 4375 probe,
1923 4322 2120 4362 aurum

537 4397 794 4466 dogmata
832 4395 1111 4458 veritatis;
1143 4408 1426 4464 argentum
1462 4412 1770 4450 sermonem
1800 4397 2119 4463 salutarem;

2230 1934 2259 1985 ὁ
2286 1931 2362 2002 τῷ
2387 1929 2752 2001 ἀποτετείχθαι
2782 1932 2946 1981 παντὶ
2961 1930 3274 1999 καυχήματι
3294 1927 3587 1997 δυνάμενος
3612 1926 3811 1994 λέγειν·

2232 2022 2353 2075 Ὅτι
2386 2019 2670 2089 καύχημά
2691 2037 2812 2088 μου
2844 2014 2903 2072 εἷ
2946 2017 3052 2081 σὺ,
3101 2020 3130 2071 ὁ
3162 2017 3305 2071 κατὰ
3336 2017 3434 2088 τὴν
3486 2015 3700 2086 ἐντολὴν
3724 2015 3814 2086 μὴ

2228 2113 2328 2167 ἐπὶ
2366 2114 2571 2181 σοφίᾳ,
2595 2112 2682 2181 μὴ
2712 2110 2813 2164 ἐπὶ
2844 2112 3037 2181 ἰσχύϊ,
3067 2110 3155 2179 μὴ
3209 2109 3308 2163 ἐπὶ
3362 2112 3621 2181 πλούτῳ,
3670 2107 3809 2163 ἀλλ’

2230 2205 2267 2273 ἢ
2285 2205 2355 2258 ἐν
2372 2205 2565 2271 τούτῳ
2583 2203 2969 2273 καυχώμενος
2990 2201 3070 2267 τῷ
3088 2201 3325 2256 συνιεῖν
3352 2201 3450 2255 καὶ
3475 2200 3817 2271 γινώσκειν,

2230 2295 2318 2349 ὅτι
2347 2295 2460 2365 ἐγώ
2491 2298 2606 2365 εἰμι
2636 2296 2871 2362 Κύριος.
2917 2295 2976 2347 ὐ
3024 2293 3084 2346 δὲ
3133 2292 3373 2356 τοιοῦτος
3425 2294 3543 2363 ἐρεῖ
3579 2292 3662 2358 τὺ,
3690 2294 3821 2347 Οὐκ

2227 2386 2524 2440 ἐκοπίασα
2580 2383 3044 2440 κατακολουθῶν
3097 2384 3290 2437 ὀπίσω
3321 2400 3459 2438 σου’
3510 2385 3650 2456 πρὸς
3693 2385 3753 2438 ὃν
3782 2385 3817 2438 ό

2241 2478 2447 2549 Ἰησοῦς
2473 2479 2605 2551 ἐρεῖ·
2639 2474 2827 2546 Ἀρον
2854 2478 2961 2531 τὸν
3006 2475 3338 2545 κράϐϐατόν
3378 2492 3515 2542 σου,
3558 2476 3657 2528 καί
3710 2492 3821 2532 πε-

2220 2571 2477 2639 ριπάτει,
2507 2571 2621 2636 καὶ,
2682 2571 2858 2639 Ἄφες
2887 2568 3104 2630 πάντα,
3167 2567 3267 2621 καὶ
3312 2568 3628 2621 ἀκολούθει
3670 2584 3810 2636 μοι’

2229 2663 2350 2727 καὶ,
2382 2664 2591 2730 ’Ὅστις
2645 2665 2718 2717 οὐ
2760 2662 3109 2716 καταλείπει
3155 2660 3263 2714 τὸν
3318 2659 3542 2727 πατέρα
3569 2658 3669 2712 καὶ
3697 2658 3819 2728 τὴν

2221 2754 2472 2824 μητέρα,
2512 2755 2613 2808 καὶ
2637 2752 2966 2810 ἀκολουθεῖ
2996 2753 3189 2806 ὀπίσω
3221 2770 3363 2822 μου,
3397 2754 3510 2806 οὐκ
3537 2752 3670 2806 ἐστι
3691 2770 3820 2822 μου

2228 2844 2418 2911 ἄξιος.
2468 2846 2543 2900 Oi:
2600 2847 2768 2916 κοπιᾷ
2816 2845 2873 2897 δὲ
2936 2844 3110 2909 οὕτως
3165 2843 3492 2898 ἀκολουθῶν.
3545 2842 3657 2897 Καὶ
3701 2844 3820 2898 οὐκ

2227 2933 2403 2987 ἔσται
2430 2935 2540 3006 γὰρ
2560 2938 2789 3005 μόχθος
2816 2936 2887 2989 ἐν
2924 2934 3140 2999 Ἰακὼϐ,
3169 2934 3312 2989 οὐδὲ
3351 2933 3680 3004 ὀφθήσεται
3705 2935 3817 2989 εό-

2228 3041 2336 3091 ⁴νος
2369 3027 2439 3080 ἐν
2482 3015 2754 3094 Ἰσραήλῗ

2304 3117 2413 3172 Τοῦ
2441 3117 2646 3173 αὐτοῦ.
2693 3119 2758 3172 Τί
2796 3119 2994 3190 δήποτε
3022 3117 3165 3172 τοῦτ’
3194 3115 3335 3173 ἐστιν
3362 3134 3381 3183 ;
3423 3119 3640 3191 Ἐπειδὴ
3684 3135 3811 3173 συν-

2228 3206 2368 3279 εχῶς
2399 3208 2609 3262 ἀπειλεῖ
2654 3208 2723 3263 τὰ
2760 3208 2926 3273 δεινὰ,
2954 3209 3105 3262 αὐτοὶ
3127 3208 3185 3262 δὲ
3213 3209 3527 3279 διηπίστουν
3565 3210 3678 3273 τοῖς
3724 3208 3813 3260 λε-

2227 3301 2501 3372 γομένοις,
2561 3299 2909 3364 σκώπτοντες
2963 3303 3044 3365 εἰς
3091 3301 3257 3355 αὑτὸν
3301 3301 3389 3354 ἀεὶ
3424 3300 3630 3370 ἕλεγοψ
3681 3301 3814 3355 Ἐλ-

2229 3391 2395 3448 θέτω.
2438 3391 2591 3446 Ἀλλ’
2619 3391 2755 3463 ἐγὼ,
2793 3394 2978 3463 φησὶν,
3028 3394 3142 3447 οὐκ
3185 3392 3498 3462 ἀπέκαμον
3530 3391 3630 3447 καί
3658 3392 3812 3447 ὀνει-

2226 3483 2548 3554 διζόμενος.

2860 3578 3020 3630 ΚΕΦ.
3042 3576 3171 3631 KB'.

2299 3668 2386 3723 15.
2450 3668 2505 3722 Ὁ
2560 3668 2887 3739 οἰκοδομῶν
2915 3669 3113 3722 οἰκίαν
3147 3667 3336 3722 αὑτοῦ
3384 3668 3481 3723 καὶ
3536 3670 3611 3724 οὐ
3658 3667 3814 3739 μετὰ

2225 3759 2637 3828 δικαιοσύνης.
2671 3762 2782 3830 Τὴν
2808 3760 2945 3833 μετὰ
2974 3760 3322 3832 δικαιοσύνην
3348 3761 3812 3833 οἰκοδομουμένην

2225 3851 2398 3906 οἰκίαν
2430 3851 2699 3923 ἐδήλωσεν
2751 3849 2920 3905 εἰπὼν
2962 3852 2991 3905 ὁ
3057 3850 3392 3915 Ἀπόστολος·
3449 3852 3599 3906 Θεοῦ
3629 3851 3809 3922 γεώρ-

2224 3961 2376 4014 γιον,
2414 3943 2563 3998 Θεοῦ
2597 3941 2877 4011 οἰκοδομή
2899 3942 3062 3997 ἐστε.
3086 3942 3256 4011 Λέγει
3280 3942 3357 4007 δὲ,
3386 3943 3488 4009 ὅτι,
3525 3943 3813 4013 Θεμέλιον

2225 4034 2424 4099 οὐδεὶς
2450 4032 2698 4087 δύναται
2741 4030 2932 4088 θεῖναι
2961 4028 3125 4099 παρὰ
3150 4029 3218 4085 τὸ
3253 4031 3552 4100 κείμενον,
3586 4029 3655 4097 ὅς
3675 4030 3811 4085 ἐστι

2224 4122 2482 4192 Χριστὸς
2549 4122 2809 4191 Ἰησοῦς.
2869 4124 2939 4176 El
2991 4120 3061 4175 δέ
3110 4138 3202 4188 τις
3249 4120 3562 4192 οἰκοδομεῖ,
3617 4121 3711 4177 καὶ
3736 4122 3811 4178 τὰ

2224 4213 2373 4284 ἑξῆς.
2409 4212 2618 4267 Οὐκοῦν
2667 4212 2758 4265 διὰ
2810 4211 2902 4266 τοῦ
2950 4211 3261 4276 διδάξαντος
3290 4213 3318 4265 ὁ
3343 4211 3612 4265 πιστεύων
3643 4210 3811 4281 θεμέ-

2223 4304 2337 4358 λιον
2379 4304 2505 4376 ἔσχε
2539 4304 2630 4360 τὸν
2661 4304 2895 4376 Χριστὸν
2939 4302 3168 4374 Ἰησοῦν.
3216 4303 3587 4375 Ἐποικοδομεῖ
3619 4303 3678 4357 δέ
3694 4320 3801 4369 τις,

2222 4397 2273 4448 εἰ
2296 4395 2397 4466 μὲν
2424 4395 2631 4460 καλῶς,
2653 4395 2853 4466 χρυσὸν
2891 4395 2991 4464 τῆς
3016 4393 3277 4466 ἀληθείας
3296 4393 3364 4447 τὰ
3407 4394 3672 4465 δόγματα,
3696 4394 3803 4465 ἀρ-

536 4488 746 4557 iapidt-s
769 4486 1041 4555 pretiosos
1065 4486 1355 4540 aedilicium
1387 4486 1550 4556 300
1579 4503 1645 4542 ex
1672 4487 1995 4554 virtutibus;
2031 4492 2114 4545 sin

2227 4485 2410 4557 γύριον
2433 4485 2592 4552 λόγον
2623 4485 2905 4556 σωτήριον,
2938 4483 3118 4548 λίθους
3161 4484 3375 4556 τιμίους
3407 4484 3719 4557 οἰκοδομίαν
3742 4484 3804 4555 ἐξ

535 4581 678 4634 inalc
721 4594 885 4649 supra
916 4577 1108 4632 Jesum
1155 4576 1571 4645 superauliticat,
1624 4594 1821 4648 prava,
1869 4580 2116 4649 inquam,

534 4673 703 4741 ligna,
739 4672 971 4735 foenum,
1002 4671 1283 4741 stipulam,
1313 4671 1592 4739 quomodo
1621 4670 1822 4741 impius
1854 4688 1961 4726 non
1989 4674 2115 4741 erit,

536 4764 591 4815 in
637 4779 800 4831 quem
841 4764 943 4818 erit
985 4765 1101 4819 vas?
1142 4763 1247 4828 Qui
1283 4763 1515 4832 azdi/icat
1560 4764 1773 4817 domum
1818 4781 1971 4819 suam
2012 4783 2117 4820 non

535 4869 654 4906 cum
680 4853 986 4922 justitia".
1023 4856 1125 4923 Qui
1161 4855 1435 4911 excelsum
1470 4854 1761 4910 tedilicium
1801 4856 1983 4928 erigit,
2019 4858 2114 4913 sed

534 4960 645 4998 non
694 4946 991 5000 secundum
1030 4947 1121 5001 Dei
1163 4949 1387 5001 verbum
1440 4957 1494 5003 et
1534 4948 1850 5015 veritatem,
1902 4964 2010 5002 non
2057 4949 2109 5003 in

528 5036 741 5106 judicio
791 5038 1069 5092 ccenacula
1121 5039 1269 5093 facit.
1322 5039 1446 5093 Pari
1499 5039 1710 5094 ratione
1762 5042 1868 5096 hoc
1900 5041 2111 5112 applica

532 5129 860 5186 docentibus
884 5146 979 5185 seu
1014 5133 1315 5197 veritatem,
1349 5148 1444 5188 seu
1487 5132 1610 5187 falsi
1658 5133 1900 5188 nominis
1927 5133 2108 5189 scien-

534 5223 688 5277 tiam.
730 5222 887 5276 Vcrlii
927 5225 1123 5299 gratia,
1166 5224 1368 5280 Paulus
1403 5224 1623 5293 quidem
1673 5224 1897 5279 domum
1925 5223 2111 5278 Eccle-

530 5318 671 5372 siam
702 5333 825 5372 cum
869 5316 1082 5386 justitia
1130 5319 1381 5381 mdiﬁcat,
1428 5318 1712 5373 cenacula
1761 5335 1889 5373 vero
1924 5316 2111 5372 Timo-

531 5411 692 5464 theus
719 5419 773 5465 et
797 5410 993 5477 Lucas,
1021 5410 1309 5481 cazterique
1343 5411 1428 5464 bis
1449 5410 1658 5464 similes
1687 5410 1741 5463 in
1766 5407 1994 5478 judicio.

603 5502 690 5558 14.
733 5500 1044 5573 ΛΕιίὶῙῑεαδιὶ
1074 5501 1170 5556 tibi
1191 5502 1401 5555 domum
1426 5508 1923 5555 commcnsuratam.
1957 5499 2102 5553 ldem

604 5664 649 5737 f3
674 5663 871 5719 Jcrem.
904 5683 1039 5737 xvii,
1068 5667 1150 5737 15.
1282 5665 1498 5737 “ltum.
1524 5666 1609 5719 17.

535 5729 579 5798 ff
601 5729 796 5786 .lerem.
856 5749 930 5797 Ix,
966 5729 1189 5794 23,94.
1303 5736 1349 5766 ⁷ο
1372 5733 1570 5789 Jerrm.
1611 5736 1855 5798 “11,56.

531 5796 704 5856 "lsa.
736 5796 1013 5872 xxxv,10,
1057 5812 1107 5858 et
1149 5821 1221 5876 LI,
1272 5805 1356 5861 11.

1724 5663 1767 5696 δ’
1789 5662 1956 5719 Marc.
1991 5679 2050 5725 ιι,
2082 5664 2166 5717 17.

1971 5735 2015 5766 ⁷¹
2040 5734 2201 5791 Joun.
2227 5736 2505 5799 ν,11,12.

1473 5806 1517 5836 ⁷⁸
1541 5804 1737 5861 Jerem.
1777 5820 1906 5875 xm,
1941 5805 2022 5874 15,
2054 5804 2136 5859 16.

2220 4577 2452 4650 ἀρετῶν
2477 4579 2527 4630 εί
2557 4577 2614 4631 δὲ
2647 4576 2832 4639 κακῶς
2860 4575 3228 4646 ὲποικοδομῶν
3251 4575 3329 4646 τῷ
3367 4575 3561 4647 Ἰησοῦ,
3590 4577 3805 4650 πονηρὰ

2218 4669 2364 4738 λέγω
2398 4668 2550 4733 ξύλα,
2587 4669 2799 4742 χόρτον,
2852 4668 3127 4738 καλάμην,
3163 4667 3282 4731 πῶς
3337 4669 3435 4721 οὐκ
3463 4669 3670 4734 ἀσεϐεῖ,
3714 4670 3802 4740 ἐφ’

2222 4762 2283 4817 ὃν
2312 4762 2534 4835 ἔρχεται
2583 4763 2644 4816 τὸ
2698 4762 2851 4828 οὐαί;
2923 4762 2975 4814 '0
3009 4760 3339 4832 οἰκοδομῶν
3367 4763 3564 4817 οὶκίαν
3612 4762 3805 4817 αὐτοῦ

2217 4856 2291 4908 οὐ
2317 4853 2471 4923 μετὰ
2497 4852 2904 4919 δικαιοσύνης.
2933 4852 2993 4904 '0
3024 4851 3194 4905 ποιῶν
3219 4850 3418 4923 ὑψηλὸν
3439 4852 3803 4924 οἰκοδόμημα,

2217 4948 2279 5001 οὐ
2314 4945 2453 5000 κατὰ
2482 4945 2638 5014 λόγον
2668 4944 2723 4997 δὲ
2753 4944 2887 4998 Θεοῦ
2923 4946 3018 4999 καὶ
3048 4945 3325 5016 ἀλήθειαν,
3359 4946 3459 5000 οὐκ
3489 4946 3546 4998 ὲν
3571 4946 3800 5018 κρίματι

2219 5041 2443 5115 ὑπερῷα
2472 5045 2634 5096 ποιεῖ.
2676 5040 2979 5110 Ἀναλόγως
3010 5041 3121 5094 νόει
3170 5040 3261 5094 καὶ
3303 5041 3427 5104 τοὺς
3453 5040 3803 5105 διδάσκοντας

2218 5136 2250 5206 ἢ
2285 5134 2621 5207 ὰλήθειαν,ἢ
2663 5131 3012 5205 ψευδώνυμον
3042 5132 3260 5201 γνῶσιν·
3309 5126 3419 5185 οἷον
3452 5131 3663 5185 Παῦλον
3698 5133 3800 5204 μὲν

2217 5228 2394 5280 οἰκίαν
2422 5226 2520 5297 τὴν
2583 5225 2908 5297 Ἐκκλησίαν
2930 5223 3229 5294 οἰκοδομεῖν
3265 5224 3402 5293 μετὰ
3427 5222 3795 5293 δικαιοσύνης,

2219 5317 2444 5391 ὑπερῷα
2465 5318 2521 5372 δὲ
2554 5316 2816 5389 Τιμόθεον
2848 5318 2943 5370 καὶ
2965 5316 3201 5379 Λουκᾶν,
3236 5316 3332 5368 καὶ
3367 5316 3493 5379 τοὺς
3521 5313 3796 5380 τοιούτους

2214 5412 2271 5462 ἐν
2294 5410 2541 5481 κρίματι.

2287 5502 2373 5556 14.
2448 5501 2851 5574 ᾨκοδόμησας
2918 5496 3153 5562 σεαυτῷ
3209 5491 3377 5551 οἷκον
3431 5499 3795 5569 σύμμετρον.

2268 5662 2795 5726 “Psal.xxxn,l7.
2909 5659 3173 5715 "Jerem.
3233 5658 3475 5721 XVIIJL
3589 5657 3634 5689 "
3660 5653 3795 5710 ibid.

2616 5735 2664 5766 ⁷³
2687 5732 2817 5786 Luc.
2851 5746 3002 5793 xvm,
3038 5730 3129 5783 22.
3231 5730 3275 5761 ⁷³
3292 5728 3478 5783 Matth.
3510 5744 3562 5793 κ,
3590 5727 3679 5793 37,
3702 5725 3796 5782 '58.

2233 5805 2275 5837 "‘
2298 5807 2314 5887 1
2339 5797 2463 5861 Cor.
2495 5820 2578 5875 ιιι,
2605 5804 2657 5860 9.
2736 5803 2787 5880 '“_
2803 5800 2933 5858 ibid.
2966 5800 3049 5871 11,
3082 5799 3167 5856 12.
3244 5798 3509 5858 "Jcrem.
3537 5812 3675 5868 xxii,
3702 5797 3787 5854 15.
