4218 6292
522 302 631 362 569

1734 306 2041 363 SELECTA
2079 304 2144 358 IN
2182 303 2550 380 JEliEMlAM.

3693 315 3797 371 570

524 414 717 481 ιοίῖποις
749 416 789 469 δ’
831 415 897 472 ἂν
924 418 1018 473 καὶ
1048 420 1177 492 περὶ
1220 419 1330 474 τῶν
1356 420 1859 490 ψευδοδιδεισκάλων
1888 421 2081 476 ἀκολού

2181 423 2420 479 .dixeris
2467 434 2521 478 et
2553 423 2620 479 de
2664 423 3149 496 pseudomagistris
3192 441 3346 498 aeque
3388 427 3557 509 aede
3597 428 3799 498 prim-ie

526 507 642 573 θως
668 512 776 574 τοῖς
801 511 1035 582 πρόσθεν
1094 512 1365 584 εἰρῆσθαι.
1414 514 1500 577 Ὡς
1528 516 1637 586 γάρ
1687 532 1849 585 φησιν
1886 516 1915 567 6
1958 515 2115 570 Σολο-

533 605 669 674 μῶν·
714 607 810 671 Ὃς
834 607 1069 678 ἐνεργεῖ
1097 611 1557 679 θησαυρίσματα
1604 610 1854 681 γλώσσῃ
1880 611 2110 681 ψευδεῖ,

524 696 743 765 μάταια
788 697 1005 765 διώκει,
1061 700 1159 755 καί
1192 701 1505 756 ἐλεύσεται
1550 705 1637 769 εἰς
1671 703 1895 773 παγίδα
1932 705 2112 759 θανά-

525 801 650 840 του.
683 787 745 840 Oi
776 789 886 860 γὰρ
914 788 1147 844 τοιοῦτοι
1201 791 1573 862 οἰκοδομοῦσιν
1606 793 1817 858 ἑαυτοῖς
1849 794 2027 858 οίκίας
2050 795 2109 848 6-

526 875 717 946 νόματι
765 879 1113 952 Ἐκκλησίαν,
1141 881 1264 952 ἥτις
1297 882 1415 936 ἐστὶ
1463 885 1935 957 πονηρευομὲνων,
1972 888 2109 960 πρὸς

521 966 612 1031 οὓς
640 967 864 1039 λέγεται
900 973 1039 1042 μετά
1083 973 1388 1044 εἰρωνείαςο
1437 976 1847 1047 ’ῼκοδόμησας
1872 979 2108 1046 σεαυτῷ

517 1057 690 1117 οἷκον
717 1064 1080 1134 σύμμετρον,
1108 1068 1349 1137 ὑπερῷα
1384 1069 1657 1138 ῥιπιστά·
1699 1073 1758 1125 ὲν
1803 1065 1885 1135 οἷς
1925 1071 2108 1144 ᾠήθη-

515 1170 618 1209 σαν
645 1155 928 1227 ἀναψυχὴν
952 1156 1380 1231 ιξικοδομηκὲναι.
1408 1160 1506 1214 Διὰ
1537 1161 1593 1215 δὲ
1615 1162 1723 1215 τῶν
1751 1163 1982 1234 θυρίδων
2002 1164 2104 1218 οίει

516 1247 887 1314 πεφωτικέναι
942 1251 1080 1317 φωτὶ
1131 1249 1386 1320 γνώσεως
1432 1251 1502 1306 τὰ
1536 1253 1947 1327 οἰκοδομήματά
1981 1272 2098 1319 σου,

512 1336 609 1390 καὶ
640 1338 905 1409 ἁσήπτοις
963 1338 1140 1406 ξύλοις
1197 1344 1278 1407 εἰς
1318 1342 1418 1415 τὴν
1449 1344 1740 1417 οἰκοδομὴν
1797 1348 1896 1418 τῆς
1924 1347 2100 1411 οἰκίας

514 1428 834 1499 κεχρῆσθαι,
869 1433 964 1484 καὶ
989 1432 1164 1503 χρίεις
1190 1433 1279 1487 διὰ
1311 1417 1497 1505 μίλτου
1528 1417 1863 1508 μιμούμενος
1879 1438 1939 1492 τὸ
1960 1434 2099 1510 αἷμα

513 1519 560 1571 Χ
569 1520 772 1591 ριστοῦ.
898 1532 901 1533 ⁷

590 1609 675 1666 15.
706 1613 804 1681 Μὴ
825 1613 1242 1684 βασιλεύσεις,
1271 1617 1361 1672 ὅτι
1387 1619 1468 1673 σὺ
1502 1621 1837 1691 παροξυνῇ.
1880 1623 2017 1677 Ἀλλ’
2034 1625 2093 1679 οὐ

2216 516 2337 570 bus.
2371 515 2441 570 Ut
2468 517 2613 570 enim
2640 516 2712 570 ait
2743 516 2999 572 Salomon
3024 519 3069 550 "
3089 561 3102 584 ,
3132 520 3222 588 qui
3245 531 3492 587 operatur
3519 521 3795 577 thesauros

2214 607 2398 676 lingua
2440 606 2703 672 mendaci,
2746 608 2932 660 inania
2968 619 3221 676 sectatur,
3253 620 3302 663 et
3327 612 3585 680 perveniet
3618 612 3674 666 in
3709 611 3798 666 la-

2211 711 2400 765 queum
2433 696 2640 749 mortis.
2676 694 2740 749 lli
2773 697 2974 749 etenim
3005 697 3277 751 aedificant
3307 698 3410 753 sibi
3439 699 3654 765 domos,
3692 714 3794 755 no-

2213 785 2360 840 mine
2402 785 2702 842 Ecelesiam
2736 803 2873 857 quae
2919 797 3003 842 est
3046 788 3483 858 malignantium,
3535 791 3601 845 ad
3649 805 3793 861 quos

2211 892 2334 932 cum
2383 877 2560 932 ironia
2613 877 2853 933 dicitur:
2881 878 3197 948 IEdiﬁcasti
3250 881 3347 935 tibi
3389 882 3603 935 domum
3647 899 3790 937 com-

2212 979 2599 1035 mensuratam,
2643 971 2912 1024 (miracula
2944 973 3269 1041 per/latitia,
3305 972 3357 1026 in
3396 974 3596 1045 quibus
3630 974 3785 1030 refri-

2210 1063 2546 1131 gerationem
2603 1064 2873 1118 struxisse
2916 1065 3120 1132 opinati
3175 1075 3332 1131 sunt;
3382 1081 3480 1135 per
3520 1066 3789 1122 fenestras

2208 1171 2338 1210 vero
2370 1165 2457 1210 tua
2486 1157 2710 1231 aedilicia
2758 1158 2962 1210 lumine
2993 1158 3322 1227 cognitionis
3351 1159 3656 1214 illustrasse
3689 1175 3789 1228 pu-

2206 1257 2291 1302 tas
2335 1255 2389 1302 et
2437 1248 2600 1319 lignis
2644 1249 3073 1319 imputribilibus
3115 1250 3180 1305 ad
3216 1260 3544 1307 structuram
3590 1254 3786 1310 domus

2204 1349 2257 1395 te
2298 1357 2461 1395 usum
2497 1358 2641 1408 esse,
2682 1353 2737 1397 ct
2777 1342 2957 1413 pingis
3007 1344 3177 1399 minio
3226 1344 3548 1416 sanguinem
3576 1345 3786 1402 Christi

2203 1433 2514 1489 aemulatus.
2696 1442 2701 1447 ‘

2271 1619 2359 1675 15.
2408 1618 2667 1692 Nunquid
2711 1630 2769 1674 tu
2814 1622 3076 1693 regnabis,
3108 1621 3236 1693 quia
3266 1631 3322 1676 tu
3344 1623 3644 1689 contendes,
3671 1632 3779 1681 etc.

512 1702 837 1772 βασιλεύεις,
877 1708 924 1760 εἰ
952 1708 1046 1762 καὶ
1096 1708 1455 1782 παρωξύνθης
1486 1713 1543 1765 ἐν
1576 1714 1752 1786 κέδρῳ
1770 1713 1862 1769 τοῦ
1891 1717 2081 1788 πατρός

2204 1708 2308 1764 Sed
2357 1725 2464 1765 non
2509 1711 2787 1782 regnabis,
2822 1712 2925 1768 etsi
2961 1713 3256 1769 contendes
3302 1713 3358 1768 in
3397 1715 3562 1769 cedro
3610 1715 3783 1785 patris

510 1810 627 1847 σου.
681 1795 889 1867 Κέδρος
920 1799 949 1851 6
983 1799 1165 1870 πατὴρ
1221 1801 1314 1855 τοῦ
1372 1802 1720 1874 ἁμαρτωλοιλ
1765 1805 1980 1877 δένδρον
2041 1824 2081 1860 τι

2199 1804 2296 1858 tui.
2353 1802 2567 1859 Cedrus
2615 1804 2918 1872 peccatoris
2959 1814 3134 1874 pater,
3180 1805 3341 1860 arbor
3390 1807 3639 1876 quaedam
3683 1823 3782 1862 ex-

509 1882 732 1952 ὑψηλὸν,
769 1884 1136 1957 ὑπερήφανον,
1167 1890 1565 1962 ἀντικείμενον,
1601 1894 1630 1946 6
1673 1893 1937 1959 διάϐολος,
1979 1894 2012 1966 ἢ
2066 1897 2081 1949 ἐ

2194 1896 2360 1963 celsa,
2415 1895 2671 1965 superba,
2724 1895 3058 1964 adversaria,
3098 1896 3350 1952 diabolus
3395 1908 3499 1965 est,
3537 1899 3619 1953 vel
3648 1914 3779 1970 pra-

506 1973 683 2042 λόγων
718 1976 1007 2047 μοχθηρῶν
1030 1979 1232 2050 ἄρχων.
1271 1984 1332 2035 fit
1364 1982 1421 2035 δὲ
1449 1984 1673 2038 τοιαῦτα
1703 1987 2081 2057 οἰκοδομήσαν-

2193 2002 2388 2042 vorum
2439 1996 2632 2042 auctor
2672 2001 3015 2041 sermonum.
3070 1986 3173 2054 Qui
3219 2003 3349 2043 vero
3395 1990 3512 2046 haec
3540 1990 3779 2047 aediﬁca-

503 2080 599 2127 τες
656 2066 802 2137 λιμῷ
859 2069 1208 2127 ἀπολοῦνται.
1268 2076 1349 2127 Οὐ
1402 2075 1511 2143 γὰρ
1575 2075 1901 2146 φάγονται,
1951 2078 2081 2132 οὐδὲ

2197 2084 2345 2138 runt,
2394 2075 2537 2130 fame
2582 2074 2859 2144 peribunt.
2910 2074 3045 2129 Nam
3096 2093 3200 2130 non
3241 2079 3532 2144 comedent,
3579 2090 3629 2135 et
3671 2098 3777 2137 non

501 2156 765 2219 σείονται,
848 2157 965 2210 ἀλλ’
1016 2159 1160 2213 οὐδὲ
1215 2163 1612 2232 δικαιοσύνην
1663 2167 1960 2236 ἔγνωσαν,
2016 2168 2081 2240 μὴ

2197 2166 2401 2230 bibent,
2428 2167 2522 2221 sed
2577 2174 2632 2220 et
2665 2165 2945 2234 justitiam
2993 2183 3094 2220 non
3135 2178 3484 2237 cognoverunt
3525 2171 3594 2236 ⁸ο,
3645 2184 3773 2226 cum

508 2246 808 2314 ἐγνωκότες
840 2250 1101 2320 Χριστόν
1128 2251 1188 2304 τὸ
1209 2252 1265 2305 δὲ
1294 2254 1364 2307 τά
1415 2254 1598 2309 δίκαια
1643 2258 1904 2328 πράττειν
1939 2259 2087 2325 ἴδιον,

501 2337 662 2406 φησί,
698 2338 805 2392 τῶν
833 2341 1207 2407 γινωσκόντων
1238 2344 1328 2397 τὸν
1366 2345 1516 2399 Θεόν.
1552 2347 1672 2401 Τῶν
1700 2348 1756 2402 δὲ
1809 2350 1882 2422 μὴ
1915 2351 2091 2404 τοιού-

498 2443 612 2480 των
633 2427 757 2483 οὖτε
781 2433 829 2484 οἱ
854 2431 1122 2503 ὀφθαλμοὶ
1151 2434 1324 2499 καλοὶ,
1356 2439 1431 2509 μὴ
1464 2438 1751 2509 βλέποντες
1793 2444 1896 2514 τὴν
1953 2445 2087 2516 ἀλή-

500 2520 674 2584 θειαν,
706 2519 828 2608 οὔτε
863 2526 894 2593 ή
948 2526 1164 2596 καρδία,
1200 2526 1411 2597 ψευδῶν
1454 2533 1860 2605 πεπληρωμένη
1883 2535 2089 2608 δογμά-

497 2627 631 2672 των,
669 2612 735 2665 δι’
768 2606 843 2668 ὧν
887 2616 1214 2682 σφάλλοντες
1272 2620 1512 2691 ἑτέρους,
1563 2627 1878 2692 φονεύουσιν
1907 2630 2086 2685 αὐτῶν

495 2700 599 2767 τὰς
631 2702 830 2773 ψυχὰς,
860 2701 1000 2776 αἷμα
1030 2707 1206 2762 ἀθῶον
1238 2710 1523 2781 ἐκχέοντες
1554 2717 1618 2785 τῇ
1642 2715 1856 2790 γλώττῃ
1897 2718 2086 2788 ψευδεῖ

497 2792 595 2846 καὶ
638 2794 806 2868 δολία⁸
842 2796 1001 2850 τοῦτο
1049 2799 1105 2853 δὲ
1134 2800 1233 2871 τῆς
1272 2800 1360 2854 διὰ
1403 2805 1666 2875 τριφυοῦς
1715 2812 1900 2881 χεῖρον
1947 2828 2085 2881 σφα-

494 2897 623 2952 γης-

568 2972 658 3029 24.
690 2975 832 3029 Ἐὰν
851 2978 1172 3048 γενόμενος
1196 2981 1435 3052 γένηται
1466 2985 1752 3057 Ἰεχονίας
1776 2991 1908 3059 υἱὸς
1942 2993 2083 3048 Ἰωα-

495 3066 650 3134 κείμ.
687 3064 793 3121 Τὸν
827 3070 1082 3143 Ἰωακεὶμ
1110 3074 1298 3129 τοῦτον
1344 3077 1596 3148 Ἰεχονίαν
1662 3082 1929 3155 Ἱερεμίας
1978 3105 2078 3142 κα-

490 3156 593 3210 λετ⁸
632 3159 722 3212 τὸν
752 3160 810 3213 δὲ
830 3161 1019 3216 τούτου
1042 3165 1254 3238 πατέρα
1285 3167 1567 3240 Ἐλιακείμ
1597 3178 2076 3249 προσαγορευόμε-

490 3262 586 3300 νον
618 3247 875 3321 Ἰωακείμ
906 3250 1131 3306 ἐκάλεσε
1190 3256 1389 3327 Νεχαὼ
1447 3259 1680 3331 Φαραὼ,
1728 3264 1787 3318 ὃν
1818 3247 2023 3320 ἀνελων
2048 3271 2078 3322 6

492 3341 838 3408 Βαϐυλώνιος
875 3345 982 3416 πρὸ
1014 3347 1118 3418 τῆς
1164 3349 1341 3422 πύλης
1372 3353 1698 3425 ἀπέρριψεν,
1729 3356 1805 3422 ὡς
1835 3359 1864 3412 6
1886 3359 2075 3433 παρὼν

489 3435 777 3506 προφήτης
839 3435 1009 3505 λέγει,
1070 3438 1164 3492 καὶ
1220 3438 1481 3513 Ἰώσηπος
1515 3444 1573 3496 ὲν
1614 3448 1679 3516 τῇ
1720 3447 1922 3522 δεκάτῃ
1973 3451 2075 3521 τῆς

501 3527 960 3595 Ἀρχαιολογίας.
1021 3529 1095 3582 Τὸ
1142 3530 1199 3584 δὲ
1229 3532 1661 3608 ἀποσφράγισμα
1693 3541 1929 3609 σφραγὶς
1952 3542 2071 3609 ἐξέ-

488 3616 673 3669 δωκαν
722 3620 770 3672 οἱ
822 3619 1016 3674 λοιποί⁸
1053 3624 1288 3693 σφραγὶς
1340 3624 1398 3678 δὲ
1444 3626 1562 3697 ἦτοι
1626 3629 1881 3702 σφενδόνη
1916 3635 1974 3686 ἐν
2002 3638 2068 3707 τῇ

486 3704 641 3778 δεξιᾷ
658 3708 752 3761 τοῦ
786 3708 919 3762 Θεοῦ
952 3712 1162 3779 γίνεταί
1189 3730 1308 3777 πως
1337 3717 1365 3767 ὁ
1397 3715 1456 3767 τὸ
1487 3719 1605 3769 κατ’
1632 3721 1816 3774 εἰκόνα
1842 3721 1929 3775 διὰ
1976 3704 2073 3794 μελ

485 3800 708 3863 τανοίας
744 3799 1202 3874 ἀναλαμπρύνων·
1240 3806 1376 3879 ἔργα
1417 3807 1525 3880 γὰρ
1551 3810 1732 3879 ἀγαθά
1757 3817 1960 3869 νοεῖται
2002 3815 2071 3870 τὰ

480 3888 638 3955 δεξιὰ
663 3890 757 3944 τοῦ
782 3893 939 3958 Θεοῦ,
967 3895 1061 3948 τοῦ
1094 3897 1163 3951 τὰ
1185 3897 1436 3968 πρόϐατα
1470 3901 1726 3968 ἱστῶντος
1773 3907 1837 3959 ὲκ
1859 3905 2064 3972 δεξιῶν.

489 3984 597 4038 Ἠν
621 3983 681 4038 δὲ
712 3986 983 4057 σφραγῖδα
1012 3986 1090 4058 τῷ
1138 3989 1335 4062 ἀσώτῳ
1362 3988 1489 4064 ὐίῷ
1534 3993 1765 4051 δέδωκεν
1811 3999 1840 4052 6
1886 4001 2068 4077 πατήρ

483 4073 897 4145 ἐπιστρέψαντι.
961 4077 1138 4149 ’Ὀπερ
1170 4080 1219 4132 εἰ
1275 4078 1497 4148 γέγονεν
1560 4082 1835 4154 Ἰεχονίας,
1895 4073 2067 4154 τύπος

479 4169 596 4231 τοῖς
628 4168 892 4236 ὑπηκόοις
937 4169 1216 4233 εὐσεϐείας
1248 4170 1480 4239 ἐγένετο.
1551 4173 1688 4227 Ἀλλ’
1740 4176 1801 4230 οὐ
1849 4178 2061 4248 γέγονε.

480 4258 629 4330 Πλὴν
660 4258 807 4326 ἔδοξε
844 4258 922 4331 τῷ
962 4261 1216 4335 προφήτῃ
1265 4262 1548 4319 πείθεσθαι
1586 4266 1838 4337 φήσαντι⁹
1880 4271 1935 4322 Ὁ
1970 4272 2067 4327 ἐκ-

478 4352 883 4419 πορευόμενος
910 4352 1061 4421 πρὸς
1110 4351 1178 4407 τὸ
1216 4353 1487 4422 χωρῆσαι
1537 4357 1688 4426 πρὸς
1736 4360 1880 4428 τοὺς
1909 4365 2065 4419 Χαλ-

2192 2256 2470 2312 Christum
2540 2273 2648 2311 non
2705 2258 3096 2327 cognoverint;
3163 2260 3311 2329 juste
3360 2262 3506 2316 enim
3572 2264 3771 2331 facere,

2190 2362 2403 2415 eorum,
2456 2349 2656 2418 inquit,
2706 2349 2800 2417 qui
2851 2348 3021 2404 Deum
3072 2362 3448 2421 cognoscunt,
3488 2359 3768 2426 preprium

2189 2449 2294 2495 est.
2328 2440 2433 2507 Qui
2462 2458 2595 2497 vero
2633 2444 2770 2498 tales
2799 2458 2908 2496 non
2945 2455 3095 2512 sunt,
3128 2462 3305 2517 neque
3352 2449 3542 2504 oculos
3569 2449 3772 2505 habent

2189 2531 2386 2597 bonos,
2417 2548 2543 2587 cum
2570 2550 2679 2589 non
2718 2538 2939 2593 videant
2967 2538 3273 2605 veritatem,
3315 2556 3492 2609 neque
3519 2556 3638 2606 cor,
3669 2541 3771 2596 falo

2187 2639 2375 2679 Surum
2419 2625 2736 2694 dogmatum
2784 2629 3030 2697 plenum,
3063 2644 3162 2699 per
3192 2645 3314 2699 quae
3345 2631 3485 2685 alios
3526 2631 3580 2686 in
3615 2647 3770 2688 erro—

2187 2729 2301 2767 rem
2348 2715 2629 2771 trahentes
2672 2720 2885 2773 animas
2925 2734 3115 2774 eorum
3177 2730 3393 2784 necent,
3445 2724 3768 2793 sanguinem

2184 2807 2533 2864 innocentem
2585 2809 2875 2867 fundentes
2931 2812 3116 2883 lingua
3146 2816 3398 2870 mendaci
3446 2825 3500 2872 et
3542 2817 3764 2888 dolosa;

2182 2899 2328 2970 quod
2354 2899 2512 2969 pejus
2535 2909 2806 2971 estquam
2844 2903 3041 2973 triplici
3075 2905 3256 2974 gladio
3277 2906 3550 2977 jugulare.

2250 2989 2343 3046 24.
2363 2990 2423 3047 Si
2436 2992 2612 3062 factus
2636 2994 2797 3062 fuerit
2821 2993 3106 3050 Jechouias
3122 2996 3271 3067 ﬁlius
3294 2996 3524 3052 Joacim.
3546 2996 3761 3055 Joacitn

2104 3126 2147 3186 ο
2182 3085 2654 3143 huncJechoniam
2676 3089 3252 3160 nuncupatJeremias;
3269 3105 3479 3162 patrem
3498 3110 3625 3150 vero
3639 3095 3762 3166 ejus

2179 3183 2400 3237 nomine
2427 3181 2655 3237 Eliacim
2678 3180 2887 3238 Joacim
2916 3185 3207 3252 appellavit
3246 3183 3467 3242 Nechao
3510 3186 3757 3254 Pharao,

2178 3287 2341 3343 quem
2400 3289 2524 3328 cum
2562 3274 2926 3330 interfecisset
2965 3275 3321 3346 Babylonius,
3369 3290 3495 3334 ante
3543 3290 3755 3350 portam

2179 3365 2427 3435 proiecit,
2461 3375 2521 3420 ut
2559 3368 2825 3436 propheta
2860 3367 2949 3422 hic
2976 3368 3072 3432 ait,
3105 3378 3160 3423 et
3191 3371 3331 3425 libro
3357 3371 3757 3442 Antiquitatum

2174 3454 2533 3510 Iudaicarum
2573 3457 2788 3512 decimo
2819 3457 3095 3529 Josephus
3133 3462 3349 3517 asserit.
3396 3461 3754 3534 Signaculum

2179 3563 2331 3615 vero,
2386 3551 2567 3604 caeteri
2625 3551 2863 3621 sigillum
2916 3553 3255 3621 interpretati
3303 3566 3452 3611 sunt.
3504 3557 3756 3628 Sigillum

2181 3654 2310 3693 vero
2346 3641 2429 3693 vel
2461 3641 2581 3709 pala
2615 3641 2670 3694 in
2697 3657 2861 3696 manu
2887 3641 2979 3697 Dei
3012 3643 3071 3698 fit
3093 3646 3499 3714 quodammodo
3531 3649 3626 3718 qui
3657 3648 3754 3704 Dei

2176 3727 2470 3798 imaginem
2498 3745 2594 3798 per
2624 3732 3004 3800 pwnitentiam
3038 3736 3270 3803 pristino
3299 3737 3537 3791 restituit
3565 3739 3753 3807 nitori;

2174 3829 2270 3884 per
2299 3815 2440 3870 bona
2471 3818 2617 3871 enim
2650 3834 2818 3888 opera
2855 3821 3176 3891 intelligitur
3218 3826 3440 3880 dextera
3472 3826 3568 3882 Dei
3600 3844 3750 3898 pars,

2172 3905 2265 3974 qui
2319 3920 2450 3962 oves
2497 3908 2730 3963 collocat
2778 3910 2845 3964 ad
2900 3910 3200 3966 dexteram.
3259 3912 3430 3980 Quem
3487 3919 3750 3975 annulum

2174 3998 2284 4053 tilio
2315 3999 2545 4069 prodigo
2588 4002 2877 4054 revertenti
2919 4000 3069 4056 dedit
3101 4014 3273 4073 pater.
3305 4006 3458 4073 Quod
3496 4010 3543 4065 si
3574 4010 3750 4069 factus

2169 4098 2318 4145 esset
2336 4088 2648 4156 Jecbonias,
2676 4091 2865 4160 utique
2893 4093 3125 4150 subditis
3147 4096 3307 4167 301
3335 4100 3549 4168 pietatis
3572 4117 3751 4158 exem-

2168 4181 2289 4252 plar
2323 4181 2541 4236 fuisset.
2592 4179 2698 4236 Sed
2731 4197 2838 4235 non
2870 4183 3094 4242 effectus
3118 4199 3221 4244 est.
3257 4190 3639 4248 Verumtamen
3666 4195 3750 4250 vi-

2169 4289 2291 4328 sum
2321 4282 2404 4329 est
2428 4273 2708 4343 propheta:
2733 4274 2955 4331 obedire
2979 4277 3180 4349 dicenti
3203 4283 3247 4314 δι
3274 4303 3286 4338 :
3318 4285 3423 4350 Qui
3450 4288 3749 4357 egredietur

2160 4377 2226 4419 .ut
2255 4365 2323 4419 ad
2352 4365 2632 4420 Chalrtwos
2665 4371 3026 4440 transeat,qui
3051 4375 3415 4431 concluserqu
3444 4396 3555 4449 vos,
3589 4382 3740 4438 vivet.

475 4441 686 4508 δαίους
745 4443 888 4510 τοὺς
941 4447 1450 4514 συγκεκλεικότας
1520 4448 1678 4519 ὑμᾶς
1703 4490 1719 4517 ,
1801 4452 2059 4521 ζήσεται.

2181 4457 2434 4527 Egressus
2465 4459 2610 4513 enim
2636 4472 2740 4520 est,
2771 4470 2998 4517 matrem
3022 4476 3382 4540 potentesque
3412 4488 3521 4526 una
3555 4488 3742 4530 secum

490 4533 712 4603 Ἐξῆλθε
743 4534 853 4607 γὰρ
885 4536 1226 4608 ἑπαγόμενος
1257 4537 1353 4591 καὶ
1382 4538 1481 4610 τὴν
1541 4544 1752 4613 μητερα
1808 4548 1903 4601 καὶ
1932 4550 2059 4614 τοὺς

473 4625 734 4691 δυνατοὺς
763 4628 1143 4701 αὐτομολήσας
1187 4633 1333 4703 πρὸς,
1373 4634 1501 4700 τοὺς
1547 4635 1940 4705 Βαϐυλωνίους.
1993 4642 2056 4696 Εἰ

472 4714 530 4767 δὲ
557 4716 666 4788 γὰρ
695 4718 927 4783 τελείαν,
985 4722 1171 4792 φησὶν,
1229 4725 1542 4790 ἐπεδείξατο
1591 4728 1689 4801 τὴν
1741 4732 2055 4802 μετάνοιαν,

472 4804 617 4860 ὥστε
652 4809 747 4863 καὶ
779 4812 1052 4882 σφραγῖδα
1107 4814 1361 4882 γενέσθαι
1392 4818 1493 4888 τῆς
1551 4822 1610 4874 ὲν
1667 4828 1935 4896 περιτομῇ
1980 4827 2057 4880 δι-

473 4899 763 4973 καιοσύνης
792 4903 933 4959 κατά
958 4903 1049 4957 τὸν
1077 4905 1220 4960 θεῖον
1254 4909 1594 4977 Ἀπόστολον,
1629 4914 1706 4978 ὡς
1727 4917 1873 4971 κατὰ
1896 4917 2054 4972 τοῦτο

470 4989 647 5046 δοκεῖν
677 4994 735 5045 ὲν
780 4993 932 5066 δεξιᾷ
972 4995 1072 5048 τοῦ
1111 4996 1269 5064 Θεοῦ,
1308 5000 1523 5067 πάντως
1555 5003 1621 5057 ἂν
1655 5007 1923 5080 παρεδόθη
1975 5010 2053 5063 δί-

473 5097 576 5152 κην
600 5083 816 5153 ὑφέξων
860 5086 967 5140 τῶν
1007 5087 1200 5159 πρώην
1244 5092 1670 5166 ἡμαρτημένων,
1723 5100 1772 5153 εἰ
1824 5101 1918 5154 καί
1951 5119 2050 5171 με-

470 5175 795 5248 τριωτέραν.
876 5179 986 5232 Ἐν·
1024 5180 1303 5236 Βαϐυλῶνι
1365 5185 1474 5257 γὰρ
1548 5191 1939 5259 σωφρονισθεὶς
1996 5195 2055 5249 ὲν

469 5263 660 5336 εἰρκτῇ
683 5267 778 5320 καὶ
810 5267 1030 5339 δεσμοῖς
1062 5268 1226 5323 πάλιν
1274 5272 1472 5327 Εὐῖλάδ
1513 5276 1785 5350 Μερωδὰχ
1817 5282 2050 5356 μετέστη

468 5354 608 5428 πρὸς
679 5358 865 5413 ἄνεσιν
888 5403 903 5426 ,
977 5363 1287 5434 ὁμοδίαιτος
1368 5367 1659 5439 γενόμενος
1740 5372 1819 5443 τῷ
1898 5354 2052 5445 βασιέ

470 5444 570 5501 λεί·
596 5447 694 5504 καὶ
717 5447 891 5515 οὕτως
915 5451 972 5506 ἐν
1002 5453 1259 5525 ἀλλοτρίᾳ
1290 5454 1599 5524 καταλύσας
1626 5459 1718 5514 τὸν
1757 5461 1891 5531 βίον.

566 5742 610 5778 "
632 5745 794 5809 Prov.
827 5767 939 5823 xxx,
961 5755 1013 5810 6.
1130 5758 1176 5790 ⁸ο
1197 5756 1393 5817 .lerem.
1442 5778 1574 5831 un,
1603 5764 1686 5820 l5.

2167 4550 2451 4607 adducens
2493 4552 2778 4624 transfuga
2819 4559 2886 4611 ad
2910 4556 3263 4630 Babylonios.
3310 4562 3466 4630 Quod
3495 4566 3543 4621 si
3568 4565 3744 4636 perfe-

2164 4651 2333 4709 ctam,
2368 4644 2564 4713 inquit,
2615 4647 2998 4715 puanitentiam
3050 4653 3404 4721 ostendisset,
3459 4665 3521 4711 ut
3546 4673 3743 4714 secun-

2163 4733 2293 4788 dum
2326 4734 2571 4789 divinum
2598 4738 2919 4807 Apostolum
2971 4740 3313 4810 signaculum
3352 4746 3498 4803 illius
3525 4764 3647 4820 quae
3683 4751 3741 4807 in

2162 4827 2586 4884 circumcisione
2627 4837 2731 4896 est,
2760 4830 2986 4899 justitia:
3023 4833 3199 4890 factus
3231 4847 3393 4906 esset,
3425 4849 3485 4895 u-t
3521 4841 3576 4896 in
3602 4842 3740 4898 dex-

2162 4924 2276 4969 tera
2307 4913 2400 4969 Dei
2433 4917 2643 4985 positus
2670 4919 2977 4975 secundum
3007 4923 3114 4979 hoc
3143 4924 3438 4994 videretur,
3468 4945 3602 4986 sane
3633 4941 3741 4988 tra-

2158 5005 2304 5060 ditus
2349 5008 2544 5064 fuisset
2588 5010 2831 5080 priorum
2882 5014 3232 5085 iniquitatum
3277 5038 3500 5077 suarum
3544 5039 3738 5094 pinnas

2160 5096 2412 5167 daturus,
2461 5101 2566 5156 etsi
2617 5102 3034 5163 moderatiores.
3104 5108 3242 5165 Nam
3294 5130 3417 5169 cum
3461 5113 3734 5186 Babylone

2157 5187 2213 5242 in
2266 5206 2488 5248 carcere
2533 5209 2599 5249 ac
2634 5194 2867 5252 vinculis
2914 5195 3128 5268 penitus
3169 5203 3510 5273 resipuisset,
3536 5222 3735 5265 rursus

2155 5279 2345 5338 Evilad
2379 5284 2670 5342 Merodach
2731 5289 3010 5346 relaxatus
3046 5301 3166 5358 est,
3218 5294 3394 5351 factus
3438 5299 3551 5368 regi
3594 5314 3731 5355 con-

2156 5375 2495 5444 tubernalis;
2546 5394 2612 5434 ex
2639 5395 2752 5449 quo
2791 5381 2844 5437 in
2890 5382 3069 5439 aliena
3112 5392 3256 5441 terra
3284 5388 3425 5443 diem
3453 5390 3590 5447 obiit
3632 5408 3732 5449 ex-

2153 5473 2409 5522 tremum.

1798 5769 1837 5801 ⁸¹
1858 5770 2057 5837 Jercm.
2096 5796 2208 5850 ut,
2235 5775 2288 5834 9.
