4218 6292
470 309 570 363 5H

448 382 455 391 Χ
1066 428 1219 483 CAP.
1285 425 1474 480 XXIII.

550 518 641 574 16.
688 520 873 581 Nolite
921 522 1108 575 audire
1152 518 1309 572 verba
1349 517 1751 586 prop/acturum.
1796 519 2059 577 Prohibet

472 622 587 666 nun
635 611 957 680 simpliciter
1003 607 1324 679 prophetam
1365 608 1586 675 audire,
1634 609 1730 664 sed
1774 626 2058 669 sermones

472 702 866 773 prOphetarum
917 701 987 754 ad
1032 701 1392 756 imitationem
1446 702 1736 758 confictos.
1792 703 1928 758 Nam
1961 705 2056 775 qui

474 794 626 848 ttudit
647 794 990 863 prophetam,
1024 802 1083 847 ut
1105 792 1369 865 Moysem,
1398 810 1508 849 non
1534 796 1737 866 ipsum,
1761 796 1854 852 sed
1883 795 2052 852 Deum

475 885 625 939 audit
668 900 765 954 per
808 901 933 939 eum
984 886 1322 956 loquentem.
1384 887 1877 959 Pseudoprophetze
1923 906 2055 946 vero

474 992 609 1031 vana
661 978 891 1048 fingunt.
939 979 1076 1033 Cum
1122 980 1268 1034 enim
1314 996 1421 1034 non
1463 990 1810 1047 convertant,
1851 998 2054 1037 vanum

469 1064 711 1120 clilciunt
768 1070 1073 1125 auditorem
1106 1112 1120 1137 ,
1175 1072 1442 1126 Visionem
1496 1074 1681 1129 cordis
1744 1074 2050 1144 loquentes.

471 1156 625 1213 Meus
672 1160 874 1230 quippe
900 1161 1109 1232 absque
1147 1162 1241 1217 Dei
1288 1165 1493 1220 auxilio
1545 1181 1635 1219 res
1674 1166 2050 1233 considerans,

473 1252 740 1308 visionem
791 1255 994 1320 cordis,
1036 1270 1145 1309 non
1182 1272 1247 1310 ex
1285 1272 1379 1310 ore
1406 1256 1650 1327 loquitur
1677 1256 1858 1313 dantis
1885 1259 2052 1315 verita

466 1355 518 1399 et
555 1345 936 1402 illuminantis.
990 1346 1336 1418 Quandoque
1372 1364 1502 1404 vero
1543 1348 1877 1404 conveniunt
1913 1350 2053 1406 visio

466 1438 668 1500 Cordis.
721 1439 944 1511 orisque
977 1440 1195 1495 Domini
1248 1442 1513 1508 verbum;
1571 1452 1907 1513 quapropter
1942 1459 2050 1498 non

466 1528 787 1598 simpliciter
814 1533 1081 1587 visionem
1108 1535 1291 1589 cordis
1319 1536 1684 1604 reprehendit,
1713 1539 1806 1593 sed
1833 1539 2053 1607 quando

466 1622 698 1676 alterum
744 1623 960 1690 ιιι-ηοω
1000 1624 1189 1694 juncta
1232 1634 1363 1680 sunt
1399 1636 1581 1682 autem
1615 1628 1759 1698 apud
1801 1643 1929 1683 eum
1954 1629 2050 1699 qui

466 1713 599 1768 dicit
621 1713 667 1745 ⁸¹
695 1734 707 1769 :
739 1714 936 1769 Precor
965 1732 1072 1785 ore,
1110 1733 1298 1787 precor
1320 1727 1370 1772 ct
1396 1730 1586 1776 mente.

488 1876 504 1894 ⁴
534 1898 623 1954 i9.
657 1897 792 1955 Ecce
818 1902 1100 1956 commotio
1133 1920 1167 1955 a
1189 1901 1443 1956 Domino.
1478 1902 1776 1973 Prophetat
1801 1906 1869 1961 de
1902 1921 2054 1962 com-

462 1993 706 2046 motione
735 2002 787 2046 et
821 1993 897 2047 ira
928 1992 1142 2048 Domini
1177 1994 1491 2064 egrediente
1540 1996 1593 2048 in
1623 1995 1839 2066 impios.
1875 1997 2054 2053 Furor

465 2098 576 2138 non
607 2094 691 2139 est
720 2099 995 2152 reversus,
1046 2101 1154 2140 non
1181 2086 1530 2157 simpliciter,
1560 2088 1655 2143 scd
1694 2089 1872 2145 donec
1902 2089 2050 2147 fece-

459 2177 534 2231 rit
557 2177 689 2231 illud
724 2179 924 2247 :quasi
959 2187 1239 2235 revertens
1286 2188 1577 2250 postquam
1627 2180 1837 2237 fecerit.
1890 2182 2049 2248 Quod

459 2284 594 2323 vero
625 2286 733 2324 non
764 2268 891 2325 fecit
921 2271 1146 2327 verbum
1180 2271 1419 2340 Domini,
1458 2271 1616 2328 furor
1646 2273 1865 2329 Domini
1891 2272 2045 2331 facit.

459 2357 603 2426 Quid
642 2372 822 2418 autem
864 2362 1017 2418 furor
1041 2363 1257 2418 Domini
1310 2365 1497 2431 faciat,
1526 2366 1602 2419 ait
1632 2366 1801 2421 David
1821 2367 1870 2399 ⁸³
1895 2384 1908 2418 :
1940 2366 2049 2420 Do-

461 2454 623 2519 mine,
647 2471 710 2509 ne
738 2455 790 2508 in
818 2456 998 2525 furore
1021 2465 1110 2511 tuo
1135 2474 1332 2528 arguas
1361 2475 1460 2515 me.
1495 2458 1665 2530 Igitur
1697 2468 1888 2530 arguet
1911 2460 2048 2514 assi—

462 2545 591 2609 due,
620 2545 795 2600 douec
819 2546 980 2602 faciat
1011 2547 1061 2602 id
1090 2558 1311 2619 prOpter
1337 2550 1487 2620 quod
1515 2550 1726 2621 arguit;
1759 2551 1834 2605 ita
1859 2560 1920 2605 ut
1945 2565 2048 2605 nec

461 2635 618 2690 furor
648 2637 883 2706 perfecte
909 2640 1145 2695 erudiat.
1174 2639 1293 2695 Non
1342 2650 1555 2697 tantum
1582 2658 1713 2697 vero
1743 2642 1925 2707 faciet,
1951 2644 2044 2700 sed

461 2734 516 2778 et
541 2735 743 2781 statuet
786 2738 841 2783 et
878 2730 1248 2785 conﬁrmabit.
1301 2732 1442 2787 Illud
1474 2748 1604 2787 vero
1625 2732 1694 2798 “,
1742 2735 1806 2787 ab
1833 2751 2046 2805 aggres-

464 2818 610 2871 sione
635 2820 811 2873 cordis
841 2822 946 2885 sui,
974 2837 1098 2876 cum
1136 2823 1207 2877 sit
1236 2823 1492 2893 aenigma,
1530 2824 1585 2877 in
1611 2825 1933 2893 novissimo,
1961 2827 2046 2881 in-

464 2909 604 2977 quit,
640 2911 995 2981 intelligetur,
1025 2914 1093 2967 de
1127 2912 1195 2967 iis
1223 2913 1435 2970 scilicet
1461 2931 1584 2985 quae
1612 2916 1829 2973 dixerat
1857 2919 1923 2973 de
1954 2917 2038 2974 fu-

464 3015 591 3055 rore
614 3011 669 3055 et
699 3003 799 3056 ira.
830 3003 1048 3059 Gratias
1093 3004 1259 3075 igitur
1302 3005 1379 3060 illi
1411 3007 1506 3076 qui
1539 3007 1700 3065 nobis
1734 3024 1800 3064 ea
1830 3013 2043 3067 revela-

464 3090 543 3144 vit
570 3106 692 3161 qua:
714 3099 872 3146 erant
902 3092 1167 3148 hactenus
1195 3093 1539 3150 abscondita.

538 3274 630 3328 25.
673 3274 815 3329 Deus
862 3279 1293 3349 appropinquans
1339 3295 1433 3349 ego
1478 3297 1614 3335 sum.
1656 3281 1887 3353 Propter
1940 3285 2044 3340 hoc

462 3384 574 3421 non
613 3383 698 3421 me
744 3368 1020 3423 latuerunt
1064 3370 1117 3423 in
1161 3370 1506 3440 iniquitatem
1552 3374 1814 3444 populum
1859 3391 2043 3431 meum

462 3460 825 3529 impellentes.
870 3461 974 3528 Qui
1012 3463 1158 3518 enim
1202 3465 1481 3534 propheta:
1520 3466 1617 3521 dat
1662 3478 1724 3522 ut
1761 3469 1900 3525 sciat
1922 3485 2047 3539 qua:

462 3551 665 3622 ubique
706 3565 962 3623 aguntur,
1006 3557 1178 3609 multo
1230 3557 1403 3625 magis
1447 3558 1561 3628 ipse
1609 3561 1781 3615 novit.
1811 3559 2043 3631 Spiritus

459 3643 608 3697 enim
638 3643 853 3698 Domini
895 3645 1106 3714 replevit
1138 3647 1317 3700 orbem
1356 3658 1616 3703 terrarum
1640 3652 1720 3716 ⁸⁸;
1753 3661 1807 3706 et
1838 3654 1893 3706 in
1920 3654 2036 3722 ipso

460 3735 703 3802 vivimus,
740 3736 903 3807 302
942 3754 1227 3803 movemur,
1258 3751 1310 3794 et
1341 3758 1524 3795 sumus
1551 3743 1619 3810 ⁸⁸,
1647 3756 1704 3799 ut
1737 3743 1946 3801 Paulus
1976 3747 2043 3802 ad

459 3826 825 3884 Athcnienses
858 3831 1016 3885 dixit.
1062 3830 1252 3886 Simile
1288 3842 1342 3887 et
1375 3834 1509 3888 illud
1534 3835 1579 3867 ⁸⁷
1613 3854 1626 3889 :
1655 3835 1913 3907 Nunquid
1943 3854 2045 3891 cae-

459 3919 572 3973 tum
611 3930 662 3973 et
700 3930 898 3975 terram
936 3939 1030 3993 ego
1060 3940 1164 3977 non
1194 3923 1410 3993 impleo,
1443 3925 1575 3980 dicit
1602 3926 1901 3984 Dominus?
1940 3928 2045 3983 Po-

461 4011 628 4065 tentia
669 4012 814 4067 euim
852 4030 953 4068 sua
991 4016 1248 4072 omnibus
1292 4019 1717 4088 appropinquat.
1766 4018 1832 4073 Et
1857 4036 2046 4091 preces

465 4104 635 4175 igitur
670 4106 736 4159 ad
764 4104 931 4161 Deum
964 4122 1075 4163 non
1108 4118 1168 4164 ut
1194 4111 1473 4166 absentem
1506 4112 1665 4168 fiunt.
1718 4110 1786 4166 Et
1813 4112 1881 4168 de
1904 4111 2044 4168 Filio

459 4194 661 4253 dicitur
676 4198 723 4230 ³⁸
743 4216 757 4253 :
778 4198 845 4253 In
870 4203 1064 4254 mundo
1087 4213 1220 4267 erat,
1241 4211 1291 4257 et
1310 4204 1536 4259 mundus
1559 4220 1651 4274 per
1678 4206 1850 4275 ipsum
1867 4206 2043 4273 factus

457 4296 559 4343 est.
603 4290 724 4358 Ipse
766 4293 911 4345 enim
956 4301 1040 4347 cst
1082 4292 1178 4363 qui
1215 4295 1388 4349 dicit:
1418 4296 1557 4350 Deus
1610 4300 2043 4370 appropinquans

458 4392 554 4450 ego
587 4396 728 4437 sum.
777 4379 912 4434 Nam
944 4391 998 4434 et
1024 4382 1163 4436 dixit
1187 4383 1267 4436 3°:
1297 4382 1397 4437 Ubi
1427 4385 1531 4439 duo
1572 4386 1650 4439 vel
1690 4397 1795 4441 tres
1826 4406 2041 4459 congre-

1903 306 1995 360 ES
2033 304 2335 361 ORIGENE

2089 441 2137 495 Α

3644 307 3749 371 572

2807 429 2964 482 ΚΕΦ.
3003 429 3128 484 Kl".

2242 519 2326 573 16.
2363 519 2459 585 Μὴ
2501 520 2749 573 ἀκούετε
2790 520 2933 586 τοὺς
2975 523 3197 590 λόγους
3245 520 3362 575 τῶν
3406 530 3746 594 προφητῶν.

2179 610 2535 681 Ἀπαγορεύει
2568 612 2630 663 οὐ
2686 614 2972 684 προφήτην
2998 614 3183 679 ἁπλῶς
3215 616 3457 680 ἀκούειν,
3502 618 3639 675 ἀλλά
3669 620 3753 676 λό-

2164 719 2295 771 γους
2331 703 2627 775 προφητῶν
2663 704 2721 758 ἐν
2782 708 3011 777 μιμήσει
3044 708 3508 781 προφερομένους.
3554 713 3612 766 Ὁ
3638 714 3748 787 γὰρ

2165 795 2383 849 ἀκούων
2414 796 2721 867 προφήτου,
2753 791 2864 851 οἷον
2897 798 3196 864 Μωῦσέως,
3244 801 3344 854 οὐκ
3391 802 3579 869 αὑτοῦ,
3613 806 3748 862 ἀλλὰ

2163 889 2372 960 Κυρίου
2400 887 2587 943 ἀκούει
2621 889 2709 943 διὰ
2735 891 2927 944 τούτου
2955 889 3264 957 λαλοῦντος.
3297 895 3361 947 Οἱ
3381 896 3435 948 δὲ
3454 895 3745 970 ψευδοπροο

2158 980 2335 1050 φῆται
2364 978 2676 1051 ματαιοῦσι·
2712 978 2791 1050 τῷ
2824 980 2931 1052 7&9
2984 982 3059 1054 μὴ
3121 983 3473 1057 ἐπιστρέφειν
3533 988 3744 1043 ποιοῦσι

2160 1070 2251 1124 τὸν
2286 1070 2550 1124 ἀκούοντα
2612 1071 2860 1142 μάταιον,
2921 1071 3107 1144 ὅρασιν
3167 1076 3397 1147 καρδίας
3435 1076 3738 1145 λαλοῦντες.

2160 1160 2306 1224 Νοῦς
2348 1161 2477 1233 γὰρ,
2534 1161 2840 1215 ἐπιϐάλλων
2879 1163 3166 1235 πράγμασι
3201 1169 3369 1239 χωρὶς
3428 1168 3566 1223 Θεοῦ
3616 1159 3741 1241 βρη-

2161 1252 2312 1318 θείας
2357 1255 2548 1323 ὅρασιν
2581 1255 2829 1327 καρδίας,
2893 1257 2995 1311 οὐκ
3026 1258 3133 1311 ἀπὸ
3168 1260 3433 1331 στόματος
3465 1262 3618 1316 λαλεῖ
3648 1264 3741 1318 τοῦ

2160 1344 2524 1416 χορηγοῦντος
2577 1348 2751 1399 εἰπεῖν
2811 1348 2907 1401 xal.
2963 1348 3305 1417 φωτίζοντος.
3354 1354 3508 1406 Ἔστι
3541 1353 3599 1407 δὲ
3652 1355 3753 1409 ὅτε

2163 1439 2445 1509 συντρέχει
2469 1438 2696 1511 καρδίας
2716 1441 2906 1511 ὅρασις
2948 1443 3042 1495 καὶ
3108 1442 3374 1513 στόματος
3408 1446 3615 1518 Κυρίου
3663 1447 3744 1500 λὸο

2158 1545 2272 1597 γος·
2304 1529 2427 1583 ὅθεν
2460 1531 2558 1600 οὐχ
2586 1530 2773 1594 ἁπλῶς
2811 1531 2969 1601 ψέγει
3016 1532 3113 1603 τὴν
3145 1534 3335 1605 ὅρασιν
3368 1536 3467 1605 τῆς
3497 1538 3739 1610 καρδίας,

2158 1620 2271 1673 ἀλλ’
2304 1622 2432 1675 ὅταν
2458 1622 2531 1694 μὴ
2573 1623 2801 1693 προσείη
2840 1623 2901 1675 τὸ
2930 1623 3136 1695 ἕτερον·
3178 1626 3455 1697 συντρέχει
3501 1628 3560 1681 δὲ
3592 1629 3742 1702 παρὰ

2157 1712 2238 1784 τῷ
2271 1714 2504 1784 λέγοντι⁸
2531 1716 2954 1785 Προσεύχομαί
2972 1732 3035 1769 τε
3072 1716 3152 1783 τῷ
3188 1720 3457 1787 στόματι,
3488 1725 3740 1788 προσεύ-

2079 1793 2128 1856 B
2158 1821 2335 1874 χομαι
2367 1804 2437 1857 δὲ
2465 1804 2545 1870 τῷ
2569 1808 2683 1860 νοΐ.

2234 1897 2318 1953 19.
2365 1896 2519 1951 Ἰδοὺ
2559 1899 2813 1968 σεισμὸς
2877 1901 3037 1970 παρὰ
3098 1904 3344 1971 Κυρίου.
3399 1904 3737 1979 Προφητεύει

2160 1987 2290 2059 περὶ
2309 1987 2403 2041 τοῦ
2430 1990 2659 2061 σεισμοῦ
2692 1991 2786 2044 καὶ
2826 1992 2998 2063 ὀργῆς
3047 1995 3254 2066 Κυρίου
3306 1997 3737 2069 ὲκπορευομένης

2158 2080 2251 2132 ἐπὶ
2310 2081 2436 2144 τοὺς
2485 2082 2720 2146 ἀσεϐεῖς.
2779 2084 2837 2138 '0
2885 2085 3055 2157 θυμὸς
3106 2088 3206 2141 οὐκ
3262 2088 3600 2161 ἀπεστράφη,
3635 2092 3732 2162 οὐχ

2158 2169 2364 2236 ἁπλῶς,
2394 2171 2507 2225 ἀλλ’
2536 2171 2642 2235 ἓως
2675 2171 2741 2226 ἂν
2773 2177 2975 2248 ποιήσῃ
2999 2176 3152 2231 αὐτό·
3177 2180 3254 2241 ὡς
3283 2179 3730 2251 ἀποστρέφοντος,

2156 2259 2294 2314 ὲπάν
2324 2262 2547 2334 ποιήσῃ.
2580 2263 2644 2315 Ὃ
2675 2262 2732 2316 δὲ
2774 2264 2849 2336 μὴ
2882 2265 3151 2338 πεποίηκε
3186 2267 3343 2337 λόγος
3382 2268 3611 2341 Κυρίου,
3643 2269 3737 2321 θυ-

2158 2355 2259 2426 μὸς
2290 2355 2496 2426 Κυρίου
2528 2357 2691 2409 ποιεῖ.
2736 2355 2800 2410 Τί
2845 2357 2902 2411 δὲ
2958 2357 3129 2429 θυμὸς
3163 2360 3368 2431 Κυρίου
3400 2364 3565 2426 ποιεί,
3592 2361 3739 2430 λέγει

2153 2447 2320 2502 sane
2348 2450 2405 2501 ὲν
2438 2447 2534 2518 τῷ·
2559 2450 2755 2518 Κύριε,
2785 2449 2873 2518 μὴ
2905 2449 2986 2515 τῷ
3007 2450 3171 2521 θυμῷ
3199 2468 3314 2507 σου
3367 2452 3621 2524 ἐλέγξῃς
3638 2470 3735 2524 με.

2154 2540 2364 2595 Οὐκοῦν
2406 2541 2647 2612 ἐλέγχων
2704 2543 2764 2595 οὐ
2819 2541 3122 2608 παύσεται,
3176 2544 3282 2608 ἕως
3334 2546 3536 2617 ποιήσῃ
3578 2545 3646 2599 δι’
3675 2537 3739 2599 οῦ

2152 2632 2383 2702 ὲλέγχει’
2414 2633 2490 2696 ὡς
2516 2632 2637 2686 οὐδὲ
2674 2634 2707 2704 ἡ
2762 2635 2900 2705 ὀργὴ
2963 2636 3125 2707 μέχρι
3174 2635 3394 2701 τελείως
3448 2638 3734 2712 παιδεύσῃ.

2151 2724 2227 2777 Οὐ
2260 2725 2420 2794 μόνον
2451 2723 2508 2777 δὲ
2534 2725 2770 2795 ποιήσει,
2797 2725 2934 2779 ἀλλὰ
2960 2727 3054 2780 καὶ
3083 2728 3270 2799 στήσει
3296 2729 3390 2782 καὶ
3426 2727 3737 2799 βεϐαιώσει.

2151 2817 2224 2870 Τὸ
2253 2818 2331 2881 δὲ,
2365 2816 2482 2871 ἀπὸ
2512 2817 2938 2889 ἐγχειρήματος
2964 2820 3215 2890 καρδίας
3271 2823 3482 2888 αὑτοῦ,
3508 2822 3734 2895 αἴνιγμα

2148 2908 2209 2962 ὃν
2244 2911 2330 2963 ἐπ’
2368 2909 2624 2980 ἐσχάτου,
2653 2912 2807 2979 φησὶ,
2851 2912 3207 2983 νοηθήσεται,
3242 2913 3438 2986 δηλαδὴ
3471 2915 3601 2987 περὶ
3626 2914 3735 2968 τῶν

2149 3002 2455 3075 εἰρημένων
2481 3001 2609 3071 περί
2645 3020 2705 3056 τε
2747 3002 2920 3074 θυμοῦ
2943 3005 3037 3059 καὶ
3076 3004 3267 3076 ὀργῆς.
3303 3006 3478 3077 Χάρις
3525 3002 3619 3060 οὖν
3656 3006 3736 3078 τῷ

2148 3093 2281 3164 ἡμῖν
2312 3092 2726 3162 ἀποκαλύψαντι
2750 3093 2820 3149 τὰ
2856 3094 3019 3167 μέχρι
3057 3095 3151 3149 τοῦ
3198 3096 3463 3168 παρόντος
3492 3114 3736 3171 κεκρυμρ

2148 3184 2306 3256 μένα.

2214 3277 2301 3332 25.
2340 3277 2486 3344 Θεὸς
2508 3278 2752 3349 ἐγγίζων
2771 3277 2889 3348 ἐγώ
2915 3280 3054 3349 ειμι.
3091 3278 3189 3332 Διά
3213 3279 3373 3334 τοῦτο
3402 3279 3502 3333 οὐκ
3546 3278 3735 3335 ἔλαθόν

2151 3383 2220 3437 με
2255 3368 2336 3431 εἰς
2361 3368 2626 3439 πονηρίαν
2647 3369 2738 3423 τὸν
2763 3368 2892 3422 λαόν
2920 3385 3021 3439 μου
3047 3367 3382 3439 ὼθήσαντες.
3418 3370 3477 3425 Ὀ
3509 3370 3617 3442 γὰρ
3639 3372 3734 3425 καὶ

2146 3461 2399 3532 προφήτῃ
2430 3460 2606 3524 διδοὺς
2639 3461 2838 3515 εἰδέναι
2876 3462 2947 3514 τὰ
2979 3460 3276 3533 πανταχοῦ,
3318 3461 3499 3533 πολλῷ
3533 3464 3735 3534 μᾶλλον

2145 3549 2287 3607 οἶδεν
2313 3553 2498 3617 αὐτός.
2523 3553 2769 3624 Πνεῦμα
2806 3553 2916 3626 7&9
2952 3555 3173 3622 Kvplov
3215 3555 3572 3623 πεπλήρωκε
3620 3554 3736 3621 τὴν

2146 3644 2528 3715 οἰκουμένην
2566 3647 2660 3699 καὶ
2692 3645 2761 3699 ἐν
2787 3645 2949 3712 αὐτῷ
2999 3644 3204 3716 ζῶμεν,
3236 3647 3333 3700 καὶ
3389 3649 3731 3717 κινούμεθα,

2147 3735 2245 3789 καὶ
2284 3733 2492 3803 ἐσμὲν,
2552 3735 2627 3800 ὼς
2678 3738 2707 3789 ὁ
2759 3734 2968 3799 Παῦλος
3028 3735 3163 3807 πρὸς
3231 3734 3545 3806 Ἀθηναίους
3603 3735 3727 3806 ἔφη.

2147 3826 2398 3881 Τοιοῦτον
2424 3828 2518 3881 καὶ
2544 3828 2625 3892 τὸ,
2662 3827 2811 3897 Οὐχὶ
2838 3827 2945 3880 τὸν
2987 3826 3267 3895 οἰφανὸν,
3316 3828 3413 3882 καί
3457 3826 3573 3896 τὴν
3619 3825 3734 3896 γῆν

2144 3919 2260 3991 ἐγὼ
2292 3919 2524 3989 πληρῶ,
2548 3919 2709 3989 λέγει
2746 3920 2964 3986 Κύριος
2976 3935 2995 3984 ;
3054 3917 3132 3991 Τῇ
3178 3919 3403 3990 δυνάμει
3428 3919 3536 3990 γὰρ
3565 3917 3731 3972 αὐτοῦ

2148 4015 2318 4067 πᾶσιν
2346 4012 2574 4083 ἐγγίζει.
2610 4013 2720 4066 Kal.
2748 4012 2907 4081 εὐχαὶ
2956 4011 3067 4081 ἄρα
3093 4012 3191 4082 οὐχ
3243 4011 3320 4075 ὡς
3370 4011 3505 4083 πρὸς
3543 4011 3734 4083 πόρρω

2146 4106 2277 4160 ὄντα
2306 4107 2585 4175 γίγνονται
2615 4105 2707 4158 τὸν
2727 4103 2882 4157 Θεόν.
2909 4104 3020 4157 Καὶ
3052 4103 3182 4175 περὶ
3205 4103 3299 4157 τοῦ
3327 4102 3459 4157 Υίοῦ
3483 4103 3541 4156 δὲ
3578 4103 3732 4171 λέγε-

2145 4215 2258 4252 ται⁹
2298 4199 2394 4251 Ἐν
2419 4195 2500 4262 τῷ
2540 4198 2759 4265 κόσμῳ,
2792 4192 2891 4265 ἦν,
2928 4195 3028 4249 καὶ
3070 4197 3102 4249 ό
3152 4197 3382 4262 κόσμος
3422 4193 3496 4245 δι’
3547 4191 3732 4248 αὐτοῦ

2144 4289 2402 4359 ἐγένετο.
2434 4287 2607 4353 Αὐτὸς
2633 4287 2741 4359 γὰρ
2769 4290 2797 4341 ὁ
2820 4289 2914 4340 καὶ
2938 4286 3133 4356 λέγων·
3171 4284 3317 4350 Θεὸς
3353 4283 3594 4354 ἐγγίζων
3618 4282 3732 4352 ἐγώ

2145 4383 2281 4451 εἰμι.
2315 4382 2427 4434 Καὶ
2471 4379 2581 4452 γὰρ
2629 4379 2851 4451 ἔφησεν·
2884 4380 3068 4432 Ὅπου
3114 4376 3223 4431 δύο
3268 4378 3364 4431 καὶ
3398 4377 3553 4444 τρεῖς
3583 4391 3729 4431 συν-

460 4471 575 4540 gati
609 4472 662 4524 in
699 4472 905 4525 nomine
929 4487 1076 4535 meo,
1121 4480 1172 4524 et
1207 4489 1301 4541 ego
1338 4489 1457 4525 sum
1496 4475 1552 4527 in
1590 4476 1761 4530 medio
1790 4478 2040 4542 illorum;

2151 4471 2390 4542 ηγμένοι
2432 4473 2519 4536 εὶς
2574 4471 2642 4524 τὸ
2699 4470 2849 4539 ἐμὸν
2889 4470 3097 4539 ὄνομα,
3148 4468 3310 4538 κάγώ
3335 4472 3450 4539 ειμι
3474 4469 3733 4539 ἐνμέσῳ

461 4562 554 4630 qui
585 4562 748 4618 etiam
790 4563 923 4617 dicit
944 4562 991 4594 ⁹⁰
1018 4579 1033 4616 :
1057 4560 1192 4615 Ecce
1231 4577 1324 4631 ego
1359 4561 1622 4617 uobiscum
1660 4580 1778 4620 sum
1801 4567 2043 4623 omnibus

461 4653 646 4709 diebus
673 4672 835 4725 usque
857 4656 926 4709 ad
950 4653 1459 4709 consummationem
1482 4657 1688 4711 seculi.

533 4836 626 4890 ει.
678 4835 933 4906 Nunquid
974 4841 1161 4894 caelum
1201 4851 1251 4895 et
1297 4848 1494 4894 terram
1534 4855 1627 4910 ego
1663 4856 1767 4893 non
1806 4840 2042 4911 impleo?

464 4928 621 4984 Sicut
657 4930 803 4982 enim
845 4931 990 4985 nulla
1023 4949 1150 5002 pars
1188 4934 1436 5005 corporis
1472 4947 1668 5003 expers
1702 4941 1787 4987 est
1818 4934 2038 4999 animae,

2150 4561 2367 4617 αὐτῶν-ο
2404 4563 2431 4614 ὁ
2461 4560 2556 4614 καὶ
2586 4560 2781 4629 λέγων·
2850 4559 3004 4615 Ἰδοὺ
3053 4559 3169 4628 ἐγώ
3223 4563 3339 4629 ειμι
3391 4563 3521 4631 μεθ’
3566 4559 3732 4631 ὑμῶν

2150 4653 2355 4719 πάσας
2410 4650 2519 4717 τὰς
2568 4650 2795 4722 ἡμέρας
2858 4650 2970 4717 ἕως
3035 4652 3147 4720 τῆς
3196 4636 3565 4721 ’συντελείας
3623 4652 3733 4707 τοῦ

2149 4745 2383 4810 αἰῶνος.

2218 4838 2308 4893 24.
2365 4837 2464 4906 Μὴ
2521 4839 2651 4907 οὐχὶ
2711 4837 2820 4893 τὸν
2867 4837 3127 4907 οὐρανὸν
3175 4838 3271 4893 καὶ
3306 4837 3420 4905 τὴν
3445 4839 3563 4909 γῆν
3617 4838 3733 4909 ἐγὼ

2149 4926 2394 4997 πληρῶ;
2442 4929 2530 4991 Ὠς
2554 4927 2662 4999 7&9
2692 4928 2794 4998 τῆς
2821 4927 3093 5001 ἡμετέρας
3130 4926 3311 4999 ψυχῆς
3336 4927 3488 4981 οὐδὲν
3512 4927 3607 4982 τοῦ
3630 4926 3734 4982 σώ-

464 5023 558 5078 sed
593 5021 905 5091 ubicunque
944 5038 1162 5090 sensus,
1209 5026 1282 5079 ibi
1319 5034 1375 5078 ct
1418 5025 1598 5079 anima
1623 5065 1638 5089 ,
1672 5024 1748 5079 ita
1784 5024 1922 5079 nihil
1946 5023 2041 5080 Dei

2152 5039 2325 5094 ματος
2354 5022 2581 5093 ἔρημον,
2615 5019 2729 5074 ἀλλ’
2754 5021 2889 5074 ὅπου
2929 5020 3203 5093 αἴσθησις,
3238 5022 3355 5074 ἐκεῖ
3413 5021 3504 5074 καὶ
3562 5021 3729 5093 ψυχὴ,

465 5130 720 5178 vacuum,
754 5122 808 5169 et
839 5120 1019 5169 tamen
1051 5117 1235 5171 omnia
1266 5118 1517 5187 implens.
1559 5125 1899 5187 peccatorem
1931 5133 2039 5173 non

2151 5115 2243 5170 καὶ
2269 5114 2363 5168 ἐπὶ
2403 5114 2511 5167 πᾶν
2542 5111 2735 5181 φθάνει
2762 5111 2824 5166 τὸ
2854 5111 3035 5184 σῶμα,
3062 5110 3205 5165 οὕτω
3249 5112 3343 5165 καὶ
3395 5112 3545 5166 οὐδὲν
3577 5114 3733 5168 κενὸν

464 5209 679 5279 implet.
723 5205 1021 5276 Spiritibus
1062 5209 1204 5265 enirn
1258 5209 1558 5264 immundis
1598 5209 1793 5279 plenus
1833 5217 1936 5275 est,
1986 5219 2042 5265 et

2151 5206 2241 5262 τοῦ
2268 5205 2428 5259 Θεοῦ’
2476 5204 2589 5259 Kal.
2622 5204 2772 5276 ὅμως
2816 5205 2912 5259 καὶ
2969 5204 3150 5259 πάντα
3192 5203 3415 5274 πληρῶν
3446 5205 3507 5257 οὺ
3541 5205 3735 5274 πληροῖ

467 5299 779 5371 huiusmodi
811 5307 872 5353 ut
898 5299 1189 5370 impleatur
1213 5316 1242 5353 a
1273 5299 1384 5355 Deo
1406 5300 1521 5356 fieri
1556 5315 1666 5354 non
1696 5310 1897 5369 potest,
1931 5300 2039 5356 nisi

2151 5301 2239 5354 τὸν
2271 5297 2611 5371 ἁμαρτωλὸν⁹
2648 5297 2972 5369 πνευμάτων
3004 5295 3114 5368 7&9
3147 5296 3472 5369 ἀκαθάρτων
3523 5298 3733 5369 πεπλή-

464 5392 532 5447 al)
562 5392 824 5446 omnibus
859 5391 981 5446 aliis
1003 5406 1125 5461 qure
1164 5393 1345 5461 ipsum
1391 5391 1636 5462 implent,
1673 5407 1879 5447 vacuus
1927 5393 2037 5448 tiat.

2154 5407 2343 5462 ρωται,
2368 5390 2463 5443 καὶ
2497 5387 2588 5441 τὸν
2614 5386 2854 5441 τοιοῦτον
2883 5386 3141 5439 ἀδύνατον
3192 5385 3296 5439 ὑπὸ
3328 5385 3464 5439 Θεοῦ
3514 5385 3733 5459 πληρω-

462 5478 599 5538 Nam
644 5484 839 5554 dignos
880 5483 1070 5553 implet
1121 5482 1176 5536 in
1219 5482 1361 5536 caalo
1409 5492 1464 5537 et
1515 5482 1570 5536 in
1608 5490 1776 5537 terra.
1828 5482 2043 5538 Domini

2153 5480 2331 5550 θῆναι,
2371 5478 2446 5550 μὴ
2477 5479 2587 5532 τῶν
2613 5478 2788 5533 ἄλλων
2841 5477 2949 5531 τῶν
2980 5477 3329 5549 πληρούντων
3368 5476 3730 5548 ἀπηλλαγμέ-

464 5574 610 5627 enim
644 5590 752 5628 non
784 5583 925 5628 terra
966 5583 1021 5628 et
1042 5573 1228 5627 omnia
1256 5588 1378 5641 qua:
1410 5574 1463 5629 in
1487 5588 1551 5628 ea
1575 5582 1728 5641 sunt,
1754 5574 1849 5629 sed
1879 5582 2043 5641 terra,

2151 5590 2259 5628 νον.
2292 5572 2431 5635 Τοὺς
2451 5569 2559 5643 γὰρ
2593 5569 2775 5635 ἀξίους
2828 5569 3027 5642 πληροῖ
3053 5570 3113 5623 ὲν
3137 5568 3353 5643 οὐρανῷ
3407 5586 3468 5624 τε
3515 5570 3608 5624 καὶ
3634 5571 3727 5641 γῇ.

532 5676 577 5705 ³⁹
603 5675 624 5727 1
654 5675 775 5728 Cor.
810 5692 916 5737 xw,
956 5675 1039 5727 l5.
1116 5672 1163 5705 ⁸³
1190 5670 1327 5725 Psal.
1356 5688 1429 5736 γι,
1468 5673 1522 5735 2,
1564 5680 1620 5725 et
1658 5687 1857 5733 xxxv",
1883 5671 1937 5724 2.
2012 5668 2047 5699 "

2152 5684 2283 5723 rem.
2331 5683 2492 5731 χχιιι,
2519 5668 2607 5721 20.
2683 5667 2729 5697 ⁸⁸
2756 5667 2994 5736 Sapicut.
3027 5684 3059 5720 ι.
3097 5670 3145 5721 τι
3218 5669 3265 5701 “
3289 5669 3410 5727 Act.
3444 5687 3575 5737 xvu,
3608 5670 3699 5726 9.8.

462 5742 505 5775 ⁸⁷
534 5743 732 5798 Jercm.
766 5760 913 5807 xxm,
943 5744 1035 5795 ‘2‘.
1111 5742 1155 5773 ³⁸
1185 5739 1339 5793 Joun.
1372 5758 1407 5807 ι,
1444 5741 1527 5795 ll).
1604 5741 1646 5773 ”
1679 5740 1866 5795 Matth.
1900 5755 2049 5809 mu,
2074 5740 2165 5792 20.
2238 5737 2284 5771 ”
2313 5737 2500 5793 Matth.
2528 5751 2712 5801 xxvm,
2743 5737 2840 5795 20.
