4218 6292
481 304 587 364 573

1669 291 1981 349 SELECTA
2021 289 2089 344 IN
2124 284 2494 343 JEREMIAM.

3626 267 3731 324 δτι

481 425 595 483 Τοῦ
632 423 741 494 γὰρ
767 421 988 489 Κυρίου
1042 416 1164 489 οὐχὶ
1197 420 1230 488 ἡ
1263 416 1337 485 γῆ
1369 414 1465 469 καὶ
1504 413 1684 467 πάντα
1707 411 1776 464 τὰ
1812 412 1868 463 ἐν
1896 410 2055 478 αὐτῇ,
2086 455 2093 467 ,

2105 409 2134 464 λ
2160 415 2207 460 et
2245 402 2516 476 plenitudo
2555 398 2667 467 ejus
2689 397 2767 462 9';
2808 393 2966 464 quasi
3012 393 3068 447 in
3109 391 3225 461 ipsa
3252 387 3363 443 sint
3386 382 3607 455 quidam
3633 382 3729 450 qui

708 476 784 584 γῆ
815 476 914 566 καὶ
954 510 1020 565 τὸ
1410 504 1617 574 αὐτῆς,
1673 504 1748 567 ὡς
1786 502 1952 558 ὄντων
2002 476 2059 554 έν

2161 496 2440 569 plenitudo
2476 504 2631 547 terrae
2668 505 2774 542 non
2822 495 2971 541 sunt.
3010 482 3298 538 Plenitudo
3336 476 3535 535 etenim
3572 484 3732 529 terra:

479 609 617 679 αὐτῇ
651 564 909 659 ἓιᾷυέν
951 564 1051 657 οὖκ
1101 564 1220 657 εἰσί.
1267 564 1743 672 πλήρωμαυγῆςξ
1781 596 2062 668 Πλήρωμα

2163 564 2312 654 suut,
2354 586 2447 656 qui
2487 592 2615 639 sunt
2655 580 2860 651 impleti
2905 577 2972 631 ab
3008 592 3074 631 eo
3110 574 3203 645 qui
3237 571 3376 626 dixit
3416 586 3430 622 :
3475 564 3733 637 Nunquid

479 699 590 771 γὰρ
627 699 727 770 τῆς
782 697 886 767 γῆς
942 698 991 749 οἱ
1046 693 1467 765 πεπληρωμένοι
1523 690 1632 745 ἀπὸ
1651 688 1745 744 τοῦ
1795 689 2057 750 εἰπόντος’

489 792 634 865 Οὐχὶ
669 791 779 846 τὸν
812 789 1076 859 οὐρανὸν
1104 787 1201 841 καὶ
1235 784 1352 853 τὴν
1394 783 1512 855 γῆν
1546 781 1661 852 ἐγὼ
1682 779 1914 849 πληρῶ,
1965 777 2065 832 λέ·-

488 902 571 955 τει
598 884 855 951 Κύριος;

554 974 647 1029 28.
688 970 1029 1041 Προφήτης,
1063 971 1134 1025 ἐν
1168 962 1217 1035 ᾦ
1257 967 1325 1022 τὸ
1363 965 1650 1021 ἐνύπνιόν
1689 964 1840 1024 ἐστι,
1870 962 2070 1029 διηγη-

486 1067 716 1120 σὰσθω.
764 1063 982 1133 Ἐπειδὴ
1031 1063 1125 1115 καὶ
1181 1062 1229 1114 οἱ
1259 1056 1699 1130 ψευδοπροφῆται
1725 1052 2070 1123 κατεχρῶντο

484 1158 585 1231 τῷ,
616 1156 762 1212 Τάδε
790 1155 953 1226 λέγει
1018 1156 1266 1222 Κύριος,
1329 1151 1457 1213 τοὺς
1509 1147 1728 1219 ἀληθεῖς
1783 1145 2111 1215 προφήτας·

488 1248 930 1319 ὑποκρινόμενοι,
958 1246 1067 1299 ἔδει
1099 1245 1165 1316 δὴ
1211 1243 1450 1313 σημείων
1499 1236 1913 1293 διαστελλόντων
1942 1236 2071 1286 exa-

488 1337 704 1408 τέρους.
732 1329 844 1387 Ἦν
869 1334 967 1404 μὲν
997 1329 1091 1386 οὖν
1143 1330 1283 1384 κατὰ
1321 1329 1414 1382 τὸν
1456 1325 1776 1381 Ἀπόστολον
1829 1322 2071 1393 πνευμά-

491 1447 598 1484 των
635 1427 962 1500 διακρίσεως
994 1425 1262 1497 χάρισμα,
1297 1423 1393 1476 καὶ
1423 1423 1452 1474 6
1481 1419 1640 1474 τοῦτο
1667 1418 1804 1490 έχων
1835 1416 2069 1486 διέκρινε

493 1519 800 1590 πνεύματα,
834 1518 902 1573 τά
924 1535 984 1570 τε
1015 1517 1135 1570 θεῖα
1162 1516 1290 1568 ὄντα
1322 1514 1415 1566 καὶ
1448 1511 1516 1565 τὰ
1543 1508 1774 1582 πονηρὰ,
1822 1507 2071 1578 καθάπερ

492 1605 906 1681 ἀργυραμοιΰδς
949 1605 1011 1658 τὸ
1045 1604 1289 1675 νόμισμα
1329 1600 1392 1654 τὸ
1423 1598 1643 1670 δόκιμόν
1678 1612 1739 1649 τε
1762 1594 1857 1649 καὶ
1885 1592 2072 1661 κίϐδη-

492 1700 601 1753 λον.
636 1699 821 1771 Χωρὶς
849 1698 906 1752 δὲ
939 1697 1038 1768 τῆς
1062 1693 1357 1764 καθολικῆς
1382 1690 1691 1762 ἐπιστήμης
1723 1688 1819 1742 καὶ
1864 1685 1926 1739 τὸ
1975 1682 2072 1738 νῦν

494 1790 778 1863 εἰρημένον
802 1790 959 1860 ἀρκεῖ
979 1786 1116 1859 πρὸς
1156 1786 1449 1857 διάκρισιν.
1491 1785 1548 1836 '0
1595 1781 1705 1853 γὰρ
1749 1778 1906 1847 λόγος
1943 1793 2066 1847 μου,

494 1884 683 1955 φησὶν,
713 1883 773 1936 οὐ
807 1881 1054 1943 διάκενος
1076 1879 1171 1932 καὶ
1198 1877 1463 1950 τρόφιμος
1493 1874 1724 1942 ἀλόγων,
1764 1870 1877 1924 ἀλλ’
1907 1868 2073 1924 οἱονεὶ

496 1975 642 2035 σῖτος
677 1971 773 2025 καὶ
803 1968 1038 2038 λογικῶν
1060 1967 1258 2039 τροφή.

564 2064 655 2118 28.
702 2063 763 2116 Τί
788 2060 854 2115 τὸ
882 2060 1113 2129 ἄχυρον
1144 2059 1293 2125 πρὸς
1323 2056 1430 2110 τὸν
1458 2053 1661 2116 σῖτον;
1697 2051 1762 2103 Τί
1805 2049 1884 2110 δὲ,
1922 2046 1984 2102 Τί
2006 2045 2074 2101 τὸ

497 2155 729 2223 ἄχυρον
749 2151 899 2219 πρὸς
912 2151 1018 2204 τὸν
1029 2149 1202 2203 σῖτον
1217 2143 1389 2210 εἶπεν,
1413 2145 1526 2200 ἀλλ’
1551 2144 1613 2197 οὐ
1642 2142 1794 2210 πρὸς
1826 2137 2077 2208 κριθήν;

499 2240 790 2313 Παρέθηκε
823 2240 932 2312 γὰρ
970 2241 998 2292 6
1032 2238 1237 2310 Κύριος
1259 2238 1478 2308 ἄρτους,
1524 2235 1651 2299 τοὺς
1685 2234 1782 2305 μὲν
1803 2230 2078 2303 κριθίνους

499 2335 616 2395 τοῖς
640 2331 1019 2404 ἀλογωτέροις,
1066 2330 1194 2393 τοὺς
1238 2328 1295 2382 δὲ
1354 2327 1610 2398 πυρίνους
1665 2326 1775 2387 τοῖς
1821 2322 2076 2390 λογικοῖς.

499 2425 592 2474 Διὸ
618 2422 714 2475 καὶ
741 2418 837 2473 νῦν
864 2421 967 2473 οὐκ
1014 2418 1139 2490 ἔφη·
1174 2419 1236 2472 Τί
1265 2417 1335 2472 τὸ
1363 2417 1592 2486 ἄχυρον
1615 2413 1764 2483 πρὸς
1809 2412 1925 2479 τὴν
1960 2428 2082 2479 κρι-

499 2510 651 2578 θήνξ
678 2508 814 2563 ἀλλὰ
841 2508 989 2578 πρὸς
1034 2508 1142 2562 τὸν
1164 2508 1370 2572 σῖτον,
1420 2506 1519 2577 τὴν
1566 2504 1789 2576 λογικὴν
1838 2500 2081 2574 ἀκριϐῶς

500 2601 818 2673 παρέστησε
848 2601 1076 2673 τροφήν.
1122 2598 1278 2654 Ἔστι
1306 2598 1362 2651 δὲ
1418 2597 1514 2651 καὶ
1538 2596 1666 2650 ἄλλο
1708 2595 1950 2664 σημεῖον·
1999 2593 2080 2646 ὅτι

503 2694 553 2747 οἱ
586 2692 735 2762 λόγοι
771 2692 978 2764 Κυρίου
1028 2693 1106 2755 ὡς
1146 2690 1315 2756 πέλυξ
1356 2690 1574 2744 κόπτων
1622 2686 1850 2757 πέτραν’
1880 2685 2009 2738 ὅταν
2052 2684 2082 2735 6

506 2780 781 2853 ἀκροατὴς
810 2780 1164 2852 ἐλεγχόμενος
1205 2780 1448 2850 καίηται,
1484 2776 1624 2830 ὥστε
1676 2774 1874 2843 λέγειν·
1934 2772 2082 2842 Οὐχὶ

505 2877 546 2943 ἡ
595 2873 811 2943 καρδία
839 2890 959 2943 μου
982 2870 1263 2942 καιομένη
1295 2868 1374 2941 ἦν
1392 2871 1463 2923 ἐν
1486 2868 1650 2938 apol;
1679 2865 1792 2938 πῦρ
1813 2865 1908 2920 καὶ
1937 2864 2084 2927 σῖτός

508 2967 657 3018 ἐστιν
681 2966 709 3018 6
729 2963 904 3031 λόγος.
936 2962 999 3016 Εἰ
1024 2962 1081 3016 δὲ
1106 2963 1364 3034 τέρπεται
1389 2959 1498 3015 τῶν
1518 2959 1642 3014 καθ’
1668 2957 1860 3029 ἡδονὴν
1882 2956 2086 3029 ἀκροώ-

512 3072 689 3150 μενος,
720 3055 835 3150 οὐκ⁸
854 3055 1052 3150 αχυρα,
1080 3052 1216 3107 ἀλλὰ
1256 3052 1422 3119 πέλυξ
1468 3051 1638 3114 ἐστὶν,
1666 3050 1727 3103 οὗ
1758 3048 1893 3114 ξύλα
1927 3048 2085 3119 μόνον
2115 3089 2160 3150 c

506 3146 754 3211 δυνατὸς,
785 3143 923 3198 ἀλλὰ
949 3145 1043 3197 καὶ
1072 3144 1277 3215 πέτραν
1311 3143 1525 3206 διελεῖν,
1560 3143 1621 3196 οὐ
1652 3141 1750 3213 τὴν
1780 3139 1922 3194 κατὰ
1964 3141 2091 3212 Χρι-

509 3238 635 3293 στὸν
664 3236 984 3308 νοουμένην,
1011 3234 1148 3289 ἀλλὰ
1175 3234 1272 3306 τὴν
1298 3233 1566 3299 ἐναντίαν,
1593 3234 1660 3306 ἢν
1680 3233 1763 3287 δεῖ
1800 3230 2091 3302 τέμνεσθαι

509 3328 655 3385 κατὰ
682 3328 766 3393 τὸ,
823 3325 1332 3395 Συντριόῆσονται
1394 3326 1606 3394 πέτραι
1651 3322 1909 3378 ἐνώπιον
1977 3325 2094 3376 Κυ-

501 3422 664 3492 ρίου.

585 3514 673 3570 50.
721 3513 868 3570 Ἰδοὺ
918 3513 1033 3584 ἐγὼ
1064 3510 1163 3565 διὰ
1187 3509 1362 3565 τοῦτο
1411 3507 1562 3577 πρὸς
1592 3506 1732 3570 τοὺς
1785 3505 2095 3574 προφήτας

516 3606 660 3673 τοὺς
717 3606 1089 3669 κλέπτοντας
1149 3602 1292 3667 τοὺς
1338 3601 1560 3669 λόγους
1603 3615 1744 3667 μου.
1809 3597 2020 3667 ’Ὠσπερ
2066 3597 2095 3649 ὁ

513 3698 813 3769 πριάμενος
849 3697 1084 3767 ἱμάτιον,
1138 3692 1373 3764 εἰτύχοι
1424 3692 1552 3761 παρ’
1598 3684 1658 3743 οὗ
1712 3688 1812 3750 δεῖ,
1848 3687 2096 3757 νομίμως

513 3789 628 3861 ἔχει
653 3787 832 3842 τοῦτο·
861 3789 890 3841 ὁ
916 3788 973 3841 δὲ
1002 3785 1207 3856 κλέψας
1255 3783 1367 3854 ἔχει
1421 3783 1544 3854 μὲν,
1597 3780 1710 3834 ἀλλ’
1740 3779 1802 3833 οὐ
1846 3778 2089 3842 δικαίως·

511 3882 655 3935 οὕτω
692 3880 802 3934 τῶν
843 3879 1205 3932 διδασκόντων
1262 3875 1369 3930 ἀπὸ
1410 3873 1633 3945 Γραφῆς
1679 3872 1727 3924 oi
1765 3870 1904 3941 νόθῳ
1948 3869 2090 3940 ψυχῇ

515 3974 609 4027 καὶ
637 3970 1050 4042 κεκηλιδωμένῃ
1092 3968 1161 4021 τὰ
1221 3967 1440 4038 ῥήματα
1475 3965 1733 4036 φέροντες
1781 3961 2091 4015 κλέπτουσιο

517 4066 646 4137 περὶ
674 4058 748 4118 ὧν
779 4061 975 4132 λέγοιτ’
1006 4055 1071 4115 ἄν
1095 4077 1108 4091 ·
1136 4058 1368 4123 Πάντες
1406 4056 1541 4110 ὅσοι
1570 4050 1763 4124 ἦλθον
1788 4046 1899 4120 πρὸ
1923 4049 2093 4120 ἐμοῦ,

514 4155 768 4212 κλέπται
797 4153 915 4208 εἰσὶ
941 4152 1042 4207 καὶ
1072 4148 1316 4219 λῃσταί,
1363 4147 1463 4201 καὶ
1513 4148 1625 4200 οὐκ
1665 4143 1946 4212 ἤκουσαν
1986 4143 2094 4196 αὺ-

516 4247 637 4302 τῶν
666 4248 737 4302 τὰ
770 4246 1052 4317 πρόϐατα.
1088 4241 1340 4306 Τοιοῦτος
1371 4243 1401 4295 6
1447 4241 1591 4312 λόγῳ
1618 4237 1898 4310 χρώμενος
1927 4235 2095 4304 εὐαγ-

519 4336 743 4407 γελικῷ,
784 4334 858 4407 μὴ
905 4334 1085 4387 πίστει
1134 4331 1474 4403 διακείμενος
1525 4329 1662 4400 πρὸς
1713 4327 1904 4392 αὑτὸν,
1962 4325 2097 4398 μηδὲ

2164 698 2269 737 non
2309 679 2495 734 coelum
2524 686 2573 730 et
2613 684 2811 728 terram
2854 687 2947 743 ego
2997 668 3219 737 impleo,
3264 664 3394 718 dicit
3440 659 3738 715 Dominus!

2236 941 2327 997 23.
2371 940 2655 1010 Propheta,
2691 937 2746 991 in
2773 949 2874 1005 quo
2925 929 3188 984 somnium
3217 934 3314 990 est,
3348 931 3545 977 narret.
3587 918 3737 985 Quo.

2169 1032 2314 1084 niam
2360 1037 2414 1084 et
2448 1006 2940 1098 pseudopmphetaa
2980 1015 3347 1072 almtebautur
3370 1009 3552 1064 verbis
3592 1006 3734 1061 illis:

2174 1121 2302 1176 ΙΙιεο
2335 1122 2465 1174 dicit
2494 1119 2770 1182 Dominus,
2815 1126 2977 1167 veros
3020 1107 3313 1178 prophetas
3355 1099 3739 1162 ementientes,

2170 1229 2309 1283 opus
2334 1222 2454 1267 erat
2479 1211 2648 1283 signis
2673 1223 2793 1277 quae
2822 1214 3085 1271 utrosque
3119 1197 3510 1252 discernerent.
3536 1189 3602 1243 Et
3626 1194 3744 1243 erat

2171 1319 2305 1358 sane
2335 1279 2637 1357 secundum
2690 1294 3009 1367 Apostolum
3057 1288 3349 1360 Spirituum
3395 1279 3742 1339 discretionis

2172 1396 2397 1458 donum,
2439 1400 2493 1446 et
2533 1390 2624 1460 qui
2673 1389 2804 1442 illud
2845 1384 3097 1447 habebat,
3129 1377 3465 1450 dijudicabat
3495 1373 3740 1444 spiritus,

2173 1487 2287 1542 sive
2311 1485 2505 1548 bonos,
2540 1482 2654 1537 sive
2679 1479 2877 1543 malos,
2918 1470 3383 1547 quemadmodum
3432 1463 3742 1520 mensarius

2174 1577 2445 1631 numisma
2473 1575 2586 1628 sive
2611 1573 2864 1642 probum,
2889 1569 3006 1623 sive
3040 1565 3422 1620 adulteratum.
3471 1557 3575 1612 Sed
3605 1570 3744 1625 pra:-

2173 1678 2255 1723 ter
2283 1666 2564 1722 scientiam
2589 1662 2919 1732 generalem,
2945 1657 3078 1714 satis
3105 1663 3189 1710 est
3213 1652 3278 1707 ad
3303 1646 3746 1710 discernendum,

2105 1740 2146 1793 B
2174 1768 2229 1814 et
2254 1760 2359 1814 hoc
2377 1756 2520 1827 quod
2549 1754 2711 1809 modo
2736 1753 2954 1807 dicitur.
2979 1747 3113 1803 Nam
3140 1759 3320 1801 sermo
3342 1754 3518 1797 meus.
3548 1734 3747 1827 inquit,

2179 1866 2287 1905 non
2310 1826 2517 1904 vacuus
2538 1856 2641 1908 est,
2676 1852 2731 1898 et
2761 1842 3009 1897 nutriens
3032 1837 3258 1902 bestias,
3288 1832 3384 1890 sed
3412 1830 3570 1903 quasi
3607 1826 3750 1883 triti-

2178 1956 2330 2007 cum,
2356 1939 2622 2007 cibusque
2650 1931 3021 1988 rationalium.

2252 2039 2345 2094 ‘28.
2389 2037 2530 2102 Quid
2561 2034 2713 2103 palea
2749 2032 2817 2086 ad
2854 2029 3135 2083 triticum?
3172 2025 3283 2080 Cur
3313 2036 3464 2085 vero,
3495 2018 3621 2086 quid
3655 2033 3754 2089 pa-

2184 2130 2269 2184 lea
2296 2128 2365 2182 ad
2395 2127 2654 2191 triticum,
2690 2131 2745 2178 et
2773 2136 2881 2175 non
2908 2118 2976 2172 ad
3002 2116 3256 2170 hordeum
3284 2109 3464 2167 dixit?
3487 2104 3755 2178 Apposuit

2184 2215 2331 2271 enim
2366 2214 2633 2269 Dominus
2688 2225 2854 2281 panes
2894 2206 3223 2262 bordeaceos
3274 2199 3491 2271 quidem
3544 2195 3756 2251 ratione

2188 2321 2298 2364 non
2325 2305 2625 2365 utentibus.
2665 2300 2910 2356 triticeos
2941 2313 3069 2351 vero
3097 2289 3533 2350 rationabilibus.
3575 2285 3759 2353 Quare

2187 2409 2243 2454 et
2270 2414 2418 2453 nunc
2451 2412 2559 2452 non
2584 2395 2719 2450 dixit
2745 2406 2759 2446 :
2783 2391 2925 2458 Quid
2954 2391 3109 2462 palea
3142 2386 3208 2440 ad
3239 2380 3535 2439 hordeum?
3558 2377 3652 2434 sed
3686 2374 3757 2431 ad

2192 2491 2453 2555 triticum,
2494 2486 2873 2542 rationabilem
2923 2495 3182 2551 expresse
3221 2474 3515 2545 designans
3550 2469 3757 2524 cibum.

2193 2582 2287 2637 Est
2315 2590 2369 2635 et
2407 2580 2553 2635 aliud
2593 2579 2809 2648 signum
2835 2592 2848 2628 :
2880 2590 3004 2628 nam
3046 2583 3328 2626 sermones
3350 2565 3441 2620 Dei
3467 2568 3595 2618 sunt
3616 2559 3761 2616 sicut

2189 2673 2398 2729 securis
2429 2674 2640 2727 caedens
2668 2678 2900 2739 petram,
2925 2662 3146 2736 quando
3186 2660 3403 2715 auditor
3432 2654 3759 2723 redargutus

2190 2764 2389 2828 uritur,
2413 2764 2485 2819 ita
2518 2772 2578 2817 ut
2603 2761 2748 2817 dicat
2768 2760 2849 2813 "z
2881 2755 3069 2810 Nonne
3096 2769 3187 2808 cor
3215 2767 3387 2808 meum
3422 2747 3612 2803 ardens
3645 2749 3762 2799 erat

2191 2855 2246 2910 in
2274 2857 2393 2911 me?
2431 2854 2572 2926 Ignis
2602 2862 2657 2909 et
2683 2853 2920 2908 triticum
2956 2862 3140 2905 sermo
3175 2853 3277 2900 est.
3305 2842 3362 2897 Si
3393 2856 3520 2896 vero
3549 2838 3764 2892 laetatur

2193 2949 2427 3004 audiens
2458 2923 2597 3017 ique:
2639 2945 2744 3002 sibi
2784 2938 3052 3013 voluptati
3097 2945 3255 3002 sunt,
3301 2948 3410 2989 non
3438 2930 3626 3002 palea,
3664 2923 3763 2982 sed

2194 3039 2402 3096 securis
2441 3047 2546 3101 est,
2592 3045 2718 3106 apta
2762 3050 2873 3091 nou
2927 3041 3136 3088 tantum
3182 3028 3249 3083 ad
3296 3024 3548 3081 caedenda
3592 3020 3761 3092 ligna,

2192 3131 2288 3186 sed
2334 3130 2500 3185 etiam
2552 3128 2619 3183 ad
2656 3137 2863 3198 petram
2907 3122 3284 3183 scindendam,
3333 3134 3442 3172 non
3491 3131 3610 3171 eam
3643 3127 3765 3183 qua:

2192 3222 2493 3278 secundum
2543 3219 2825 3275 Christum
2889 3215 3238 3284 intelligitur,
3294 3209 3388 3265 sed
3432 3206 3761 3278 oppositam,

2191 3298 2354 3387 303
2383 3328 2507 3384 quze
2533 3311 2864 3367 conterenda
2894 3317 2998 3375 est,
3025 3308 3179 3378 juxta
3203 3303 3335 3358 illud
3355 3301 3403 3335 ⁸³
3432 3318 3446 3354 :
3479 3299 3767 3355 Conteren-

2195 3418 2282 3461 tur
2309 3418 2470 3477 petra:
2494 3413 2614 3459 ante
2645 3404 2836 3474 faciem
2866 3401 3099 3455 Domini.

2265 3512 2356 3567 50.
2399 3509 2533 3563 Ecce
2565 3525 2655 3578 ego
2686 3518 2959 3577 propterea
2991 3504 3059 3559 ad
3088 3502 3370 3572 prophetas
3398 3498 3488 3569 qui
3515 3497 3768 3565 [urantur

2193 3603 2347 3657 verba
2382 3619 2518 3655 mea.
2576 3599 2730 3660 Sicut
2762 3599 2852 3669 qui
2880 3597 3013 3651 emit
3039 3596 3420 3650 vestimentum
3448 3629 3462 3654 ,
3497 3584 3766 3656 siquidem

2194 3709 2224 3747 a
2251 3706 2362 3761 quo
2393 3699 2609 3760 oportet
2630 3729 2644 3752 ,
2670 3690 2819 3760 juste
2847 3689 2976 3742 illud
3005 3684 3266 3756 possidet,
3309 3681 3402 3737 sed
3431 3678 3522 3749 qui
3557 3677 3771 3732 furatus

2192 3792 2297 3847 est,
2352 3781 2515 3837 habet
2558 3781 2801 3851 quidem,
2839 3779 3040 3848 injuste
3087 3785 3297 3840 tamen;
3332 3771 3522 3825 eadem
3559 3768 3771 3823 ratione

2196 3876 2339 3928 inter
2371 3888 2469 3928 eos
2492 3871 2586 3943 qui
2618 3871 2686 3924 de
2718 3868 3018 3939 Scripturis
3040 3865 3256 3926 docent,
3289 3862 3382 3932 qui
3408 3860 3589 3915 animo
3612 3858 3768 3913 adul-

2198 3967 2373 4020 terino
2391 3973 2446 4019 et
2469 3964 2678 4033 polluto
2698 3962 2857 4016 verba
2886 3958 3192 4030 proferunt,
3215 3955 3365 4011 fures
3381 3961 3529 4018 sunt,
3555 3953 3621 4008 de
3650 3952 3773 4022 qui-

2196 4057 2300 4111 bus
2333 4071 2441 4109 non
2476 4055 2773 4121 incongrue
2816 4051 2922 4106 dici
2968 4049 3141 4121 possit
3170 4049 3217 4081 9"
3246 4064 3261 4102 :
3296 4045 3486 4101 Omnes
3521 4046 3611 4114 qui
3650 4052 3772 4097 ante

2197 4165 2280 4202 me
2309 4157 2579 4212 venerunt,
2614 4145 2758 4215 fures
2783 4152 2907 4198 sunt
2933 4153 2982 4196 et
3009 4142 3263 4204 latrones,
3286 4147 3335 4192 et
3365 4155 3467 4191 non
3490 4136 3770 4191 audierunt

2197 4257 2284 4297 eos
2328 4255 2465 4293 oves.
2525 4236 2674 4291 Talis
2695 4244 2780 4290 est
2808 4236 2902 4306 qui
2931 4247 3180 4290 sermone
3225 4230 3396 4285 utitur
3437 4227 3769 4299 evangelica,

2199 4347 2300 4387 nec
2326 4329 2483 4384 ﬁdem
2524 4328 2605 4382 illi
2635 4334 2878 4397 praestat,
2913 4338 3015 4379 nec
3039 4321 3109 4377 ad
3152 4321 3299 4377 illius
3322 4333 3569 4375 normam
3602 4317 3770 4372 vitam

522 4427 671 4500 βιοὺς
702 4428 823 4481 κατ’
845 4425 1027 4489 αὐτὸν,
1054 4424 1311 4496 ἀλλοτρίᾳ.
1354 4422 1410 4476 δὲ
1458 4420 1776 4494 προαιρέσει
1817 4417 2093 4490 χρώμενος

2129 4431 2175 4486 ι)
2203 4420 2460 4481 traducit,
2486 4418 2579 4474 sed
2603 4418 2778 4474 aliena
2801 4417 3078 4472 voluntate
3105 4412 3376 4469 sermonis
3398 4409 3774 4465 enuntiatione

518 4521 586 4590 τῇ
633 4518 727 4572 τοῦ
778 4516 938 4586 λόγου
994 4513 1321 4586 ἀπαγγελίᾳο
1375 4514 1616 4584 κλέπτης
1658 4512 1767 4584 γάρ
1813 4513 1950 4574 ἐστι,
2005 4510 2100 4564 καὶ

519 4607 840 4680 λεχθήσεται
862 4605 998 4679 πρὸς
1025 4605 1206 4660 αὐτόν’
1252 4605 1315 4659 '0
1334 4607 1660 4673 κηρύσσων
1677 4603 1764 4675 μὴ
1792 4601 2098 4667 κλέπτειν,

524 4701 825 4768 κλέπτεις.

1144 4791 1301 4844 ΚΕΦ.
1333 4791 1458 4842 KA'.

593 4885 646 4940 6.
680 4884 791 4940 Καὶ
823 4880 1049 4951 στηριῶ
1105 4881 1248 4947 τοὺς
1284 4879 1627 4948 ὀφθαλμούς
1659 4895 1799 4948 μου.
1841 4877 2017 4948 Ὅπερ
2073 4877 2103 4929 ὁ

522 4978 729 5048 κόσμος
756 4976 895 5040 ὅλος,
922 4974 1081 5027 τοῦτο
1113 4972 1253 5027 κατά
1297 4990 1416 5026 τινα
1457 4972 1748 5042 ἀναλογίαν
1792 4969 1907 5022 ἐστὶ
1944 4967 2103 5039 μόνος

524 5072 553 5122 ὁ
578 5068 881 5141 ἅνθρωπος·
916 5066 1183 5138 Εὑρήσεις
1206 5063 1329 5117 τινὰ
1382 5064 1478 5134 μὲν
1511 5062 1739 5134 οὐρανὸν
1785 5060 2100 5131 λεγόμενον,

523 5161 652 5216 ὅταν
691 5162 829 5232 φορῇ
861 5159 961 5230 τὴν
992 5157 1176 5211 εἰκόνα
1198 5155 1291 5209 τοῦ
1315 5154 1661 5227 ἐπουρανίου,
1696 5152 1855 5207 ἄλλον
1881 5151 1940 5205 δὲ
1966 5151 2095 5221 γῆν,

525 5256 623 5310 ἐὰν
649 5254 747 5328 ἔχῃ
774 5253 873 5324 τὴν
925 5251 1111 5306 εἰκόνα
1137 5248 1232 5304 τοῦ
1268 5247 1471 5320 χοϊκοῦ·
1511 5248 1590 5320 τῷ
1621 5249 1731 5320 γὰρ
1760 5243 2104 5318 ἡμαρτηκότι

526 5347 794 5402 λέλεκται⁸
843 5344 935 5412 Γῆ
968 5341 1040 5399 εἷ·
1084 5342 1241 5398 ἄλλον
1284 5341 1476 5413 ἔχοντα
1524 5342 1801 5411 ποταμοὺς
1845 5341 1902 5392 ὲν
1953 5337 2101 5410 αὐτῷ

528 5436 855 5509 ἁλλομένους
904 5436 983 5498 είς
1035 5432 1179 5506 ζωὴν
1212 5432 1448 5495 αἰώνιον,
1480 5433 1574 5486 ἐὰν
1602 5431 1701 5502 ἔχῃ
1731 5429 1923 5497 λόγους
1951 5446 2102 5483 ποτι-

530 5529 830 5602 μωτάτουςο
862 5525 1018 5582 ἄλλον
1045 5525 1234 5597 ἔχοντα
1256 5523 1522 5578 θάλατταν
1550 5520 1819 5593 ἁλμυρὰν,
1842 5522 2100 5592 κυμάτων

612 5646 653 5677 ⁸¹
693 5641 844 5698 l’sal.
883 5657 1038 5708 nm,
1078 5644 1127 5697 1.

531 5729 615 5783 ιιι,
654 5714 747 5770 l9.

1218 5642 1263 5701 ’3
1303 5639 1435 5696 Luc.
1476 5656 1620 5706 xxxv,
1656 5637 1746 5693 '52.
1822 5639 2094 5715 "tumul,
2128 5659 2239 5710 xw,
2296 5638 2376 5694 l8.
2471 5635 2518 5668 ”
2553 5634 2708 5691 loau.
2742 5651 2772 5689 κ
2797 5674 2811 5701 ,
2848 5633 2899 5689 8.
2994 5630 3040 5663 ’⁵
3079 5627 3240 5684 Rom.
3280 5645 3337 5696 ιι.
3372 5629 3461 5684 2|.

2201 4515 2393 4569 utitur.
2462 4512 2573 4567 Fur
2615 4512 2761 4567 enim
2791 4520 2908 4573 est,
2939 4518 2994 4563 et
3014 4508 3215 4563 dicitur
3247 4505 3316 4561 ad
3347 4504 3498 4559 illum
3532 4501 3580 4535 "
3614 4519 3630 4556 :
3665 4500 3771 4568 Qui

2199 4606 2462 4677 pradicas
2491 4621 2593 4659 non
2619 4602 2933 4674 lurandum,
2962 4600 3184 4671 furoris.

2762 4782 2990 4838 CAPUT
3028 4779 3217 4835 XXIV.

2271 4877 2324 4934 6.
2367 4877 2437 4932 Et
2464 4893 2656 4947 ponam
2682 4875 2859 4930 oculos
2883 4890 3043 4936 meos.
3067 4884 3172 4930 etc.
3198 4871 3355 4940 Quod
3383 4871 3623 4928 mundus
3649 4870 3774 4926 uni-

2201 4986 2429 5035 versus,
2486 4970 2589 5024 hoc
2633 4967 2986 5038 proportione
3013 4966 3250 5035 quadam
3285 4971 3370 5020 est
3406 4964 3557 5019 solus
3584 4961 3771 5017 homo.

2200 5061 2449 5116 Invenies
2481 5060 2628 5114 hunc
2665 5057 2884 5128 quidem
2920 5056 3179 5126 appellari
3207 5054 3405 5111 cadum
3430 5094 3446 5121 ,
3482 5066 3608 5107 cum
3636 5051 3775 5121 gerit

2203 5151 2496 5223 imaginem
2527 5148 2798 5214 caelestis;
2846 5147 3012 5201 alium
3057 5160 3187 5201 vero
3220 5154 3421 5198 terram
3444 5181 3460 5206 ,
3495 5141 3542 5196 si
3572 5139 3776 5194 terreni

2201 5260 2314 5316 pra:
2360 5260 2418 5299 se
2461 5242 2600 5298 ferat
2651 5240 2945 5310 imaginem
2986 5258 2999 5294 :
3048 5254 3177 5293 nam
3208 5237 3257 5292 ei
3287 5234 3383 5306 qui
3414 5231 3658 5304 peccavit
3687 5230 3775 5286 di-

2201 5346 2349 5391 ctum
2393 5344 2476 5390 est
2509 5353 2522 5389 :
2562 5333 2723 5387 Terra
2751 5348 2804 5387 es
2835 5331 2915 5397 9‘;
2950 5330 3116 5385 alium
3150 5331 3204 5384 in
3238 5327 3419 5397 seipso
3476 5324 3765 5379 habentem

2199 5430 2425 5485 ﬂumina
2475 5427 2724 5482 salientia
2755 5424 2810 5480 in
2848 5425 3015 5480 vitam
3058 5431 3338 5486 aeternam,
3391 5420 3438 5476 si
3477 5432 3759 5477 sermones

2207 5525 2406 5580 habeat
2435 5521 2583 5593 potui
2614 5520 2957 5591 aptissimos;
2979 5516 3148 5572 alium
3176 5513 3463 5569 habentem
3489 5528 3640 5570 mare
3661 5515 3774 5571 sal-

3558 5627 3604 5658 "
3641 5629 3778 5683 Gen.
