4218 6292
447 392 552 449 575

1887 377 1975 435 EX
2014 375 2318 437 ORIGENE

3610 360 3720 417 576

449 527 571 566 sum
602 520 654 565 et
683 520 1001 579 aestuosum,
1032 507 1084 559 ἰί
1116 520 1226 575 quo
1251 510 1335 558 est.
1372 501 1573 566 draco,
1606 513 1770 569 quem
1805 496 2003 550 forma-

2127 491 2325 561 πλήρη,
2362 487 2592 558 ἔχουσαν
2624 484 2915 558 δράκοντα,
2950 481 3008 535 ὃν
3042 479 3276 534 ἔπλασεν
3302 479 3330 530 6
3357 476 3489 540 (θεὸς
3520 476 3719 546 ἐμπαί-

447 585 527 656 vit
554 600 701 656 Deus
729 600 795 653 ad
829 594 1163 651 illudcudum
1195 593 1267 647 ei.
1328 592 1392 644 Et
1432 588 1783 660 peculiariter
1804 600 2026 655 compc-

448 692 559 746 ries
590 692 735 745 hunc
766 691 972 752 solent,
1006 686 1158 739 illttm
1190 700 1317 739 vero
1350 684 1556 738 dictum
1584 672 1768 735 lunam
1792 720 1806 743 ,
1847 695 1912 732 ac
1946 677 2024 732 si-

446 782 600 847 dera,
655 778 1093 851 quandoquidem
1126 777 1203 829 ita
1226 776 1327 829 erit
1359 786 1407 829 et
1434 773 1746 828 resurrectio
1789 780 2026 824 mortuo-

450 889 568 926 rum
595 873 664 924 ⁵⁷.
722 869 814 942 [Et
856 880 979 937 post
1021 867 1244 939 pauca].
1285 866 1445 920 Nunc
1472 881 1601 920 vero
1630 865 1780 918 illum
1808 864 1883 917 ait
1910 862 2026 916 haec

449 961 746 1018 similitudo
777 961 941 1014 ticum
972 974 1094 1013 esse
1123 958 1279 1012 valde
1309 958 1531 1011 malam.
1572 954 1793 1008 Dulccm
1827 953 2027 1022 quippe

449 1054 599 1121 illuni
630 1052 943 1105 maturitate
976 1050 1151 1103 virtus
1177 1047 1372 1113 eliicit,
1420 1048 1494 1101 ita
1519 1055 1578 1100 ut
1609 1054 1754 1100 totus
1786 1048 2023 1112 animus,

444 1153 502 1198 et
544 1142 806 1213 spiritus,
861 1149 916 1196 et
940 1156 1138 1209 corpus
1163 1138 1319 1193 dulce
1354 1138 1426 1193 sit
1465 1139 1727 1190 virtutum
1769 1135 2027 1204 qualitate

444 1231 554 1286 illis
584 1231 925 1286 adveniente.
988 1228 1240 1288 Pravitas
1269 1237 1451 1281 autem
1487 1226 1665 1296 ipsum
1697 1225 1871 1280 reddit
1905 1241 2016 1279 ma-

445 1325 559 1380 lum
582 1364 598 1389 ,
642 1340 745 1379 nec
771 1323 887 1378 esui
921 1323 1201 1378 idoneum.
1259 1318 1461 1375 Verum
1491 1320 1537 1376 si
1565 1320 1690 1389 quis
1716 1326 1929 1389 (μισεῖ-ιιι
1959 1320 2017 1372 ti-

446 1431 547 1472 cus
596 1432 702 1470 non
751 1416 903 1470 valde
950 1416 1159 1478 bonas,
1213 1414 1409 1483 qumrit
1455 1413 1576 1468 illas
1616 1412 1778 1468 extra
1808 1412 2027 1482 pietatis

450 1507 732 1579 mysteria,
766 1506 1137 1576 templumque
1169 1504 1293 1571 Dei,
1332 1506 1475 1559 sicut
1502 1516 1555 1559 et
1584 1521 1694 1559 non
1722 1505 1878 1559 valde
1912 1521 2028 1558 ma-

450 1597 555 1652 las.
619 1596 752 1651 Nam
781 1598 828 1651 si
858 1595 1250 1650 instituendum
1280 1610 1338 1650 se
1364 1594 1648 1649 tradiderit
1673 1603 1799 1649 ante
1829 1594 2025 1649 facient

449 1688 640 1757 templi
668 1687 906 1754 Domini,
937 1694 1064 1741 sunt
1089 1687 1224 1741 licus
1255 1686 1406 1739 valde
1435 1686 1611 1751 bonae,
1645 1685 1835 1755 quales
1874 1685 2026 1741 novit

449 1773 636 1830 facere
676 1776 963 1841 Christus,
998 1784 1091 1830 aut
1116 1776 1288 1830 malae.
1341 1773 1530 1846 Neque
1562 1781 1706 1831 enim
1743 1792 1865 1847 qua)
1889 1777 2024 1832 foris

2127 580 2240 643 ζειν
2272 579 2440 650 αὐτῷ.
2469 578 2579 632 Καὶ
2608 577 2751 631 κατὰ
2781 576 2944 648 μέρος
2978 574 3230 646 εὑρήσει-ς
3267 569 3358 625 τὸν
3393 570 3490 641 μὲν
3539 568 3712 639 ἥλιον,

2126 671 2216 724 τὸν
2243 671 2299 724 δὲ
2325 669 2555 741 σελήνην
2587 668 2880 738 λεγόμενον
2908 664 3003 717 καὶ
3031 662 3288 733 ἀστέρας,
3312 659 3434 713 ἐπεὶ
3452 659 3643 725 οὕτως
3668 664 3723 732 ἡ.

2127 761 2468 826 ἀνάστασις
2493 760 2611 813 τῶν
2668 757 2917 825 νεκρῶν.
2953 755 3064 807 Καὶ
3114 752 3232 824 μετ’
3275 751 3455 820 ὀλίγα.
3487 750 3604 803 Νῦν
3658 753 3717 808 δὲ

2129 869 2292 923 φησιν
2321 850 2481 905 αὑτὸν
2508 852 2541 921 ἡ
2575 847 2860 920 παραϐολὴ
2900 845 3065 899 σῦκον
3110 840 3246 896 εἶναι
3303 839 3537 913 πονηρὸν
3569 838 3711 893 λίαν·

2128 943 2389 1013 γλυκάζει
2428 942 2527 1012 μὲν
2560 941 2670 1011 γὰρ
2698 938 2861 993 αὑτὸν
2884 937 2971 991 διὰ
3008 935 3329 997 πεπάνσεως
3358 934 3391 1003 ή
3431 930 3714 1003 ἀρετὴ,ὼς

2127 1032 2266 1088 εἶναι
2300 1033 2479 1104 ψυχὴν
2513 1032 2661 1102 ὃλην,
2700 1031 2795 1085 καὶ
2832 1028 3048 1100 πνεῦμα
3090 1028 3180 1081 καὶ
3212 1024 3370 1095 σῶμα
3410 1023 3581 1092 γλυκὺ
3612 1022 3714 1092 τῆς

2129 1126 2189 1190 ἐξ
2220 1124 2430 1196 ἀρετῶν
2458 1124 2743 1194 πο;ότητος
2798 1118 3145 1190 ἐντιθεμένης
3195 1116 3364 1186 αὐτῷ·
3399 1116 3433 1185 ἡ
3463 1114 3521 1167 δὲ
3548 1130 3719 1184 πονητο

2135 1214 2221 1284 ρία
2253 1213 2422 1267 κακὸν
2458 1213 2619 1266 αὐτὸν
2671 1211 2766 1264 καὶ
2826 1210 3070 1276 ἄϐρωτον
3119 1204 3513 1277 ἀπεργάζεται.
3572 1203 3713 1256 Ἀλλῖ

2128 1305 2224 1360 ὲάν
2257 1306 2353 1377 μὲν
2381 1303 2523 1358 σῦκα
2573 1300 2710 1373 ζητῇ
2757 1319 2842 1364 τις
2900 1300 2974 1371 μὴ
3006 1299 3126 1353 λίαν
3145 1296 3378 1370 χρηστὰ,
3431 1297 3534 1363 ἔξω
3562 1296 3727 1368 ζητεὶκ

2129 1398 2301 1452 ταῦτα
2332 1397 2440 1450 τῶν
2482 1397 2581 1468 τῆς
2611 1394 2919 1457 θεοσεϐείας
2952 1392 3288 1463 μυστηρίων,
3338 1389 3432 1442 καὶ
3457 1388 3552 1441 τοῦ
3581 1387 3718 1442 ναοῦ

2127 1490 2221 1543 τοῦ
2254 1488 2412 1552 Θεοῦ,
2445 1486 2729 1559 ιῦσπεροῦν
2765 1487 2857 1539 καὶ
2896 1485 2965 1540 τὰ
3014 1484 3089 1555 μὴ
3142 1483 3267 1536 λίαν
3298 1481 3530 1553 πονηρά.
3584 1480 3722 1535 ἘὰνΓ

2128 1579 2238 1648 γὰρ
2269 1578 2395 1650 ἔλθῃ
2428 1578 2519 1630 ἐπὶ
2548 1577 2638 1629 τὸν
2676 1574 2922 1646 μαθητὴν
2952 1573 3057 1644 πρὸ
3109 1571 3399 1642 προσώπου
3443 1569 3536 1622 τοῦ
3582 1567 3723 1623 ναοῦ

2130 1670 2358 1743 Κυρίου,
2394 1669 2509 1722 ἔστι
2544 1669 2684 1721 σῦκα
2707 1666 2921 1738 χρηστὰ
2957 1664 3098 1729 λίαν,
3129 1659 3218 1717 οἷα
3249 1665 3422 1715 ποιεῖν
3451 1658 3558 1714 οἶδε
3580 1660 3712 1733 Χρι-

2131 1761 2273 1824 στὸς,
2332 1762 2365 1832 ἢ
2404 1759 2637 1831 πονηρά.
2692 1759 2827 1812 Οὐδὲ
2855 1757 2964 1828 γὰρ
3013 1757 3074 1810 τὸ
3130 1755 3235 1823 ἔξω
3270 1756 3504 1827 πονηρὸν
3549 1755 3712 1809 σῦκον

446 1876 534 1924 est
562 1867 697 1923 licus
724 1869 888 1933 mala,
926 1869 1133 1937 expulit
1158 1883 1442 1924 sermones
1475 1869 1566 1923 Dei
1592 1869 1659 1923 ad
1689 1869 2018 1939 posteriora.

2133 1852 2354 1917 ἐξέϐαλε
2380 1852 2506 1914 τοὺς
2532 1850 2723 1919 λόγους
2753 1848 2849 1901 τοῦ
2887 1848 3021 1901 Θεοῦ
3054 1850 3136 1911 εἰς
3154 1846 3223 1899 τά
3247 1845 3441 1900 ὀπίσω.
3471 1846 3606 1918 Περὶ
3622 1848 3714 1899 τὸν

449 1957 626 2030 igitur
653 1961 799 2016 circa
826 1960 1082 2029 templum
1118 1959 1247 2025 Dei,
1295 1960 1588 2032 divinaque
1633 1962 1885 2032 dogmata
1913 1960 2024 2016 duo

448 2050 647 2104 calathi
676 2048 879 2121 jucent.
924 2048 1040 2106 Scit
1063 2065 1192 2104 vero
1221 2048 1315 2119 qui
1337 2051 1509 2121 eligit,
1548 2052 1640 2106 ubi
1667 2052 1912 2122 singulos
1946 2067 2025 2106 re-

447 2142 623 2210 ponit.
650 2156 757 2195 non
790 2140 971 2195 ferens
996 2140 1131 2196 licus
1157 2141 1313 2197 valde
1342 2140 1498 2197 mala:
1519 2145 1841 2213 qualitatem
1868 2144 2025 2200 valde

449 2236 608 2290 bonis
656 2234 964 2291 immiscere
1009 2253 1024 2290 :
1071 2235 1341 2291 Modicum
1370 2237 1560 2307 quippe
1599 2235 1914 2307 fermentum
1941 2247 2021 2291 to-

449 2336 560 2381 tam
588 2327 869 2397 fermentat
897 2330 1177 2381 misturam
1199 2328 1279 2395 9‘;
1340 2329 1422 2383 sin
1449 2329 1625 2394 aliter,
1661 2330 2020 2384 contrarium.

450 2417 516 2473 Et
551 2417 781 2475 fortasse
814 2419 1066 2474 calathus
1095 2419 1296 2473 ﬁcuum
1328 2420 1619 2485 malarum,
1661 2420 1907 2490 gehenna
1940 2428 2027 2475 est

449 2510 589 2575 ignis
617 2511 962 2581 sempiterni;
999 2512 1267 2567 bonarum
1297 2525 1449 2577 vero,
1479 2527 1708 2581 regnum
1735 2512 2021 2567 C(elorum.

448 2596 519 2651 Et
547 2599 731 2666 paucis
761 2599 1052 2665 interjectis
1088 2615 1107 2652 :
1141 2599 1212 2653 At
1231 2600 1451 2668 quando
1480 2599 1727 2655 calathos
1758 2601 2020 2671 propheta

452 2688 622 2743 vidit?
656 2689 785 2744 Post
806 2692 1196 2760 captivitatem,
1227 2691 1421 2760 inquit.
1481 2689 1614 2745 Nam
1647 2692 1691 2746 si
1718 2693 2024 2762 respexeris

452 2780 757 2836 Salvator-is
785 2779 1076 2835 adventum
1108 2821 1122 2846 ,
1159 2783 1454 2852 populique
1487 2782 1853 2851 captivitatem
1876 2822 1891 2848 ,
1924 2796 2025 2837 nec

450 2883 557 2922 nou
581 2878 634 2923 et
665 2885 763 2923 nos
789 2878 982 2923 natura
1006 2869 1238 2934 alienos,
1259 2879 1312 2924 et
1334 2879 1487 2926 extra
1510 2867 1833 2938 Jerusalem,
1862 2870 2026 2945 304

454 2976 607 3015 nunc
642 2970 823 3017 autem
855 2960 924 3014 oh
955 2961 1114 3016 [idem
1149 2961 1202 3015 in
1232 2960 1402 3018 Deum
1439 2963 1794 3033 veritatisque
1833 2964 2022 3019 dulce-

450 3051 633 3104 dinem
687 3051 927 3105 redditos
956 3052 1092 3108 licus
1120 3053 1314 3120 bonas,
1362 3055 1575 3110 videbis
1617 3054 1821 3110 ﬁcuum
1847 3056 2021 3111 bona-

451 3157 572 3195 rum
623 3143 932 3201 calathum:
984 3146 1031 3201 si
1080 3163 1209 3202 vero
1240 3163 1336 3204 eos
1364 3149 1459 3220 qui
1507 3163 1573 3203 ex
1602 3148 2024 3205 circumcisione
2051 3186 2096 3248 ε

449 3243 599 3298 sunt,
649 3245 773 3304 post
821 3237 962 3292 hanc
992 3239 1356 3308 captivitatem
1393 3242 1759 3312 perspexeris,
1814 3242 2023 3299 videbis

448 3325 755 3394 malarum,
807 3337 863 3383 et
890 3345 1013 3399 qua:
1041 3332 1252 3387 comedi
1287 3349 1391 3386 non
1425 3341 1691 3403 possunt,
1722 3334 2021 3389 calathum.

448 3412 560 3472 Nec
600 3418 735 3474 satis
778 3431 863 3475 est
900 3421 1033 3478 licus
1072 3439 1194 3479 esse
1237 3424 1394 3480 valde
1421 3425 1630 3491 bonas,
1679 3426 1774 3481 sed
1805 3434 1859 3482 et
1888 3426 2025 3481 licu-

449 3507 553 3563 bus
597 3510 756 3578 primi
815 3515 1075 3583 temporis
1133 3515 1342 3572 similes
1397 3533 1522 3573 esse
1574 3525 1808 3587 oportet.
1863 3518 2027 3574 Sero-

451 3599 563 3653 tiua
601 3602 801 3672 quippe
837 3603 971 3660 licus
1003 3621 1115 3661 nou
1162 3616 1265 3675 est,
1313 3608 1404 3664 cui
1452 3607 1748 3665 salvandus
1797 3624 2025 3681 compa-

453 3701 622 3746 ratur.

517 3784 570 3836 6.
616 3783 682 3839 Et
716 3786 1049 3855 rea-diﬁcabo
1074 3805 1184 3845 eos.
1222 3789 1476 3846 Christus
1502 3791 1800 3847 aediﬁcator
1841 3802 1893 3847 et
1937 3808 2028 3848 ar-

447 3872 836 3940 chitectusest,
884 3878 952 3932 de
990 3894 1100 3948 quo
1151 3881 1204 3934 in
1248 3882 1532 3952 prophetis
1579 3883 1782 3938 dictum
1813 3895 1898 3939 est
1930 3885 1975 3917 ⁰⁹
2008 3901 2023 3941 τ

452 3963 555 4016 Hic
581 3966 870 4034 wrliﬁcabit
912 3970 1177 4025 ciuitatem
1207 3989 1398 4040 nteant,
1447 3983 1497 4027 et
1537 3975 1897 4043 captivitatem
1933 3990 2028 4045 po-

447 4058 560 4126 puli
600 4060 700 4112 mei
726 4072 1004 4117 convertet.
1072 4064 1161 4119 Ait
1186 4064 1369 4137 itaque
1398 4066 1667 4125 Dominus
1698 4070 1714 4101 ¹
1746 4088 1760 4125 :
1798 4069 1870 4123 Et
1894 4070 2028 4125 aedi-

444 4148 617 4217 ‘ﬁcabo
642 4167 752 4219 eos,
780 4162 827 4206 et
860 4169 962 4207 non
995 4154 1285 4212 destruam.
1356 4159 1544 4215 Bonus
1575 4159 1775 4215 etenim
1802 4175 1926 4215 eum
1956 4161 2028 4216 sit

448 4236 618 4308 Deus,
653 4242 880 4298 aedilicia
905 4247 1151 4314 quwdam
1177 4248 1443 4314 destruit;
1480 4258 1694 4320 oportet
1721 4251 1867 4306 enim
1890 4251 2025 4307 aedi-

444 4328 628 4386 ﬁcium
662 4333 715 4387 in
746 4336 903 4391 nobis
934 4336 1339 4392 immundorum
1370 4341 1664 4409 spirituum
1694 4343 1885 4409 everti,
1916 4343 2027 4399 sic-

445 4435 553 4490 que
580 4424 839 4491 templum
878 4424 988 4479 Deo
1014 4426 1151 4495 erigi
1180 4443 1243 4481 ex
1275 4429 1568 4485 virtutibus
1615 4431 1891 4499 rectisque
1929 4434 2029 4488 do-

2133 1944 2261 1998 ναὸν
2289 1944 2468 1997 τοίνυν
2493 1942 2586 1996 τοῦ
2633 1942 2768 1995 Θεοῦ
2822 1942 2919 1995 καὶ
2950 1941 3019 1995 τὰ
3079 1940 3196 1993 θεῖα
3226 1939 3470 2010 δόγματα
3498 1938 3589 1992 δύο
3615 1941 3716 1994 κά-

2130 2037 2283 2090 λαθοι
2313 2040 2537 2090 κεῖνται·
2575 2036 2668 2088 καὶ
2692 2031 2831 2088 οἶδεν
2865 2034 2892 2086 6
2927 2033 3285 2103 ἐκλεγόμενος
3337 2031 3453 2096 πῶς
3484 2031 3712 2085 ἕκαστον

2132 2129 2487 2193 κατατάσσει,
2527 2129 2600 2200 μὴ
2634 2128 2956 2198 ἀνεχόμενος
2990 2126 3226 2197 πονηροῦ
3258 2126 3422 2180 σύκου
3455 2126 3712 2196 ποιότητα

2131 2225 2245 2285 τοῖς
2306 2222 2427 2275 λίαν
2471 2219 2838 2290 ὲγκαταμίξαι
2892 2221 3169 2291 χρηστοῖς·
3205 2217 3397 2286 Μικρά
3435 2218 3544 2288 γὰρ
3570 2216 3715 2287 ζύμη

2132 2314 2281 2368 ὅλον
2312 2313 2379 2367 τὸ
2402 2313 2645 2382 φύραμα
2680 2310 2864 2381 ζυμοῖ⁸
2918 2312 2967 2364 εἰ
3012 2311 3070 2364 δὲ
3111 2310 3207 2381 μὴ,
3242 2310 3570 2365 τούναντίον.
3608 2310 3718 2363 Καὶ

2131 2406 2274 2475 τάχα
2301 2405 2329 2457 6
2363 2404 2600 2468 κάλαθος
2627 2402 2737 2456 τῶν
2765 2401 2947 2456 σύκων
3008 2401 3117 2455 τῶν
3160 2401 3414 2472 πονηρῶν
3454 2403 3487 2472 ἡ
3524 2401 3721 2469 γέεννά

2132 2498 2250 2550 ἐστι
2273 2496 2366 2550 τοῦ
2398 2494 2616 2550 αἰωνίου
2637 2494 2827 2566 πυρός’
2861 2496 2889 2548 6
2915 2494 2972 2548 δὲ
2996 2493 3105 2547 τῶν
3127 2492 3378 2565 χρηστῶν
3407 2493 3440 2562 ἡ
3474 2491 3717 2561 βασιλεία

2129 2588 2239 2640 τῶν
2267 2588 2539 2660 οὐρανῶν.
2582 2586 2693 2641 Καὶ
2712 2587 2839 2656 μετ’
2873 2585 3070 2654 ὀλίταο
3130 2581 3288 2636 Ἀλλὰ
3316 2583 3446 2636 πότε
3467 2583 3592 2646 τοὺς
3617 2598 3715 2636 κα-

2131 2677 2329 2741 λάθους
2372 2680 2402 2731 6
2458 2677 2745 2749 προφήτης
2806 2674 3053 2746 ἑώρακε;
3113 2675 3269 2729 Μετὰ
3305 2675 3404 2746 τὴν
3441 2675 3719 2746 αἰχμαλω-

2134 2767 2274 2831 σίαν,
2303 2767 2489 2837 φησίν.
2537 2766 2662 2820 Ἐὰν
2689 2766 2797 2837 γὰρ
2824 2766 2938 2839 ἴδῃς
2965 2765 3063 2836 τὴν
3090 2765 3383 2837 ἐπιδημίαν
3409 2765 3505 2819 τοῦ
3544 2767 3718 2837 Σωτῆ-

2136 2872 2227 2928 ρος
2258 2856 2474 2910 καὶτοῦ
2515 2855 2647 2910 λαοῦ
2685 2857 2782 2927 τὴν
2837 2855 3214 2927 αἰχμαλωσίαν
3267 2858 3362 2911 καὶ
3418 2859 3564 2929 ἡμᾶς
3591 2859 3720 2924 τοὺς

2129 2946 2444 3019 ἀλλοτρίους
2486 2947 2765 3017 φύσεικαὶ
2798 2947 2904 3012 ἔξω
2952 2949 3054 3020 τῆς
3094 2948 3465 3021 Ἰερουσαλὴμ,
3512 2949 3605 3004 νῦν
3659 2949 3719 3003 δὲ

2129 3036 2218 3090 διὰ
2242 3038 2342 3108 τὴν
2372 3038 2558 3092 πίστιν
2590 3039 2689 3109 τὴν
2711 3040 2791 3101 εἰς
2820 3038 2952 3092 Θεὸν
2986 3039 3079 3091 καὶ
3111 3038 3426 3110 γλυκύτητα
3454 3041 3555 3111 τῆς
3585 3041 3720 3111 άλη-

2131 3127 2280 3193 θείας
2302 3131 2626 3201 γενομένους
2655 3130 2792 3184 σῦκα
2816 3131 3050 3202 χρηστὰ,
3073 3130 3192 3200 ὄψει
3209 3130 3318 3184 τῶν
3344 3131 3597 3203 χρηστῶν
3625 3129 3721 3186 σῦ-

2126 3237 2237 3275 κων
2262 3221 2354 3274 τὸν
2387 3222 2643 3276 κάλαθον*
2674 3222 2770 3276 ἐὰν
2802 3223 2859 3276 δὲ
2889 3225 3015 3287 τοὺς
3039 3226 3104 3277 ὲκ
3131 3223 3435 3294 περιτομῆς
3460 3224 3599 3294 μετὰ
3616 3224 3717 3296 τὴν

2124 3314 2504 3383 αἰχμαλωσίαν
2532 3314 2738 3385 ταύτην
2763 3316 2994 3380 θεάσοιο,
3028 3315 3137 3369 τῶν
3194 3314 3447 3387 πονηρῶν
3475 3316 3596 3386 ὄψει
3621 3318 3717 3372 καὶ⁸

2125 3402 2389 3475 ἀϐρώτων
2431 3405 2611 3460 σύκων
2639 3406 2732 3460 τὸν
2765 3407 3021 3462 κάλαθον.
3071 3408 3186 3461 Οὐκ
3215 3408 3376 3479 ἀρκεῖ
3405 3407 3462 3461 δὲ
3497 3411 3711 3481 χρηστὰ

2125 3495 2247 3550 λίαν
2272 3493 2412 3550 εἶναι
2440 3497 2511 3551 τὰ
2539 3497 2698 3563 σῦκα,
2728 3497 2865 3551 ἀλλὰ
2913 3499 3009 3552 καὶ
3036 3503 3150 3564 τοῖς
3179 3499 3451 3571 πρωῖμοις
3478 3499 3714 3569 ὠμοιοῦ-

2128 3586 2254 3641 σθαι
2290 3590 2573 3661 προσῆκεν
2604 3590 2801 3662 ὄψιμον
2830 3590 2938 3664 γὰρ
2965 3589 3129 3645 σῦκον
3155 3591 3256 3645 οὐκ
3289 3590 3435 3645 ἔστιν
3458 3583 3503 3660 ᾧ
3529 3608 3714 3664 παρα-

2127 3678 2382 3734 ϐάλλεται
2415 3682 2443 3735 6
2470 3681 2791 3753 σωζόμενος.

2195 3814 2248 3870 6.
2277 3817 2387 3870 Kal
2423 3815 2877 3887 ἀνοικοδομήσω
2910 3817 3151 3883 αὐτούς.
3197 3816 3256 3871 Ὀ
3297 3816 3533 3889 Χριστὸς
3563 3818 3712 3871 οἰκο-

2124 3906 2290 3977 δόμος
2340 3908 2436 3960 καὶ
2485 3908 2824 3979 ἀρχιτέκτων
2878 3909 3007 3981 περὶ⁵
3062 3904 3124 3961 οὒ
3164 3909 3222 3961 ἐν
3286 3911 3591 3981 προφήταις
3627 3908 3715 3968 λέ-

2125 3996 2338 4050 λεκταιο
2374 3993 2564 4065 Οὗτος
2614 3998 2997 4070 οἰκοδομήσει
3034 3999 3150 4068 τὴν
3197 4001 3379 4055 πόλιν
3412 4017 3552 4069 μου,
3608 3999 3710 4054 καὶ

2126 4088 2243 4159 τὴν
2268 4092 2688 4160 αἰχμαλωσίαν
2717 4093 2823 4146 τοῦ
2856 4092 3010 4147 λαοῦ
3041 4110 3162 4161 μου
3209 4091 3577 4161 ἐπιστρέψει.
3607 4093 3717 4167 Φη-

2127 4182 2214 4236 σὶν
2239 4178 2332 4236 οὖν
2356 4185 2384 4236 6
2407 4182 2632 4254 Κύριος·
2663 4183 2776 4237 Καὶ
2804 4183 3181 4253 οἰκοδομήσω
3207 4183 3451 4250 αὐτοὺς,
3492 4184 3591 4238 καὶ
3639 4185 3713 4239 οὐ

2119 4270 2209 4341 μὴ
2253 4269 2504 4326 καθελῶ
2534 4271 2736 4340 ἀγαθὸς
2785 4269 2895 4342 γὰρ
2941 4269 3016 4325 ὢν
3053 4273 3082 4324 6
3123 4270 3256 4335 Θεὸς
3303 4272 3715 4343 οίκοδομήματά

2128 4379 2254 4416 τινα
2282 4362 2552 4435 καθαιρεῖο
2586 4363 2667 4415 δεῖ
2691 4360 2801 4432 γὰρ
2844 4361 2942 4430 τὴν
2987 4361 3045 4413 ὲν
3068 4360 3208 4430 ’ἡμῖν
3264 4361 3550 4433 οἰκοδομὴν
3601 4359 3711 4415 τῶν

2128 4454 2457 4526 ἀκαθάρτων
2506 4454 2834 4525 πνευμάτων
2883 4453 3276 4524 καταλυθῆναι,
3324 4454 3418 4507 καὶ
3445 4453 3588 4508 οὓτω
3622 4453 3712 4507 τὸν

447 4515 747 4582 gmatibus,
775 4526 833 4570 ιιι
856 4526 1115 4587 appareat
1143 4517 1196 4570 in
1228 4519 1322 4573 illo
1358 4519 1529 4588 gloria
1555 4522 1696 4590 ejus.
1767 4522 1863 4577 Est
1892 4539 2030 4592 prae-

2132 4546 2256 4598 ναὸν
2290 4515 2705 4617 οἰκοδομηθῆναι
2749 4544 2868 4615 Θεῷ
2899 4545 2959 4609 ἐξ
2985 4515 3195 4616 ἀρετῶν
3219 4563 3279 4599 τε
3304 4545 3400 4599 καὶ
3427 4546 3712 4619 δογμάτων

448 4612 594 4658 terea
628 4615 682 4658 et
711 4605 951 4676 agricola
979 4605 1252 4677 plantans,
1286 4616 1341 4663 et
1365 4607 1606 4665 inferens
1629 4625 1725 4665 eos
1749 4612 1844 4681 qui
1869 4613 2021 4683 digni

446 4700 608 4756 sunt,
669 4697 929 4763 quoniam
986 4695 1234 4752 Salvator
1289 4696 1472 4754 ferens
1542 4708 1802 4770 tanquam
1868 4703 2022 4758 radix

447 4796 638 4836 omnes
667 4786 935 4852 palmites,
972 4789 1049 4844 ait
1080 4791 1101 4821 ²
1129 4807 1143 4845 :
1178 4789 1292 4860 Ego
1326 4806 1442 4844 sum
1470 4790 1592 4844 υἰιὶε
1621 4808 1761 4858 vera,
1801 4810 1889 4848 vos
1924 4812 2021 4848 au-

446 4884 549 4926 tem
577 4875 852 4942 palmites;
883 4879 1048 4934 Pater
1073 4897 1191 4936 vero
1212 4899 1357 4937 meus
1386 4883 1622 4953 agricola
1646 4894 1746 4939 est.
1794 4885 2016 4940 Omnem

443 4963 719 5033 palmitem
753 4966 805 5019 in
840 4983 920 5022 me
961 4982 1255 5026 manentem
1298 4983 1348 5027 et
1375 4975 1568 5027 bonum
1606 4974 1840 5043 fructum
1890 4976 2019 5046 a/feo

444 5061 642 5106 rentem
678 5052 845 5109 Pater
876 5073 1018 5110 meus
1049 5070 1260 5130 purgat,
1294 5071 1352 5117 ut
1380 5063 1617 5134 fructum
1640 5065 1760 5134 plus
1793 5067 1982 5135 afferat
2000 5084 2019 5132 ,'

443 5162 647 5199 onmem
688 5164 804 5201 vero
836 5149 1110 5218 palmitem
1146 5152 1199 5206 in
1246 5171 1326 5208 me
1370 5165 1666 5210 manentem
1709 5167 1758 5211 et
1788 5159 2020 5228 fructum

442 5255 544 5293 non
571 5240 822 5309 ferentem
857 5240 1022 5294 Pater
1048 5260 1192 5298 meus
1223 5243 1442 5314 excidit,
1476 5256 1525 5302 et
1550 5248 1605 5301 in
1630 5249 1800 5319 ignem
1829 5253 2017 5307 mittit.

443 5328 562 5385 Non
595 5332 647 5385 in
686 5333 1002 5403 gentilibus,
1034 5335 1128 5389 sed
1161 5335 1215 5388 in
1245 5336 1495 5393 ﬁdelibus
1528 5340 1840 5396 verilicatur
1862 5342 2017 5408 illud,

441 5421 494 5475 in
522 5439 588 5478 eo
617 5441 844 5482 manens
873 5438 927 5482 et
955 5440 1062 5479 non
1100 5424 1280 5483 ferens
1309 5428 1580 5496 fructum,
1608 5434 1785 5501 qualis
1815 5434 2016 5503 estqui

442 5515 648 5569 tidelem
679 5533 738 5573 se
767 5517 918 5583 dicit,
936 5525 991 5571 et
1019 5516 1243 5572 licenter
1259 5518 1555 5588 delinquit;
1587 5522 1680 5590 qui
1710 5522 1903 5576 merito
1926 5540 2019 5579 cx-

443 5605 671 5680 ciditur;
709 5613 901 5687 purgat
927 5630 1056 5670 vero
1083 5614 1361 5685 palmitem
1390 5614 1625 5670 fructum
1653 5617 1936 5687 ferentem,
1962 5628 2022 5674 ut

2129 4636 2328 4709 ὀρθῶν,
2364 4636 2452 4690 ἵνα
2479 4637 2617 4709 ὀφθῇ
2673 4639 2707 4708 ἡ
2753 4634 2880 4702 δόξα
2926 4636 3090 4691 αὐτοῦ
3143 4639 3202 4691 ἐν
3250 4637 3417 4709 αὐτῷ.
3477 4637 3713 4691 Ἐστιδὲ

2127 4727 2223 4779 καὶ
2274 4725 2520 4797 γεωργὸς
2574 4726 2985 4795 καταφυτεύων,
3034 4726 3130 4781 καὶ
3191 4725 3572 4799 ὲγκεντρίζων,
3616 4725 3711 4791 οὓς

2128 4819 2300 4884 ἄξιον.
2326 4821 2463 4890 Φησὶ
2499 4819 2608 4891 γὰρ
2647 4822 2676 4873 6
2707 4819 2924 4891 Σωτὴρ,
2976 4819 3050 4884 ὡς
3113 4819 3237 4893 ῥίζα
3296 4822 3424 4886 τοὺς
3483 4820 3711 4883 κλάδους

2126 4911 2335 4975 πάντας
2369 4910 2596 4981 ἀνέχωψ
2647 4908 2787 4979 Ἐγώ
2809 4912 2925 4979 εἰμι
2958 4911 3015 4980 ἡ,
3049 4909 3317 4980 ἄμπελος
3355 4912 3393 4978 ή
3426 4908 3706 4977 ἀληθινὴ,

2123 5001 2293 5072 ὑμεῖς
2315 5000 2389 5056 τὰ
2419 4999 2714 5070 κλήματαο
2757 5004 2790 5055 ὁ
2838 5000 2906 5054 δὲ
2963 5001 3165 5070 Πατήρ
3210 5019 3328 5071 μου
3369 5003 3401 5055 ό
3453 4999 3709 5069 γεωργός

2119 5094 2274 5148 ἐστι.
2309 5090 2439 5147 Πᾶν
2471 5090 2672 5162 κλῆμα
2703 5093 2773 5146 ἐν
2802 5092 2935 5162 ἐμοὶ
2966 5092 3172 5162 μένον,
3199 5091 3298 5145 καὶ
3326 5090 3542 5145 ποιοῦν
3575 5105 3709 5156 καρ-

2124 5183 2243 5237 πὸν
2268 5182 2461 5237 καλὸν
2492 5186 2526 5238 ό
2569 5183 2771 5251 Πατήρ
2806 5201 2926 5253 μου
2954 5183 3239 5251 καθαίρει,
3290 5183 3392 5236 ἵνα
3453 5181 3707 5235 πλείονα

2123 5277 2357 5344 καρπὸν
2386 5274 2556 5345 φέρῃ·
2583 5272 2707 5329 πᾶν
2736 5273 2805 5326 δὲ
2832 5271 3036 5343 κλῆμα
3090 5273 3161 5326 ἐν
3192 5271 3320 5341 ἐμοὶ
3366 5270 3576 5341 μένον,
3614 5269 3709 5339 μὴ

2124 5368 2309 5437 φέρον
2336 5366 2404 5420 δὲ
2436 5366 2689 5434 καρπὸν,
2727 5368 2760 5419 ό
2790 5364 2994 5432 Πατήρ
3019 5381 3141 5433 μου
3164 5363 3461 5426 ἐκκόπτει,
3493 5360 3590 5416 καὶ
3617 5363 3706 5430 εις

2123 5458 2243 5527 πῦρ
2271 5456 2414 5512 αὐτὸ
2432 5456 2672 5521 βάλλει.
2692 5456 2805 5509 Οὐκ
2820 5456 2878 5508 ὲν
2900 5455 3150 5519 ὲθνικοῖς,
3164 5451 3276 5505 ἀλλ’
3292 5453 3472 5515 ἐντοῖς
3495 5452 3705 5515 πιστοῖς

2125 5551 2242 5602 ἐστι
2277 5548 2359 5611 τὸ,
2408 5549 2496 5600 Ἐν
2527 5545 2675 5616 αὐτῷ
2708 5545 2865 5616 μένον
2887 5544 2983 5598 καὶ
3011 5544 3086 5615 μὴ
3140 5542 3306 5615 φέρον
3331 5541 3562 5614 καρπὸν,
3593 5537 3706 5604 οἷός

2126 5642 2275 5694 ἐστιν
2300 5639 2329 5695 6
2347 5637 2518 5707 λέγων
2548 5632 2683 5690 εἶναι
2707 5636 2894 5695 πιστὸς
2923 5635 3016 5688 καὶ
3038 5632 3369 5707 πλημμελῶν
3396 5635 3482 5688 ἐπ’
3498 5631 3701 5694 ἁδείαςι

524 5817 562 5848 ’τ
607 5817 771 5877 lCor.
803 5838 890 5879 xv.
925 5823 1013 5877 42.
1102 5826 1145 5857 ³⁸
1182 5822 1350 5881 lCor.
1378 5841 1432 5893 v,
1464 5826 1516 5881 8.
1594 5829 1638 5860 θ’
1674 5826 1777 5882 lsa.
1808 5842 1930 5898 xcv,
1970 5830 2041 5885 15.

2138 5831 2151 5860 ¹
2194 5828 2392 5885 Jcrcm.
2428 5844 2574 5896 xxiv,
2608 5829 2659 5882 ϐ.
2737 5831 2757 5860 ³
2791 5826 2950 5883 Joan.
2987 5842 3074 5894 xv,
3116 5825 3163 5894 l,
3194 5826 3248 5894 2,
3283 5827 3338 5891 5,
3362 5824 3418 5879 6.
3715 5814 3741 5916 \
