4218 6292
444 365 524 418 1⁵3σῖ
534 362 567 415 7

1664 360 1978 417 SELECTA
2019 360 2085 415 IN
2124 360 2491 418 JEREMIAM.

3625 376 3731 431 578

445 474 612 539 ὅστις
661 475 884 540 εἰκότως
913 475 1258 530 ἐκκόπτεται·
1303 478 1396 531 καὶ
1423 478 1673 551 καθαίρει
1702 480 1760 533 δὲ
1791 480 1884 534 τὸν
1912 499 2029 553 καρ-

2154 482 2197 536 si
2239 483 2291 534 in
2322 483 2506 552 aliquo
2556 484 2832 555 negligens
2868 484 3027 541 fuerit
3058 496 3313 559 tanquam
3365 491 3528 546 homo
3550 536 3565 560 ,
3588 509 3726 550 .cor-

446 569 560 623 ⁴ιινὺν
593 568 775 639 φέρον,
805 568 909 630 ἵνα,
943 570 1043 623 κᾶν
1095 587 1145 623 τι
1178 573 1392 642 παρορᾷ
1420 571 1496 634 ὡς
1537 570 1843 642 ἄνθρωπος,
1899 575 2046 648 διορ-

443 658 702 715 θώσειεν.

513 763 518 767 -
1080 732 1238 785 ΚΕΦ.
1288 732 1419 786 KG’.

523 819 580 874 4.
624 819 757 873 Ἐπὶ
787 819 903 888 τὴν
950 822 1254 886 ἀποικίαν,
1294 822 1376 891 ἣν
1431 823 1729 888 ἀπῴκισα.
1778 827 2045 898 Ἰερουσα-

454 910 589 983 λὴμ,
643 910 789 965 καθὰ
829 911 1085 977 πολλάκις
1143 913 1382 985 εἴρηται,
1426 917 1504 979 εἰς
1560 917 1660 987 τὴν
1715 920 2041 989 Ἐκκλησίαν

442 1002 959 1074 μεταλαμϐάνεται,
1011 1005 1133 1075 ἥτις
1176 1007 1292 1059 ἐστὶ
1344 1007 1497 1071 πόλις
1542 1008 1700 1073 Θεοῦ,
1755 1011 2041 1083 οἰκοδομη-

442 1094 606 1148 Θεῖσα
631 1098 695 1148 ἐκ
738 1095 900 1150 λίθων
933 1095 1169 1166 ζώντων,
1195 1094 1371 1170 ἀφ’ἦς
1400 1119 1483 1164 τις
1506 1102 1834 1174 ἁμαρτάνων
1854 1103 2043 1157 ἐκϐάλ-

444 1185 631 1251 λεται,
678 1188 1106 1260 παραδιδόμενος
1156 1192 1623 1265 Ναϐουχοδονόσορ
1676 1194 1755 1265 τῷ
1805 1196 2037 1268 Σατανᾷ.

440 1275 620 1344 Λέγει
656 1277 765 1349 γὰρ
798 1277 1039 1351 περὶτοῦ
1070 1282 1502 1355 πεπορνευκότος
1530 1285 1558 1336 ὁ
1596 1284 1825 1348 Παῦλος·
1855 1290 2041 1356 Παρα-

437 1363 663 1420 δοῦναι
693 1370 804 1421 τὸν
850 1371 1122 1425 τοιοῦτον
1150 1371 1229 1437 τῷ
1258 1372 1495 1441 Σατανᾷ
1527 1377 1615 1442 εὶς
1643 1375 1891 1445 ὄλεθρον
1928 1379 2039 1447 τῆς

435 1456 701 1523 σαρκὸς,
733 1458 834 1511 ἵνα
883 1457 950 1512 τὸ
997 1460 1235 1531 πνεῦμα
1278 1461 1448 1531 σωθῇ
1475 1465 1546 1517 ἐν
1572 1464 1647 1534 τῇ
1690 1466 1880 1536 ἡμέρα
1930 1465 2036 1520 τοῦ

432 1548 693 1614 Κυρίουο
724 1550 819 1602 καὶ
847 1553 905 1605 ἐν
942 1554 1006 1622 τῇ
1042 1552 1178 1623 πρὸς
1207 1553 1470 1624 Τιμόθεον
1507 1554 1698 1629 πρώτῃ
1747 1557 1875 1628 περὶ
1925 1556 2035 1610 τῶν

434 1635 813 1711 βλασφήμων·
845 1641 962 1708 Οὓς
985 1643 1293 1711 παρέδωκα
1335 1643 1415 1710 τῷ
1466 1645 1717 1714 Σατανᾷ,
1773 1649 1873 1702 ἵνα
1903 1661 2037 1703 παι-

434 1727 709 1784 δευθῶσι
729 1732 817 1801 μὴ
846 1733 1260 1803 βλασφημεῖν.
1324 1736 1485 1789 Ἴστω
1541 1738 1598 1791 δὲ
1618 1739 1646 1790 ὁ
1679 1738 1778 1810 τῆς
1837 1739 2035 1812 Ἰερου-

436 1820 636 1893 σαλὴμ
663 1823 949 1895 ἐκϐληθεὶς
963 1865 976 1889 ,
1013 1825 1108 1889 ώς,

433 1912 627 1986 τάρκη
655 1914 909 1985 πράττων
937 1915 1042 1981 ἔξω
1087 1917 1185 1987 τῆς
1227 1919 1553 1990 Ἐκκλησίας
1576 1919 1610 1973 ἃ
1630 1921 1728 1989 δεῖ,
1767 1923 1867 1975 οὐκ
1897 1924 2034 1977 ἐπά-

434 2021 622 2059 νεισιν
650 2007 743 2059 ἐπὶ
776 2008 873 2077 τὴν
916 2008 1288 2080 Ἰερουσαλήμο
1314 2011 1633 2066 ἐκϐάλλεται
1658 2012 1715 2066 δέ
1749 2032 1832 2077 τις
1865 2016 2037 2086 ἁμαρ-

436 2097 648 2160 τάνων,
685 2096 791 2151 κᾶν
818 2097 891 2168 μὴ
925 2099 1016 2150 ὑπ’
1036 2098 1341 2170 ἀνθρώπων
1371 2101 1630 2174 ἐκϐληθῇ.
1659 2106 1749 2157 Δεῖ
1781 2104 1837 2157 δὲ
1873 2105 2036 2159 αὐτὸν

428 2185 556 2252 ἔξω
589 2188 871 2256 γεγονέναι
918 2188 1012 2241 τοῦ
1048 2189 1121 2261 μὴ
1162 2191 1383 2260 ἀμελεῖν
1415 2192 1508 2245 τοῦ
1537 2194 1836 2265 οἰκοδομεῖν
1859 2196 2034 2249 οἰκίαν

434 2281 546 2335 καὶ
589 2280 839 2350 φυτεύειν
899 2284 1282 2353 παραδείσους
1332 2284 1505 2339 ταῦτα
1553 2287 1661 2358 γὰρ
1717 2288 1792 2357 μὴ
1843 2288 2030 2352 ποιῶν,

436 2372 588 2443 μηδέ
623 2372 919 2445 πληρώσας
965 2374 1057 2427 τὸν
1115 2376 1438 2446 συμϐολικὸν
1488 2378 1719 2449 ἀριθμὸν
1743 2379 1850 2432 τῶν
1897 2379 2032 2434 ἐτῶν

433 2462 554 2516 τῶν
586 2463 977 2535 ἐϐδομήκοντα,
1038 2467 1317 2521 Σαϐϐάτου
1363 2469 1454 2521 καὶ
1500 2470 1856 2534 ἀναπαύσεως
1881 2471 2030 2535 ὄντα,

429 2553 547 2607 οὐκ
596 2555 842 2609 ἐπάνεισι
896 2557 1243 2627 κοινωνήσων
1297 2558 1362 2627 τῇ
1427 2556 1746 2629 Ἐκκλησία,
1795 2557 1944 2628 μένει
1975 2558 2032 2614 δέ

432 2645 973 2718 καταδεδικασμένος
1011 2646 1115 2714 ἔξω
1143 2644 1281 2700 εἶναι
1330 2649 1430 2718 τῆς
1486 2650 1861 2720 Ἰερουσαλήμ.

516 2736 571 2791 6.
603 2738 712 2792 Καὶ
752 2738 965 2794 λάϐετε
1012 2741 1319 2810 γυναῖκας.
1381 2740 1446 2793 Τί
1489 2741 1547 2794 δέ
1580 2743 1695 2793 ἐστι
1733 2740 1794 2793 τὸ
1844 2740 2028 2797 λαϐεῖν

430 2832 742 2895 γυναῖκας;
786 2831 1083 2903 Ἐδήλωσεν
1112 2834 1140 2884 ὁ
1175 2832 1426 2903 περὶτῆς
1455 2832 1645 2901 σοφίας
1669 2832 1856 2885 εἰπών·
1895 2834 2029 2886 Ταύ-

430 2938 557 2989 την
581 2920 839 2992 ἐῷξτησα
867 2925 1112 2994 νύμφην
1145 2925 1469 2995 ἀγαγέσθαι
1492 2924 1744 2995 ἐμαυτῷ,
1776 2925 1873 2979 καὶ
1903 2925 2028 2993 ἐρα-

431 3014 600 3083 στὴς
628 3015 922 3087 ἐγενόμην
966 3017 1074 3071 τοῦ
1123 3016 1394 3083 κάλλους
1437 3017 1646 3086 αὐτῆς.
1702 3020 1795 3071 Δεῖ
1822 3018 2027 3090 ταύτης

430 3108 596 3178 ίρᾷνν
631 3109 707 3171 ὡς
751 3110 807 3161 ἐν
866 3109 1196 3182 Παροιμίαις
1247 3108 1498 3181 Σολομὼν
1536 3111 1886 3180 εἰσηγήσατο,
1919 3112 2024 3181 φή-

433 3218 562 3264 σας·
610 3200 925 3270 Ἐράσθητι
948 3200 1157 3269 αὐτῆς,
1191 3201 1289 3257 καὶ
1322 3201 1577 3270 τηρήσει
1622 3219 1713 3255 σε’
1738 3202 1837 3255 καὶ
1865 3214 2024 3269 περι-

429 3289 800 3360 χαράκωσον
844 3291 1060 3359 αὐτὴν,
1125 3293 1225 3346 καὶ
1280 3292 1512 3362 ὑψώσει
1562 3309 1655 3346 σε.
1692 3294 1801 3346 Καὶ
1859 3293 2024 3357 ἄλλας

429 3382 495 3436 δὲ
524 3383 632 3435 νόει
658 3383 809 3456 παρὰ
854 3384 953 3456 τὴν
1004 3384 1197 3453 σοφίαν
1225 3387 1504 3450 γυναῖκας,
1550 3385 1649 3447 τὰς
1681 3383 1873 3447 λοιπὰς
1898 3384 2024 3455 ἀρε-

430 3474 558 3540 τάς.
589 3475 743 3529 Οὕτω
766 3476 875 3548 γὰρ
906 3475 1122 3543 ἐξέσται
1161 3475 1364 3541 πολλὰς
1414 3479 1680 3545 γυναῖκας
1732 3475 1917 3529 λαϐεῖν
1965 3475 2022 3542 ἐξ

429 3558 515 3619 ὧν
529 3565 612 3618 δεῖ
622 3568 976 3621 τεκνοποιεῖν.
991 3565 1099 3619 ἀπὸ
1124 3565 1314 3635 σοφίας
1333 3564 1487 3633 λόγον
1509 3565 1720 3634 σοφίας,
1740 3566 1816 3629 ὡς
1843 3564 1907 3618 ἂν
1929 3566 2023 3618 καὶ

431 3658 632 3723 ἄλλους
663 3658 1052 3732 οἰκοδομήσῃς
1089 3658 1197 3712 ἀπὸ
1239 3656 1593 3730 σωφροσύνης
1624 3657 1760 3728 ἔργα
1814 3674 2025 3727 σωφρο-

430 3748 626 3820 σύνης,
681 3750 766 3804 ἵνα
808 3749 1090 3822 σώφρονας
1143 3749 1376 3821 ποιήσῃς
1426 3748 1526 3818 βίῳ
1569 3747 1665 3800 καὶ
1720 3747 1880 3817 λόγῳ·
1914 3747 2022 3800 ἀπὸ

425 3840 783 3911 δικαιοσύνης
815 3841 952 3911 ἔργα
989 3840 1333 3910 δικαιοσύνης
1373 3841 1429 3891 ἐν
1490 3838 1745 3909 κοινωνία
1774 3839 1868 3890 καὶ
1900 3855 2023 3890 συν-

431 3930 765 4004 αλλάγμασι·
811 3933 948 3987 ἀλλὰ
1006 3933 1100 3986 καὶ
1124 3931 1365 3994 δικαίους
1398 3929 1665 3983 διδάσκων
1699 3931 2019 4000 τεκνοποιή-

432 4039 554 4087 σεις
605 4024 713 4077 ἀπὸ
764 4022 1131 4094 δικαιοσύνης.
1169 4020 1330 4084 Υἱοὺς
1377 4020 1433 4073 δὲ
1482 4022 1730 4091 ποιήσεις
1776 4019 1885 4073 ἀπὸ
1911 4020 2020 4074 τῶν

435 4116 573 4170 υἱῶν
619 4117 715 4170 καὶ
771 4116 1114 4187 θυγατέρας·
1190 4113 1341 4176 υἱοὺς
1415 4111 1515 4183 μὲν
1582 4112 1653 4165 τὰ
1711 4112 1830 4164 θεῖα
1894 4112 2020 4182 νοή-

438 4225 585 4279 ματα
644 4209 738 4262 καὶ
798 4207 868 4261 τὰ
914 4207 1197 4277 δόγματα,
1259 4202 1565 4275 θυγατέρας
1623 4201 1681 4257 δὲ
1733 4200 1831 4265 τὰς
1875 4201 2019 4274 πρά-

430 4300 568 4367 ξεις.

507 4392 560 4447 8.
597 4391 696 4460 Μὴ
734 4391 1224 4446 ἀναπειθέτωσαν
1259 4391 1419 4458 ὑμᾶς
1453 4388 1507 4440 οἱ
1553 4384 1803 4456 μάντεις
1830 4385 2014 4457 ὑμῶν.

2151 573 2307 642 rigat.

2736 734 2890 792 CAP.
2948 736 3135 795 XXIX.

2214 826 2268 880 4.
2305 827 2474 896 Super
2508 829 3035 898 transmigrationem
3087 849 3245 903 quam
3296 835 3549 889 transtuli
3576 853 3606 891 ε
3630 835 3726 893 Je-

2145 916 2395 973 rusalem.
2453 916 2781 987 Jerusalem,
2812 931 2869 975 ut
2896 938 3037 992 saepe
3067 925 3387 979 adnotatum
3418 937 3520 993 est,
3554 931 3727 983 sumi-

2145 1016 2234 1061 tur
2258 1024 2355 1076 pro
2372 1007 2635 1072 Ecclesia,
2670 1026 2794 1080 quae
2822 1021 2906 1067 est
2931 1015 3125 1068 civitas
3153 1014 3266 1082 Dei,
3301 1017 3437 1073 vivis
3459 1019 3723 1085 tedilicala

2142 1098 2441 1166 lapidibus;
2475 1115 2505 1153 e
2531 1116 2635 1169 qua
2663 1102 2758 1171 qui
2781 1103 3047 1174 delinquit
3087 1107 3332 1176 rjicitur,
3360 1108 3724 1165 Nabucltodn-

2142 1191 2352 1255 nosori,
2406 1207 2599 1260 nempe
2652 1193 2870 1250 Satanae
2924 1198 3175 1255 traditus.
3219 1201 3309 1255 Ait
3342 1202 3487 1255 enim
3519 1201 3724 1259 Paulus

2141 1279 2209 1334 de
2231 1279 2565 1336 fornicatorc
2595 1283 2615 1314 ³
2646 1304 2657 1338 :
2694 1284 2924 1341 Tradere
2969 1288 3272 1357 Itujusmodi
3307 1291 3525 1346 Satame
3555 1295 3610 1346 in
3640 1294 3724 1348 in-

2142 1371 2355 1424 teritum
2387 1375 2565 1427 carnis
2585 1412 2602 1440 ,
2645 1386 2699 1428 ut
2739 1378 2960 1445 spiritus
2988 1380 3167 1435 salvus
3193 1382 3263 1435 sit
3290 1383 3344 1436 in
3367 1384 3452 1437 die
3479 1384 3717 1439 Domini.

2138 1458 2205 1514 Et
2251 1461 2302 1514 in
2345 1463 2523 1531 prima
2567 1464 2633 1518 ad
2677 1463 3026 1523 Timotheum
3053 1468 3294 1537 Epistula
3340 1473 3407 1526 de
3461 1473 3737 1545 blaspbe-.

2143 1546 2289 1605 mis‘
2320 1568 2334 1604 :
2369 1549 2511 1616 Quos
2543 1555 2745 1608 tradidi
2768 1556 3007 1623 Satanaz,
3028 1568 3083 1610 ut
3111 1559 3427 1615 erudiantur
3454 1580 3556 1618 non
3578 1564 3722 1622 blas-

2137 1640 2401 1710 pltemare.
2439 1641 2587 1698 Sciat
2632 1658 2811 1700 autem
2848 1648 3161 1718 quicunque
3187 1650 3537 1708 elernsalem
3565 1657 3720 1724 ejici-

2139 1740 2263 1795 tnr,
2314 1747 2406 1799 se,
2452 1732 2507 1786 ni
2555 1737 2882 1804 competenti
2921 1746 3161 1809 tempore
3202 1752 3356 1798 extra
3391 1743 3714 1809 Ecclesium.

1170 1825 1265 1881 ἐὰν
1303 1828 1402 1898 μὲν
1461 1830 1661 1902 ποιήσῃ
1717 1830 1906 1901 χρόνον
1934 1831 2029 1885 αύ-

2139 1838 2260 1893 qua:
2294 1825 2502 1892 agenda
2551 1836 2679 1881 sunt
2710 1826 2907 1895 iaciat,
2944 1830 2995 1884 in
3027 1830 3327 1889 Jerusalem
3367 1850 3474 1890 non
3509 1837 3716 1892 reditu-

2138 1931 2281 1969 rum.
2327 1914 2558 1984 Ejicitur
2602 1933 2733 1972 vero
2755 1920 2847 1988 qui
2878 1931 3099 1990 peccat,
3143 1924 3268 1978 licet
3298 1925 3367 1979 ab
3401 1926 3714 1982 hominibus

2136 2022 2245 2061 non
2271 2006 2543 2076 ejiciatur.
2583 2006 2811 2078 Oportet
2839 2020 3018 2066 autem
3045 2014 3246 2082 ipsum,
3279 2016 3408 2070 dum
3434 2026 3589 2073 extra
3619 2020 3713 2073 de-

2136 2098 2233 2168 git,
2284 2113 2483 2153 curare
2527 2108 2584 2153 ut
2621 2100 2846 2154 domum
2880 2102 3108 2157 aediﬁcet
3138 2105 3437 2176 hortosque
3467 2108 3711 2178 plantet;

2139 2201 2263 2255 qua:
2313 2186 2356 2240 si
2405 2202 2515 2240 non
2563 2186 2782 2254 fecerit,
2814 2204 2990 2258 neque
3019 2192 3376 2261 symbolicum
3423 2208 3710 2249 numerum

2136 2276 2475 2345 septuaginta
2505 2292 2773 2330 annorum
2805 2279 3157 2348 compleverit
3186 2280 3280 2348 qui
3302 2280 3368 2334 ad
3406 2278 3704 2336 Sabbatum

2134 2365 2485 2434 quietemque
2509 2367 2669 2437 305
2703 2379 2929 2437 spectat,
2976 2386 3083 2424 non
3114 2370 3308 2425 redibit
3333 2373 3706 2426 communica-

2134 2467 2288 2513 turus
2321 2459 2598 2524 Ecclesiae,
2631 2459 2725 2516 sed
2756 2461 3186 2526 condemnatus,
3222 2473 3281 2517 ut
3302 2474 3452 2517 extra
3487 2462 3705 2518 Jerusa-

2133 2549 2239 2603 lem
2277 2550 2456 2621 degat.

2202 2726 2256 2782 6.
2299 2726 2368 2780 Et
2399 2728 2623 2797 accipite
2653 2745 2866 2784 uxores.
2900 2728 3042 2796 Quid
3072 2739 3156 2786 est
3180 2739 3360 2785 autem
3394 2747 3593 2786 uxores
3625 2747 3708 2787 ac-

2129 2818 2346 2888 cipere?
2385 2818 2750 2873 Manifestavit
2778 2821 2871 2890 qui
2904 2821 2970 2875 de
2993 2823 3256 2891 sapientia
3285 2822 3426 2876 dixit
3455 2823 3476 2854 ⁵
3508 2841 3522 2877 :
3553 2821 3708 2875 Hunc

2127 2911 2344 2980 quaesivi
2373 2927 2619 2979 sponsam
2651 2910 2837 2965 ducere
2869 2912 3020 2977 mihi,
3052 2922 3099 2965 et
3138 2924 3349 2967 amator
3377 2914 3554 2982 factus
3589 2932 3706 2968 sum

2128 3002 2540 3072 pulchritudinis
2572 3002 2739 3056 illius.
2770 3042 2773 3047 -
2806 3003 3030 3073 Oportet
3063 3012 3244 3058 autem
3280 3021 3398 3058 eam
3425 3006 3703 3071 adamare,

2132 3101 2190 3145 ut
2218 3092 2272 3144 in
2300 3090 2609 3146 Proverbiis
2640 3107 2742 3146 nos
2779 3090 3037 3147 Salomon
3072 3095 3179 3149 illis
3209 3094 3388 3148 verbis
3418 3095 3604 3149 docuit
3633 3095 3653 3125 ⁸
3688 3112 3701 3148 :

2051 3165 2093 3221 C
2128 3183 2336 3253 Diligas
2364 3181 2536 3248 illam,
2565 3194 2611 3235 et
2649 3183 2907 3237 custodiet
2934 3194 2981 3237 te
3009 3186 3169 3249 vallo,
3191 3195 3240 3238 et
3263 3186 3407 3255 [ossa
3434 3185 3705 3239 circumda

2123 3289 2235 3328 eam
2259 3314 2276 3340 ,
2320 3282 2369 3327 et
2420 3273 2676 3326 exaltabit
2712 3285 2781 3329 te.
2841 3275 2989 3330 Alias
3018 3292 3232 3346 quoque
3260 3287 3453 3346 praater
3483 3278 3695 3356 sapien-

2127 3366 2254 3420 tiam
2283 3382 2482 3420 uxores
2511 3366 2780 3436 intellige,
2825 3376 3052 3422 caeteras
3079 3384 3272 3437 nempe
3304 3370 3553 3424 virtutes.
3613 3369 3703 3422 Sic

2125 3458 2269 3511 enim
2302 3458 2501 3511 multas
2535 3457 2736 3513 (lucere
2772 3458 2952 3513 licebit
2994 3474 3192 3514 uxores
3213 3498 3227 3523 ,
3259 3474 3327 3513 ex
3356 3461 3556 3529 quibus
3579 3475 3703 3529 pro-

2124 3546 2345 3600 creandi
2379 3554 2506 3600 sunt
2530 3547 2659 3613 lilii;
2709 3562 2738 3600 a
2768 3547 3035 3617 sapientia
3071 3549 3349 3618 sapientiae
3379 3566 3591 3609 sermo.
3644 3558 3702 3601 ut

2122 3646 2176 3691 et
2215 3637 2351 3691 alios
2378 3637 2636 3703 aediﬁces,
2668 3653 2699 3692 a
2726 3639 2976 3693 castitate
3003 3640 3268 3693 castitatis
3310 3654 3499 3708 opera,
3532 3648 3588 3691 ut
3611 3654 3704 3693 ca-

2123 3737 2237 3783 stos
2271 3737 2327 3783 et
2357 3728 2465 3782 vita
2508 3737 2562 3782 et
2589 3744 2842 3783 sermone
2877 3728 3107 3795 ellicias;
3160 3744 3192 3783 a
3236 3730 3448 3798 justitia
3477 3728 3702 3798 iustitia!

2122 3835 2286 3889 opera
2315 3820 2370 3874 in
2394 3819 2502 3873 vita
2527 3819 2670 3873 civili
2694 3831 2748 3874 et
2776 3821 3174 3884 contractibus,
3202 3832 3251 3873 et
3275 3819 3453 3887 justos
3480 3834 3699 3889 quoque

2121 3911 2347 3977 dooens,
2374 3911 2673 3980 exjustitia
2707 3910 2851 3964 ﬁlios
2881 3909 3164 3978 suscipies.
3207 3909 3372 3965 Fdios
3406 3910 3567 3963 etiam
3605 3926 3693 3979 ge-

2121 4002 2343 4056 nerabis
2372 4016 2438 4055 ex
2474 4002 2633 4064 ﬁliis,
2667 4009 2722 4054 et
2744 4001 2919 4067 tilias;
2952 4000 3090 4054 lilios
3115 4001 3360 4070 quidem,
3394 4016 3580 4055 sacras
3607 4016 3698 4054 eo-

2122 4092 2414 4164 gitationes
2447 4100 2501 4147 et
2529 4093 2816 4161 dogmata;
2851 4091 2991 4146 tilias
3024 4099 3231 4160 autem,
3258 4093 3621 4163 operationes.

2188 4370 2242 4426 8.
2288 4367 2412 4424 Νοη
2443 4366 2695 4422 seducunt
2726 4382 2813 4421 vos
2853 4376 2996 4420 vates
3032 4364 3212 4419 uestri.
3282 4362 3521 4417 Turbata
3549 4363 3694 4416 enim

426 4455 863 4553 Ταραττομένης
915 4480 1024 4550 γὰρ
1080 4455 1454 4550 Ἰερουσαλὴμ,
1512 4455 1876 4544 ἐπικειμένου⁷
1918 4471 2011 4526 τοῦ

2127 4461 2443 4529 Ierusalem,
2465 4459 2763 4531 Babylonio
2797 4459 3056 4523 instante,
3090 4456 3155 4510 ad
3189 4455 3470 4526 praesagia,
3492 4463 3549 4508 ut
3578 4469 3692 4507 cre-

434 4572 801 4636 Βαϐυλωνίου,
835 4564 946 4624 οἷον
999 4569 1165 4633 εἰκὸς,
1194 4567 1287 4621 ἐπὶ
1333 4565 1641 4639 προγνώσει
1681 4565 2014 4633 κατέφευγον

432 4668 495 4722 τὸ
527 4666 718 4738 μέλλον
744 4663 940 4719 ειδέναι
973 4661 1304 4733 βουλόμενοι’
1349 4660 1463 4714 ἀλλ’
1504 4660 1551 4712 οἱ
1592 4659 1689 4729 μὲν
1717 4657 2017 4727 ψευδοπροα

432 4758 603 4829 φῆται
637 4757 696 4824 ἐξ
723 4757 878 4826 ἁγίου
912 4755 1230 4825 Πνεύμττος
1287 4751 1571 4824 προλέγειν
1599 4748 2012 4821 διισχυρίζοντο·

428 4850 542 4905 τῶν
569 4850 624 4903 δὲ
647 4848 820 4904 ἄλλων
850 4849 898 4901 οἱ
929 4846 1026 4918 μὲν
1060 4843 1342 4916 μαντείας,
1372 4845 1419 4896 οἱ
1468 4841 1526 4895 δὲ
1579 4841 1740 4894 πάλιν
1789 4839 2015 4894 ἐνύπνια

435 4942 765 5016 προῦφερον.
821 4939 920 4992 Διὰ
967 4937 1124 4991 τοῦτο
1167 4936 1247 4989 δεῖ
1289 4934 1518 4988 καθόλου
1580 4935 1761 5003 πάσης
1787 4929 2017 4993 ἀσεϐοῦς

435 5033 798 5105 προγνώσεως
831 5030 905 5103 μὴ
957 5028 1263 5099 ἀνέχεσθαι.
1324 5027 1387 5081 Ei
1437 5026 1547 5096 γὰρ
1585 5024 1815 5095 ἀστέρες
1853 5021 2014 5091 τυχὸν

436 5126 736 5199 ἐνεργοῦσι,
782 5124 957 5197 μάτην
993 5119 1344 5191 καυχώμεθα.
1402 5119 1493 5171 Διά
1527 5132 1711 5187 φησιν·
1745 5113 2017 5168 Εῖπωσιν

435 5224 486 5274 οἱ
514 5219 875 5288 ἀστρολόγοι
916 5214 1024 5269 τοῦ
1053 5211 1314 5281 οὐρανοῦ
1361 5211 1419 5263 τι
1460 5209 1747 5273 βούλεται
1803 5205 2017 5272 Κύριος

432 5311 572 5382 περὶ
603 5310 741 5366 σοῦ’
776 5309 889 5373 καὶ,
925 5308 1048 5360 Οὐκ
1100 5304 1270 5359 ἕσται
1318 5299 1634 5381 οἰωνισμὸς
1665 5297 1737 5351 ἐν
1788 5293 2012 5357 Ἰακὼϐ,

432 5399 583 5455 οὐδὲ
611 5398 866 5470 μαντεία
890 5397 962 5450 ἐν
994 5391 1253 5462 Ἰσραήλ.
1286 5388 1450 5443 Γενοῦ
1477 5387 1654 5441 τοίνυν
1689 5385 1838 5452 ἄξιος
1863 5382 2012 5446 θείας

437 5489 818 5564 προγνώσεως·
861 5487 1056 5557 ἐπάγει
1083 5485 1191 5556 γὰρ
1231 5481 1369 5556 μετὰ
1400 5482 1481 5544 τὸ,
1513 5482 1635 5534 Οὐκ
1662 5479 1833 5533 ἔσται
1858 5494 2011 5547 μαν-

435 5583 565 5638 τεία
594 5583 664 5636 ἐν
703 5578 959 5650 Ἰσραήλο
989 5576 1151 5633 Κατὰ
1191 5576 1400 5644 καιρὸν·
1433 5571 1763 5642 ῥηθήσεται
1793 5568 1872 5636 τῷ
1913 5572 2013 5625 Ἰα-

437 5673 559 5728 κὼϐ
589 5673 686 5727 καὶ
719 5670 800 5736 τῷ
836 5669 1093 5738 Ἰσραὴλ,
1124 5663 1457 5721 ἐπιτελέσει
1494 5667 1527 5718 ό
1567 5663 1730 5730 Θεός.

439 5833 464 5867 ο
499 5765 737 5892 i'bildCor.
769 5779 821 5833 ν,
849 5763 901 5818 5.
979 5762 1002 5795 ⁵
1039 5758 1228 5814 lTim.
1261 5773 1299 5827 ι,
1323 5756 1413 5812 ‘20.
1505 5756 1526 5787 ⁵
1567 5752 1695 5833 Sap.
1732 5769 1846 5822 vm,
1887 5755 1941 5810 2.

2046 5756 2067 5790 °
2104 5753 2266 5811 Prov.
2302 5758 2375 5800 tv.
2412 5739 2465 5795 6.

2117 4556 2355 4612 dendutn
2379 4551 2911 4623 est,conl‘ugiebant,
2943 4550 3071 4621 quid
3102 4549 3345 4602 futurum
3380 4555 3527 4601 esset
3554 4546 3696 4600 scire

2118 4649 2424 4720 cupientes.
2485 4647 2591 4702 Sed
2642 4645 3130 4714 pscudopropbeta:
3180 4649 3370 4696 sancto
3403 4640 3605 4710 Spiritu
3635 4654 3695 4693 se

2118 4740 2413 4811 praedicere
2448 4740 2840 4795 asseverabant
2872 4754 2885 4790 :
2919 4750 2984 4788 cx
3019 4735 3141 4789 aliis
3167 4750 3297 4789 vero
3331 4734 3384 4788 bi
3405 4733 3694 4787 divinatio-

2118 4846 2237 4897 nes,
2272 4831 2347 4885 illi
2380 4830 2591 4885 somnia
2624 4825 2992 4899 proferebant.
3019 4822 3227 4879 Idcirco
3256 4825 3325 4879 ab
3353 4823 3501 4908 omni
3533 4838 3692 4892 pror-

2116 4938 2213 4978 sus
2257 4922 2421 4991 impia
2469 4920 2817 4991 praedictione
2855 4917 3238 4974 abstinendum
3284 4925 3388 4970 est.
3447 4913 3503 4968 Si
3539 4915 3684 4967 enim

2123 5013 2291 5068 stella-
2317 5011 2552 5066 fortasse
2579 5019 2898 5080 operantur,
2930 5008 3133 5063 frustra
3161 5007 3479 5078 gloriamur.
3511 5004 3694 5069 Quare

2121 5104 2241 5159 ait"
2276 5122 2289 5158 :
2328 5102 2522 5157 Dicunt
2553 5101 2809 5171 astrologi
2843 5099 2980 5163 coeli,
3008 5099 3135 5170 quid
3177 5098 3297 5152 velit
3346 5095 3604 5148 Dominus
3629 5093 3694 5146 de

2123 5205 2210 5257 te;
2242 5202 2296 5247 ct
2317 5193 2338 5224 ⁸
2364 5211 2377 5246 :
2411 5191 2533 5245 Non
2574 5192 2672 5245 erit
2718 5188 2999 5259 auguratio
3031 5188 3087 5240 in
3106 5186 3296 5244 Iacob.
3324 5198 3483 5252 neque
3506 5181 3693 5235 vatici-

2123 5287 2270 5339 nium
2304 5285 2358 5337 in
2392 5283 2586 5339 Israel.
2638 5281 2746 5336 Fac
2779 5290 2828 5335 te
2862 5280 3028 5349 igitur
3053 5278 3236 5334 divina
3271 5270 3693 5344 praecognﬂione

2118 5377 2366 5447 dignum.
2425 5372 2592 5427 Infert
2637 5372 2781 5427 enim
2812 5378 2935 5441 post
2963 5368 3092 5422 illud
3117 5367 3138 5399 ’
3166 5385 3179 5421 :
3218 5363 3341 5418 Non
3380 5363 3479 5415 erit
3507 5362 3691 5414 vatici-

2119 5471 2264 5524 nium
2289 5468 2345 5519 in
2373 5465 2564 5521 Israel.
2593 5463 2748 5519 Certo
2779 5474 3008 5531 tempore
3029 5460 3236 5513 dicetur
3258 5452 3425 5511 Iacob
3445 5461 3495 5507 et
3517 5449 3690 5507 Israel

2118 5561 2246 5634 quid
2274 5556 2578 5621 operabitur
2605 5555 2766 5610 Deus.

2565 5740 2586 5772 "
2625 5737 2727 5795 lsa.
2762 5752 2928 5803 xun,
2968 5735 3049 5789 15.
3152 5732 3173 5765 ⁸
3202 5730 3364 5788 Num.
3397 5741 3563 5795 χχιιι,
3597 5733 3686 5786 ‘25.
