4218 6292
441 408 542 464 579

1866 403 1955 458 EX
1996 400 2296 461 ORiGENE

3593 414 3699 466 ’580

509 523 602 579 ΩΙ.
644 523 733 580 Sic
764 525 900 578 dixit
943 523 1194 576 Dominus
1226 536 1382 587 super
1414 522 1636 575 Achiab.
1679 519 1880 577 Eadem
1913 537 2010 592 pa-
2042 527 2088 583 Α

2042 527 2088 583 Α
2185 522 2276 576 21.
2327 521 2525 587 Οὕτως
2574 516 2704 574 εἷπε
2761 522 2974 588 Κύριος
3029 520 3128 575 ἐπὶ
3187 523 3405 593 Ἀχιᾶ6.
3460 524 3698 580 Τοιαῦτα

439 615 610 672 tietur
638 617 816 670 omnis
844 615 956 667 haec
979 628 1145 682 agens
1181 612 1364 667 senior
1391 628 1422 667 a
1456 628 1581 683 rege
1609 612 1918 685 Babylonis.
1959 615 2016 669 Si

441 706 587 761 enim
619 705 713 775 qui
743 704 961 773 indigne
1006 703 1175 757 sumit
1199 702 1625 771 Eucharistiam,
1669 705 1723 759 in
1747 706 2015 776 judicium

441 793 632 854 sumit,
681 802 885 860 quanto
918 791 1092 862 magis
1133 792 1229 862 qui
1278 792 1516 847 sedet-in
1559 802 1701 850 etetu
1736 796 2016 852 seniorum

443 899 567 939 cum
605 883 938 937 conscientia
973 884 1211 953 polluta,
1255 884 1463 939 Christi
1512 886 1799 957 collegium
1831 904 2019 944 maeu-

442 974 601 1029 lans?
631 972 766 1040 Quis
792 975 937 1028 enim
964 976 1089 1045 pius
1125 993 1247 1031 cum
1273 992 1339 1031 eo
1372 978 1666 1033 considens
1696 978 1919 1034 audebit
1943 981 2022 1036 di-

441 1081 565 1121 cere
590 1066 634 1098 ¹⁰
667 1084 680 1121 :
715 1065 836 1120 Non
866 1069 976 1122 sedi
1007 1085 1127 1122 cum
1153 1069 1374 1122 consitio
1406 1071 1678 1136 vanitatis,
1703 1082 1755 1127 et
1781 1088 1902 1142 quae
1933 1088 2019 1129 se-

440 1159 721 1230 quuntur?

1034 1344 1188 1399 CAP.
1247 1344 1418 1400 XXX.

513 1436 603 1490 18.
673 1435 739 1488 Et
794 1436 1148 1506 ardiﬁcabitur
1199 1439 1386 1493 civitas
1441 1456 1600 1509 super
1657 1441 2014 1495 altitudinem.

441 1523 652 1580 Poteris
685 1526 851 1580 etiam
894 1528 1075 1582 dicere
1121 1544 1275 1584 suam
1318 1529 1407 1583 hic
1448 1531 1747 1585 bonitatem
1790 1531 2020 1586 manife-

442 1624 656 1682 stasse,
696 1627 915 1685 propter
942 1633 1105 1687 quam
1138 1619 1301 1673 etiam
1333 1635 1522 1675 severe
1544 1621 1656 1692 agit
1688 1623 2017 1691 quibuscum

441 1707 711 1777 agendum
738 1708 810 1762 ita
841 1718 944 1764 est.
977 1709 1321 1781 Quapmpter
1349 1721 1472 1782 post
1500 1714 1752 1768 acerbam
1777 1715 2018 1769 curatio-

444 1814 591 1863 nem,
626 1801 1000 1870 mdiﬁcabitur,
1032 1804 1230 1874 inquit,
1257 1806 1444 1860 civitas
1478 1807 1532 1860 in
1555 1810 1761 1861 excelso
1805 1824 1921 1861 suo.
1957 1808 2016 1863 In

443 1907 556 1962 quo
582 1892 744 1965 306
761 1895 977 1950 excelso
996 1896 1018 1949 ?
1036 1895 1159 1949 Non
1177 1906 1344 1966 potest
1364 1899 1551 1952 civitas
1577 1900 1830 1954 abscondi
1860 1917 2020 1970 super

444 1994 672 2038 montem
688 1987 863 2055 posita
886 1986 950 2051 “,
977 1988 1156 2057 qualis
1176 1997 1278 2054 est,
1311 2005 1433 2058 quae
1463 1991 1601 2044 nihil
1632 1992 1859 2056 humile,
1885 1991 2021 2045 nihil

442 2074 745 2131 humanum
768 2079 928 2148 sapit,
943 2081 1251 2150 voluptates
1272 2081 1416 2147 dico,
1439 2089 1789 2152 terrenasque
1803 2082 2021 2137 divitias

442 2177 499 2224 et
524 2167 802 2238 gloriolas.
854 2170 1215 2226 Consurrexit
1255 2188 1493 2242 namque
1517 2188 1641 2227 cum
1682 2170 1902 2227 Christo
1922 2214 1937 2235 ,
1967 2181 2023 2227 et

444 2276 567 2330 quae
593 2276 814 2316 sursum
847 2271 977 2317 sunt
1003 2263 1219 2334 quterit.
1261 2264 1384 2320 llaec
1414 2274 1465 2319 te
1495 2273 1705 2336 agente,
1736 2264 2024 2320 aedilicabi—

446 2361 538 2407 tur
561 2353 755 2409 civitas
786 2363 876 2409 tua
907 2355 961 2410 in
993 2357 1209 2413 excelso
1242 2374 1365 2413 suo.

516 2537 606 2593 21.
650 2538 781 2602 Quis
825 2548 902 2594 est
952 2539 1051 2594 iste
1094 2542 1185 2611 qui
1233 2542 1378 2595 dedit
1413 2559 1504 2596 cor
1535 2559 1688 2597 suum
1738 2545 1925 2598 reverti
1952 2546 2023 2599 ad

444 2629 565 2682 me?
629 2628 912 2699 Tanquam
960 2632 1027 2688 de
1075 2649 1135 2689 re
1183 2634 1363 2705 aliqua
1413 2650 1536 2689 rara
1584 2636 1844 2705 loquitur.
1906 2635 2024 2692 Mos

445 2729 628 2773 autem
662 2730 751 2774 est
784 2737 955 2777 sacra:
982 2723 1277 2794 Scriptura:
1327 2733 1450 2795 post
1477 2741 1663 2780 amara
1695 2726 2026 2797 subjungere

448 2807 685 2865 humana
711 2813 778 2867 ad
808 2813 1276 2879 consolationem,
1329 2826 1384 2870 et
1409 2829 1532 2886 post
1565 2818 1807 2887 jucunda
1833 2834 2027 2874 rursus

448 2899 649 2956 inferre
678 2919 887 2971 amara,
936 2920 1003 2959 ne
1033 2907 1232 2975 spretis
1257 2908 1516 2963 bonitatis
1550 2907 1644 2963 Dei
1668 2908 1873 2965 divitiis
1904 2909 2024 2963 the-

448 2994 725 3049 saurizent
754 2996 856 3050 sibi
883 2995 1017 3050 iram
1056 2998 1108 3051 in
1139 2998 1225 3053 die
1251 2998 1474 3054 furoris.
1524 2998 1704 3066 Quare
1731 3000 1807 3055 ait
1837 3001 1878 3032 "
1915 3019 1927 3055 :
1966 3001 2027 3057 Si

448 3083 533 3136 ira
571 3100 783 3155 egressa
833 3086 1027 3156 fuerit,
1066 3106 1166 3143 non
1206 3099 1488 3145 rerertetur
1516 3093 1680 3146 donec
1714 3094 1883 3162 faciat
1911 3110 2030 3164 qua:

2118 613 2365 667 πείσεται.
2412 614 2519 676 πᾶς
2569 613 2830 682 πράσσων
2883 612 3255 685 πρεσϐύτερος
3291 614 3398 668 ὑπὸ
3431 614 3699 686 βασιλέως

2118 704 2452 767 Βαϐυλῶνος.
2483 704 2547 757 El
2591 703 2701 774 γὰρ
2751 704 2780 755 ό
2828 704 3062 768 ἀναξίως
3116 722 3201 769 τις
3260 706 3696 777 μεταλαμϐάνων

2116 795 2484 868 Εὐχαριστίαν
2509 796 2588 858 είς
2618 798 2792 866 κρῖμα
2843 794 3091 865 λήψεται,
3131 794 3282 867 πόσῳ
3314 796 3513 867 μᾶλλον
3537 801 3566 852 ὁ
3591 817 3695 853 κα·-

2119 889 2406 959 θεζόμενος
2460 889 2516 942 ὲν
2556 887 2936 960 πρεσϐυτερίῳ
2992 891 3254 944 συνειδότι
3312 893 3695 965 μεμιασμένῳ,

2121 984 2214 1036 καὶ
2251 982 2313 1034 τὸ
2366 980 2603 1052 Χριστοῦ
2646 980 2887 1051 μολύνων
2909 981 3221 1051 συνέδριον;
3283 984 3379 1047 Τίς
3409 985 3514 1056 γὰρ
3548 986 3699 1058 αὑτῷ

2121 1074 2537 1147 συγκαθήμενος
2579 1075 2812 1147 εὐλαϐὴς
2863 1076 3042 1145 λέγειν
3103 1078 3363 1150 τολμήσει
3434 1081 3514 1145 τὸ,
3575 1085 3698 1135 Οὐκ

2117 1165 2368 1220 ἐκάθισα
2385 1167 2538 1236 μετὰ
2562 1166 2884 1235 συνεδρίου
2920 1170 3336 1238 ματαιότητος,
3377 1173 3473 1225 καὶ
3505 1172 3573 1226 τὰ
3604 1174 3696 1226 ἐπὶ

2117 1257 2330 1322 τούτοις
2355 1275 2370 1324 ;

2755 1351 2913 1404 xm.
2967 1350 3046 1404 A'.
3578 1416 3581 1419 ς

2193 1439 2279 1494 18.
2314 1435 2424 1495 Κᾶὶ
2451 1439 2982 1509 οἰκοδομηθήσεται
3011 1443 3048 1508 ἡ
3102 1442 3279 1507 πόλις
3315 1442 3414 1496 ἐπὶ
3447 1441 3514 1496 τὸ
3540 1442 3696 1510 ὕψος

2118 1533 2332 1601 αὐτῆς.
2357 1532 2548 1598 Εἴποις
2578 1533 2621 1586 δ’
2653 1534 2741 1597 ἂν,
2770 1533 2851 1586 ὅτι
2884 1532 2978 1586 καὶ
3005 1531 3102 1602 τὴν
3141 1532 3275 1586 ἰδίαν
3330 1534 3695 1588 ἐπιδείκνυσιν

2120 1624 2453 1697 ἀγαθότητα,
2481 1625 2549 1679 δι’
2577 1626 2642 1696 ἣν
2667 1625 2761 1678 καὶ
2785 1624 2885 1695 τὴν
2910 1624 3211 1693 ἀποτομίαν
3237 1624 3433 1693 ἐπάγει
3458 1629 3568 1688 τοῖς
3594 1626 3692 1679 αὑ-

2118 1716 2218 1787 τῆς
2255 1717 2313 1769 ὲν
2336 1716 2497 1787 χρείᾳ
2539 1717 2889 1785 τυγχάνουσι.
2919 1716 3029 1779 Διὸ,
3063 1715 3201 1785 μετὰ
3250 1717 3311 1768 τὸ
3340 1719 3421 1779 είς
3452 1717 3696 1785 ἀλγεινὸν

2121 1807 2543 1878 θεραπευθῆναι,
2573 1807 3125 1878 οἰκοδομηθήσεται,
3190 1807 3374 1877 φησὶν,
3424 1809 3462 1876 ἡ
3521 1811 3698 1875 πόλις

2120 1898 2219 1952 ἐπὶ
2255 1898 2318 1953 τὸ
2348 1900 2506 1967 ὕψος
2530 1899 2741 1967 αὐτῆς.
2764 1901 2921 1953 Ποῖον
2946 1898 3111 1967 ὕψος
3143 1900 3224 1952 Οὐ
3246 1897 3495 1953 δύναται
3522 1900 3694 1965 πόλις

2122 1986 2321 2042 ἐπάνω
2368 1987 2544 2057 ὄρους
2584 1986 2823 2057 κειμένη
2872 1984 3180 2054 κρυϐῆναι,
3248 1983 3409 2037 ὁποία
3459 1984 3621 2044 ἐστὶν,
3658 1986 3689 2053 ή

2126 2079 2291 2151 μηδὲν
2353 2078 2625 2151 φρονοῦσα
2687 2077 2942 2132 ταπεινὸν
2991 2076 3024 2148 ἢ
3085 2074 3446 2147 ἀνθρώπινον,
3508 2075 3693 2146 ἡδονάς

2125 2188 2258 2240 φησι
2285 2171 2379 2225 καὶ
2432 2169 2662 2223 πλοῦτον
2717 2171 2775 2222 ὲν
2819 2170 2889 2240 γῇ
2941 2168 3035 2222 καὶ
3088 2167 3330 2239 δοξάρια.
3386 2165 3694 2238 Eum-fi.qu

2123 2264 2233 2335 γὰρ
2278 2262 2357 2334 τῷ
2412 2260 2654 2334 Χριστῷ,
2705 2260 2802 2315 καὶ
2849 2259 2920 2313 τὰ
2983 2259 3095 2312 ἄνω
3136 2259 3305 2328 ζητεῖ.
3364 2256 3550 2311 Ταῦτά
3603 2272 3695 2310 σου

2124 2354 2429 2421 ποιοῦντος,
2452 2352 2938 2425 οἰκοδομηθήσεται
2965 2353 2997 2421 ἡ
3024 2350 3178 2414 πόλις
3228 2367 3322 2403 σου
3351 2349 3441 2403 ἐπὶ
3471 2348 3534 2401 τὸ
3562 2347 3695 2417 ὕψος

2123 2464 2311 2518 αυτης.

2193 2540 2282 2594 21.
2328 2540 2422 2605 Τίς
2476 2539 2649 2592 ἐστιν
2711 2531 2904 2600 οὗτος,
2957 2535 3024 2600 ὃς
3071 2533 3286 2588 δέδωκε
3310 2529 3421 2598 τὴν
3448 2528 3701 2597 καρδίαν

2124 2630 2311 2687 αὑτοῦ
2337 2631 2715 2700 ἀποστρέψαι
2744 2628 2895 2697 πρὸς
2944 2625 3053 2697 μέ;
3094 2626 3179 2688 Ὠς
3208 2624 3299 2677 ἐπὶ
3344 2622 3566 2676 σπανίου
3596 2636 3702 2689 φη-

2129 2726 2231 2781 σίν.
2261 2724 2421 2788 Ἔθος
2453 2723 2510 2777 δὲ
2534 2726 2599 2794 τῇ
2632 2721 2751 2793 Oslq.
2795 2722 2983 2793 Γραφῇ
3019 2718 3158 2792 μετὰ
3205 2718 3273 2772 τὰ
3310 2714 3480 2787 πικρὰ
3522 2712 3702 2780 λέγειν

2129 2817 2485 2890 φιλάνθρωπα
2516 2814 2651 2885 πρὸς
2685 2810 3060 2885 παραμυθίαν,
3101 2809 3197 2863 καὶ
3229 2806 3367 2879 μετὰ
3395 2806 3463 2859 τὰ
3490 2800 3702 2875 χρηστὰ

2126 2907 2305 2976 λέγειν
2335 2906 2655 2977 πικρότερα,
2687 2904 2774 2957 ἵνα
2819 2902 2895 2974 μὴ
2927 2899 3021 2954 τοῦ
3052 2900 3282 2955 πλούτου
3329 2897 3427 2968 τῆς
3472 2896 3700 2969 χρηστό-

2130 3016 2291 3071 τητος
2337 2997 2430 3052 τοῦ
2454 2996 2588 3051 Θεοῦ
2616 2995 3126 3065 καταφρονήσαντες
3155 2990 3553 3063 θησαυρίσωσιν
3579 2989 3701 3042 ἑαυ-

2129 3094 2243 3155 τοῖς
2271 3091 2439 3163 ὀργὴν
2483 3087 2744 3160 ἐνήμὲρα
2790 3086 2981 3157 όργῆς.
3033 3083 3123 3137 Διό
3161 3100 3345 3154 φησιν·
3392 3083 3534 3136 Ἐὰν
3556 3082 3701 3146 ἔλθῃ

449 3175 561 3232 vult
597 3177 757 3232 Deus.
829 3177 951 3235 Vult.
979 3190 1160 3236 autem
1196 3182 1360 3250 Deus,
1392 3194 1445 3239 ct
1476 3187 1555 3240 ira
1580 3188 1639 3239 tit
1673 3197 1730 3242 ut
1757 3203 1879 3257 qua:
1913 3188 2027 3242 vult
2055 3211 2098 3269 α

2055 3211 2098 3269 C
2129 3184 2169 3251 ἡ
2195 3179 2365 3251 ὀργὴ,
2420 3181 2533 3233 οὐκ
2569 3174 2979 3269 ἀποστήσᾳαι
2999 3214 3014 3238 ,
3069 3173 3178 3269 cur
3209 3173 3317 3269 pip
3345 3171 3643 3269 δράσειεν-
3667 3168 3707 3223 ἃ

453 3264 598 3321 Ιθειιε
642 3265 966 3326 efﬁciantur.
1030 3269 1086 3324 Si
1131 3272 1257 3341 quis
1303 3274 1446 3327 enim
1494 3275 1732 3330 noluerit
1759 3277 2025 3331 voluntati

452 3355 548 3412 Dei
579 3359 728 3413 verbi
754 3362 1119 3431 acquiescere,
1155 3363 1401 3420 funditur
1430 3366 1489 3420 in
1516 3382 1642 3422 eum
1676 3368 1777 3423 ira.
1818 3367 1896 3423 Ne
1926 3370 2028 3425 ita-

450 3464 560 3522 que
589 3452 744 3511 nobis
777 3466 915 3521 opus
942 3453 1011 3509 sit
1043 3455 1303 3511 erudiens
1327 3455 1427 3510 ira.

1036 3727 1191 3784 CAP.
1245 3729 1444 3787 XXXI.

524 3817 580 3874 9.
622 3816 888 3875 Divertere
931 3822 1133 3891 faciens
1182 3839 1340 3892 super
1371 3823 1543 3894 fossas
1571 3841 1852 3895 aquarum.
1909 3823 2029 3880 Non

455 3910 601 3966 enim
655 3928 752 3983 per
793 3913 1070 3969 desertum
1123 3915 1267 3970 sicut
1292 3915 1445 3981 olim,
1498 3917 1592 3971 sed
1622 3933 1718 3986 per
1741 3917 1942 3972 cultam
1976 3927 2031 3972 et

457 4000 772 4057 liabitatam.
807 4002 1041 4075 Tropice
1072 4021 1200 4060 vero
1231 4005 1285 4060 in
1316 4006 1712 4073 consolatione,
1737 4007 1863 4078 quia
1892 4007 2033 4062 beati

456 4093 548 4163 qui
573 4092 770 4163 lugent,
805 4097 1054 4166 quoniam
1085 4098 1186 4167 ipsi
1216 4097 1630 4154 consolabuntur
1660 4099 1726 4155 ¹³.

535 4273 623 4328 Ιθ.
648 4274 971 4330 Anuuutiate
1004 4275 1060 4330 in
1091 4277 1283 4333 insulis
1314 4295 1428 4348 qua:
1457 4278 1640 4347 procul
1668 4288 1811 4333 sunt.
1838 4277 2034 4335 Insula:

456 4368 647 4440 procul
680 4369 798 4423 sitae
828 4368 935 4424 illa:
959 4378 1088 4424 sunt
1116 4385 1239 4439 qua:
1261 4370 1387 4424 vita:
1413 4370 1578 4438 hujus
1599 4369 1855 4426 ﬂuctibus
1873 4380 2037 4428 aestu-

456 4469 581 4531 ant;
614 4477 736 4530 qua:
771 4471 1065 4529 antequam
1094 4461 1315 4515 veniant
1340 4462 1408 4515 ad
1438 4461 1666 4516 salutem
1688 4503 1704 4527 ,
1753 4464 1911 4533 longe
1939 4465 2037 4519 al)»-

2136 3274 2295 3330 0é.1£t
2327 3272 2490 3337 Θεός.
2520 3269 2676 3323 Θέλει
2700 3268 2759 3322 δὲ
2791 3271 2818 3322 ό
2837 3266 2990 3331 Θεὸς,
3050 3266 3146 3320 καὶ
3200 3265 3335 3336 ὀργὴ
3363 3264 3592 3333 γίνεται,
3620 3263 3707 3315 ἵνα

2134 3364 2419 3437 γένηταιᾶ
2448 3363 2589 3417 θέλει
2630 3362 2784 3424 Θεὸς.
2850 3359 2975 3414 Ἐὰν
3024 3360 3132 3430 γάρ
3163 3376 3245 3422 τις
3281 3358 3353 3430 μὴ
3381 3357 3508 3429 θέλῃ
3554 3354 3708 3424 γενέ-

2136 3458 2261 3513 σθαι
2306 3460 2362 3511 ὲν
2396 3456 2474 3527 τῷ
2527 3454 2792 3525 θελήματι
2845 3452 2941 3506 τοῦ
2998 3451 3134 3504 Θεοῦ
3182 3450 3368 3519 λόγου,
3412 3447 3709 3503 ἀπολύεται

2136 3551 2222 3605 ἐπ’
2265 3548 2427 3604 αὐτὸν
2484 3548 2520 3618 ἡ
2594 3546 2753 3616 ὀργή.
2816 3543 2909 3615 Μὴ
2988 3541 3269 3613 δεηθόηιεν
3325 3538 3418 3594 οὖν
3493 3537 3709 3592 παιδευ-

2135 3644 2321 3713 ούσης.

2763 3731 2920 3784 ΚΕΦ.
2954 3729 3080 3782 AA'.

2205 3827 2258 3882 9.
2277 3825 2543 3888 Αὐλίζων
2563 3825 2662 3880 ἐπὶ
2685 3823 2974 3892 διώρυγας
2996 3819 3248 3876 ὑδάτων.
3273 3819 3346 3872 Οὐ
3368 3819 3475 3890 γὰρ
3502 3817 3570 3870 δι’
3584 3816 3713 3887 ἐρή-

2141 3935 2242 3989 μου
2296 3918 2549 3989 καθάπερ
2603 3914 2864 3988 πρόσθεν,
2894 3911 3029 3966 ἀλλὰ
3074 3911 3162 3965 διὰ
3210 3912 3309 3982 τῆς
3342 3910 3574 3981 νομίμου
3617 3907 3711 3960 καὶ

2136 4008 2484 4080 οἰκουμένης.
2532 4007 2643 4062 Καὶ
2696 4004 2971 4077 τροπικῶς
3018 4003 3075 4056 δὲ
3119 4003 3177 4055 ὲν
3225 4000 3586 4073 παρακλήσει,
3630 3998 3710 4051 δτι

2138 4097 2411 4170 μακάριοι
2461 4100 2516 4153 oi
2561 4096 2943 4162 πενθοῦντες,
2997 4093 3088 4146 ὅτι
3130 4092 3296 4147 αὐτοὶ
3328 4087 3706 4159 παρακληθή-

2140 4206 2348 4245 σονται
2356 4229 2370 4242 .
3561 4205 3565 4209 ’

2213 4280 2300 4335 10.
2349 4280 2679 4351 Ἀγγείλατε
2719 4281 2808 4345 είς
2830 4276 3066 4347 νήσους
3113 4277 3219 4342 τὰς
3249 4274 3565 4344 μακρόθεν.
3593 4271 3708 4341 Νῆα

2143 4390 2225 4426 σοι
2270 4370 2489 4443 μακρὰν
2540 4374 2596 4425 αί
2633 4369 3086 4440 κλυδωνιζόμεναι
3135 4366 3271 4437 πρὸς
3324 4365 3433 4418 τῶν
3464 4363 3559 4418 τοῦ
3598 4362 3708 4434 βίου

2143 4461 2427 4532 κυμάτων,
2471 4460 2529 4513 αἳ
2584 4460 2798 4530 μακράν
2840 4462 2976 4513 είσιν
3023 4456 3281 4528 ἀληθείας
3318 4455 3448 4526 πρὶν
3477 4454 3571 4508 ἐπὶ
3612 4452 3711 4523 τὴν

459 4562 587 4608 sunt
620 4569 651 4608 a
678 4553 926 4609 veritate.
969 4550 1219 4605 Redemit
1250 4567 1378 4605 vero
1411 4551 1579 4607 Jacob
1614 4552 1755 4609 Deus
1788 4570 1802 4606 :
1834 4555 2034 4624 Jugum
2067 4568 2111 4621 ι)

2067 4568 2111 4621 ι)
2143 4553 2415 4625 σωτηρίαν
2438 4553 2632 4605 ἐλθεῖν.
2673 4549 3047 4622 Ἐλυτρώσατο
3083 4549 3141 4603 δὲ
3172 4548 3262 4602 τὸν
3296 4546 3489 4601 Ἰακὼϐ
3513 4544 3708 4608 όΘεός.

458 4645 606 4699 enim
628 4683 644 4708 ,
676 4645 815 4715 quod
846 4643 1147 4712 impositum
1179 4640 1262 4696 illi
1286 4650 1434 4704 erat,
1470 4641 1710 4694 ablatum
1731 4653 1807 4696 est
1829 4684 1842 4706 ,
1873 4642 2037 4696 bacu-

461 4739 647 4806 lusque
673 4736 761 4804 qui
784 4745 896 4790 erat
920 4751 1078 4805 super
1102 4735 1351 4789 cervicem
1374 4733 1523 4788 illius
1561 4732 1625 4797 “,
1658 4743 1715 4787 ut
1746 4734 1821 4787 ait
1851 4732 2036 4789 Isaias.

469 4821 751 4891 Signiﬁcat
776 4836 1055 4890 praeterea,
1081 4825 1227 4894 quod
1252 4823 1415 4878 etiam
1447 4822 1563 4892 ipse
1597 4838 1627 4876 ο
1654 4822 1853 4878 diaboli
1884 4834 2039 4892 pote-

465 4920 608 4970 State
630 4911 849 4981 eripuit.
880 4913 1021 4979 Quid
1048 4916 1192 4970 enim
1229 4916 1282 4970 in
1314 4931 1441 4971 eum
1477 4931 1781 4986 possemus,
1826 4919 1918 4986 qui
1957 4918 2041 4971 in-

2154 4644 2465 4712 Ἆφῄρηται
2517 4643 2626 4716 γὰρ
2683 4646 2715 4697 ὁ
2766 4642 2937 4712 ζυγὸς
2968 4646 3001 4697 ό
3049 4642 3143 4696 ἐπ’
3185 4639 3373 4695 αὐτὸν
3422 4640 3710 4708 κείμενος,

2141 4736 2241 4790 καί
2284 4737 2322 4805 η
2363 4733 2588 4802 ῥάϐδος
2625 4737 2664 4804 ἣ
2697 4734 2795 4788 ἐπὶ
2840 4735 2946 4789 τοῦ
2975 4733 3283 4803 τραχήλου
3327 4730 3545 4786 αὐτοῦ’
3568 4729 3714 4786 καθά

2144 4850 2309 4905 φησιν
2353 4834 2599 4899 Ἡσαΐας.
2647 4835 2807 4906 Δηλοί
2830 4835 2908 4899 δὲ,
2938 4836 3022 4889 ὅτι
3069 4833 3163 4888 καὶ
3206 4831 3366 4896 αὐτὸς
3395 4830 3496 4902 τῆς
3531 4824 3712 4882 διαδο-

2142 4924 2300 4995 λικῆς
2325 4924 2573 4990 ἐξουσίας
2604 4926 2893 4998 ἐρρύσατο.
2919 4927 2985 4980 Τί
3020 4925 3129 4998 γὰρ
3159 4923 3224 4977 ἂν
3245 4920 3550 4992 ἐδυνάμεθα
3579 4915 3714 4989 πρὸς

466 5014 550 5059 ter
577 5002 682 5057 alia
707 5002 823 5057 haec
847 5018 1065 5073 quoque
1095 5005 1291 5059 dixit"
1314 5025 1328 5059 :
1362 5003 1551 5059 Totum
1583 5015 1844 5069 terrarum
1866 5006 2041 5061 orbem

2143 5015 2233 5071 τὸν
2275 5016 2495 5071 εἰπόντα
2521 5016 2591 5071 τά
2624 5035 2683 5071 τε
2737 5017 2871 5072 ἄλλα
2924 5019 3017 5071 καὶ
3070 5017 3152 5079 τὸ,
3209 5014 3331 5082 Τὴν
3361 5008 3716 5080 οἰκουμένην

468 5110 742 5153 assumam
774 5095 929 5165 quasi
957 5095 1169 5161 nidum;
1199 5097 1263 5152 ad
1294 5112 1456 5167 quem
1489 5113 1586 5167 per
1605 5097 1882 5154 Christum
1909 5099 2045 5154 dici-

468 5205 592 5245 mus
624 5189 668 5220 ¹⁶
702 5206 717 5244 :
756 5186 878 5253 Ubi,
908 5203 1069 5256 mors,
1094 5189 1317 5244 victoria
1343 5194 1476 5245 tua?
1506 5189 1626 5255 Ubi,
1658 5191 1879 5261 inferne,
1913 5208 2043 5246 acu-

465 5282 577 5336 leus
593 5281 620 5335 ?

539 5372 628 5429 l6.
673 5372 847 5429 Cesset
874 5389 974 5430 vox
1004 5382 1095 5428 tua
1123 5391 1156 5428 a
1179 5373 1412 5445 ploratu.
1461 5374 1571 5431 lllis
1603 5376 1698 5446 qui
1725 5375 1877 5445 digni
1914 5386 2043 5432 sunt

2146 5108 2300 5177 ὅλην
2341 5107 2613 5178 λήψομαι
2645 5108 2722 5179 τῇ
2753 5109 2902 5178 χειρὶ
2927 5110 3007 5175 ὡς
3034 5105 3314 5162 νοσσιὰν·
3364 5104 3502 5176 πρὸς
3533 5102 3590 5155 ὃν
3630 5098 3719 5152 διὰ

2145 5200 2383 5273 Χριστοῦ
2415 5218 2612 5273 φαμεν·
2644 5203 2768 5257 Ποῦ
2795 5216 2931 5266 σου,
2986 5201 3220 5266 θάνατε,
3249 5197 3317 5253 τό
3363 5196 3524 5262 νῖκος
3549 5210 3569 5258 ;
3594 5192 3718 5247 Ποῦ

2149 5306 2290 5354 σου,
2321 5290 2457 5358 ᾅδη,
2488 5290 2554 5344 τό
2581 5288 2866 5360 κέντρον;

2223 5381 2309 5436 16.
2366 5382 2689 5437 Διωιπέτω
2741 5385 2779 5452 ἡ
2828 5382 2997 5452 φωνή
3030 5397 3146 5436 σου
3201 5381 3320 5437 ἀπὸ
3384 5378 3717 5450 κλαυθμοῦ.

464 5457 824 5519 beatitudinis
852 5465 1033 5531 titulo,
1051 5464 1096 5519 si
1126 5465 1367 5535 plorant,
1399 5466 1614 5520 dicatur
1643 5485 1657 5521 :
1696 5466 1917 5521 Desinat
1948 5483 2044 5520 vox

2151 5472 2275 5536 Τοῖς
2302 5473 2472 5538 ἀξίοις
2497 5474 2846 5548 μακαρισμοῦ
2878 5473 3122 5527 κλαίουσι
3145 5471 3387 5540 λεγέσθω
3410 5471 3491 5525 τόο
3528 5471 3721 5523 Διαλι-

468 5560 559 5607 ιιια
585 5571 618 5608 a
647 5555 894 5626 ploratu;
921 5559 988 5614 iis
1017 5558 1110 5628 qui
1151 5557 1340 5613 dicunt
1388 5559 1441 5613 in
1485 5558 1694 5630 Spiritu
1728 5571 1920 5616 sancto
1951 5561 1991 5591 ¹⁷
2026 5580 2038 5614 :

579 5755 963 5837 :'_Psal_._xsv,
994 5761 1047 5813 4.
1141 5763 1181 5794 ¹¹
1218 5762 1411 5837 Matth.
1440 5779 1501 5837 _v_.
1524 5764 1642 5837 με
1707 5766 1749 5797 ¹²
1786 5763 1985 5837 Jerem.
2023 5780 2195 5837 unt,
2230 5766 2319 5820 ‘20.

468 5838 500 5875 Σ
529 5863 549 5896 ι
574 5826 664 5882 Η·
777 5829 821 5861 ⁸⁸³
874 5830 891 5881 Ι
924 5829 1056 5883 Cor.
1088 5843 1153 5880 XV
1187 5873 1201 5894 ,
1232 5833 1321 5886 55.
1440 5834 1479 5864 "
1523 5831 1667 5888 Psal.
1695 5848 1917 5901 cum,
1952 5835 2000 5886 l.

2151 5562 2305 5618 πέτω
2326 5567 2365 5634 ἡ
2394 5567 2558 5635 φωνή
2592 5582 2707 5621 σου
2768 5566 2884 5621 ἀπὸ
2938 5563 3266 5633 κλαυθμοῦ·
3310 5566 3421 5628 τοῖς
3477 5562 3727 5631 λέγουσιν

2430 5766 2471 5798 ¹³
2510 5765 2698 5820 Matth.
2741 5782 2804 5832 ν,
2853 5768 2906 5821 5.
3017 5766 3057 5797 “
3102 5765 3207 5821 lsa.
3249 5782 3336 5832 ix,
3366 5766 3420 5822 4.
3555 5764 3722 5820 “‘lsa.
