4218 6292
475 376 581 435 581

1670 359 1973 419 SELECTA
2017 355 2082 410 lN
2112 352 2480 411 JEREMIAM.

3610 343 3716 395 582

478 489 541 540 ἓν
563 484 701 553 ἁγίῳ
727 481 1021 553 Πνεύματιο
1077 482 1206 536 Ἐπὶ
1233 479 1352 535 τῶν
1388 476 1668 547 ποταμῶν
1698 470 2050 533 Βαϐυλῶνος
2081 472 2122 527 Δ

2046 491 2050 503 ι
2081 472 2122 527 Α
2158 462 2326 533 Super
2370 462 2593 532 ﬂumina
2624 460 2913 530 Babylonis
2960 459 3073 511 illic
3114 459 3338 512 sedimus
3369 463 3418 511 et
3451 453 3712 524 ﬂeuimus.

466 574 608 629 ἐκεῖ
624 575 1013 643 ἐκαθίσαμεν,
1038 573 1137 627 καὶ
1179 572 1565 641 ἐκλαύσιιμεν
1590 570 1659 623 ἐν
1680 566 1760 632 τῷ
1772 559 2048 635 μνησθῆ-

472 682 577 720 rat
599 664 756 733 ἡμᾶς
784 663 898 733 τὴν
930 662 1102 717 Σιών.

551 774 642 831 16.
671 776 782 831 Kal
800 776 1273 845 ἐπιστρέψουσιν
1297 775 1367 829 ἐκ
1419 773 1531 845 γῆς
1560 771 1804 843 ἐχθρῶν.
1845 768 2052 840 Γέγρα-

476 882 612 921 πται
642 868 699 919 ἐν
736 866 815 938 τῷ
831 868 1086 936 Βαρούχο
1138 868 1199 920 Τί
1243 866 1331 919 ὅτι
1357 866 1428 919 ἐν
1458 864 1534 936 γῆ
1587 863 1708 917 τῶν
1734 859 1961 930 ἐχθρῶν
1996 855 2057 913 εἴ

480 958 579 1010 καὶ
618 955 1026 1025 συνεμιὰνθης
1053 956 1177 1021 τοῖς
1208 955 1477 1023 νεκροῒς;
1523 955 1690 1007 Ὅταν
1715 952 1812 1023 μὲν
1841 949 1949 1020 γὰρ
1978 949 2052 1001 δί-

477 1063 626 1100 καιοι
651 1046 993 1125 ἐπιϐαίνωσι,
1060 1047 1129 1117 γῆ
1164 1047 1333 1115 ἁγίων
1359 1045 1523 1100 ἐστίν’
1582 1045 1709 1098 ὅταν
1750 1042 1807 1094 δὲ
1867 1039 2051 1094 πολλοὶ

479 1138 792 1209 ἁμαρτωλοί
819 1141 944 1203 εἰσι,
963 1139 1033 1210 γῆ
1061 1139 1169 1192 τῶν
1194 1137 1422 1210 ἐχθρῶν.
1448 1136 1604 1190 Οῦτω
1633 1136 1710 1199 δὲ,
1731 1134 1914 1205 φησὶν,
1932 1135 2051 1186 ἐπι-

477 1230 792 1301 στρέψουσι,
820 1229 896 1292 ώς
921 1226 1059 1282 εἶναι
1094 1230 1319 1300 μόνιμον
1347 1231 1459 1290 τοῖς
1488 1230 1601 1290 σοῖς
1625 1227 1834 1289 τέκνοις
1854 1226 1914 1278 τὸ
1937 1227 2052 1278 ἐπι-

477 1319 706 1391 στρέψαι
738 1319 847 1372 ἀπὸ
874 1306 980 1387 γῆς
1002 1319 1232 1390 ἐχθρῶν,
1272 1322 1388 1383 τοῖς
1441 1319 1545 1372 ὑπὸ
1594 1317 1686 1371 σοῦ
1724 1316 2049 1386 ώερεληθεϊσι

478 1410 578 1463 καὶ
604 1412 717 1471 σοῖς
750 1413 1003 1482 καρποῖς.
1066 1412 1176 1463 Καὶ
1212 1411 1271 1463 ὲν
1314 1409 1529 1476 Ἐξόδῳ
1579 1410 1905 1479 γέγραπται,
1943 1408 2045 1470 ὅτι,

473 1499 859 1569 Εὶσήκουσεν
908 1504 941 1553 ὀ
999 1501 1145 1566 Θεὸς
1193 1499 1300 1554 τοῦ
1355 1500 1509 1555 λαοῦ
1557 1499 1663 1553 τοῦ
1714 1498 2048 1567 στεναγμοῦ

474 1591 678 1647 αὐτῶν
704 1591 823 1646 ἀπὸ
844 1590 964 1644 τῶν
994 1591 1199 1660 ἔργων·
1233 1592 1416 1662 ὅμοιον
1445 1591 1523 1661 τῷ
1541 1589 1771 1644 ἐνταῦθα
1790 1589 2045 1660 κειμένῳ,

476 1681 592 1735 ἀλλ’
647 1683 708 1737 οὐ
758 1684 886 1754 περὶ
935 1683 1184 1747 πάντων,
1231 1683 1367 1736 ἀλλὰ
1427 1684 1555 1753 περὶ
1608 1680 1843 1753 Ἐερραῖμ
1862 1681 2050 1753 ὀδυρο-

480 1773 662 1844 μένου.
711 1773 948 1845 Ἐφραῒμ
985 1774 1042 1827 δὲ
1071 1774 1430 1846 ἑρμηνεύεται
1462 1775 1856 1843 καρποφόρος.

551 1887 639 1942 18.
683 1884 852 1955 Ἀκοῇ
881 1886 1117 1955 ἥκουσα
1169 1886 1411 1956 Ἐφραῒμ
1443 1885 1823 1954 ὀδυρόμενον.
1862 1883 2050 1954 Φωνῆς

479 1975 760 2048 κλαυθμοῦ
798 1977 1196 2049 μετανοούντων
1226 1977 1411 2031 ἀκούει
1438 1978 1467 2030 ὁ
1509 1976 1659 2040 Θεός.
1685 1976 1784 2030 Διὰ
1805 1974 1858 2028 τί
1877 1975 1933 2028 δὲ
1960 1976 2051 2028 τὸν

491 2064 732 2138 Ἑφραῒμ
746 2068 1067 2139 ὀδυρόμενον
1085 2067 1170 2136 ἐφ’
1195 2069 1414 2139 ἁμαρτῆ
1423 2084 1583 2138 μασιν
1599 2063 1719 2119 εἶπε
1741 2083 1755 2131 ;
1772 2066 1881 2119 τῶν
1897 2066 2056 2119 Βασι-

477 2153 639 2208 λειῶν
673 2154 848 2209 τοίνυν
867 2160 899 2228 ἡ
916 2158 1075 2227 τρίτη
1102 2156 1252 2227 δηλοῖ
1274 2158 1348 2222 ὼς
1379 2157 1589 2228 πικρῶς
1607 2157 1780 2211 αὐτῶν
1796 2158 2054 2228 ἄρχοντος

477 2244 577 2298 τοῦ
599 2244 852 2316 Ῥοὸοὰμ,
865 2246 981 2299 δέον
999 2248 1195 2311 αὐτοὺς
1210 2266 1376 2320 καρτε
1384 2249 1608 2321 ροῦντας
1628 2249 1701 2321 μὴ
1717 2250 2016 2319 ἀποστῆναι
2035 2265 2049 2279 °

483 2337 608 2389 Οὐκ
650 2337 823 2390 ἐστιν
869 2336 1013 2407 ἡμῖν
1044 2339 1216 2407 μερὶς
1245 2339 1317 2392 ἐν
1362 2340 1562 2403 Δαυῒδ,
1610 2340 1931 2412 ἀνεϐόησαν,
1963 2340 2053 2393 ὅτε

490 2424 771 2496 Ἰεροόοὰμ
795 2426 901 2480 τῶν
926 2427 1276 2482 ἀποστάντων
1300 2430 1545 2501 ἡγήσατο
1566 2429 1664 2500 τῆς
1686 2428 1856 2501 φυλῆς
1881 2430 2056 2499 ὑπάρ-

480 2533 590 2587 χων
649 2514 909 2589 Ἐφραῒμ,
959 2519 1106 2583 ὅστις
1157 2520 1415 2591 δαμάλεις
1463 2523 1695 2593 ποιήσας
1744 2522 2055 2594 ἀπέστησεν

478 2607 588 2660 ἀπὸ
612 2606 708 2660 τοῦ
738 2606 881 2660 Θεοῦ
920 2608 1173 2679 λατρείας
1202 2609 1297 2673 τὰς
1332 2609 1465 2664 δέκα
1499 2611 1671 2680 φυλάς
1690 2628 1703 2641 ·
1740 2613 1825 2681 ἐφ’
1867 2606 1953 2675 οἷς
1979 2614 2057 2666 εἰ·

482 2698 652 2762 κότως
686 2701 1066 2769 μετανοοῦντες
1086 2701 1374 2775 ὠδύροντο,
1393 2704 1488 2756 καὶ
1516 2707 1582 2774 τῇ
1611 2701 1806 2757 ἁλώσει
1839 2704 2056 2757 παιδευ-

481 2787 665 2853 θέντες
710 2789 908 2845 ὲὸόωνο
967 2792 1359 2859 Ἐπαίδευσάς
1381 2811 1478 2863 με,
1529 2795 1725 2862 Κύριε,
1760 2794 1859 2847 καὶ
1889 2794 2055 2848 ἐπαι-

480 2877 721 2948 δεύθην.
760 2876 863 2935 Οἷα
897 2882 1005 2954 γάρ
1034 2901 1119 2951 τις
1152 2884 1347 2954 μόσχος
1373 2885 1781 2956 ἀποσκιρτήσας
1809 2884 1901 2938 τοῦ
1929 2885 2053 2956 βου-

481 2970 660 3024 κολίου
704 2973 804 3044 τῆς
834 2974 935 3045 σῆς
966 2975 1211 3045 ἀπέστην
1243 2975 1415 3046 νομῆς
1445 2978 1538 3029 καὶ
1567 2977 1756 3047 δέομαι
1785 2977 1884 3046 τῆς
1926 2976 2054 3048 βοη-

480 3060 660 3126 θείας⁸
710 3063 803 3116 σοῦ
835 3064 943 3135 γὰρ
976 3065 1052 3137 μὴ
1100 3066 1484 3136 δυναμοῦντος,
1536 3067 1713 3122 άτονῶ
1755 3067 1893 3139 πρὸς
1935 3071 2054 3122 ἐπι-

486 3153 742 3225 στροφὴν,
761 3153 876 3208 δέον
893 3155 948 3208 δέ
968 3173 1033 3227 με
1056 3160 1330 3227 μετανοεῖν
1347 3160 1474 3229 πρὶν
1489 3158 1601 3212 ἁλῶ
1617 3160 1710 3213 καὶ
1738 3159 2051 3232 πειθαρχεῖν

483 3257 577 3295 σου
621 3248 732 3308 τοῖς
775 3247 1099 3316 προφήταις,
1154 3247 1292 3318 μετὰ
1333 3248 1431 3320 τὴν
1478 3249 1675 3303 ἅλωσιν
1726 3250 2049 3322 μετενόησα.

482 3333 647 3399 Γνοὺς
674 3335 731 3387 δὲ
760 3337 1028 3401 στενάζει.
1057 3338 1181 3402 Πῶς
1202 3340 1311 3410 γὰρ
1336 3341 1400 3395 ἄν
1421 3358 1523 3406 τις,
1549 3342 1760 3410 ἀγνοῶν
1785 3342 1856 3405 ὼς
1882 3343 2055 3414 ἀμαρ-

482 3422 676 3487 τάνων,
705 3426 1027 3491 στενάξειεν,
1047 3428 1172 3496 ἄξια
1201 3430 1413 3504 πράξας
1432 3433 1693 3504 αἰσχύνης
1715 3436 1772 3486 ὲν
1805 3434 2055 3505 ἁμαρτή-

487 3533 618 3586 μασι
654 3518 746 3571 καὶ
780 3517 1010 3588 μάλιστα
1042 3523 1162 3583 ταῖς
1194 3521 1534 3590 ἀσελγείαις;
1581 3522 1845 3577 Τοσοῦτον
1875 3522 1930 3576 δὲ
1959 3540 2057 3594 με·

482 3606 712 3678 τενόησα
732 3608 807 3672 ώς
834 3608 1014 3673 ἄλλοις
1035 3611 1310 3678 ὑποδεῖξαί
1333 3631 1413 3668 σε.
1437 3615 1662 3685 Μεγάλη
1689 3615 1783 3668 τοῦ
1816 3617 2056 3689 Ἐφραῒμ

481 3699 519 3768 ἡ
567 3699 842 3766 μετάνοια,
891 3698 1031 3753 ὥστε
1062 3701 1155 3754 τὸν
1186 3702 1317 3756 Θεὸν
1347 3705 1639 3759 ἀναλαϐεῖν
1687 3708 1752 3759 ὲκ
1791 3707 2056 3777 στόματος

482 3788 646 3844 αὑτοῦ
669 3792 794 3854 τοὺς
812 3790 1000 3860 λόγους
1021 3792 1119 3863 τῆς
1139 3794 1432 3867 ὲξομολογή
1441 3813 1595 3860 σεως,
1622 3797 1785 3851 αὐτὸν
1815 3799 1873 3852 δὲ
1896 3798 2057 3852 ἀκοῦ-

485 3896 576 3934 σαι
620 3881 805 3952 φωνῆς
851 3883 951 3953 τῆς
992 3882 1294 3956 λεγούσηςο
1341 3887 1436 3940 Ἐκ
1464 3889 1748 3956 νεότητός
1783 3906 1887 3959 μοι
1925 3891 2057 3957 υἱὸς

483 3969 790 4039 ἀγαπητὸς
818 3967 894 4037 εἷ,
934 3974 989 4024 Ἐ
991 3975 1196 4044 φραΐμ.

563 4081 653 4135 25.
704 4083 1125 4154 Εὐλογημένος
1162 4088 1379 4156 Κύριος
1408 4087 1507 4143 ἐπὶ
1558 4090 1791 4146 δίκαιον
1823 4092 1960 4161 ὅρος
1989 4092 2056 4146 τὸ

484 4171 657 4243 ἅγιον
693 4175 902 4228 αὐτοῦ.
943 4176 1158 4242 Πάντας
1200 4177 1522 4249 ἀνθρώπους
1567 4176 1679 4252 εἶχε
1723 4182 2058 4253 Ναϐουχοδο-

487 4266 644 4337 νόσορ
688 4283 772 4329 τις
811 4267 1110 4340 Ἀσσύριος,
1145 4269 1237 4338 ἀφ’
1270 4263 1331 4322 οῦ
1368 4270 1601 4342 Χριστὸς
1633 4273 1779 4343 ἡμᾶς
1819 4274 2057 4347 ἐλυτρώ-

488 4371 637 4410 σατο.
682 4356 771 4409 Διὸ
801 4357 1076 4421 Ματθαῖος
1107 4359 1167 4427 ἐξ
1211 4359 1428 4413 Ἡσαΐου
1476 4361 1634 4433 φησί’
1672 4362 1938 4432 Κήρυξιιι
1972 4369 2060 4420 al-

2149 556 2275 608 tlunt
2299 554 2695 607 recordaremur
2723 550 2871 606 Sion.

2221 756 2309 811 16.
2355 755 2423 809 Et
2455 763 2781 811 revertentur
2803 765 2995 809 eterra
3021 753 3380 807 inimicorum.
3442 748 3714 817 Scriptum

2149 856 2234 903 est
2263 848 2315 901 in
2349 846 2563 903 Baruclt
2595 846 2636 877 ‘°
2664 865 2676 899 :
2708 846 2851 911 Quid
2876 844 3115 915 estquod
3140 844 3192 897 in
3218 852 3360 896 terra
3383 841 3718 896 inimicorum

2150 956 2203 993 es
2222 976 2237 1001 ,
2268 947 2317 993 et
2344 938 2713 1010 coinquinatus
2750 954 2805 991 es
2839 953 2957 990 cum
2982 936 3203 989 mortuis
3221 936 3247 988 ?
3301 934 3437 988 Cum
3465 932 3607 987 enim
3627 933 3719 1001 juo

2150 1032 2218 1087 sti
2251 1041 2449 1086 terram
2479 1031 2746 1095 obtinent,
2769 1020 2912 1084 terra
2943 1037 3256 1083 sanctorum
3286 1036 3401 1089 est;
3435 1040 3557 1079 cum
3588 1040 3717 1079 vero

2150 1122 2374 1193 grandis
2398 1134 2483 1176 est
2510 1122 2852 1191 peccantium
2881 1135 3162 1181 numerus,
3182 1127 3324 1172 terra
3350 1118 3714 1172 inimicorum.

2149 1212 2227 1267 lta
2277 1228 2445 1279 vero,
2498 1212 2709 1282 inquit.
2755 1218 3122 1273 revertentur,
3172 1220 3232 1263 ut
3276 1209 3467 1264 stabile
3495 1210 3567 1262 sit
3590 1208 3719 1266 ﬁliis

2149 1306 2259 1359 tuis
2290 1304 2485 1357 reverti
2518 1304 2585 1357 de
2619 1311 2763 1357 terra
2792 1302 3161 1365 inimicorum,
3189 1316 3219 1354 ιι
3251 1311 3301 1355 tc
3327 1301 3547 1369 adiutis,
3583 1302 3721 1355 tuis-

2148 1410 2254 1464 que
2278 1395 2567 1449 fructibus.
2600 1393 2665 1449 Et
2712 1397 2765 1448 in
2800 1393 2987 1449 Exodo
3013 1394 3271 1462 scriptum
3297 1403 3380 1447 est
3406 1394 3447 1425 ¹⁹
3481 1410 3496 1447 :
3535 1393 3720 1447 Επαι-

2148 1486 2279 1539 divit
2324 1485 2579 1540 Dominus
2620 1486 2903 1555 populant,
2957 1486 3213 1554 ejulatum
3262 1484 3408 1539 illius
3454 1485 3518 1539 ab
3549 1486 3724 1555 operi-

2150 1574 2244 1628 bus
2264 1615 2279 1639 ,
2337 1575 2482 1645 quod
2512 1575 2692 1630 simile
2716 1582 2800 1630 est
2830 1575 2955 1629 huic
2986 1575 3137 1640 loco;
3170 1575 3261 1628 sed
3300 1589 3411 1629 non
3442 1575 3509 1628 de
3538 1574 3721 1627 omni-

2150 1666 2275 1730 bus,
2321 1681 2509 1720 verum
2546 1666 2613 1719 de
2645 1663 2902 1734 Ephraim
2944 1664 3213 1733 plorante.
3271 1663 3529 1733 Epltraim
3558 1682 3722 1735 porro

2076 1791 2126 1853 Β
2152 1756 2539 1827 interpretatur
2571 1756 2895 1825 fructuosus.

2223 1869 2484 1940 30⁸118.
2499 1868 2700 1921 Auditu
2717 1868 2897 1921 audivi
2918 1866 3166 1936 Ephraim
3189 1869 3501 1938 plorantem.
3523 1868 3720 1925 Vocem

2151 1961 2556 2016 lamentationis
2582 1958 2960 2028 poenitentium
2996 1960 3148 2013 audit
3176 1958 3337 2013 Deus.
3396 1961 3509 2014 Cur
3539 1970 3719 2015 autem

2152 2050 2411 2121 Ephraim
2442 2066 2543 2121 pro
2575 2050 2809 2119 peccatis
2831 2050 3219 2105 lamentantem
3245 2052 3493 2106 induxit?
3544 2052 3724 2107 Habe-

2154 2158 2280 2198 mus
2308 2158 2375 2198 ex
2405 2143 2564 2197 tertio
2594 2143 2733 2197 libro
2782 2142 2987 2212 Regum
3009 2185 3023 2207 ,
3061 2144 3207 2214 quod
3251 2144 3385 2200 dure
3414 2147 3521 2201 illis
3547 2146 3726 2200 domi-

2154 2245 2321 2292 nante
2348 2235 2590 2291 Roboam
2615 2277 2629 2301 ,
2664 2250 2787 2290 cum
2819 2250 2957 2304 opus
2977 2244 3239 2291 esseteos
3272 2238 3501 2292 tolerare
3531 2249 3586 2292 et
3612 2254 3725 2295 non

2153 2328 2403 2393 deﬁcere,
2432 2328 2735 2382 clamarunt
2758 2326 2805 2358 ²⁶
2836 2344 2849 2380 :
2884 2325 3005 2380 Non
3026 2338 3101 2381 est
3133 2329 3280 2382 nobis
3301 2345 3426 2399 pars
3451 2332 3507 2383 in
3530 2329 3724 2397 David,

2155 2425 2374 2494 quando
2391 2422 2680 2477 Jeroboam
2710 2422 2991 2477 rebellium
3019 2424 3126 2478 dux
3159 2424 3335 2481 factus
3361 2434 3463 2492 est,
3486 2427 3576 2495 qui
3608 2436 3726 2482 crat

2153 2532 2186 2573 e
2227 2517 2372 2571 tribu
2425 2514 2721 2585 Ephraim,
2756 2516 2850 2587 qui
2889 2517 3089 2571 vitulos
3129 2519 3346 2588 erigens
3391 2534 3421 2573 a
3452 2520 3597 2574 cultu
3628 2520 3722 2574 Dei

2154 2608 2341 2663 decem
2396 2608 2571 2663 tribus
2618 2607 2862 2662 abduxit.
2917 2606 3281 2674 Quamobrem
3315 2610 3510 2665 merito
3551 2614 3727 2682 panni-

2156 2685 2381 2756 tentiam
2410 2710 2632 2771 agentes
2680 2700 3139 2765 lamentabantur,
3185 2703 3605 2774 captivitateque
3633 2721 3727 2759 ca-

2155 2792 2337 2862 stigati
2369 2792 2737 2846 clamabant“
2766 2810 2779 2846 :
2808 2791 3100 2863 Castigasti
3122 2811 3222 2858 nte,
3260 2795 3499 2861 Domine,
3533 2806 3582 2851 et
3610 2814 3728 2851 eru-

2153 2883 2299 2934 ditus
2331 2898 2469 2935 sum.
2521 2880 2657 2935 Nam
2691 2883 2835 2936 sicut
2872 2882 3075 2937 vitulus
3102 2898 3131 2938 a
3159 2900 3318 2955 grege
3346 2886 3604 2941 exsiliens
3634 2896 3727 2943 tua

2156 2987 2358 3040 pascua
2390 2971 2620 3040 reliqui,
2682 2981 2883 3042 tuoque
2916 2973 3132 3044 indigeo
3157 2976 3395 3041 auxilio;
3448 2987 3500 3031 te
3527 2979 3726 3046 quippe

2156 3063 2300 3117 vires
2326 3078 2432 3116 non
2468 3064 2758 3132 praebente,
2796 3080 2902 3117 non
2935 3065 3086 3118 valeo
3117 3065 3181 3119 ad
3209 3068 3642 3132 conversionem,
3673 3076 3727 3123 et

2155 3168 2278 3206 cum
2312 3168 2450 3221 opus
2482 3163 2623 3207 esset
2648 3163 2770 3207 ante
2797 3154 3160 3223 captivitatem
3193 3172 3274 3209 mc
3299 3157 3559 3224 paenitere
3589 3158 3727 3212 tuis-

2153 3258 2260 3313 que
2300 3245 2580 3314 prophetis
2614 3245 3022 3315 obtemperare,
3075 3255 3200 3316 post
3246 3247 3606 3317 captivitatem
3639 3249 3724 3318 egi

2154 3336 2550 3404 paenitentiam.
2608 3335 2957 3406 Cognoscens
2998 3347 3179 3392 autem
3225 3340 3410 3408 gemit.
3464 3339 3726 3410 Ignorans

2152 3427 2296 3481 enim
2324 3442 2382 3482 se
2414 3443 2674 3496 peccare,
2728 3428 3002 3497 quomodo
3033 3429 3383 3498 ingemiseet,
3427 3431 3521 3500 qui
3564 3431 3727 3502 digna

2153 3517 2356 3586 probro
2426 3518 2699 3585 peccando
2772 3519 3038 3589 peregerit
3109 3520 3489 3590 praecipueque
3544 3522 3725 3575 libidiv

2155 3607 2376 3662 nando?
2413 3606 2584 3664 Tanta
2611 3624 2739 3663 vero
2770 3625 2886 3664 ritca
2921 3609 3018 3662 fuit
3046 3611 3383 3678 poenitentia,
3411 3618 3468 3663 ut
3489 3610 3612 3665 aliis
3640 3625 3729 3665 me

2156 3700 2318 3753 dares
2351 3702 2681 3769 exemplum.
2741 3699 2933 3769 Magna
2978 3709 3062 3755 est
3106 3699 3364 3769 Ephraim
3392 3700 3728 3768 ptenitentia,

2157 3802 2216 3846 ut
2246 3790 2389 3847 Deus
2425 3792 2540 3862 ipse
2569 3808 2634 3847 ex
2680 3809 2774 3846 ore
2820 3792 2964 3846 illius
2992 3792 3155 3846 verba
3185 3790 3545 3845 confessionis
3577 3807 3732 3845 assu-

2157 3891 2366 3949 meret,
2417 3891 2472 3937 et
2505 3883 2593 3937 ille
2620 3884 2833 3938 audiret
2861 3897 3049 3936 vocem
3082 3881 3346 3935 dicentem
3378 3882 3422 3912 "
3450 3898 3463 3934 :
3498 3880 3571 3933 Ab
3599 3881 3731 3934 ado-

2157 3976 2407 4030 lescentia
2436 3974 2580 4043 ﬁlius
2607 3973 2831 4028 dilectus
2868 3973 2997 4026 mihi
3054 3988 3129 4035 es,
3164 3970 3438 4042 Ephraim.

2226 4086 2316 4139 23.
2358 4084 2675 4138 Benedictus
2737 4081 2989 4136 Dominus
3046 4097 3202 4150 super
3246 4082 3450 4149 iustum
3505 4091 3731 4138 montem

2157 4183 2400 4230 sanctum
2432 4172 2565 4242 ejus.
2606 4170 2809 4226 Omnes
2840 4170 3087 4225 homines
3108 4168 3734 4240 possidebatNabuelto-

2159 4268 2401 4324 donosor
2431 4264 2646 4333 quidam
2680 4262 2968 4335 Assyrius,
3002 4279 3032 4317 ιι
3059 4279 3168 4333 quo
3197 4276 3297 4317 nos
3327 4262 3576 4317 Christus
3599 4263 3733 4317 libe-

2162 4356 2323 4412 ravit.
2378 4355 2718 4424 Quapropter
2761 4370 2825 4407 ex
2873 4353 3010 4408 Isaia
3040 4353 3326 4409 Matthazus
3356 4352 3431 4407 ait
3462 4352 3551 4406 "-z
3582 4351 3733 4407 Prte—

490 4444 821 4515 χμαλώτοις
847 4448 1095 4517 ἄφεσιν
1130 4451 1191 4504 ού
1219 4451 1327 4524 γὰρ
1361 4452 1482 4506 καθ’
1517 4453 1755 4526 ἱστορίαν
1782 4458 2058 4527 αἰχμαλώ-
2090 4450 2133 4504 D

2090 4450 2133 4504 D
2162 4452 2342 4504 dicare
2384 4447 2605 4516 captivis
2640 4446 3019 4500 remissionem.
3082 4444 3268 4516 Neque
3298 4446 3441 4501 enim
3479 4445 3524 4499 si
3556 4445 3729 4514 respi-

487 4556 598 4604 τοις
644 4542 928 4614 ἐκήρυξεν.
979 4545 1147 4609 Αὐτὸς
1180 4544 1234 4599 δὲ
1278 4532 1379 4599 και
1413 4546 1474 4600 τὸ
1525 4546 1731 4602 δίκαιον
1772 4549 1865 4602 καὶ
1903 4550 2055 4621 ἅγιον

486 4630 630 4704 ῦρος.
676 4634 891 4706 ’Δψύχῳ
924 4636 1031 4707 γὰρ
1060 4637 1176 4700 πῶς
1207 4637 1273 4691 ἂν
1300 4638 1627 4709 ἀρμόσειεν;
1661 4641 1708 4693 εἰ
1741 4640 1798 4693 δὲ
1831 4643 1888 4694 ὲν
1910 4642 2058 4714 αὑτῷ

488 4718 653 4791 ὲσμεν
686 4723 826 4777 κατὰ
865 4724 952 4777 τό·
990 4726 1098 4780 Καὶ
1122 4726 1290 4795 ὑμεῖς
1322 4728 1391 4781 ἐν
1427 4728 1587 4798 ἐμοί·
1619 4731 2058 4804 οἱκοδομήσωμεν

489 4813 546 4865 ὲν
576 4813 653 4885 τῷ
679 4814 873 4885 δικαίῳ
907 4816 1042 4887 ὄρει.
1076 4817 1149 4869 Τὸ
1171 4817 1228 4870 δὲ
1262 4820 1406 4871 ποιεῖ
1433 4837 1516 4883 τις
1542 4820 1601 4873 ὲν
1653 4822 1880 4893 Ἰουδαίᾳ
1911 4823 2057 4891 γινό-

494 4918 676 4971 μινος,
724 4903 759 4974 ἢ
811 4904 1172 4975 ἑρμηνεύεται
1213 4906 1733 4977 ἐξομολογουμένη
1790 4906 1871 4974 τῷ
1898 4907 2056 4974 Θεῷ’

491 4989 976 5064 ἐξομολογούμενος
999 4992 1097 5057 τὰς
1114 4994 1381 5065 ἁμαρτίας
1407 4997 1501 5050 καὶ
1518 4997 1853 5068 εὐχαριστῶν
1873 5015 1887 5028 ·
1911 4996 2059 5067 Λέγε

489 5081 598 5150 γὰρ
627 5083 709 5137 σὺ
736 5082 969 5152 πρῶτος
1000 5083 1106 5150 τὰς
1141 5085 1390 5154 ἀνομίας
1413 5101 1549 5143 σου.
1585 5088 1686 5140 ἵνα
1718 5086 2056 5154 δικαιωθῇς.

492 5169 612 5225 Εἰσὶ
664 5173 771 5245 γάρ
801 5191 945 5237 τινες
988 5174 1168 5238 πόλεις
1204 5173 1297 5228 τοῦ
1343 5175 1477 5229 Θεοῦ
1513 5176 1606 5230 καὶ
1648 5178 1925 5247 οἰκοδομαὶ
1967 5179 2062 5231 καὶ

491 5263 734 5336 γεώργια
789 5265 986 5318 αὑτοῦ·
1046 5267 1139 5320 καὶ
1195 5265 1304 5337 γὰρ
1349 5268 1377 5320 ὁ
1432 5266 1642 5330 Παῢλός
1691 5284 1851 5338 φησι·
1914 5267 2062 5321 θεοῦ

2157 4541 2368 4597 ciamus
2401 4538 2708 4602 historiam,
2739 4537 2966 4606 captivis
2992 4536 3321 4606 praedicavit.
3360 4534 3477 4605 Ipse
3499 4551 3622 4589 vero
3647 4544 3732 4589 est

2157 4642 2212 4688 et
2251 4633 2432 4701 justus
2480 4639 2535 4684 et
2578 4640 2801 4684 sanctus
2843 4644 3022 4684 mons.
3065 4628 3366 4684 Inanimato
3405 4628 3550 4680 enim
3599 4641 3728 4696 quo-

2158 4724 2323 4779 modo
2350 4723 2461 4776 haec
2486 4720 2848 4774 conveniant?
2885 4719 3036 4785 Quod
3071 4721 3117 4774 si
3144 4736 3333 4773 sumus
3356 4719 3408 4773 in
3434 4719 3551 4788 ipso
3572 4720 3728 4788 juxta

2161 4815 2291 4870 illud
2319 4813 2366 4846 “
2402 4830 2416 4867 :
2477 4811 2544 4866 Et
2587 4828 2675 4865 t'os
2704 4814 2757 4866 in
2796 4828 2910 4876 me,
2944 4811 3272 4866 tedillcemus
3300 4827 3462 4879 super
3488 4821 3726 4865 tuentem

2156 4907 2401 4977 justum;
2430 4905 2577 4976 quod
2605 4910 2825 4975 praestat
2843 4902 3157 4972 quicunque
3176 4901 3416 4959 Judaeum
3451 4905 3585 4973 petit
3608 4916 3730 4972 quae

2161 4996 2412 5065 conﬁtens
2474 4995 2578 5050 Deo
2627 5000 3039 5062 interpretatur;
3100 4993 3363 5049 conﬁtens
3410 5006 3626 5064 peccata
3674 5001 3730 5047 et

2160 5088 2365 5158 gratias
2394 5103 2560 5158 agens
2590 5105 2605 5141 :
2636 5085 2735 5139 Dic
2765 5086 2903 5139 enim
2933 5094 2988 5138 tu
3016 5087 3218 5154 primus
3254 5087 3557 5156 iniquitates
3583 5092 3729 5152 tuas,

2161 5187 2220 5251 ut
2248 5178 2555 5247 iustiﬁceris
2589 5178 2654 5230 ".
2699 5176 2837 5229 Sunt
2862 5176 3059 5230 etenim
3084 5179 3329 5246 quaedam
3360 5176 3602 5230 civitates
3634 5174 3726 5230 Dei

2160 5279 2214 5324 et
2239 5269 2486 5328 mdiiicia.
2517 5279 2573 5322 et
2606 5266 2833 5321 culturae
2862 5265 3041 5331 illius;
3067 5283 3193 5321 nam
3223 5276 3277 5320 et
3309 5264 3508 5320 Paulus
3541 5265 3617 5319 ait
3640 5266 3724 5319 ’σε

490 5353 788 5425 γεώργιον,
831 5357 977 5411 Θεοῦ
1007 5355 1285 5426 οἰκοδομή
1320 5357 1478 5412 ἐστε.
1532 5359 1619 5411 Ἐν
1650 5351 1694 5426 ᾧ
1726 5355 1833 5431 γὰρ
1863 5357 2061 5411 οἰκοδο-

2059 5388 2061 5396 ι
2164 5359 2258 5413 Dei
2286 5359 2496 5413 cultura
2521 5358 2667 5419 estis,
2719 5356 2814 5410 Dei
2845 5357 3127 5425 (edi/icium
3157 5358 3304 5411 estis.
3364 5353 3638 5424 Siquidem
3670 5356 3725 5409 in

499 5448 675 5501 αεῖται
703 5447 770 5501 τὰ
806 5449 931 5521 περὶ
975 5448 1067 5502 τοῦ
1104 5447 1237 5502 Θεοῦ
1276 5449 1550 5521 μυστήρια
1584 5449 1678 5504 καὶ
1712 5451 1923 5520 ἄρρητα
1969 5449 2054 5503 δό-
2164 5486 2165 5489 η

2164 5465 2274 5521 quo
2299 5449 2633 5504 fabricantur
2657 5446 2745 5501 Dei
2778 5448 3034 5519 mysteria
3053 5456 3107 5502 et
3130 5445 3421 5502 ineﬂ‘abilia
3448 5444 3726 5516 dogmata,

564 5678 856 5755 ἥρωι-ιρι).
898 5694 978 5736 III.
1018 5679 1101 5755 ις).
1134 5679 1474 5755 Ιιμη-Εκοό.
1510 5696 1570 5744 ιι,
1600 5680 1692 5755 9_5__,
1720 5680 1840 5755 24._
1883 5682 1931 5755 3°
1957 5683 2021 5739 lll
2055 5683 2185 5755 Reg.
2221 5700 2230 5737 ι

2061 5683 2185 5755 Reg.
2221 5697 2318 5755 xtl,
2483 5678 2949 5755 fileretnzxxxt,
2989 5678 3075 5735 18.
3154 5680 3200 5711 “
3221 5680 3354 5739 ibid.
3381 5678 3436 5739 9.
3510 5677 3558 5715 ³³
3588 5676 3727 5735 Luc.

498 5766 568 5806 iv.
600 5748 699 5815 i9;
742 5748 842 5802 lsa.
876 5762 996 5815 th,
1052 5751 1101 5802 1.
1199 5749 1244 5782 ’⁵
1281 5750 1437 5805 Joan.
1472 5765 1584 5816 xiv,
1615 5749 1704 5801 20.
1797 5752 1842 5785 ’⁸
1881 5750 1982 5809 lsa.
2012 5748 2164 5825 mn",

1199 5749 1244 5782 "
1281 5750 1437 5805 Joan.
1472 5765 1584 5816 xiv,
1615 5749 1704 5801 20.
1797 5752 1842 5785 ’⁸
1881 5750 1982 5809 lsa.
2012 5748 2165 5825 mli",
2194 5753 2283 5809 26.
2362 5751 2444 5804 ’⁵⁸1
2475 5750 2602 5806 Cor.
2646 5764 2732 5817 ιιι,
2762 5750 2816 5805 9.
