4218 6292
477 392 583 444 83Ξί

1886 394 1978 451 EX
2019 393 2181 451 Olth
2198 400 2328 455 [ΞΝΕ

3630 405 3729 461 [83

477 512 537 568 in
565 511 671 579 hoc
700 515 957 585 templum
995 513 1083 566 Dei
1117 522 1219 577 est,
1252 523 1304 567 et
1340 512 1538 568 Sancta
1568 524 1904 582 sanctorum,
1943 517 2056 570 uni-

2154 530 2366 581 γματα,
2399 515 2457 566 ἐν
2498 514 2672 585 τούτῳ
2707 515 2834 577 ναός
2882 515 3002 566 ἐστι
3026 512 3123 567 τοῦ
3153 513 3313 577 Θεοῦ,
3344 515 3440 569 καὶ
3466 515 3536 569 τὰ.
3564 517 3728 585 Ἅγια

479 619 757 675 versaeque
780 605 976 659 Judzrae
1002 604 1313 674 metropolis
1346 604 1434 657 ille
1468 614 1574 660 est.

547 785 637 841 54.
680 783 747 837 Et
780 799 872 853 ego
897 799 998 836 non
1031 783 1318 853 reprobabo
1366 800 1524 855 genus
1575 783 1766 840 Israel.
1829 782 2058 840 Videtur

474 877 605 932 illud
629 919 644 942 ,
685 892 790 929 non
835 874 1124 945 reprohabo
1158 874 1351 943 Israel,
1403 877 1714 946 oppositum
1749 878 1951 932 dicenti
1988 877 2054 931 ad

476 969 645 1037 ipsos,
679 979 727 1021 e1
758 983 919 1036 genus
948 965 1119 1020 Israel
1150 968 1356 1035 deﬁciet
1386 969 1451 1020 ³⁷.
1511 962 1761 1021 Forsitan
1796 984 1923 1021 vero
1957 969 2060 1023 hoc

472 1057 691 1128 quidem
723 1058 790 1112 de
821 1057 1021 1112 lsracle
1066 1059 1273 1113 carnali
1316 1059 1520 1113 dictum
1554 1066 1671 1123 est,
1709 1059 1842 1113 illud
1875 1069 2055 1113 autem

469 1150 538 1206 de
563 1149 857 1219 spirituali.
918 1149 1184 1205 Caeterum
1243 1151 1459 1220 negatio
1503 1167 1605 1204 non
1655 1150 1902 1220 apposita
1935 1151 2056 1204 voci

470 1241 927 1310 reprobabo,apud
946 1251 1170 1296 caeteros
1196 1258 1301 1296 non
1320 1242 1538 1312 legitur,
1559 1242 1651 1296 sed
1672 1242 1816 1310 apud
1836 1241 2060 1310 Septua-

471 1333 642 1403 ginta.
700 1332 865 1401 308
896 1331 1111 1387 Poteris
1142 1347 1269 1386 vero
1300 1340 1354 1387 et
1394 1334 1498 1385 hoc
1522 1341 1680 1401 pacto
1715 1326 2053 1398 intelligere:

473 1439 623 1477 nunc
670 1424 889 1492 quidem
925 1422 1260 1491 reprobabo;
1295 1422 1440 1492 quod
1485 1422 1530 1477 si
1563 1422 1832 1476 elevatum
1866 1421 2050 1487 fuerit,

471 1531 580 1570 non
611 1515 939 1586 reprobabo.

1047 1606 1203 1661 CAP.
1264 1606 1480 1662 XXXII.

539 1694 594 1752 8.
638 1695 705 1750 Et
736 1697 879 1751 venit
923 1697 992 1750 ad
1020 1713 1100 1751 me
1131 1697 1382 1751 Anameet
1409 1697 1553 1765 ﬁlius
1587 1695 1792 1752 Saloni.
1853 1695 2055 1752 Omnes

471 1789 529 1845 in
562 1790 866 1845 custodiam
911 1788 1019 1843 dati
1054 1804 1277 1853 smnus,
1319 1798 1372 1843 et
1416 1790 1681 1859 prmcipuc
1714 1805 1837 1843 cum
1882 1799 2057 1843 tenta-

2153 604 2264 657 τῶν
2313 604 2506 673 ἁγίων,
2564 607 2658 659 καὶ
2702 607 2831 679 ὅλης
2881 599 3039 670 οὗτος
3081 609 3182 677 τῆς
3228 607 3492 673 Ἰουδαίας
3528 613 3734 681 μητρό-

2154 698 2332 760 πολις.

2219 789 2308 842 54.
2336 784 2449 840 Καὶ
2477 785 2592 855 ἐγὼ
2619 786 2732 839 οὐκ
2759 780 3105 852 ἀποδοκιμῶ
3133 781 3199 834 τὸ
3232 781 3409 851 γένος
3456 781 3727 849 Ἰσραήλ.

2150 880 2307 931 Δοκεῖ
2326 878 2408 945 τὸ,
2439 880 2561 933 Οὐκ
2579 874 2927 944 ἀποδοκιμῶ
2948 874 3056 928 τὸν
3091 873 3362 941 Ἰσραὴλ,
3389 873 3628 927 ἐναντίον
3651 873 3731 944 τῷ

2150 970 2289 1037 πρδς
2322 970 2522 1032 αὐτοὺς
2553 968 2765 1038 λέγοντι
2790 983 2804 997 ’
2833 967 2941 1023 Καὶ
2979 966 3044 1020 τὸ
3075 967 3247 1035 γένος
3289 965 3536 1034 Ἰσραὴλ
3575 966 3731 1019 παύ-

2150 1078 2341 1116 σεται.
2369 1063 2600 1132 Μήποτε
2624 1061 2806 1116 τοίνυν
2836 1059 2897 1113 τὸ
2933 1059 3034 1129 μὲν
3065 1057 3193 1127 περὶ
3226 1055 3320 1110 τοῦ
3349 1054 3613 1130 σαρκικοῦ
3639 1054 3731 1107 λέ-

2151 1163 2361 1215 Αεκται,
2395 1153 2454 1204 τὸ
2484 1151 2543 1205 δὲ
2571 1150 2702 1221 περὶ
2732 1149 2827 1203 τοῦ
2859 1146 3232 1217 πνευματικοῦ
3283 1145 3527 1216 Ἰσραήλ.
3583 1146 3730 1211 Πλὴν

2153 1246 2209 1312 ἡ,
2233 1247 2367 1309 οὐκ,
2389 1244 2666 1312 ἀπόφασις
2687 1241 3067 1313 προσκειμένη
3086 1238 3185 1310 τῷ,
3212 1236 3558 1305 ἁποὸοκιμῶ
3578 1234 3730 1304 παρὰ

2160 1339 2272 1400 τοῖς
2303 1337 2511 1400 λοιποῖς
2546 1335 2910 1405 ἑρμηνευταῖς
2936 1332 3036 1384 οὐκ
3072 1329 3241 1391 ἐστιν,
3276 1327 3413 1381 ἀλλὰ
3446 1326 3599 1398 παρὰ
3627 1327 3745 1391 τοῖς

2178 1426 2594 1498 Ἐῧδομήκοντα.
2643 1425 2874 1496 Νοήσεις
2915 1422 2973 1475 δὲ
3002 1421 3097 1474 καὶ
3145 1418 3339 1482 οὕτως,
3390 1419 3472 1472 ὅτι
3500 1417 3594 1472 νῦν
3647 1416 3744 1488 μὲν

2161 1515 2500 1588 ἁποδοκιμῶ,
2526 1515 2621 1570 ἐὰν
2646 1514 2701 1568 δὲ
2728 1513 2939 1584 ὑψωθῇ,
2970 1512 3071 1564 οὐκ
3095 1507 3430 1580 ἀποδοκιμῶ.

2787 1607 2945 1660 ΚΕΦ.
2986 1605 3108 1658 AB’.

2231 1700 2284 1754 8.
2315 1699 2426 1754 Καὶ
2452 1694 2601 1771 ἦλθε
2623 1696 2774 1766 πρὸς
2790 1697 2872 1766 μὲ
2908 1693 3198 1765 Ἀναμεὴλ
3220 1692 3350 1759 υἱὸς
3373 1691 3608 1761 Σαλὼμ.
3661 1692 3745 1746 Ἐν

2161 1790 2374 1861 φυλακῇ
2421 1789 2622 1852 πάντες
2666 1787 2854 1858 ἐσμὲν,
2896 1788 2991 1839 καὶ
3045 1784 3281 1855 μάλιστα
3324 1782 3743 1854 πειραζόμενοιθ

469 1900 616 1948 mur,
655 1893 783 1938 tunc
810 1883 1080 1952 quispiam
1113 1898 1302 1951 agrum
1339 1883 1592 1951 acquirit,
1629 1883 1722 1937 sed
1756 1898 1864 1937 non
1891 1899 1921 1938 e
1952 1899 2052 1938 cu-

2154 1882 2275 1935 τότε
2305 1881 2500 1934 κτᾶταί
2521 1897 2604 1944 τις
2633 1877 2824 1950 ἀγρὸν,
2846 1876 2959 1930 ἀλλ’
2986 1876 3046 1929 οὐ
3071 1876 3170 1946 τῆς
3196 1873 3445 1945 φυλακῆς
3474 1872 3741 1940 ἐξελθών·

470 1973 649 2030 stodia
674 1989 945 2042 egressus.
1005 1971 1290 2027 Posscssio
1326 1986 1454 2025 vero
1482 1969 1592 2025 Deo
1628 1971 1842 2025 volente
1867 1971 2050 2025 obtin-

470 2062 549 2132 git
581 2063 664 2116 his
700 2064 792 2133 qui
827 2062 1041 2117 fortiter
1072 2063 1374 2117 decertant.
1442 2060 1658 2117 Fratres
1682 2075 1865 2116 autem
1893 2071 2053 2116 erant

468 2153 752 2216 Chelcias,
809 2152 1055 2208 Jeremiee
1092 2163 1274 2223 pater,
1324 2162 1377 2206 et
1409 2153 1705 2218 Anameel,
1759 2154 1921 2208 ambo
1955 2153 2049 2207 lilii

469 2241 677 2298 Salom.
709 2242 938 2299 Sorores
968 2245 1167 2315 quippe
1209 2254 1338 2299 sunt
1362 2260 1463 2314 pax
1489 2254 1541 2299 et
1568 2260 1691 2313 pars
1730 2244 1844 2300 Dei.
1885 2244 2049 2299 Chel-

471 2334 586 2389 cias
619 2351 854 2404 namque
883 2336 1057 2405 portio
1092 2335 1189 2390 Dei
1221 2335 1629 2404 interpretatur,
1653 2352 1760 2405 pax
1788 2352 1916 2390 vero
1947 2335 2050 2390 Sa-

468 2428 602 2481 lom.
633 2427 907 2483 Portionis
939 2438 1119 2482 autem
1142 2427 1235 2484 Dei
1257 2430 1469 2484 fructus
1491 2438 1574 2484 est
1600 2428 1900 2482 sublimitas
1928 2428 2047 2494 Dei,

469 2514 618 2585 quod
651 2514 923 2585 signiﬁcat
943 2514 1194 2571 Jeremia:
1222 2532 1444 2571 nomen.
1475 2516 1633 2572 Pacis
1655 2532 1785 2572 vero
1814 2517 2048 2583 fructus,

470 2606 645 2678 gratia
677 2606 790 2671 Dei,
828 2608 971 2678 quod
1007 2608 1280 2678 signiﬁcat
1324 2609 1605 2664 Anameel.
1653 2609 1836 2664 Gratia
1864 2611 2051 2681 itaque

471 2696 565 2751 Dei
601 2699 667 2752 de
701 2713 837 2767 pace
864 2707 1125 2768 pregnata
1172 2697 1329 2752 otl‘ert
1356 2697 1449 2752 Dei
1478 2699 1737 2753 mandato
1773 2699 2050 2769 prophetae

468 2787 527 2846 in
557 2804 828 2845 carcerem
862 2791 1108 2859 conjecto
1133 2791 1412 2860 proprium
1441 2806 1653 2860 agrum.

551 2967 635 3021 l0.
685 2966 750 3020 Et
778 2966 967 3035 scripsi
995 2966 1051 3020 in
1077 2966 1276 3033 libello,
1313 2975 1362 3019 et
1386 2965 1639 3037 sigillavi.
1698 2965 1797 3022 llic
1830 2968 2050 3024 coniicit

471 3058 835 3127 possessionis
885 3057 1158 3123 libellum,
1207 3057 1300 3126 qui
1339 3054 1572 3112 fortasse
1609 3067 1735 3112 sunt
1763 3060 2050 3127 cogitatio-

471 3165 569 3204 nes
590 3190 604 3215 ,
640 3148 917 3203 memoriae
937 3190 951 3214 ,
978 3148 1232 3218 dogmata
1251 3189 1265 3214 ,
1295 3164 1391 3218 per
1425 3165 1548 3218 qua:
1576 3165 1767 3219 agrum
1797 3151 2045 3220 posside-

470 3257 615 3305 mus,
649 3241 754 3295 hoc
783 3249 885 3308 est,
924 3240 1137 3295 labores
1167 3239 1292 3294 vita:
1315 3240 1451 3295 bene
1486 3240 1768 3296 instituta}.
1827 3242 2053 3311 Oportet
2078 3226 2122 3284 (ἶ

468 3333 615 3391 enim
645 3331 794 3401 iusta
836 3340 1186 3400 operaturum
1234 3345 1513 3401 praenosse
1556 3347 1619 3386 ea
1665 3348 1787 3401 quae
1823 3332 2050 3401 justitiae

470 3433 621 3488 sunt,
649 3423 794 3491 quod
822 3431 876 3476 et
904 3424 970 3477 de
996 3423 1218 3492 reliquis
1246 3423 1540 3478 virtutibus
1566 3424 1771 3478 dictum
1805 3425 1945 3478 volo.
1992 3423 2050 3480 In

471 3530 569 3569 vas
616 3523 797 3568 autem
842 3512 1088 3567 libellum
1140 3514 1288 3583 injici
1337 3514 1478 3569 Deus
1521 3522 1705 3583 curat,
1758 3525 1818 3569 ut
1845 3515 2050 3571 diutius

471 3613 859 3671 conservetur;
887 3605 1134 3658 habemus
1160 3605 1359 3675 quippe
1387 3609 1692 3660 thesaurum
1719 3613 1857 3660 hunc
1882 3607 1936 3660 in
1968 3623 2053 3661 va—

468 3696 548 3750 sis
576 3694 831 3765 ﬁctilibus
862 3694 928 3761 ³⁸,
962 3696 1045 3750 vel
1080 3698 1285 3751 nostris
1316 3697 1569 3763 vasculis,
1601 3698 1683 3751 vel
1710 3698 2051 3767 scripturalis

472 3788 726 3843 dictionis
754 3787 1035 3852 exilitate;
1075 3790 1218 3841 unde
1243 3787 1495 3856 princeps
1545 3788 1705 3857 hujus
1741 3789 1928 3843 mundi
1957 3790 2051 3844 de~

478 3887 664 3948 ceptus
695 3886 809 3941 est,
840 3885 1153 3947 contempto
1199 3877 1417 3947 pietatis
1447 3893 1732 3944 sermone,
1774 3881 1903 3949 quia
1939 3895 2047 3935 non

478 3969 657 4024 aureis
681 3968 828 4022 vasis
853 3967 1214 4035 conderetur,
1264 3968 1502 4022 dictione
1548 3968 1758 4025 ornatis
1785 3980 1838 4024 et
1863 3970 2049 4025 elocu-

476 4061 627 4114 tione
672 4059 739 4113 ad
786 4059 1221 4128 persuadendum
1269 4061 1712 4129 accommodata;
1762 4061 1965 4118 idcirco
1995 4071 2050 4118 et

474 4151 668 4206 diebus
723 4150 910 4205 multis
961 4151 1261 4221 permansit
1312 4153 1456 4221 quod
1507 4153 1770 4224 scriptum
1813 4163 1918 4210 est.
1978 4153 2047 4207 Et

472 4244 788 4314 pt'wdt'cutio
818 4260 955 4310 mea,
993 4244 1168 4314 inquit
1208 4245 1302 4314 qui
1334 4245 1577 4299 libellum
1622 4245 1784 4301 habet
1828 4262 2051 4316 posscs-

469 4333 644 4394 sionis
666 4335 734 4402 '9,
761 4351 862 4388 non
898 4335 954 4388 in
988 4334 1422 4403 persuasibilibus
1447 4338 1724 4405 sapientia:
1741 4338 1929 4403 verbis,
1955 4338 2045 4392 sed

472 4427 529 4478 in
556 4424 1003 4478 demonstratione
1035 4425 1209 4492 potius
1231 4424 1450 4493 spiritus
1475 4434 1522 4477 et
1551 4428 1816 4492 potentia'.
1857 4425 1925 4481 Ut
1946 4427 2047 4480 im-

475 4515 639 4585 plevit
669 4525 850 4569 autem
881 4510 1147 4567 Jeremias
1172 4524 1521 4583 praeceptum,
1543 4514 1654 4568 Deo
1682 4517 1886 4586 gratias
1910 4518 2042 4586 agit.

476 4604 579 4659 Sed
628 4606 748 4660 vide
791 4605 1069 4675 prophetae
1112 4603 1475 4659 obedientiam
1527 4612 1654 4658 ante
1699 4617 2043 4674 apparentem

476 4692 782 4759 utilitatem,
818 4708 982 4763 quam
1013 4691 1197 4755 infert,
1229 4701 1388 4746 terra:
1419 4693 1885 4760 recuperationem
1916 4709 2049 4763 pras-

475 4783 682 4837 dicens.
738 4784 1028 4855 Prophetia
1074 4786 1220 4841 enim
1269 4799 1391 4855 quae
1424 4784 1589 4838 rebus
1621 4783 1753 4855 ipsis
1787 4786 1865 4852 tit,
1898 4788 2042 4856 quod

474 4872 662 4928 auditu
713 4877 1119 4945 percipiendum
1166 4885 1316 4944 erat,
1370 4877 1548 4933 oculis
1597 4877 1847 4948 subjicit,
1893 4878 2043 4935 futu-

474 4978 708 5034 rumque
741 4963 870 5019 facit
906 4968 1062 5035 quasi
1103 4983 1366 5038 praesens,
1392 4982 1459 5022 ex
1486 4977 1640 5038 parte
1666 4979 1839 5025 totum
1868 4970 2039 5041 signi-

472 5055 666 5112 ﬁcans.

545 5147 635 5202 l7.
677 5145 802 5201 Non
830 5146 1183 5202 abscondetur
1212 5165 1246 5203 a
1272 5159 1321 5205 te
1346 5150 1658 5221 quidquam.
1700 5149 1921 5205 Minime
1942 5166 2035 5206 ve-

474 5238 698 5295 risimile
725 5246 810 5294 est
849 5239 1166 5310 prophetam
1216 5248 1393 5295 tantas
1436 5241 1637 5309 gratias
1664 5256 1825 5311 agere
1849 5281 1865 5307 ,
1894 5241 2039 5311 quod

470 5330 656 5387 decem
692 5339 746 5386 et
771 5343 975 5401 septem
1019 5332 1169 5387 siclis
1196 5347 1386 5401 agrum
1411 5333 1633 5397 emerit,
1661 5330 1754 5401 qui
1781 5346 1849 5385 ex
1882 5332 2041 5387 vulva

473 5421 664 5476 matris
696 5422 1069 5477 sanctiﬁcatus
1105 5421 1420 5492 Spirituque
1455 5432 1647 5477 sancto
1682 5421 1872 5491 plenus
1899 5431 2038 5478 erat.

473 5507 578 5563 Sed
625 5514 911 5569 considera
959 5527 1246 5568 numerum
1292 5510 1553 5579 Sabbati,
1588 5512 1787 5582 quietis
1817 5514 2040 5585 symbo-

473 5595 623 5668 lum;
658 5610 714 5657 et
737 5603 1018 5659 denarium
1048 5603 1343 5675 perfectum
1380 5605 1769 5675 propriumque
1801 5603 1892 5660 Dei
1925 5606 2041 5674 (de-

559 5782 603 5813 ²⁷
638 5781 837 5842 Jerem.
859 5804 1017 5854 xxxi,
1043 5788 1132 5844 56.

2158 1972 2191 2042 ή
2231 1969 2288 2024 δὲ
2314 1970 2508 2040 κτῆσις
2543 1967 2840 2040 βουλήματι
2873 1963 3009 2019 Θεοῦ
3050 1967 3162 2028 τοῖς
3198 1963 3377 2027 καλῶς
3408 1963 3744 2033 ἀγωνιζομέ-

2156 2080 2290 2126 νοις.
2331 2061 2573 2130 Ἀδελφοί
2595 2060 2653 2113 δὲ
2676 2059 2911 2122 Χελκίας
2942 2059 2972 2110 ό
2999 2057 3093 2111 τοῦ
3135 2057 3398 2127 Ἱερεμίου
3434 2055 3613 2127 πατὴρ
3645 2054 3740 2108 καὶ⁵

2169 2152 2458 2225 Ἀναμεὴλ,
2485 2154 2652 2224 ἄμφω
2685 2152 2875 2215 παῖδες
2906 2151 3058 2213 ὄντες
3087 2148 3307 2220 Σαλώμ.
3352 2147 3603 2217 Ἀδελφαὶ
3632 2146 3742 2219 γὰρ

2157 2242 2253 2296 καὶ
2279 2244 2470 2315 εἰρήνη
2510 2243 2606 2297 καὶ
2643 2242 2802 2315 μερὶς
2844 2240 3001 2294 Θεοῦ.
3045 2240 3281 2302 Χελκίας
3310 2239 3419 2312 γὰρ
3451 2237 3744 2310 ἑρμηνεύε-

2155 2351 2246 2388 ται
2311 2335 2485 2404 μερὶς
2533 2333 2719 2400 Θεοῦ,
2779 2333 2979 2404 Σαλὼμ
3023 2332 3081 2386 δὲ
3123 2329 3351 2399 είρήνη.
3409 2329 3637 2401 Καρπὸς
3682 2328 3741 2381 δὲ

2156 2424 2258 2494 τῆς
2292 2426 2508 2497 μερίδος
2536 2425 2632 2478 τοῦ
2661 2424 2795 2478 Θεοῦ
2824 2424 3228 2494 μετεωρισμὸς
3257 2421 3404 2476 Θεοῦ
3424 2439 3436 2451 ·
3468 2420 3611 2475 οὓτω
3631 2418 3744 2492 γὰρ

2168 2514 2436 2589 Ἱερεμίας
2479 2516 2862 2589 ἑρμηνεύεται.
2896 2516 3124 2587 Καρπὸς
3153 2514 3209 2567 δὲ
3241 2515 3338 2585 τῆς
3369 2514 3592 2584 εἰρήνης
3635 2510 3742 2579 χά-

2148 2625 2250 2678 ρις
2286 2609 2467 2663 Θεοῦο
2504 2608 2663 2662 τοῦτο
2705 2607 2815 2680 γὰρ
2846 2606 2997 2677 δηλοῖ
3037 2608 3098 2660 τὸ
3138 2604 3427 2677 Ἀναμεήλ.
3464 2603 3674 2657 Οὐκοῦν
3702 2604 3739 2675 ή

2156 2700 2315 2773 χάρις
2339 2698 2434 2754 τοῦ
2463 2698 2618 2764 Θεοῦ,
2650 2700 2874 2770 εἰρήνης
2899 2698 3145 2769 γέννημα
3175 2696 3545 2767 τυγχάνουσα,
3573 2710 3742 2766 προσ-

2158 2792 2312 2866 φέρει
2345 2791 2423 2862 τῷ
2456 2792 2513 2845 ὲν
2548 2791 2759 2862 φυλακῇ
2796 2791 3051 2863 προφήτῃ
3100 2788 3191 2843 τὸν
3224 2787 3354 2841 ἴδιον
3397 2787 3569 2861 ἀγρὸν
3599 2785 3742 2841 κατὰ

2159 2885 2489 2958 πρόσταγμα
2516 2883 2609 2937 τοῦ
2639 2882 2793 2936 Θεοῦ.

2234 2976 2313 3031 10.
2364 2975 2477 3028 Καὶ
2521 2976 2757 3045 ἔγραψα
2805 2976 2893 3040 εἰς
2933 2974 3211 3039 βιϐλίον,
3258 2969 3735 3042 ἐσφραττσάμην.

2158 3061 2326 3129 Οὗτος
2379 3068 2522 3118 ποιεῖ
2571 3064 2770 3135 βιϐλίον
2822 3064 3105 3136 κτήσεως,
3152 3063 3293 3135 ὅπερ
3340 3061 3469 3126 ἴσως
3506 3062 3654 3116 ἐστὶν
3679 3063 3738 3115 αἱ

2157 3159 2389 3229 νοήσεις,
2438 3159 2493 3210 αί
2533 3157 2767 3229 μνῆμαι,
2797 3155 2866 3210 τὰ
2912 3156 3181 3226 δόγματα,
3211 3155 3278 3208 δι’
3308 3149 3383 3209 ὧν
3420 3153 3734 3225 κεκτήμεθα

2153 3248 2244 3301 τὸν
2279 3249 2468 3319 ἀγρὸν,
2502 3247 2749 3301 τουτέστι
2786 3248 2886 3319 τῆς
2919 3247 3194 3310 πολιτείας
3225 3246 3352 3309 τοὺς
3384 3246 3600 3309 πόνους.
3642 3248 3733 3298 Δεῖ

2152 3338 2262 3410 γὰρ
2303 3340 2393 3392 τὸν
2438 3340 2713 3412 πράξοντα
2760 3338 3107 3410 δικαιοσύνην
3150 3338 3456 3410 προειδέναι
3502 3338 3631 3409 περὶ⁸
3659 3338 3738 3392 δι-

2153 3430 2472 3502 καιοσύνης⁶
2503 3432 2642 3503 ὅπερ
2672 3430 2914 3499 λεγέσθω
2942 3431 3037 3483 καὶ
3080 3430 3208 3500 περὶ
3237 3429 3345 3482 τῶν
3376 3427 3582 3484 λοιπῶν
3610 3429 3738 3499 ἀρε-

2150 3522 2281 3576 τῶν.
2315 3521 2595 3595 Φροντίζει
2628 3510 2685 3576 δὲ
2711 3523 2844 3586 Θεὸς
2872 3523 2928 3576 ὲν
2959 3522 3168 3593 ἀγγείῳ
3199 3521 3260 3574 τὸ
3291 3521 3497 3591 βιϐλίον
3537 3521 3739 3592 βληθῆ-

2152 3630 2242 3668 ναι
2271 3613 2407 3684 πρὸς
2437 3613 2699 3684 διαμονὴν
2746 3612 2998 3666 πλείονα·
3036 3613 3230 3683 ἔχομεν
3274 3613 3383 3684 γὰρ
3414 3612 3506 3665 τὸν
3537 3613 3739 3683 θησαυ-

2155 3703 2248 3775 ρὸν
2278 3702 2465 3757 τοῦτον
2493 3706 2550 3757 ἐν
2582 3704 2920 3775 ὀστρακίνοις
2954 3702 3202 3756 σκεύεσιν
3237 3703 3270 3773 ἢ
3305 3704 3421 3765 τοῖς
3448 3703 3736 3773 ἡμετέροις

2153 3795 2394 3863 ἀγγείοις
2422 3794 2455 3865 ἢ
2490 3794 2566 3865 τῷ
2595 3794 2803 3847 εὐτελεῖ
2834 3796 2933 3865 τῆς
2961 3794 3237 3865 γραφικῆς
3266 3793 3484 3858 λέξεως.
3520 3792 3680 3845 Ὅθεν
3706 3794 3737 3846 ὁ

2152 3885 2336 3958 ἄρχων
2375 3888 2655 3958 ὴπάτηται
2682 3887 2778 3940 τοῦ
2812 3888 3018 3958 κόσμου
3057 3888 3271 3951 τούτου,
3321 3886 3735 3958 καταφρονήσας

2151 3977 2245 4030 τοῦ
2299 3978 2459 4047 λόγου
2507 3981 2608 4050 τῆς
2646 3978 2978 4042 θεοσεϐείας,
3029 3978 3156 4031 ἐπεὶ
3191 3979 3265 4050 μή
3307 3975 3375 4051 ἦν
3414 3981 3473 4035 ὲν
3514 3980 3735 4051 χρυσοῖς

2153 4071 2371 4124 σκεύεσι
2399 4070 2939 4142 κεκαλλωπισμένοις
2961 4070 3103 4137 λέξει
3130 4072 3224 4125 καὶ
3262 4071 3574 4143 πιθανότητι
3595 4072 3734 4144 φρά-

2151 4179 2316 4227 σεως·
2351 4162 2432 4216 διὸ
2464 4163 2559 4217 καὶ
2581 4162 2802 4228 πλείους
2828 4163 3039 4235 ἡμέρας
3058 4163 3327 4235 διέμεινεν
3353 4164 3382 4216 ό
3415 4164 3590 4232 λόγος.
3620 4164 3730 4219 Καὶ

2147 4251 2216 4305 τὸ
2245 4251 2520 4323 κήρυγμά
2536 4269 2677 4321 μου,
2710 4254 2874 4324 φησὶν
2905 4254 2933 4305 ὁ
2964 4252 3104 4323 ἔχων
3142 4254 3202 4306 τὸ
3237 4253 3441 4323 βιϐλίον
3481 4255 3581 4323 τῆς
3600 4255 3734 4322 κτή-

2150 4360 2307 4408 σεως,
2341 4346 2453 4398 οὐκ
2484 4344 2556 4397 ἐν
2589 4343 2813 4410 πειθοῖς
2862 4345 3084 4413 σοφίας
3126 4345 3359 4413 λόγοις,
3391 4345 3462 4399 ἐν
3494 4345 3732 4400 ἀποδεί-

2149 4434 2239 4499 ξει
2277 4434 2347 4488 δὲ
2370 4435 2614 4506 μᾶλλον
2645 4436 2982 4505 πνεύματος
3012 4436 3108 4490 καὶ
3156 4434 3466 4505 δυνάμεως
3513 4453 3528 4467 ·
3556 4437 3617 4490 τὸ
3646 4438 3730 4491 έν-

2148 4525 2343 4581 ταλθὲν
2391 4524 2449 4576 δὲ
2491 4524 2723 4595 ποιήσας
2783 4524 3070 4596 Ἱερεμίας,
3110 4526 3423 4595 εὐχαριστεῖ
3463 4523 3542 4595 τῷ
3588 4524 3728 4595 Θεῷ.

2155 4617 2299 4687 Ὅρα
2326 4614 2383 4667 δὲ
2414 4615 2514 4686 τὴν
2557 4614 2803 4685 ὑπακοήν
2839 4615 2933 4669 τοῦ
2967 4616 3243 4687 προφήτου
3274 4615 3380 4686 πρὸ
3417 4615 3509 4669 τοῦ
3544 4632 3719 4685 φαινο-

2163 4709 2326 4780 μένου
2367 4706 2758 4778 συμφέροντος,
2792 4707 2929 4778 ὅπερ
2964 4706 3179 4774 ἐπάγει,
3211 4704 3593 4777 προθεσπίζων
3629 4708 3728 4779 τῆς

2149 4799 2256 4869 γῆς
2286 4797 2387 4869 τὴν
2426 4798 2743 4869 ἀνάκτησιν.
2791 4797 2857 4849 Ἡ
2884 4796 2993 4867 γὰρ
3030 4797 3097 4850 δι’
3125 4796 3285 4868 ἔργον
3321 4798 3630 4871 προφητεία
3667 4799 3730 4854 τὸ

2149 4886 2413 4942 ἀκουστὸν
2461 4885 2782 4957 καθίστησιν
2830 4885 3041 4958 ὁρατὸν,
3094 4887 3278 4941 καὶτὸ
3324 4888 3518 4960 μέλλον
3563 4886 3730 4944 οἱονεὶ

2149 4979 2344 5052 παρὸν,
2373 4978 2431 5030 ἐν
2461 4976 2540 5048 τῷ
2576 4977 2731 5048 μέρει
2755 4975 2988 5048 δηλοῦσα
3009 4977 3072 5031 τὸ
3094 4979 3233 5036 ὅλον.

2223 5154 2310 5209 17.
2346 5154 2428 5208 Οὐ
2456 5152 2543 5223 μὴ
2585 5151 2899 5222 ἀποκρυϐῇ
2924 5153 3042 5207 ἀπὸ
3075 5153 3191 5207 σοῦ
3212 5152 3414 5211 οὐδέν.
3449 5153 3524 5207 Οὐ
3565 5154 3727 5208 πιθα-

2149 5246 2239 5302 νδν
2282 5245 2375 5301 τὸν
2409 5244 2695 5317 προφήτην
2737 5242 3005 5315 τοσαύτην
3043 5243 3392 5316 εὐχαριστίαν
3429 5244 3727 5315 προσάγειν

2148 5340 2243 5393 ἐπὶ
2267 5336 2346 5407 τῷ
2377 5335 2508 5389 δέκα
2541 5334 2635 5388 καὶ
2674 5333 2815 5387 ἑπτὰ
2848 5332 3044 5388 σίκλων
3094 5334 3366 5405 ἐωνῆσθαι
3404 5334 3463 5388 τὸ
3502 5336 3726 5408 χωρίον,

2147 5427 2240 5482 τὸν
2268 5430 2333 5481 ὲκ
2350 5428 2562 5498 μήτρας
2574 5424 2902 5494 άγιασθέντα
2932 5426 3027 5479 καὶ
3051 5424 3196 5479 θείου
3215 5425 3530 5497 Πνεύματος
3555 5428 3731 5502 ὑπάρ-

2148 5534 2311 5589 χοντα
2336 5517 2538 5591 πλήρη.
2576 5516 2736 5570 Ἀλλὰ
2765 5516 2866 5587 ὅρα
2891 5515 2982 5569 τὸν
3019 5516 3354 5572 Σαϐϐατικὸν
3382 5518 3634 5591 ἀριθμὸν,
3663 5518 3728 5575 τὸ

2147 5610 2247 5680 τῆς
2283 5607 2642 5671 ἀναπαύσεως
2669 5606 2961 5679 σύμϐολον,
3008 5608 3102 5662 καὶ
3133 5610 3227 5663 τὸν
3261 5609 3483 5667 δέκατον
3522 5611 3726 5667 τέλειον

1229 5791 1274 5823 ³³
1313 5788 1356 5842 ΙΙ
1395 5789 1519 5844 Cor.
1551 5807 1624 5858 tv,
1663 5791 1714 5843 7.
1808 5792 1854 5825 ¹⁹
1892 5791 2066 5848 lCor.
2093 5809 2153 5864 ιι,
2180 5796 2231 5850 4.
