4218 6292
500 325 607 381 585

1715 316 2021 374 SELECTA
2060 313 2127 368 IN
2165 312 2525 370 JEREMIAM.

3631 315 3736 370 586

494 439 627 494 ϐντα
648 437 742 492 καὶ
763 437 959 491 οἰκεῖον
991 435 1124 491 Θεοῦ
1166 436 1408 508 (δεκάται
1434 435 1544 508 γὰρ
1571 436 1627 490 ὲν
1659 436 1721 507 τῇ
1744 434 1944 508 δεκάτῃ
1962 432 2070 486 τῶν
2099 439 2144 496 Α

2069 456 2070 465 ι
2099 439 2144 496 Α
2172 430 2328 488 οἰωιε
2359 429 2505 484 enim
2530 430 2584 483 in
2610 427 2817 485 decima
2853 427 3295 499 propitiationum
3328 429 3650 500 atteruntur,
3681 442 3735 488 et

498 528 744 600 ίλασμῶν
781 528 1160 599 ἀναφέρονται,
1197 527 1290 581 καὶ
1330 527 1633 594 Δεκάλογος
1666 526 1724 579 ὲν
1750 527 1827 596 ,τῇ
1874 523 2066 595 πρώτῃ

495 618 825 691 νομοθεσίᾳ).
857 619 966 673 Καὶ
995 618 1181 693 γνώσῃ
1227 620 1318 673 τὸν
1361 617 1552 689 ἀγρὸν,
1590 617 1683 671 τὸν
1714 616 1900 687 πλήρη
1940 632 2071 686 καρ-

496 710 614 764 πῶν
655 709 973 780 πρεπόντων
1004 712 1117 773 τοῖς
1149 707 1344 777 ἁγίοις.
1378 708 1631 772 Τοιοῦτος
1660 705 1729 780 ἦν
1762 707 1932 780 ἀγρὸς
1971 709 2069 761 Ἰα-

495 800 632 865 κὼϐ,
665 801 830 873 ὅνπερ
858 801 1182 871 δσφρανθεὶς
1226 800 1430 863 Ἰσαὰκ,
1475 799 1650 864 Ἰδοὺ,
1685 800 1870 871 φησὶν,
1905 798 2064 868 ὀσμὴ

497 892 600 946 τοῦ
629 892 765 946 υίοῦ
802 910 923 961 μου
951 893 1032 958 ὡς
1058 890 1217 961 ὀσμὴ
1245 891 1432 962 ἀγροῦ
1463 890 1756 960 πλήρους,
1787 891 1860 945 ὃν
1899 891 2067 944 εὐλό-

498 998 685 1057 γησεν
714 986 748 1038 ό
773 984 989 1051 Κύριος
1005 1024 1024 1039 .
1069 984 1280 1048 Ὀποῖός
1304 987 1451 1038 ἐστιν
1473 984 1532 1049 ὃς
1557 984 1805 1055 καρποὺς
1833 982 1947 1053 ἔχει
1970 982 2062 1036 τοῦ

500 1075 824 1146 πνεύματος,
848 1076 937 1129 ἴνα
959 1075 1157 1150 σπείρῃ
1179 1076 1249 1130 τὰ
1270 1074 1365 1129 τοῦ
1390 1075 1722 1147 πνεύματος,
1749 1074 1843 1128 καὶ
1870 1074 2061 1146 θερίσῃ

498 1164 636 1237 ζωὴν
664 1164 899 1220 αἰώνιον.
934 1166 1125 1220 Ἔπνει
1147 1165 1255 1239 γὰρ
1291 1165 1481 1220 Ἰακὼϐ
1507 1166 1607 1220 οὐκ
1637 1163 1895 1234 ἀμπέλων
1918 1163 2062 1235 ὀσμὴ

499 1256 766 1328 ήσύκων,
815 1256 930 1311 ἀλλ’
955 1257 1195 1328 ἀγάπης,
1244 1259 1439 1329 χαρᾶς,
1489 1259 1732 1330 εἰρήνης,
1791 1256 2064 1329 μακροθυ-

499 1349 644 1419 μίας,
665 1346 1427 1419 χρηστάςητος,ἀγαθωσύνης,
1444 1348 1697 1412 πίστεως,
1716 1347 2059 1419 ἐγκρατείας.

507 1439 629 1491 Ἐπὶ
665 1438 890 1509 τοιούτῳ
918 1439 1095 1492 τοίνυν
1122 1438 1279 1510 ἀγρῷ
1319 1440 1588 1511 Ἱερεμίας
1622 1441 1930 1511 εὐχαριστεῖ
1972 1438 2060 1493 λέ-

494 1544 633 1596 γων⁸
680 1528 741 1579 '0
768 1527 873 1591 ὢν,
900 1530 1096 1597 Κύριε.
1136 1530 1388 1583 Ἐσκόπει
1419 1529 1528 1599 γὰρ
1568 1529 1661 1583 τὸν
1699 1530 1868 1593 ὅντως
1896 1528 2058 1595 ὄντα,

497 1617 570 1689 μὴ
600 1616 813 1670 σκοπῶν
837 1616 907 1671 τὰ
937 1617 1262 1689 βλεπόμενα,
1292 1617 1427 1671 ἀλλὰ
1453 1618 1522 1673 τὰ
1552 1618 1626 1691 μὴ
1660 1618 1985 1690 βλεπόμενα.

1122 1710 1279 1763 ΚΕΦ.
1319 1710 1451 1763 AH’.

2170 519 2470 592 Decalogus
2492 521 2546 575 in
2568 521 2743 591 prima
2771 521 3127 592 lcgislatione)
3149 542 3164 591 ;
3188 533 3240 579 et
3259 539 3521 593 agnosces
3542 539 3733 594 agrum

2170 610 2438 668 fructibus
2465 612 2681 681 plenum
2712 613 2805 682 qui
2831 613 3033 668 sanctis
3062 613 3408 670 conveniant.
3439 615 3587 671 Talis
3611 625 3733 671 era:

2165 701 2362 769 Jacoh,
2419 718 2579 774 quem
2632 719 2756 758 cum
2812 704 3070 760 odoratus
3118 704 3310 760 fuisset
3361 705 3542 775 Isaac,
3596 726 3731 773 ecce,

2166 793 2330 864 309
2362 794 2538 864 inquit
2561 795 2630 859 '°,
2679 794 2810 847 odor
2838 795 2942 863 ﬁlii
2973 795 3093 861 mei,
3125 797 3262 851 sicut
3291 797 3421 851 odor
3450 799 3565 868 agri
3593 800 3735 869 pleni

2167 886 2255 940 cui
2285 884 2548 939 benedixi:
2577 883 2868 948 Dominus;
2899 885 3079 955 qualis
3109 895 3194 941 est
3212 888 3303 957 qui
3329 888 3490 943 habet
3524 889 3734 946 fructus

2167 974 2413 1045 Spiritus,
2444 983 2505 1029 ut
2531 974 2760 1030 seminet
2787 988 2851 1027 ea
2876 989 2996 1042 qua:
3024 975 3249 1045 spiritus
3274 984 3434 1043 sunt,
3461 988 3734 1048 metatqne

2168 1068 2332 1121 vitam
2364 1075 2644 1121 aeternam.
2683 1066 2829 1123 Odor
2857 1069 3000 1123 enim
3027 1066 3230 1123 Jacobo
3256 1067 3573 1134 aﬂlabatur,
3620 1085 3730 1126 non

2166 1158 2358 1213 vitium
2388 1164 2483 1211 aut
2509 1157 2708 1212 ficuum
2729 1197 2744 1221 ,
2775 1158 2867 1213 sed
2896 1158 3131 1223 amoris,
3159 1158 3389 1223 laetitiae,
3416 1160 3588 1228 pacis,
3613 1161 3733 1214 lon-

2167 1245 2533 1316 ganimitatis,
2568 1248 2890 1316 probitatis,
2926 1248 3221 1313 bonitatis,
3255 1246 3414 1311 ﬁdei,
3443 1251 3731 1306 continen—

2164 1338 2271 1391 tiae.
2329 1334 2405 1391 De
2439 1337 2541 1392 hoc
2580 1338 2762 1406 itaque
2789 1353 2920 1408 agro
2955 1337 3219 1392 Jeremias
3246 1338 3447 1408 gratias
3476 1338 3604 1408 agit,
3638 1339 3724 1393 di-

2163 1442 2295 1484 cens
2324 1427 2365 1458 "
2393 1445 2407 1481 :
2446 1426 2490 1481 0
2515 1429 2705 1497 quies,
2737 1428 2978 1483 Domine.
3014 1427 3410 1483 Considerahat
3437 1429 3580 1483 enim
3605 1444 3730 1483 eum

2163 1520 2257 1589 qui
2288 1534 2417 1574 vere
2458 1527 2574 1582 est,
2626 1533 2736 1573 non
2765 1519 2831 1574 ad
2867 1535 2932 1574 ea
2961 1534 3083 1588 qua:
3109 1519 3394 1583 videntur,
3442 1520 3537 1574 sed
3570 1519 3636 1573 ad
3667 1535 3731 1574 ea

2163 1625 2286 1681 qua:
2309 1624 2418 1664 non
2443 1609 2715 1674 videntur,
2750 1618 3023 1680 spectans.

2695 1699 2849 1755 CAP.
2900 1698 3187 1754 XXXVIII.

565 1799 618 1853 5.
668 1800 890 1869 Hapab‘t
908 1799 1109 1870 ὀμένη
1134 1799 1609 1869 παραδοθήσεται
1630 1803 1669 1870 ἠ
1691 1802 1867 1868 πόλις
1884 1802 2059 1870 αὕτη.
2094 1772 2135 1828 Β
2229 1791 2231 1836 ἶ

2094 1772 2135 1828 Β
2229 1789 2282 1846 5.
2329 1787 2605 1843 Tradendo
2653 1793 2895 1844 tradetur
2939 1790 3122 1844 civitas
3170 1791 3302 1845 Ιιατε.
3355 1789 3471 1843 Non
3518 1799 3726 1845 tantum

491 1892 565 1943 Οὐ
601 1892 758 1962 μόνον
783 1892 1117 1965 προφητείας
1133 1893 1401 1964 Ἱερεμίας
1431 1892 1758 1965 ἀνέγραψεν,
1797 1893 1931 1947 ἀλλὰ
1963 1894 2058 1948 καὶ

493 1983 599 2037 ἴδια
646 1984 814 2056 πάθη,
847 1986 973 2049 τοὺς
1025 1984 1124 2056 μὲν
1175 1984 1444 2039 διδάσκων
1497 1984 1769 2055 βασιλείας
1815 1982 2059 2054 οὐρανῶν

492 2076 788 2146 μυστήρια,
811 2075 935 2139 τοὺς
958 2076 1014 2129 δὲ
1036 2074 1301 2128 διδάσκων
1321 2075 1595 2146 ὑπομονῆς
1620 2074 2056 2146 παραδείγματα,

487 2163 598 2216 τῶν
620 2164 1078 2236 ψευδοπροφητῶν
1103 2165 1340 2219 τοιοῦτον
1361 2164 1511 2220 οὐδὲν
1538 2165 1626 2219 διὰ
1649 2167 1748 2237 τὴν
1772 2165 2059 2219 κολακείαν

490 2256 829 2324 πασχόντων.
891 2255 1339 2327 Ἐτοιμασώμεθα
1393 2258 1573 2311 τοίνυν
1614 2258 1672 2310 ὲν
1716 2256 1890 2329 καιρῷ
1937 2257 2060 2311 διω-

488 2347 631 2417 γμοῦ
664 2347 800 2416 μετὰ
833 2347 1096 2419 Ἰερεμίου
1118 2346 1370 2418 τετάχθαι
1395 2349 1598 2402 καὶτοῦ
1625 2348 1869 2412 εἰπόντος
1908 2348 2060 2402 Ἀπο-

491 2436 711 2490 στόλουο
768 2438 863 2490 Ἐν
898 2437 1196 2505 φυλακαῖς
1237 2438 1551 2505 πολλάκις.
1583 2438 1657 2492 Τὸ
1683 2440 1761 2504 δὲ,
1798 2440 1903 2507 ὅτι,
1931 2441 2056 2495 Οὐκ

487 2528 751 2596 ἠδύνατο
784 2529 817 2579 ὁ
839 2526 1160 2592 βασιλεὺς,
1205 2526 1716 2600 φιλανθρωποτέραν
1749 2527 1914 2581 αὐτοῦ
1960 2528 2059 2600 τὴν

490 2618 805 2689 προαίρεσιν
843 2619 1140 2688 μεμήνυκε.
1178 2618 1286 2671 Καὶ
1317 2620 1401 2672 δεῖ
1424 2619 1513 2672 τὸν
1544 2620 1703 2692 ὀρθὸν
1735 2620 1958 2691 βασιλέα
1983 2621 2058 2692 μὴ

488 2710 599 2770 τοῖς
640 2707 766 2779 περὶ
801 2706 962 2760 αὐτὸν
995 2711 1250 2780 πονηροῖς
1286 2708 1731 2777 συναλλαγέσθαι.
1774 2710 2058 2779 Χρήσιμον

488 2797 548 2852 δὲ
578 2796 835 2860 πολλάκις
867 2797 1016 2868 καὶὴ
1047 2798 1197 2869 παρὰ
1217 2800 1331 2862 τοῖς
1355 2798 1612 2870 κρατοῦσι
1644 2798 1966 2871 προστασία,
1989 2799 2056 2854 δι’

487 2881 555 2958 ἧς
583 2887 841 2950 πολλάκις
868 2886 1147 2958 εὐεργετεῖ
1171 2888 1200 2939 ὁ
1225 2884 1374 2951 Θεός.

560 2978 646 3032 19.
693 2975 835 3046 Ἐγὼ
863 2977 1049 3047 λόγον
1075 2977 1195 3046 ἔχω
1225 2976 1345 3031 τῶν
1380 2977 1680 3032 Ἰουδαίων
1701 2978 1820 3033 τῶν
1847 2995 2060 3049 πεφευ-

2159 1877 2413 1932 vaticinia
2444 1878 2664 1946 scripsit
2695 1877 2978 1942 Jercmias,
3005 1880 3097 1933 sed
3129 1886 3185 1932 et
3213 1879 3349 1932 mala
3383 1893 3503 1949 qua:
3535 1894 3730 1949 passus

2158 1973 2259 2026 est,
2290 1963 2391 2017 bos
2421 1963 2640 2033 quidem
2669 1964 2871 2019 docens
2899 1966 3047 2034 regni
3077 1967 3338 2021 caelorum
3364 1982 3586 2030 arcana,
3608 1966 3732 2020 illos

2161 2068 2289 2108 vero
2319 2054 2563 2124 exempla
2598 2054 2919 2121 tolerantiae,
2955 2055 3440 2124 pseudoprophetis
3470 2056 3601 2109 nihil
3626 2057 3730 2109 tale

2160 2143 2232 2197 ob
2263 2145 2684 2199 assentationem
2718 2145 3005 2214 perpessis.
3086 2144 3271 2201 Simus
3296 2147 3459 2216 igitur
3486 2158 3726 2215 tempore

2162 2237 2558 2307 persecutionis
2586 2237 2759 2306 parati
2790 2253 2897 2290 una
2937 2253 3058 2290 cum
3088 2235 3322 2292 Jerem‘a
3347 2238 3634 2299 collocari,
3675 2247 3731 2291 et

2161 2342 2285 2382 cum
2320 2326 2575 2396 Apostolo
2597 2327 2807 2381 dicente
2839 2327 2883 2358 ³²
2913 2344 2927 2381 :
2991 2325 3054 2379 In
3090 2326 3387 2382 carceribus
3415 2344 3569 2397 sa’pe.
3596 2327 3725 2382 Illud

2161 2431 2341 2475 autem
2375 2438 2389 2473 :
2424 2418 2547 2472 Non
2570 2427 2778 2489 poterat
2806 2433 2896 2471 rex
2929 2419 3178 2473 adversus
3212 2436 3317 2486 eos,
3352 2420 3725 2473 humaniorem

2160 2511 2280 2581 ejus
2329 2510 2572 2565 animum
2618 2510 2897 2565 indicavit.
2957 2509 3023 2564 Et
3050 2512 3257 2580 justum
3289 2525 3468 2580 regem
3520 2520 3731 2580 oportet

2160 2617 2271 2658 non
2306 2602 2596 2657 connivere
2623 2601 2689 2655 ad
2725 2616 2787 2655 ca
2815 2618 2935 2670 qua:
2971 2611 3268 2673 suggerunt
3310 2602 3459 2671 praxi
3491 2601 3726 2655 familia»

2161 2711 2268 2749 res.
2328 2692 2479 2762 Saepe
2511 2706 2640 2746 vero
2674 2693 2804 2745 utile
2850 2701 2934 2746 est
2974 2694 3116 2762 apud
3160 2693 3454 2762 principem
3487 2708 3608 2748 esse
3634 2693 3728 2763 qui

2159 2784 2429 2840 defendat.
2467 2782 2543 2838 Ita
2567 2784 2712 2838 enim
2739 2784 2879 2838 Deus
2905 2799 3046 2854 saepe
3072 2783 3330 2839 beneficia
3358 2793 3596 2853 praestat.

2233 2963 2318 3018 I9.
2361 2961 2475 3033 Ego
2505 2963 2762 3015 rationem
2805 2961 2968 3014 habeo
2994 2959 3305 3015 Judazorum
3335 2960 3424 3031 qui
3456 2960 3726 3031 fugerunt.

485 3066 691 3135 γότων.
726 3065 900 3128 Δέδια,
937 3066 1088 3135 φησὶ,
1127 3068 1201 3137 μὴ
1244 3069 1357 3130 τοῖς
1401 3066 1716 3138 αὐτομόλοις
1757 3069 2126 3150 καταγέλα-θ

2071 3092 2126 3150 C
2163 3054 2373 3120 Timeo,
2407 3055 2607 3124 inquit,
2638 3069 2706 3108 ne
2734 3052 3033 3123 transfugis
3064 3052 3117 3105 in
3153 3051 3394 3105 derisum
3429 3054 3574 3106 liam.
3614 3052 3725 3109 llcc

490 3176 613 3221 στος
639 3159 900 3230 γένωμαι.
925 3157 1127 3212 Τούτου
1152 3159 1260 3232 γὰρ
1282 3158 1439 3228 λόγον
1467 3160 1561 3213 καὶ
1584 3160 1838 3231 φροντίδα
1868 3159 2054 3214 ποιοῦ-

491 3266 610 3319 μαι.
654 3249 741 3311 Ὠς
763 3249 819 3302 δὲ
852 3247 918 3302 δι’
947 3248 1219 3320 ἁμαρτίας
1272 3247 1626 3320 Ἰερουσαλὴμ
1662 3248 2053 3319 παραδέδοται,

487 3338 632 3393 οὕτω
664 3341 756 3392 καὶ
786 3341 820 3411 ή
855 3338 1168 3411 Ἐκκλησία.
1201 3339 1312 3392 Καὶ
1342 3340 1391 3391 εί
1422 3339 1520 3409 μέν
1547 3356 1630 3402 τις
1652 3340 1771 3393 κατ’
1811 3337 2056 3409 Ἐζεκίαν

490 3429 658 3500 αὐτῆς
690 3429 852 3501 ἄρχῃ,
893 3425 1155 3492 σώζεται·
1190 3430 1239 3481 εί
1275 3427 1333 3480 δὲ
1381 3427 1521 3482 κατά
1553 3427 1823 3491 Σεδεκίαν,
1869 3428 2092 3509 άφοριη

491 3520 715 3590 ζόμενος
750 3520 847 3590 μὲν
890 3518 1070 3583 σώζει,
1103 3519 1278 3590 μένων
1317 3519 1373 3573 δὲ
1404 3519 1606 3591 ταύτην
1641 3519 1949 3573 ἀπόλλυσιν.
1992 3519 2062 3571 Εἴ

485 3628 569 3675 τις
601 3604 693 3663 οὖν
730 3608 969 3680 μολύνων
999 3610 1098 3681 τὴν
1144 3608 1471 3679 Ἐκκλησίαν
1518 3608 1745 3676 ἐξέλθοι,
1794 3612 1964 3682 αὐτήν
1996 3628 2055 3663 τε

489 3699 652 3765 σώζει
681 3701 775 3755 καὶ
800 3700 899 3772 τὴν
931 3699 1108 3771 ψυχὴν
1144 3699 1307 3753 αὑτοῦ
1327 3716 1340 3730 ·
1375 3699 1470 3753 ἐὰν
1502 3700 1558 3754 δὲ
1595 3700 1760 3772 μέλλῃ
1792 3701 1936 3754 κατὰ
1965 3702 2057 3754 τὸν

487 3791 741 3845 Σεδεκίαν
767 3789 903 3863 πρὸς
930 3789 1127 3856 ἔξοδον,
1142 3791 1327 3860 μικρὰ
1356 3790 1524 3860 ζύμη,
1551 3791 1700 3846 ὅλον
1727 3793 1793 3846 τὸ
1818 3793 2058 3862 φύραμα

487 3880 672 3950 ζυμοῖ.
1639 3906 1647 3912 ·

557 3966 649 4020 22.
682 3966 793 4020 Καὶ
840 3965 970 4019 ίδοὺ
1008 3965 1198 4021 πᾶσαι
1239 3965 1517 4037 γυναῖκες
1546 3969 1607 4021 αἱ
1652 3967 2057 4038 καταλειφθεῖ-

486 4073 610 4112 σαι.
657 4060 794 4131 Φησὶ
826 4058 964 4130 πρὸς
997 4058 1157 4113 αὑτὸν
1204 4059 1469 4130 Ἱερεμίας
1503 4060 1579 4124 ὡς
1615 4058 1825 4129 ἐροῦσιν
1870 4060 1927 4113 αἱ
1957 4076 2056 4127 γυ-

490 4153 675 4215 ναῖκες
703 4153 784 4215 είς
828 4150 1086 4205 ἀποικίαν
1132 4151 1425 4221 ἀγόμεναιο
1497 4150 1841 4220 Ἠπάτησάν
1890 4166 1964 4204 σε
2004 4153 2059 4204 οἱ

486 4242 637 4310 πρὸς
664 4242 740 4297 σὲ
781 4242 1090 4311 φήσαντες
1117 4242 1447 4311 εἰρηνικῶς,
1481 4243 1555 4308 ὡς
1585 4244 1646 4296 οὐ
1680 4241 2058 4315 παραδώσουσι

487 4333 563 4405 τῷ
605 4333 947 4405 Βαϐυλωνίῳ.
983 4334 1345 4406 Συστήσονται
1382 4335 1438 4388 δὲ
1475 4335 1612 4405 μετᾶ
1646 4333 1767 4399 σοῦ,
1796 4335 1872 4398 ὡς
1896 4333 2058 4387 αἴτιοι

2157 3147 2356 3216 quippe
2388 3160 2475 3199 me
2505 3143 2797 3199 sollicitum
2828 3143 3009 3199 habet.
3075 3138 3248 3196 Sicuti
3286 3152 3465 3198 autem
3511 3156 3728 3215 propter

2156 3243 2376 3306 peccata
2399 3232 2698 3289 Jerusalem
2724 3233 2920 3286 tradita
2948 3240 3051 3297 est,
3080 3231 3159 3286 sic
3182 3241 3236 3285 et
3262 3232 3523 3288 Ecclesia.
3582 3234 3646 3289 Et
3679 3237 3724 3290 si

2156 3326 2281 3396 quis
2309 3325 2384 3379 illi
2412 3327 2594 3394 praesit
2619 3323 2813 3379 similis
2846 3321 3125 3385 Ezechiae.
3176 3325 3324 3380 salva
3350 3334 3464 3393 est;
3509 3325 3555 3381 si
3597 3341 3728 3381 vero

2156 3417 2352 3472 similis
2381 3416 2637 3480 Sedecite,
2674 3413 2975 3470 subductus
3003 3415 3222 3484 quidem
3254 3423 3451 3482 servat,
3502 3431 3727 3471 manens

2157 3523 2289 3564 vero
2317 3507 2515 3577 perdit.
2544 3504 2600 3560 Si
2635 3507 2760 3576 quis
2779 3521 2909 3576 ergo
2941 3507 3225 3561 maculans
3257 3505 3554 3561 Ecclesiam
3581 3508 3729 3562 exie-

2154 3601 2247 3662 rit,
2277 3608 2330 3653 et
2357 3598 2502 3651 illam
2529 3606 2730 3662 servat,
2760 3606 2813 3651 et
2841 3598 3077 3651 animam
3104 3611 3296 3663 suam;
3332 3607 3386 3650 at
3410 3596 3456 3652 si
3479 3599 3727 3667 exemplo

2159 3688 2402 3744 Sedecia:
2434 3687 2608 3741 tardet
2636 3687 2702 3740 ad
2750 3687 3095 3749 exeundum,
3145 3701 3362 3754 parvum
3414 3689 3725 3753 fermentum

2157 3779 2435 3833 misturam
2464 3792 2668 3830 omnem
2692 3775 2971 3845 fermentat
3000 3775 3065 3828 ³⁸.

2224 3959 2317 4014 22.
2359 3956 2428 4011 Ει
2462 3972 2578 4010 ecce
2601 3970 2776 4008 omnes
2803 3951 3046 4005 mulieres
3067 3967 3184 4020 qua:
3209 3964 3590 4021 remanserunt,
3619 3964 3723 4011 etc.

2155 4051 2246 4104 Ait
2271 4049 2337 4103 ad
2365 4049 2543 4116 ipsum
2574 4045 2838 4101 Jeremias
2872 4045 3015 4116 quod
3051 4044 3304 4099 mulieres
3355 4045 3412 4100 in
3445 4047 3728 4116 captivita—

2160 4151 2267 4196 tem
2315 4139 2577 4194 ducenda:
2621 4137 2801 4192 dicent
2832 4137 2879 4169 “
2911 4156 2924 4192 :
2958 4136 3291 4193 Seduxerunt
3340 4146 3419 4203 te,
3459 4139 3548 4203 qui
3577 4138 3646 4190 ad
3679 4148 3729 4192 te

2157 4234 2408 4288 dixerunt
2454 4230 2671 4300 paciﬁce
2721 4237 2774 4283 te
2810 4230 2877 4284 ab
2927 4231 3006 4286 eis
3035 4229 3334 4299 Babylonio
3370 4244 3475 4282 non
3510 4229 3727 4284 traden-

2159 4325 2312 4380 dum.
2352 4321 2525 4375 Erunt
2558 4334 2721 4390 porro
2755 4320 2849 4374 tibi
2882 4321 3128 4387 comites,
3165 4327 3406 4373 utcasus
3446 4320 3521 4373 tui
3549 4328 3729 4373 aucto-

486 4426 767 4496 γενόμενοι
793 4423 1079 4489 πτώσεως·
1122 4426 1338 4490 πάντως
1369 4424 1478 4496 γὰρ
1501 4424 1773 4496 ληφθήσῃ.
1815 4424 1968 4495 Τάχα
1998 4424 2054 4477 δὲ
2088 4425 2133 4480 D

2088 4425 2133 4480 ι)
2159 4429 2264 4471 res.
2332 4411 2569 4467 Omnino
2603 4409 2749 4466 enim
2778 4410 3031 4480 capieris.
3098 4407 3353 4464 Fortasse
3390 4424 3521 4464 vero
3560 4410 3721 4463 etiam

487 4516 730 4578 καὶτοὺς
757 4513 1202 4587 ψευδοπροφήτας
1235 4516 1495 4579 αἰτιᾶται,
1530 4513 1672 4586 λόγῳ
1709 4514 1808 4584 τὴν
1832 4515 2054 4586 εἰρήνην

487 4605 965 4676 ὑπισχνουμένους.
1011 4605 1068 4657 '0
1097 4604 1152 4658 δὲ
1186 4606 1469 4677 προφήτης
1508 4604 1899 4677 φιλανθρώπως
1929 4604 2056 4658 ἀπέ-

486 4695 660 4766 κρυψε
691 4697 804 4759 τοῖς
829 4695 1055 4766 ἄρχουσι
1076 4695 1174 4766 τὴν
1197 4694 1474 4767 ἀλήθειαν,
1491 4695 1584 4749 τοῦ
1608 4694 1871 4765 βασιλέως
1898 4693 2056 4766 κηδό-

491 4805 667 4860 μενος.
715 4788 789 4842 Ού
830 4787 938 4858 γὰρ
981 4786 1234 4851 ἔϐλαπτε,
1283 4787 1485 4858 ταύτην
1533 4786 1629 4841 νῦν
1678 4786 1919 4851 σιωπῶν,
1952 4784 2055 4858 ἤδη

484 4882 609 4944 τοὺς
637 4877 802 4934 αὑτοῦ
830 4878 1019 4945 λόγους
1044 4877 1306 4944 ἀναγνοὺς
1336 4878 1392 4931 ὲν
1424 4878 1606 4949 κοινῷ.

1131 4967 1285 5019 ΚΕΦ.
1326 4968 1412 5022 Μ’.

556 5057 610 5113 4.
646 5061 718 5113 El
744 5056 934 5113 καλὸν
967 5056 1245 5113 ἐναντίον
1264 5070 1381 5111 σου
1409 5059 1607 5113 ἐλθεῖν
1632 5058 1758 5128 μετ’
1783 5057 1947 5127 ἐμοῦ.
1990 5056 2052 5110 '0

484 5150 787 5221 προφήτης,
812 5148 1022 5223 αἵρεσιν
1045 5147 1223 5202 λαϐὼν
1243 5146 1371 5203 ἔνθα
1386 5147 1632 5218 βούλεται
1656 5147 1776 5219 ζῇν,
1806 5147 2049 5220 ὑπερορᾷ

486 5238 585 5311 μὶν
616 5240 953 5303 Βαϐυλῶνος,
997 5240 1231 5311 αἱρεῖται
1262 5239 1320 5294 δὲ
1365 5241 1464 5311 τὴν
1508 5239 1788 5303 Ἰουδαίαν,
1834 5238 2050 5308 φεύγων

481 5328 582 5400 τὴν
621 5332 686 5384 ὲκ
716 5330 987 5401 βασιλείας
1016 5331 1202 5402 τιμὴν,
1235 5331 1329 5385 καὶ
1365 5330 1453 5385 διὰ
1486 5332 1610 5395 τοὺς
1639 5332 1886 5403 πτωχοὺς
1924 5330 2051 5394 τοὺς

484 5418 619 5490 πρὸς
667 5422 936 5492 γεωργίαν
988 5422 1386 5492 ἐμμείναντας,
1432 5421 1508 5486 ὡς
1554 5421 1621 5476 ἂν
1669 5422 1766 5476 καὶ
1809 5421 1906 5494 τῆς
1946 5423 2048 5492 γῆς

485 5509 807 5580 ἐπιμελῆται
839 5511 928 5564 διὰ
955 5511 1081 5575 τοὺς
1123 5512 1357 5581 πένητας
1402 5512 1498 5565 καὶ
1542 5512 1642 5576 τὰς
1685 5510 1887 5566 τούτων
1927 5515 2047 5575 ταῖς

565 5689 610 5721 ⁸⁸
648 5692 839 5746 Cenes.
878 5708 1044 5760 xxv",
1075 5695 1163 5749 2-7.
1268 5697 1309 5729 ³¹
1350 5696 1550 5755 Jerem.
1590 5711 1737 5757 xxxi,
1784 5695 1868 5749 17.

763 5786 1030 5843 Parnm.
1060 5787 1179 5845 Gtt.
1217 5789 1389 5850 XIII.

2155 4502 2657 4575 pseudoprophctas
2683 4510 2925 4564 accusat,
2961 4500 3054 4570 qui
3083 4515 3268 4570 pacem
3294 4498 3473 4554 verbis
3504 4499 3726 4568 p0ILce-

2156 4596 2376 4650 bantur.
2416 4592 2486 4645 At
2504 4593 2763 4662 propheta
2790 4591 3128 4662 principibus
3154 4590 3437 4644 veritatem
3465 4590 3725 4644 benevole

2155 4684 2374 4748 celavit,
2405 4682 2712 4737 consultum
2742 4682 2856 4751 regi
2886 4681 3095 4736 volens.
3126 4678 3270 4734 Nulli
3298 4681 3442 4734 enim
3471 4681 3719 4745 nocebat,

2158 4775 2306 4829 illam
2337 4788 2483 4828 nunc
2506 4772 2721 4829 silentio
2749 4771 3068 4839 obvolvens,
3115 4771 3458 4828 sermonibus
3484 4773 3598 4829 suis
3623 4789 3723 4844 pu-

2157 4865 2296 4920 blice
2317 4877 2473 4918 antea
2499 4862 2770 4933 perlectis.

2785 4948 2937 5004 CAP.
2977 4948 3092 5004 XL.

2226 5046 2281 5101 4.
2324 5045 2383 5100 Si
2424 5045 2614 5099 bonum
2654 5056 2832 5096 coram
2875 5050 2924 5095 te
2960 5042 3134 5095 uenire
3185 5057 3403 5096 mecum.
3446 5039 3723 5095 Potestate

2156 5142 2300 5198 facta
2326 5139 2601 5212 propheta:
2624 5146 2685 5192 ut
2711 5137 2927 5207 degeret
2959 5135 3049 5190 ubi
3077 5135 3256 5202 vellet,
3281 5134 3553 5203 Babylone
3581 5142 3724 5202 post-

2160 5234 2366 5297 habita,
2399 5230 2639 5286 Iudaeam
2668 5227 2862 5297 elegit,
2893 5226 3073 5296 regios
3106 5226 3352 5281 devitans
3380 5224 3637 5289 honores,
3666 5232 3724 5278 et

2155 5332 2378 5395 propter
2401 5335 2688 5392 pauperes,
2719 5318 2811 5389 qui
2839 5317 2906 5372 ad
2936 5317 3194 5372 colendos
3235 5329 3396 5386 agros
3442 5327 3723 5369 remanse-

2155 5426 2311 5480 rant,
2335 5415 2499 5486 310
2530 5422 2588 5469 ut
2612 5421 2667 5467 et
2695 5420 2851 5465 terra:
2877 5424 3065 5464 curam
3094 5417 3304 5478 gereret
3335 5413 3557 5476 propter
3584 5420 3721 5474 pau-

2153 5522 2313 5578 peres
2334 5519 2630 5574 eorumque
2661 5504 2872 5558 animas
2912 5500 3292 5574 prophetando
3310 5499 3598 5555 excuteret.
3630 5498 3729 5554 Et-

1970 5696 2012 5727 "
2053 5693 2094 5750 II
2126 5694 2253 5751 Cor.
2292 5704 2368 5745 vt.
2397 5685 2486 5737 εδ.
2565 5686 2610 5716 ³³
2650 5684 2824 5742 Galat.
2861 5702 2911 5749 v,
2941 5686 2995 5737 9.
3078 5684 3121 5714 ³ἰ
3147 5682 3344 5737 Jercm.
3378 5697 3603 5737 xxxviii.
3628 5682 3721 5736 Ξῖ.

3415 5773 3487 5829 19
