4218 6292
400 338 530 396 "587

1839 334 1932 391 EX
1968 331 2268 392 ORIGENE

3588 332 3701 389 588

427 459 576 516 enim
608 454 908 513 diviserant
929 452 1204 525 propheta!
1235 448 1385 518 loca;
1431 445 1523 504 hic
1550 447 1773 520 quidem
1802 448 2005 508 habens

2110 446 2492 537 προφητείαις
2509 446 2827 518 γεωργῆσαι
2862 442 3061 515 ψυχάς.
3110 442 3466 516 Ἐμερίσαντο
3500 446 3610 520 γὰρ
3645 453 3697 506 οἱ

426 547 695 616 Iudaeam,
724 544 910 603 Daniel
940 558 1068 601 vero
1092 551 1148 599 et
1175 550 1288 599 tres
1320 541 1476 612 pueri
1509 538 1864 614 Babylonem.

1038 717 1193 778 CAP.
1249 718 1391 775 XLI.

496 820 553 873 2.
598 815 664 871 Et
694 813 926 871 surrexit
954 812 1189 880 lsmaet,
1234 823 1283 866 et
1308 812 1483 866 decem
1511 811 1635 865 viri.
1672 808 1888 865 Probus
1921 808 2006 864 vir

425 911 697 966 neminem
732 907 806 962 ita
837 904 1044 961 malum
1081 904 1431 974 suspicatur,
1478 913 1538 958 ut
1569 901 1784 957 occidat
1830 914 1927 957 eos
1971 914 2006 954 α

424 1001 624 1070 quibus
654 1010 829 1053 caesus
854 1010 963 1051 non
998 1002 1101 1052 est.
1168 992 1285 1050 Cur
1309 1001 1491 1048 autem
1515 992 1660 1047 Deus
1690 989 2006 1061 permiserit

424 1091 706 1147 Godoliam
742 1087 1017 1155 interimi,
1052 1085 1278 1142 alterius
1306 1090 1392 1141 est
1419 1081 1877 1141 eonsiderstionis
1901 1121 1917 1149 ,
1948 1088 2005 1137 et

424 1182 862 1239 inscrutabilium
888 1180 984 1237 Dei
1009 1179 1368 1253 judiciorum.

498 1355 771 1426 Ejusdem.
831 1355 1023 1412 Virum
1060 1354 1290 1426 probum
1338 1362 1393 1410 et
1421 1353 1639 1418 mitem,
1693 1360 1747 1407 et
1784 1350 2006 1407 Judaeos

426 1453 573 1500 tanta
604 1442 923 1499 defensione
950 1451 1388 1514 persequentem,
1437 1457 1564 1498 cum
1595 1449 1650 1497 et
1678 1441 1843 1496 multi
1867 1455 2006 1511 prae-

423 1536 709 1601 dixissent,
740 1535 1133 1590 interflciemus
1153 1548 1279 1589 eum
1302 1550 1312 1582 τ
1333 1542 1389 1590 at
1416 1533 1517 1589 iste
1543 1545 1651 1588 non
1678 1541 1763 1588 est
1784 1547 2004 1603 passus,

425 1628 520 1684 scd
550 1627 768 1684 occisus
794 1633 900 1683 est.
956 1624 1163 1682 ‘Verum
1196 1626 1302 1681 hoc
1332 1638 1438 1680 non
1467 1624 1570 1679 fuit
1601 1639 1767 1680 causa
1796 1639 2006 1695 regres-

424 1736 522 1777 sus
575 1718 922 1783 Judaeorum,
973 1719 1068 1774 sed
1126 1717 1334 1774 malitia
1381 1719 1601 1789 propria
1662 1704 2017 1771 exsulabanti

2108 538 2402 612 προφῆται,
2434 531 2589 602 οὗτος
2621 537 2719 609 μὲν
2744 536 2844 608 τὴν
2881 534 3161 602 Ἰουδαίαν,
3189 535 3289 607 τὴν
3315 536 3376 591 δὲ
3397 537 3695 599 Βαϐυλῶνα

2104 629 2325 701 Δανιὴλ,
2351 629 2458 684 ’παὶ
2485 630 2536 682 oi
2568 629 2718 700 τρεῖς
2747 625 2955 689 παῖδες.

2729 718 2887 773 ΚΕΨ.
2927 715 3064 771 MA’.

2178 810 2234 867 2.
2268 811 2381 868 Καὶ
2410 810 2647 878 ἀνέστη.
2678 806 2925 877 Ἰσμαὴώ
2951 804 3052 860 καὶ
3093 806 3147 860 οἱ
3175 804 3324 861 δέκα
3352 805 3590 876 ἄνδρες.
3637 807 3701 862 '0

2107 902 2345 975 χρηστὸς
2394 901 2681 973 ἄνθρωπος
2732 898 2926 955 οὐδένα
2990 895 3290 951 ὑποπτεύει
3332 895 3508 962 οὕτως
3556 894 3699 954 εἶναι

2109 992 2364 1064 πονηρὸν,
2411 992 2489 1056 ὡς
2520 991 2614 1045 καὶ
2645 989 2771 1053 τοὺς
2806 987 2971 1060 μηδὲν
3016 986 3380 1059 ἀδικήσαντας
3427 986 3696 1056 φονεύειν.
3770 1043 3774 1047 ,

2106 1086 2206 1141 Διὰ
2236 1087 2289 1140 τί
2319 1085 2377 1140 δὲ
2410 1082 2790 1156 συνεχώρησεν
2815 1084 2845 1137 ό
2867 1081 3000 1146 Θεὸς
3032 1080 3382 1152 ἀναιρεθῆναι
3413 1080 3507 1136 τὸν
3536 1081 3696 1139 Γοδο-

2104 1179 2249 1243 λίαν,
2291 1177 2483 1250 ἑτέρου
2519 1176 2587 1230 ἂν
2621 1174 2710 1245 εῐη
2750 1175 2910 1244 λόγου
2944 1172 3182 1229 καὶτῶν
3223 1172 3532 1242 ἁνεφίκτων
3574 1191 3698 1246 κρι-

2109 1272 2299 1343 μάτων
2324 1268 2421 1324 τοῦ
2451 1268 2610 1323 Θεοῦ.

2183 1360 2294 1418 Τοῦ
2327 1360 2534 1417 αὐτοῦ.
2579 1359 2685 1414 Τὸν
2723 1357 3011 1431 ἄνθρωπον
3051 1358 3183 1413 ὄντα
3210 1357 3306 1412 καὶ
3335 1357 3557 1429 ἐπιεικῆ
3597 1358 3694 1412 καὶ

2107 1457 2375 1528 τοσαύτης
2420 1453 2692 1518 Ἰουδαίοις
2725 1452 3061 1524 προστασίας
3099 1450 3464 1522 μεταδιδόντα.
3499 1451 3695 1505 Καίτοι

2111 1552 2370 1622 προεῖπον
2397 1545 2603 1611 πολλοὶ,
2637 1545 2742 1610 ὃτι,
2786 1542 3185 1613 Ἀναιρήσομεν
3221 1541 3405 1595 αὐτόν.
3446 1536 3615 1605 Οὗτος
3634 1541 3697 1595 δὲ

2106 1641 2208 1694 οὐκ
2241 1638 2522 1710 ἠνέσχετο,
2558 1634 2673 1689 ἀλλ’
2704 1631 2970 1688 ἀπώλετο.
3019 1629 3159 1684 Ἀλλ’
3188 1631 3251 1684 οὐ
3282 1628 3441 1683 τοῦτο
3469 1630 3698 1699 γέγονεν

2107 1730 2278 1785 αἴτιον
2307 1729 2408 1800 τῆς
2441 1727 2665 1782 καθόδου
2698 1728 2811 1790 τοῖς
2856 1722 3153 1786 Ἰουδαίοις,
3182 1721 3293 1776 ἀλλ’
3323 1722 3501 1775 οἰκεία
3525 1739 3693 1794 πονη-

425 1811 642 1867 Etenim
686 1810 732 1866 si
765 1810 966 1867 dicenti
995 1810 1040 1844 ³⁸
1069 1829 1082 1866 :
1119 1809 1202 1864 Ne
1237 1809 1471 1864 timeatis
1504 1827 1535 1863 a
1563 1809 1701 1878 facie
1725 1806 2005 1862 Chaldae-

2108 1821 2217 1894 ρία.
2266 1821 2330 1874 Et
2379 1818 2490 1891 γὰρ
2537 1816 2735 1888 ἐκείνῳ
2782 1816 3015 1885 λέγοντι,
3068 1813 3168 1883 Μὴ
3216 1811 3520 1884 φοϐηθῆτε
3567 1813 3691 1867 ἀπὸ

425 1919 578 1969 rum,
626 1901 787 1959 fidem
837 1901 1243 1973 pmstiterunt,
1297 1894 1409 1955 Deo
1462 1898 1779 1969 praedicenti
1829 1898 2006 1953 multo

427 1994 623 2066 magis.
684 1993 766 2048 An
819 2008 951 2049 vero
999 1992 1166 2048 homo
1221 1991 1327 2047 fide
1376 1990 1599 2062 dignus,
1654 2005 1763 2046 non
1824 1997 2006 2047 autem

428 2083 611 2141 Deus?

878 2222 879 2225 η
1020 2172 1176 2231 CAP.
1224 2171 1409 2228 XLIV.

493 2267 587 2323 21.
654 2266 839 2323 Nonne
888 2267 1091 2322 incensi
1154 2266 1292 2338 quod
1347 2263 1662 2319 adolebatis.
1732 2260 2008 2317 Construc

426 2359 581 2425 illud,
610 2374 778 2413 nonne
803 2359 1036 2425 incensi,
1071 2372 1196 2413 cum
1228 2356 1321 2411 illo
1340 2397 1356 2424 ,
1381 2354 1691 2410 recordatus
1717 2362 1795 2408 est
1821 2352 2008 2407 Denti-

422 2466 548 2505 ntts.
593 2447 937 2504 Manifestum
990 2462 1155 2519 porro
1193 2457 1277 2504 est
1327 2446 1393 2502 de
1421 2446 1487 2502 iis
1518 2459 1828 2501 sermonem
1862 2458 2004 2513 esse,

427 2542 524 2612 qui
558 2541 717 2598 idolis
743 2540 1055 2597 adolebaut.
1107 2538 1203 2595 Eis
1223 2539 1369 2595 enim
1406 2539 1510 2593 hoc
1539 2535 1859 2600 fatentibus,
1889 2536 2008 2592 bac

426 2633 757 2689 inferuntur.
811 2632 1085 2689 Cancrum
1112 2631 1512 2695 examinemus,
1564 2644 1632 2684 an
1663 2629 1709 2684 si
1736 2628 1861 2700 quis
1896 2628 2009 2684 Deo

425 2725 696 2782 adolendo
722 2739 829 2780 non
866 2731 930 2779 ut
957 2721 1244 2787 convenit,
1289 2735 1456 2776 causa
1489 2719 1560 2775 sit
1593 2726 1654 2773 ut
1682 2726 1826 2773 terra
1858 2716 2005 2772 invia

424 2818 539 2876 ﬂat.
574 2817 739 2890 igitur
765 2817 811 2872 si
835 2825 889 2871 et
908 2813 1165 2871 sensibile
1190 2812 1474 2868 incensum
1503 2808 1818 2866 Iudaeorum
1854 2823 2007 2864 more

426 2909 614 2973 oﬂ'ers,
641 2909 898 2963 virtutem
923 2906 1052 2961 dum
1081 2904 1385 2976 possideas,
1415 2900 1580 2957 offers
1600 2901 1837 2967 bonum,
1869 2916 2006 2955 con-

424 2999 742 3055 cordantem
777 2995 984 3051 habens
1009 2993 1284 3049 internum
1313 2992 1567 3059 odorem;
1612 3004 1736 3046 cum
1762 2987 2004 3060 nequitia

422 3105 556 3145 vero
590 3089 636 3145 si
668 3087 865 3144 oﬂ‘eras
894 3085 1050 3155 quasi
1084 3092 1139 3140 et
1171 3092 1457 3140 externum
1486 3079 1712 3137 odorem
1740 3081 2006 3136 contami-

2110 1911 2434 1982 προσώπου
2459 1910 2579 1964 τῶν
2608 1908 2944 1972 Χαλδαίων,
2976 1903 3332 1975 ἐπείσθησαν,
3360 1902 3541 1975 πολλῷ
3563 1904 3694 1975 μᾶλα

2107 2006 2197 2059 λον
2240 2003 2322 2075 τῷ
2352 2001 2472 2074 Θεῷ
2521 2001 2857 2074 προλέγοντι.
2888 1996 2970 2054 Ἦ
3015 1996 3301 2070 ἄνθρωπος
3351 1996 3448 2068 μὲν
3479 1995 3686 2063 ἀξιόπι-

2111 2113 2233 2161 στος
2266 2091 2355 2168 ἦν,
2383 2098 2413 2149 ό
2441 2094 2499 2149 δὲ
2531 2094 2663 2158 Θεὸς
2693 2093 2913 2157 οὐκέτι;

2734 2184 2892 2237 ΚΕΦ.
2933 2181 3062 2236 ΜΔ¹.

2175 2279 2265 2336 21.
2302 2277 2449 2348 Οὐχί
2477 2275 2585 2331 τοῦ
2612 2272 2997 2344 θυμιάματος,
3033 2266 3106 2327 οὗ
3141 2267 3687 2339 ἐθυμιὰσατε..Σύνο

2106 2370 2265 2438 ταξον
2285 2369 2371 2433 τὸ,
2399 2367 2537 2436 οὐχὶ
2554 2365 2662 2421 τοῦ
2705 2363 3090 2434 θυμιάματος,
3129 2361 3267 2435 πρὸς
3302 2361 3384 2426 τὸ,
3412 2359 3687 2430 ἐμνήσθη

2106 2462 2345 2530 Κύριος.
2379 2458 2547 2531 Δῆλον
2582 2456 2679 2529 μὲν
2710 2449 2803 2510 οὖν
2831 2455 3000 2520 ἐστιν,
3043 2452 3120 2518 ὡς
3150 2452 3280 2523 περὶ
3314 2450 3422 2505 τῶν
3451 2452 3565 2512 τοῖς
3601 2450 3683 2502 εί-

2105 2551 2292 2616 δώλοις
2325 2548 2646 2621 θυμιώντων
2680 2546 2834 2620 φησί.
2867 2545 3037 2600 Τοῦτο
3071 2543 3180 2616 γὰρ
3209 2540 3387 2597 αὐτῶν
3415 2538 3685 2610 ὁμολογη-

2108 2642 2338 2705 σάντων,
2379 2638 2646 2709 ὲπάγεται
2676 2637 2747 2691 τὰ
2784 2636 3138 2709 προκείμενα.
3165 2631 3308 2704 Πλὴν
3336 2630 3682 2702 ἐξετάσωμεν

2107 2735 2156 2786 εί
2187 2733 2280 2786 καὶ
2304 2728 2427 2802 Θεῷ
2455 2746 2541 2792 τις
2568 2727 2800 2800 θυμιῶν,
2830 2727 2906 2790 ὼς
2935 2726 2994 2780 οὐ
3032 2725 3133 2790 δεῖ,
3165 2721 3261 2777 τοῦ
3291 2721 3491 2777 ἄϐατον
3531 2719 3685 2788 γενέ-

2107 2824 2231 2878 σθαι
2273 2823 2380 2896 γῆν
2410 2824 2585 2885 αἴτιος
2627 2819 2855 2890 γίνεται.
2889 2819 2999 2874 Καὶ
3035 2819 3096 2872 τὸ
3124 2815 3378 2888 αἰσθητὸν
3425 2812 3605 2868 τοίνυν
3633 2810 3688 2865 ει

2107 2915 2403 2986 προσάγεις
2453 2912 2595 2967 κατὰ
2645 2911 2772 2976 τοὺς
2840 2908 3130 2974 Ἰουδαίους
3180 2907 3433 2979 θυμίαμα
3480 2903 3684 2978 ἀρετὴν

2110 3005 2209 3077 μὲν
2244 3002 2406 3073 ἔχων,
2440 2998 2739 3073 προσάγεις
2772 2997 2935 3051 καλὸν
2975 2996 3262 3068 σύμφωνον
3291 2993 3429 3066 ἔχων
3453 2994 3552 3065 τὴν
3594 2991 3683 3046 ἐν-

2105 3093 2258 3150 δοθεν
2296 3092 2544 3155 εὐωδίαν,
2581 3088 2718 3164 μετὰ
2750 3087 2949 3153 κακίας
2979 3086 3328 3160 προσφέρων,
3361 3085 3517 3140 οίονεί
3561 3101 3676 3147 πως

424 3197 587 3245 nans,
616 3180 682 3234 ad
708 3177 1132 3251 graveolentiam
1163 3174 1459 3242 transfers,
1484 3174 1704 3246 quando
1733 3172 1865 3229 illud
1893 3172 2002 3229 dici

2107 3188 2202 3242 καὶ
2234 3187 2332 3258 τὴν
2365 3162 2593 3239 εὐωδίαν
2635 3183 2735 3254 τὴν
2768 3180 2873 3249 ἔξω
2913 3177 3205 3252 χρωννύων
3245 3176 3383 3248 πρὸς
3416 3174 3680 3230 δυσωδίαν

424 3288 535 3327 non
565 3278 745 3342 potest
769 3270 814 3302 ³⁸
844 3288 857 3324 :
891 3267 1159 3323 Odorams
1182 3275 1259 3322 est
1290 3267 1547 3320 Dominus
1582 3266 1795 3320 adorent
1824 3263 2003 3318 suavi-

427 3363 577 3429 tatis,
627 3361 720 3417 sed
763 3359 1123 3416 contrarium.
1178 3356 1326 3415 Odor
1365 3374 1496 3415 vero
1547 3358 1834 3414 suavitatis
1859 3356 2005 3427 apud

424 3452 620 3516 Deum,
655 3467 762 3506 non
789 3451 1107 3507 animalium
1135 3468 1166 3507 a
1197 3449 1312 3506 Noe
1340 3451 1672 3517 oblatorum,
1707 3463 1830 3519 quae
1864 3462 2000 3518 pura

423 3549 616 3597 vocata
646 3550 794 3607 sunt,
827 3541 922 3597 sed
948 3542 1177 3612 Justitiai
1198 3541 1365 3608 illius,
1388 3540 1851 3613 perfectionisque
1879 3555 2001 3609 quze

422 3640 542 3688 erat
584 3632 687 3705 ipsi
730 3633 783 3688 in
813 3634 1163 3705 generatione
1203 3649 1334 3700 sua;
1373 3632 1517 3689 Deus
1546 3632 1691 3687 enim
1735 3633 2002 3704 sanguine

424 3724 723 3795 tlidoreque
764 3739 876 3778 non
926 3724 1144 3795 gaudet,
1177 3724 1336 3780 sicuti
1369 3723 1668 3779 daemones.
1728 3723 1998 3779 Caeterum

419 3815 670 3885 quicum
702 3814 921 3871 Christo
960 3817 1394 3883 resurreximus,
1444 3830 1568 3887 quae
1609 3829 1830 3871 sursum
1871 3826 2001 3870 sunt

420 3921 757 3977 quaeramus,
808 3906 941 3962 illud
989 3907 1175 3962 animo
1218 3906 1523 3979 cogitantes
1550 3905 1594 3937 "'
1623 3922 1637 3961 :
1667 3903 1797 3959 Fiat
1823 3906 1998 3974 oratio

420 4012 540 4050 mea
584 3996 722 4050 sicut
751 3995 1023 4051 incensum
1066 3998 1122 4051 in
1151 4005 1431 4068 conspectu
1474 4005 1586 4051 tuo.
1647 3994 1819 4052 Sicuti
1853 3994 1996 4052 enim

418 4083 662 4140 Joannes
684 4083 738 4138 in
758 4085 1080 4156 Apocalypsi
1104 4086 1182 4141 ait
1205 4085 1250 4120 ³⁸
1282 4105 1294 4141 :
1329 4084 1554 4141 Incensa
1579 4095 1703 4142 sunt
1730 4085 1996 4141 orationes

419 4187 750 4231 sanctorum.
811 4177 915 4233 Sed
959 4178 1006 4233 si
1045 4177 1470 4249 cogitationibus
1501 4178 1648 4233 illam
1680 4179 1863 4249 pravis
1893 4176 1996 4234 fua-

417 4270 632 4340 tlemus,
666 4271 934 4344 contingit
960 4272 1091 4328 illud
1122 4273 1168 4306 "
1200 4292 1213 4328 :
1253 4272 1443 4329 Oratio
1470 4288 1654 4328 eorum
1681 4272 1781 4344 ﬁat
1801 4274 1859 4328 in
1877 4286 1996 4342 pec-

416 4373 630 4428 catum;
665 4364 750 4420 vel
778 4364 1106 4430 econtrario,
1129 4364 1174 4419 si
1203 4380 1269 4419 ex
1293 4364 1503 4434 justitia
1531 4365 1874 4421 oraverimus
1894 4378 1996 4434 pro

2108 3279 2453 3351 μεταποιεῖςο
2485 3276 2574 3329 ὅτε
2599 3273 2705 3329 οὐκ
2736 3271 2802 3327 ἂν
2829 3270 3049 3342 λεχθείη
3082 3268 3165 3332 τὸ,
3203 3265 3541 3338 Ὠσφράνθη
3563 3265 3683 3321 Κύ-

2094 3387 2230 3440 ριος
2275 3365 2475 3450 ὀσμὴν
2523 3363 2797 3430 εὐωδίας,
2847 3361 2981 3417 ἀλλὰ
3027 3358 3357 3414 τούναντίον.
3399 3356 3575 3428 ὐσμὴ
3615 3356 3683 3429 δὴ

2101 3460 2328 3523 εὐωδίας
2359 3447 2537 3530 παρὰ
2581 3456 2700 3529 Θεῷ
2750 3457 2811 3510 οὐ
2861 3452 2969 3507 τῶν
3012 3450 3481 3526 προσενεχθέντων
3531 3447 3687 3518 παρὰ

2101 3552 2225 3606 Νῶε
2260 3549 2414 3615 ζώων
2445 3548 2706 3620 καθαρῶν
2732 3545 3057 3624 εἰρημένων,
3097 3542 3232 3598 ἀλλὰ
3274 3542 3375 3612 τῆς
3406 3537 3689 3593 δικαιοσύ-

2101 3661 2201 3717 νης
2229 3641 2389 3697 αὐτοῦ
2419 3641 2515 3695 καὶ
2541 3641 2640 3711 τῆς
2662 3638 3019 3709 τελειότητος,
3057 3634 3199 3706 ἅπερ
3225 3629 3294 3706 ἦν
3333 3632 3494 3696 αὐτὸς
3517 3633 3576 3686 ὲν
3612 3632 3687 3700 τῇ

2101 3736 2271 3807 γενεᾷ
2301 3732 2488 3788 αὐτοῦ.
2519 3731 2653 3795 Θεὸς
2690 3730 2800 3801 γὰρ
2830 3729 3024 3799 αἵματι
3059 3726 3153 3780 καὶ
3183 3723 3430 3788 κνίσσαις
3456 3724 3519 3777 οὐ
3556 3721 3686 3793 τέρα

2101 3842 2283 3887 πεται,
2314 3825 2564 3896 καθάπερ
2593 3825 2642 3876 οἱ
2667 3821 2938 3892 δαίμονες.
2972 3817 3120 3890 Πλὴν
3149 3818 3227 3881 ὡς
3268 3812 3681 3886 συνεγερθέντες

2098 3916 2342 3990 Χριστῷ,
2379 3915 2448 3969 τὰ
2474 3916 2586 3970 ἄνω
2625 3911 2970 3984 ζητήσωμεν,
3009 3911 3090 3974 είς
3122 3907 3249 3963 νοῦν
3282 3906 3562 3978 εἰληφότες
3595 3903 3685 3957 τό*

2099 4009 2418 4078 Γενηθήτω
2442 4008 2481 4078 ἡ
2517 4001 2825 4075 προσευχὴ
2857 4019 2975 4074 μου
3020 4001 3102 4067 ὠς
3138 3999 3401 4069 θυμίαμα
3426 3995 3687 4051 mter

2097 4117 2245 4158 O'OU'
2289 4100 2432 4155 καθὰ
2492 4097 2601 4170 γὰρ
2656 4096 2912 4167 Ἰωάννης
2966 4094 3028 4147 ὲν
3081 4089 3449 4161 ’Διποκαλύψει
3510 4085 3680 4159 φησί’

2099 4189 2444 4264 Θυμιάματά
2473 4193 2631 4245 εἰσιν
2657 4191 2717 4243 al
2745 4184 3080 4256 προσευχαί
3114 4180 3234 4238 τῶν
3271 4181 3476 4253 ἁγίων.
3537 4178 3660 4233 ’Δλλ

2095 4291 2147 4344 εί
2187 4290 2283 4360 μὲν
2323 4286 2608 4357 λογισμοῖς
2633 4282 2841 4353 ταύτην
2876 4279 3195 4352 μολύνωμεν
3231 4276 3504 4347 πονηροῖς,
3539 4289 3679 4343 συμ-

2096 4379 2271 4433 ϐαίνει
2301 4379 2378 4431 τό·
2434 4376 2496 4430 Ἠ
2518 4371 2831 4444 προσευχὴ
2856 4369 3057 4425 αὐτῶν
3086 4367 3348 4439 γενέσθω
3374 4367 3461 4431 είς
3486 4363 3677 4433 ἁμαρ-

419 4457 488 4512 iis
513 4457 608 4525 qui
649 4455 722 4512 ob
752 4463 975 4526 peccata
1012 4454 1203 4508 dicunt
1226 4454 1274 4490 “'
1307 4472 1321 4508 :
1351 4451 1680 4509 Putruerunt
1719 4463 1769 4508 et
1810 4468 1994 4508 corru-

2102 4474 2232 4526 τίαν
2252 4513 2268 4538 ,
2307 4469 2341 4540 ἢ
2368 4470 2446 4531 είς
2473 4467 2534 4520 τὸ
2555 4465 2816 4527 ἐναντίον,
2853 4462 2948 4516 ἰὰν
2985 4461 3093 4515 ἀπὸ
3123 4457 3481 4560 δικαιοσύνης,
3502 4452 3681 4560 565d)-

415 4558 522 4617 ριω
550 4556 673 4602 ειιηι
699 4546 974 4602 cicatrices
1007 4559 1137 4598 mete
1161 4560 1195 4596 α
1230 4544 1366 4613 facie
1399 4544 1720 4613 insipientia:
1750 4561 1899 4612 mete,
1936 4545 1995 4600 fit

2102 4557 2241 4629 μεθα
2286 4550 2514 4608 ἐπὶτῶν
2548 4553 2616 4606 δι’
2651 4550 2927 4625 ἁμαρτίας
2961 4549 3251 4618 λεγόντων*
3283 4543 3675 4617 Προσώζεσαν

418 4641 701 4696 incensum
730 4638 924 4696 fetens.
961 4636 1304 4707 Quapropter
1324 4633 1496 4691 Isaias
1525 4636 1663 4691 dixit
1688 4637 1731 4671 “
1772 4655 1785 4691 :
1823 4636 1887 4692 Si
1911 4646 1996 4690 tu-

416 4730 586 4784 leritis
603 4731 762 4800 31],
777 4731 1154 4801 similaginem,
1186 4743 1569 4798 supervacuam
1592 4727 1866 4782 incensum
1889 4736 1991 4794 est,

417 4818 832 4873 abominandum
854 4823 983 4876 mihi
1012 4833 1112 4878 est.
1132 4818 1305 4878 Porro
1328 4820 1607 4893 quomodo
1630 4822 1702 4877 sit
1720 4820 1987 4877 orandum

415 4912 604 4969 docuit
633 4912 949 4982 Apostolus,
989 4913 1181 4970 dicens
1228 4912 1275 4949 "
1326 4933 1341 4971 :
1400 4908 1527 4969 Volo
1559 4913 1797 4969 homines
1835 4930 1989 4968 orare

414 5006 557 5060 omni
587 5004 723 5071 loco,
748 5003 1003 5074 erigentes
1027 5016 1239 5060 sanctas
1271 5020 1489 5076 manus,
1532 5006 1648 5061 sine
1686 5006 1771 5060 ira
1796 5015 1848 5059 et
1869 5022 1989 5076 per-

412 5101 577 5156 versis
605 5097 1031 5170 cogitationibus.
1071 5096 1399 5169 Huiusmodi
1429 5113 1627 5154 manus
1660 5113 1786 5155 cum
1812 5100 1987 5169 erige-

413 5203 601 5250 rentur
632 5189 869 5262 Moysis,
904 5190 1071 5247 Israel
1102 5193 1383 5260 vincebat;
1419 5208 1543 5248 cum
1589 5207 1721 5247 vero
1763 5200 1988 5246 contra-

413 5286 693 5348 herentur,
729 5281 978 5338 vincebat
1017 5282 1258 5341 Amalec.
1321 5283 1426 5352 Qui
1457 5285 1537 5341 sic
1570 5292 1726 5348 orat,
1757 5297 1866 5337 non
1895 5295 1989 5352 spe

319 5394 328 5401 ·
413 5375 727 5440 frustratur,
776 5390 904 5431 cum
929 5391 1117 5432 verum
1148 5378 1220 5433 sit
1253 5376 1457 5434 dictum
1494 5372 1629 5431 illud
1654 5374 1702 5408 “
1734 5393 1749 5430 :
1800 5376 1988 5431 Adhuc

412 5475 463 5519 te
497 5465 737 5537 loquente
767 5466 904 5520 dicet
932 5481 951 5520 :
982 5465 1116 5521 Ecce
1138 5466 1346 5524 adsum.
1379 5466 1679 5523 Pravorum
1710 5465 1875 5537 igitur
1904 5466 1989 5520 in-

412 5568 634 5609 censum
653 5597 670 5622 ,
700 5558 896 5627 inquit,
921 5573 1030 5613 non
1054 5566 1264 5628 poterat
1292 5558 1559 5615 Dominus
1587 5559 1843 5623 tolerare,
1878 5558 1986 5613 sic-

1081 5674 1127 5704 ³⁰
1153 5671 1348 5728 Gencs.
1386 5689 1507 5737 vm,
1539 5672 1628 5728 21.

804 5747 846 5776 δι
890 5742 1001 5797 lsa.
1027 5758 1065 5806 ι,
1098 5742 1182 5794 l5.

485 5669 529 5700 ³⁸
550 5667 747 5726 ειμι-ειη.
783 5691 871 5739 ει,
911 5675 965 5728 9.

412 5751 619 5804 xxxv",
674 5741 727 5793 6.

1738 5674 1782 5705 ³⁷
1823 5671 1968 5726 Psal.
1998 5687 2120 5733 cn,
2148 5671 2204 5727 2.
2301 5672 2347 5704 ³⁸
2370 5672 2540 5742 Apoc.
2570 5686 2625 5737 ν,
2651 5669 2706 5724 8.

1290 5744 1332 5773 ’δ’
1367 5743 1558 5797 l'l'im.
1595 5759 1654 5809 tt,
1687 5744 1741 5797 8.
1833 5742 1878 5775 ⁸³
1909 5742 2011 5797 lsa.
2048 5757 2203 5819 cvm,
2237 5743 2293 5796 9.

2097 4647 2196 4702 καί
2239 4647 2562 4711 ἐσάπησαν
2604 4645 2659 4697 ot
2697 4640 2991 4714 μώλωπες
3017 4657 3140 4711 μου
3188 4636 3308 4694 ἀπὸ
3349 4634 3673 4707 προσώπου

2098 4734 2208 4804 τῆς
2242 4735 2595 4804 ἀφροσύνης
2641 4750 2791 4803 μου,
2849 4731 3059 4801 γίνεται
3117 4730 3180 4784 τὸ
3236 4728 3487 4801 θυμίαμα
3546 4725 3671 4779 δυσ-

2097 4824 2249 4889 ῶδες.
2318 4822 2519 4894 Διόπερ
2575 4822 2801 4885 Ἠσαίας
2858 4815 3013 4874 εἶπεν
3032 4837 3050 4851 ν
3104 4819 3246 4874 Ἐὰν
3297 4817 3516 4889 φέρητε
3567 4833 3670 4871 σε·

2091 4920 2370 4989 μίδαλιν,
2409 4916 2665 4987 μάταιον
2696 4915 2978 4986 θυμίαμα,
3021 4911 3338 4983 ,βδέλυγμα
3366 4929 3469 4982 μοι
3517 4909 3673 4965 ἐστι.

2096 5012 2230 5067 Τίνα
2259 5010 2539 5083 δὲτρόπον
2578 5009 2820 5073 εὐκτέον,
2853 5006 3088 5072 ἐδίδαξεν
3131 5004 3160 5058 ό
3212 5000 3531 5065 Ἀπόστολος
3580 4999 3670 5052 λέ-

2090 5123 2202 5176 γων
2221 5123 2234 5136 ·
2292 5106 2595 5175 Βούλομαι
2646 5102 2790 5169 τοὺς
2839 5100 3066 5170 ἄνδρας
3109 5096 3558 5166 προσεύχεσθαι
3599 5091 3671 5145 ἐν

2097 5197 2277 5251 παντί
2299 5198 2480 5262 τόπῳ,
2506 5196 2864 5265 ἐπαίροντας
2888 5192 3100 5257 ὁσίους
3130 5188 3322 5259 χεῖρας
3354 5186 3533 5257 χωρὶς
3569 5184 3666 5252 ὀρ-

2096 5287 2209 5359 γῆς
2250 5288 2347 5342 καί
2387 5283 2809 5356 διαλογισμῶν.
2835 5283 3102 5337 Τοιούτων
3136 5278 3335 5351 χειρῶν
3377 5272 3674 5353 ὲπαιρομότ

2092 5396 2200 5433 νων
2224 5377 2318 5431 τοῦ
2350 5377 2648 5441 Μωῦσέως,
2679 5375 2835 5429 ἐνίκα
2878 5372 3113 5445 Ἰσραήλ’
3143 5367 3585 5440 καταιρουμένων
3612 5363 3670 5418 δὲ

2094 5468 2249 5521 ἐνίκα
2299 5468 2328 5521 ὁ
2369 5465 2640 5538 Ἀμαλήκ.
2677 5465 2735 5518 Ὀ
2770 5461 2943 5527 οὕτως
2974 5460 3264 5531 εὐχόμενος
3292 5457 3391 5510 οὐιι
3422 5455 3669 5521 ἀποτυγ-

2093 5559 2265 5629 χάνει,
2308 5557 2659 5630 ἀληθεύοντος
2688 5553 2783 5610 τοῦ
2818 5553 3002 5626 ῥητσῢο
3040 5552 3175 5608 Ἔτι
3203 5548 3528 5612 λαλοῦντός
3551 5561 3671 5600 σου

2819 5669 2865 5701 ³⁸
2905 5665 3050 5723 Psal.
3081 5679 3237 5727 cvm,
3274 5662 3326 5717 7.
3433 5663 3481 5695 δ’
3518 5656 3668 5714 Psal.
