4218 6292
455 301 550 356 59‘!

1862 292 1952 350 EX
1993 291 2294 350 ORIGENE

3599 293 3706 352 392

447 413 813 471 tradiderunt.
837 411 1130 470 Calamitas
1159 421 1321 480 porro
1338 406 1629 464 confundit
1653 423 1804 480 spem
1833 408 1888 463 in
1911 407 2009 464 dae-

2127 405 2456 476 ἐνέπρησαν.
2483 399 2848 472 Καταισχύνει
2875 399 2933 455 δὲ
2961 400 3058 466 τὰς
3089 401 3181 455 ἐπὶ
3212 400 3459 474 δαίμοσιν
3483 403 3709 474 ἑλπίδας

451 505 711 562 munibus
735 504 990 568 positam,
1022 515 1136 570 spes
1168 507 1347 553 autem
1382 499 1438 552 in
1471 497 1636 554 Deum
1667 515 1768 554 non
1797 499 2024 568 confun-

447 599 529 653 dit
557 597 623 651 ⁸³.
653 595 712 651 in
750 594 937 650 Bethel
977 601 1160 648 autem
1198 591 1373 646 erexit
1411 589 1701 646 Jeroboam
1729 591 1930 646 vitulos
1971 590 2022 646 in

2129 496 2163 568 ή
2193 494 2478 568 συμφοράο
2507 495 2546 563 ἡ
2577 493 2648 548 δὲ
2669 493 2767 547 ἐπὶ
2810 493 2960 548 Θεὸν
2975 494 3152 561 ἐλπὶς
3183 497 3257 549 οὺ
3291 499 3708 568 καταισχύνει.

2139 589 2229 644 Ἐν
2269 587 2327 642 δὲ
2363 589 2430 658 τῇ
2461 585 2664 658 Βαιθὴλ
2697 585 2894 657 ἔστησε
2919 587 3018 652 τὰς
3051 586 3312 658 δαμάλεις
3351 589 3381 641 ὁ
3428 589 3704 663 Ἱεροϐοάμ

449 689 716 745 Samaria.
752 685 872 741 Non
899 692 1078 740 autem
1105 683 1199 754 qui
1224 683 1357 738 dicit
1377 697 1436 738 se
1453 681 1650 738 fortem
1672 697 1814 746 esse,
1840 683 2009 737 salvat

2125 681 2184 736 ὲν
2207 683 2275 752 τῇ
2311 677 2614 750 Σαμαρείᾳ.
2645 681 2758 751 Οὐχ
2789 681 2818 732 ὁ
2844 678 3021 749 λέγων
3049 679 3106 734 δὲ
3126 679 3341 753 ἰσχυρὸς
3367 675 3508 734 εἶναι
3539 681 3706 746 σώζε-

445 786 526 838 iit.
570 779 694 835 Non
734 781 878 836 enim
923 775 1163 830 soluatur
1205 790 1300 830 res!
1339 783 1550 845 propter
1594 773 1816 828 multum
1844 774 2009 828 uirtu-

2123 789 2232 825 ται.
2257 772 2338 825 Οὐ
2361 769 2469 843 γὰρ
2481 767 2722 830 σώζεται
2735 770 3035 836 βασιλεὺς
3049 769 3148 824 διὰ
3165 769 3409 840 πολλὴν
3426 769 3704 842 δύναμιν.

445 883 548 928 tem
568 871 634 924 ⁸⁸.
665 869 792 925 Dies
839 877 1021 924 autem
1067 866 1260 936 Moab,
1306 877 1518 937 tempus
1557 875 1642 922 est
1689 865 2016 935 punitionis;

443 963 650 1018 malitia
700 975 854 1028 vero,
898 960 1116 1016 dolores
1163 973 1304 1029 quos
1358 959 1448 1014 ille
1503 959 1768 1028 patietur;
1821 958 2022 1014 excitat

453 1071 583 1112 vero
615 1069 807 1110 omnes
837 1052 930 1124 qui
960 1052 1013 1106 in
1055 1053 1286 1106 circuitu
1317 1059 1466 1116 sunt,
1509 1059 1569 1105 nt
1595 1049 1872 1105 insultent.
1903 1047 2020 1104 Hoc

439 1150 585 1204 enim
613 1145 714 1201 sibi
749 1145 863 1200 vult
887 1144 1041 1208 illud,
1073 1153 1268 1196 movete
1293 1141 1362 1205 ⁸”,
1389 1141 1492 1196 hoc
1523 1150 1608 1197 est
1636 1141 1703 1196 ad
1729 1139 2014 1198 confusio-

439 1253 585 1302 nem,
617 1245 671 1292 et
697 1237 964 1302 dolorem,
1008 1243 1064 1288 et
1095 1233 1393 1290 tristitiam.
1434 1233 1572 1288 Nam
1601 1231 1742 1287 Deus
1773 1230 2013 1302 superbis

437 1329 635 1381 resistit
659 1327 728 1380 ⁸⁸.

505 1441 596 1494 ‘25.
644 1438 712 1494 Et
745 1438 1016 1492 brachium
1047 1435 1161 1506 ejus
1204 1435 1536 1501 confractum
1585 1443 1684 1490 est.
1723 1432 2014 1489 Braebium

437 1532 522 1588 vel
575 1539 852 1600 sceptrum
899 1527 1193 1598 signiﬁcat,
1225 1525 1311 1582 vel
1341 1525 1610 1592 subditos,
1650 1524 1736 1578 vel
1767 1523 2018 1580 mercede

436 1623 757 1678 COIIdllClOS.
793 1618 1075 1688 Ἐπίχειρα
1102 1617 1247 1672 enim
1279 1630 1488 1671 merces
1513 1623 1616 1670 est.

507 1712 600 1767 26.
645 1710 712 1764 Et
741 1711 976 1780 pulsabit
1011 1707 1171 1762 Moab
1201 1709 1256 1761 in
1289 1723 1450 1760 manu
1481 1724 1601 1762 sua.
1639 1705 1868 1764 Plaudet
1897 1723 2014 1763 ma-

2135 861 2352 934 Ἢμέρα
2382 860 2438 914 δὲ
2478 861 2653 916 Μωὰϐ
2691 861 2790 933 τῆς
2827 861 3102 926 κολάσεως
3129 864 3158 916 ό
3197 863 3422 934 καιρόςο
3467 865 3708 938 πονηρία

2121 953 2179 1007 δὲ
2220 953 2289 1008 τὰ
2319 952 2738 1026 καταληψόμενα
2776 953 2965 1010 τοῦτον
2992 954 3244 1008 ἐπίπονα.
3289 953 3454 1020 ’Δξιοῖ
3486 955 3544 1010 δὲ
3577 957 3708 1024 τοὺς

2121 1045 2307 1117 κύκλῳ
2327 1045 2534 1110 πάντας
2556 1045 2904 1118 ἐπεμϐαίνειν
2935 1045 3082 1117 αὐτῷ
3099 1063 3114 1077 ·
3127 1045 3284 1100 τοῦτο
3301 1045 3410 1120 7&9
3437 1047 3526 1115 τὸ,
3538 1049 3708 1118 κινή-

2117 1149 2288 1200 σατε,
2320 1135 2564 1206 δηλονότι
2587 1136 2724 1210 πρὸς
2743 1137 3007 1210 αἰσχύνην
3025 1137 3118 1192 καὶ
3133 1136 3330 1210 λύπην.
3371 1139 3705 1210 ’Υπερηρό-

2117 1225 2246 1292 νοις
2283 1225 2392 1298 7&9
2423 1228 2458 1281 ὁ
2488 1225 2634 1294 Θεὸς
2657 1227 3096 1284 ἀντιτάσσεται.

2186 1397 2278 1453 25.
2317 1397 2432 1453 Kal
2467 1398 2534 1454 τὸ
2572 1400 2878 1472 ἐπίχειρον
2909 1404 3098 1459 αὐτοῦ
3143 1409 3486 1478 συνετρίϐη.
3549 1409 3708 1466 Ἑπίο

2117 1489 2352 1559 χειρονῆ
2397 1487 2458 1540 τὸ
2496 1489 2776 1561 σκῆπτρον
2816 1491 3168 1564 παρίστησιν,
3221 1493 3254 1566 ἢ
3292 1497 3420 1562 τοὺς
3463 1497 3570 1552 ὑπὸ
3598 1499 3702 1573 τὴν

2116 1576 2312 1648 ἀρχὴν,
2360 1579 2394 1650 ἢ
2437 1579 2566 1644 τοὺς
2607 1581 2931 1652 μισθωτούς.
2978 1585 3262 1659 Ἐπίχειρα
3287 1587 3449 1661 γὰρὸ
3481 1591 3696 1660 μισθός.

2189 1669 2280 1724 26.
2339 1671 2453 1726 Καὶ
2518 1672 2868 1742 ἐπικρούσει
2919 1675 3104 1730 Μωὰϐ
3153 1677 3225 1730 ἐν
3273 1679 3424 1748 χειρὶ
3485 1681 3695 1740 αὐτοῦ.

437 1805 602 1860 nibus
625 1759 825 1874 quibus
850 1801 1104 1856 dei-ideas
1141 1799 1304 1854 Israel
1331 1805 1386 1854 et
1421 1799 1474 1852 in
1504 1797 1672 1854 Deum
1707 1799 2009 1868 petulanter

2125 1762 2648 1874 Ἐπικροτήὲειξαῖς
2668 1763 2876 1836 χερσὶν,
2901 1759 2991 1830 αἷς
3026 1766 3328 1841 ὲπιχαίρων
3353 1768 3432 1840 τῷ
3480 1770 3698 1844 Ἰσραὴλ

435 1913 497 1952 se
515 1911 708 1966 gerens
725 1893 1036 1964 plaudebat.
1073 1893 1174 1958 Qui
1201 1907 1328 1946 vero
1353 1890 1741 1945 munitioribus
1772 1889 2014 1944 fidebant

435 1988 684 2052 urbibus,
721 1985 924 2040 relictis
950 1983 1079 2045 illis,
1113 1982 1167 2036 in
1200 1981 1366 2051 petris
1397 1980 1718 2034 habitabant
1748 1978 1818 2034 ad
1843 1979 2012 2035 valles

433 2077 648 2148 positis,
701 2074 938 2130 aemulati
981 2072 1264 2128 columbas
1293 2071 1348 2125 in
1385 2069 1611 2125 libidine
1648 2079 1702 2124 et
1735 2067 2006 2124 fatuitate.

432 2169 770 2237 Quandoque
803 2165 949 2221 enim
994 2165 1048 2218 in
1084 2165 1222 2218 locis
1257 2162 1559 2224 nidilicant,
1595 2161 1738 2216 unde
1768 2161 2010 2215 volentes

433 2260 592 2316 laciie
635 2259 812 2330 pullos
849 2257 1064 2312 tollunt.
1113 2254 1274 2310 Salax
1324 2269 1452 2309 vero
1491 2261 1577 2310 est
1613 2268 1679 2308 ac
1707 2252 1928 2318 stultus,
1954 2260 2010 2306 et

429 2352 526 2420 qui
561 2351 891 2421 Beelpbegor
915 2349 1184 2413 initiatur,
1209 2345 1464 2400 inanibus
1491 2353 1546 2400 et
1570 2343 1858 2398 inutilibus
1890 2343 2007 2398 ido-

428 2445 500 2500 lis
529 2444 780 2499 addictus
807 2449 910 2508 est,
945 2440 1125 2511 qualis
1155 2449 1272 2496 erat
1295 2437 1492 2492 Moab:
1527 2435 1672 2490 Dixit
1705 2437 1850 2492 enim
1875 2435 2007 2490 iusi-

425 2535 574 2607 piens
610 2534 666 2588 in
703 2533 858 2588 corde
904 2547 1040 2586 tuo:
1070 2529 1194 2584 Non
1239 2539 1316 2585 est
1371 2529 1608 2596 Deus“;
1663 2529 1748 2583 vel
1793 2528 2003 2583 nullmn

426 2626 652 2680 onmlno
670 2640 792 2680 esse
824 2621 992 2677 Deum
1023 2630 1243 2690 putans,
1266 2620 1357 2675 vel
1385 2617 1552 2674 Deum
1575 2635 1760 2678 verum
1789 2619 2004 2689 penitus

426 2715 681 2790 ignorare
711 2715 979 2784 cogitans.

1027 2960 1177 3018 CAP.
1220 2960 1406 3017 XLIX.

489 3056 587 3110 34.
631 3054 964 3124 Quwcunque
1005 3053 1332 3123 praphetarit
1380 3052 1664 3106 Jeremias.
1720 3048 1996 3104 Visionem

2112 1849 2208 1905 καὶ
2240 1849 2382 1904 κατὰ
2411 1849 2548 1904 Θεοῦ
2591 1851 2988 1924 θρασυνόμενος
3030 1857 3341 1928 ἐπεκρότει.
3377 1860 3440 1913 0i
3485 1860 3542 1914 δὲ
3581 1865 3700 1926 τοῖς

2111 1938 2432 2012 ὀχυρώμασι
2463 1939 2786 2005 πεποιθότες
2807 1941 2917 1996 τῶν
2947 1943 3174 2011 πόλεων,
3210 1946 3414 2012 ταύτας
3442 1949 3694 2018 ἀφέντες,

2111 2035 2170 2087 ὲν
2229 2033 2458 2106 πέτραις
2503 2032 2680 2104 ᾤκουν
2731 2036 3167 2107 παρακειμέναις
3225 2041 3348 2104 ταῖς
3400 2042 3696 2113 φάραγξιν,

2112 2124 2438 2197 μιμούμενοι
2472 2125 2802 2198 περιστερὰς
2831 2126 2974 2181 κατὰ
2998 2128 3096 2202 τὴν
3121 2129 3407 2200 ἀσέλγειαν
3430 2136 3524 2188 καὶ
3549 2137 3694 2190 κατὰ

2107 2217 2208 2286 τὴν
2255 2218 2462 2273 ἄνοιαν.
2513 2219 2924 2290 Ἐμφωλεύουσι
2961 2219 3072 2293 γὰρ
3113 2221 3224 2276 ἐσθ’
3251 2225 3340 2279 ὅτε
3377 2225 3583 2294 τόποις,
3631 2231 3692 2300 ἐξ

2107 2301 2184 2362 ὧν
2217 2311 2264 2362 oi
2305 2309 2618 2382 βουλόμενοι
2646 2312 2848 2384 ῥᾳδίως
2875 2315 3235 2388 ἀφαιροῦνται
3267 2319 3394 2396 τούς
3423 2320 3689 2386 νεοττούς.

2120 2399 2379 2474 Ἀσελγὴς
2426 2402 2484 2456 δὲ
2535 2403 2630 2457 καὶ
2678 2406 2708 2458 ό
2747 2405 3074 2479 τελούμενος
3117 2410 3196 2482 τῷ
3235 2411 3562 2486 Βεελφεγὸρ,
3595 2416 3692 2470 καὶ

2105 2491 2266 2556 ἄνους
2313 2493 2408 2547 καὶ
2451 2497 2564 2558 τοῖς
2617 2497 2868 2567 ματαίοις
2919 2500 3016 2554 καὶ
3073 2502 3403 2571 ἀνωφελέσιν
3453 2503 3694 2570 είδὼλοις

2106 2583 2503 2655 προσκείμενος
2523 2601 2538 2616 ο
2573 2587 2756 2652 ὁποῖος
2779 2583 2848 2660 ἦν
2877 2591 2904 2643 ὁ
2943 2591 3136 2646 Μωάϐ.
3170 2589 3320 2648 Eius
3348 2593 3457 2666 7&9
3485 2595 3694 2666 ἄφρων

2103 2673 2174 2726 ἐν
2200 2675 2415 2744 καρδίᾳ
2444 2676 2632 2732 αὐτοῦ
2653 2694 2666 2706 ·
2700 2679 2823 2734 Οὐκ
2851 2681 2985 2735 ἐστι
3019 2683 3184 2751 Θεὸς,
3214 2684 3246 2756 ἡ
3276 2687 3503 2740 καθόλου
3533 2687 3693 2753 άθεος

2102 2761 2202 2828 ὣν,
2238 2764 2270 2836 ἢ
2309 2764 2400 2819 τὸν
2428 2765 2598 2832 ὅντως
2619 2766 2748 2824 ὄντα
2775 2769 2909 2826 Θεὸν
2950 2773 3026 2846 μὴ
3059 2775 3256 2831 εἰδέναι
3288 2777 3570 2844 παντελῶς
3602 2780 3687 2834 λο-

2099 2853 2408 2928 γιζόμενος.

2701 2955 2857 3009 ΚΕΦ.
2885 2957 3028 3013 ΜΘ.’

2170 3040 2260 3096 54.
2317 3043 2375 3097 Ἃ
2433 3044 2888 3116 προεφήτευσεν
2956 3051 3260 3122 Ἱερεμίας.
3322 3052 3558 3126 Ταύτην,
3609 3071 3688 3120 ως

420 3149 587 3212 bane,
624 3155 682 3200 ut
723 3144 992 3209 dicebam,
1043 3142 1394 3213 Septuaginta
1432 3142 1650 3211 quidem
1691 3140 1998 3196 visionibus

2101 3129 2306 3201 ελεγον,
2351 3135 2401 3186 oi
2440 3135 2542 3206 μὲν
2603 3137 3008 3210 Ἐὁδομήκοντα
3053 3141 3164 3196 τῶν
3197 3141 3339 3197 κατὰ
3382 3125 3684 3199 τῶνίὲθνῶν

421 3245 614 3293 contra
677 3245 863 3306 gentes
917 3247 1298 3304 praeposuere;
1359 3234 1541 3289 caeteri
1599 3248 1729 3290 vero
1783 3241 1994 3288 contra.

422 3327 603 3384 JElam
632 3343 766 3399 gens
792 3326 1027 3383 Arabica
1057 3335 1142 3382 εει
1175 3325 1471 3396 llubroque
1501 3326 1639 3380 mari
1677 3325 1909 3396 adiacet.

487 3507 578 3561 55.
618 3504 892 3562 Contritus
923 3513 1000 3558 est
1041 3519 1198 3558 arcus
1230 3501 1438 3558 ΛΕιαηι.
1486 3503 1735 3559 Arcubus
1763 3505 1907 3559 enim
1941 3511 1997 3558 et

419 3597 710 3668 sagittandi
741 3596 932 3667 peritia
955 3594 1366 3667 superbiebant,
1392 3594 1521 3663 quia
1551 3610 1658 3650 non
1687 3594 1996 3650 didicerunt

417 3703 643 3756 canere;
681 3703 788 3743 non
825 3689 970 3744 enim
1012 3689 1070 3742 in
1111 3703 1240 3742 arcu
1286 3703 1400 3740 meo
1437 3690 1676 3756 sperabo,
1709 3696 1760 3741 et
1789 3687 1994 3756 framea

417 3795 533 3832 mea
559 3795 662 3832 non
683 3779 908 3834 saiuabit
929 3795 1011 3833 me
1045 3779 1112 3833 ⁵⁷.
1143 3777 1346 3834 Gentes
1391 3792 1520 3831 vero
1560 3777 1798 3832 minatur
1841 3793 1900 3832 se
1935 3779 1989 3832 in

414 3881 542 3920 cum
572 3867 784 3922 cunctis
815 3881 846 3922 c
871 3867 1118 3937 partibus
1148 3867 1538 3922 excitaturum.
1567 3865 1911 3937 Quapropter
1937 3876 1992 3922 et

418 3967 611 4014 ventos
641 3967 823 4028 partes
851 3974 944 4014 eas
973 3959 1116 4014 unde
1145 3958 1414 4025 venirent,
1449 3957 1705 4030 appellat.
2004 3943 2009 3950 ’

485 4051 646 4121 313
691 4049 961 4120 Ejusdem.
989 4049 1380 4121 Uriosquisque
1409 4059 1656 4108 nostrum
1677 4051 1832 4123 juxta
1855 4067 1988 4109 con-

411 4143 671 4200 ditionem
717 4159 871 4199 suam
911 4145 988 4200 vel
1031 4143 1288 4199 Elamita
1315 4151 1418 4208 est,
1451 4143 1538 4200 vel
1572 4142 1862 4212 ldumteus,
1901 4145 1987 4200 vel

410 4234 667 4301 Moabita,
701 4237 782 4290 vel
813 4236 1122 4306 Egyptius,
1155 4235 1237 4290 vel
1263 4233 1527 4291 israelita.
1559 4233 1704 4290 Fieri
1729 4251 1862 4292 vero
1886 4250 1987 4306 po-

409 4333 515 4380 test
541 4334 598 4380 ut
617 4325 742 4395 quis
765 4326 832 4380 dc
854 4327 958 4378 alia
986 4333 1142 4394 gente
1169 4332 1410 4379 transeat
1439 4324 1492 4378 in
1511 4324 1678 4380 aliam
1701 4325 1982 4382 meliorem

407 4414 492 4469 vel
522 4415 794 4484 peiorem;
827 4426 1016 4486 gentes
1058 4413 1226 4478 enim,
1271 4413 1417 4482 quod
1449 4414 1518 4469 ad
1551 4415 1789 4471 animam
1815 4415 1983 4487 perti-

407 4515 520 4573 net,
549 4508 717 4562 altera
754 4507 808 4561 in
855 4507 1079 4561 alteram
1127 4505 1342 4575 migrat.
1377 4503 1647 4559 Caeterum
1680 4507 1980 4576 unusquis-

404 4611 514 4665 que
545 4607 815 4664 nostrum,
846 4613 945 4668 pro
983 4612 1050 4652 eo
1091 4595 1237 4667 quod
1284 4593 1388 4650 sibi
1435 4593 1844 4663 tbesaurizavit,
1887 4597 1983 4655 irae

405 4679 620 4735 Domini
654 4684 876 4740 calicem
903 4685 1068 4751 bibet,
1096 4700 1266 4755 pttrze,
1299 4685 1383 4740 vel
1409 4692 1741 4754 temperatae.
1774 4683 1980 4744 Omnes

403 4770 553 4826 enim
575 4773 918 4841 peccavimus
945 4775 1066 4843 plus
1090 4777 1174 4832 vel
1201 4777 1403 4841 minus,
1437 4783 1492 4831 et
1517 4776 1978 4845 quemadmodum

403 4861 571 4918 lsracl
612 4876 810 4917 nomen
849 4867 1008 4921 traxit
1042 4867 1112 4922 ab
1139 4883 1206 4922 eo
1231 4867 1377 4938 quod
1418 4867 1570 4934 fecit,
1603 4883 1729 4924 cum
1767 4884 1977 4940 prava-

403 4953 598 5008 luisset
624 4953 884 5009 luctando
907 4956 960 5010 in
998 4957 1187 5022 Deum,
1213 4959 1291 5014 sic
1320 4959 1547 5030 projecti
1575 4959 1797 5032 quidam
1825 4969 1975 5028 sunt,

401 5045 769 5114 rituperabiles
822 5045 1130 5115 Elamitae;
1189 5049 1268 5104 sic
1325 5051 1470 5106 enim
1530 5051 1974 5122 interpretantur.

403 5131 621 5194 Dantur
644 5149 824 5194 autem
873 5140 908 5194 ii
953 5141 1022 5197 de
1063 5143 1263 5212 quibus
1300 5141 1390 5198 bic
1422 5159 1622 5209 sermo,
1654 5145 1812 5214 juxta
1850 5144 1973 5200 illos

400 5244 540 5296 quos
575 5230 876 5286 secundum
923 5230 1310 5302 Apostolum“
1353 5232 1495 5288 Deus
1537 5235 1758 5290 tradidit
1799 5235 1856 5288 in
1885 5251 1972 5288 re-

399 5317 618 5383 probum
641 5337 872 5386 sensum,
900 5323 954 5376 in
984 5324 1254 5392 passiones
1288 5325 1612 5396 ignominiaa,
1641 5324 1850 5392 ventis;
1877 5341 1975 5381 eos

400 5419 530 5459 vero
557 5405 759 5466 Paulus
788 5413 1069 5482 apostolus
1103 5413 1362 5470 describit
1391 5417 1644 5488 inquiens
1664 5417 1733 5485 ",
1765 5433 1829 5472 ne
1859 5434 1975 5473 am-

401 5493 540 5560 plius
585 5497 897 5566 [incruentus
937 5514 987 5558 et
1019 5507 1461 5575 circumferuntur
1499 5511 1644 5564 omni
1694 5519 1842 5564 vento
1879 5513 1975 5564 do-

2051 3213 2055 3218 ’
2101 3219 2344 3291 ὁράσεων
2405 3223 2748 3294 προύταξαν·
2804 3228 2854 3280 οἱ
2906 3229 2962 3282 δὲ
3004 3229 3182 3284 λοιποὶ
3217 3233 3551 3290 τούναντίον.
3595 3239 3684 3292 Al-

2101 3310 2211 3383 λὰμ
2239 3312 2296 3365 δὲ
2331 3312 2482 3378 ἔθνος
2523 3315 2808 3386 Ἀραϐικὸν
2849 3319 2986 3389 πρὸς
3027 3323 3094 3392 τῇ
3151 3322 3386 3396 Ἐρυθρᾷ
3427 3325 3688 3398 κείμενον

2100 3402 2364 3478 θαλάσσῃ.

2169 3493 2257 3548 '55.
2295 3497 2618 3565 Συνετρίϐη
2656 3498 2722 3552 τὸ
2759 3501 2938 3565 τόξον
2983 3503 3196 3573 Αὶλάμ.
3251 3507 3539 3577 Ἐφρόνουν
3574 3511 3684 3582 7&9

2097 3583 2188 3638 ἐπὶ
2209 3584 2389 3658 τοξείᾳ
2419 3586 2494 3659 μὴ
2530 3589 2794 3658 μαθόντες
2817 3590 3059 3661 ψάλλειν.
3110 3597 3194 3654 Οὐ
3225 3595 3334 3666 7&9
3367 3597 3466 3653 ἐπὶ
3495 3599 3560 3653 τὸ
3586 3601 3680 3654 τό·

2095 3675 2208 3742 ξον
2229 3695 2348 3748 μου
2387 3679 2596 3746 ἐλπιῶ,
2631 3681 2730 3734 καὶ
2761 3683 2798 3751 ἡ
2825 3683 3084 3752 ῥομφαία
3109 3701 3230 3754 μου
3263 3688 3338 3741 οὺ
3365 3687 3554 3744 σώσει
3577 3707 3676 3760 με.

2097 3767 2269 3839 Ἐθνη
2294 3769 2351 3822 δὲ
2382 3771 2718 3842 πανταχόθεν
2749 3773 2964 3827 ἀπειλεῖ
2995 3780 3163 3832 κινεῖν
3195 3779 3284 3832 ἐπ’
3307 3780 3488 3836 αὐτόν.
3517 3781 3676 3836 Ὂθετ

2093 3858 2328 3930 ἀνέμους
2356 3859 2422 3912 ὲκ
2451 3859 2560 3913 τῶν
2587 3860 2710 3917 ὅθεν
2739 3863 3004 3934 ὡρμῶντο
3045 3867 3216 3922 καλεῖ.

2169 4031 2279 4087 Τοῦ
2311 4033 2518 4088 αὑτοῦ.
2567 4033 2832 4100 Ἕκαστος
2867 4037 3032 4109 ἡμῶν
3059 4039 3344 4110 ἀναλόγως
3388 4045 3452 4114 τῇ
3499 4061 3672 4099 κατα-

2091 4125 2278 4180 στάσει
2316 4125 2350 4198 ἦ
2391 4126 2695 4200 Δίλαμίτης
2741 4127 3032 4202 ὁμώνυμός
3079 4133 3306 4206 smmi}
3355 4135 3670 4208 Ἰδουμαῖος,

2087 4215 2122 4287 ἢ
2153 4216 2487 4289 Μωαϐίτης,
2528 4219 2562 4289 ἢ
2606 4219 2921 4288 Αἰγύπτιος,
2967 4221 3001 4292 ἢ
3045 4223 3405 4296 Ἰσραηλίτης.
3435 4228 3670 4284 Δυνατὺν

2085 4307 2143 4362 δὲ
2175 4309 2528 4380 μεταϐάλλειν
2559 4310 2618 4377 ἐξ
2649 4312 2840 4382 ἑτέρου
2873 4312 3058 4378 ἔθνους
3090 4317 3170 4380 είς
3207 4315 3391 4388 ἕτερον
3423 4321 3666 4388 κρεῖττον

2087 4398 2120 4468 ἢ
2155 4401 2334 4472 χεῖρον
2353 4417 2366 4432 ο
2405 4400 2474 4454 τὰ
2503 4401 2710 4473 ψυχικὰ
2742 4402 2850 4472 γὰρ
2877 4401 3004 4474 ἔθνη
3036 4405 3393 4476 μεταπίπτειν
3417 4405 3557 4460 οἶδεν
3583 4409 3664 4470 εἰς

2087 4487 2310 4560 ἄλληλα.
2343 4489 2490 4562 Πλὴν
2505 4491 2734 4556 ἕκαστος
2753 4495 2785 4562 ἡ
2795 4492 2912 4562 μῶν
2937 4494 3215 4565 ἀναλόγως
3233 4493 3313 4560 οἷς
3335 4495 3663 4568 ὲθησαύρισε

2088 4581 2272 4634 πίεται
2325 4581 2387 4634 τὸ
2431 4582 2533 4652 τῆς
2579 4583 2750 4655 ὀργῆς
2795 4583 3001 4655 Κυρίου
3048 4587 3306 4658 ποτήριον
3346 4586 3585 4660 ἀκράτου
3627 4591 3663 4662 ἢ

2085 4663 2518 4744 κεκερασμένης.
2547 4675 2756 4738 Πάντες
2780 4674 2890 4748 γὰρ
2915 4677 3232 4750 ἡμάρτομεν
3260 4678 3420 4733 πλέον
3450 4679 3482 4750 ἢ
3513 4678 3668 4736 ἔλατ-

2085 4779 2196 4844 τον.
2243 4763 2332 4828 Ὦς
2364 4762 2421 4816 δὲ
2467 4764 2683 4837 Ἰσραὴλ
2706 4765 2992 4839 ἐπώνυμος
3021 4770 3245 4842 γέγονεν
3269 4763 3314 4838 ᾧ
3345 4771 3663 4844 πεποίηκεν,

2086 4843 2313 4926 ἰσχύσας
2336 4854 2474 4926 πρὸς
2499 4856 2589 4910 τὸν
2636 4856 2770 4911 Θεὸν
2813 4859 2870 4912 ὲν
2904 4861 2970 4930 τῇ
3005 4859 3172 4932 πάλῃ,
3215 4859 3358 4914 οὕτω
3390 4843 3666 4926 τινέςεῑσι

2084 4943 2557 5030 περιϐεϐλημένοι,
2592 4950 2804 5019 ψεκτοὶ
2841 4953 3150 5024 Αἰλαμῖται·
3186 4951 3330 5007 οὕτω
3355 4955 3464 5027 7&9
3491 4955 3668 5027 ἑρμη-

2082 5042 2348 5119 νεύονται.
2382 5043 2826 5116 Παραϐάλλονται
2853 5045 2909 5098 δὲ
2929 5045 3024 5110 οὓς
3047 5045 3188 5101 κατὰ
3213 5046 3306 5100 τὸν
3351 5047 3664 5102 Ἀπόστολον

2081 5134 2426 5204 παρέδωκεν
2438 5137 2472 5190 ό
2497 5137 2641 5203 Θεὸς
2663 5139 2752 5203 εὶς
2769 5137 3060 5208 ἀδόκιμον
3073 5137 3246 5204 γοῦν,
3263 5141 3350 5206 είς
3365 5137 3523 5206 πάθη
3541 5139 3666 5193 ἀτι-

2074 5227 2239 5296 μίας,
2267 5227 2520 5298 άνέμοις·
2557 5227 2705 5298 δῆλοι
2729 5227 2786 5282 δὲ
2817 5229 2960 5294 τίνες
2975 5231 3026 5282 οἱ
3055 5229 3182 5300 περὶ
3198 5223 3274 5284 ὧν
3302 5227 3664 5298 summa.

2079 5321 2171 5386 λος
2208 5319 2378 5375 εἰπών
2397 5337 2410 5351 ·
2441 5323 2574 5377 Ἵνα
2597 5320 2811 5392 μηκέτι
2847 5316 3006 5392 ὦμεν
3029 5320 3520 5392 κλυδωνιζόμενοι
3559 5320 3656 5374 καὶ

2080 5415 2526 5485 περιφερόμενοι
2577 5412 2755 5468 παντὶ
2809 5414 3007 5483 ἀνέμῳ
3051 5413 3450 5478 διδασκαλίας
3482 5411 3554 5465 ἐν
3583 5409 3657 5479 τῇ

2081 5507 2294 5576 xwqu
2359 5505 2480 5561 τῶν
2543 5504 2910 5574 ἀνθρώπων,
2967 5507 3038 5560 ἐν
3087 5504 3166 5574 τῇ
3221 5503 3501 5574 μεθοδείᾳ
3550 5499 3660 5556 τοῦ

471 5608 518 5691 ξς
552 5605 706 5665 Rom.
737 5630 800 5691 vi
826 5617 877 5669 5.
899 5618 964 5691 _’_”
987 5615 1142 5691 _[_’s_al.
1180 5636 1349 5686 xxx“,
1386 5621 1472 5680 16.
1559 5621 1607 5656 ”
1633 5622 1836 5680 Jerem.
1865 5639 1998 5691 λιιι,

2099 5660 2114 5676 .
2190 5621 2234 5654 ⁵⁵
2263 5618 2377 5676 Jac.
2405 5635 2478 5684 tv,
2505 5619 2560 5676 6.
2613 5620 2662 5653 "
2685 5619 2828 5674 Psal.
2860 5634 2980 5684 xm,
3017 5619 3067 5675 1.
3144 5619 3187 5651 ⁵⁷
3218 5617 3368 5672 Psal.
3405 5627 3565 5681 mu,
3591 5611 3652 5674 το

399 5675 444 5708 ⁸⁸
477 5673 632 5732 ﬁunt.
668 5697 704 5748 ι,
734 5684 823 5738 28.
899 5685 944 5717 ⁵³
983 5673 1180 5754 Ephes.
1217 5673 1301 5754 ιν,
1326 5673 1410 5744 id:
