4218 6292
624 357 729 414 5133

1824 357 2166 429 summa
2207 360 2273 415 IN
2310 361 2675 422 JERliMIAM.

3771 382 3877 442 δυι

614 473 907 539 πλάνους.
941 471 1301 544 Περιφέρεται
1320 471 1379 526 δὲ
1400 472 1561 527 παντί⁸
1588 473 1776 546 ἀνέμῳ
1802 477 1831 529 6
1855 474 2188 547 παραϐεϐλη-

2310 483 2518 542 (trinae,
2548 484 2600 537 in
2633 481 2760 537 ludo
2787 483 3061 539 hominum
3099 495 3155 540 et.
3192 489 3478 560 disciplina
3503 494 3720 550 erroris.
3751 498 3875 552 Cir-

534 550 561 569 ,
618 568 777 639 μένος
804 566 912 618 εἴτε
949 563 1320 631 διδασκαλίας,
1372 564 1483 620 εἴτε
1516 565 1712 638 θυμοῦ,
1756 566 1867 624 εἴτε
1902 567 2194 639 ἐπιθυμίας

614 657 814 728 ἀνέμῳ.
850 656 1078 727 Ἀνεμοι
1103 655 1161 709 δὲ
1187 655 1447 726 τέσσαρες
1478 659 1685 726 γενικοὶ
1715 659 2080 731 ταράσσοντες
2095 658 2195 729 τὴν

607 747 894 821 ἀνθρώπου
916 748 1118 820 ψυχὴν,
1149 749 1434 821 ἐπιθυμία,
1476 751 1659 820 φόϐος,
1689 751 1874 825 ἡδονὴ,
1910 751 2079 825 λύπη,
2114 747 2196 817 οἷς

604 840 935 913 Αίλαιμίτης
985 843 1050 895 ὲκ
1090 840 1182 896 τοῦ
1223 840 1360 897 Θεοῦ
1400 842 1784 913 καταλειφθεὶς
1814 844 2191 914 παραδέδοται.

617 931 781 986 Ἀλλά
805 932 859 986 τί
883 933 944 986 τὸ
965 933 1119 1000 τόξον
1145 932 1347 1006 amp,
1374 936 1431 989 ὲν
1453 927 1497 1003 ᾧ
1519 936 1553 1007 ἡ
1572 934 1716 1007 ἀρχὴ
1736 936 1834 1007 τῆς
1852 936 2191 1002 δυναστείας,

601 1023 770 1089 αὐτὸς
811 1025 917 1096 ἔφη
951 1025 1203 1097 μελῳδῶν
1242 1026 1271 1078 6
1302 1026 1468 1081 Δαυῒδ
1487 1045 1503 1059 ·
1558 1027 1715 1082 Ἰδοὺ
1759 1031 1813 1082 οἱ
1859 1029 2193 1099 ἁμαρτωλοὶ

601 1116 914 1173 ἐνέτειναν
932 1118 1127 1185 τόξον,
1145 1119 1483 1190 ἡτοίμασαν
1499 1119 1658 1188 βέλη
1674 1123 1762 1188 εὶς
1777 1121 2077 1191 φαρέτραν
2088 1120 2194 1175 τοῦ

601 1210 1040 1275 κατατοξεῦσαι
1063 1210 1134 1265 ἐν
1162 1211 1512 1281 σκοτομήνῃ
1546 1210 1690 1277 τοὺς
1717 1210 1912 1278 εὐθεῖ(-
1948 1211 2023 1281 cii
2056 1229 2196 1280 καρ-

599 1299 724 1369 δίᾳ.
761 1302 871 1355 Καὶ
905 1300 1027 1374 μετ’
1051 1301 1229 1372 ὀλίγαο
1275 1301 1414 1356 Ἀλλ’
1437 1303 1467 1355 ὁ
1493 1302 1684 1375 Σωτὴρ
1703 1302 2047 1376 ἐπιδημήσας
2067 1306 2195 1368 τοὺς

604 1394 877 1468 τέσσαρας
892 1396 1128 1468 ἀνέμους
1147 1396 1241 1450 ἐπὶ
1263 1397 1391 1462 τοὺς
1410 1397 1712 1470 Ᾱίλαμίτας
1735 1399 1911 1470 ἐπῆγε
1937 1399 2195 1454 κυκλοῦν-

604 1501 705 1549 τας
741 1486 916 1557 ἡμᾶς,
952 1487 1040 1540 ἵνα
1069 1485 1296 1551 τούτους
1324 1487 1749 1561 διασκορπίσειε.
1802 1489 2191 1561 Παραδίδονται

603 1575 714 1648 γάρ
747 1576 1007 1649 δυνάμεις
1051 1576 1424 1649 ἀντικείμεναι
1450 1578 1746 1651 δυνάμεσιν
1784 1580 2003 1653 ἑτέραις
2038 1583 2178 1635 ἀντι-

603 1666 884 1738 κειμέναις
913 1669 995 1731 είς
1019 1667 1262 1732 κόλασιν,
1290 1658 1423 1734 ώςό
1443 1670 1644 1744 Φαραὼ
1677 1670 1756 1743 τῷ
1788 1672 2189 1744 Ναϐουχοδονό-

601 1774 731 1829 σορ·
783 1759 880 1812 καὶ
932 1759 1084 1830 ὄφεις
1127 1759 1235 1833 γὰρ
1269 1760 1508 1828 ίοϐόλους
1537 1766 1587 1818 εί
1629 1764 2035 1829 κατακλείσεις,
2069 1765 2193 1836 Mat

2301 570 2604 626 cumfertur
2630 588 2757 626 vero
2786 576 2934 628 omni
2967 584 3146 641 vento,
3180 578 3272 648 qui
3307 588 3402 635 aut
3430 592 3591 638 vento
3615 584 3878 640 doctrinm

2297 663 2531 718 traditus
2565 671 2668 727 est.
2701 672 2796 719 aut
2829 665 2942 730 irae,
2966 677 3059 721 aut
3085 669 3754 739 concupiscentiin..Venti
3778 692 3881 732 au-

2298 760 2404 806 tem
2445 760 2684 822 quatuor
2717 764 2846 810 sunt
2900 757 3181 828 praecipui,
3234 759 3329 830 qui
3367 761 3872 822 hominis-animam

2298 842 2546 903 turbant,
2584 846 3050 914 concupiscentia,
3086 849 3268 914 timor,
3304 850 3580 922 voluptas,
3631 856 3876 923 tristitia,

2297 934 2498 1003 quibus
2528 935 2821 994 derelictus
2850 956 2878 993 a
2908 939 3018 997 Deo
3047 940 3308 999 [Elamita
3337 945 3590 1002 traditur.
3625 947 3731 1003 Sed
3753 951 3885 1020 quis

2297 1026 2367 1081 sit
2397 1042 2558 1082 arcus
2595 1027 2798 1095 Ailam,
2832 1031 2886 1086 in
2925 1048 3036 1103 quo
3070 1050 3286 1090 summa
3314 1035 3674 1106 fortitudinis,
3706 1037 3878 1096 David

2297 1116 2543 1172 canendo
2593 1118 2670 1172 ait
2696 1118 2740 1151 ⁶⁰
2773 1137 2784 1172 :
2813 1118 2949 1175 Ecce
2979 1133 3276 1191 peccatores
3302 1124 3641 1179 intenderunt
3666 1143 3876 1192 arcam,

2293 1216 2614 1275 parauerunt
2657 1209 2883 1278 sagittas
2916 1210 2970 1263 in
2999 1209 3272 1280 pharetra,
3313 1220 3375 1265 ut
3412 1211 3665 1281 sagittent
3698 1213 3753 1267 in
3784 1229 3875 1267 oc-

2294 1299 2437 1352 culto
2464 1309 2632 1353 rectos
2661 1300 2836 1356 corde.
2877 1298 2949 1355 Et
2998 1311 3124 1370 post
3173 1317 3342 1372 pauca
3380 1321 3395 1357 :
3448 1301 3554 1358 Sed
3582 1303 3878 1360 adveniens

2295 1390 2545 1445 Salvator
2591 1400 2831 1462 quatuor
2859 1401 3049 1449 ventos
3092 1394 3146 1448 in
3195 1393 3483 1451 IElamitas
3516 1395 3744 1459 invexit,
3779 1396 3875 1466 qui

2293 1494 2395 1535 nos
2437 1481 2882 1548 circumdabant,
2925 1490 2984 1537 ut
3028 1497 3122 1538 eos
3155 1482 3512 1556 dispergeret.
3562 1482 3877 1540 Traduntur

2291 1571 2491 1643 quippe
2529 1571 2758 1627 virtutes
2806 1572 3071 1641 oppositae
3118 1573 3410 1629 virtutibus
3450 1574 3575 1629 aliis
3611 1574 3876 1645 oppositis

2291 1663 2358 1720 ad
2388 1663 2720 1733 puniendum
2755 1665 2896 1720 sicut
2922 1664 3136 1720 Pbarao
3162 1661 3710 1722 Nabuchodonosori.
3733 1664 3871 1721 Nam

2291 1763 2346 1809 ct
2377 1763 2655 1827 serpentes
2681 1771 2988 1812 venenosos
3012 1758 3057 1811 si
3089 1757 3358 1823 includas,
3383 1757 3595 1814 videbis
3621 1757 3871 1814 imbecil-

599 1850 731 1914 τοὺς
750 1850 1002 1917 ἀσθενεῖς
1028 1853 1134 1907 ὑπὸ
1164 1853 1274 1908 τῶν
1299 1854 1687 1929 δυνατωτέρων
1714 1857 2002 1929 ἀπδςλιμοῦ
2026 1877 2188 1912 κατε-

2294 1845 2458 1902 liorcs
2501 1862 2532 1901 ιι
2580 1845 2900 1902 fortioribus
2948 1861 3059 1920 pra:
3092 1846 3235 1903 fame
3265 1848 3505 1914 absumi,
3547 1850 3727 1906 donec
3751 1865 3873 1904 oui-.-

604 1940 940 2014 οθιομένους,
969 1945 1074 2008 ἕως
1104 1936 1164 1998 οὗ
1184 1947 1212 1999 6
1237 1946 1456 2001 πάντων
1482 1947 1855 2019 ἰσχυρότατος,
1879 1949 2188 2022 πληρωθεὶς

600 2033 711 2088 ὑπὸ
741 2034 850 2088 τῶν
880 2035 1056 2105 ὄφεων
1085 2036 1180 2102 οὓς
1213 2038 1526 2110 κατέδηδεν,
1547 2042 1581 2093 6
1610 2040 1944 2112 καλούμενος
1967 2041 2189 2112 γένηται

602 2126 939 2195 βασιλίσκος,
968 2126 1049 2181 ίδν
1078 2128 1217 2198 ἔχων
1245 2131 1310 2184 ἐκ
1333 2129 1502 2201 μόνης
1530 2128 1660 2196 θέας
1694 2132 2044 2204 καρποφόρον
2072 2132 2189 2186 δέν-

598 2214 730 2287 δρον
756 2214 1097 2287 ξηραίνοντα.
1134 2217 1318 2283 Οὕτως
1337 2220 1393 2274 al
1417 2222 1656 2292 ’πονηραὶ⁸
1686 2222 1948 2293 δυνάμεις
1977 2224 2068 2276 ὑπ’
2090 2222 2188 2276 ἀλ-

601 2306 782 2374 λήλων
826 2306 1169 2375 κολάζονται,
1229 2309 1390 2383 μέχρι
1446 2311 1783 2384 καταλειφθῇ
1825 2312 2131 2367 τελευταῖον
2163 2317 2192 2369 6

602 2396 798 2468 ἐχθρὸς
835 2399 1044 2469 Κυρίου
1086 2398 1335 2467 θάνατος,
1378 2401 1716 2472 βασιλίσκος,
1746 2404 1874 2473 περὶ
1896 2399 1957 2459 οὗ
1991 2421 2184 2475 φησιν·

611 2488 745 2542 Ἐπὶ
772 2490 1004 2544 ἀσπίδα
1051 2491 1151 2545 καὶ
1186 2493 1567 2557 ,ϐασιλίσκον
1611 2495 1896 2564 ἐπιϐήσῃ.
1966 2496 2024 2550 '0
2084 2496 2191 2569 γὰρ

602 2581 857 2653 Χριστὸς,
895 2582 1242 2656 ἰσχυρότερος
1270 2584 1347 2640 ὢν
1374 2587 1470 2641 τοῦ
1505 2587 1842 2659 βασιλίσκου,
1863 2588 2192 2661 ἐπιϐέϐηκεν

601 2672 772 2744 αὐτῷ,
795 2674 891 2728 καὶ
906 2675 1135 2731 δέδωκεν
1161 2679 1292 2750 ἡμῖν
1313 2677 1563 2743 ἐξουσίαν
1593 2682 1784 2735 πατεῖν
1806 2679 1992 2734 ἐπάνω
2014 2680 2191 2751 ὄφεων

601 2764 698 2819 καὶ
724 2767 1024 2838 σκορπίων.

681 2887 686 2892 ·
1258 2864 1418 2919 ΚΕΦ.
1452 2864 1535 2920 N’.

672 2947 762 3003 16.
825 2950 1377 3021 Ἑξολοθρεύσασθε
1417 2954 1657 3026 σπέρμα
1702 2956 1769 3011 ἐκ
1811 2957 2186 3025 Βαϐυλῶνος.

601 3035 760 3094 Ἔστι
792 3057 876 3105 τις
907 3042 1046 3116 ἀνὴρ
1087 3043 1443 3112 Βαϐυλώνιος,
1486 3047 1581 3101 καὶ
1608 3048 1797 3120 νήπιον
1813 3048 2152 3107 Βαϐυλώνιον
2173 3069 2187 3083 ’

598 3132 696 3188 καὶ⁹
715 3133 796 3187 δεῖ
811 3134 946 3206 πρὸς
962 3135 1168 3201 τούτοις
1182 3138 1562 3208 ἀγωνίζεσθαι,
1580 3140 1852 3193 τουτέστιν
1873 3141 1905 3213 ἤ
1931 3143 2066 3213 πρὸς
2093 3159 2190 3212 με-

597 3224 790 3296 γάλαῆ
817 3226 953 3298 πρὸς
972 3225 1068 3281 νῦν
1092 3229 1369 3301 ἀρχόμενα
1403 3230 1570 3302 πάθη.
1602 3229 1768 3303 Πλὴν,
1792 3230 2090 3299 Μακάριος
2118 3230 2187 3298 ὃς

597 3313 677 3368 ἂν
695 3315 1002 3384 κρατήσας
1043 3318 1306 3389 ἐδαρίσῃ
1347 3320 1498 3389 πρὸς
1526 3320 1641 3390 τὴν
1667 3322 1913 3389 πέτραν,
1933 3321 2026 3375 τὸν
2051 3323 2186 3395 Χρι-

599 3407 744 3473 στὸν,
775 3410 849 3464 τὰ
879 3410 1066 3476 νήπια
1099 3412 1459 3477 Βαϐυλῶνος,
1485 3414 1612 3484 πρὶν
1645 3416 1725 3478 εἰς
1758 3413 1958 3486 ἄνδρας
1992 3415 2186 3485 προέλ-

597 3498 784 3554 θωσιν.
830 3503 950 3555 Ἔτι
982 3502 1040 3557 δὲ
1075 3503 1491 3577 μακαριώτερον
1532 3502 1912 3577 ὲξολοθρεῦσαι
1944 3505 2189 3561 Βαϐυλώ-

598 3608 711 3646 νιον
751 3593 1005 3666 σπέρμα,
1048 3594 1304 3668 λογισμὸν
1335 3596 1576 3668 δηλονότι
1612 3595 1954 3667 συγχυτικόν.
2000 3598 2184 3649 Ἔνανο

595 3686 711 3741 ⁸ιίον
737 3688 794 3741 δὲ
830 3687 1005 3760 τούτῳ
1054 3689 1277 3761 σπέρμα
1317 3691 1446 3762 περὶ
1476 3684 1537 3744 οὗ
1569 3689 1816 3744 λέλεκται
1838 3706 1851 3719 ·
1885 3687 2187 3757 Μακάριος

598 3777 669 3845 ὃς
695 3780 821 3850 ἔχει
850 3777 1095 3848 σπέρμα
1118 3779 1188 3833 ἐν
1214 3778 1400 3834 Σιών’
1437 3779 1532 3834 καὶ
1552 3823 1566 3845 ,
1608 3777 1898 3846 Μακάριοι
1932 3782 1985 3832 οἱ
2011 3777 2184 3833 σπει-

591 3888 805 3940 ροντες
849 3871 950 3925 ἐπὶ
981 3869 1105 3929 πᾶν
1138 3870 1293 3940 ὕδωρ
1308 3911 1324 3936 ,
1358 3867 1431 3928 οὗ
1473 3872 1635 3938 ,βοῦς
1673 3869 1774 3924 καί
1811 3869 1951 3936 ὄνος
1991 3869 2182 3923 πατεῖ.

598 3963 675 4017 Οὐ
714 3961 873 4032 μόνον
905 3961 1074 4036 ἄνδρα
1104 3961 1227 4016 τινὰ
1249 4001 1264 4027 ,
1303 3962 1425 4015 οὐδὲ
1459 3962 1692 4025 παιδίον,
1741 3959 1877 4015 ἀλλὰ
1902 3961 1997 4014 καὶ
2027 3960 2185 4032 μόνον

598 4053 855 4125 σπέρμα·
903 4053 1124 4109 δύναται
1175 4053 1283 4126 γὰρ
1332 4056 1704 4125 καρποφορεῖν
1748 4051 2179 4126 γεωργούμενον.

598 4144 758 4200 Ποῖον
792 4146 849 4199 δὲ
889 4146 952 4199 τὸ
986 4144 1152 4218 ὕδωρ,
1180 4147 1267 4214 ἐφ’
1301 4144 1330 4198 ὃ
1355 4145 1598 4219 σπείρειν
1626 4144 1707 4198 δεῖ
1733 4144 1794 4197 τὸ
1822 4142 1986 4197 καλὸν
2016 4141 2186 4215 σπέρ-

601 4254 715 4308 pa;
749 4238 810 4291 τὺ
851 4239 950 4310 τῆς
986 4238 1407 4307 παλιγγενεσίας
1437 4236 1681 4308 λουτρόν.
1733 4235 1883 4289 Ἐκεῖ
1926 4231 2052 4304 βοῦς
2090 4235 2185 4286 καὶ

596 4329 719 4394 ὄνος
754 4333 947 4393 πατεῖ,
985 4329 1111 4401 βοῦς
1148 4331 1176 4383 6
1211 4328 1451 4402 καθαρὸς
1477 4327 1569 4382 καὶ
1608 4326 1982 4399 Ἰσραηλίτης,
2011 4324 2130 4388 ὄνος
2153 4324 2183 4378 6

597 4424 667 4476 ἐκ
710 4421 902 4491 γένους
956 4421 1265 4493 ἀκάθαρτός
1307 4438 1367 4475 τε
1407 4420 1500 4475 καὶ
1543 4418 1771 4482 ὲθνικός.
1829 4415 2079 4486 Σύμϐολα
2124 4413 2182 4467 δὲ

2291 1937 2442 1991 nium
2477 1937 2897 1992 robustissimus
2942 1938 3181 2007 repletus
3223 1940 3493 2011 anguibus
3530 1957 3669 2011 quos
3703 1941 3872 1997 devo-

2290 2029 2450 2091 ravit,
2488 2028 2581 2082 fiat
2608 2029 2701 2098 qui
2723 2037 2949 2083 vocatur
2974 2029 3286 2093 basiliseus,
3321 2034 3472 2087 virus
3495 2032 3701 2088 habens
3726 2034 3893 2104 quod.

2293 2118 2409 2174 solo
2437 2129 2658 2188 aspectu
2686 2118 3024 2176 fructuosam
3060 2123 3312 2176 arborem
3341 2123 3622 2178 arefaciat.
3649 2123 3726 2179 Ita
3750 2141 3888 2179 mam

2291 2210 2451 2282 ligna:
2481 2211 2712 2266 virtutes
2746 2228 2776 2266 a
2810 2227 2869 2267 se
2902 2213 3137 2267 invicem
3176 2215 3352 2283 pinnis
3384 2214 3696 2284 afﬂiguntur
3717 2255 3732 2279 ,
3774 2217 3872 2271 do-

2293 2318 2392 2358 nec
2430 2311 2766 2372 postremum
2803 2303 3145 2372 relinquatur
3177 2303 3430 2358 inimicus
3463 2302 3667 2359 Christi
3697 2320 3869 2367 mors.

2292 2395 2606 2460 basiliscus,
2656 2396 2724 2451 de
2768 2409 2878 2466 quo
2913 2395 2989 2449 ait
3014 2396 3057 2426 ⁶¹
3088 2414 3101 2448 :
3135 2393 3303 2465 Super
3332 2396 3568 2465 aspidem
3605 2406 3653 2449 et
3684 2396 3873 2450 basili-

2291 2503 2437 2541 scum
2464 2485 2783 2541 ambulabis.
2814 2485 3070 2542 Christus
3091 2487 3236 2541 enim
3263 2486 3383 2555 ipso
3406 2487 3663 2541 basilisco
3679 2485 3891 2545 fortior-

2293 2595 2457 2650 super
2485 2596 2609 2635 eum
2660 2562 2979 2645 ambulavit,
3028 2581 3294 2650 nobisque
3342 2581 3490 2636 dedit
3548 2589 3891 2651 potestatem.

2292 2672 2650 2728 conculcandi
2681 2681 2960 2742 serpentes
2987 2680 3041 2728 et
3070 2672 3405 2743 scorpiones.

2955 2849 3109 2906 CAP.
3152 2850 3220 2906 L.

2367 2944 2454 2999 lli.
2496 2943 2795 3014 Disperdile
2817 2960 2987 3001 semen
3015 2945 3080 2999 de
3110 2944 3401 3016 Babylbne.
3434 2944 3531 3002 Est
3556 2954 3610 3002 et
3634 2947 3716 3001 vir
3743 2948 3868 3018 quio-

2293 3036 2418 3091 dam
2457 3036 2810 3108 Babylonius,
2844 3045 2899 3091 et
2945 3037 3207 3107 parvulus
3262 3037 3612 3109 Babylonius,
3654 3046 3867 3094 etcum

2295 3127 2381 3183 his
2413 3127 2732 3183 certandum
2764 3135 2868 3193 est,
2905 3127 3008 3183 hoc
3042 3138 3146 3195 est,
3176 3127 3258 3182 vel
3282 3137 3468 3182 contra
3501 3128 3755 3200 grandes,
3785 3127 3872 3184 vel

2295 3235 2439 3273 nunc
2462 3227 2747 3273 nascentes
2767 3218 3074 3289 passiones.
3107 3218 3302 3273 Beatus
3327 3227 3528 3285 tamen,
3555 3220 3646 3289 qui
3678 3220 3869 3274 tenebit

2288 3321 2337 3364 et
2364 3310 2545 3363 allidet
2575 3309 2645 3363 ad
2678 3320 2883 3380 petram
2905 3310 2972 3377 “,
3008 3310 3061 3365 id
3086 3320 3172 3366 est
3199 3310 3366 3383 314
3404 3310 3706 3378 Christum,
3741 3326 3873 3381 par-

2289 3401 2433 3454 vulos
2462 3401 2809 3472 Babylonios,
2838 3410 3129 3472 antequam
3162 3404 3228 3456 ad
3262 3404 3471 3458 virilem
3502 3412 3715 3458 mtatem
3742 3418 3871 3471 per-

2291 3495 2528 3548 veniant.
2567 3492 2671 3548 Sed
2714 3494 2890 3563 magis
2939 3493 3105 3548 etiam
3157 3493 3378 3548 beatum
3426 3504 3509 3550 est
3555 3495 3871 3563 disperdere

2289 3600 2474 3638 semen
2513 3583 2894 3655 Babylonium,
2943 3583 2994 3638 id
3036 3591 3123 3637 est
3159 3584 3542 3652 cogitationem
3582 3583 3868 3665 turbulen-

2290 3690 2421 3731 tam.
2454 3676 2648 3730 Srmen
2673 3690 2800 3730 vero
2826 3675 2953 3730 huic
2971 3676 3281 3748 oppositum
3306 3684 3408 3740 est,
3436 3676 3502 3730 de
3528 3690 3638 3745 quo
3659 3675 3864 3730 dictum

2286 3777 2373 3823 est
2391 3767 2436 3799 ⁰³
2460 3786 2474 3822 :
2499 3766 2696 3821 Beatus
2718 3766 2809 3837 qui
2831 3766 2985 3823 habet
3008 3782 3182 3822 semen
3207 3765 3261 3819 in
3288 3763 3450 3831 Sion;
3473 3774 3528 3821 et
3555 3783 3568 3819 :
3599 3765 3754 3819 Beati
3775 3768 3887 3837 qui.

2286 3860 2547 3915 seminant
2584 3874 2747 3929 supen
2784 3874 2988 3912 omnem
3031 3874 3222 3928 aquam
3247 3898 3262 3922 ,
3314 3858 3404 3910 ubi
3457 3857 3546 3916 bos
3596 3868 3646 3911 et
3682 3858 3868 3915 asinus

2287 3951 2514 4005 calcant.
2546 3949 2663 4004 Non
2690 3950 2867 4006 solum
2891 3949 3072 4003 virum
3102 3949 3434 4019 quempiam,
3461 3959 3555 4007 aut
3577 3951 3875 4017 infantem,

2287 4041 2382 4097 sed
2418 4050 2473 4095 et
2508 4042 2686 4110 ipsum
2718 4054 2940 4104 semen;
2980 4046 3158 4107 potest
3187 4038 3331 4093 enim
3373 4039 3514 4095 ferre
3546 4040 3784 4097 fructum
3817 4043 3867 4098 si

2285 4130 2587 4187 excolatur.
2620 4126 2754 4195 Quae
2786 4141 2951 4197 porro
2983 4134 3068 4180 est
3098 4141 3239 4196 aqua
3270 4141 3435 4198 super
3475 4144 3638 4197 quam
3680 4144 3863 4183 semen

2286 4226 2492 4280 bonum
2524 4219 2905 4276 seminandum
2938 4218 3058 4273 est?
3091 4218 3371 4273 lavacrum
3413 4219 3861 4289 regenerationis.

2285 4316 2364 4373 lbi
2401 4317 2501 4372 bos
2534 4322 2590 4370 et
2635 4312 2826 4371 asinus
2873 4311 3107 4378 calcant,
3149 4310 3248 4366 bos
3280 4326 3452 4381 purus
3494 4321 3547 4366 et
3582 4310 3862 4376 Israelita;

2286 4407 2482 4465 asinus
2502 4405 2596 4477 qui
2628 4419 2828 4473 genere
2858 4404 3108 4475 impurus
3139 4410 3224 4459 est
3250 4410 3305 4457 et
3328 4402 3566 4474 gentilis.
3592 4401 3865 4458 Animalia

595 4488 774 4566 ταῦτα
796 4509 863 4564 τὰ
885 4509 997 4575 ζῶα
1010 4510 1101 4565 τοῦ
1119 4488 1622 4581 καταγγελλομένου
1643 4508 1801 4576 λόγου
1824 4508 1937 4570 τοῖς
1971 4507 2184 4578 Ἰσραηο

2290 4515 2417 4555 vero
2445 4499 2562 4554 haec
2594 4488 2847 4570 symbola’
2869 4503 3000 4551 sunt
3027 4495 3320 4560 sermonis,
3345 4493 3439 4564 qui
3466 4494 3866 4563 prmnuntiatus

598 4601 775 4668 λίταις
802 4604 898 4657 καὶ
927 4601 1020 4658 τοῦ
1044 4602 1462 4675 κεκηρυγμένου
1496 4604 1607 4665 τοῖς
1633 4598 1859 4653 ἔθνεσιν.

671 4695 759 4751 16.
799 4693 1143 4765 Κατέχεντιι
1177 4694 1477 4763 δρέπανον
1526 4694 1596 4747 ἐν
1635 4690 1818 4761 καιρῷ
1869 4690 2175 4759 θερισμοῦ.

598 4786 838 4856 Κατὲχει
872 4784 930 4839 δὲ
967 4784 1233 4855 δρέπανον
1277 4786 1306 4838 6
1341 4781 1680 4848 Βαϐυλώνιος
1705 4783 1806 4836 οὐκ
1838 4781 1930 4835 ἐπὶ
1960 4780 2038 4851 τῷ
2073 4780 2178 4835 σῶ-

601 4892 713 4941 σαι,
748 4874 861 4929 ἀλλ’
895 4876 988 4928 ἐπὶ
1016 4872 1092 4943 τῷ
1117 4875 1364 4944 ἐκτεμεῖν
1397 4874 1495 4944 τῆς
1518 4873 1621 4943 γῆς
1652 4872 1749 4943 τῆς
1782 4869 1943 4939 ἁγίας
1969 4869 2064 4925 καὶ
2088 4867 2178 4921 θε-

602 4969 750 5044 ρίσαι
791 4967 1119 5040 Ἐκκλησίας
1141 4983 1154 4999 ·
1204 4966 1294 5030 ὃν,
1338 4966 1467 5038 πρὶν
1495 4965 1655 5020 τοῦτο
1675 4963 1898 5027 παθεῖν,
1930 4961 2180 5033 ὀλοθρεύ-

600 5077 810 5133 σωμεν.
844 5061 971 5123 τοὺς
1011 5059 1119 5114 τῶν
1165 5056 1455 5127 αἰρετικῶν
1489 5055 1912 5125 ὲξαφανίσαντες
1948 5052 2137 5121 λόγους
2161 5069 2175 5082 -

599 5147 710 5217 οἷος
734 5148 803 5226 ἦν
845 5153 874 5208 6
913 5150 1126 5214 Παῦλος
1172 5149 1346 5218 λέγων
1365 5164 1378 5178 ·
1434 5148 1714 5217 Ἑτοίμως
1745 5145 1992 5214 ἔχοντες
2023 5143 2179 5198 ἐκδι-

600 5245 786 5315 κῆσαι
835 5243 1042 5299 πᾶσαν
1086 5239 1400 5309 παρακοήν
1420 5257 1434 5270 ’
1481 5241 1510 5293 6
1547 5238 1720 5308 λέγων
1739 5255 1752 5268 ο
1798 5235 1930 5292 Πᾶν
1963 5237 2181 5306 ὕψωμα

601 5337 995 5408 ἐπαιρόμενον
1040 5334 1191 5388 κατὰ
1232 5331 1343 5401 τῆς
1405 5331 1679 5402 γνώσεως
1734 5329 2175 5399 καθαιροῦντες.

602 5424 735 5485 Εἶτα
761 5430 1025 5502 μαρτυρεῖ
1042 5427 1120 5497 τῷ
1150 5424 1442 5496 Ἐλληνικῷ
1467 5423 1609 5494 λόγῳ
1627 5422 1874 5493 δύναμιν,
1901 5422 1977 5487 ὡς
2001 5423 2180 5479 πάντα

606 5518 674 5574 τὰ
700 5519 828 5589 ἑθνη
866 5517 1040 5588 τούτῳ
1072 5516 1422 5588 παραχωρεῖν
1446 5553 1460 5577 ,
1495 5512 1857 5584 ἀποδεικτικῷ
1891 5529 2008 5580 πως
2036 5509 2178 5570 εἶναι

608 5609 868 5663 δοκοῦντι.

2287 4591 2551 4649 israelitis
2585 4588 2910 4658 praedicatus
2935 4597 3020 4643 est
3050 4586 3324 4661 gentibus.

2359 4685 2446 4740 l6.
2492 4682 2784 4741 Tenentem.
2821 4680 3011 4752 falcem
3057 4680 3112 4737 in
3164 4687 3391 4747 tempore
3443 4679 3644 4732 messis.
3692 4677 3864 4733 Tenet

2289 4778 2479 4833 falcem
2533 4772 2866 4846 Babylonius
2918 4786 3026 4826 non
3074 4778 3134 4824 ut
3184 4767 3378 4834 salvet,
3428 4768 3521 4823 sed
3561 4779 3619 4824 ut
3661 4780 3862 4830 terram

2287 4877 2530 4923 sanctam
2564 4864 2822 4937 praecidat
2846 4870 2900 4917 et
2932 4867 3101 4915 metat
3128 4857 3449 4915 Ecelesiam.
3499 4858 3672 4924 Ilunc,
3711 4871 3866 4916 ante-

2287 4975 2451 5028 quam
2496 4960 2610 5013 hazc
2643 4957 2935 5027 patiamur,
2986 4953 3437 5018 exterminemus,
3483 4953 3891 5011 llait‘eticorunL.

2288 5050 2482 5106 deletis
2522 5048 2901 5113 sermonibus;
2956 5045 3134 5116 qualis
3180 5050 3298 5099 erat
3337 5043 3540 5099 Paulus
3566 5045 3752 5100 dicens
3773 5045 3860 5099 “z

2287 5142 2479 5198 Parati
2512 5142 2700 5194 ulcisci
2732 5154 2935 5194 omnem
2966 5136 3164 5190 malum
3200 5136 3465 5203 auditum,
3506 5152 3711 5189 onmem
3737 5137 3866 5190 alti-

2288 5235 2524 5288 tudinem
2564 5248 2683 5302 qua:
2725 5246 2836 5284 sese
2881 5228 3088 5283 extollit
3140 5230 3388 5284 adversus
3440 5229 3714 5281 scientiam
3765 5229 3862 5282 de—

2286 5335 2565 5380 struentes.
2608 5322 2815 5377 Deinde
2847 5329 3079 5379 testatur
3115 5321 3285 5376 robur
3313 5319 3493 5375 inesse
3523 5318 3711 5374 Graeco
3743 5333 3863 5375 ser-

2287 5416 2461 5479 moni,
2498 5416 2571 5470 ita
2620 5423 2680 5469 ut
2729 5423 2918 5485 gentes
2964 5429 3155 5472 omnes
3189 5415 3266 5470 illi
3293 5415 3508 5479 cedant,
3535 5417 3736 5484 quippe
3764 5409 3874 5486 qui,

2289 5509 2534 5565 videatur
2567 5522 2690 5562 esse
2723 5506 3128 5571 quodammodo
3165 5507 3648 5564 deinonstrativul.

683 5794 728 5825 “
754 5792 900 5849 Psal.
932 5807 985 5855 ι,
1016 5792 1068 5846 5.
1147 5790 1189 5823 ⁶⁴
1227 5788 1370 5846 Psal.
1403 5805 1491 5858 xc,
1525 5788 1608 5844 l5.
1685 5788 1732 5820 ⁶²
1763 5786 1902 5849 Psal.
1939 5815 2162 5872 ριχχγι,

2332 5788 2376 5822 ⁸⁸
2399 5785 2504 5843 lsa.
2544 5801 2716 5856 nan,
2744 5783 2837 5840 20.
2876 5786 2919 5820 ⁸⁵
2948 5782 2993 5841 ll
3021 5783 3148 5841 Cor.
3182 5801 3237 5852 χ,
3267 5784 3322 5852 6,
3344 5783 3398 5842 ὅ.
