4218 6292
592 288 699 348 697
1828 280 2140 340 SELECTA
2175 282 2177 335 ἶ

2278 283 2650 343 JEREMIAM.
3749 285 3884 343 598ἱ

592 409 824 482 ϐόμενος
870 410 900 463 6
938 407 1191 472 Σατανᾶς
1236 406 1344 461 ὑπὸ
1382 407 1510 472 τοὺς
1556 406 1724 471 πόδας
1774 424 1876 478 μου
1905 408 1963 462 ὲν
1999 406 2171 477 τάχει.

2278 403 2484 461 iuerint
2518 403 2573 461 hi
2607 403 2717 460 duo
2744 411 2800 459 et
2827 400 3155 470 intermedii,
3184 399 3436 459 restituet
3469 399 3634 459 lsrael
3659 402 3726 456 ad
3757 402 3856 457 ha-

598 502 766 557 Ὅταν
812 499 872 554 δὲ
908 498 1081 572 ἀνέλῃ
1126 500 1255 564 τοὺς
1296 497 1395 554 δύο
1419 497 1641 564 τούτους
1669 498 1915 563 καὶτοὺς
1950 497 2173 569 μεταξὺ,

594 591 1035 663 ἀποκαταστήσει
1055 591 1149 647 τὸν
1187 588 1405 662 Ἰσραὴλ
1433 591 1512 654 είς
1537 588 1634 661 τὴν
1662 589 1835 661 νομὴν
1868 588 2061 643 αὐτοῦ·
2086 589 2176 643 ὅτε

591 685 650 740 δὲ
675 685 971 756 νεμήσεται
1004 684 1064 737 ἐν
1094 682 1174 754 τῷ
1203 682 1510 755 Καρμήλῳ,
1537 682 1631 736 καὶ
1657 684 1723 753 τῇ
1758 682 1959 745 Βασὰν,
1991 681 2086 736 καὶ
2117 684 2174 735 ὲν

591 775 703 845 lipsi.
744 772 1008 846 Ἐφραῒμ,
1043 774 1139 828 καὶ
1163 775 1220 827 ὲν
1243 773 1471 829 Γαλαὰδ.
1503 772 1784 829 Τοσούτων
1805 774 1985 830 τόπων
2006 774 2175 830 ὄντων

586 865 687 937 τῆς
745 866 1010 931 Ἰουδαίας
1056 868 1151 921 καὶ
1202 866 1301 938 τῆς
1346 867 1452 937 γῆς
1493 867 1595 937 τῆς
1640 866 2170 940 κληρονομουμένης,

585 956 763 1011 ταῦτα
797 959 958 1029 μόνον
983 958 1254 1030 ὠνόμασε.

654 1048 751 1104 25.
789 1048 924 1116 Πῶς
943 1049 1213 1118 ἐκλάσθη
1247 1050 1345 1105 καί
1378 1050 1700 1119 συνετρίϐη
1740 1051 1780 1119 ἡ
1813 1050 2020 1121 σφῦρα
2064 1051 2176 1107 πά-

584 1153 712 1207 σης
756 1139 869 1209 τῆς
917 1139 1051 1209 τῆς.
1104 1138 1326 1213 Σφῦραν
1366 1141 1466 1213 τὴν
1516 1141 1812 1197 Βαϐυλῶνα
1856 1142 2011 1196 καλεί
2054 1145 2174 1207 ταῖς

592 1231 755 1295 ἰδίαις
787 1229 1122 1296 πλεονεξίαις
1158 1232 1289 1296 τοὺς
1319 1232 1413 1286 ἐπὶ
1458 1233 1564 1305 γῆς
1608 1233 2175 1305 κατατρίψασαν.”οτε

588 1323 647 1378 δὲ
680 1322 772 1378 τὸν
804 1322 946 1377 θεῖον
976 1321 1112 1377 νεὼν
1136 1324 1166 1376 ὁ
1197 1322 1446 1395 Σολομὼν
1484 1324 1906 1389 κατεσκεύασεν,
1932 1327 1990 1380 ὲν
2018 1325 2176 1380 ἐπαί-

589 1432 666 1485 νῳ
700 1413 808 1467 τῶν
852 1412 1148 1468 Βασιλειῶν
1186 1415 1220 1485 ἡ
1264 1414 1424 1487 τρίτη
1477 1416 1672 1486 φησιν,
1706 1417 1787 1471 ὅτι
1836 1416 2019 1488 σφῦρα
2079 1417 2172 1471 καὶ

591 1504 823 1569 πέλεκυς
850 1505 953 1559 οὐκ
982 1504 1226 1575 ἠκούσθη
1255 1505 1313 1560 ὲν
1341 1506 1418 1578 τῷ
1445 1506 1580 1577 οἴκῳ
1605 1507 1835 1580 Κυρίου.
1863 1507 2024 1573 Οἶκος
2054 1508 2110 1562 δὲ
2134 1511 2168 1581 ἡ

602 1593 897 1667 Ἐκκλησία
921 1594 1079 1664 Θεοῦ,
1105 1596 1164 1650 ἑν
1251 1595 1327 1668 μὴ
1354 1596 1437 1650 δεῖ
1456 1596 1749 1653 ἀκούεσθαι
1773 1597 2171 1671 σφῦραν,Ἔστι

586 1685 646 1740 δὲ
679 1685 864 1759 σφῦρα
899 1687 1083 1760 πάσης
1109 1689 1205 1760 τῆς
1233 1689 1338 1760 γῆς
1367 1691 1397 1743 6
1420 1688 1685 1756 διάϐολος,
1719 1691 1813 1745 καὶ
1839 1691 1987 1746 ἐστιν
2029 1693 2059 1745 6
2094 1694 2169 1765 μὴ

588 1779 891 1849 φροντίζων
922 1779 1114 1851 αὐτῆς,
1143 1781 1306 1837 οίονεί
1329 1799 1414 1847 τις
1442 1781 1541 1855 ὕλη
1574 1782 1882 1855 τυπτομένη
1910 1784 2043 1856 παρ’
2070 1760 2170 1839 ab;
2201 1760 2244 1815 Β

587 1868 691 1941 τῆς
721 1872 815 1926 καὶ
840 1871 913 1944 μὴ
942 1872 1244 1944 πάσχουσα.
1261 1873 1409 1928 Ἰδοὺ
1445 1874 1577 1946 γὰρ,
1608 1875 1793 1946 φησιν,
1817 1873 1973 1944 ἀνὴρ
1995 1875 2171 1945 ἐστη-

587 1958 709 2027 κὼς
731 1961 830 2015 ἐπὶ
861 1963 1101 2030 τείχους
1121 1963 1662 2033 ἀδαμαντίνου,καί
1687 1964 1758 2017 ἐν
1783 1962 1859 2033 τῇ
1885 1964 2037 2034 χειρί
2063 1968 2172 2020 αὐ-

587 2049 696 2104 τοῦ
729 2049 987 2119 ἀδάμας’
1024 2052 1174 2118 ὅστις
1211 2052 1427 2124 ἀδάμας
1466 2053 1557 2106 ὑπ’
1585 2054 1842 2125 οὐδεμιᾶς
1889 2056 2171 2128 συντρίϐε-

588 2154 680 2190 ται
714 2137 945 2209 σφύρας.
972 2138 1095 2195 Κᾶν
1125 2141 1404 2214 ἐφεστήκῃ
1428 2140 1560 2209 γοῦν
1586 2142 1615 2195 6
1654 2140 1898 2205 διάϐολος
1924 2145 1958 2214 ἡ
1987 2143 2171 2216 σφῦρα

589 2230 686 2286 καὶ
726 2229 1086 2302 ὑποκείμενος
1120 2229 1154 2305 ᾗ
1184 2231 1402 2304 δράκων
1428 2231 1618 2304 ῶσπερ
1659 2233 1852 2305 ἄκμων
1881 2235 2168 2306 ἀνήλατος,

587 2320 742 2374 οὐδὲν
772 2322 802 2374 6
830 2323 888 2375 ὲν
925 2323 992 2393 τῇ
1027 2323 1170 2395 χειρὶ
1196 2323 1400 2396 Κυρίου
1434 2323 1528 2377 καὶ
1560 2326 1665 2380 ὑπὸ
1690 2323 1790 2397 τὴν
1820 2325 2031 2397 σκέπην
2072 2328 2172 2381 αὐ-

588 2412 686 2466 τοῦ
728 2413 942 2485 ἀδάμας
975 2414 1239 2470 πείσεται.
1270 2417 1461 2487 Τεῖχος
1498 2416 1608 2490 γάρ
1635 2420 1665 2472 6
1692 2418 1847 2487 ἅγιος
1876 2418 2171 2489 ἀδαμάντι-

588 2520 678 2558 νον
709 2504 803 2558 καὶ
845 2506 904 2558 ὲν
948 2505 1092 2578 χειρὶ
1124 2507 1332 2578 Κυρίου
1366 2508 1545 2580 μένων
1586 2510 1823 2579 ἀπαθὴς,
1869 2509 1970 2564 κᾶν
2004 2510 2168 2582 μέσος

585 2593 766 2669 ληφθῇ
792 2596 892 2669 τῆς
931 2615 993 2652 τε
1049 2598 1262 2671 σφύρας
1311 2601 1407 2654 καὶ
1451 2601 1545 2656 τοῦ
1585 2601 2069 2673 δράκοντος.”οσον
2110 2603 2170 2657 δὲ

586 2687 872 2751 τύπτεται.
901 2688 1280 2762 λαμπρότερον
1302 2691 1465 2745 αὐτοῦ
1494 2691 1592 2764 τὴν
1619 2692 1822 2765 ἀρετὴν
1846 2694 2165 2750 ὑποδείκνυ-

590 2797 696 2836 σιν·
715 2780 866 2853 δγάρ
890 2781 1150 2848 διάϐολος,
1178 2777 1268 2838 οἷά
1305 2800 1390 2847 τις
1418 2782 1581 2839 λίθων
1614 2784 1826 2854 ἀγνοῶν
1865 2785 2048 2855 φύσιν,
2080 2787 2168 2841 διά

587 2870 798 2926 πολλῶν
846 2871 1130 2945 δοκιμάζει
1177 2874 1402 2947 πληγῶν
1438 2874 1530 2930 τὸν
1561 2869 1672 2931 οἷον
1695 2877 2000 2949 ἀδάμαντα,
2032 2878 2167 2934 Θεοῦ

590 2963 753 3036 μόνου
782 2964 967 3030 καλῶς
986 2964 1086 3031 τὴν
1113 2965 1318 3021 τούτων
1348 2966 1509 3037 φύσιν
1537 2967 1756 3032 εἰδότος.
1784 2970 1848 3026 Et
1877 2970 2061 3043 σφῦρα
2092 2971 2167 3046 μὴ

585 3052 645 3129 ᾗ,
678 3056 780 3111 οὐκ
813 3054 965 3111 ἔσται
996 3057 1230 3129 σάλπιγξ
1256 3058 1444 3130 ὲλατὴ,
1479 3059 1514 3131 ἢ
1563 3059 1703 3116 κατά
1755 3061 1847 3117 τὸν
1897 3062 2061 3134 νόμον
2098 3059 2168 3137 ἦν
2194 3081 2239 3142 ε

585 3150 928 3224 διεγείρουσα
954 3151 1048 3206 επὶ
1073 3152 1173 3217 τὰς
1201 3151 1395 3226 ἑορτὰς
1428 3152 1523 3208 τοῦ
1546 3152 1683 3208 Θεοῦ
1721 3153 1753 3226 ἢ
1798 3153 2172 3229 παροξύνουσα

585 3244 670 3307 εἰς
704 3242 936 3311 πόλεμον
980 3246 1108 3310 τοὺς
1157 3245 1478 3310 ἀκούοντας.
1512 3246 1762 3302 Τοιοῦτον
1811 3248 2034 3320 εποίησε
2082 3249 2173 3304 τδν

584 3334 802 3390 Παῦλον
818 3334 909 3390 διά
932 3336 1253 3408 πειρασμῶν
1285 3338 1603 3410 ποικίλωνζή
1637 3338 1837 3412 σφῦρα,
1876 3341 2041 3414 μηδὲν
2072 3341 2171 3412 μὲν

589 3424 651 3493 ἐξ
677 3425 848 3497 αὐτῆς
877 3425 1138 3492 παθόντα,
1168 3427 1377 3499 μεγάλῃ
1398 3427 1457 3481 δὲ
1488 3430 1639 3500 φωνῇ
1676 3428 1814 3500 πρὸς
1849 3429 1950 3500 τῆς
1973 3428 2173 3494 κακίας

584 3516 923 3589 διεγείροντα
964 3517 1220 3589 πόλεμον.
1251 3517 1572 3591 Ἐργάζεται
1624 3519 1725 3590 μὲν
1766 3521 1800 3590 ἡ
1849 3519 2033 3592 σφῦρα
2079 3520 2171 3574 τὸν

588 3610 914 3684 πειρασμὸν,
948 3611 1212 3684 ὑπηρετεῖ
1257 3611 1314 3665 δὲ
1352 3613 1419 3683 τῇ
1468 3610 1649 3683 σφύρᾳ
1677 3611 1708 3663 6
1739 3610 1848 3664 ἀπὸ
1890 3609 1988 3665 τοῦ
2029 3611 2171 3666 Κάῖν

590 3702 953 3774 σφυροκόπος,
980 3704 1009 3756 6
1041 3701 1276 3773 χαλκεὺς
1306 3699 1504 3772 χαλκοῦ
1537 3701 1634 3755 καὶ
1659 3700 1897 3772 σιδήρου.
1922 3699 2173 3764 Τοιοῦτος

586 3796 617 3846 6
644 3793 738 3848 ἐπὶ
765 3792 860 3847 τοῦ
889 3792 1142 3866 Σωτῆρος
1178 3792 1401 3856 Ἰούδας,
1430 3791 1527 3846 καὶ
1560 3792 1633 3857 οί,
1662 3791 1952 3860 Σταύρου,
1986 3792 2172 3846 σταύ-

583 3902 700 3953 ρου
738 3883 942 3950 αὐτὸν,
977 3882 1329 3956 κεκραγότες,
1378 3880 1469 3936 διὰ
1502 3880 1612 3935 τῶν
1663 3880 1922 3935 τοιούτων
1968 3881 2174 3953 ὑπηρε-

586 3972 826 4028 τούντων
850 3976 916 4047 τῇ
945 3972 1149 4046 σφύρῃ.

659 4065 749 4122 25.
812 4066 922 4121 Kal
979 4066 1269 4135 ἐξήνεγκε
1335 4063 1410 4117 τὰ
1468 4064 1661 4133 σκεύη
1717 4061 1900 4132 ὁρτῆς
1962 4061 2168 4117 αὐτοῦ.

588 4157 769 4229 Σκεύη
793 4158 965 4228 ὀργῆς
993 4158 1089 4212 καὶ
1116 4159 1145 4212 6
1172 4154 1492 4221 Ἀπόστολος
1523 4151 1631 4210 οἶδε
1656 4154 2065 4226 κατηρτισμένα
2092 4154 2174 4218 είς

592 4247 888 4316 ἀπώλειαν,
920 4249 1008 4304 ἴνα
1045 4247 1287 4321 γνωρίσῃ
1315 4247 1407 4301 τὸν
1435 4245 1666 4301 πλοῦτον
1691 4245 1793 4316 τῆς
1823 4244 1980 4316 δόξης
2007 4243 2173 4299 αὑτοῦ

590 4340 682 4392 iul
728 4339 896 4410 σκεύη
944 4340 1124 4404 ἐλέους
1143 4357 1158 4371 ·
1204 4338 1412 4402 πάντας
1455 4337 1565 4410 γάρ
1607 4337 1928 4411 ἀνθρώπους
1970 4335 2051 4400 είς
2080 4335 2174 4390 δύο

2276 497 2576 553 bilaeulum
2606 511 2791 559 suum,
2826 494 3048 566 quando
3077 502 3129 549 et
3154 503 3409 565 pascctur
3436 494 3491 550 in
3518 493 3768 550 Carmclo
3801 504 3857 549 et

2276 586 2454 644 Basan
2476 629 2492 652 ,
2530 596 2586 642 et
2635 587 2689 642 in
2723 595 2910 642 monte
2942 585 3203 657 Ephraim
3228 626 3244 652 ,
3272 595 3326 642 et
3352 588 3408 642 in
3435 587 3657 642 Galaad.
3712 586 3850 642 Cum

2279 687 2358 735 tot
2388 678 2510 734 loca
2536 676 2737 734 Iudaeae
2780 678 2898 734 sint'
2939 686 3204 746 terraeque
3246 678 3302 733 in
3352 678 3716 734 haereditatcm
3758 694 3852 733 ac-

2274 777 2468 839 ceptae,
2495 768 2611 825 haec
2635 769 2751 824 sola
2788 768 3109 825 nominavit.

2344 1040 2439 1096 23.
2477 1039 2750 1106 Quomodo
2776 1039 2984 1111 fractus
3013 1040 3350 1092 et'eontritus
3376 1047 3455 1093 est
3484 1037 3705 1092 malleus
3731 1038 3855 1091 uni-

2275 1145 2439 1185 versae
2471 1132 2665 1187 terrae?
2699 1130 2956 1186 Mailcum
2991 1135 3148 1185 vocat
3188 1128 3517 1201 Babylonem
3538 1167 3554 1194 ,
3584 1144 3705 1200 qua:
3736 1130 3851 1186 suis

2275 1221 2668 1293 rapacitatibus
2715 1223 2979 1279 mort-ales
3021 1224 3374 1279 contriverat.
3409 1223 3546 1277 Cum
3593 1239 3724 1280 vero
3760 1239 3852 1280 sa-

2274 1329 2428 1370 crum
2464 1315 2725 1384 templum
2758 1323 3067 1371 exstrueret
3099 1313 3381 1381 Salomon,
3412 1315 3605 1371 tertius
3638 1315 3848 1383 Regum

2272 1405 2409 1460 liber
2461 1404 2517 1460 in
2562 1404 2726 1461 laude
2771 1406 2958 1476 ponit,
3003 1406 3150 1476 quod
3184 1406 3505 1462 malleus-et
3538 1406 3747 1463 securis
3794 1407 3847 1461 in

2271 1495 2436 1551 domo
2477 1494 2572 1551 Dei
2614 1495 2799 1551 audita
2842 1512 2951 1552 non
2991 1504 3137 1551 sunt.
3187 1495 3392 1553 Domus
3436 1511 3579 1553 vero.
3608 1496 3850 1555 Ecclesia

2274 1587 2367 1644 Dei
2394 1598 2511 1657 est,
2542 1589 2596 1643 in
2623 1604 2730 1661 qua
2759 1589 3016 1644 malleum
3053 1589 3227 1645 audiri
3257 1605 3369 1645 non
3400 1592 3574 1648 decet.
3619 1589 3860 1649 Malleus

2270 1690 2452 1738 autem
2484 1682 2752 1737 universae
2777 1691 2936 1737 terra;
2969 1681 3223 1737 diabolus
3256 1691 3361 1748 est,
3388 1691 3444 1738 et
3465 1683 3860 1753 estquiillum

2271 1774 2662 1844 parvipendat,
2712 1773 2872 1842 quasi
2913 1773 3139 1828 materia
3182 1774 3446 1844 quaedam.
3482 1773 3552 1829 ab
3598 1775 3695 1830 illo
3726 1790 3861 1845 per-

2271 1880 2434 1922 cussa
2454 1906 2470 1932 ,
2501 1864 2597 1920 sed
2631 1864 2767 1918 nihil
2794 1865 3027 1934 patiens.
3063 1862 3198 1918 Ecce
3233 1866 3373 1919 enim
3394 1906 3409 1932 ,
3437 1865 3550 1932 ait,
3586 1866 3670 1920 uir
3697 1876 3861 1922 stans.

2271 1972 2426 2027 super
2454 1972 2603 2010 muro
2625 1955 3006 2020 adamantina,
3047 1964 3098 2009 ct
3134 1956 3193 2010 in
3234 1972 3397 2009 mm
3440 1957 3555 2027 ejus
3587 1958 3855 2021 adamas;

2270 2048 2364 2118 qui
2396 2047 2620 2101 adamas
2650 2046 2802 2102 nullo
2831 2046 3138 2101 conteritur
3161 2047 3376 2102 malleo.
3409 2049 3577 2118 Igitur
3596 2050 3858 2118 quamvis

2272 2136 2437 2190 instet
2486 2134 2768 2197 diabolus,
2803 2134 2969 2206 316
3000 2134 3095 2204 qui
3146 2135 3377 2192 malleus
3420 2144 3534 2203 est,
3567 2138 3850 2208 subjaceat

2270 2227 2438 2283 draco
2460 2226 2627 2282 veluti
2666 2227 2822 2282 incus
2850 2225 3140 2291 indomita,
3171 2227 3305 2281 nihil
3334 2228 3429 2299 qui
3453 2228 3515 2282 in
3540 2244 3703 2284 manu
3740 2228 3850 2284 Do-

2272 2317 2407 2374 mini
2446 2325 2533 2373 est
2575 2325 2630 2372 et
2664 2317 2717 2371 in
2761 2318 3103 2386 protectione
3131 2317 3287 2387 ejus,
3331 2318 3566 2388 patietur
3597 2320 3858 2375 adamas.~

2271 2408 2460 2464 Murus
2484 2409 2688 2479 quippe
2713 2408 3100 2463 admuantinus
3127 2420 3353 2464 sanctus
3377 2418 3482 2477 est,
3517 2418 3571 2464 et
3597 2409 3652 2464 in
3681 2425 3855 2464 manu.

2271 2498 2488 2554 Domini
2515 2507 2668 2554 stans
2701 2498 2771 2553 ab
2797 2497 2946 2553 omni
2976 2497 3231 2567 passione
3255 2498 3392 2553 liber
3424 2507 3530 2564 est,
3574 2498 3707 2554 licet.
3729 2513 3847 2553 me-

2269 2591 2397 2647 dius
2425 2590 2498 2646 sit
2523 2590 2663 2645 inter
2691 2589 2947 2644 malleum
2986 2601 3042 2644 et
3066 2588 3382 2645 draconem.
3439 2589 3543 2646 Sed
3573 2605 3686 2660 quo
3722 2590 3860 2660 plus

2271 2682 2597 2753 percutitur,
2656 2696 2724 2737 eo
2772 2682 3061 2737 clariorem
3107 2681 3350 2737 ostendit
3393 2682 3514 2753 ejus
3563 2682 3856 2738 virtutem-

2270 2772 2406 2829 Nam
2438 2772 2694 2828 diabolus
2718 2812 2734 2838 ,
2780 2779 2840 2826 ut
2884 2772 2983 2842 qui
3014 2770 3257 2842 lapidum
3298 2771 3514 2842 ignorat
3554 2781 3861 2837 naturam”

2270 2865 2458 2921 multis
2483 2863 2683 2920 ictibus
2715 2863 2911 2934 prohat
2933 2863 3084 2918 illum
3105 2903 3122 2931 ,
3167 2863 3263 2934 qui
3291 2863 3455 2919 veluti
3482 2861 3709 2918 adamas
3736 2870 3860 2919 est..

2270 2956 2418 3013 Deus
2446 2956 2649 3027 quippe
2675 2955 2828 3013 solus
2858 2956 3078 3012 illorum
3122 2967 3373 3011 naturam
3405 2956 3578 3011 novit.
3623 2953 3740 3011 Nisi
3772 2957 3846 3011 sit

2272 3048 2526 3114 malleus,
2552 3061 2661 3103 non
2688 3048 2781 3103 lict
2808 3047 2940 3103 tuba
2974 3046 3195 3103 ductilis
3215 3087 3231 3114 ,
3282 3062 3405 3117 quae
3436 3047 3740 3104 secundum
3769 3046 3848 3101 le-

2274 3154 2395 3211 gem
2414 3138 2752 3194 convocabat
2771 3137 2841 3193 ad
2859 3137 2989 3194 dies
3000 3136 3170 3194 festos
3190 3135 3425 3204 Domini,
3443 3145 3497 3192 et
3515 3136 3581 3192 ad
3605 3151 3846 3208 pugnam

2274 3229 2560 3286 audientes
2599 3229 2892 3285 excitabat.
2934 3228 3123 3283 Talem
3167 3226 3297 3283 fecit
3331 3227 3561 3283 malleus
3612 3227 3855 3282 Paulum.

2273 3335 2372 3391 per
2400 3319 2583 3375 varias
2619 3317 2972 3381 tentationes,
2996 3316 3132 3372 nihil
3155 3317 3373 3386 quidem
3402 3317 3474 3372 ab
3499 3329 3568 3373 eo
3594 3330 3857 3387 passum,

2272 3412 2367 3468 sed
2400 3426 2597 3482 magna
2626 3425 2757 3465 voce
2788 3409 3116 3463 excitantem
3164 3409 3233 3463 ad
3279 3422 3515 3478 pugnam
3540 3415 3732 3463 contra
3757 3406 3855 3461 vi-

2272 3502 2370 3557 tia.
2422 3499 2599 3556 Efﬁcit
2631 3502 2814 3568 itaque
2842 3498 3070 3553 malleus
3102 3498 3453 3552 lentationem
3473 3536 3488 3563 ,
3517 3496 3714 3551 malleo
3744 3511 3849 3550 au-

2274 3600 2384 3647 tem
2415 3590 2654 3647 deservit
2693 3589 3011 3660 progenitus
3058 3602 3090 3643 e
3128 3589 3301 3643 Gaino
3345 3586 3650 3654 malleator,
3693 3585 3845 3642 faber

2273 3683 2400 3739 teris
2430 3692 2485 3739 et
2517 3682 2666 3738 ferri.
2712 3681 2864 3737 Talis
2912 3680 3017 3736 l‘uit
3058 3679 3355 3735 Salvatoris
3380 3687 3621 3748 tempore
3650 3676 3840 3737 ludas.

2272 3775 2477 3846 quique
2516 3773 2791 3844 cruciﬁge,
2849 3772 3098 3842 cruciﬁge
3141 3772 3449 3825 clamarunt
3467 3769 3511 3800 ”
3563 3785 3660 3839 per
3708 3768 3851 3826 tales

2273 3862 2453 3918 mallei
2482 3863 2793 3918 ministros.

2340 4046 2435 4101 25.
2475 4044 2545 4099 Et
2590 4040 2810 4113 protulit
2860 4056 2987 4095 uasa
3032 4039 3131 4095 ira
3174 4054 3304 4094 ινα.
3346 4038 3488 4095 Vasa
3540 4041 3636 4095 irae
3680 4039 3846 4094 etiam

2273 4138 2572 4209 Apostolus
2601 4135 2754 4191 novit
2776 4134 2832 4189 in
2857 4131 3218 4204 perditionem
3259 4130 3422 4198 facta,
3450 4139 3510 4186 nt
3535 4129 3847 4186 manifestet

2272 4228 2494 4283 divitias
2530 4224 2717 4297 gloriae
2761 4239 2876 4280 sum
2920 4223 2975 4278 in
3016 4237 3149 4278 vasa
3181 4221 3590 4278 misericordiae.
3644 4222 3846 4279 Omnes

2272 4319 2417 4374 enim
2446 4317 2698 4374 homines
2726 4318 2780 4372 in
2812 4317 2930 4373 haec
2958 4314 3068 4371 duo
3098 4314 3282 4370 divisit
3308 4329 3463 4381 vasa,
3494 4315 3608 4370 haec
3627 4314 3844 4385 quidem

589 4430 762 4485 ταῦτα
794 4404 954 4486 διείλε
984 4432 1172 4504 σκεύη,
1200 4430 1268 4485 τὰ
1307 4431 1406 4502 μὲν
1439 4404 1629 4503 ὀργῆς,
1673 4404 1742 4486 τά
1772 4429 1831 4488 δὲ
1854 4429 2067 4492 ἐλέους·
2101 4427 2172 4484 τὰ

2278 4410 2373 4465 irae
2391 4451 2408 4476 ,
2438 4409 2529 4464 illa
2572 4423 2702 4464 vero
2744 4407 3166 4475 misericordia,
3197 4406 3315 4463 hac
3344 4405 3525 4478 qualis
3550 4404 3764 4462 Pharao
3792 4415 3849 4462 et

594 4523 693 4592 μὲν
725 4517 837 4588 οἷος
858 4526 889 4578 6
913 4522 1111 4596 Φαραὼ
1138 4523 1232 4578 καὶ
1258 4524 1311 4577 oi.
1336 4522 1644 4593 Αἰγύπτιοι,
1670 4521 1741 4576 τά
1766 4521 1824 4575 δὲ
1842 4515 1954 4585 οἷος
1975 4521 2005 4574 6
2028 4521 2175 4575 Παῦ-

591 4613 681 4680 λος
706 4615 802 4669 καὶ
827 4616 877 4668 0i
913 4614 1320 4678 πιστεύσαντες.
1340 4613 1498 4667 Ἀλλά
1546 4614 1631 4678 τίς
1674 4612 1704 4665 6
1751 4608 2028 4685 θησαυρὸς
2057 4615 2173 4667 Κυ-

596 4708 734 4779 ρίου,
768 4707 827 4760 ὲν
859 4698 904 4774 ᾧ
930 4706 999 4760 τά
1030 4704 1198 4776 σκεύη
1225 4705 1327 4776 τῆς
1359 4703 1564 4776 δργῆς;
1596 4703 1756 4767 Ἴσως
1785 4705 1818 4774 ἡ
1854 4702 2171 4774 Ἐκκλησία,

590 4796 650 4849 ὲν
730 4793 962 4851 τοιοῦτοι
990 4793 1247 4858 πολλάκις
1271 4792 1806 4848 λανθάνουσιν.Ἐστι
1825 4791 1883 4845 δὲ
1904 4793 1934 4846 6
1957 4792 2169 4864 καιρὸς,

590 4887 681 4942 δτε
737 4884 943 4954 ἀνοίγει
989 4882 1089 4955 τὴν
1132 4880 1477 4951 Ἐκκλησίαν·
1526 4879 1623 4934 νῦν
1677 4881 1788 4953 γὰρ
1836 4880 2169 4947 κέκλεισται,

595 4978 691 5032 καὶ
713 4976 784 5031 τὰ
813 4975 983 5044 σκεύη
1015 4974 1115 5045 τῆς
1145 4972 1316 5045 ὀργῆς
1340 4970 1477 5043 μετά
1503 4970 1613 5027 τῶν
1633 4970 1844 5025 σκευῶν
1870 4971 1964 5026 τοῦ
1989 4972 2172 5037 ἐλέους

592 5068 838 5140 νέμεται,
874 5065 970 5121 καὶ
1008 5064 1078 5120 τά
1122 5064 1303 5135 ἄχυρα
1338 5061 1477 5133 μετὰ
1522 5060 1617 5115 τοῦ
1666 5059 1813 5115 σίτου
1855 5062 1963 5116 εἰσὶ
1996 5062 2090 5117 καὶ
2112 5063 2172 5115 ἐν

597 5161 698 5232 μιᾷ
726 5160 940 5233 σαγήνῃ
967 5157 1099 5213 οἵτε
1122 5153 1442 5226 ἀπόϐλητοι,
1475 5153 1571 5206 καὶ⁸
1605 5154 1656 5206 0i
1689 5151 1936 5206 ἐκλεκτοὶ
1969 5152 2170 5224 ἰχθύες.

607 5249 838 5322 ’Δνοίγει
873 5249 930 5303 δὲ
960 5249 1053 5303 τὸν
1089 5245 1362 5320 θησαυρὸν
1393 5242 1559 5300 αὐτοῦ
1599 5245 1630 5298 6
1660 5242 1865 5315 Κύριος
1905 5243 2045 5298 κατὰ
2081 5245 2172 5299 τὸν

594 5341 786 5414 καιρὸν
813 5341 915 5413 τῆς
937 5340 1192 5412 κρίσεως,
1220 5338 1332 5401 ὅτε,
1360 5334 1474 5391 τῶν
1527 5333 1739 5389 σκευῶν
1761 5334 1861 5404 τῆς
1889 5335 2056 5406 ὀργῆς
2080 5338 2175 5391 ὲκ-

594 5432 964 5504 δαλλομένων,
994 5434 1024 5486 6
1047 5431 1232 5494 ἐλέους
1258 5429 1451 5493 σκεῦος
1482 5428 1742 5499 ὑπάρχων
1770 5424 1911 5480 εἴποι
1940 5426 2004 5482 ἀν
2030 5430 2173 5486 είκό-

594 5540 702 5587 τως
723 5542 736 5556 ·
783 5524 1070 5594 Ἐξῆλθον
1099 5523 1202 5593 ἀφ’
1235 5518 1511 5593 ήμῶν-ὀὐ
1536 5520 1647 5590 γὰρ
1678 5515 1839 5590 ἦσαν
1874 5519 1943 5585 ἐξ
1979 5523 2166 5595 ἡμῶν.

678 5683 721 5714 "
750 5681 880 5739 Luc.
910 5697 1045 5738 χχιιι
1068 5722 1083 5749 ,
1115 5681 1179 5736 21
1211 5697 1225 5747 ;
1255 5678 1411 5739 Joan.
1441 5696 1531 5736 xix
1553 5721 1569 5747 ,
1603 5678 1655 5732 6.
1733 5679 1776 5709 '°
1800 5677 1819 5732 l
1844 5676 1996 5739 Joan.
2030 5704 2088 5765 ιι,
2123 5692 2206 5751 19.
2235 5745 2242 5751 ,

2273 4500 2551 4573 Egyptii;
2580 4499 2670 4554 illa
2701 4499 2880 4569 qualis
2926 4497 3130 4556 Paulus
3156 4510 3214 4555 et
3242 4498 3337 4568 qui
3374 4496 3536 4552 ﬁdem
3585 4509 3844 4566 suscepe-

2271 4605 2420 4653 runt.
2472 4593 2579 4650 Sed
2607 4594 2863 4664 quisnam
2892 4601 2978 4648 est
3007 4591 3223 4648 Domini
3270 4592 3595 4657 thesaurus,
3633 4588 3689 4644 in
3735 4605 3848 4660 quo

2270 4702 2400 4743 vasa
2428 4686 2523 4742 irae
2554 4685 2721 4742 sunt?
2744 4684 2977 4739 fortasse
3000 4681 3242 4738 Ecclesia
3271 4681 3327 4736 in
3350 4696 3457 4752 qua
3486 4696 3631 4751 saepe
3650 4681 3847 4751 hujus-

2275 4776 2422 4833 tnodi
2459 4777 2648 4832 latent.
2698 4773 2795 4831 Est
2823 4787 2951 4828 vero
2986 4780 3228 4842 tempus,
3272 4787 3398 4827 cum
3443 4772 3617 4842 aperit
3657 4770 3848 4827 Eccle-

2277 4867 2455 4934 siam;
2481 4882 2628 4921 nunc
2643 4864 2789 4920 enim
2818 4863 3007 4917 clausa
3025 4870 3128 4928 est,
3153 4875 3392 4932 vasaque
3424 4862 3520 4918 ira;
3544 4877 3671 4918 cum
3703 4863 3849 4916 vasis

2276 4957 2671 5015 misericordia
2718 4962 3039 5025 pascuntur,
3070 4953 3343 5024 palemque
3371 4968 3480 5009 una
3509 4968 3634 5009 cum
3675 4967 3845 5023 grano

2281 5059 2412 5107 sunt
2457 5058 2514 5106 et
2551 5050 2608 5104 in
2654 5062 2763 5104 una
2808 5060 3009 5116 sagena
3056 5044 3312 5115 rejecticii
3342 5045 3608 5114 eiectique
3645 5044 3842 5114 pisces.

2283 5145 2476 5216 Aperit
2506 5158 2635 5198 vero
2660 5140 2978 5195 thesaurum
3006 5152 3167 5192 suum
3204 5136 3470 5192 Dominus
3497 5146 3739 5204 tempore
3759 5133 3852 5202 ju—

2280 5235 2432 5302 dicii,
2463 5231 2704 5304 quando,
2734 5230 2882 5285 vasis
2908 5231 3004 5284 irae
3035 5228 3314 5299 proiectis,
3344 5227 3438 5297 qui
3461 5225 3851 5283 misericordia:

2279 5341 2378 5381 vas
2403 5333 2521 5390 est,
2564 5329 2930 5393 congruenter
2957 5320 3211 5375 dixerit“
3237 5338 3251 5374 :
3282 5319 3541 5374 Exierunt
3580 5334 3615 5372 α
3657 5315 3807 5370 nobis
3828 5353 3848 5383 ,

2282 5436 2385 5473 non
2423 5418 2561 5472 enim
2594 5424 2745 5470 erant
2777 5430 2843 5468 ea:
2880 5414 3046 5468 nobis.
3083 5412 3186 5478 Qui
3225 5427 3355 5467 vero
3393 5418 3545 5467 extra
3589 5407 3683 5463 Dei
3731 5408 3850 5465 the-

2288 5525 2512 5571 saurum
2547 5507 2906 5578 delinquunt,
2951 5521 3081 5561 vasa
3129 5507 3222 5559 ira:
3271 5514 3431 5570 sunt,
3473 5503 3565 5559 sed
3616 5501 3857 5557 minora.
