4218 6292
374 392 383 397 ί
485 372 587 429 599

1881 374 1973 431 EX
2031 373 2333 431 ORIGENE

3620 372 3727 428 600

482 482 694 539 Etenim
730 485 871 542 servi
905 493 1031 541 sunt
1069 485 1397 541 voluntatem
1428 486 1644 544 Domini
1672 488 1768 546 sui“
1796 490 2049 547 nescieno
2077 492 2125 551 Δ

2077 492 2125 551 Α
2152 485 2233 541 Τὰ
2276 487 2335 540 δὲ
2376 485 2480 552 ἔξω
2510 486 2605 540 τοῦ
2642 486 2917 560 θησαυροῦ
2953 485 3334 559 ἁμαρτάνοντα
3361 485 3530 558 σκεύη
3558 485 3725 558 ὀργῆς

484 583 598 640 tes,
632 585 687 631 et
713 593 819 631 non
847 575 1106 633 facientes
1146 592 1288 632 eam.
1331 576 1472 637 Vasa
1517 579 1686 652 igitur
1730 582 2050 654 simpliciter

2153 579 2323 643 ἐστιν,
2357 577 2471 632 ἀλλ’
2500 578 2778 635 ἐλάττονα.
2808 578 2994 633 Δοῦλοι
3036 579 3145 650 γάρ
3183 581 3289 633 εἱσι
3332 579 3406 651 μὴ
3434 579 3635 645 εἰδότες
3665 581 3725 637 τδ

480 677 646 732 sunt,
677 667 771 722 sed
800 668 866 722 ad
900 667 1045 723 aliud
1081 678 1381 726 asservata.

549 846 640 900 27.
696 846 835 913 Quia
877 849 1013 903 venit
1061 850 1173 904 dies
1219 851 1473 920 ipsorum.
1522 851 1787 920 Venient,
1835 856 2046 925 inquit,

477 937 674 1007 captivi
700 937 921 1007 quidam
945 937 1178 1007 Judzeze,
1207 939 1437 998 feliciter
1465 946 1853 1002 annuntiantes
1877 949 2046 1004 ultio-

478 1043 598 1082 nem
622 1038 812 1083 contra
836 1029 1183 1100 Babylonem.
1212 1031 1398 1089 Potest
1422 1033 1583 1090 etiam
1613 1038 1836 1110 intelligi
1865 1040 1932 1094 de
1960 1039 2045 1095 his

474 1117 566 1185 qui
606 1134 673 1172 ex
716 1118 1018 1174 idololatria
1059 1132 1473 1192 convertuntur,
1517 1141 1681 1195 quam
1714 1128 2041 1200 Babylonem

474 1208 744 1276 appellat,
773 1210 864 1280 qui
916 1211 1193 1269 venientes
1225 1213 1279 1268 in
1326 1214 1456 1271 Sion
1497 1219 1803 1287 speculam,
1848 1236 2044 1292 nempe

475 1297 793 1364 Ecclesium,
830 1303 1082 1358 nuntiant
1115 1304 1373 1360 ultionem
1408 1324 1438 1361 a
1469 1306 1703 1364 Domino
1734 1309 1861 1366 Deo.

2153 669 2368 743 θέλημα
2399 670 2493 724 τοῦ
2522 673 2729 744 Κυρίου
2769 672 2971 737 αὐτῶν,
3001 672 3097 728 καὶ
3128 672 3203 744 μὴ
3250 670 3530 736 ποιοῦντες
3570 673 3723 729 αὑτό.

2153 760 2325 833 Σκεύη
2348 762 2524 817 τοίνυν
2547 762 2684 817 εἰσὶν
2714 761 2900 826 ἁπλῶς
2923 763 3002 825 είς
3035 760 3162 815 ἄλλο
3187 760 3517 832 τηρούμενα.

2219 852 2309 907 27.
2351 854 2471 907 Ὅτι
2494 853 2625 922 ἥκει
2647 855 2686 922 ή
2714 852 2904 922 ἡμέρα
2925 851 3139 906 αὐτῶν.
3162 853 3409 918 "nicust,
3440 853 3595 923 φησὶ,
3615 852 3722 908 τῶν

2148 942 2509 1018 αἰχμαλώτων
2527 943 2672 1008 τινὲς
2695 943 2795 1013 τῆς
2827 941 3104 1005 Ἰουδαίας,
3128 942 3595 1014 εὐαγγελιζόμενοι
3624 944 3721 1018 τὴν

2148 1036 2290 1090 κατὰ
2319 1034 2635 1096 Βαϐυλῶνος
2661 1031 2958 1103 ἐκδίκησιν.
2987 1031 3151 1100 Λέγοι
3181 1032 3225 1084 δ’
3248 1031 3312 1085 ἂν
3342 1032 3432 1085 καὶ
3460 1033 3587 1104 περὶ
3613 1032 3720 1085 τῶν

2148 1128 2209 1193 ἐξ
2232 1124 2673 1196 εἰδωλολατρείας
2702 1122 3154 1194 ἐπιστρεφόντων,
3189 1123 3256 1193 ἣν
3289 1123 3444 1176 καλεῖ
3472 1124 3721 1177 Βαϐυλῶ-

2146 1236 2240 1272 να·
2272 1218 2488 1281 οἵτινες,
2525 1214 2770 1278 ἐλθόντες
2797 1214 2878 1277 είς
2910 1211 3046 1265 Σιὼν
3089 1212 3150 1266 τὸ
3191 1215 3601 1285 σκοπευτήριον,
3622 1214 3719 1285 τὴν

2158 1308 2504 1380 Ἐκκλησίαν,
2533 1308 2632 1380 τὴν
2670 1308 2820 1379 παρὰ
2847 1305 3052 1378 Κυρίου
3085 1302 3222 1358 Θεοῦ
3254 1306 3413 1379 ἡμῶν
3444 1307 3718 1378 ἐκδίκησιν

2144 1399 2552 1468 ἀναγγέλλουσι.

537 1476 628 1531 ‘29.
668 1476 995 1534 Annuntiate
1031 1481 1088 1535 in
1125 1480 1392 1552 Babylone
1431 1485 1635 1540 multis.
1672 1485 1729 1541 In
1767 1487 2041 1559 Babylone

2213 1488 2301 1544 29.
2346 1488 2784 1557 Παραγηυείλατε
2830 1488 2931 1542 ἐπὶ
2977 1491 3299 1547 Βαϐυλῶνα
3342 1488 3615 1554 πολλοῖς.
3653 1487 3715 1540 OE

471 1567 627 1621 multi
658 1577 806 1631 sunt,
831 1567 1184 1641 Jerosolymis
1217 1573 1395 1641 pauci.
1433 1576 1642 1631 Dictum
1673 1587 1756 1633 est
1781 1581 1923 1634 enim
1947 1581 1988 1611 '“
2020 1597 2033 1635 :

2148 1581 2246 1650 μὲν
2274 1581 2332 1633 ἐν
2360 1579 2639 1633 Βαϐυλῶνι
2673 1579 2875 1641 πολλοὶ,
2910 1583 2958 1634 οἱ
3007 1582 3064 1636 δὲ
3103 1587 3162 1637 ἐν
3204 1581 3558 1654 Ἰερουσαλὴμ
3589 1579 3714 1633 ἐλά-

474 1654 597 1708 Νοη
637 1668 849 1725 propter
884 1658 981 1712 hoc
1026 1660 1216 1715 dilexit
1263 1680 1350 1717 vos
1391 1666 1554 1736 317
1608 1667 1858 1724 Dominus
1898 1671 2036 1726 Deus

2144 1687 2345 1740 χιστοι’
2396 1669 2610 1742 εἴρηται
2651 1672 2795 1743 γάρ·
2844 1675 2926 1727 Οὐ
2973 1674 3135 1743 παρὰ
3187 1673 3362 1727 τοῦτο
3400 1672 3716 1742 ἠγάπησεν

470 1752 656 1810 vester,
679 1761 746 1799 ex
771 1762 831 1799 eo
868 1748 1007 1817 quod
1046 1750 1202 1803 multi
1240 1753 1386 1806 estis.
1439 1753 1538 1810 Vos
1569 1759 1706 1811 enim
1732 1776 1843 1829 pra:
1869 1766 2038 1815 omni-
2073 1816 2109 1832 ἢ

2073 1816 2109 1832 ἢ
2143 1760 2299 1829 ὑμᾶς
2328 1761 2543 1829 Κύριος
2567 1764 2598 1815 ὀ
2634 1762 2778 1829 Θεὸς
2805 1764 2977 1832 ἡμῶν
3002 1765 3160 1832 παρὰ
3194 1764 3261 1818 τὸ
3302 1759 3453 1817 εἶναι
3494 1763 3717 1814 πολλο-

469 1832 566 1886 bus
594 1836 898 1903 paucissimi
924 1838 1070 1895 estis.
1110 1837 1247 1894 Nam
1292 1843 1449 1911 pauci
1473 1861 1597 1901 vere
1644 1851 1891 1918 suntqui
1927 1853 2027 1906 sal-
2072 1832 2109 1870 ι’

2072 1832 2109 1870 ι’
2139 1852 2327 1917 στούς
2345 1867 2359 1879 ·
2393 1851 2565 1920 ὑμεῖς
2587 1851 2699 1921 γάρ
2722 1853 2863 1908 ἐστε
2895 1855 3195 1925 ὀλιγοστοὶ
3229 1854 3387 1922 παρὰ
3417 1851 3611 1907 πάντα
3644 1851 3716 1903 τὰ

467 1931 686 1989 vantur,
720 1925 922 1995 quique
968 1942 1062 1996 per
1106 1939 1389 2000 angustam
1440 1934 1582 1988 viam
1635 1937 2034 2007 ingrediuntur.

2135 1942 2518 2011 ἕθνη.’ολίγοι
2560 1944 2669 2015 γὰρ
2699 1944 2866 2009 ὄντως
2910 1948 2960 2001 οί
3002 1947 3296 2017 σωζόμενοι
3344 1946 3436 1999 καὶ
3483 1944 3571 1997 διὰ
3616 1939 3714 2012 τῆς

465 2009 699 2067 Jubetur
765 2022 945 2068 autem
1011 2022 1388 2088 unusquisque
1449 2038 1637 2078 arcum
1709 2028 1929 2083 tendere
1981 2030 2034 2084 in

2138 2034 2330 2104 στενῆς
2368 2009 2735 2105 εἰσερχόμενοι
2784 2034 2973 2107 θύρας.
3022 2009 3463 2108 Παραγγέλλεται
3509 2035 3565 2088 δὲ
3606 2009 3713 2096 πῶς

465 2101 630 2156 latam
679 2111 734 2160 et
782 2105 1075 2173 spatiosam
1122 2107 1486 2182 Babylonem,
1535 2124 1594 2169 ut
1641 2116 1694 2170 in
1745 2133 1811 2173 ea
1855 2119 2036 2175 nullus

2135 2124 2228 2177 ἐπὶ
2278 2101 2377 2196 τὴν
2421 2101 2679 2180 πλατείαν
2725 2127 2819 2181 καὶ
2855 2101 3171 2200 εὐρύχωρον
3195 2101 3515 2182 Βαϐυλῶνα
3560 2126 3712 2192 τόξον

460 2192 676 2247 evadat.
2134 2192 2418 2281 ἐκτείνειν,
2450 2218 2545 2269 καὶ
2573 2217 2779 2289 μηδένα
2803 2192 3455 2290 ταύτηξπεριποιεῖσθαι.

529 2282 617 2338 29.
663 2283 950 2341 Retribuite
969 2287 1022 2342 ei
1045 2293 1329 2345 secundum
1360 2309 1520 2363 opera
1543 2294 1677 2364 ejus.
1710 2298 1851 2364 Quot
1875 2301 2029 2370 quis-

2203 2306 2290 2361 29.
2346 2282 2733 2362 Ἀνταπόδοτε
2780 2308 2937 2377 αὐτῇ
2964 2282 3140 2363 ’κατᾶ
3188 2308 3261 2362 τὰ
3306 2309 3451 2378 ἔργα
3499 2305 3707 2374 αὐτῆς.

458 2388 567 2441 que
615 2374 779 2430 habet
822 2377 1183 2448 cogitationes
1222 2384 1408 2452 pietati
1437 2398 1824 2459 repugnantes.
1875 2392 2030 2449 Multi

2136 2396 2331 2461 ’Ὀσους
2378 2415 2461 2462 τις
2507 2398 2618 2469 ἔχει
2663 2374 2957 2471 λογισμοῦ-ς
2981 2374 3704 2470 ἀνθεστηκότας-θεοσεϐείᾳ.

458 2473 588 2519 sunt
626 2464 903 2538 Babylonii
933 2471 1024 2540 qui
1058 2480 1244 2542 utpote
1274 2484 1590 2544 peccatores
1620 2490 1777 2537 terra;
1801 2487 2029 2540 necandi

2132 2488 2323 2541 Πολλοί
2348 2490 2454 2544 είσι
2486 2464 2841 2555 Βαϐυλώνιοι,
2868 2491 2963 2555 οὓς
3001 2464 3331 2562 ἀναιρετέον,
3357 2464 3710 2562 ἁμαρτωλούς

458 2564 621 2621 sunt,
655 2573 686 2610 a
715 2559 914 2628 quibus
944 2562 1038 2631 qui
1070 2563 1206 2617 liber
1233 2568 1500 2634 evaserit,
1547 2570 1753 2626 civitati
1806 2576 2028 2630 ascribi-

457 2653 548 2697 tnr
583 2644 675 2700 Dei
707 2648 800 2716 qui
832 2646 1122 2721 Babylonis
1158 2653 1414 2723 injuriam
1448 2658 1749 2716 ulciscitur.
1797 2661 2031 2720 Putabat

455 2733 603 2787 enim
643 2749 702 2790 se
751 2739 988 2808 propriis
1016 2741 1225 2797 viribus
1251 2744 1538 2802 victoriam
1588 2750 1931 2821 obtinuisse,
1974 2765 2031 2810 et

456 2828 718 2884 adversus
745 2829 917 2885 Deum
948 2834 1319 2902 superbiebat.
1350 2836 1648 2895 Combusto
1677 2850 1857 2897 autem
1893 2854 2030 2901 tem-

458 2918 569 2986 plo,
616 2934 771 2975 sacra
799 2936 929 2977 vasa
972 2924 1024 2977 in
1072 2925 1326 2993 pellicum
1368 2944 1526 2983 usum
1567 2946 1829 2989 conversa
1876 2945 2023 2991 sunt.

455 3009 798 3080 Quapropter
827 3012 1224 3071 infructuosam
1254 3028 1492 3088 gentem,
1516 3022 1594 3076 uti
1616 3023 1808 3079 silvam
1832 3041 2025 3097 quam-

2128 2578 2285 2643 ὄντας
2316 2583 2414 2651 τῆς
2442 2584 2566 2654 γῆς,
2602 2581 2661 2646 ἐξ
2682 2574 2756 2635 ὧν
2789 2583 2816 2634 ὁ
2841 2581 3180 2650 καθαρεύσας
3211 2584 3267 2634 ἐν
3290 2583 3357 2651 τῇ
3390 2579 3541 2632 πόλει
3563 2576 3712 2646 γίνε-

2128 2686 2217 2723 ται
2265 2670 2358 2725 τοῦ
2399 2671 2532 2725 Θεοῦ
2579 2670 2675 2725 τοῦ
2719 2670 3061 2736 ἐκδικοῦντος
3106 2675 3205 2743 τῆς
3251 2669 3569 2732 Βαϐυλῶνος
3610 2668 3710 2739 τὴν

2130 2759 2286 2832 ὕϐριν
2307 2776 2320 2789 ⁸
2375 2759 2510 2830 ᾧετο
2554 2760 2662 2833 γὰρ
2697 2761 2874 2833 οἰκείᾳ
2913 2762 3139 2833 δυνάμει
3166 2762 3581 2834 κεκρατηκέναι,
3615 2760 3709 2815 καὶ

2129 2848 2585 2921 κατηλαζονεύετο
2608 2852 2702 2905 τοῦ
2726 2852 2883 2907 Θεοῦ.
2901 2854 3343 2924 Ἐμπρησθέντος
3362 2854 3418 2907 δὲ
3438 2853 3532 2906 τοῦ
3555 2851 3708 2918 ναοῦ,

2127 2942 2195 2995 τὰ
2230 2943 2396 3014 σκεύη
2428 2943 2497 2996 τὰ
2532 2944 2653 3015 ἱερὰ
2697 2947 2820 3008 ταῖς
2852 2945 3152 3017 παλλακαῖς
3181 2949 3260 3010 είς
3292 2948 3487 3017 χρῆσιν
3526 2945 3709 3016 ἐδόθη.

2126 3033 2328 3106 Διόπερ
2357 3035 2488 3106 πυρὶ
2514 3035 2576 3089 τὸ
2603 3036 2850 3107 ἄκαρπον
2876 3035 3028 3101 ἔθνος
3056 3037 3308 3110 καθάπερ
3338 3038 3400 3109 δή
3431 3055 3550 3091 τινα
3573 3037 3701 3108 δρυ-

452 3102 579 3154 dum
616 3102 736 3211 igne
759 3104 1100 3175 absumpsit,
1128 3108 1357 3211 ideoque
1385 3111 1462 3166 ait
1480 3113 1527 3144 ⁷²
1556 3131 1570 3168 :
1595 3113 1731 3170 Ecce
1751 3133 1845 3188 ego
1875 3120 1945 3173 ad
1976 3131 2024 3176 te
2050 3152 2092 3211 ο

2050 3152 2092 3211 c
2131 3125 2230 3196 μὸν
2273 3102 2645 3196 κατηνάλωσε.
2674 3102 2857 3199 Ταύτῃ
2904 3129 2988 3182 τοί
3029 3145 3224 3200 φησιν’
3274 3102 3420 3183 760i;
3459 3127 3573 3197 ἐγὼ
3605 3102 3705 3183 ἐπὶ

452 3194 822 3250 contumeliose
844 3207 1081 3267 agentem
1099 3239 1113 3264 ,
1144 3200 1275 3254 dicit
1302 3201 1561 3260 Dominus
1587 3209 1934 3266 exercituum.

1101 3290 1252 3347 CAP.
1289 3290 1378 3348 ιι.

522 3374 577 3427 3.
619 3374 687 3428 Et
728 3378 889 3432 nolite
926 3393 1138 3447 parcere
1165 3382 1440 3451 juvenibus
1489 3390 1622 3456 ejus.
1659 3390 2019 3449 Consumma-

454 3465 656 3518 tionem
704 3478 922 3538 repente
954 3470 1191 3527 futuram
1238 3476 1503 3543 praedicit.
1559 3478 1714 3535 Sicut
1754 3483 1901 3538 enim
1934 3486 2018 3539 di-

452 3558 585 3612 luvii
611 3567 851 3629 tempore
875 3571 929 3618 et
971 3565 1027 3618 in
1062 3567 1257 3623 diebus
1282 3567 1384 3624 Lot
1412 3584 1604 3626 omnes
1646 3578 1861 3646 negotia
1894 3578 2017 3636 vitae

452 3649 843 3720 transigebant,
874 3655 1047 3711 donec
1073 3657 1222 3712 venit
1246 3657 1531 3723 diluvium,
1556 3671 1611 3716 et
1646 3663 1808 3735 ignis,
1834 3677 1887 3723 et
1918 3668 2013 3724 dc—

449 3737 578 3792 levit
620 3756 846 3811 omnes,
893 3744 975 3801 sic
1016 3748 1119 3801 erit
1162 3756 1217 3803 et
1277 3755 1678 3808 consummatio
1734 3759 2013 3825 repentina

447 3839 612 3900 atque
658 3832 951 3903 improvisa
970 3876 986 3903 ,
1017 3837 1175 3908 cujus
1219 3838 1386 3910 ﬁgura
1417 3841 1518 3898 fuit
1537 3883 1551 3907 ,
1603 3860 1725 3914 quae
1748 3864 1861 3904 uno
1891 3865 2011 3904 mo-

451 3932 632 3976 mento
663 3926 901 3981 concidit
929 3927 1013 3982 vel
1041 3930 1158 3984 solo
1193 3930 1443 3988 tubarum
1471 3936 1725 4007 clangore
1769 3937 2009 3997 Jericho.

446 4011 515 4063 Et
564 4022 806 4084 tempore
849 4016 1144 4077 Dominicae
1190 4024 1461 4093 passionis
1506 4037 1729 4098 repente
1775 4033 2016 4089 concidit

447 4102 686 4173 Babylon
704 4146 719 4171 ,
743 4107 1038 4178 abrogante
1057 4111 1277 4170 Christo
1303 4115 1555 4187 dogmata
1584 4120 1864 4189 gentilium
1891 4122 2013 4179 ido-

448 4196 652 4263 laturi),
678 4206 732 4253 et
757 4197 1019 4257 liberante
1047 4218 1144 4261 eos
1169 4205 1264 4276 qui
1288 4221 1319 4262 e
1343 4210 1597 4279 gentibus
1642 4214 2008 4271 crediderunt.

518 4379 570 4432 7.
612 4380 771 4435 Calia:
810 4398 1000 4438 aureus
1048 4385 1305 4456 Babylon.
1356 4389 1571 4448 Aureus
1605 4402 1690 4449 est
1723 4393 2012 4454 Nabucho-

2123 3215 2199 3270 σὲ
2227 3215 2343 3285 τὴν
2368 3212 2736 3285 ὑϐρίάτριαν,
2758 3218 2923 3288 λέγει
2951 3219 3168 3286 Κύριος
3196 3218 3315 3272 τῶν
3336 3218 3664 3287 δυνάμεων.

2754 3310 2910 3362 ΚΕΦ.
2953 3310 3078 3364 NA'.

2188 3398 2241 3455 '5.
2282 3398 2390 3454 Καὶ
2428 3398 2515 3469 μὴ
2561 3400 2846 3469 φείσεσθε
2875 3400 2974 3454 ἐπὶ
3018 3400 3162 3468 τοὺς
3190 3400 3556 3466 νεανίσκους
3598 3400 3703 3453 αύ-

2118 3487 2248 3556 τῆς.
2290 3489 2628 3560 Προφητεύει
2673 3489 2774 3562 τὴν
2813 3490 3121 3544 συντέλειαν
3168 3490 3382 3563 ἁθρόως
3407 3489 3699 3561 γενηθησο-

2121 3579 2291 3650 μένην
2314 3596 2330 3611 ο
2361 3580 2552 3652 ῶσπερ
2577 3580 2687 3652 γὰρ
2703 3582 2761 3633 ἐν
2781 3584 2902 3646 ταῖς
2926 3582 3163 3655 ἡμέραις
3185 3583 3278 3636 τοῦ
3310 3580 3699 3652 κατακλυσμοῦ

2116 3671 2211 3725 καὶ
2228 3674 2349 3735 ταῖς
2375 3671 2609 3743 ἡμέραις
2633 3670 2726 3725 τοῦ
2748 3671 2871 3726 Λὼτ
2897 3672 2965 3726 τὰ
2991 3673 3217 3744 βιωτικὰ
3240 3673 3440 3738 πάντες
3460 3673 3699 3737 ἐποίουν,

2122 3762 2225 3826 ἕως
2251 3758 2413 3834 ἦλθεν
2445 3763 2474 3814 ό
2496 3762 2877 3835 κατακλυσμὸς
2905 3764 2999 3819 καὶ
3022 3765 3083 3819 τὸ
3105 3763 3238 3837 πῦρ,
3263 3766 3358 3818 καὶ
3374 3760 3506 3837 ἦρεν
3530 3763 3701 3817 ἃπαν-

2113 3871 2211 3918 τας
2230 3870 2243 3884 ⁶
2282 3853 2455 3918 οὕτως
2485 3853 2638 3907 ἔσται
2676 3855 2739 3908 τὸ
2769 3855 2870 3927 τῆς
2894 3855 3199 3920 συντελείας
3224 3856 3490 3925 αἰφνίδιον
3510 3872 3524 3885 ο
3552 3849 3612 3910 οῦ
3632 3854 3698 3926 δὴ

2116 3944 2383 4016 σύμϐολον
2411 3939 2479 4016 ἦν
2509 3946 2543 4015 ἡ
2571 3944 2783 4017 ἁθρόως
2809 3947 3048 4001 πεσοῦσα
3078 3950 3228 4019 φωνῇ
3258 3949 3351 4001 καὶ
3398 3946 3531 4019 μόνῃ
3565 3946 3694 3999 σαλ-

2113 4035 2328 4106 πίγγων
2364 4034 2593 4106 Ἰεριχὼ.
2629 4035 2740 4088 Καὶ
2776 4036 2927 4109 παρὰ
2964 4038 3054 4092 τὸν
3092 4038 3282 4109 καιρὸν
3308 4037 3365 4090 δέ
3400 4036 3494 4092 τοῦ
3523 4054 3695 4107 σωτη-

2114 4128 2232 4199 ρίου
2264 4127 2489 4194 πάθους,
2517 4129 2671 4197 ἄφνω
2696 4128 2857 4183 ἔπεσε
2883 4128 3160 4192 Βαϐυλὼν,
3192 4128 3425 4200 Χριστοῦ
3464 4127 3532 4181 τὰ
3564 4128 3692 4195 περὶ

2110 4218 2220 4272 τῶν
2264 4218 2491 4274 ἐθνικῶν
2534 4219 2765 4274 είδώλων
2804 4221 3251 4292 καταργήσαντος
3287 4220 3551 4289 δόγματα,
3599 4218 3692 4272 καὶ

2112 4314 2239 4380 τοὺς
2268 4314 2376 4368 ἀπὸ
2400 4313 2507 4369 τῶν
2536 4314 2704 4368 ἐθνῶν
2734 4313 3040 4386 ῥυσαμένου
3074 4313 3486 4376 πιστεύσαντας.

2187 4406 2236 4461 7.
2278 4406 2568 4476 Ποτήριον
2593 4407 2869 4476 χρυσοῦν
2889 4408 2927 4475 ἡ
2954 4406 3257 4460 Βαϐυλών.
3301 4408 3343 4459 Χ
3353 4405 3547 4478 ρυσοῦν
3571 4406 3685 4456 ἐστι

440 4470 731 4528 donosoris
780 4472 919 4526 calix
952 4474 1020 4528 ad
1048 4474 1312 4531 fallendos
1339 4478 1609 4546 homines,
1638 4493 1698 4538 ut
1741 4489 2012 4556 accipien—
2042 4481 2091 4541 υ

2042 4481 2091 4541 υ
2113 4497 2207 4552 τοῦ
2239 4470 2706 4569 Ναϐουχοδονόσορ
2734 4497 2795 4551 τὸ
2832 4470 3089 4569 ποτήριον
3115 4500 3194 4562 εἰς
3226 4470 3440 4569 ἀπάτην
3478 4494 3686 4566 ἀνθρώ-

442 4558 523 4617 ίρε
548 4564 776 4633 bibant,
806 4566 934 4620 dum
967 4566 1153 4621 vident
1184 4583 1376 4623 aurum
1399 4610 1413 4634 ,
1446 4581 1501 4627 et
1527 4574 1643 4629 visu
1690 4577 2009 4648 pulchrum,

439 4663 496 4708 et
520 4657 753 4726 cogitatu
785 4660 1095 4728 speciosum
1114 4702 1128 4725 ,
1163 4660 1256 4716 sed
1278 4663 1421 4732 quod
1457 4664 1510 4718 in
1530 4666 1881 4736 eojudicium
1905 4681 2008 4739 est,

439 4761 550 4801 non
595 4749 1053 4808 animadvertunt.
1102 4751 1354 4824 lmproba
1397 4757 1542 4812 enim
1589 4759 1711 4831 ejus
1755 4761 2009 4834 dogmata

439 4853 634 4893 vocum
658 4839 922 4909 elegantia
942 4854 1136 4900 ornata
1167 4854 1314 4910 sunt,
1332 4846 1654 4918 decipientia
1679 4852 2008 4912 elocutionis

437 4937 723 4985 venustate
765 4939 818 4985 et
867 4934 1123 4989 methodo
1172 4936 1486 4993 artiﬁciosa.
1543 4939 1678 4995 Nam
1725 4952 1779 4998 et
1825 4945 2006 5002 omnis

436 5027 593 5089 poeta
621 5019 891 5076 excellens
918 5023 1142 5079 calicem
1178 5040 1402 5083 aureum
1433 5032 1802 5100 comparavit,
1835 5049 2001 5090 vene-

436 5126 565 5165 num
605 5110 921 5167 immiscens
948 5113 1283 5183 idololatriae,
1330 5120 1645 5190 turpiloquii
1672 5131 1725 5177 et
1754 5125 2001 5180 omnium

433 5203 630 5258 animae
665 5203 955 5258 malorum.
998 5204 1067 5260 At
1097 5205 1255 5264 Jesus
1281 5204 1453 5267 noluit
1476 5213 1697 5268 calicem
1732 5231 1956 5270 aureum
1980 5257 1997 5283 ,

432 5306 500 5346 nc
535 5293 611 5348 illi
645 5294 843 5351 similis
869 5310 992 5351 esse
1037 5297 1329 5354 videretur.
1380 5301 1724 5374 Quapropter
1747 5305 1995 5361 habemus

432 5384 735 5440 thesaurum
763 5388 900 5442 hunc
925 5405 979 5442 tn
1013 5392 1146 5444 vasis
1177 5392 1428 5460 ﬁctilibus
1452 5395 1520 5461 ⁷³,
1544 5396 1639 5451 sed
1664 5398 1857 5453 salutis
1875 5415 1997 5467 qum

434 5471 485 5524 in
519 5490 584 5528 eo
616 5487 718 5531 est.
750 5477 1021 5534 Cmtcrutn
1057 5482 1199 5534 calix
1230 5501 1421 5541 aureus
1466 5485 1743 5557 Babylou‘,
1767 5505 1891 5543 cum
1928 5491 1996 5545 ad

433 5564 691 5618 ultionem
717 5570 950 5637 venerit,
987 5573 1041 5625 in
1077 5589 1237 5627 manu
1267 5573 1479 5631 Domini
1505 5587 1590 5633 est
1608 5578 1675 5645 ⁷⁵,
1712 5595 1835 5649 quae
1864 5582 1992 5637 olim

501 5745 543 5775 “
580 5745 738 5803 Dent.
777 5767 872 5817 vn,
905 5754 956 5806 7.
1034 5759 1077 5788 "
1109 5758 1308 5814 iurem.
1330 5778 1386 5828 ι,
1417 5763 1506 5817 51.
1582 5767 1627 5799 ⁷³
1659 5767 1698 5821 ll
1725 5770 1848 5827 Cor.
1879 5787 1951 5838 Iv,
1981 5772 2034 5828 7.

2114 4603 2252 4652 πων,
2281 4588 2369 4645 ἵνα
2404 4588 2686 4659 δεξάμενοι
2724 4588 2940 4654 πίωσιν,
2985 4589 3218 4660 ὁρῶντες
3255 4589 3314 4642 τὸ
3358 4588 3577 4659 χρυσὸν,
3606 4588 3686 4640 ὅτι

2110 4676 2274 4731 καλὸν
2301 4680 2413 4741 τοῖς
2443 4676 2741 4749 ὀφθαλμοῖς
2779 4679 2904 4732 ίδεῖν
2943 4678 3039 4732 καὶ
3076 4679 3275 4751 ὡραῖον
3299 4678 3390 4732 τοῦ
3424 4677 3687 4746 κατανοῆ-

2111 4784 2235 4824 σαια
2271 4768 2332 4821 τὸ
2375 4768 2432 4821 δὲ
2479 4771 2654 4841 κρῖμα
2685 4769 2746 4823 τὸ
2795 4772 2853 4824 ἐν
2882 4769 3056 4840 τούτῳ
3100 4770 3174 4841 μὴ
3216 4768 3570 4841 λογιζόμενοι.
3606 4768 3686 4821 Τὰ

2111 4858 2362 4932 μοχθηρὰ
2384 4859 2493 4932 γὰρ
2515 4859 2679 4915 αὐτοῦ
2712 4860 2957 4932 δόγματα
2985 4859 3295 4931 καλλιλεξίᾳ
3322 4861 3680 4930 κεκόσμηται,

2108 4950 2190 5023 τῷ
2215 4950 2316 5022 τῆς
2339 4951 2592 5023 φράσεως
2613 4950 2929 5017 δελεάζοντα
2962 4951 3149 5009 κάλλει
3174 4954 3268 5006 καὶ
3292 4955 3356 5023 τῇ
3388 4952 3592 5022 μεθόδῳ
3614 4955 3680 5021 τῇ

2109 5046 2354 5115 τεχνικῇ.
2398 5042 2512 5098 Καὶ
2534 5044 2640 5108 πᾶς
2664 5043 2723 5098 δὲ
2751 5044 2977 5117 ποιητὴς
3001 5044 3168 5116 ἄκρος
3199 5040 3338 5101 εἶναι
3366 5043 3558 5107 δοκῶν,
3584 5059 3685 5096 πο-

2106 5133 2295 5205 τήριον
2320 5132 2556 5205 Χρυσοῧν
2575 5137 2969 5201 κατεσκεύασε,
2989 5136 3309 5208 δηλητήριον
3334 5136 3584 5208 ἐμϐαλὼν
3605 5139 3682 5191 εξ-

2104 5223 2519 5296 δωλολατρείας,
2548 5228 2928 5297 αἰσχρολογίας
2947 5228 3041 5286 καὶ
3081 5227 3190 5283 τῶν
3221 5230 3465 5300 ψυχικῶν
3502 5229 3678 5285 ἁπάν-

2099 5331 2210 5370 των
2243 5314 2446 5370 κακῶν.
2465 5315 2523 5369 Ὁ
2550 5315 2608 5370 δὲ
2650 5317 2855 5389 Ἰησοῦς
2878 5320 2939 5375 οὐ
2972 5318 3176 5391 χρυσοῦ
3223 5322 3481 5392 ποτηρίου
3517 5337 3679 5392 atpos-

2100 5407 2354 5478 νοήσατο,
2381 5409 2588 5479 μήποτε
2607 5409 2700 5463 καὶ
2725 5409 2849 5481 δόξῃ
2871 5411 3066 5481 ἐκείνῳ
3087 5411 3269 5481 ὅμοιον
3291 5407 3428 5465 εἶναι
3445 5429 3458 5440 ·
3486 5412 3677 5483 διόπερ

2100 5495 2320 5565 ἔχομεν
2382 5497 2490 5552 τὸν
2546 5499 2854 5568 θησαυρὸν
2910 5501 3125 5555 τοῦτον
3176 5501 3246 5554 ἐν
3299 5494 3674 5569 ὀστρακίνοις

2101 5588 2408 5653 σκεύεσιν,
2433 5588 2572 5643 ἀλλὰ
2613 5590 2712 5663 τῆς
2742 5592 2802 5645 ἐν
2827 5591 2977 5661 αύτῷ
3018 5591 3307 5663 σωτηρίας.
3343 5594 3413 5647 Τὸ
3440 5593 3496 5646 δὲ
3527 5611 3644 5675 χιιι)

2109 5774 2152 5856 ἶῖ
2180 5774 2379 5832 Jcrcm.
2412 5795 2487 5847 ιι,
2525 5778 2574 5835 7.
