4218 6292
434 348 535 406 601

1644 352 1948 407 εειιίοτλ
1987 351 2052 407 ΙΝ
2090 353 2462 413 JEREMIAM.

3574 364 3680 417 802

435 468 599 521 σοϊνν
625 463 907 532 ποτήριον
938 462 977 528 ἡ
1004 461 1309 526 Βαϐυλὼν,
1330 462 1458 517 ὅταν
1495 464 1589 517 ἐπὶ
1614 464 1712 536 τήν
1741 465 2014 537 ἐκδίκησιν
2045 467 2086 522 Α

2045 467 2086 522 Α
2116 469 2292 538 tetigit
2322 468 2426 525 Job
2445 510 2460 533 ,
2493 470 2757 524 inebrians
2788 471 3084 526 universam
3113 481 3308 526 terram
3322 474 3369 507 ⁷³
3398 473 3473 528 ira
3491 514 3507 539 ,
3544 493 3680 533 mte-

440 551 591 628 ἔλθῃ,
619 554 691 607 ἐν
715 550 865 622 χειρὶ
896 550 1115 618 Κυρίου
1136 550 1365 619 γίνεται,
1392 555 1456 623 τῇ
1493 553 1741 625 ἁψαμένη
1765 556 1894 607 ποτὲ
1918 554 2009 608 τοῦ

452 645 592 709 Ἰὼϐ,
616 644 917 713 μεθύσκον
935 638 1143 695 πᾶσαν
1165 640 1281 709 τὴν
1304 640 1421 712 γῆν
1449 643 1554 695 ἀπὸ
1574 644 1765 715 ὀργῆς,
1789 645 1895 698 ἀπὸ
1918 644 2011 697 λύ-

442 753 567 807 πης,
607 730 842 802 ἐρώτων,
875 731 1213 797 κενοδοξίας·
1237 733 1340 786 ὅσα
1359 732 1468 804 γὰρ
1500 734 1892 806 ἁμαρτήματα,
1923 752 2012 786 το-

440 824 629 879 σαῦται
655 822 751 876 καὶ
776 820 957 891 μέθαι,
988 822 1240 894 καθάπερ
1272 824 1332 890 ἐξ
1365 825 1511 879 οἴνου
1556 826 1770 879 πάντων
1801 826 2012 879 σαλευο-

437 910 630 976 μένων,
657 908 754 961 καὶ
792 907 1010 979 βέϐαιον
1034 910 1184 963 οὐδὲν
1208 912 1457 981 ἐχόντων.
1476 914 1532 967 '0
1570 914 1627 967 δὲ
1665 915 1871 979 δίκαιος
1910 917 2010 969 οὐκ

432 1000 541 1053 ἔστι
707 999 785 1052 ὢν
816 1001 926 1072 γὰρ
960 1001 1051 1054 ἐπὶ
1077 1002 1198 1072 γῆς,
1229 1002 1342 1073 ἔχει
1390 1006 1449 1057 ὲν
1490 1005 1737 1077 οὐρανοῖς
1770 1007 1831 1060 τὸ
1862 1008 2011 1061 πολί-

424 1103 625 1161 τευμα,
654 1089 751 1144 καὶ
797 1091 899 1144 οὐκ
946 1089 1012 1144 ἂν
1060 1090 1311 1145 ἀκούσειε
1335 1109 1348 1124 ’
1386 1092 1476 1162 Γῆ
1522 1092 1596 1159 εἷ,
1627 1096 1724 1149 καὶ
1765 1099 1854 1162 εις
1892 1096 2010 1166 γῆν

426 1180 764 1249 (ueletiam,
794 1180 908 1235 ἁλλ’
930 1182 994 1234 ὲκ
1012 1180 1121 1234 τῶν
1150 1182 1375 1237 εἰκότων
1394 1200 1408 1214 ο
1442 1185 1685 1257 Οὐρανὸς
1711 1182 1780 1251 εἷ,
1811 1188 1906 1241 καὶ¹
1930 1190 2009 1251 είς

426 1270 693 1341 οὐρανοὺς
724 1272 997 1346 ἀπελεύσῃ
1015 1291 1029 1304 ο
1062 1278 1249 1347 φορεῖς
1269 1277 1378 1347 γὰρ
1397 1276 1496 1349 τὴν
1524 1277 1705 1332 εἰκόνα
1728 1277 1821 1332 τοῦ
1847 1279 2010 1333 ἐπου-

429 1363 640 1435 ρανίου,
676 1365 773 1418 καὶ
800 1365 995 1434 πὰγιος
1028 1365 1285 1438 ἕστηκας.

500 1453 553 1508 9.
608 1455 1018 1526 Ὶατρεύσαμεν
1035 1458 1385 1524 Βαϐυλῶνα,
1419 1460 1518 1515 καὶ
1546 1463 1658 1515 οὐκ
1685 1461 1837 1531 ἰάθη.
1857 1463 1920 1515 Ἠ
1948 1462 2005 1516 δὲ

430 1545 685 1600 Βαϐυλὼν
709 1548 810 1601 οὐκ
832 1549 1201 1617 ἀπέγνωσται·
1236 1552 1295 1604 ού
1325 1552 1433 1624 γὰρ
1457 1552 1523 1606 ἂν
1549 1552 1752 1622 ἔλεγεν,
1781 1555 1857 1609 El
1878 1571 2003 1622 πως

432 1636 757 1703 ἰαθήσεται.
799 1640 966 1694 Ποίαν
989 1640 1165 1713 ψυχήν
1203 1643 1395 1715 ἑτέραν
1437 1646 1899 1717 ἁπογνωσόμεθα;
1941 1650 2003 1702 Ei

426 1728 485 1784 δὲ
520 1729 593 1801 μὴ
627 1730 913 1796 σέσωσται,
960 1732 1117 1787 τοῦτο
1149 1735 1339 1803 γέγονε
1383 1738 1513 1808 παρ’
1544 1739 1680 1809 αὐτῇ
1704 1756 1718 1769 ·
1754 1739 1830 1803 ὡς
1877 1742 2003 1805 τοὺς

2112 575 2258 623 rore,
2294 562 2594 627 amoribus,
2623 562 2770 615 inani
2799 563 2994 632 gloria.
3039 561 3183 629 Quot
3208 565 3353 619 enim
3393 575 3523 621 sunt
3556 584 3681 636 pce-

2112 657 2231 702 eata
2252 687 2267 709 ,
2301 649 2523 703 totidem
2580 657 2705 704 sunt
2737 650 3062 716 ebrietates,
3093 661 3348 720 tanquam
3380 655 3505 707 vino
3530 672 3682 710 com-

2113 739 2277 793 motis
2300 740 2577 806 omnibus,
2608 740 2852 809 nihilque
2881 741 3075 795 stabile
3120 742 3465 799 habentibus.
3489 742 3678 800 Justus

2111 843 2243 882 vero
2273 839 2418 884 terra
2449 846 2554 885 non
2580 839 2683 886 est.
2716 830 2853 886 Cum
2881 834 3025 887 enim
3057 832 3109 885 in
3149 842 3291 888 terra
3319 834 3409 901 sit,
3433 835 3593 890 habet
3622 838 3674 889 in

2112 921 2267 976 cmlis
2291 923 2781 987 conversationem,
2803 924 2970 994 318
2988 934 3040 978 et
3073 939 3180 979 non
3213 926 3489 981 audiet":
3517 926 3678 983 Terra

2110 1028 2185 1075 es,
2211 1020 2260 1064 et
2288 1013 2340 1065 in
2364 1021 2560 1065 terram
2592 1017 2880 1079 rererteris,
2912 1016 3004 1071 sed
3037 1016 3451 1084 convenienter;
3477 1019 3676 1073 coelum

2109 1111 2188 1160 es,
2224 1104 2280 1150 et
2311 1097 2363 1150 in
2396 1099 2592 1153 cmlum
2624 1103 2942 1169 reverteris,
2973 1102 3082 1158 fers
3104 1104 3249 1158 enim
3273 1105 3509 1161 caelestis
3534 1105 3674 1162 ima-

2115 1187 2317 1257 ginem,
2349 1188 2597 1260 ﬁxusque
2624 1198 2761 1246 stas.

2180 1459 2232 1512 9.
2277 1458 2590 1515 Curarimus
2625 1462 2976 1533 Babylonem,
3010 1476 3061 1519 et
3091 1482 3192 1519 non
3229 1478 3305 1520 est
3331 1476 3538 1523 sanata.
3569 1468 3673 1524 Ba-

2108 1548 2269 1620 bylon
2312 1566 2418 1606 non
2451 1562 2533 1607 est
2566 1553 2868 1622 draperata.
2918 1553 3104 1624 Neque
3140 1557 3285 1610 enim
3334 1558 3565 1614 dixisset
3582 1561 3669 1614 ’τι

2108 1638 2169 1693 Si
2191 1642 2328 1708 forte
2357 1654 2591 1696 sanetur.
2612 1643 2785 1709 Quam
2811 1646 2973 1700 aliam
2998 1647 3234 1701 animam
3265 1664 3363 1718 pro
3386 1650 3670 1720 desperata

2109 1730 2467 1787 habebimus?
2501 1732 2654 1800 Quod
2682 1737 2726 1789 si
2757 1752 2864 1791 non
2898 1738 3045 1791 salva
3077 1748 3179 1803 est,
3225 1754 3319 1808 per
3350 1740 3523 1808 ipsam
3557 1750 3670 1795 ste-

428 1821 683 1892 ἁρίστους
724 1825 943 1894 ἰατροὺς
975 1824 1354 1894 ἀπολογεῖσθαι
1395 1807 1491 1882 καὶ
1520 1807 1724 1898 λέγειν’
1764 1832 2002 1901 Ἰατρεύ-
2035 1807 2073 1859 Β

2035 1807 2073 1859 Β
2105 1822 2205 1887 ιίι-;
2257 1822 2326 1876 ita
2363 1835 2421 1877 ut
2451 1825 2640 1894 optimi
2689 1827 2893 1895 quique
2924 1829 3116 1882 medici
3153 1807 3547 1898 respondeant,
3587 1832 3670 1886 di-

426 1927 622 1980 σαμεν
646 1912 759 1980 τὴν
780 1913 1128 1981 Βαϐυλῶνα,
1150 1916 1244 1969 καὶ
1272 1919 1384 1971 οὐκ
1417 1918 1548 1987 ἰάθη
1563 1936 1576 1950 ⁸
1602 1920 2003 1990 ἐγκαταλίπω-

419 2018 540 2070 μεν
569 2003 781 2069 αὐτήν.
817 2006 892 2059 Οὐ
929 2007 1060 2080 παρ’
1091 2009 1284 2073 αὐτοὺς
1312 2009 1421 2081 γὰρ
1466 2012 1584 2065 οὐδὲ
1615 2011 1765 2083 παρὰ
1795 2013 1892 2085 τὴν
1922 2016 2003 2068 ία-

423 2093 638 2166 τρικὴν,
665 2095 787 2148 οὐδὲ
830 2096 982 2168 παρὰ
1020 2099 1119 2169 τὴν
1169 2100 1391 2171 ῥητίνην
1416 2101 1478 2154 τὸ
1508 2101 1583 2173 μὴ
1611 2102 1813 2174 ταύτην
1843 2105 2003 2177 θερα-

423 2184 709 2241 πεύεσθαι.
728 2187 922 2258 ’ἰατροὶ
946 2187 1003 2240 δὲ
1032 2187 1270 2257 ἄγγελοι,
1296 2191 1402 2244 ὑπὸ
1427 2192 1517 2245 τὸν
1542 2193 1713 2263 μέγαν
1742 2196 1894 2259 ὄντες
1923 2197 2004 2250 ία-

419 2274 555 2346 τρὸν
581 2275 675 2327 τὸν
699 2275 852 2340 Θεὸν,
886 2279 981 2331 καὶ
1007 2278 1337 2349 θεραπεῦσαι
1368 2284 1495 2346 τοὺς
1518 2283 1869 2357 πειθομένους
1893 2288 2003 2342 ἐθέ-

421 2366 640 2430 λοντες·
671 2370 720 2420 εἰ
753 2368 810 2421 δὲ
841 2368 937 2439 μὴ,
972 2370 1214 2440 ἐροῦσιν·
1253 2374 1765 2447 Ἐγκαταλίπωμεν
1784 2378 1999 2447 αὐτὴν,

420 2455 785 2526 ἀπέτὶθωμεν
802 2460 1057 2527 ἕκαστος
1080 2466 1167 2530 εὶς
1186 2463 1300 2532 τὴν
1322 2464 1441 2534 γῆν
1466 2468 1672 2534 αὐτοῦ,
1696 2471 1790 2523 καὶ
1816 2471 1907 2525 τὸν
1933 2475 2004 2526 οξ-

421 2550 570 2602 κεῑον
598 2548 764 2603 τόπον
797 2551 892 2604 καὶ
917 2552 1017 2622 τὴν
1042 2552 1247 2607 οἰκείαν
1281 2554 1500 2626 πρᾶξιν,
1526 2556 1608 2608 ὅτι
1650 2557 1874 2628 ήγγικεν
1922 2561 2002 2624 εἰς

419 2640 516 2693 τὸν
538 2640 765 2710 οὐρανὸν
804 2642 864 2695 τὸ
904 2646 1075 2716 κρῖμα
1117 2644 1309 2715 αὐτῆς,
1341 2647 1798 2712 καταδικάσαντες
1833 2650 2000 2720 αὐτὴν

414 2730 499 2793 ὡς
530 2730 765 2797 ἀνίατον,
787 2732 881 2785 καὶ
907 2735 1238 2806 πεισομένην
1268 2736 1336 2790 τὰ
1356 2740 1455 2808 τῆς
1477 2737 1857 2807 ἀπογνώσεως.
1892 2741 1999 2794 Καὶ

421 2822 471 2873 οἱ
499 2820 607 2875 τῶν
639 2824 907 2893 σωμάτων
930 2824 1037 2896 γὰρ
1064 2827 1237 2898 ἰατροὶ
1259 2830 1387 2892 τοὺς
1413 2829 1664 2894 ἀνιάτους
1686 2832 1999 2900 ἐγκαταλεί-

423 2928 604 2976 πουσι,
641 2913 841 2983 μήπως
880 2916 938 2968 ὲν
979 2919 1100 2979 ταῖς
1134 2917 1311 2970 αὐτῶν
1338 2920 1492 2989 χερσὶ
1518 2919 1940 2992 τελευτήσωσιν·
1969 2922 1998 2975 ὃ

421 3000 479 3054 δὲ
509 3002 751 3056 ποιοῦσιν
779 3004 1165 3073 ἁγγελοι.”οσα
1208 3008 1264 3061 δὲ
1290 3009 1692 3081 ἁμαρτάνομεν,
1733 3011 1793 3063 τὸ
1823 3015 1996 3083 κρῖμα

421 3091 579 3163 ήμῶν
604 3092 757 3158 αύξει
784 3096 878 3148 καὶ
901 3093 1105 3167 ἐξαίρει
1143 3097 1249 3162 ἓως
1275 3099 1379 3153 τῶν
1408 3102 1642 3172 ἄστρων,
1676 3101 1785 3155 τῶν
1825 3104 1993 3173 ἁγίων

419 3184 650 3257 δηλαδή’
683 3186 778 3240 καὶ
801 3187 920 3239 τότε
951 3189 979 3240 ὁ
1004 3188 1137 3251 θεὸς
1178 3190 1398 3264 ἐκφέρει
1429 3193 1490 3246 τὸ
1515 3196 1689 3264 κρῖμα
1718 3195 1881 3249 αὐτοῦ
1916 3199 1994 3260 εἰς

419 3275 751 3331 ταπείνωσιν
777 3276 871 3330 τοῦ
901 3276 1203 3346 ὑψωῦέντος
1246 3282 1508 3352 κρίματος
1547 3284 1654 3338 ἀπὸ
1686 3287 1785 3357 τῆς
1816 3289 1996 3358 ἁμαρ-

419 3365 569 3433 τίας,
590 3367 860 3421 ταπεινῶν
884 3368 984 3441 τήν
1008 3370 1302 3442 ἁμαρτίαν,
1329 3372 1507 3428 καὶτὰ
1528 3375 1664 3448 πρὸς
1683 3376 1839 3444 ἀξίαν
1863 3380 1997 3432 ἁπο-

417 3459 617 3525 διδούς.
2002 3507 2005 3510 -

492 3552 579 3607 ill.
622 3554 819 3621 Δεῦτε,
845 3555 944 3609 καὶ
988 3556 1433 3627 ἀναγγείλωμεν
1476 3558 1547 3614 ἐν
1594 3561 1762 3615 Σιών.
1806 3563 1918 3615 Καὶ
1968 3565 1998 3617 ό

434 3642 661 3708 Ἡσαΐας
692 3644 978 3699 ἐθέσπισεν
995 3662 1012 3677 ⁸
1053 3649 1170 3700 Ἐπ’
1205 3648 1381 3715 ὅρους
1406 3649 1652 3704 πεδινοῦ
1679 3650 1856 3718 ἄρατε
1882 3668 1995 3717 ση-

2102 1922 2336 1982 cantque
2364 1932 2376 1968 :
2404 1914 2719 1970 Curavimus
2751 1916 3071 1988 Babylonem
3090 1960 3105 1981 ,
3129 1928 3179 1971 et
3220 1936 3323 1971 non
3351 1931 3425 1974 est
3454 1932 3666 1985 sanata,

2101 2002 2523 2071 derelinquamus
2562 2020 2698 2057 eam.
2731 2002 2838 2057 Nec
2886 2005 3030 2057 enim
3075 2004 3282 2059 defectu
3319 2021 3505 2060 eorum
3533 2046 3548 2070 ,
3576 2017 3671 2060 aut

2103 2090 2407 2155 medicinae,
2438 2102 2534 2146 aut
2564 2093 2756 2147 resinae
2781 2103 2967 2148 curata
3006 2109 3113 2147 non
3140 2102 3243 2148 est.
3275 2093 3445 2150 Porro
3473 2097 3667 2151 inediri

2103 2194 2230 2238 sunt
2263 2185 2436 2253 angeli
2470 2185 2575 2239 sub
2608 2201 2805 2256 magno
2833 2187 3043 2241 medico
3071 2187 3202 2253 Deo,
3225 2190 3317 2259 qui
3340 2205 3533 2244 curare
3566 2191 3669 2245 ob»

2102 2287 2393 2346 sequentes
2429 2279 2635 2334 volunt.
2690 2278 2786 2333 Sin
2831 2274 3043 2345 minus,
3088 2280 3377 2335 dicent":
3431 2280 3670 2335 Derelin-

2100 2384 2324 2437 quantus
2353 2385 2501 2432 eam,
2542 2385 2723 2423 eamus
2760 2372 3110 2441 unusquisque
3150 2372 3205 2424 in
3248 2380 3443 2425 terrant
3483 2389 3665 2437 suam,

2102 2476 2372 2530 suumque
2407 2461 2616 2526 locum,
2640 2469 2695 2515 et
2721 2476 2879 2515 suum
2906 2477 3044 2530 opus
3070 2503 3084 2526 ,
3112 2466 3360 2532 quoniam
3387 2465 3669 2533 appropin-

2099 2553 2279 2621 quavit
2324 2553 2392 2605 ad
2417 2551 2604 2606 caelum
2627 2552 2891 2621 judicium
2920 2552 3035 2621 ejus
3055 2554 3123 2621 7’,
3156 2555 3508 2624 reprobantes
3546 2570 3666 2609 eam

2103 2651 2161 2696 ut
2207 2642 2560 2697 iucurabilem
2591 2652 2646 2696 et
2668 2658 2975 2712 passuram,
3003 2660 3124 2713 qua:
3157 2645 3265 2715 pati
3295 2646 3449 2699 deest
3475 2644 3668 2715 despe-

2100 2740 2268 2784 ratos.
2314 2729 2448 2784 Nam
2476 2741 2530 2785 et
2557 2746 2845 2800 corporum
2877 2733 3069 2793 medici
3095 2734 3355 2788 deserunt
3390 2734 3669 2787 incurabi-

2099 2824 2199 2887 les,
2229 2838 2296 2877 ne
2319 2823 2371 2876 in
2405 2825 2657 2878 manibus
2691 2839 2881 2879 eorum
2923 2827 3254 2890 moriantur,
3283 2826 3424 2895 quod
3460 2824 3666 2880 faciunt

2098 2915 2292 2985 angeli.
2329 2914 2499 2971 Porro
2521 2916 2736 2985 quoties
2769 2930 3079 2985 peccamus,
3105 2917 3376 2987 judicium
3411 2927 3662 2975 nostrum

2096 3005 2295 3060 crescit
2321 3014 2375 3059 et
2417 3004 2484 3059 ad
2528 3005 2707 3059 sidera
2735 3006 2961 3069 tollitur,
2998 3006 3051 3060 id
3080 3015 3197 3074 est,
3223 3023 3395 3077 usque
3433 3011 3501 3064 ad
3538 3026 3665 3066 san-

2097 3105 2236 3159 ctos,
2280 3104 2334 3151 et
2362 3104 2491 3151 tunc
2522 3094 2665 3152 Deus
2699 3097 2905 3167 profert
2945 3098 3212 3167 judicium
3261 3116 3422 3156 suum
3466 3103 3535 3157 ad
3568 3102 3665 3158 de-

2101 3186 2444 3257 primendum
2472 3186 2738 3257 judicium
2769 3203 2801 3243 a
2829 3198 3051 3258 peccato
3077 3190 3450 3257 sublevatum,
3485 3192 3665 3247 humi-

2099 3280 2239 3335 liaus
2272 3290 2555 3351 peccatum
2590 3289 2643 3336 et
2678 3281 2945 3354 condigna
2974 3284 3307 3341 retribuens.

2170 3559 2257 3611 10.
2314 3556 2518 3623 Venite,
2547 3567 2597 3612 et
2627 3561 2998 3613 annuntiemus
3030 3561 3082 3613 in
3122 3558 3273 3614 Sion.
3330 3559 3498 3615 Isaias
3525 3576 3659 3630 quo-

2095 3666 2202 3720 que
2234 3650 2561 3705 vaticinatus
2602 3659 2685 3705 est
2709 3651 2757 3682 ⁸⁸
2788 3667 2802 3705 :
2831 3649 2999 3720 Super
3033 3662 3205 3704 monte
3254 3650 3535 3719 campestri
3569 3666 3662 3706 cz-

410 3734 605 3802 μεῖον,
630 3735 915 3803 ὐψώσατε
943 3737 1058 3804 τὴν
1094 3737 1303 3806 φωνὴν
1331 3740 1565 3806 αὐτοῖς’
1599 3744 1996 3809 παρακαλεῖτε

1991 3764 1996 3793 τ
2097 3741 2268 3796 tollite
2306 3743 2537 3813 signum,
2568 3742 2761 3797 elevate
2789 3758 2959 3795 vocem
2992 3741 3120 3808 illis,
3147 3741 3433 3793 hortamini
3477 3757 3657 3795 manu.

418 3823 494 3893 τῇ
525 3825 693 3894 χειρί.
722 3825 904 3879 Ταῦτα
927 3826 984 3879 δὲ
1015 3827 1253 3899 Πέρσαις
1284 3828 1377 3881 καὶ
1405 3830 1608 3899 Μήδοις
1642 3833 1691 3884 οἱ
1720 3834 1992 3904 προφῆται

2098 3835 2170 3888 I.a
2226 3849 2387 3902 porro
2432 3832 2628 3888 Persas
2674 3834 2964 3901 Medosque
2996 3831 3359 3886 hortabantur
3389 3830 3660 3900 prophetae

418 3918 867 3989 παρεκελεύοντο,
899 3919 976 3983 ὼς
1016 3921 1354 3992 κρατήσασιν
1394 3922 1493 3994 ήδη
1540 3922 1873 3990 Βαϐυλῶνος,
1899 3929 1994 3981 ἐπὶ

2088 3928 2201 3993 jam
2236 3943 2415 3980 rerum
2444 3926 2890 3996 Bahylonicarum
2923 3924 3152 3992 petitos,
3183 3931 3242 3975 ut
3271 3939 3432 3992 super
3473 3939 3659 3978 muros

414 4008 528 4062 τῶν
559 4010 727 4081 αὐτῆς
771 4010 966 4081 τειχῶν
1006 4010 1353 4082 ἁλωσομένης
1384 4014 1682 4068 ἀνατείνειν
1712 4015 1806 4069 τοῦ
1838 4018 1995 4071 πολέ-

1991 4048 1995 4057 ›
2095 4017 2242 4071 illius
2268 4018 2642 4087 expugnanda:
2673 4015 2794 4070 belli
2828 4014 3042 4084 signum
3091 4014 3391 4081 erigerent,
3415 4030 3525 4083 quo
3557 4015 3657 4067 mi-

425 4116 527 4169 μου
552 4099 613 4152 τὸ
644 4099 902 4172 σύνθεμα,
934 4101 1001 4155 δι’
1032 4097 1092 4156 οὗ
1118 4101 1337 4171 δηλοῦσι
1364 4105 1476 4167 τοῖς
1510 4104 1867 4177 στρατιώταις
1896 4108 1992 4179 τὴν

1988 4127 1992 4150 ι
2094 4107 2278 4161 litibus
2309 4106 2709 4176 aggressionem
2740 4105 3059 4159 indicarent.
3095 4104 3159 4159 Et
3183 4107 3237 4159 in
3276 4115 3526 4175 promptu
3562 4107 3654 4159 lia.

421 4178 630 4260 ἐιροδον.
668 4193 775 4245 Kal.
801 4192 871 4246 τὰ
901 4192 1042 4247 ὅπλα
1063 4193 1205 4265 ἔχειν
1236 4196 1294 4247 ὲν
1322 4195 1521 4267 ἑτοίμῳ
1544 4178 1988 4269 παρακελεύεται’

1723 4178 1988 4253 ιελεύεταν
2095 4198 2219 4251 here
2251 4213 2400 4251 arma
2425 4197 2602 4266 jubet,
2628 4211 2787 4252 arcus
2817 4195 3065 4252 Videlicet
3091 4197 3389 4253 Medorum.

414 4282 485 4337 τὰ
514 4283 643 4351 τόξα
672 4286 784 4348 τοῖς
811 4285 1016 4357 Μήδοις
1048 4287 1232 4356 φησιν.

484 4376 568 4429 17.
625 4377 957 4447 Ἐμωράνθη
1010 4379 1130 4446 πᾶς
1180 4380 1488 4450 ἄνθρωπος
1526 4382 1642 4436 ἀπὸ
1689 4382 1985 4452 γνώσεως.

1983 4428 1985 4435 ,
2164 4378 2249 4432 l7.
2291 4376 2502 4433 Stultus
2540 4378 2713 4449 {actus
2758 4389 2835 4434 est
2878 4380 3046 4434 omnis
3097 4382 3250 4434 homo
3292 4381 3348 4434 in
3408 4382 3649 4437 scientia.

411 4467 484 4520 Συ
492 4468 726 4539 μφώνως
756 4468 812 4522 δὲ
844 4469 943 4541 τῷ,
978 4471 1308 4542 Ἐμωράνθη
1357 4472 1477 4540 πᾶς
1518 4474 1827 4543 ἄνθρωπος
1868 4478 1986 4532 ἀπὸ
2020 4477 2062 4529 D

2020 4477 2062 4529 D
2094 4472 2278 4526 Simile
2304 4470 2429 4524 huic
2458 4487 2471 4524 :
2505 4468 2711 4525 Stultus
2740 4470 2916 4539 [actus
2936 4483 3011 4525 est
3047 4474 3217 4525 omnis
3249 4473 3401 4527 Itonia
3432 4492 3464 4527 a
3492 4475 3656 4528 scien-

411 4558 704 4627 γνώσεως,
737 4562 767 4613 ό
795 4560 1006 4626 Παῦλός
1035 4581 1199 4635 φησιν
1223 4581 1237 4595 ο
1272 4566 1418 4634 Οὐχὶ
1449 4565 1750 4635 ἐμώρανεν
1786 4572 1819 4622 ό
1849 4569 1992 4635 Θεὸς

1985 4591 1992 4605 ι
2090 4565 2187 4619 tia.
2222 4561 2424 4616 Paulus
2456 4562 2614 4615 habet
2633 4562 2676 4593 “
2709 4580 2723 4616 :
2754 4561 2944 4616 Nonne
2970 4563 3189 4618 stultam
3223 4565 3347 4631 fecit
3380 4564 3516 4619 Deus
3563 4583 3651 4618 sa-

410 4648 525 4717 τὴν
553 4653 778 4721 σοφίαν
808 4652 915 4707 τοῦ
958 4655 1188 4724 κόσμου
1219 4657 1474 4719 τούτου;
1519 4658 1723 4729 Καιρὺς
1761 4658 1820 4711 δὲ
1872 4661 1991 4712 ἑπι-

1970 4690 1991 4700 -
2086 4656 2339 4727 pientiam
2362 4653 2516 4723 hujus
2547 4654 2771 4709 mundi?
2797 4652 3034 4722 Tempus
3060 4654 3386 4709 visitationis
3424 4655 3636 4709 destru-

410 4740 653 4810 σκέψεως
681 4741 917 4812 μάλιστα
943 4744 976 4814 ή
1014 4743 1113 4812 τῆς
1133 4744 1573 4817 είδωλολατρείας
1600 4747 1706 4800 ἀπὸ
1730 4747 1831 4817 τῆς
1854 4750 1988 4819 Χρι-

1981 4780 1988 4790 -
2084 4747 2199 4799 ριίο
2238 4756 2324 4799 est
2368 4745 2684 4798 idololatria:
2726 4752 2846 4814 post
2895 4744 3100 4798 Christi
3148 4746 3474 4812 adventum;
3519 4762 3647 4801 vasa

407 4828 536 4881 στοῦ
571 4831 871 4902 παρουσίας
894 4831 1229 4903 καθαίρεσις.
1262 4835 1434 4905 Σκεύη
1480 4835 1537 4889 δὲ
1577 4836 1814 4907 πολέμου
1844 4838 1987 4909 ἅπερ

1983 4860 1987 4883 ι
2083 4835 2208 4890 belli
2249 4852 2372 4901 qua:
2414 4835 2742 4907 Babylonius
2787 4836 3080 4906 dispersit,
3113 4845 3242 4891 sunt
3278 4836 3378 4890 viri
3422 4835 3560 4892 Juda
3594 4848 3649 4893 et

404 4921 434 4971 ό
461 4919 799 4985 Βαϐυλώνιος
824 4921 1199 4994 διεσκόρπισεν
1228 4926 1276 4976 oi
1312 4924 1409 4979 τοῦ
1444 4925 1657 4997 Ἰσραὴλ
1684 4927 1779 4981 καὶ
1811 4926 1981 4980 ’ἰούδα

2084 4928 2300 4982 lsraelis
2334 4928 2643 4993 bellatores,
2668 4944 2767 4999 pro
2795 4927 2994 4999 quibus
3018 4928 3259 4984 minatur
3284 4945 3343 4986 se
3379 4929 3432 4985 in
3457 4945 3648 4986 omnes

402 5011 657 5082 πολέμων
704 5012 956 5084 ἔμπειροι
1000 5013 1210 5085 ἄνδρες,
1241 5014 1358 5069 ἀνθ’
1378 5010 1453 5070 ὧν
1493 5017 1707 5072 ἀπειλεῖ
1755 5018 1982 5089 μηδενὸς

939 5031 956 5065 ι
1000 5013 1210 5085 ἄνδρες,
1241 5014 1358 5069 ἀνθ’
1378 5010 1453 5070 ὧν
1493 5017 1707 5072 ἀπειλεῖ
1755 5018 1982 5089 μηδενὸς
2081 5020 2605 5076 animadversurum.

403 5105 672 5161 ποιεῖσθαι
699 5105 886 5177 φειδώ.

474 5196 563 5251 21.
604 5199 717 5253 Καὶ
746 5199 1114 5269 διασκορπαῦ
1140 5198 1240 5253 ἐπὶ
1270 5199 1392 5256 σοὶ.
1440 5219 1494 5254 κ.
1551 5218 1601 5255 τ.
1654 5202 1701 5255 ὲ.
1753 5201 1980 5257 Ἀναϐά-

2152 5194 2243 5249 ει.
2285 5193 2355 5248 Ει
2399 5194 2698 5265 dispergam
2746 5195 2803 5249 in
2836 5204 2915 5263 te,
2949 5204 3054 5254 etc.
3102 5198 3436 5255 Asceusores
3477 5215 3648 5269 equo-

399 5304 491 5341 ται
546 5290 728 5344 ἵππων
773 5293 823 5346 oi
868 5292 1138 5364 δαίμονες,
1184 5293 1235 5345 οἱ
1279 5294 1399 5356 ταῖς
1446 5296 1735 5365 σαρκικαϊς
1767 5293 1979 5366 ήδοναϊς
2036 5300 2039 5305 ’

2036 5300 2039 5305 ’
2083 5303 2235 5351 rum,
2263 5288 2539 5343 daemones
2582 5295 2738 5352 sunt,
2771 5289 2865 5358 qui
2896 5290 3077 5344 carnis
3102 5290 3471 5359 voluptatibus
3513 5290 3648 5344 insi-

399 5382 811 5454 ἑπικαθήμενοι.
848 5382 953 5437 Καὶ
984 5383 1151 5438 πὰλαι
1185 5384 1284 5454 μὲν
1329 5384 1431 5455 τῆς
1470 5384 1743 5454 Αἰγύπτου
1789 5386 1977 5440 ἵππον

2079 5381 2227 5437 dent.
2267 5379 2331 5434 Et
2357 5380 2485 5433 olim
2519 5380 2736 5450 quidem
2773 5379 2989 5451 Egypti
3021 5397 3208 5450 equum
3236 5390 3285 5434 et
3321 5395 3646 5434 ascensorem

400 5472 497 5525 καὶ
537 5473 842 5541 ἀναϐάτην
880 5475 1126 5545 ἔρριψεν
1172 5477 1258 5543 εὶς
1303 5475 1623 5531 θάλασσαν
1642 5494 1659 5509 ο
1704 5470 1849 5531 οὗτοι
1894 5480 1970 5544 δὲ,

2077 5475 2298 5545 projecit
2327 5474 2381 5526 in
2405 5472 2548 5526 niare
2562 5473 2643 5540 ";
2691 5472 2744 5526 hi
2774 5487 2902 5527 vero
2927 5475 3108 5529 varios
3135 5476 3362 5528 allectus
3399 5473 3452 5527 in
3484 5474 3646 5528 nobis

399 5563 722 5633 ζευγνύντες
766 5567 824 5619 ὲν
869 5568 1002 5638 ήμϊν
1051 5567 1281 5639 διάφορα
1325 5567 1506 5638 πάθη,
1555 5570 1675 5632 ταῖς
1722 5569 1972 5641 τέτρασιν

2071 5569 2365 5643 jungentcs
2413 5574 2648 5636 quatuor
2690 5567 2983 5623 virtutibus
3026 5568 3306 5636 oppositos
3349 5560 3664 5622 moliuntur

472 5680 517 5712 "
548 5678 730 5760 {creat
778 5696 831 5760 ιι
876 5680 930 5734 7.
985 5751 999 5760 _
1060 5681 1321 5739 "Cenes.
1354 5698 1435 5749 III,
1468 5683 1550 5738 t9.
1630 5683 1673 5726 ⁷7
1701 5680 1899 5740 iorem.
1924 5704 2007 5760 LI,
2034 5689 2085 5749 8.
2163 5691 2208 5723 "
2241 5685 2371 5743 ibid.
2401 5681 2454 5736 9.
2531 5681 2577 5713 τ’
2605 5681 2734 5739 ibid.
2810 5685 2856 5717 ⁸ο
2886 5682 2988 5741 lsa.
3031 5698 3151 5753 xui,
3180 5684 3235 5741 2.
3310 5687 3352 5721 "
3393 5686 3412 5743 l
3447 5686 3575 5743 Cor.
3605 5704 3644 5753 ι,

401 5747 491 5805 20.
570 5749 615 5781 "
646 5748 815 5804 Exod.
848 5766 939 5814 xv.
980 5751 1028 5805 Ι.
