4070 6296
489 381 598 436 603

1898 377 1989 432 EX
2031 376 2332 433 ORIGENE

3631 373 3739 434 (ἷοί

485 510 708 550 currus.
729 491 794 545 Et
817 489 1106 545 iracundus
1121 487 1341 558 quidem
1361 498 1416 544 et
1431 488 1619 544 valens
1643 488 1709 545 ad
1728 488 1954 555 malum,
1974 499 2054 543 est

2160 491 2381 561 ἀρεταῖς
2437 490 2788 559 ἀντικείμενα
2835 488 3331 553 κατασκευάζουσιν
3360 488 3601 560 ἅρματα.
3630 494 3740 548 Καὶ

489 585 605 650 vir;
673 583 766 650 qui
808 597 935 635 vero
981 580 1352 650 voluptatibus
1406 581 1622 635 deditus
1670 590 1786 645 est,
1832 580 2058 642 mulier;

486 675 652 746 319
673 683 725 726 et
765 687 929 726 senex
971 672 1216 740 quidem,
1264 672 1596 727 inveteratus
1631 672 1840 726 dierum
1885 671 2060 724 malo-

487 783 608 822 rum
631 785 644 830 ;
667 765 896 833 juvenes
922 773 1126 825 autem,
1153 764 1219 817 de
1249 765 1450 835 quibus
1471 763 1637 819 Isaias
1670 764 1801 820 dicit
1821 764 1866 795 ⁸³
1892 783 1905 819 :
1931 763 2061 817 Esa-

486 859 623 910 rient
645 856 909 925 juniores,
940 864 989 908 et
1021 854 1392 925 fatigabantur
1415 855 1652 924 juvenes,
1678 857 1929 928 clectique
1951 859 2062 912 sine

484 947 682 1001 viribus
707 957 882 1000 erant.
921 946 986 1002 Et
1019 959 1210 1002 contra
1233 947 1279 979 ⁸³
1307 966 1319 1001 :
1355 945 1461 1011 Qui
1487 949 1747 1002 sustinent
1780 948 2060 1001 Dominam

482 1037 878 1092 commutabant
903 1037 1288 1107 fortitudinem,
1319 1038 1527 1108 plumas
1547 1039 1794 1108 abjicient
1823 1049 1879 1094 ut
1909 1041 2062 1110 aqui-

485 1129 572 1194 Ιω,
619 1139 851 1193 current,
903 1137 952 1183 et
1010 1145 1114 1182 non
1162 1129 1547 1201 fatigabantur.
1585 1129 1797 1186 Electos
1827 1147 1973 1186 nunc
2004 1131 2058 1184 in

486 1222 631 1276 malo
653 1222 752 1283 ait.
784 1221 1093 1292 cujusmodi
1118 1222 1249 1277 illud
1278 1232 1363 1278 est
1385 1224 1430 1255 ³⁸
1460 1242 1473 1278 :
1505 1222 1571 1276 Et
1597 1223 1700 1277 cibi
1721 1223 1866 1277 illius
1886 1223 2056 1277 electi.

483 1319 553 1367 At
586 1315 679 1384 qui
707 1322 835 1368 sunt
879 1329 980 1384 pro
1021 1315 1222 1370 virtute
1251 1315 1428 1381 electi,
1465 1331 1494 1370 a
1525 1314 2061 1371 Nabuchodonosore

485 1405 881 1474 deglutiuntur.
933 1405 1136 1461 Habuit
1166 1423 1385 1477 quoque
1414 1409 1674 1479 virgines,
1711 1409 1811 1463 has
1839 1409 2056 1478 quidem

485 1496 752 1561 Vestales,
788 1499 908 1554 illas
929 1514 1058 1554 vero
1095 1498 1338 1571 Pythias,
1374 1500 1510 1554 alias
1540 1501 1660 1556 aliis
1690 1500 1883 1555 modis.
1916 1500 2057 1566 Quin

485 1597 540 1641 et
566 1589 748 1642 anima
768 1604 889 1657 qua:
913 1589 1152 1643 divinum
1178 1604 1286 1643 non
1313 1591 1552 1660 suscepit
1574 1606 1781 1655 semen,
1809 1590 1885 1644 illi
1909 1589 2060 1660 virgo

483 1688 589 1732 est.
619 1678 791 1734 llabet
821 1688 876 1734 et
907 1691 1174 1750 pastores,
1204 1692 1258 1736 et
1283 1681 1534 1737 doctores
1567 1681 1659 1751 qui
1689 1697 1952 1752 sequaces
1977 1682 2058 1735 in-

486 1780 738 1838 struunt;
783 1772 876 1827 sed
910 1781 962 1826 et
997 1773 1266 1843 agricolas
1295 1773 1503 1828 zizania
1533 1773 1974 1838 disseminantes,
2006 1783 2058 1828 et

487 1864 714 1918 cultura:
749 1864 1027 1932 spinarum
1067 1864 1500 1935 tribulorumque
1537 1865 1816 1920 studentes
1841 1907 1855 1931 ,
1897 1866 2058 1920 idest

486 1965 825 2010 terrenarum
862 1955 916 2009 in
953 1955 1267 2012 hominibus
1296 1972 1574 2012 curarum.
1613 1956 1785 2012 Habet
1810 1965 1864 2012 et
1891 1958 2058 2013 (luces

485 2039 540 2093 in
571 2041 794 2106 malitia,
824 2051 876 2096 et
901 2043 1193 2111 principes,
1216 2051 1271 2097 et
1290 2044 1560 2114 prmeipue
1587 2045 1708 2100 illos
1730 2046 2056 2116 quibuscum

483 2128 634 2181 nobis
683 2142 757 2183 est
800 2129 1106 2184 colluctatio
1154 2130 1403 2185 adversus
1449 2133 1779 2202 principatus
1823 2142 1873 2186 et
1912 2143 2059 2202 pote-

481 2231 646 2274 states
669 2221 735 2275 ⁸⁸.
768 2219 862 2277 His
893 2223 1076 2293 itaque
1100 2223 1358 2278 omnibus
1387 2222 1530 2278 Deus
1563 2224 1813 2279 retribuit
1845 2224 1896 2278 in
1929 2240 2058 2278 con-

484 2319 670 2378 spectu
703 2327 915 2373 eorum,
957 2311 1052 2380 qui
1085 2312 1250 2380 paulo
1282 2321 1406 2366 ante
1443 2312 1728 2368 dixerant:
1777 2312 1976 2381 Venite,
2006 2323 2055 2368 et

483 2403 761 2457 adoremus
793 2403 846 2457 in
875 2402 1002 2458 Sion
1039 2407 1308 2476 magnalia
1341 2405 1454 2460 Dei.

551 2645 643 2704 25.
688 2646 820 2701 Ecce
849 2665 944 2718 ego
973 2647 1043 2701 ad
1083 2656 1132 2702 te
1174 2657 1403 2703 montem
1443 2659 1769 2719 corruptum.
1817 2648 2050 2704 Montem

481 2749 642 2793 vocat
689 2738 1016 2810 Babylonem
1069 2752 1286 2810 propter
1331 2725 1482 2811 iegni
1536 2741 1907 2806 altitudinem;
1959 2742 2053 2810 qui

481 2828 702 2896 quidem
729 2844 886 2885 mons
907 2845 975 2883 ex
1009 2829 1276 2884 idolorum
1309 2830 1457 2885 cultu
1485 2830 1812 2900 injustisque
1835 2841 2055 2887 consta-

483 2920 576 2972 bat
597 2920 876 2988 operibus,
899 2922 1099 2991 quibus
1125 2931 1383 2992 corrupta
1408 2923 1524 2993 ipsa
1546 2931 1770 2979 caeteros
1798 2939 2056 2995 corrupe-

482 3021 587 3067 rat.
613 3010 743 3066 Erat
778 3013 938 3066 etiam
971 3013 1024 3065 in
1055 3014 1271 3068 sublimi
1307 3014 1428 3072 loco
1468 3013 1571 3068 sita
1605 3014 1798 3072 civitas
1834 3024 2054 3085 propter

482 3103 705 3158 lluvium
734 3102 807 3157 illi
830 3103 1092 3167 vicinum,
1117 3121 1179 3159 ex
1210 3121 1319 3174 quo
1343 3105 1667 3174 quibusdam
1699 3107 1956 3177 gradibus
1985 3109 2051 3162 ad

484 3196 670 3250 urbem
716 3195 1111 3252 aseendebatur
1152 3196 1206 3250 in
1245 3197 1384 3254 duas
1414 3205 1595 3263 partes
1627 3197 1881 3262 divisam,
1905 3208 1960 3255 et
1986 3216 2051 3254 ex

483 3296 713 3356 utraque
742 3287 860 3356 ripa
888 3285 1099 3341 ﬂumini
1129 3286 1463 3356 adjacentem
1481 3306 1497 3354 ;
1549 3297 1602 3343 et
1628 3301 1887 3359 praeterea
1917 3292 2052 3346 civi-

479 3380 610 3434 tatis
651 3380 849 3434 moenia
894 3378 1161 3434 altissima
1189 3389 1365 3434 erant.
1398 3379 1616 3434 Manum
1645 3396 1775 3436 vero
1807 3382 1916 3436 vim
1955 3399 2054 3454 pu-

481 3470 666 3525 niendi
686 3479 861 3534 vorat,
879 3485 909 3525 e
931 3469 1145 3539 propria
1173 3471 1259 3523 illa
1286 3471 1578 3527 securitate
1612 3479 1666 3525 et
1687 3472 2050 3539 munimento,

478 3571 742 3633 tanquam
786 3579 817 3619 e
860 3563 1028 3632 petris
1074 3562 1472 3630 deturbantem,
1541 3563 1856 3634 lapidesque
1910 3567 2054 3622 illius

477 3656 794 3726 prodentem
821 3655 955 3710 nulli
983 3655 1106 3710 usui
1132 3653 1347 3710 futuros
1378 3664 1602 3725 propter
1629 3656 1831 3726 ignem,
1856 3666 1918 3712 ut
1944 3675 2050 3713 non

474 3758 656 3804 exstet
687 3749 824 3818 lapis
863 3749 927 3803 ad
963 3746 1178 3800 tirmum
1219 3745 1508 3802 aedilicium
1540 3756 1721 3818 aptus.
1763 3747 2055 3819 Anagogiae

481 3856 610 3894 vero
637 3841 847 3893 ratione
874 3854 1034 3893 mons
1064 3846 1148 3892 est
1178 3847 1403 3892 vocatus
1435 3846 1490 3890 ct
1521 3838 1797 3905 diabolus,
1827 3850 1885 3894 ut
1911 3843 2052 3910 apud

479 3927 800 3985 Zachariam
829 3929 920 3982 "°':
958 3928 1088 3994 Quis
1117 3944 1170 3981 es
1205 3936 1278 3988 tu,
1314 3943 1462 3980 mons
1492 3942 1696 3996 magne,
1731 3931 1822 3999 qui
1847 3946 1900 3983 es
1933 3940 2055 3984 ante

480 4021 671 4088 facient
698 4020 1028 4075 Zorobabel?
1051 4019 1118 4075 Et
1144 4019 1212 4074 de
1241 4035 1308 4074 eo
1333 4019 1426 4089 qui
1461 4019 1696 4073 habebat
1722 4020 2052 4075 daemonium

481 4113 706 4166 surdum
735 4122 788 4167 et
814 4123 1047 4179 mutum,
1079 4112 1258 4168 aiebat
1291 4111 1542 4168 Salvator
1569 4112 1612 4144 "
1647 4128 1660 4165 :
1688 4111 1749 4166 Si
1777 4112 1936 4181 ﬁdem
1957 4113 2055 4166 Ita-

478 4203 665 4260 bebitis
699 4211 948 4274 tanquam
983 4219 1204 4272 granum
1234 4202 1456 4272 sinapis,
1484 4200 1669 4255 dicetis
1698 4201 1820 4255 huic
1849 4203 2014 4256 monti
2033 4219 2051 4256 .'

491 4297 652 4363 Vade,
679 4305 728 4350 et
768 4295 953 4348 abibit.
995 4293 1148 4348 Mons
1189 4294 1371 4364 itaque
1404 4295 1651 4350 diabolus
1681 4303 1761 4350 est
1791 4310 1889 4351 sua
1923 4311 2052 4366 pra-

477 4390 645 4444 vitate
674 4396 986 4455 corruptus,
1041 4400 1510 4457 corrumpensquc
1559 4401 1655 4442 eos
1701 4387 1795 4456 qui
1837 4397 2048 4443 terrena

474 4482 716 4551 sapiunt.

544 4574 635 4631 27.
680 4569 1026 4638 Sanctiﬁcate
1076 4583 1231 4632 super
1280 4585 1396 4623 eam
1450 4579 1644 4638 gentes.
1703 4569 2049 4625 Sauctiﬁcate

477 4675 686 4735 gentes,
730 4663 833 4718 hoc
870 4669 974 4726 est,
1011 4669 1314 4730 segregate.
1371 4659 1742 4716 Sanctiticatio
1785 4661 1930 4714 enim
1967 4670 2051 4717 est

480 4756 574 4809 Dei
602 4755 986 4818 ministerium,
1011 4751 1262 4824 quamvis
1287 4752 1354 4806 ad
1381 4751 1717 4820 puniendum
1741 4753 1830 4806 sit.
1859 4751 2049 4808 Prefa-

479 4855 585 4894 nus
615 4845 758 4893 enim
790 4851 874 4896 est
900 4841 994 4910 qui
1021 4841 1086 4894 ad
1119 4841 1222 4895 hoc
1251 4851 1566 4910 segregatus
1594 4850 1695 4906 est,
1727 4842 1905 4910 qualis
1932 4852 2049 4897 erat

478 4930 673 5000 Cyrus,
697 4931 763 4984 ad
793 4948 953 5000 quem
987 4948 1082 5001 per
1120 4930 1314 4988 Isaiam
1349 4933 1423 4987 ait
1450 4933 1495 4962 ⁸⁸
1524 4950 1538 4986 :
1575 4931 1653 4987 Tu
1685 4949 1800 4986 vero
1830 4950 1933 4988 non
1961 4952 2049 4988 co-

476 5019 703 5090 gnovisti
734 5036 831 5072 me.
857 5019 1130 5086 Quasdam
1156 5039 1284 5077 vero
1311 5039 1433 5093 qua:
1459 5023 1512 5076 in
1546 5023 1873 5094 Babylonios
1897 5042 2048 5081 arma

477 5118 851 5179 smnpserunt,
897 5113 1110 5165 vocavit
1152 5123 1360 5182 gentes,
1400 5113 1455 5167 in
1491 5114 1690 5183 quibus
1722 5115 1916 5171 Araret
1945 5115 2049 5170 Ar—

475 5202 690 5258 mettios
725 5212 900 5258 vocat.

545 5295 639 5350 29.
684 5294 960 5350 Commota
994 5301 1072 5352 est
1101 5302 1266 5361 terra,
1298 5305 1403 5352 etc.
1443 5295 1727 5354 Commota
1775 5309 1858 5356 est
1905 5309 2046 5357 terra

475 5387 758 5444 hominum
790 5385 910 5455 ejus
957 5385 1283 5454 incolarum,
1327 5389 1422 5459 qui
1467 5391 1843 5460 superioribus
1886 5396 2044 5452 annis

476 5477 703 5532 ﬁrmiter
737 5475 960 5532 stabiliti
1000 5489 1178 5544 erant,
1211 5487 1265 5532 et
1305 5479 1581 5536 soliditate
1613 5481 1776 5552 320
1801 5495 2042 5554 potenta-

474 5575 627 5622 tuum
656 5575 711 5620 et
739 5582 1028 5638 regnorum
1069 5583 1294 5624 suorum
1336 5573 1712 5641 potiebantur;
1745 5591 1888 5630 nunc
1917 5593 2044 5631 vero

545 5698 590 5772 f’
623 5696 724 5752 lsa.
764 5700 977 5772 XL,_50.
1047 5701 1093 5733 "‘
1127 5702 1279 5772 ibid.,
1316 5706 1404 5761 5!.
1475 5708 1520 5740 ⁸⁵
1551 5707 1752 5766 Hahae.
1782 5728 1818 5772 ι,
1855 5712 1932 5765 lb.
1998 5714 2042 5744 ⁸⁸

478 5761 522 5795 ⁸⁸
551 5763 652 5819 lsa.
684 5783 806 5830 xcv,
838 5769 891 5822 εί.

2161 581 2189 630 6
2233 581 2330 650 μὲν
2377 580 2630 651 θυμώδης
2674 582 2767 634 καὶ
2809 583 2945 651 πρὸς
2987 581 3181 635 κακίαν
3213 582 3522 653 ἐρρωμένος
3559 584 3736 656 ἀνὴρ·

2157 672 2190 724 6
2233 673 2288 724 δὲ
2339 673 2473 744 πρὸς
2522 671 2718 744 ἡδονὰς
2777 673 3064 744 λελυμένος
3117 673 3285 743 γυνή·
3346 673 3439 726 καὶ
3503 674 3743 742 πρεσϐύ-

2159 779 2259 833 της
2312 763 2410 833 μὲν
2464 765 2493 816 6
2549 764 3000 834 πεπαλαιωμένος
3060 762 3244 816 κακῶν
3293 763 3553 834 ἡμερῶν·
3611 782 3740 817 νεα-

2161 852 2334 905 νίσκοι
2395 853 2453 906 δὲ
2512 854 2642 926 περὶ
2702 847 2777 907 ὧν
2834 855 3060 917 Ἡσαΐας
3133 853 3300 923 φησί·
3369 853 3741 909 Πεινὰσουσι

2159 945 2428 1013 νεώτεροι
2461 945 2560 999 καὶ
2588 944 2952 999 κοπιάσουσι
2977 945 3308 1010 νεανίσκοι,
3339 945 3437 998 καὶ
3460 945 3736 1000 ἐκλεκτοὶ

2159 1036 2454 1106 ἀνίσχυες
2495 1037 2759 1092 ἔσονται·
2802 1037 2894 1091 καὶ
2925 1037 3252 1092 τούναντίον·
3305 1039 3369 1090 Oi
3409 1037 3476 1090 δὲ
3515 1037 3739 1106 ὺπεμέο

2159 1145 2369 1193 νοντες
2415 1127 2523 1180 τὸν
2572 1127 2722 1181 Θεὸν
2752 1127 3130 1192 ἀλλάξουσιν
3171 1127 3373 1197 ἰσχὺν,
3405 1127 3739 1196 πτεροφυή-

2158 1232 2385 1272 σουσιν
2407 1219 2490 1285 ὡς
2517 1218 2698 1283 ἀετοὶ,
2729 1219 3110 1288 δραμοῦνται,
3139 1219 3234 1272 καὶ
3258 1221 3329 1272 οὑ
3353 1219 3731 1276 κοπιάσουσι.

2159 1308 2301 1373 Τοὺς
2333 1309 2624 1373 ἐκλεκτοὺς
2651 1310 2708 1363 δὲ
2749 1310 2842 1362 νῦν
2881 1310 2942 1362 ἐν
2980 1310 3149 1381 κακίᾳ
3189 1309 3372 1381 φησίν·
3403 1312 3585 1364 ὁποῖόν
3616 1314 3734 1366 ἐστι

2157 1402 2238 1454 τό·
2274 1400 2386 1454 Καὶ
2421 1401 2492 1453 τὰ
2521 1398 2806 1470 ,ϐρώματα
2837 1400 3022 1454 αὐτοῦ
3052 1400 3322 1454 ἐκλεκτώ
3365 1401 3428 1454 οι
3457 1402 3578 1454 κατ’
3603 1405 3734 1474 ἀρε-

2159 1491 2257 1562 τὴν
2303 1490 2455 1554 ὄντες
2494 1489 2739 1544 ἐκλεκτοὶ
2776 1491 2882 1544 ὑπὸ
2917 1489 3011 1543 τοῦ
3056 1490 3522 1563 Ναϐουχοδονόσορ
3561 1510 3733 1547 κατα-

2159 1583 2422 1636 πίνονται.
2456 1584 2618 1652 Ἔσχε
2647 1581 2704 1635 δὲ
2729 1582 2822 1635 καὶ
2857 1581 3177 1654 παρθένους,
3203 1582 3302 1645 τὰς
3328 1582 3427 1653 μὲν
3465 1584 3728 1637 Ἐστιατι⁹

2160 1674 2282 1737 κάς,
2313 1673 2411 1737 τὰς
2430 1673 2486 1726 δὲ
2512 1672 2738 1736 Πυθίας,
2775 1672 2874 1736 τὰς
2901 1672 2958 1724 δὲ
3005 1671 3198 1733 ἄλλως.
3239 1671 3349 1725 Καὶ
3385 1671 3530 1743 ψυχὴ
3567 1673 3620 1725 δὲ
3658 1674 3733 1744 μὴ

2160 1763 2426 1834 δεξαμένη
2486 1763 2575 1816 τὸν
2621 1763 2762 1816 θεῖον
2809 1763 3007 1834 σπόρον
3054 1762 3322 1834 παρθένος
3368 1763 3514 1816 ἐστὶν
3558 1764 3731 1833 αὐτῷ.

2090 1834 2133 1892 Β
2165 1855 2316 1924 ¹Ἑχει
2348 1853 2404 1907 δὲ
2431 1855 2525 1906 καὶ
2551 1856 2833 1924 ποιμένας,
2862 1855 2954 1906 καὶ
2981 1853 3333 1916 διδασκάλους
3374 1855 3498 1918 τοὺς
3534 1855 3736 1924 ἑπομέ-

2158 1963 2281 2006 νους
2310 1947 2677 2010 παιδεύοντας·
2711 1945 2846 2000 ἀλλὰ
2893 1945 2988 1998 καὶ
3021 1946 3300 2016 γεωργοὺς
3325 1946 3450 2008 τοὺς
3485 1945 3552 1998 τὰ
3583 1944 3734 2009 ζιζά-

2158 2056 2246 2092 νια
2301 2041 2622 2111 σπείροντας
2668 2040 2762 2093 καὶ
2805 2039 3183 2111 γεωργοῦντας
3236 2040 3474 2104 ἀκάνθας
3527 2058 3586 2093 τε
3641 2042 3735 2095 καὶ

2157 2130 2463 2201 τριϐόλους,
2525 2132 2623 2195 τὰς
2677 2131 2934 2202 βιωτικὰς
2977 2132 3034 2184 ὲν
3083 2131 3389 2204 ἀνθρώποις
3443 2133 3730 2203 μερίμνας.

2161 2222 2313 2292 Ἔχει
2341 2223 2435 2275 καὶ
2465 2223 2734 2293 ἡγεμόνας
2762 2223 2820 2275 ὲν
2861 2223 3030 2294 κακίᾳ.
3066 2224 3160 2276 καὶ
3189 2224 3474 2295 ἄρχοντας,
3498 2225 3590 2278 καὶ
3623 2226 3732 2296 μά·-

2155 2311 2312 2366 λιστα
2353 2313 2490 2385 πρὸς
2519 2313 2614 2378 οὒς
2643 2314 2786 2384 ἡμῖν
2809 2315 2979 2368 ἐστιν
3010 2316 3048 2382 ἡ
3093 2313 3255 2383 πάλη
3300 2315 3450 2384 πρὸς
3491 2316 3596 2382 τὰς
3626 2317 3733 2384 ἁρ-

2156 2404 2268 2474 χὰς
2303 2406 2401 2458 καὶ
2447 2406 2554 2472 τὰς
2596 2405 2901 2472 ἐξουσίας.
2948 2405 3172 2469 Τούτοις
3201 2401 3293 2460 οὗν
3334 2408 3500 2460 πᾶσιν
3537 2409 3566 2460 6
3601 2407 3736 2470 Θεὸς

2156 2496 2482 2549 ἀποδίδωσιν
2525 2495 2754 2549 ἐνώπιον
2780 2497 2889 2549 τῶν
2930 2495 3154 2568 ἔναγχος
3183 2497 3495 2568 εἰρηκότων·
3529 2498 3732 2562 Δεῦτε,

2154 2587 2254 2640 καὶ
2287 2588 2731 2657 ἀναγγείλωμεν
2751 2587 2820 2640 ἐν
2836 2587 2990 2640 Σιὼν
3011 2587 3085 2641 τὰ
3105 2587 3387 2658 μεγαλεῖα
3422 2589 3530 2642 τοῦ
3559 2590 3730 2644 Θεοῦ.

2224 2677 2312 2730 25.
2343 2677 2488 2730 Ἰδοὺ
2511 2677 2626 2746 ἐγὼ
2653 2677 2800 2746 πρὸς
2824 2678 2900 2730 σὲ
2930 2677 2997 2730 τὸ
3023 2679 3160 2746 ὅρος
3189 2678 3254 2732 τὸ
3281 2678 3729 2749 διεφθαρμένον.

2159 2770 2322 2841 Ὄρος
2348 2769 2444 2840 τὴν
2470 2769 2761 2822 Βαϐυλῶνα
2784 2769 2870 2822 διὰ
2890 2770 2948 2823 τὸ
2971 2770 3070 2840 τῆς
3099 2770 3375 2841 βασιλείας
3397 2769 3531 2841 ὕψος
3554 2773 3725 2826 καλεῖ·

2154 2861 2290 2932 ὅπερ
2317 2857 2385 2932 ἦν
2431 2861 2490 2928 ἐξ
2522 2861 2963 2933 εἰδωλολατρείας
3009 2863 3104 2916 καὶ
3139 2863 3248 2916 τῶν
3298 2864 3496 2918 ἀδίκων
3534 2864 3727 2933 ἔργων,

2154 2951 2219 3003 δι’
2257 2945 2333 3006 ὧν
2375 2951 2648 3023 διέφθειρε
2688 2953 2813 3015 τοὺς
2855 2952 3046 3017 ἄλλους
3087 2953 3501 3027 διεφθαρμένον.
3533 2950 3638 3008 Ἦν
3673 2955 3731 3008 δὲ

2155 3042 2247 3096 καὶ
2273 3043 2357 3112 ἐφ’
2390 3041 2554 3112 ὕψους
2575 3045 2608 3113 ἠ
2639 3043 2792 3106 πόλις
2814 3043 2902 3097 διὰ
2928 3043 3020 3097 τὸν
3044 3045 3446 3116 παρακείμενον
3468 3045 3727 3116 ποταμὸν,

2155 3131 2213 3199 ἐξ
2241 3127 2301 3186 οὗ
2332 3150 2478 3196 τινες
2507 3132 2812 3204 ἀναϐαθμοὶ
2849 3132 2986 3204 πρὸς
3020 3134 3120 3205 τὴν
3161 3134 3314 3188 πόλιν
3346 3135 3628 3206 ἀνέφερον,
3650 3136 3730 3187 δι-

2161 3223 2302 3294 μερῆ
2329 3241 2386 3276 τε
2413 3219 2575 3278 οὖσαν
2607 3224 2702 3278 καὶ
2736 3223 2797 3287 ἐξ
2839 3224 3104 3296 ἑκατέρας
3135 3225 3302 3296 ὄχθης
3323 3225 3732 3297 παρακειμένην

2155 3313 2232 3384 τῷ
2267 3314 2514 3386 ποταμῷ,
2545 3315 2681 3386 πρὸς
2707 3314 2784 3385 τῷ
2811 3315 2903 3368 καὶ
2933 3311 3070 3369 εῖναι
3108 3316 3177 3371 τὰ
3208 3316 3361 3387 τείχη
3396 3316 3492 3387 τῆς
3526 3316 3728 3379 πόλεως

2156 3405 2484 3478 ὑψηλότατα.
2514 3409 2686 3478 Χεῖρα
2721 3407 2776 3460 δὲ
2822 3407 2922 3479 τὴν
2965 3409 3336 3481 τιμωρητικὴν
3380 3408 3605 3480 δύναμιν
3632 3407 3726 3480 τὴν

2153 3497 2253 3566 τῆς
2297 3497 2432 3562 ἰδίας
2471 3497 2639 3569 αὐτὴν
2673 3499 2748 3562 ὡς
2793 3500 2856 3552 ἐκ
2892 3499 3106 3571 πετρῶν
3152 3499 3513 3571 καθαιροῦσαν
3551 3502 3726 3569 ἀσφα-

2153 3589 2303 3654 λείας
2326 3608 2384 3644 τε
2417 3591 2508 3644 καὶ
2534 3592 2776 3663 φρουρᾶς
2805 3592 2885 3654 είς
2909 3592 3178 3664 ἄχρηστον
3201 3590 3258 3644 δὲ
3284 3591 3379 3645 καὶ
3405 3592 3531 3656 τοὺς
3551 3591 3728 3656 λίθους

2153 3681 2324 3753 αὐτῆς
2351 3682 2438 3736 διὰ
2481 3683 2544 3737 τὸ
2587 3682 2698 3754 πῦρ
2742 3681 3126 3750 ἀφανίζουσαν,
3155 3681 3231 3744 ὼς
3276 3681 3350 3753 μὴ
3380 3680 3727 3735 συνίστασθαι

2153 3773 2298 3826 λίθον
2346 3775 2481 3845 πρὸς
2532 3774 2891 3847 στερροτέραν
2935 3772 3267 3844 οἰκοδομίαν.
3331 3773 3643 3843 Ἀναγωγῆς
3672 3772 3729 3828 δὲ

2152 3863 2296 3935 λόγῳ
2326 3867 2420 3918 καὶ
2445 3867 2473 3919 6
2499 3865 2742 3929 διάϐολος
2787 3865 2913 3937 ὅρος
2941 3863 3272 3934 ὠνόμασται,
3308 3863 3384 3928 ὼς
3415 3866 3473 3916 ὲν
3503 3863 3582 3934 τῷ
3620 3867 3726 3917 Ζα-

2153 3955 2338 4027 χαρία·
2377 3956 2474 4021 Τίς
2508 3952 2567 4010 εἷ
2589 3955 2670 4009 σὺ
2695 3956 2761 4009 τὸ
2787 3955 2922 4024 ὄρος
2952 3954 3018 4008 τὸ
3042 3951 3224 4024 μέγα,
3255 3953 3322 4007 τὸ
3347 3953 3460 4022 πρὸ
3492 3955 3727 4022 προσώ-

2153 4062 2270 4101 που
2318 4048 2677 4115 Ζοροϐάϐελ;
2708 4049 2816 4100 Καὶ
2864 4045 2992 4118 περὶ
3036 4045 3127 4099 τοῦ
3161 4045 3376 4117 ἔχοντος
3421 4045 3603 4114 κωφὸν
3636 4045 3729 4098 καὶ

2153 4135 2348 4190 ἄλαλον
2399 4136 2675 4208 δαιμόνιον
2717 4137 2900 4206 ἔλεγεν
2939 4139 2968 4189 ό
3015 4137 3225 4208 Σωτήρ·
3276 4139 3411 4192 Ἐὰν
3430 4137 3608 4206 ἔχητε
3633 4138 3728 4189 πί-

2152 4241 2293 4279 στιν
2323 4226 2404 4292 ὡς
2438 4227 2658 4279 κόκκον
2696 4225 3016 4292 σινάπεως,
3044 4227 3228 4294 ἐρεῖτε
3266 4226 3344 4292 τῷ
3373 4227 3493 4295 ὄρει
3517 4229 3722 4293 τούτῳ·

2151 4317 2447 4386 Μετάϐηθι
2467 4357 2481 4382 ,
2526 4319 2621 4371 καὶ
2668 4318 3084 4386 μεταϐήσεται.
3109 4320 3272 4389 Ὄρος
3296 4313 3388 4370 οὖν
3415 4319 3443 4369 ό
3484 4317 3725 4383 διάϐολος

2153 4407 2259 4460 ἀπὸ
2290 4407 2388 4476 τῆς
2431 4407 2566 4469 ἰδίας
2595 4405 2990 4478 διεφθαρμένον
3036 4406 3261 4469 κακίας,
3296 4407 3386 4458 καὶ
3417 4405 3725 4477 διαφθεῖρον

2078 4505 2123 4560 D
2151 4499 2294 4563 τοὺς,
2324 4500 2436 4551 ὅσοι
2460 4499 2712 4570 φρονοῦσι
2746 4498 2815 4552 τὰ
2835 4503 3015 4570 γήϊνα.

2222 4588 2310 4641 27.
2352 4588 2651 4656 Ἁγιάσατε
2679 4589 2772 4641 ἐπ’
2807 4589 2999 4657 αὐτὴν
3024 4587 3188 4655 ἔθνη.
3221 4582 3316 4650 Τὸ,
3346 4585 3632 4655 ’Δγιάσατε
3656 4587 3725 4640 τὰ

2151 4679 2300 4748 ἔθνη,
2348 4679 2468 4730 ἀντὶ
2512 4679 2627 4741 τοῦ,
2664 4679 3012 4750 Ἀφορίσατε·
3043 4677 3312 4748 ἁγιασμὸς
3362 4678 3470 4749 γὰρ
3510 4681 3544 4749 ἡ
3587 4678 3722 4732 Θεοῦ

2151 4770 2457 4840 ὑπηρεσία,
2506 4767 2668 4844 κᾶνῇ
2703 4771 3068 4842 τιμωρητική·
3116 4769 3340 4840 βέϐηλος
3373 4770 3477 4842 γὰρ
3518 4772 3545 4822 6
3582 4768 3717 4839 πρὸς

2149 4857 2348 4928 ταύτην
2390 4859 2800 4929 ἀφωρισμένος,
2836 4860 3018 4922 ὁποῖος
3061 4853 3130 4929 ἦν
3169 4858 3198 4909 6
3245 4857 3448 4930 Κῦρος,
3479 4857 3614 4928 πρὸς
3655 4859 3714 4910 ὃν

2152 4966 2284 5018 φησι
2312 4949 2401 5002 διὰ
2447 4950 2687 5002 Ἡσαΐου·
2730 4949 2813 5004 Σὺ
2856 4950 2925 5003 δὲ
2962 4951 3075 5004 οὐκ
3119 4950 3307 5018 ἔγνως
3357 4967 3452 5018 με.
3483 4948 3617 5001 Τινὰ
3659 4948 3718 5002 δὲ

2147 5040 2256 5094 τῶν
2305 5041 2397 5094 ἐπὶ
2439 5041 2756 5106 Βαϐυλῶνος
2790 5043 3235 5114 στρατευσάντων
3279 5041 3534 5096 ἐκάλεσεν
3571 5041 3718 5112 ἔθνη,

2151 5134 2210 5186 ὲν
2243 5129 2326 5195 οἷς
2372 5132 2600 5204 Ἀραρὲτ
2627 5134 2754 5199 τοὺς
2799 5133 3117 5206 Ἀρμενίους
3145 5133 3318 5189 καλεῖ.

2218 5302 2306 5359 29.
2347 5302 2619 5371 Ἐσείσθη
2665 5303 2701 5371 ἠ
2745 5301 2843 5372 γῆ.
2895 5302 3145 5373 Ἐσείσθη
3181 5303 3236 5358 δὲ
3289 5303 3322 5373 ἡ
3371 5303 3443 5373 γῆ
3485 5302 3593 5357 τῶν
3632 5303 3720 5356 ἐπ’

2151 5392 2322 5462 αὐτῆς
2349 5391 2446 5446 ἀνθ
2457 5389 2672 5463 ρώπων,
2714 5393 2771 5444 ὲν
2797 5393 2908 5454 τοῖς
2949 5392 3246 5462 προάγουσι
3274 5393 3484 5464 χρόνοις
3513 5392 3724 5461 παγίως

2153 5483 2449 5556 ἱδρυμένων
2495 5483 2588 5537 καὶ
2637 5483 2959 5553 βεϐαιότητα
2989 5484 3220 5554 ἐχόντων
3254 5484 3310 5535 ὲν
3351 5478 3436 5544 αἷς
3461 5479 3600 5555 ἦσαν
3634 5481 3725 5536 δυ-

2151 5577 2422 5638 ναστείαις
2467 5591 2525 5628 τε
2576 5574 2670 5628 καὶ
2717 5573 3035 5644 βασιλείαις·
3075 5575 3144 5629 τὰ
3187 5574 3245 5627 δὲ
3287 5573 3380 5626 νῦν
3427 5571 3725 5645 μεταϐολὴν

2156 5713 2351 5784 Ephes.
2391 5727 2464 5778 vt,
2498 5711 2584 5767 l2.
2659 5709 2726 5742 ⁸⁶⁹
2753 5707 2917 5766 Zach.
2953 5726 3024 5779 Iv,
3054 5711 3104 5764 7.
3182 5712 3225 5743 ⁸⁷
3257 5709 3596 5773 Muttinxvn,
3634 5709 3717 5765 l9.
