4070 6296
506 367 608 430 607

1913 366 1998 423 EX
2057 363 2365 422 ORICENE'

3648 367 3751 423 608

509 487 577 541 a'.)
602 487 716 555 ipso
742 483 915 549 Thau,
948 485 1135 539 ul'ima
1161 483 1506 540 llehrmoruxn
1535 486 1733 551 littera,
1770 503 1960 543 rursus
1987 505 2063 542 re-

2177 483 2266 536 τὸν
2297 481 2406 535 ἀπὸ
2446 479 2538 533 τοῦ
2576 490 2619 538 n
2654 480 2974 552 ἀρχόμενον,
3002 478 3139 551 ὅπερ
3173 478 3291 535 ἐστὶ
3316 480 3621 536 τελευταῖον
3645 483 3753 538 τῶν

507 582 588 637 dit
620 582 684 635 ad
718 581 910 650 Aleph,
958 590 1012 635 et
1043 580 1235 635 iterum
1268 583 1462 651 plorat,
1499 582 1661 652 idque
1701 592 1895 651 quater
1923 583 2070 647 facit,

504 683 790 724 numerum
819 669 1006 739 viginti
1040 670 1272 723 duorum
1304 671 1695 725 elementorum
1728 687 2071 741 percurrens.

575 842 842 911 Ejusdem.
898 829 1023 899 Ideo
1047 843 1217 900 Judaei
1245 856 1497 901 asserunt
1536 849 1738 904 veteris
1780 849 2075 919 Scriptura:

501 934 671 989 libros
710 936 992 990 elementis
1020 951 1180 1004 pares
1212 951 1354 1001 esse,
1404 946 1462 990 ut.
1489 938 1670 993 omnis
1704 939 1971 1003 institutio
2004 941 2075 995 sit

501 1026 567 1079 ad
598 1024 690 1080 Dei
722 1026 1110 1096 cognitionem,
1156 1026 1617 1096 quemadmodum
1665 1029 2072 1084 addiscentibus

503 1114 571 1168 ad
603 1129 818 1168 omnem
842 1113 1184 1182 disciplinam
1216 1121 1345 1167 sunt
1375 1114 1662 1169 elementa.
1693 1112 1817 1168 ldeo
1842 1113 2074 1169 fortasse

502 1214 695 1274 quater
730 1213 1067 1274 repetuntur,
1098 1205 1356 1274 quoniam
1399 1214 1452 1259 et
1483 1220 1771 1275 corporum
1807 1207 2072 1260 elementa

502 1307 738 1365 quatuor
764 1306 912 1352 sunt.
940 1295 1007 1350 Et
1039 1297 1259 1366 inferius
1288 1311 1306 1350 :
1335 1297 1393 1351 ln
1435 1294 1667 1353 Threnis
1704 1313 1834 1352 vero
1866 1298 2075 1369 Aquin

503 1387 1001 1457 Theodotionisque
1018 1386 1184 1441 editio
1202 1401 1469 1455 nusquam
1492 1397 1733 1456 apparet,
1752 1389 1843 1442 sed
1864 1397 2070 1442 tantum

502 1479 813 1550 Symmachi
849 1489 902 1533 et
931 1477 1305 1548 Septuaginta.
1347 1476 1416 1530 Et
1450 1494 1632 1532 rursus
1657 1493 1676 1531 :
1702 1476 1921 1544 Quaerat
1947 1495 2074 1535 vero

502 1570 771 1639 quispiam
799 1585 897 1623 cur
929 1568 980 1621 in
1014 1569 1134 1622 libri
1161 1569 1314 1623 titulo
1341 1568 1536 1637 plurali
1561 1583 1789 1623 numero
1813 1570 2072 1640 scriptum

501 1664 574 1717 sit
603 1661 1022 1727 lamentationes,
1048 1660 1101 1714 in
1137 1659 1403 1730 prommio
1462 1674 1590 1713 vero
1648 1660 2074 1715 lamentationem

503 1752 853 1820 singulariter
895 1751 1244 1820 expresserit.
1295 1749 1398 1805 Sed
1441 1750 1493 1805 in
1530 1760 1711 1821 partes
1737 1752 1925 1807 divisa:
1950 1753 2075 1822 qui-

2185 569 2449 641 Ἐὅραίων
2492 568 2755 640 γράμμα,
2786 567 3145 638 ἐπανέρχεται
3177 568 3271 622 ἐπὶ
3315 568 3377 621 τὸ
3418 568 3610 639 Ἀλεφ,
3659 570 3752 624 καὶ

2173 662 2333 716 πάλιν
2369 662 2576 731 θρηνεῖ,
2605 659 2698 712 καὶ
2730 658 2890 712 τοῦτο
2919 661 3067 712 ποιεῖ
3086 659 3346 732 τετράκις
3366 659 3434 714 τὰ
3466 659 3637 715 εἴκοσι
3661 661 3755 716 δύο

2176 753 2415 822 στοιχεῖα
2446 748 2695 816 ἐπεξιών.

2250 841 2362 894 Τοῦ
2392 839 2598 895 αὑτοῦ.
2628 840 2726 894 Διὰ
2750 839 2912 893 τοῦτο
2932 856 3094 910 φασιν
3128 837 3374 913 Ἑϐραῖοι
3391 840 3493 910 τῆς
3516 840 3753 907 παλαιᾶς

2172 929 2395 1000 Γραφῆς
2428 928 2749 1000 ἰσαρίθμους
2771 930 2884 991 τοῖς
2917 927 3201 999 στοιχείοις
3224 926 3358 982 εἶναι
3387 928 3484 993 τὰς
3511 930 3749 1000 βίϐλους,

2172 1019 2248 1083 ὼς
2286 1016 2423 1074 εἶναι
2456 1021 2595 1092 πρὸς
2636 1019 2965 1087 θεογνωσίαν
3010 1022 3191 1074 πᾶσαν
3221 1019 3551 1090 εἰσαγωγὴν,
3578 1020 3759 1074 καθά-

2174 1128 2280 1183 περ
2316 1112 2385 1166 τὰ
2435 1112 2674 1182 στοιχεῖα
2708 1111 2845 1182 πρὸς
2897 1109 3114 1164 ἃπασαν
3154 1113 3266 1175 τοϊς
3307 1109 3630 1182 μανθάνουσι
3660 1125 3755 1163 σο-

2174 1202 2324 1272 φίαν.
2368 1200 2469 1253 Διὰ
2507 1200 2663 1254 τοῦτο
2718 1201 3245 1271 τετραπλασιάζεται
3272 1201 3428 1271 τάχα,
3466 1200 3597 1253 διότι
3651 1200 3751 1253 καὶ⁵

2171 1291 2281 1345 τῶν
2320 1290 2591 1362 σωμάτων
2636 1291 2705 1344 τὰ
2737 1294 2973 1362 στοιχεῖα
3019 1292 3321 1361 καθέστηκε
3352 1291 3608 1362 τέσσαρα.
3637 1291 3749 1344 Καὶ

2167 1382 2298 1452 μετ’
2344 1383 2536 1452 ὀλίγαι
2572 1382 2826 1446 Ἐκδοσις
2852 1383 2910 1436 δὲ
2954 1382 3152 1438 Ἀκύλα
3187 1384 3279 1436 καὶ
3312 1381 3661 1444 Θεοδοτίωνος
3688 1382 3750 1433 ὲν

2172 1476 2284 1538 τοῖς
2333 1474 2564 1545 Θρήνοις
2610 1474 2670 1526 οὐ
2708 1473 2974 1543 φαίνεται,
3008 1475 3167 1545 μόνου
3211 1473 3267 1526 δὲ
3315 1473 3611 1545 Συμμάχου
3652 1471 3747 1525 καὶ

2172 1561 2282 1615 τῶν
2323 1562 2742 1633 Ἐϐδομήκοντα.
2784 1563 2893 1616 Καὶ
2932 1561 3136 1615 πάλιν·
3174 1562 3439 1633 Ζήτήσειε
3475 1562 3520 1615 δ’
3553 1562 3617 1615 ἄν
3640 1578 3743 1625 τις,

2176 1652 2316 1719 πῶς,
2343 1653 2443 1723 τῆς
2486 1654 2798 1725 ἐπιγραφῆς
2827 1652 2921 1706 τοῦ
2957 1651 3159 1722 βιϐλίου
3188 1650 3568 1722 πληθυντικῶς
3599 1650 3749 1721 ὲχοὸ-

2176 1761 2297 1814 σης,
2347 1742 2593 1812 Θρῆνοι,
2628 1743 2822 1808 ἑνικῶς
2867 1745 2924 1795 ὲν
2966 1742 3045 1814 τῷ
3087 1743 3356 1814 προοιμίῳ
3397 1741 3492 1795 τὸν
3526 1740 3749 1810 θρῆνον

501 1843 625 1897 dem
672 1850 819 1906 sunt,
866 1840 1150 1894 elementis
1199 1840 1489 1904 distinctae,
1542 1856 1727 1895 verum
1773 1856 1963 1898 omnes
2002 1843 2065 1898 ad

2174 1833 2362 1887 τοῦτόν
2387 1850 2570 1903 φησιν’
2603 1833 2737 1888 ἀλλὰ
2764 1834 2977 1906 μερικοὶ
3008 1834 3107 1904 μὲν
3145 1833 3360 1898 πλείους
3391 1833 3745 1904 ὑπάρχουσιν,

503 1948 670 1987 unum
702 1933 857 2002 plane
890 1931 1217 1998 referuntur,
1246 1946 1370 1985 cum
1410 1947 1579 1986 unum
1631 1933 1863 1989 habeant
1909 1950 2073 2006 argu-

501 2036 742 2079 mentum
775 2024 956 2079 Israel.

570 2205 820 2277 Ejusdem
849 2205 1134 2261 secundum
1177 2207 1455 2261 theoriam.
1505 2207 1563 2263 Si
1609 2209 1907 2266 viderimus
1951 2211 2071 2266 ani-

499 2314 641 2351 mam
676 2299 729 2352 in
758 2298 979 2365 diaboli,
1020 2300 1103 2353 vel
1142 2299 1454 2370 angelorum
1487 2301 1607 2371 ejus
1633 2311 1953 2371 potestatem
1983 2319 2068 2359 re-

498 2389 733 2456 dactam,
761 2399 814 2445 et
844 2392 1067 2445 on‘mino
1091 2390 1286 2446 factam
1313 2393 1547 2448 inimicis
1568 2396 1858 2451 virtutibus
1882 2397 2071 2453 subdi-

501 2489 634 2546 tam,
663 2496 781 2536 eam
820 2498 939 2551 qua:
983 2491 1175 2536 natura
1204 2493 1326 2553 apta
1358 2483 1427 2539 ad
1462 2488 1935 2556 contemplandum
1961 2498 2064 2554 est,

495 2582 551 2626 et
579 2573 646 2627 ad
672 2575 1075 2642 cognoscendas
1099 2590 1208 2640 res,
1226 2587 1279 2631 et
1302 2576 1575 2633 curiosius
1605 2579 1955 2649 inquirendas
1979 2597 2070 2635 ac-

496 2660 858 2729 commodata,
886 2662 1244 2733 intelligemus
1270 2666 1674 2734 quodammodo
1707 2677 1760 2722 et
1793 2670 2071 2738 captivita-

500 2759 630 2818 tem,
657 2760 711 2806 et
753 2767 876 2807 eum
915 2756 1008 2825 qui
1041 2755 1094 2809 in
1122 2755 1488 2827 captivitatem
1522 2757 1698 2814 duxit.
1732 2757 1836 2814 Sed
1870 2759 2068 2815 confu-

498 2841 707 2910 gientes
733 2843 798 2897 ad
827 2841 1131 2913 Christum,
1161 2847 1254 2917 qui
1288 2847 1589 2902 secundum
1615 2846 1812 2903 lsaiam
1839 2851 2068 2919 prophe-

498 2940 608 2984 tam
655 2932 882 3001 captivis
926 2936 1304 2992 remissionem
1332 2939 1664 3008 prmdicavit,
1696 2956 1726 2995 a
1756 2941 2067 3010 captivitate

500 3017 873 3087 liberabimur,
900 3024 1111 3080 etiamsi
1141 3026 1235 3096 qui
1271 3028 1516 3097 captivos
1558 3029 1714 3084 duxit
1751 3028 1819 3083 ad
1854 3030 2064 3086 vincula

2174 1927 2286 1988 τοῖς
2313 1925 2594 1996 στοιχείοις
2631 1925 2976 1997 διῃρημένοι,
3019 1927 3098 1989 είς
3137 1926 3232 1978 ἕνα
3275 1925 3330 1978 δὲ
3370 1926 3583 1986 πάντως
3617 1922 3758 1977 ἀνά·

2175 2033 2394 2086 γονται,
2450 2016 2589 2086 πρὸς
2642 2016 2770 2088 μίαν
2829 2016 3084 2070 ὑπόθεσιν
3132 2016 3221 2070 τὸν
3280 2014 3492 2088 Ἰσραὴλ
3545 2011 3745 2081 ἀναγό-

2179 2122 2352 2177 μενοι.

2252 2195 2363 2249 Τοῦ
2386 2195 2573 2250 αὐτοῦ
2605 2196 2756 2250 κατὰ
2803 2196 3070 2265 θεωρίαν.
3115 2197 3240 2250 Ἐὰν
3281 2195 3485 2266 ἴδωμεν
3521 2192 3726 2265 ὑποχεί-

2178 2300 2291 2356 ριον
2344 2286 2631 2357 γινομένην
2680 2286 2778 2357 τὴν
2823 2285 3000 2357 ψυχὴν
3044 2284 3121 2354 τῷ
3164 2285 3413 2356 διαϐόλῳ,
3447 2284 3479 2354 ἢ
3512 2284 3751 2346 καὶτοῖς

2175 2373 2426 2442 ἀγγέλοις
2454 2374 2643 2439 αὐτοῦ,
2670 2374 2766 2428 καὶ
2803 2372 3138 2438 ἁπαξαπλῶς
3169 2374 3289 2436 ταῖς
3335 2371 3555 2442 ἐχθραῖς
3588 2369 3750 2423 δυνά-

2179 2481 2304 2535 μεσι
2336 2466 2435 2536 τὴν
2464 2469 2529 2537 τῇ
2561 2466 2720 2535 φύσει
2755 2464 3089 2537 θεωρητικὴν
3118 2467 3212 2518 καὶ
3253 2465 3486 2534 συνορᾷν
3523 2461 3594 2516 τά
3619 2463 3750 2515 ὄντα

2175 2555 2270 2608 καὶ
2299 2557 2592 2629 ἐπιστῆσαι
2618 2556 2945 2629 δυναμένην,
2976 2554 3241 2628 νοήσομέν
3275 2572 3392 2617 πως
3420 2554 3525 2626 τὴν
3548 2555 3751 2624 αἰχμα-

2173 2646 2375 2702 λωσίαν
2418 2651 2514 2704 καὶ
2555 2649 2648 2704 τὸν
2699 2649 3236 2721 αἰχμαλωτεύσαντα.
3295 2646 3457 2701 Ἀλλὰ
3500 2663 3750 2714 καταφυ-

2173 2739 2362 2808 γόντες
2413 2741 2507 2793 ἐπὶ
2549 2740 2641 2795 τὶν
2686 2740 2922 2813 Χριστὸν
2968 2740 3060 2793 τὸν
3112 2738 3425 2811 κηρύξαντα
3472 2735 3614 2791 κατὰ
3655 2734 3749 2790 τὸν

2173 2830 2467 2901 προφήτην
2508 2831 2737 2884 Ἠσαίαν
2790 2828 3151 2900 αἰχμαλώτοις
3186 2828 3410 2899 ἄφεσιν,
3451 2826 3746 2896 ἐλευθεριο-

2173 2918 2451 2990 θησύμεθα
2470 2920 2576 2974 ἀπὸ
2595 2921 2695 2992 τῆς
2721 2918 3113 2991 αἰχμαλωσίας,
3138 2918 3242 2972 κᾶν
3271 2918 3432 2989 μέχρι
3462 2917 3553 2970 τοῦ
3583 2914 3741 2985 δῆσαι

2173 3012 2354 3086 φθάσῃ
2381 3013 2411 3066 ὁ
2443 3010 2916 3084 αίχμαλωτεύσας.
2949 3007 3122 3063 ἾΙλθε
3152 3008 3260 3081 γάρ
3308 3007 3514 3081 Ἰησοῦς
3547 3006 3744 3078 ἑξαγαο

500 3124 674 3178 usque
699 3110 975 3168 inferenda
1006 3130 1329 3186 progressus
1359 3118 1450 3174 sit.
1502 3116 1657 3174 Venit
1685 3121 1883 3191 quippe
1905 3121 2065 3178 Jesus

2170 3106 2287 3172 γετν
2316 3103 2383 3156 ὲκ
2413 3101 2628 3173 δεσμῶν
2654 3101 2992 3172 δεδεμένους,
3015 3099 3077 3165 ἐξ
3111 3100 3260 3155 οῐκου
3296 3098 3537 3171 φυλακῆς
3568 3101 3749 3170 καθηο

498 3200 564 3253 ad
595 3201 904 3258 educendos
923 3220 953 3258 e
975 3205 1208 3263 vinculis
1227 3210 1570 3278 constrictos,
1594 3225 1625 3266 e
1648 3212 1811 3268 domo
1831 3214 2065 3269 carceris

2171 3191 2364 3264 μένους
2390 3192 2448 3245 ὲν
2475 3191 2678 3246 σκότει.

499 3293 750 3348 sedentes
781 3294 831 3347 in
860 3297 1116 3353 tenebris.

569 3381 715 3438 Sedit
742 3384 1000 3444 Jeremias
1022 3390 1174 3458 flens.
1208 3390 1437 3447 Luctum
1462 3394 1555 3464 qui
1581 3409 1645 3449 ex
1675 3394 1942 3450 charitate
1961 3404 2064 3463 est,

494 3484 548 3526 et
585 3473 914 3531 beatitudine
941 3478 1158 3548 dignus.
1191 3479 1374 3536 Sancti
1411 3499 1646 3553 namque
1677 3494 1761 3540 est
1795 3487 1921 3555 ﬂere
1947 3503 2066 3540 cum

495 3564 761 3632 ﬂentibus,
787 3575 837 3620 et
856 3570 1083 3638 gaudere
1110 3586 1227 3624 rum
1259 3574 1603 3643 gaudentibus
1627 3575 1692 3628 ".

567 3656 838 3725 Ejusdem.
872 3659 1002 3714 Cum
1025 3664 1464 3735 appropinquaret
1483 3664 1781 3722 Jerusalem
1810 3667 2066 3727 Dominus

492 3748 655 3816 ﬂevit,
686 3748 921 3821 dixitque
947 3768 966 3805 :
997 3751 1055 3806 Si
1078 3757 1402 3823 cognorisses
1429 3766 1485 3809 ιιι
1496 3773 1622 3826 qua:
1648 3760 1717 3811 ad
1744 3775 1927 3828 pacem
1946 3762 2062 3818 tibi.

491 3840 809 3908 Jerusalem,
835 3844 1131 3900 Jerusalem
1160 3865 1276 3918 qua:
1303 3850 1501 3903 occidis
1525 3854 1822 3921 prophetas,
1849 3863 1899 3907 et
1921 3854 2064 3925 lupi-

492 3932 590 3987 tlus
615 3952 701 3989 eos
723 3939 813 4008 qui
843 3940 988 3993 missi
1009 3950 1131 3993 sunt
1160 3944 1228 3994 ad
1254 3953 1322 4007 le,
1350 3945 1551 4014 quoties
1588 3944 1725 3998 volui
1752 3963 2064 4018 congregare

492 4024 632 4091 [ilics
677 4039 817 4094 1.108,
858 4029 1019 4101 322
1062 4033 1501 4102 quemadmodum
1541 4037 1741 4107 gallina
1784 4051 2065 4114 congregat

487 4115 662 4186 pullos
693 4135 811 4172 suos
842 4121 934 4175 sub
960 4121 1095 4189 alas,
1127 4132 1175 4176 et
1205 4123 1450 4179 noluistis
1467 4126 1536 4182 "l

564 4341 835 4410 Ejusdem.
866 4342 922 4397 Si
955 4344 1137 4414 itaque
1161 4346 1298 4400 beati
1316 4348 1407 4417 qui
1438 4347 1646 4418 lugefis,
1691 4352 1945 4417 quoniam
1987 4352 2064 4407 ri-

488 4435 680 4488 debitis
704 4436 772 4500 ⁸³,
826 4436 1013 4503 utique
1061 4439 1349 4508 mysticum
1399 4441 1505 4495 hoc
1557 4441 1855 4498 tamentam
1902 4445 2062 4500 edere

2252 3366 2566 3422 Ἐκάθισεν
2628 3365 2901 3434 Ἱερεμίας
2953 3364 3195 3420 κλαίων.
3255 3365 3358 3420 Τὸν
3408 3364 3470 3431 ἐξ
3518 3365 3737 3435 ἀγάπης

2167 3458 2444 3531 κλαυθμὸν
2477 3458 2929 3530 μακαριζόμενον.
2955 3456 3062 3510 Τοῦ
3097 3457 3206 3529 γὰρ
3231 3457 3385 3526 ἁγίου
3411 3454 3547 3523 ἐστὶ,
3576 3459 3741 3510 κλαί-

2165 3569 2256 3608 ειν
2277 3549 2430 3622 μετὰ
2456 3549 2804 3613 κλαιόντων,
2835 3548 2933 3603 καὶ
2957 3549 3185 3619 χαίρειν
3201 3549 3354 3618 μετὰ
3379 3549 3743 3629 χαιρόντων..

2244 3641 2355 3697 Τοῦ
2377 3640 2582 3695 αὑτοῦ.
2630 3638 2898 3710 Ἐγτίζων
2930 3638 3004 3708 τῇ
3042 3639 3428 3708 Ἰερουσαλὴμ
3452 3642 3484 3693 ό
3521 3640 3738 3706 Κύριος

2165 3733 2433 3788 ἔκλαυσε
2469 3731 2566 3785 καὶ
2605 3726 2795 3784 εἷπεν·
2835 3732 2906 3785 El
2949 3729 3214 3800 ἔγνωκας
3244 3730 3325 3783 σὺ
3363 3729 3437 3783 τὰ
3476 3732 3563 3795 εὶς
3586 3727 3743 3797 ειρή-

2164 3839 2284 3890 νην
2312 3835 2449 3875 σου.
2495 3817 2899 3889 Ἰερουσαλὴμ,
2948 3819 3331 3888 Ἰερουσαλὴμ
3351 3859 3366 3883 ,
3400 3820 3439 3887 ἠ
3472 3819 3744 3873 ἀποκτεί-

2164 3923 2365 3964 νουσα
2415 3906 2558 3973 τοὺς
2610 3905 2918 3976 προφήτας
2938 3944 2953 3970 ,
3003 3905 3101 3959 καὶ
3146 3907 3547 3961 λιθοϐολοῦσα
3597 3907 3744 3975 τοὺς

2165 3996 2662 4066 ἀπεσταλμένους
2709 3996 2859 4064 πρὸς
2902 3996 3117 4065 αὐτὴν,
3166 3996 3423 4064 ποσάκις
3469 3997 3740 4067 ἠθέλησα

2165 4087 2529 4153 ἐπισυνάξαι
2559 4089 2633 4142 τὰ
2674 4087 2859 4142 τέκνα
2905 4100 3043 4152 σου,
3071 4087 3144 4141 ὃν
3182 4089 3403 4156 τρόπον
3431 4088 3594 4157 ὅρνις
3616 4089 3740 4143 ἐπι-

2165 4179 2418 4252 συνάγει
2472 4179 2545 4234 τὰ
2595 4179 2822 4233 νοσσία
2856 4179 3075 4248 ἑαυτῆς
3104 4179 3222 4235 ὑπὸ
3264 4179 3373 4246 τὰς
3419 4180 3736 4253 πτέρυγας,

2163 4271 2264 4328 καὶ
2297 4272 2409 4326 οὐκ
2444 4267 2821 4339 ἠθελήσατεί

2239 4363 2351 4416 Τοῦ
2377 4362 2582 4417 αὐτοῦ.
2615 4363 2679 4415 Et
2707 4361 2885 4417 τοίνυν
2904 4359 3179 4431 μακάριοι
3202 4363 3255 4415 οἱ
3281 4361 3618 4428 κλαίοντες,
3644 4360 3739 4417 ὅτι

2163 4451 2471 4524 γελάσετε,
2497 4452 2603 4506 ἔδει
2643 4453 2906 4524 Ἰερεμίαν
2937 4451 3029 4506 τὸν
3072 4451 3324 4523 μυστικὸν
3346 4451 3533 4505 τοῦτον
3567 4452 3742 4507 κλαῦρ

489 4527 781 4596 oportebat
829 4525 1154 4588 Jercmiam.
1191 4537 1246 4581 et
1291 4531 1591 4586 secundum
1631 4533 1762 4588 illud
1785 4534 1832 4567 “
1861 4553 1876 4591 :
1908 4536 2062 4591 Beati

2168 4563 2255 4598 σαι
2282 4544 2581 4615 κλαυθμὸν,
2625 4545 2720 4600 καὶ
2749 4544 2894 4599 κατὰ
2922 4547 3006 4608 τὸ,
3033 4541 3319 4611 Μακάριοι
3354 4545 3408 4597 οἱ
3438 4543 3726 4598 πενθοῦν-

486 4620 579 4688 qui
608 4618 808 4691 lugent,
839 4634 934 4675 eos
958 4618 1051 4689 qui
1084 4619 1233 4689 digni
1262 4631 1418 4677 erant
1447 4625 1657 4693 ploratu
1684 4628 1985 4697 deplorare.

563 4714 837 4775 Quomodo
871 4714 1007 4768 sedit
1041 4714 1155 4768 sola
1180 4715 1388 4769 civitas.
1422 4715 1644 4772 Videtur
1678 4730 1882 4786 autem,
1913 4725 2061 4791 quod

490 4800 683 4855 attinet
709 4803 779 4858 ad
812 4805 1067 4871 litteram,
1105 4805 1417 4877 signiﬁcare
1449 4807 1743 4863 multitudo
1764 4812 1948 4880 pepuli
1977 4811 2061 4867 in-

490 4890 798 4948 habitantes
826 4896 1134 4962 lsraelitas;
1161 4906 1215 4950 et
1240 4896 1530 4952 multitudo
1552 4899 1817 4969 gentium,
1842 4903 1918 4956 uti
1945 4903 2059 4973 jam

486 4990 648 5046 antea
668 4984 1005 5051 dicebamus,
1038 4989 1356 5061 proselytos.
1396 4993 1706 5063 Anagogice
1741 5008 1889 5060 vero,
1918 5010 2058 5063 quo-

486 5076 634 5130 niam
669 5077 981 5146 cognatiora
1015 5090 1144 5137 sunt
1164 5084 1381 5148 animae,
1408 5091 1464 5139 et
1490 5084 1671 5140 minus
1690 5085 2054 5140 circumstan-

485 5166 577 5222 tiis
606 5166 801 5222 vallata
841 5171 1172 5239 speculativa
1228 5190 1395 5244 quam
1447 5174 1707 5244 practice,
1761 5176 2054 5231 multitudo

483 5259 668 5329 populi
718 5259 962 5317 indicare
1014 5264 1213 5333 poterit
1261 5265 1433 5320 beata:
1474 5265 1622 5321 illius
1655 5263 1954 5322 Jerusalem
1997 5268 2053 5322 in

479 5352 902 5421 contemplando
924 5352 1140 5410 divitias
1160 5373 1177 5421 ;
1197 5357 1485 5412 multitudo
1513 5373 1643 5413 vero
1671 5357 1910 5428 gentium
1937 5374 2051 5413 ma-

480 5459 646 5512 gnuzn
677 5443 941 5500 bonarum
972 5445 1249 5501 actionum
1273 5463 1585 5507 numerum.
1615 5448 1686 5502 Et
1710 5460 1829 5519 post
1848 5466 2049 5519 pauca:

480 5536 612 5604 Quae
639 5539 796 5608 plena
831 5541 1034 5613 pepqu
1063 5554 1201 5606 erat.
1223 5543 1338 5599 sola
1363 5543 1535 5609 sedet,
1574 5558 1639 5600 eo
1671 5543 1816 5615 quod
1850 5559 2052 5614 sponsa

2160 4654 2278 4702 τες,
2305 4634 2569 4706 πενθῆσαι
2597 4636 2723 4699 τοὺς
2751 4634 2844 4688 τοῦ
2876 4633 3188 4688 πενθεῖσθαι
3212 4632 3414 4700 ἀξίους.

2229 4725 2365 4794 Πῶς
2406 4725 2649 4782 ἐκάθισε
2686 4728 2845 4796 μόνη
2892 4728 2931 4797 ri
2971 4728 3170 4794 πόλις.
3213 4728 3396 4780 Ἐοικε
3439 4724 3497 4778 δὲ
3536 4723 3596 4778 τὸ
3633 4724 3733 4795 μὲν

2161 4818 2367 4890 πλῆθος
2392 4818 2487 4873 τοῦ
2521 4818 2650 4873 λαοῦ
2680 4819 2805 4872 ὅσον
2839 4818 2932 4873 ἐπὶ
2962 4821 3028 4891 τῇ
3060 4818 3203 4885 λέξει
3228 4816 3421 4891 δηλοῦν
3451 4817 3576 4880 τοὺς
3605 4816 3734 4868 ένοι-

2158 4911 2391 4975 κοῦντας
2429 4911 2807 4983 Ἰσραηλίτας,
2846 4911 2908 4964 τὸ
2952 4910 3011 4966 δὲ
3055 4909 3256 4982 πλῆθος
3290 4909 3398 4963 τῶν
3432 4907 3620 4972 ὲθνῶν,
3655 4907 3730 4971 ὡς

2159 5002 2590 5075 προειρήκαμεν,
2622 5003 2750 5067 τοὺς
2776 5000 3165 5075 προσηλύτους.
3204 5002 3300 5066 Εἰς
3326 5000 3382 5054 δὲ
3419 4998 3738 5068 ἀναγωγὴν,

2157 5092 2280 5145 ἐπεὶ
2307 5092 2704 5166 συγγενέστερά
2725 5094 2842 5146 ἐστι
2865 5094 2931 5163 τῇ
2962 5091 3129 5163 ψυχῇ,
3172 5091 3266 5146 καὶ
3299 5091 3634 5161 ἀπερίστατα
3662 5086 3733 5141 τὰ

2158 5179 2465 5252 θεωρητικά
2501 5180 2766 5253 μᾶλλονῆ
2805 5181 2877 5235 τά
2926 5179 3225 5252 πρακτικὰ,
3273 5180 3334 5233 τὸ
3388 5178 3485 5251 μὲν
3530 5176 3732 5247 πλῆθος

2152 5271 2248 5326 τοῦ
2288 5270 2415 5324 λαοῦ
2460 5272 2715 5342 σημαίνοι
2745 5271 2813 5325 ἂν
2852 5271 2951 5342 τῆς
2985 5269 3427 5342 μακαριζομένης
3462 5269 3730 5340 Ἰερουσα-

2153 5362 2267 5433 λὴμ
2286 5362 2376 5416 τὸν
2399 5361 2625 5416 πλοῦτον
2644 5362 2752 5416 τῶν
2785 5363 3172 5435 θεωρημάτων·
3204 5362 3264 5416 τὸ
3298 5361 3355 5414 δὲ
3389 5360 3591 5430 πλῆθος
3624 5359 3735 5414 τῶν

2155 5452 2324 5509 ἐθνῶν
2347 5453 2437 5507 τὸν
2475 5454 2641 5508 πολὺν
2682 5453 2912 5525 ἀριθμὸν
2952 5453 3061 5509 τῶν
3106 5453 3286 5509 καλῶν
3323 5451 3592 5525 πράξεων.
3618 5449 3729 5505 Καὶ

2152 5545 2279 5614 μετ’
2311 5545 2503 5616 ὀλίγα·
2541 5547 2608 5599 Ἥ
2641 5545 3066 5618 πεπληθυσμένη
3098 5549 3158 5601 ἐν
3189 5545 3364 5601 ἔθνεσι
3400 5545 3536 5618 μόνη
3573 5540 3734 5598 καθέ-

553 5765 596 5796 "
632 5765 787 5824 Huni.
826 5774 921 5840 'xn,
967 5772 1048 5827 l5.
1128 5772 1170 5803 ”
1211 5770 1342 5829 Luc.
1373 5790 1487 5843 xxx,
1519 5777 1622 5844 ll;
1663 5772 1857 5832 Matth.
1890 5790 2048 5845 χχιιι,

2242 5777 2285 5809 ’³
2308 5776 2442 5832 Luc.
2474 5791 2550 5844 vt,
2574 5775 2664 5829 2i.
2738 5776 2781 5809 ’³
2810 5775 2994 5833 Matth.
3027 5794 3083 5845 v,
3108 5777 3160 5832 5.
