4070 6296
281 277 397 336 6¹)9

1500 284 1811 343 SELECTA
1848 283 1915 339 ΙΝ
1955 284 2296 345 THRENOS.

3434 299 3543 354 (ill)

283 397 441 463 ζεται
466 402 549 475 τῷ
576 404 675 459 τὸν
700 404 919 477 νυμφίον
948 404 1103 473 λόγον
1130 405 1164 475 ή
1191 403 1378 477 νύμφη
1410 405 1861 478 ἀποϐεϐληκέναι,

1969 419 2230 474 sponsum
2255 405 2492 463 Verbum
2527 408 2791 476 amiserit,
2835 408 2978 465 facta
3010 412 3166 481 quasi
3212 411 3371 467 vidua
3419 430 3544 483 qua:

280 492 553 565 γινομένη
581 495 666 558 ὡς
692 495 885 566 χήραῆ
922 511 1051 548 ποτε
1084 498 1197 559 τοῖς
1235 499 1651 570 προειρημένοις
1687 495 1863 549 ἔθνεσι

283 581 598 654 πλήθουσα.

368 670 484 724 Τοῦ
510 672 710 726 αὐτοῦ.
740 672 901 726 Ὅσον
931 674 1026 727 ἐπὶ
1054 677 1121 746 τῇ
1166 674 1308 740 λέξει
1352 676 1581 749 ἁρμόζει
1623 676 1722 747 τὴν
1768 678 1865 732 Ἰε-

291 760 573 831 ρουσαλὴμ
599 760 834 816 νοεῖσθαι
858 761 1111 832 λέγεσθαι
1143 764 1279 835 μετά
1301 765 1629 839 θαυμασμοῦ
1655 767 1741 822 διά
1766 768 1864 839 τὴν

288 851 385 903 ἐπὶ
414 852 475 904 τὸ
508 851 953 924 σκυθρωπότερον
981 853 1285 927 μεταϐολὴν
1319 856 1669 928 μεμονῶσθαι
1709 856 1864 912 καθί-

289 956 460 993 σασαν
500 939 597 1010 τὴν
647 941 780 994 ποτὲ
827 941 1136 1013 πλήθουσαν
1164 944 1335 1009 λαῶν,
1382 944 1469 999 ἴνα
1499 948 1533 1017 ή
1569 943 1861 1019 μόνωσιςῇ

285 1030 510 1104 ἐρημία,
536 1032 571 1102 ἦ
607 1032 781 1102 αὐτῆς
808 1034 1102 1104 ἐσχηκυίας
1142 1036 1240 1106 μὲν
1283 1036 1452 1108 ἀνδρα
1490 1037 1583 1091 τὸν
1623 1038 1864 1110 προστά-

283 1139 383 1190 την
397 1121 643 1193 ἔμψυχον
668 1123 861 1193 Λόγον,
882 1126 969 1179 ὅτε
998 1126 1144 1197 αὐτῷ
1170 1127 1352 1181 εἵπετο
1378 1128 1713 1199 παρόντικαὶ
1741 1128 1867 1199 βοη-

283 1211 492 1279 θοῦντι,
539 1216 938 1286 κεχηρευκυίας
980 1216 1038 1269 δὲ
1087 1219 1182 1271 καὶ
1225 1218 1727 1293 καταλελειμμένης
1772 1223 1864 1275 ὑπ’

282 1302 450 1356 αὐτοῦ
481 1304 571 1358 διὰ
617 1305 686 1359 τὰ
731 1306 1117 1378 ἡμαρτημένα.
1162 1310 1271 1362 Kal
1306 1310 1647 1380 μεθ’ἕτερα·
1681 1311 1865 1367 Ταῦτα

285 1394 386 1462 μὲν
417 1390 510 1450 οῦν
545 1396 679 1467 πρὸς
707 1396 768 1450 τὸ
813 1398 994 1469 ρητόψ
1026 1399 1163 1469 πρὸς
1201 1399 1257 1452 δὲ
1291 1400 1548 1467 διάνοιαν,
1599 1404 1865 1475 Ἰερουσα-

282 1482 398 1555 λὴμ
423 1485 747 1558 εὐθηνοῦσα,
779 1488 873 1541 καὶ
899 1488 1014 1559 λαῷ
1060 1491 1153 1543 καὶ
1193 1489 1369 1545 ἔθνεσι
1410 1492 1722 1564 πλήθουσα,
1769 1496 1866 1549 καὶ

284 1575 481 1646 χωρῶν
518 1578 781 1649 ἄρχουσα,
825 1579 858 1649 ή
894 1578 1015 1633 θεία
1061 1580 1178 1634 ἐστὶ
1214 1582 1380 1655 ψυχή.
1413 1585 1522 1637 Καὶ
1552 1586 1613 1638 οὐ
1656 1586 1864 1657 θαυμα-

289 1663 415 1716 στὸν
448 1667 496 1718 εί
526 1667 587 1718 ού
620 1667 779 1737 μόνον
808 1667 974 1731 οίκία.
1013 1669 1134 1723 οὐδὲ
1166 1670 1410 1736 ἔπαυλις,
1443 1673 1564 1727 οὐδὲ
1594 1677 1625 1745 ή
1658 1676 1863 1747 ταύτης

289 1752 491 1824 μείζων
524 1756 681 1829 κώμη
715 1759 1236 1831 προσαγορευθεῖσα,
1272 1762 1392 1817 οὐδὲ
1426 1764 1578 1828 πόλις
1673 1740 1866 1836 τυχοῦ-
1897 1740 1937 1794 Β

288 1863 379 1909 σα,
415 1847 548 1906 ἀλλά
577 1849 764 1903 πασῶν
789 1851 996 1906 πόλεων
1035 1854 1385 1927 διαφέρουσα,
1422 1856 1516 1910 καὶ
1556 1858 1709 1929 παρά
1747 1857 1867 1929 Θεῷ

283 1939 623 2010 τετιμημένη
670 1942 1025 2015 Ἰερουσαλὴμ
1063 1944 1387 2015 χρηματίζει
1419 1947 1452 2015 ἡ
1477 1946 1657 2000 τελεία
1688 1948 1863 2019 ψυχὴ,

288 2028 550 2098 μεγέθους
573 2031 851 2101 ἀξιολόγου
881 2034 1035 2087 πόλει
1057 2038 1123 2106 τῇ
1155 2036 1385 2110 μεγίστῃ
1411 2037 1865 2109 περιϐαλλομένου

286 2119 424 2191 αὐτῇ
461 2120 568 2174 ὑπὸ
593 2122 692 2192 τῆς
726 2123 916 2191 σοφίας
953 2124 1048 2176 καὶ
1086 2125 1264 2195 πάσης
1294 2126 1495 2198 ἀρετῆς
1524 2127 1868 2198 περιτιθεμέ-

282 2225 383 2278 νης
431 2209 807 2265 πολλαπλάσια
858 2215 1283 2286 οἰκοδομήματα.
1340 2215 1452 2269 Καὶ
1490 2218 1618 2285 μετ’
1670 2219 1862 2288 ὀλίγαο

285 2301 500 2372 Ὥσπερ
530 2301 587 2355 δὲ
629 2301 837 2357 ἔνεστιν
888 2304 1016 2358 ἰδεῖν
1068 2306 1419 2379 Ἰερουσαλὴμ
1443 2309 1862 2382 εύθηνουμένην,

282 2391 662 2461 πληθύνουσαν
691 2392 806 2463 λαῷ
843 2395 936 2447 καὶ
969 2395 1195 2460 ἔθνεσιν,
1236 2399 1330 2451 καὶ
1362 2400 1634 2471 ἄρχουσαν
1666 2402 1725 2453 ὲν
1756 2402 1865 2472 χώ-

286 2498 432 2552 ραις,
475 2479 646 2545 οὕτως
694 2483 743 2535 ει
794 2487 1120 2557 μεταπτωτή
1166 2487 1313 2539 ἐστιν
1351 2488 1384 2557 ή
1436 2489 1637 2560 ἀρετὴ,
1675 2507 1867 2560 μονου-

285 2574 456 2643 μένην
483 2572 615 2625 ποτὲ
644 2572 810 2645 αὐτὴν
836 2575 929 2627 καὶ
958 2575 1327 2647 χηρεύουσαν,
1357 2578 1451 2631 καὶ
1480 2578 1861 2646 δουλεύουσαν,

280 2664 427 2716 ὥστε
470 2664 563 2716 καὶ
610 2663 811 2736 φόρους
856 2664 935 2736 τῷ
977 2666 1313 2738 κρατήσαντι
1356 2668 1527 2739 αὐτῆς
1558 2668 1739 2741 ἐχθρῷ
1770 2688 1863 2723 τε-

280 2754 395 2807 λεῖν
429 2755 568 2808 κατά
612 2755 710 2827 τήν
758 2755 938 2829 ψυχὴν
982 2757 1075 2811 τοῦ
1121 2760 1537 2825 έκπεπτωκότος
1581 2762 1679 2833 τῆς
1729 2761 1862 2833 ἀλη-

285 2846 457 2909 θείας.

362 2940 658 3008 Ἄρχουσα
683 2940 755 2993 ἐν
780 2938 1016 3012 χώραις.
1047 2942 1112 2996 Τί
1140 2942 1220 2996 δεῖ
1246 2942 1422 3012 λέγειν
1454 2944 1548 2999 καὶ
1586 2944 1714 3017 περὶ
1742 2944 1859 3011 τοῦ,

281 3030 389 3094 ὅτι,
435 3030 642 3101 ἄρξασα
691 3035 904 3106 χωρῶν,
937 3034 1030 3088 ἐπὶ
1081 3034 1331 3089 τοσοῦτον
1384 3034 1664 3089 δουλοῦται
1710 3035 1862 3108 παρά

280 3126 396 3183 ὀἷς
447 3124 677 3194 ἐχθροῖς,
720 3124 861 3179 ὥστε
912 3127 1006 3180 καὶ
1054 3126 1219 3198 φόρον
1257 3125 1342 3178 ἀεὶ
1383 3124 1556 3198 αὐτὴν
1595 3110 1860 3179 ἐπιτελεῖν

282 3214 397 3276 ’τοῖς
450 3216 639 3278 κακοῖς
686 3214 992 3279 δεσπόταις,
1018 3215 1055 3270 ἀ
1086 3215 1151 3269 ἂν
1194 3218 1390 3269 ἐκεῖνοι
1420 3219 1858 3287 προστάττωσιν;

283 3304 678 3375 προστάττουσι
711 3305 768 3359 δὲ
791 3306 1025 3377 χρηστὸν
1056 3306 1232 3359 οὐδέν.
1260 3306 1372 3360 Καὶ
1404 3306 1544 3377 τάχα
1576 3305 1696 3360 καθ’
1730 3306 1863 3360 ἐκα-

285 3411 411 3449 στον
444 3389 519 3448 ὧν
547 3397 731 3450 πταίει
761 3397 973 3460 ἐνθάδε,
1008 3398 1170 3469 φόρον
1200 3399 1325 3451 τινὰ
1351 3398 1496 3452 τελεί
1533 3397 1611 3470 τῷ
1649 3398 1862 3452 Ναϐου-

280 3486 585 3559 χοδονόσορ,
622 3488 681 3552 ὃς
708 3488 1065 3561 ἑρμηνεύεται
1090 3490 1451 3559 ἐγκαθισμὸς
1488 3489 1585 3543 καὶ
1609 3490 1861 3559 ἐπέγνω..

278 3588 381 3638 mc
406 3574 701 3644 συνοχῆς·
734 3576 795 3628 οὐ
823 3577 980 3647 μόνον
1006 3577 1063 3629 δὲ
1098 3577 1176 3648 τῷ
1209 3577 1696 3651 Ναϐουχοδονόσορ,
1726 3578 1862 3633 ἀλλά

278 3662 375 3717 καὶ
406 3667 522 3728 τοῖς
551 3666 858 3737 σατράπαις
889 3667 1076 3721 αὐτοῦ.

353 3757 664 3811 κλαίουσα
706 3757 1011 3811 ἔκλαυσεν
1060 3758 1132 3811 ἐν
1177 3759 1370 3812 νυκτί.
1437 3758 1561 3812 Ἐπὶ
1612 3759 1710 3829 μὲν
1765 3757 1860 3812 τοῦ

280 3846 502 3917 πρώτου
558 3846 757 3919 θρήνου
774 3846 899 3901 “τοῦ
949 3850 1119 3918 Ἀλεφ
1180 3848 1524 3921 ἀρξαμένου,
1567 3848 1665 3921 τὴν
1716 3848 1860 3915 λέξιν

283 3938 457 3991 σῶσαι
501 3937 868 4010 δεδυνήμεθα’
916 3939 1008 3992 ἐπὶ
1039 3939 1111 3993 se
1129 3940 1319 3994 τούτου
1362 3942 1417 3995 τί
1455 3942 1522 3997 ἄν
1567 3959 1653 4006 τις
1690 3944 1858 4009 εἴποι,

278 4030 580 4104 λεγομένης
620 4031 826 4097 πόλεως
872 4031 1232 4087 κεκλαυκέναι
1267 4036 1326 4089 έν
1359 4033 1550 4099 νυκτὶ,
1596 4034 1738 4089 ὥστε
1789 4034 1861 4090 τά

277 4121 491 4192 δάκρυα
538 4119 679 4178 εἶναι
717 4123 811 4178 ἐπὶ
849 4124 958 4178 τῶν
1002 4126 1269 4194 σιαγόνων
1308 4125 1513 4195 αὒτῆς;
1560 4128 1610 4180 εί
1638 4127 1712 4198 μὴ
1750 4128 1860 4199 ἄρα

278 4215 407 4278 τοὺς
445 4214 786 4279 ἐνοικοῦντας
807 4233 893 4279 τις
926 4217 1041 4287 ἐρεῖ
1076 4215 1232 4269 πόλιν
1263 4214 1700 4288 ὀνομαζομένους
1733 4219 1860 4282 τοὺς

278 4305 375 4357 καὶ
399 4304 561 4375 φόρον
582 4303 889 4370 τελοῦντας,
915 4305 1009 4357 καὶ
1028 4303 1385 4358 κεκλαυκέναι
1411 4305 1858 4378 ὑπομνησθέντας

1964 502 2240 568 quondam
2270 502 2544 571 praedictis
2571 505 2822 575 gentibus
2848 504 3124 561 afﬂuebat.

2036 670 2310 741 Ejusdem.
2337 674 2416 729 Ad
2442 675 2674 730 litteram
2706 676 2851 745 quod
2888 677 3101 741 attinet,
3134 691 3433 745 congruum
3458 686 3544 732 est

1963 762 2266 819 Jerusalem
2299 766 2596 837 intelligere
2620 768 2726 822 dici
2757 784 2880 822 cum
2904 768 3284 831 admiratione,
3324 779 3545 838 propter

1964 853 2321 908 mutationem
2374 856 2425 909 in
2475 857 2716 925 pejorem
2773 858 3044 913 fortunam
3096 859 3301 913 sedisse
3344 861 3540 921 solam,

1964 957 2086 1011 qua:
2117 952 2274 997 antea
2311 947 2526 1014 populis
2555 948 2887 1015 abundabat,
2923 957 2980 1002 ut
3009 948 3243 1004 solitudo
3273 948 3541 1005 desolatio

1965 1033 2069 1099 sit;
2097 1032 2181 1087 vel
2205 1036 2349 1104 quod
2378 1035 2495 1105 ipsa
2518 1036 3006 1107 habueritquidem
3033 1039 3208 1091 virum
3236 1040 3540 1097 animatum

1965 1120 2226 1186 Verbum,
2265 1124 2442 1194 ipsum
2474 1126 2620 1195 quod
2660 1135 2855 1196 praeest
2881 1129 3103 1193 rationi,
3145 1130 3365 1196 quando
3410 1130 3538 1183 illul

1964 1214 2293 1282 sequebatur
2325 1231 2566 1284 praesens
2608 1224 2664 1270 et
2704 1217 3006 1284 adjuvans;
3056 1217 3216 1273 vidua
3253 1220 3447 1273 deinde
3478 1237 3542 1274 ac

1964 1304 2222 1361 derelicta
2256 1306 2327 1361 sit
2365 1307 2433 1361 ab
2469 1322 2535 1361 eo
2574 1316 2797 1377 propter
2821 1308 3036 1363 delicta.
3080 1309 3146 1363 Et
3172 1310 3394 1379 inferius
3424 1326 3443 1364 :
3478 1310 3542 1364 Et

1964 1394 2081 1450 haec
2112 1397 2331 1466 quidem
2363 1398 2430 1451 ad
2464 1398 2729 1466 litteram;
2758 1399 2824 1452 ad
2857 1400 3229 1454 sublimiorem
3261 1417 3388 1455 veto
3417 1418 3535 1455 seu.

1964 1503 2109 1552 sum,
2132 1487 2433 1543 Jerusalem
2462 1490 2514 1544 in
2539 1488 2797 1544 felicitate
2820 1491 2946 1559 sita,
2973 1504 3025 1546 et
3048 1491 3273 1561 pepulo,
3294 1499 3348 1547 et
3366 1493 3542 1564 genti-

1963 1579 2066 1634 bus
2094 1580 2400 1648 abundans,
2434 1590 2488 1635 ct
2511 1581 2915 1651 provinciarum
2948 1582 3220 1652 princeps,
3249 1583 3433 1637 divina
3460 1595 3541 1638 est

1964 1665 2179 1719 anima?
2198 1664 2307 1721 Nec
2343 1668 2560 1734 mirum,
2582 1668 2755 1723 sinon
2783 1678 2994 1722 tantum
3027 1670 3245 1737 domus,
3271 1679 3364 1725 aut
3392 1671 3539 1735 villa,

1966 1765 2081 1823 aut,
2113 1758 2261 1827 quod
2297 1759 2475 1828 majus
2496 1768 2599 1825 est,
2627 1759 2781 1815 vicus
2805 1761 3071 1829 appellata
3097 1762 3187 1827 sit,
3224 1778 3323 1818 nec
3345 1764 3543 1821 civitas

1966 1863 2328 1919 quaecunque,
2386 1849 2481 1905 sed
2541 1851 2749 1905 caeteris
2803 1851 3031 1906 urbibus
3070 1855 3436 1922 praestantior,
3484 1867 3543 1910 et

1965 1938 2109 2006 apud
2143 1937 2312 1993 Deum
2355 1938 2406 1992 in
2448 1939 2623 2009 pretio
2671 1938 2876 2002 habita,
2903 1937 3217 2004 Jerusalem
3247 1954 3329 1998 est
3359 1946 3538 1999 anima

1963 2026 2231 2097 perfeCIa,
2278 2029 2441 2083 dante
2486 2029 2564 2084 illi
2609 2029 2876 2098 sapientia
2930 2032 3357 2102 magnitudinem
3408 2035 3544 2089 urbe

1969 2118 2207 2172 maxima
2251 2120 2490 2189 dignam,
2525 2132 2579 2175 et
2618 2123 2831 2177 cunctis
2874 2123 3169 2179 virtutibus
3221 2126 3540 2194 multiplicia

1968 2212 2418 2278 componentibus
2446 2213 2692 2268 aedilicia.
2720 2213 2787 2269 Et
2817 2216 2998 2284 paucis
3032 2216 3313 2285 interjectis
3338 2234 3357 2271 :
3391 2217 3544 2273 Sicut

1964 2316 2094 2354 vero
2118 2301 2300 2355 videre
2331 2301 2455 2356 licet
2483 2301 2785 2360 Jerusalem
2821 2306 2874 2359 in
2911 2321 3127 2360 summa
3160 2306 3417 2363 felicitate
3446 2310 3542 2363 de-

1965 2401 2202 2461 gentem,
2236 2393 2438 2462 populo
2463 2395 2829 2450 abundantem
2862 2405 2917 2451 et
2943 2397 3217 2467 gentibus,
3252 2409 3304 2452 et
3334 2400 3542 2468 princi-

1964 2498 2085 2552 pem
2115 2484 2560 2552 provinciarum;
2607 2486 2702 2553 ita,
2748 2487 2794 2542 si
2830 2487 3030 2541 labitur
3070 2490 3260 2555 virtus,
3292 2491 3540 2545 eamdem

1965 2574 2135 2642 ipsam
2164 2574 2488 2641 'desolatam,
2522 2584 2577 2630 et
2600 2576 2896 2643 viduatam,
2923 2587 2977 2633 et
2998 2580 3349 2646 servientem,
3380 2580 3452 2634 ita
3483 2593 3543 2637 ut

1962 2673 2017 2717 et
2048 2664 2247 2718 tributa
2288 2667 2486 2735 pendat
2526 2668 2667 2722 hosti
2702 2668 2795 2737 qui
2826 2684 2945 2723 eam
2979 2671 3212 2739 subegit,
3242 2687 3349 2725 non
3382 2688 3542 2727 secus

1962 2763 2126 2825 atque
2147 2755 2295 2811 illius
2321 2756 2500 2811 anima
2528 2757 2622 2828 qui
2655 2774 2687 2813 a
2723 2760 2948 2821 veritate
2970 2760 3185 2816 cecidit.

2038 2932 2290 3004 Princeps
2317 2935 2372 2988 in
2394 2936 2703 3005 provinciis.
2737 2934 2877 3002 Quid
2907 2952 3035 2992 vero
3061 2948 3115 2992 et
3142 2936 3210 2991 de
3242 2938 3333 2993 illo
3356 2937 3538 2993 dicere

1962 3026 2174 3088 attinet,
2208 3029 2353 3097 quod
2383 3028 2635 3098 princeps
2673 3030 3076 3099 provinciarum
3113 3041 3259 3086 tanta
3293 3033 3534 3090 hostium

1962 3118 2223 3173 servitute
2253 3131 2555 3188 prematur,
2584 3132 2644 3175 ut
2670 3136 2884 3191 semper
2916 3124 3116 3178 tributa
3148 3125 3343 3194 pendat
3380 3128 3539 3181 malis

1959 3209 2219 3275 dominis,
2252 3226 2373 3280 qua:
2406 3212 2479 3265 illi
2511 3213 3210 3285 prazcipiunt‘lprreelpiunt
3240 3232 3370 3271 vero
3402 3218 3537 3271 nihil

1960 3298 2111 3354 boni.
2146 3299 2212 3355 Et
2242 3301 2471 3357 fortasse
2500 3318 2595 3370 per
2620 3303 2832 3373 singula
2862 3320 2984 3374 quae
3015 3307 3101 3361 hic
3132 3318 3340 3376 peccat,
3368 3310 3536 3364 tribu-

1961 3397 2075 3443 tum
2115 3393 2390 3460 quoddam
2430 3391 2961 3450 Nabucltodonosori
3000 3400 3279 3466 persolvit,
3323 3401 3417 3470 qui
3452 3402 3538 3456 in-

1963 3489 2287 3550 terpretatur
2316 3483 2548 3538 insessus
2577 3494 2628 3538 et
2655 3486 2915 3556 angustia:
2948 3489 3212 3558 cognitio;
3242 3490 3403 3562 323
3437 3509 3537 3547 nec

1962 3580 2173 3627 tantum
2208 3572 2750 3644 Nabuchodonosori,
2786 3579 2877 3634 sed
2908 3588 2962 3633 et
2989 3583 3223 3651 satrapis
3257 3583 3399 3652 ejus.

2031 3752 2259 3807 Plorans
2277 3754 2501 3823 ploravit
2523 3753 2579 3807 in
2599 3765 2769 3810 nocte.
2796 3754 2854 3810 In
2882 3756 3057 3826 primo
3077 3757 3295 3827 quidem
3317 3755 3538 3814 Thrcno

1961 3845 2253 3914 Incipiente
2281 3845 2349 3900 ab
2370 3846 2563 3916 Aleph,
2597 3846 2830 3902 litteram
2862 3862 3081 3902 servare
3104 3847 3392 3917 potuimus
3425 3868 3440 3906 :
3480 3860 3538 3907 at

1959 3936 2013 3990 in
2062 3938 2165 3991 hoc
2195 3937 2325 4006 quid
2359 3936 2467 3992 diei
2496 3938 2711 4006 poterit,
2743 3938 2833 3992 ubi
2882 3938 3075 3993 civ’itas
3122 3940 3175 3993 in
3221 3949 3378 3995 nocte
3415 3942 3535 4013 plo-

1959 4042 2112 4082 rasse
2134 4028 2354 4093 dicitur,
2389 4036 2449 4082 ut
2477 4027 2588 4081 sint
2616 4028 2871 4098 lacryma:
2896 4028 3014 4098 ejus
3037 4028 3090 4083 in
3117 4030 3350 4089 maxillis
3375 4034 3538 4102 ejus?

1957 4119 2063 4174 nisi
2093 4119 2219 4189 quis
2262 4118 2410 4173 dicat
2442 4119 2597 4174 urbis
2642 4119 2861 4174 nomine
2896 4130 3118 4177 vocatos
3173 4122 3537 4179 inhabitantes

1958 4209 2052 4279 qui
2080 4217 2132 4263 et
2169 4209 2371 4263 tributa
2399 4208 2600 4276 ferunt,
2628 4219 2682 4263 et
2711 4209 2956 4280 plorasse
2981 4212 3293 4268 recordatus
3321 4229 3387 4268 ex
3426 4231 3534 4285 qua

1957 4315 2090 4370 pace
2119 4307 2170 4354 et
2205 4299 2450 4354 libertate
2478 4313 2735 4369 quantam
2765 4300 2820 4355 in
2854 4303 3169 4358 servitutem
3197 4314 3251 4358 et
3278 4305 3538 4375 dejectio-

278 4394 340 4461 ἐξ
367 4394 485 4459 οἵας
509 4396 731 4467 εἰρήνης
760 4394 855 4448 καὶ
885 4394 1196 4466 ἐλευθερίας
1224 4396 1305 4459 είς
1336 4396 1467 4467 ὅσην
1494 4396 1739 4452 δουλείαν
1759 4398 1855 4452 καὶ

1962 4408 2085 4447 nem
2124 4390 2420 4445 venissent.
2468 4391 2538 4445 At
2578 4393 2855 4461 quomodo
2891 4394 3042 4462 illud,
3078 4397 3134 4449 in
3174 4405 3342 4463 nocte,
3374 4410 3538 4459 enar-

276 4488 604 4542 ταπείνωσιν
647 4486 992 4557 ἐληλύθασιν.
1030 4487 1155 4551 Πῶς
1204 4484 1298 4543 οὖν
1340 4488 1716 4560 διηγησόμεθα
1759 4490 1856 4544 καὶ

275 4581 362 4646 τὸ,
393 4580 464 4636 ἐν
489 4581 665 4636 νυκτί
678 4598 699 4646 ;
729 4580 763 4652 ἢ
792 4580 875 4633 ὅτι
906 4581 965 4632 ὲν
997 4578 1077 4650 τῷ
1117 4580 1295 4652 καιρῷ
1327 4580 1426 4651 τῆς
1468 4580 1650 4651 κοινῆς
1680 4581 1856 4635 ἀπάν-

274 4664 399 4728 των
417 4671 719 4745 ἀνθρώπων
762 4671 1127 4735 ἀναπαύσεως
1169 4673 1203 4743 ή
1236 4671 1392 4735 πόλις
1442 4672 1855 4744 ὑπομιμνήσκο-

278 4765 414 4836 μένη
447 4764 556 4817 τῶν
584 4761 899 4836 συμφορῶν,
932 4761 1210 4817 τουτέστιν
1234 4765 1282 4816 οἱ
1318 4763 1417 4835 τὴν
1457 4762 1611 4816 πόλιν
1645 4762 1856 4817 οἰκοῦν-

274 4871 402 4917 τες,
465 4855 566 4907 οὐκ
637 4854 1041 4925 ἀναπαυόμενοι
1079 4852 1289 4907 ἔκλαιον
1314 4893 1329 4918 ,
1388 4853 1682 4925 κρουνηδὸν
1740 4852 1852 4906 τῶν

269 4945 523 5018 δακρύων
575 4946 986 5019 καταρρεόντων
1037 4946 1132 4999 ἐπὶ
1182 4945 1292 5000 τῶν
1330 4945 1595 5014 σιαγόνων
1634 4944 1849 5011 αὐτῶν;

284 5036 626 5089 Ἐπετείνετο
690 5036 747 5089 δὲ
790 5035 1022 5107 μάλιστα
1074 5035 1257 5099 αὐτοῖς
1303 5037 1332 5089 ό
1402 5033 1712 5105 κλαυθμὸς,
1758 5035 1852 5087 καὶ

266 5127 501 5199 ἑπέρῥει
540 5126 610 5179 τά
638 5126 851 5197 δάκρυα
888 5126 986 5196 οὐχ
1037 5127 1372 5197 ὑπάρχοντος
1424 5124 1639 5189 οὐδενὸς
1673 5140 1851 5195 παρα-

271 5213 615 5285 μυθουμένου
656 5214 854 5277 αὐτοὺς
892 5215 1001 5268 ἀπὸ
1030 5213 1297 5268 τοσούτων
1319 5212 1678 5282 ἀγαπώντων,
1717 5229 1854 5265 παν-

266 5304 363 5369 τός
390 5322 451 5358 τε
475 5303 569 5359 τοῦ
592 5303 872 5375 φιλοῦντος
903 5303 1221 5368 ἀθετοῦντος
1250 5304 1349 5373 τὴν
1378 5302 1562 5372 φιλίαν
1586 5301 1685 5374 τὴν
1715 5301 1852 5374 πρὸς

268 5394 464 5466 αὐτὴν,
500 5396 593 5449 καὶ
627 5394 1090 5466 μεταϐεϐληκότος
1122 5397 1201 5458 εὶς
1225 5393 1448 5466 ἔχθραν.
1472 5392 1629 5456 Ἰτίνες
1658 5387 1749 5445 οὖν
1775 5390 1851 5454 ὡς

266 5484 413 5557 πρὸς
435 5486 534 5557 τὴν
558 5486 703 5551 λέξιν
727 5487 776 5540 οἱ
802 5486 1121 5555 ἀγαπῶντες
1143 5487 1313 5558 αὐτὴν
1343 5485 1628 5557 πρότερον,
1656 5484 1748 5553 ἀφ’
1775 5475 1851 5535 ὧν

266 5576 451 5639 οὐδεὶς
495 5577 710 5648 ὑπῆρχε
764 5577 1291 5648 παραμυθησόμενος
1337 5579 1540 5650 αὑτήνς
1590 5578 1745 5647 Τάχα
1793 5577 1849 5630 αἱ

266 5667 459 5720 λοιπαὶ
487 5666 583 5738 τῆς
624 5665 881 5732 Ἰουδαίας
901 5670 1102 5734 πόλεις.
1130 5671 1227 5723 Διά
1256 5670 1416 5725 τοῦτο
1453 5671 1508 5725 δὲ
1548 5672 1676 5732 ἴσως
1713 5670 1849 5736 ἀγα-

1956 4483 2238 4540 rabimus?
2276 4498 2345 4536 an
2376 4484 2517 4552 quod
2556 4494 2797 4555 tempore
2823 4478 3131 4543 communis
3155 4488 3397 4541 omnium
3436 4487 3540 4541 ho-

1956 4577 2167 4630 minum
2221 4575 2420 4646 quietis
2468 4575 2702 4643 civitas,
2755 4577 2859 4632 hoc
2904 4587 2989 4634 est
3029 4579 3149 4647 ejus
3201 4578 3536 4633 habitatores

1956 4683 2229 4723 memores
2268 4667 2640 4723 calamitatum
2678 4683 2783 4722 non
2831 4668 3160 4738 quiescendo
3212 4669 3532 4736 plorabant,

1954 4760 2086 4830 rivis
2134 4759 2496 4829 lacrymarum
2546 4758 2907 4813 deﬂuentibus
2950 4757 3004 4811 in
3048 4758 3282 4813 maxillis
3307 4758 3533 4813 eorum?

1959 4851 2274 4920 Augebatur
2312 4865 2441 4903 vero
2476 4849 2582 4904 illis
2613 4848 2848 4902 maxime
2891 4848 3153 4917 ploratus,
3188 4858 3241 4903 et
3277 4848 3533 4922 lacrymae

1959 4939 2200 4994 fluebant
2244 4940 2390 5008 quod
2424 4955 2583 4993 nemo
2629 4947 2774 4994 esset
2798 4938 2891 5007 qui
2923 4955 3017 4994 eos
3059 4940 3434 4996 consolaretur
3461 4941 3532 4996 de

1958 5039 2038 5085 tot
2082 5030 2310 5095 amicis,
2362 5040 2416 5084 et
2470 5030 2648 5085 omnis
2700 5030 2905 5085 amicus
2941 5030 3234 5086 amicitiam
3289 5048 3412 5088 cum
3462 5047 3527 5086 ea

1957 5129 2260 5191 sperneret,
2280 5131 2334 5176 et
2362 5122 2414 5175 in
2447 5121 2629 5175 odium
2669 5121 3047 5177 convertisset.
3090 5121 3323 5187 Quinam
3362 5121 3531 5191 igitur

1957 5213 2024 5265 ad
2054 5211 2288 5265 litteram
2313 5219 2440 5265 sunt
2462 5210 2555 5279 qui
2582 5210 2731 5279 prius
2761 5208 2906 5262 illam
2931 5210 3241 5278 diligebant,
3266 5226 3296 5264 e
3325 5210 3528 5279 quibus

1958 5302 2139 5356 nullus
2171 5302 2359 5354 aderat
2381 5300 2473 5369 qui
2507 5299 2879 5353 consolaretur
2908 5300 3067 5353 eam?
3105 5298 3353 5355 Forsitan
3397 5299 3527 5352 reli-

1956 5409 2077 5465 qua:
2110 5392 2312 5448 ludam
2350 5392 2614 5447 civitates.
2647 5391 2870 5460 Propter
2902 5391 3005 5447 boc
3028 5401 3206 5446 autem
3241 5390 3379 5445 forte
3409 5389 3530 5445 dili-

1957 5500 2144 5562 gentes
2180 5486 2544 5556 metmpolim,
2577 5493 2820 5553 tempore
2863 5485 3167 5541 afﬂictionis
3196 5500 3303 5538 non
3331 5497 3529 5539 conso-

1956 5578 2232 5639 labantur.
2268 5579 2337 5629 Et
2375 5573 2556 5643 paucis
2591 5574 2878 5641 inlcrjectis
2915 5592 2932 5629 :
2976 5573 3041 5628 Et
3069 5573 3183 5628 luet:
3210 5574 3424 5645 quidem
3459 5576 3529 5631 de

1954 5674 2155 5739 littera.
2193 5669 2251 5725 Si
2289 5679 2417 5722 vero
2443 5664 2529 5719 bic
2563 5680 2762 5731 sermo,
2802 5675 2859 5721 ut
2892 5668 2943 5721 in
2974 5666 3404 5737 prtccedentibus
3436 5683 3539 5724 ex-
