4070 6296
475 319 573 373 6H
1891 322 2046 378 EX(

2149 318 2322 379 BENE
3636 328 3742 383 ειν.

474 438 785 507 posuimus,
817 434 1119 491 Jerusalem
1153 445 1307 491 vocat
1335 436 1626 506 perfectam
1662 434 1925 505 animam,
1964 438 2046 493 illa

2159 438 2339 493 πῶσαι
2383 438 2482 510 τὴν
2515 438 2880 511 μητρόπολιν,
2928 441 2986 493 ἐν
3038 437 3216 511 καιρῖ)
3248 438 3628 510 περιστάσεως
3675 445 3740 496 οὐ

474 528 605 584 ﬂere
652 526 876 583 dicenda
911 534 1029 593 est,
1076 527 1223 597 quod
1263 543 1294 582 e
1342 542 1444 583 suo
1483 536 1624 583 statu
1667 529 1952 584 deturbata
1995 531 2046 583 in

2160 529 2525 602 παρεκάλουν.
2551 530 2663 584 Καὶ
2695 532 2820 599 μετ’
2846 530 3039 601 ὀλίγα·
3067 529 3253 584 Ταῦτα
3287 531 3385 602 μὲν
3415 530 3492 594 ὡς
3524 532 3660 603 πρὸς
3681 532 3742 588 τὸ

472 619 845 674 confusionem
880 619 971 684 sit,
1008 628 1062 674 et
1093 619 1342 689 opposita
1373 618 1730 689 dispositione
1756 620 1943 675 aﬂ‘ccta
1973 620 2046 675 illi

2163 618 2325 689 ῥητόν
2343 635 2357 648 ·
2394 618 2490 672 ἐὰν
2515 618 2573 672 δὲ
2607 621 2636 672 ό
2666 617 2824 686 λόγος
2843 659 2859 684 ,
2887 617 2964 680 ὡς
3008 619 3066 671 ὲν
3097 621 3212 681 τοῖς
3244 619 3351 691 πρὸ
3395 617 3603 676 τούτων
3634 633 3740 676 πα-

471 726 594 780 qua:
623 719 705 765 est
734 710 787 764 in
819 711 930 764 risu
956 710 1137 780 gaudii
1165 716 1218 764 et
1258 710 1569 775 hilaritatis.
1599 696 1760 782 quem
1793 711 2046 766 Dominus

2168 712 2540 780 ρεστήσαμεν,
2589 707 2944 782 Ἰερουσαλὴμ
2980 708 3114 781 λέγῃ
3159 710 3259 782 τὴν
3297 710 3510 766 τελείαν
3539 712 3738 786 ψυχὴν,

470 810 658 857 noster
690 801 957 871 promittit
1002 801 1107 856 illis
1134 801 1226 870 qui
1258 802 1478 856 laudato
1511 801 1638 857 ﬂetu
1671 802 1928 868 luxerint,
1976 802 2046 857 di-

2163 797 2302 869 αὑτὴ
2316 796 2383 851 ἂν
2398 797 2854 866 κλαίειν-λέγοιτο,
2873 795 3177 849 ἐκπεσοῦσα
3199 796 3297 867 τῆς
3325 799 3530 865 οἰκείας
3554 799 3740 874 χώρας

468 909 600 950 cens
631 895 677 925 "
713 911 726 948 :
754 893 908 947 Beati
934 894 1024 963 qui
1066 893 1241 962 lugent
1273 910 1444 959 nunc,
1481 894 1729 964 quoniam
1770 891 2016 946 ridebunt
2035 912 2058 957 ;

469 993 524 1040 et
556 986 609 1040 in
643 983 744 1039 Job
778 1003 791 1039 :
836 983 1046 1050 Verum,
1095 986 1174 1041 ait
1210 984 1291 1053 ”,
1334 1001 1391 1039 os
1427 983 1663 1054 implebit
1703 984 1852 1048 risu;
1885 992 1939 1037 et
1982 983 2055 1037 ob

471 1077 576 1131 hoc
622 1074 854 1131 fortasse
905 1076 1336 1145 patriarcharum
1382 1091 1526 1130 unus
1566 1074 1765 1130 dicitur
1807 1073 1953 1129 risus
1982 1073 2048 1127 ”.

472 1165 577 1233 Qui
610 1167 792 1236 ilaque
820 1166 1148 1237 ingemiscit,
1181 1167 1309 1236 quia
1339 1174 1423 1221 est
1452 1166 1507 1221 in
1541 1166 1646 1221 hoc
1677 1164 2049 1230 tabernaculo,

471 1258 631 1313 sicuti
667 1258 960 1326 Apostolus
996 1258 1285 1328 explicavit
1313 1274 1436 1314 eum
1478 1257 1682 1313 diceret
1709 1256 1759 1289 ’⁸
1789 1275 1802 1310 :
1838 1254 2047 1309 Etenim

469 1350 561 1421 qui
603 1367 782 1406 sumus
814 1352 866 1405 in
914 1352 1010 1407 hoc
1052 1351 1426 1415 tabernaculo,
1467 1351 1853 1422 ingemiscimus
1896 1346 2049 1418 quasi

468 1441 696 1508 gravati,
727 1439 1054 1509 promissum
1086 1440 1255 1495 risum
1284 1449 1544 1510 appetens
1569 1448 1621 1495 et
1649 1438 1890 1494 divinam
1923 1434 2052 1492 hila-

470 1530 718 1593 ritatem,
776 1532 822 1586 is
868 1531 1137 1601 ploratum
1174 1532 1350 1602 plorat
1392 1526 1635 1604 apprime
1687 1532 2046 1595 nutrientem,

470 1618 776 1688 animmque
807 1619 1179 1675 utilissimum.

2166 892 2225 944 ὲν
2248 888 2508 960 συγχύσει
2536 889 2822 960 γενομένη,
2843 888 2937 942 καὶ
2971 887 3303 942 κατάστασιν
3316 889 3457 960 ἔχειν
3489 892 3738 947 ἐναντίαν

2158 979 2243 1052 τῷ
2267 976 2436 1051 γελᾷν
2463 976 2677 1048 γέλωτα
2705 979 2798 1035 τὸν
2840 978 2950 1035 ἀπὸ
2976 980 3151 1050 χαρᾶς
3178 980 3273 1034 καὶ
3312 976 3643 1054 ἱλαρότητος,
3674 985 3735 1040 ὃν

2156 1072 2186 1125 ὁ
2210 1071 2414 1144 Κύριος
2442 1066 2600 1142 ἡμῶν
2628 1071 3024 1141 ἐπαγγέλλεται
3066 1070 3332 1142 ὑπάρξειν
3367 1076 3478 1138 τοῖς
3508 1074 3599 1128 τὸν
3628 1094 3734 1146 μα-

2157 1159 2519 1234 καριζόμενον
2553 1160 2821 1216 κλαύσασι
2859 1162 3115 1231 φάσκων·
3152 1162 3443 1231 Μακάριοι
3477 1168 3531 1218 οἱ
3564 1168 3730 1221 κλαι-

2152 1268 2325 1319 οντες
2374 1250 2512 1316 νῦν,
2545 1251 2634 1306 ὅτι
2660 1251 3024 1322 γελάσονται
3042 1270 3057 1285 ·
3112 1256 3207 1309 καὶ
3250 1257 3310 1309 ὲν
3341 1256 3421 1327 τῷ
3463 1256 3582 1311 ’1ὼὸ
3631 1258 3689 1312 δέ
3710 1275 3725 1290 ·

2166 1341 2493 1409 Ἀληθινὸν,
2523 1342 2676 1413 φησι,
2710 1344 2906 1413 στόμα
2942 1343 3239 1414 ἐμπλήσει
3269 1345 3544 1416 γέλωτος.
3579 1348 3731 1419 Τάχα

2151 1433 2209 1487 δὲ
2236 1432 2325 1486 διὰ
2358 1432 2515 1487 τοῦτο
2536 1434 2630 1487 καὶ
2654 1429 2736 1498 εἷς
2769 1434 2878 1487 τῶν
2911 1439 3270 1511 πατριαρχῶν
3296 1437 3466 1507 γέλως
3496 1438 3727 1508 λέγεται.

2165 1526 2231 1578 Ὀ
2247 1524 2429 1577 τοίνυν
2453 1521 2730 1587 στενάζων
2751 1523 2839 1578 διὰ
2866 1525 2928 1578 τὸ
2957 1519 3098 1581 εἶναι
3125 1530 3185 1583 ὲν
3206 1527 3285 1599 τῷ
3314 1529 3523 1599 σκήνει,
3544 1529 3730 1601 ὥσπερ

2153 1616 2182 1667 ὁ
2224 1610 2545 1675 Ἀπόστόλος
2589 1611 2893 1684 δεδήλωκεν
2921 1613 3091 1669 εἰπών
3113 1633 3127 1647 ·
3174 1616 3283 1670 Ka’l
3316 1617 3425 1686 γὰρ
3462 1620 3516 1671 οἱ
3564 1617 3732 1686 ὄντες

467 1715 489 1765 ί
500 1726 542 1765 ν
584 1709 664 1775 τῷ
712 1708 929 1776 σκήνει
971 1707 1332 1780 στενάζομεν
1393 1703 1792 1782 βαρούμενοι·
1844 1710 1939 1765 τὸν
1987 1704 2045 1762 ὲν
2099 1701 2405 1774 ἐπαγγελίᾳ
2461 1699 2674 1769 γέλωτα
2720 1701 2903 1757 ποθῶν
2941 1704 3036 1758 καὶ
3089 1704 3188 1777 τὴν
3222 1705 3372 1761 θείαν
3418 1707 3727 1781 ἱλαρότητα,

471 1803 748 1875 κλαυθμὸν
780 1803 956 1857 κλαίει
992 1805 1439 1875 τροφιμώτατον,
1472 1803 1566 1858 καὶ
1605 1800 1917 1875 ὠφελοῦντα
1948 1803 2045 1874 τὴν
2079 1797 2281 1870 ψυχήν.

540 1898 696 1954 Vers.
731 1898 785 1952 2.
825 1897 910 1953 Ea:
933 1898 1172 1953 omnibus
1213 1900 1303 1970 qui
1334 1899 1567 1970 diligunt
1611 1915 1749 1954 eam.
1796 1900 2046 1955 Putamua

2236 1889 2370 1944 Ἀπὸ
2412 1888 2655 1943 πάντων
2681 1889 2801 1944 τῶν
2843 1892 3208 1961 ἀγαπώντων
3241 1894 3450 1961 αὐτήν.
3489 1897 3727 1968 υἱόμεϐα

467 1991 611 2045 enim
640 2005 822 2044 amare
850 1990 1067 2058 quidem
1098 2005 1219 2045 esse
1264 1990 1508 2046 divinum
1545 1990 1853 2061 quidpiam,
1884 2000 1956 2056 et,
1995 2000 2054 2044 ιιι

468 2082 545 2137 ita
568 2083 770 2145 dicam,
807 2080 1110 2153 spirituale,
1140 2083 1364 2154 diligere
1393 2099 1521 2140 vero
1546 2085 1729 2154 potius
1761 2083 1828 2138 ad
1857 2097 2053 2152 corpo—

465 2189 559 2229 rea
608 2182 660 2228 et
709 2175 945 2228 bumaa
996 2174 1284 2244 pertineie.
1340 2174 1599 2231 Fortasse
1641 2190 1769 2229 vero
1811 2175 1959 2229 nuHo
1996 2173 2050 2227 in

466 2274 683 2320 amante
711 2264 1007 2335 quidquam
1045 2265 1170 2320 mali
1202 2264 1386 2320 videre
1411 2274 1511 2321 est.
1545 2264 1681 2320 Nam
1706 2269 1771 2320 de
1796 2272 2058 2335 priestan-

467 2357 700 2413 tioribus
731 2359 836 2412 ait:
873 2356 996 2412 Non
1018 2368 1094 2412 est
1130 2360 1220 2430 qui
1253 2360 1553 2414 consoletur
1574 2376 1689 2414 eam
1718 2375 1783 2414 ea:
1812 2358 2050 2412 omnibus

467 2448 767 2502 amantibus
790 2465 926 2502 eam.
962 2450 1029 2503 At
1060 2465 1185 2504 vero
1216 2450 1284 2505 de
1310 2449 1680 2514 inferioribus,
1729 2464 1926 2510 omnes,
1954 2446 2048 2509 ait,

465 2540 736 2610 diligentes
759 2557 874 2595 eam
907 2551 1211 2612 spreverunt
1236 2559 1371 2607 eam,
1399 2542 1533 2612 facti
1568 2550 1688 2596 sunt
1732 2542 1780 2595 ei
1817 2540 2050 2604 inimici;

465 2632 732 2702 siquidem
763 2632 1050 2689 inferiores
1079 2643 1132 2689 et
1149 2643 1472 2706 spreverunt
1494 2649 1637 2700 eam,
1656 2642 1710 2688 et
1728 2632 1854 2687 facti
1887 2630 2051 2703 325.

466 2730 596 2776 sunt
641 2721 715 2775 illi
768 2722 975 2778 inimici
994 2724 1426 2794 ;pra2stantiores
1454 2739 1583 2780 vero
1622 2731 1832 2778 tantum
1862 2738 2051 2777 consu-

466 2810 563 2865 lati
604 2827 710 2865 non
747 2819 895 2867 sunt.

535 2902 768 2959 Vers.3.
800 2904 1048 2974 Miqravit
1099 2904 1294 2961 Judea
1344 2913 1555 2976 propter
1604 2904 2046 2959 liumiliationem.

465 2995 550 3051 Ad
571 2995 804 3050 litteram
834 2996 957 3051 talis
980 2996 1084 3052 erit
1105 3012 1320 3053 sensus.
1350 2995 1634 3067 Proprium
1663 2996 1840 3051 locum
1864 2994 2047 3051 Iudaea

467 3087 696 3142 mutavit
723 3087 806 3142 bis
834 3086 903 3142 de
928 3086 1135 3152 causis,
1170 3087 1453 3142 humiliata
1485 3094 1706 3157 propter
1738 3094 2042 3157 peccatum,

2149 1981 2259 2053 γάρ
2295 1980 2357 2034 τὸ
2406 1979 2506 2052 μὲν
2538 1980 2760 2054 ἀγαπᾷν
2803 1981 3068 2057 θειότερον
3106 1981 3263 2051 εἶναι,
3301 1986 3413 2050 καὶ,
3453 1986 3518 2039 ἵν’
3552 1986 3726 2051 οὕτως

2149 2071 2322 2135 εἴπω,
2376 2072 2748 2143 πνευματικὸν
2770 2111 2786 2137 ,
2838 2073 2899 2126 τὸ
2944 2074 3002 2128 δὲ
3052 2075 3225 2146 φιλεῖν
3277 2077 3585 2147 σωματικὸν
3631 2080 3726 2132 καὶ

2149 2160 2657 2235 ἀνθρωπικώτερον.
2690 2162 2843 2233 Τάχα
2890 2163 2948 2216 δὲ
2979 2164 3191 2229 οὐδενὸς
3237 2164 3437 2236 φαῦλον
3479 2183 3727 2238 παρατη-

2153 2250 2344 2322 ρητέον
2397 2251 2749 2320 ἀγαπῶντος·
2796 2251 2878 2304 ὅτι
2935 2254 3066 2323 περὶ
3112 2255 3210 2325 μὲν
3246 2253 3355 2308 τῶν
3404 2256 3726 2327 κρειττόνων

2151 2342 2334 2412 φησιν.
2360 2345 2481 2412 Οὐχ
2498 2340 2746 2411 ὑπάρχει
2784 2344 3150 2412 παρακαλῶν
3185 2346 3382 2415 αὐτὴν
3418 2346 3537 2401 ἀπὸ
3574 2346 3724 2401 πάι·-

2149 2448 2267 2484 των
2296 2430 2416 2484 τῶν
2444 2431 2809 2501 ἀγαπώντων
2837 2431 3032 2501 αὐτήν
3048 2451 3061 2465 ·
3107 2435 3233 2506 περὶ
3263 2434 3320 2488 δὲ
3359 2434 3468 2488 τῶν
3508 2435 3725 2489 ἐλαττό-

2149 2538 2275 2588 νων,
2303 2521 2531 2589 Πάντες
2549 2527 2601 2576 οἱ
2628 2523 2948 2592 φιλοῦντες
2966 2525 3160 2593 αὐτὴν
3176 2522 3485 2594 ἠθέτησαν
3505 2526 3720 2594 αὐτὴν,
3779 2535 3785 2541 ·

2147 2614 2426 2685 ἐγένοντο
2466 2613 2621 2684 αὐτῇ
2660 2615 2749 2682 εὶς
2799 2615 3082 2686 ἐχθρούς·
3115 2618 3167 2670 οἱ
3217 2618 3314 2689 μὲν
3362 2617 3472 2689 γὰρ
3503 2618 3724 2672 ὑποδεέ-

2151 2724 2331 2779 στεροι
2387 2708 2480 2761 καὶ
2529 2707 2803 2778 ἠθέτησαν
2870 2708 3073 2779 αὐτὴν,
3125 2709 3219 2762 καὶ
3274 2709 3522 2779 ἐγένοντο
3582 2711 3718 2781 αὐτῇ

2149 2796 2331 2869 ἐχθροί
2350 2815 2364 2828 ·
2399 2799 2449 2851 οἱ
2469 2797 2525 2851 δὲ
2551 2798 2856 2870 κρείττονες
2891 2799 3050 2871 μόνον
3083 2799 3144 2853 οὐ
3175 2801 3575 2873 παρεκάλεσαν.

2218 2890 2569 2957 Μετῳκίσθη
2623 2890 2872 2944 Ἰουδαία
2928 2889 3048 2945 ἀπὸ
3105 2891 3531 2957 ταπεινώσεως.
3577 2892 3720 2963 Πρὸς

2152 2981 2249 3051 μὲν
2273 2979 2337 3033 τὸ
2365 2980 2528 3053 ῥητὸν
2558 2981 2794 3046 τοιοῦτος
2816 2981 2882 3036 ἂν
2910 2982 2995 3054 εἴη
3029 2982 3060 3036 ὀ
3084 2981 3228 3048 νοῦς.
3278 2983 3380 3037 Τδν
3406 2984 3534 3037 ἴδιον
3553 2982 3717 3037 τόπον

2147 3068 2181 3139 ὴ
2222 3066 2453 3123 Ἰουδαία
2481 3070 2732 3141 ἠμειψεν,
2765 3072 2954 3125 αἱτὶων
2978 3071 3182 3127 τούτων
3221 3073 3517 3144 γινομένων
3550 3074 3713 3146 αὐτῇ,

464 3195 534 3234 ex
570 3192 681 3248 quo
726 3188 964 3234 erectum
992 3194 1149 3233 suum
1179 3185 1234 3233 et
1262 3179 1550 3234 sublimem
1586 3178 1809 3249 reliquit
1841 3186 2041 3231 statum

2149 3159 2245 3232 τῆς
2294 3160 2677 3227 ταπεινώσεως
2741 3162 2911 3234 αὐτῆς
2961 3166 3028 3235 ἦν
3092 3165 3477 3221 τεταπείνωται
3541 3166 3718 3238 ἀμαρ-

464 3272 519 3324 in
552 3285 663 3340 quo
691 3280 834 3337 erat,
859 3270 988 3325 dum
1022 3271 1275 3342 pietatem
1303 3271 1525 3335 coleret,
1552 3286 1653 3326 nec
1682 3250 1789 3325 non
1824 3280 2043 3342 propter

2149 3249 2334 3317 τοῦσα,
2369 3250 2465 3305 καὶ
2493 3252 2556 3305 τὸ
2582 3252 2873 3325 ἀνάστημα
2904 3253 2999 3307 καὶ
3022 3253 3084 3308 τὸ
3118 3254 3489 3328 ἀγηγερμένον
3523 3255 3553 3308 ὃ
3580 3255 3716 3327 πρό-

463 3361 691 3415 multam
723 3360 843 3430 ejus
889 3361 1205 3414 servitutem
1252 3375 1361 3430 qua
1407 3356 1757 3431 passionibus
1798 3359 2040 3430 subjecta

463 3450 756 3506 serviebat.
792 3449 1033 3520 Migrans
1073 3465 1201 3505 vero
1244 3450 1387 3505 inter
1430 3459 1618 3521 gentes
1645 3450 1909 3505 collocata
1932 3459 2037 3516 est,

464 3542 558 3597 ubi
591 3542 831 3612 requiem
867 3543 1112 3599 invenire
1141 3558 1247 3597 non
1284 3542 1481 3613 potuit,
1511 3542 1749 3597 inimicis
1785 3542 2040 3598 omnibus

458 3650 581 3689 eum
616 3634 1065 3704 persequentibus
1086 3674 1100 3698 ,
1139 3632 1672 3702 appreliendentibus
1705 3640 1760 3687 et
1804 3633 2038 3686 tenenti-

460 3726 565 3782 bus
595 3727 733 3782 intcr
766 3736 953 3799 gentes
982 3733 1285 3780 morantem
1319 3724 1413 3794 qui
1441 3738 1561 3779 eam
1595 3723 1930 3794 premebant.

540 3961 689 4018 Vers.
719 3964 770 4018 4.
809 3956 918 4020 Vite
957 3957 1088 4021 Siet:
1133 3962 1330 4034 lugent,
1376 3977 1435 4018 eo
1476 3962 1615 4034 quod
1656 3976 1757 4017 non
1797 3965 1903 4017 sint
1945 3964 2035 4036 qui

460 4055 667 4111 veniant
693 4057 764 4110 ad
791 4057 1195 4112 solemnitatem.
1233 4056 1442 4113 Sensus
1466 4056 1532 4111 ad
1563 4056 1793 4111 litteram
1821 4057 1907 4111 hic
1928 4065 2029 4111 est.

2143 3360 2301 3416 τερον
2340 3339 2485 3415 εἶχεν
2514 3345 2575 3398 ὲν
2619 3343 2899 3416 θεοσεϐείᾳ
2939 3346 3261 3419 ὑπάρχουσα
3309 3347 3712 3413 καταλιποῦσα,

2143 3433 2224 3488 ἔτι
2253 3433 2311 3488 δὲ
2352 3435 2447 3488 καὶ
2477 3436 2577 3507 τῆς
2606 3435 2806 3507 πολλῆς
2830 3436 3075 3500 δουλείας
3107 3437 3279 3508 αὐτῆς
3320 3439 3387 3508 ἢν
3429 3435 3716 3491 δεδούλωτο

2144 3525 2556 3597 ὑποτεταγμένη
2605 3528 2718 3592 τοῖς
2785 3528 3009 3584 πάθεσι.
3074 3526 3493 3583 Μετοικισθεῖσα
3538 3528 3595 3582 δὲ
3657 3530 3715 3581 ἐν

2141 3614 2350 3669 ἔθνεσιν
2373 3614 2615 3687 ἱδρύνθη,
2647 3616 2773 3672 ἔνθα
2795 3619 2976 3690 εὑρεῖν
3000 3618 3307 3673 ἀνάπαυσιν
3325 3618 3387 3672 οὗ
3410 3617 3711 3690 δεδύνηται,

2142 3706 2359 3760 πάντων
2388 3706 2496 3760 τῶν
2536 3707 2745 3780 ἐχθρῶν
2780 3710 3226 3764 καταδιωκόντων
3251 3708 3440 3782 αὐτὴν,
3475 3710 3712 3764 καταλα-

2141 3796 2342 3851 ϐόντων
2364 3840 2379 3863 ,
2442 3797 2537 3851 καὶ
2587 3800 3148 3871 κατακεκρατηκότων
3192 3800 3361 3874 αὐτῆς
3421 3802 3715 3875 γενομένης

2141 3887 2292 3960 παρὰ
2321 3888 2437 3952 τοῖς
2461 3885 2689 3955 εθνεσιν,
2723 3891 2772 3944 οἱ
2799 3890 3009 3947 ἒθλιδον
3035 3893 3226 3966 αὑτήν.

2221 3978 2379 4034 ’06σὶ
2433 3976 2589 4035 Σιὼν
2613 3983 2902 4038 πενθοῦσι
2924 3992 2947 4049 ,⁸
2988 3983 3090 4039 διὰ
3131 3982 3198 4039 τὸ
3224 3984 3312 4056 μὴ
3348 3980 3500 4041 εῖναι
3542 3987 3710 4056 ἐρχο-

2131 4069 2356 4141 μένους
2381 4071 2451 4126 ἐν
2479 4072 2676 4142 ἑορτῇ.
2709 4075 2769 4128 Ὁ
2791 4075 2930 4147 πρὸς
2960 4075 3021 4128 τὸ
3054 4076 3219 4149 ῥητὸν
3247 4078 3372 4142 νοῦς
3391 4073 3546 4143 οὗτός
3564 4080 3705 4132 ἔστι.

458 4148 598 4215 Quia
636 4149 720 4203 lex
757 4149 983 4219 jubebat
1010 4149 1058 4182 ”
1097 4168 1111 4203 :
1156 4140 1257 4204 Ter
1294 4149 1351 4203 in
1387 4164 1525 4203 anno
1565 4147 1835 4218 apparebit
1883 4164 2035 4204 omne

459 4238 810 4293 masculinum
846 4250 992 4294 tuum
1025 4241 1081 4294 in
1111 4249 1389 4308 conspectu
1420 4239 1634 4293 Domini
1668 4238 1763 4294 Dei
1795 4240 1905 4304 tul;
1942 4252 2034 4310 po-

2137 4162 2245 4215 Τοῦ
2272 4163 2435 4235 νόμου
2460 4162 2708 4232 λέγοντος
2727 4180 2742 4196 ·
2785 4166 2916 4234 Τρὶς
2940 4167 3047 4221 τοῦ
3080 4167 3358 4224 ἐνιαυτοῦ
3385 4170 3711 4239 ὀφθήσεται

2135 4251 2260 4308 πᾶν
2292 4255 2618 4323 ἀρσενικόν
2667 4272 2785 4311 σου
2839 4257 3096 4313 ἐνώπιον
3154 4259 3375 4327 Κυρίου
3413 4261 3521 4315 τοῦ
3563 4262 3711 4316 Θεοῦ

459 4331 619 4400 putus
647 4329 888 4384 studiose
921 4331 1299 4391 concurrebat,
1330 4338 1610 4384 exstructo
1629 4329 1742 4397 jam
1781 4348 1810 4385 a
1840 4331 2032 4386 diebus

2149 4361 2285 4399 σου·
2321 4345 2579 4401 ἔσπευδον
2610 4349 2661 4401 οἱ
2697 4347 2805 4402 ἀπὸ
2831 4347 2925 4403 τοῦ
2970 4346 3099 4402 λαοῦ
3134 4349 3268 4420 μετά
3294 4351 3710 4423 οἰκοδομηθῆναι

457 4419 771 4476 Salomonis
814 4420 1047 4487 templo,
1098 4420 1165 4473 ad
1194 4421 1538 4489 exsequenda
1579 4421 1767 4489 jussa;
1798 4436 2032 4491 cumque

2149 4432 2225 4486 τὸν
2248 4434 2370 4489 ναὸν
2400 4432 2460 4490 ἐν
2493 4436 2632 4491 Σιὼν
2667 4437 2774 4492 ἀπὺ
2802 4438 2896 4492 τοῦ
2927 4439 3120 4511 χρόνου
3152 4419 3494 4511 Σολομῶντος
3528 4419 3711 4494 ἐπιτε-

455 4516 600 4570 circa
652 4511 953 4568 Jerusalem
989 4521 1171 4566 essent
1220 4510 1419 4566 Iudaeae
1463 4513 1743 4581 civitates,
1790 4515 2030 4583 undique

2149 4528 2246 4579 \si’v
2270 4526 2332 4579 τὸ
2361 4530 2834 4601 προστεταγμένον
2852 4549 2866 4562 ·
2902 4510 2994 4585 καὶ
3024 4529 3207 4601 κύκλῳ
3234 4510 3334 4603 τῆς
3358 4531 3711 4606 Ἰερουσαλὴμ

454 4616 611 4663 erant
633 4606 733 4661 viae
769 4605 836 4661 ad
876 4600 1005 4660 Sion
1034 4604 1317 4661 ducentes.
1348 4604 1457 4663 Has
1486 4609 1650 4679 igitur
1672 4607 1748 4661 ait
1774 4607 2031 4676 propheta

2149 4592 2515 4687 τυγχανουσῶν
2553 4592 2905 4675 τῶννπόλεων
2951 4621 3049 4692 τῆς
3105 4592 3364 4686 Ἰουδαίας
3385 4662 3401 4687 ,
3430 4592 3709 4677 ’πάντοθεν

455 4706 677 4766 propter
711 4697 1080 4768 captivitatem
1131 4695 1316 4766 lugere
1362 4705 1686 4764 mmrentes,
1717 4706 1769 4752 et
1818 4710 2033 4751 summa

2149 4706 2240 4759 5501
2270 4701 2414 4778 ἦσαν
2434 4709 2696 4781 φέρουσαι
2725 4711 2818 4764 ἐπὶ
2840 4712 2940 4783 τὴν
2977 4711 3136 4766 Σιών.
3165 4712 3385 4778 Ταύτας
3409 4710 3503 4768 οὖν
3523 4716 3552 4769 ό
3579 4731 3708 4786 προ-

456 4789 511 4840 in
557 4785 844 4841 solitudine
879 4787 1203 4842 constitutas
1231 4787 1313 4843 vel
1341 4787 1502 4842 etiam
1543 4785 1877 4856 temporibus
1909 4786 2033 4853 illis,

2149 4797 2313 4868 ρὴτης
2355 4797 2445 4852 διά
2490 4799 2589 4871 τὴν
2631 4800 3010 4873 αἰχμαλωσίαν
3051 4804 3184 4876 φησὶ
3222 4804 3437 4858 πενθεῖν
3466 4785 3711 4875 σκυθρω-

454 4873 675 4947 quando
708 4875 898 4945 ingens
927 4879 1184 4947 gaudium
1226 4885 1282 4932 et
1326 4877 1510 4933 laetitia
1544 4886 1664 4933 erat
1709 4876 1851 4947 apud
1887 4875 2030 4942 illus,

2149 4887 2431 4954 ταζούσας,
2462 4891 2556 4943 καὶ
2588 4892 2648 4945 ὲν
2684 4891 2835 4966 πάσῃ
2883 4892 3090 4966 ἐρημίᾳ
3112 4873 3479 4966 *ὑπαρχούσας
3517 4873 3617 4948 καὶὴ
3651 4896 3709 4947 ὲν

452 4967 872 5039 properantibus
895 4968 964 5022 ad
991 4969 1133 5024 diem
1162 4969 1357 5025 festum
1376 4967 1580 5025 Judzeis
1606 4970 1754 5023 omni
1784 4980 1850 5023 ex
1883 4975 2035 5038 parte

2149 4978 2362 5044 ἐκείνοις
2422 4983 2537 5046 τοῖς
2593 4986 2846 5055 καιροῖς,
2898 4984 2988 5037 ὅτε
3047 4985 3215 5057 πολλὴ
3263 4985 3566 5057 εὐφροσύνη
3617 4987 3711 5039 καὶ

448 5056 517 5114 ad
553 5066 812 5111 montem.
857 5055 992 5111 Cum
1022 5073 1150 5113 vero
1177 5060 1359 5114 multae
1387 5067 1570 5115 essent
1611 5068 1779 5128 portae
1809 5060 1861 5114 in
1893 5057 2022 5114 Sion

2149 5069 2388 5143 ,λαρότης
2409 5067 2479 5143 ἦν
2502 5073 2561 5126 ὲν
2600 5074 2812 5139 αὐτοῖς,
2851 5055 3314 5129 σπευδόντωννὲπὶ
3363 5055 3563 5148 ἑορτὴν
3602 5076 3711 5129 τῶν

447 5155 741 5204 exstrue-tte
795 5162 1229 5217 quaquaversum
1278 5158 1625 5219 spectantes,
1691 5150 1890 5206 dicitur
1932 5150 2022 5204 hic

2149 5161 2499 5232 ιπανταχόθεν
2533 5162 2800 5218 Ἰουδαίων
2833 5165 2927 5218 ἐπὶ
2964 5165 3027 5218 τὸ
3054 5163 3195 5217 Σιὼν
3220 5164 3366 5235 ὄρος.
3401 5163 3620 5217 Πολλῶν
3655 5163 3710 5216 δὲ

448 5255 641 5293 omnes
666 5252 785 5292 esse
825 5237 1152 5304 destructas,
1183 5247 1237 5294 et
1271 5239 1581 5294 sacerdotes
1606 5254 1841 5310 gemere,
1873 5236 2021 5309 quod

2149 5247 2302 5302 ιῦσῶν
2335 5244 2446 5305 τῶν
2488 5250 2683 5306 πυλῶν
2716 5253 2825 5308 τῶν
2866 5252 3323 5324 οἱκοδομηθεισῶν
3370 5253 3430 5308 ὲν
3468 5253 3606 5306 Σιὼν
3643 5252 3707 5304 ὲκ

449 5332 658 5386 scilicet
704 5330 1040 5386 sacerdotale
1094 5347 1296 5387 munus
1341 5343 1596 5410 exercere
1648 5347 1755 5388 non
1803 5340 2025 5402 poSsent

2149 5338 2348 5395 πάντων
2372 5334 2483 5395 τῶν
2521 5342 2821 5413 κλιμάτων,
2858 5345 3024 5416 φησιν
3054 5346 3084 5398 ό
3113 5344 3271 5412 λόγος
3298 5345 3480 5409 πάσας
3509 5347 3708 5417 ἠφανί-

448 5421 603 5478 feslis
634 5423 848 5487 diebus,
880 5431 932 5477 et
966 5423 1178 5493 reliquo
1208 5433 1482 5493 tempore;
1519 5426 1602 5479 vel
1637 5425 1782 5495 quod
1822 5423 2020 5495 captivi

2149 5431 2273 5495 ιθαι,
2310 5433 2546 5499 καὶτοὺς
2581 5437 2747 5506 ἱερεῖς
2779 5438 3076 5502 στενάζειν,
3104 5437 3344 5507 δηλονότι
3364 5437 3433 5493 τά
3456 5436 3705 5509 ἱερατικά

445 5510 554 5580 jam
592 5525 792 5582 essent,
841 5516 922 5571 vel
958 5516 1101 5586 quod
1134 5516 1314 5573 nullus
1347 5519 1628 5576 accederet
1670 5516 1735 5572 ad
1774 5530 1890 5580 eos,
1929 5519 2022 5588 qui

2149 5523 2266 5595 ἔργα
2298 5526 2366 5579 τὰ
2391 5527 2531 5581 κατά
2563 5526 2663 5592 τὰς
2689 5529 2901 5599 ἑορτὰς,
2945 5530 3034 5582 καὶ
3065 5529 3165 5592 τὰς
3201 5528 3368 5593 ἄλλας
3401 5527 3612 5602 ἡμέρας
3641 5529 3703 5581 οὐ

518 5723 561 5751 ’⁵
587 5722 715 5779 Luc.
744 5743 814 5791 vr,
837 5726 925 5778 2|.
1001 5728 1046 5759 9‘
1066 5723 1169 5778 Job
1224 5742 1340 5793 Vill,
1368 5731 1455 5784 2|.
1543 5733 1585 5764 ’⁷
1617 5731 1754 5785 Gen.
1785 5746 1895 5793 xxi,
1928 5730 2000 5785 ϐ..

2156 5735 2169 5786 Ι
2203 5737 2329 5791 Cor.
2367 5754 2416 5796 v.
2452 5737 2505 5792 4.
2562 5740 2605 5769 ⁹⁹
2633 5735 2802 5791 Exod.
2844 5753 3002 5804 mu,
3044 5738 3126 5792 Π,
