4070 6296
576 324 684 378 615

1949 315 2038 371 EX
2080 309 2384 370 ORIGENE

3715 305 3821 361 6l6

571 442 714 515 quod
755 440 961 510 justum
1003 441 1087 489 est
1130 424 1637 515 persequituﬁr,iqui
1705 424 1851 515 quod
1897 424 2138 494 aequitati

2241 416 2495 487 τοιαύτη,
2536 414 2675 468 ἐπὰν
2706 413 2770 467 τὸ
2813 410 3053 483 καθῆκον
3102 412 3201 481 μέν
3247 428 3329 475 τις
3384 412 3643 485 ἐπιτελῇ,
3690 434 3821 486 προ·-

572 512 789 598 quidem
827 529 1245 579 consentaneum
1288 525 1391 580 est,
1426 514 1587 580 facit,
1636 513 1730 568 sed
1777 512 1970 567 affectu
2020 526 2143 581 per-

572 629 760 675 verso,
813 620 870 664 ut
916 609 960 663 si
991 608 1114 678 quis
1156 610 1299 661 bona
1352 605 1683 675 pauperibus
1737 604 2028 658 distribuat
2073 603 2141 657 ad

571 700 794 772 gloriam
824 698 892 751 ab
918 696 1232 750 hominibus
1262 694 1583 764 captandam
1614 711 1627 746 :
1657 709 1778 762 qua.-
1804 702 1996 748 vetans
2024 691 2144 747 Sal-

480 821 485 827 ~
569 801 721 846 valor
748 790 823 843 ait
852 790 873 819 '
910 806 925 843 :
962 786 1020 840 Si
1048 787 1183 857 [acia
1212 785 1612 856 eleemosynam,
1654 784 1760 838 noli
1800 785 1924 838 tuba
1958 800 2144 837 canere

570 892 690 934 ante
739 889 808 945 te,
850 879 985 932 sicut
1015 878 1301 947 hypocrita:
1340 875 1544 945 faciunt
1595 876 1651 928 in
1697 875 1974 949 synagogis
2007 884 2057 928 et
2088 875 2142 928 in

569 972 718 1035 eicis,
763 980 818 1022 ut
853 969 1265 1037 Itonoriﬁccntur
1303 966 1367 1019 ab
1403 965 1719 1019 hominibus.
1765 964 1918 1020 Juste
1962 977 2141 1021 autem

570 1061 714 1130 quod
754 1060 1019 1128 injustum
1054 1064 1139 1111 est
1182 1055 1360 1111 facere
1393 1056 1772 1127 intelligendus
1811 1065 1896 1109 est
1940 1056 2015 1121 is,
2050 1056 2141 1124 qui

573 1152 795 1207 meliora
828 1150 930 1206 sibi
958 1148 1233 1219 preponit,
1278 1148 1371 1203 sed
1416 1148 1487 1202 ob
1524 1147 1652 1201 boni
1692 1146 1962 1201 inscitiam
1990 1147 2143 1201 dete-

575 1245 718 1297 riora
759 1241 1001 1312 peragit;
1041 1239 1219 1310 qualis
1267 1239 1396 1294 olim
1435 1237 1600 1310 326
1636 1248 1755 1294 erat
1800 1237 2001 1292 Paulus
2049 1237 2144 1306 qui

570 1333 785 1404 pietatis
823 1332 939 1386 zelo
984 1329 1256 1385 Ecclesias
1288 1328 1552 1383 tradebat.
1585 1329 1790 1398 injuste
1833 1341 1963 1381 vero
1997 1327 2143 1396 quod

571 1425 832 1495 injustum
860 1432 945 1478 est
970 1423 1048 1488 lit,
1089 1436 1215 1476 cum
1245 1429 1299 1475 et
1326 1419 1471 1489 quod
1507 1420 1688 1490 agitur
1714 1418 1953 1489 aequitati
1980 1432 2144 1487 repu-

571 1522 720 1587 gnat,
749 1526 805 1570 et
842 1514 1041 1569 mentis
1068 1512 1409 1582 propositum
1443 1525 1762 1582 perversum
1792 1519 1896 1567 est.

642 1692 797 1748 Vers.
812 1691 867 1745 6.
884 1689 953 1744 Et
971 1704 1206 1760 egressus
1227 1696 1304 1742 est
1319 1703 1351 1741 a
1367 1686 1483 1756 ﬁlia
1502 1685 1630 1740 Sion
1646 1701 1813 1739 omnis
1831 1685 1987 1739 decor
2004 1684 2140 1755 ejus.

573 1784 776 1839 Littera
826 1798 926 1852 pro
962 1755 1172 1836 viribus
1222 1755 1541 1848 exponenda
1599 1785 1683 1831 est
1746 1776 2145 1846 inquirentibus
2174 1755 2217 1810 Β

573 1889 695 1944 quae
727 1873 798 1927 sit
821 1872 927 1926 ﬁlia
956 1871 1108 1936 Sion,
1140 1879 1194 1925 et
1221 1869 1275 1923 in
1308 1881 1417 1938 quo
1444 1867 1606 1922 decor
1633 1865 1753 1936 ejus
1780 1867 2064 1932 consistat,
2091 1876 2146 1922 et

573 1980 694 2035 quae
737 1977 939 2034 pascua
967 1976 1088 2031 quae
1122 1976 1232 2015 non
1279 1958 1482 2013 habent
1521 1957 1798 2027 principes
1833 1957 1954 2013 tiliae
1990 1957 2143 2025 Sion,

573 2061 746 2115 instar
779 2059 1012 2113 arietum
1041 2067 1197 2127 pastu
1222 2054 1578 2124 indigentium
1609 2071 1622 2108 :
1653 2062 1707 2108 et
1735 2053 2009 2123 quomodo
2053 2053 2144 2108 isti

571 2151 887 2208 fortitudine
911 2149 1104 2219 privati
1134 2147 1411 2202 ambulent
1435 2159 1562 2200 ante
1594 2143 1785 2201 faciem
1819 2159 2147 2215 persequen-

571 2241 661 2296 tis.
697 2238 1044 2293 Arbitramur
1087 2236 1271 2306 itaque
1307 2243 1545 2288 montem
1584 2232 1715 2288 Sion
1754 2248 1878 2295 esse
1915 2242 2142 2287 matrem

572 2329 870 2399 Synagogze
901 2340 1022 2397 quae
1063 2325 1117 2379 in
1162 2326 1277 2395 ipsa
1320 2333 1423 2389 est,
1469 2338 1699 2393 quaaque
1727 2324 1953 2392 figuram
1984 2322 2146 2378 habet

570 2418 694 2472 tilize
716 2415 881 2484 Sion;
920 2417 1169 2471 decorem
1197 2428 1323 2469 vero
1349 2412 1473 2467 tiliae
1517 2412 1647 2468 Sion
1675 2412 1991 2467 indumenta
2023 2426 2146 2467 esse

567 2523 692 2578 qua:
742 2507 830 2562 illa
880 2508 1211 2579 possidebat,
1259 2521 1381 2577 quae
1413 2507 1615 2576 rapina:
1647 2514 1889 2574 tempore
1934 2505 2143 2574 direpta

569 2597 641 2652 ab
670 2597 921 2653 hostibus
945 2638 961 2663 ,
1013 2595 1264 2650 abierunt
1303 2593 1370 2647 ab
1402 2593 1488 2647 his
1517 2607 1749 2661 quorum
1779 2590 1942 2644 decor
1967 2599 2142 2657 erant,

571 2689 679 2744 hoc
709 2698 790 2745 est
824 2695 1103 2758 asportata
1143 2694 1301 2752 sunt;
1350 2684 1455 2738 hoc
1491 2682 1689 2752 quippe
1732 2679 2006 2736 ellicacius
2051 2695 2145 2735 ex-

569 2779 770 2849 pressit
803 2792 899 2848 per
930 2776 1060 2831 illud
1102 2793 1117 2830 :
1151 2773 1404 2845 Egressus
1436 2780 1550 2836 est;
1579 2770 1852 2841 principes
1878 2786 2009 2825 vero
2043 2769 2141 2842 Sy-

571 2884 814 2939 nagogaa,
847 2868 1095 2922 hostibus
1123 2863 1521 2936 ingruentibus,
1552 2862 1903 2932 captivosque
1942 2861 2146 2916 ducen-

569 2961 749 3024 tibus,
781 2966 1047 3014 consueto
1073 2957 1216 3011 victu
1252 2954 1564 3017 delicicute,
1603 2962 1946 3023 comparatos
1975 2951 2145 3008 fuisse

570 3050 834 3105 arietibus
872 3064 981 3103 non
1031 3046 1431 3103 invenientibus
1460 3044 1675 3108 cibum;
1709 3054 1764 3099 et
1810 3044 1970 3111 sicut,
2012 3045 2143 3100 dum

569 3141 768 3196 arietes
794 3141 1069 3195 ducuntur
1115 3138 1208 3208 qui
1249 3137 1386 3206 pasti
1432 3153 1538 3191 non
1582 3136 1710 3199 sint,
1766 3135 1895 3190 lenti
1941 3136 2144 3191 abeunt

569 3234 838 3289 violentiae
870 3230 1311 3303 prosequentium
1349 3229 1632 3297 cedentes;
1669 3229 1741 3283 ita
1785 3237 1840 3283 et
1871 3228 2145 3299 principes

567 3325 766 3395 captivi
812 3323 974 3390 facti,
1015 3323 1145 3379 dum
1186 3323 1241 3376 in
1287 3323 1557 3376 victorum
1612 3321 1731 3375 loca
1782 3322 2144 3389 ducerentur,

566 3414 832 3477 abibant,
902 3427 1010 3468 non
1058 3412 1112 3466 in
1167 3409 1483 3466 fortitudine
1537 3417 1664 3465 ante
1716 3409 1910 3465 faciem
1956 3426 2131 3482 perse-

564 3504 805 3575 quentis.

639 3679 897 3749 Ejusdem
954 3695 1046 3750 per
1094 3694 1382 3750 anagogen.
1421 3677 1643 3750 Mystice
1691 3693 1823 3733 vero
1871 3679 2142 3749 ejusmodi

567 3769 750 3825 anima
785 3769 895 3824 filia
922 3778 1008 3824 est
1041 3768 1205 3837 Sion;
1244 3769 1476 3839 exempli
1514 3771 1710 3838 gratia,
1740 3779 1826 3825 est
1856 3770 1962 3825 lilia
1989 3771 2147 3841 justi-

564 3861 656 3915 tiaa
695 3859 882 3929 justa,
923 3858 1031 3912 lilia
1064 3858 1345 3929 sapientiae
1376 3859 1616 3928 sapiens.
1666 3857 1757 3914 Sic
1799 3860 1966 3915 etiam
2016 3876 2140 3916 cum

566 3948 699 4003 Sion
747 3950 966 4019 specula
1009 3951 1120 4015 sit,
1185 3949 1514 4020 speculatrix
1567 3961 1621 4006 et
1680 3951 2142 4021 contemplatione

566 4054 725 4100 utens
765 4060 943 4099 rerum
980 4045 1413 4116 investigatrice,
1465 4044 1575 4099 tilia
1622 4042 1752 4099 Sion
1799 4061 1906 4100 non
1945 4045 2141 4101 incon-

565 4147 702 4203 grue
727 4132 956 4188 dicetur.
999 4132 1257 4198 Decorem
1307 4148 1436 4188 vero
1483 4134 1631 4189 illius
1662 4135 2098 4206 dignitatemque
2121 4174 2136 4199 ,

563 4223 695 4292 quid
721 4224 866 4279 aliud
910 4224 1291 4280 convenienter
1324 4226 1649 4294 putaverim,
1686 4241 1848 4295 quam
1885 4239 2017 4295 epes
2048 4240 2139 4281 ve-

565 4314 740 4368 ritatis
791 4322 1102 4367 sanctorum
1132 4314 1448 4384 dogmatum
1480 4331 1605 4370 cum
1644 4316 1907 4386 sapientia
1958 4316 2140 4386 inspe-

2243 511 2389 564 θέσει
2413 510 2469 562 δὲ
2499 506 2768 579 μοχθηρᾷ,
2795 505 2871 568 ὡς
2903 505 2957 557 εἴ
2992 503 3263 568 τιςνδόξαν
3296 503 3395 574 τὴν
3429 506 3579 579 παρὰ
3613 508 3821 579 ἀνθρώ.

2243 616 2360 653 πων
2389 597 2706 669 θηρώμενος
2762 593 3220 667 κοινωνήσῃ·τῶν
3255 595 3608 665 ὑπαρχόντων
3655 600 3823 671 πένη-

2245 708 2360 745 σιν⁶
2395 691 2538 761 ειπερ
2568 686 2928 758 ἀπαγορεύων
2956 688 2984 739 ὁ
3016 686 3207 756 Σωτήρ
3234 702 3426 756 φησιν’
3477 688 3615 741 Ἐὰν
3646 690 3823 760 ποιῇς

2241 784 2703 853 ἐλεημοσύνην,
2759 779 2846 850 μὴ
2903 784 3220 849 σαλπίσῃς
3276 779 3620 850 ἔμπροσθέν
3681 801 3819 852 σου,

2241 872 2441 940 ὥσπερ
2472 874 2527 924 οἱ
2556 869 2874 939 ὑποκριταὶ
2899 868 3179 923 ποιοῦσιν
3198 870 3271 922 ἐν
3294 870 3423 936 ταῖς
3448 876 3822 944 συναγωγαῖς

2243 965 2341 1019 καὶ
2381 966 2451 1017 ἐν
2480 963 2610 1029 ταῖς
2639 965 2892 1031 ῥύμαις,
2926 960 3085 1026 ὅπως
3125 959 3506 1025 δοξασθῶσιν
3540 965 3660 1019 ὑπὸ
3705 966 3825 1020 τῶν

2242 1056 2586 1123 ἀνθρώπων.
2620 1054 2692 1106 Τὸ
2722 1052 2779 1106 δὲ
2819 1051 3042 1114 δικαίως
3071 1053 3133 1104 τὸ
3176 1052 3360 1106 ἄδικον
3398 1058 3571 1108 ποιεῖν
3603 1057 3821 1130 νοηθείη

2243 1149 2329 1213 ἂν,
2362 1149 2486 1202 ὅταν
2506 1186 2521 1211 ,
2556 1145 2812 1217 προθέσει
2845 1146 2915 1198 τὰ
2946 1143 3230 1215 κρείττονα
3260 1149 3433 1199 ποιεῖν
3468 1165 3555 1212 τις
3596 1150 3820 1221 προελόσ

2247 1257 2403 1312 μενος
2422 1281 2437 1305 ,
2470 1241 2599 1310 παρ’
2623 1239 2844 1307 ἄγνοιαν
2874 1235 2969 1290 τοῦ
3003 1235 3167 1289 καλοῦ
3219 1238 3432 1311 πράττῃ
3471 1240 3540 1294 τὰ
3572 1241 3814 1313 χείρονα·

2242 1331 2427 1395 ὁποῖός
2457 1346 2587 1383 ποτε
2619 1330 2809 1398 γέγονε
2843 1327 3053 1391 Παῦλος
3081 1329 3364 1400 προδιδοὺς
3394 1331 3493 1396 τὰς
3527 1333 3821 1405 ἐκκλησίας

2243 1421 2387 1476 κατὰ
2423 1420 2582 1490 ζῆλον
2615 1418 2940 1482 θεοσεϐείας.
2988 1418 3213 1482 Ἀδίκως
3254 1421 3311 1473 δὲ
3347 1422 3410 1475 τὸ
3448 1422 3651 1491 ἄδικον,
3694 1426 3820 1482 ὅταν

2244 1511 2339 1566 καὶ
2363 1511 2426 1564 τὸ
2468 1512 2837 1582 πραττόμενον
2875 1510 3057 1564 ἄδικον
3087 1507 3144 1585 ᾖ,
3172 1513 3266 1565 καὶ
3295 1515 3330 1584 ἡ
3371 1516 3693 1588 προαίρεσις
3723 1511 3822 1573 πα.

2245 1603 2591 1675 κοποιητική.

2314 1695 2423 1749 Καὶ
2468 1695 2690 1764 ἐξῆλθε
2712 1694 2782 1748 ἐκ
2821 1694 3111 1765 θυγατρός
3143 1695 3299 1750 Σιὼν
3328 1695 3496 1752 πᾶσα
3535 1701 3573 1768 ἠ
3610 1699 3820 1768 εὐπρέ-

2245 1801 2384 1839 πεια
2410 1784 2619 1854 αὐτῆς.
2651 1784 2733 1839 Τά
2760 1786 2861 1857 τῆς
2904 1785 3120 1852 λέξεως,
3163 1785 3263 1856 ὅση
3293 1786 3519 1859 δύναμις
3558 1790 3689 1859 ἡμῖν
3728 1806 3823 1844 σα-

2245 1876 2565 1948 φηνιστέον,
2617 1874 2929 1940 ἐξετάζουσι
2966 1877 3052 1940 τίς
3092 1878 3125 1946 ή
3166 1876 3410 1949 θυγάτηρ
3441 1879 3577 1932 Σιὼν
3624 1881 3717 1933 καὶ
3764 1882 3822 1933 ἐν

2243 1966 2350 2020 τίνι
2380 1966 2579 2038 ἔχουσα
2609 1966 2709 2037 τὴν
2732 1966 3096 2040 εὐπρέπειαν,
3131 1968 3215 2033 τίς
3247 1986 3307 2021 τε
3340 1971 3373 2041 ἡ
3411 1971 3579 2041 νομὴ,
3610 1971 3677 2042 ἢν
3719 1973 3820 2025 οὐκ

2243 2056 2458 2129 ἔχουσιν
2481 2059 2532 2111 οἱ
2567 2058 2829 2129 ἄρχοντες
2864 2060 2964 2130 τῆς
2995 2060 3263 2131 θυγατρὸς
3287 2059 3422 2114 Σιὼν
3458 2061 3611 2133 δίκην
3650 2062 3819 2134 κριῶν

2242 2148 2589 2221 ἀπορούντων
2627 2148 2973 2222 βοσκήσεωςο
3012 2151 3251 2215 καὶπῶς
3285 2146 3430 2206 οὗτοι
3479 2154 3821 2225 ἐστερημένοι

2246 2240 2428 2311 ἰσχύος
2477 2240 2794 2313 πορεύονται
2846 2240 2988 2294 κατὰ
3035 2240 3323 2311 πρόσωπον
3369 2241 3462 2295 τοῦ
3511 2240 3818 2307 διώκοντος.

2255 2331 2566 2403 Ἡγούμεθα
2599 2332 2655 2385 δὲ
2682 2331 2744 2385 τὸ
2773 2331 2869 2402 μὲν
2895 2331 3020 2403 ὅρος
3056 2331 3194 2385 Σιὼν
3223 2333 3434 2405 μητέρα
3467 2328 3603 2387 εἶναι
3629 2335 3729 2405 τῆς
3764 2337 3823 2388 ἐν

2242 2423 2379 2494 αὐτῇ
2408 2422 2760 2494 Συναγωγῆς,
2791 2422 3058 2494 θυγατρὸς
3080 2422 3518 2494 σχηματιζούσης
3541 2425 3639 2495 τῆς
3654 2424 3819 2477 Σιών⁸

2239 2512 2343 2584 τὴν
2374 2512 2432 2565 δὲ
2460 2512 2794 2584 εὐπρέπειαν
2817 2513 2914 2584 τῆς
2935 2513 3203 2585 θυγατρὸς
3229 2512 3367 2567 Σιὼν
3392 2515 3490 2586 τὴν
3513 2516 3704 2587 κτῆσιν
3723 2516 3823 2588 τὴν

2242 2606 2301 2656 ὲν
2324 2603 2554 2665 πέπλοις
2573 2602 2746 2673 αὐτῆς
2765 2620 2779 2633 ·
2799 2603 2921 2673 ῆτις
2949 2603 3159 2673 κτῆσις,
3192 2605 3248 2657 ὲν
3269 2602 3349 2675 τῷ
3376 2605 3552 2677 καιρῷ
3576 2607 3671 2678 τῆς
3690 2623 3822 2679 προ-

2242 2694 2413 2763 νομῆς
2432 2692 2697 2764 ληφθεῖσα
2729 2695 2833 2748 ὑπδ
2854 2694 2961 2749 τῶν
2994 2694 3288 2765 πολεμίων,
3315 2695 3539 2767 ἐξῆλθεν
3566 2698 3673 2752 ἀπὸ
3703 2697 3824 2752 τού-

2241 2800 2350 2836 των
2371 2776 2489 2836 ὦνό
2519 2784 2722 2855 κόσμος
2745 2779 2833 2854 ἦν,
2866 2784 3143 2838 τουτέστιν
3173 2783 3520 2857 ὲξεκομίσθηο
3532 2786 3687 2841 τοῦτο
3714 2788 3821 2860 γὰρ

2242 2876 2685 2950 ὲμφατικώτερον
2704 2875 2782 2948 τῷ
2797 2875 3057 2946 ἐξῆλθεν
3077 2877 3346 2949 ὠνόμασε·
3367 2880 3492 2943 τοὺς
3510 2879 3566 2933 δὲ
3582 2880 3819 2951 ἡγουμέ-

2241 2986 2366 3034 νους
2406 2968 2504 3041 τῆς
2538 2969 2866 3040 Συναγωγῆς
2887 3008 2902 3033 ,
2948 2968 3036 3022 διὰ
3067 2969 3129 3022 τὸ
3173 2968 3451 3024 ἐκκεῖσθαι
3494 2970 3619 3035 τοὺς
3662 2971 3819 3025 πολε-

2248 3060 2423 3131 μίους,
2456 3061 2550 3113 καὶ
2575 3058 2993 3131 αἰχμαλωτίζειν
3030 3059 3372 3132 ἀποροῦντας
3409 3059 3518 3114 τῶν
3555 3061 3817 3133 συνήθων,

2244 3149 2558 3222 ὠμοιῶσθαι
2598 3154 2772 3224 κριοῖς
2829 3150 2927 3227 οὐχ
2973 3150 3286 3222 εὑρίσκουσι
3336 3153 3567 3224 τροφήν;
3611 3154 3819 3225 ’Ὠσπερ

2248 3241 2493 3312 μέντοιγε
2537 3242 2683 3309 κριοὶ
2735 3241 3081 3313 ἐλαυνόμενοι
3113 3242 3189 3314 μὴ
3234 3244 3532 3315 τραφέντες
3580 3244 3820 3308 ἀσθενῶς

2245 3330 2565 3402 πορεύονται
2587 3371 2601 3392 ,
2635 3333 2701 3402 τῇ
2741 3330 2953 3402 ἀνάγκῃ
2983 3330 3091 3385 τῶν
3126 3331 3520 3385 ἐπιδιωκόντων
3551 3333 3787 3395 εἴκοντες
3807 3349 3818 3360 ·

2244 3420 2416 3484 οὓτως
2440 3421 2533 3475 καὶ
2563 3423 2612 3474 oi.
2639 3421 2899 3493 ἄρχοντες
2927 3421 3259 3492 αἰχμάλωτοι
3285 3422 3584 3493 γενόμενοι,
3619 3423 3822 3492 ἀπαγό-

2248 3530 2397 3584 μενοι
2421 3515 2518 3585 τὴν
2551 3514 2734 3586 χώραν
2765 3513 2873 3567 τῶν
2911 3513 3457 3584 αἱχμαλωτισάντων,
3499 3515 3822 3586 ἐπορεύοντο

2242 3605 2344 3658 οὐκ
2361 3606 2418 3659 ἐν
2446 3606 2588 3676 ἰσχύϊ
2610 3606 2729 3659 κατ’
2762 3607 2884 3676 ὄψιν
2915 3605 3010 3659 τοῦ
3038 3605 3344 3670 διώκοντος.

2318 3695 2433 3749 Τοῦ
2464 3695 2648 3750 αὑτοῦ
2684 3696 2835 3751 κατὰ
2856 3694 3191 3767 ἀναγωγήν.
3231 3697 3377 3767 Πρὸς
3423 3696 3481 3749 δὲ
3518 3695 3752 3750 διάνοιαν
3786 3697 3818 3768 ή

2241 3785 2416 3838 τοιάδε
2443 3785 2590 3856 ψυχὴ
2619 3784 2865 3857 θυγάτηρ
2898 3786 3015 3839 ἐστὶ
3047 3786 3211 3839 Σιὼν·
3231 3782 3342 3839 οἷον
3365 3785 3443 3850 ὡς
3474 3786 3724 3858 θυγάτηρ
3744 3786 3820 3839 δι-

2243 3892 2312 3928 κα
2325 3874 2539 3946 ιοσύνης
2575 3877 2609 3946 ή
2641 3875 2846 3940 δικαία,
2869 3877 2961 3929 καὶ⁵
2985 3876 3173 3929 τέκνον
3200 3876 3393 3946 σοφίας
3423 3879 3456 3949 ὴ
3491 3878 3627 3949 σοφή
3644 3896 3657 3907 ·
3680 3876 3820 3930 οὕτω

2240 3963 2319 4027 δὲ,
2338 3963 2460 4016 ἐπεὶ
2482 3962 2620 4017 Σιών
2641 3966 2760 4017 ἐστι
2784 3964 2845 4017 τὸ
2870 3967 3334 4039 σκοπευτήριον,ή
3360 3966 3709 4037 σκοπευτικὴ,
3728 3967 3820 4019 καὶ

2241 4053 2591 4125 θεωρητικῶς
2625 4055 2892 4128 διεξοδικὴ
2916 4056 3163 4128 θυγάτηρ
3196 4056 3332 4110 Σιὼν
3363 4057 3430 4111 ἂν
3452 4058 3679 4126 λέγοιτο.
3714 4058 3817 4111 EO-

2241 4147 2510 4218 πρέπειαν
2538 4147 2594 4201 δὲ
2615 4148 2784 4219 αὐτῆς
2806 4150 2899 4202 καὶ
2923 4148 3139 4220 ἀξίωμα
3164 4148 3216 4202 τί
3244 4148 3309 4203 ἂν
3334 4149 3462 4203 ἄλλο
3483 4150 3708 4214 δεόντως
3730 4165 3817 4204 νο-

2243 4236 2512 4307 μισαίμην
2533 4236 2566 4308 ἢ
2587 4236 2679 4289 τὸν
2697 4236 2923 4290 πλοῦτον
2943 4236 3052 4290 τῶν
3068 4237 3165 4308 τῆς
3189 4236 3444 4307 ἀληθείας
3469 4237 3604 4307 μετὰ
3628 4239 3818 4307 σοφίας

2239 4324 2662 4398 τεθεωρημένων
2686 4326 2859 4395 ἁγίων
2887 4327 3206 4397 δογμάτων;
3242 4327 3409 4380 Ἐπὰν
3445 4326 3537 4382 οὖν
3568 4329 3819 4402 άμελήσῃ

562 4405 812 4462 etorum?
848 4404 904 4459 Si
939 4405 1063 4475 quis
1102 4405 1283 4476 itaque
1333 4408 1663 4478 negligenter
1703 4410 1872 4481 egerit
1904 4420 2027 4481 post
2053 4411 2136 4465 di-

2241 4434 2342 4485 τις,
2364 4418 2501 4489 μετὰ
2518 4418 2580 4471 τὸ
2610 4418 2914 4490 κτήσασθαι
2940 4419 3156 4490 ἀξίωμα
3176 4420 3270 4473 καὶ
3290 4420 3622 4491 εὐπρέπειαν
3642 4421 3739 4491 τῆς
3757 4438 3818 4473 τε

562 4495 784 4565 gnitatis
826 4493 1148 4563 decorisque
1193 4497 1591 4552 assecutionem
1619 4540 1633 4564 ,
1700 4500 1900 4555 amittit
1945 4516 2133 4556 earum

561 4587 961 4656 possessionem
1011 4585 1429 4655 divinarumque
1473 4587 1785 4643 divitiarum
1830 4592 2134 4647 incremen-

564 4683 700 4740 tum,
746 4684 800 4729 et
843 4675 1197 4746 egrediuntur
1242 4691 1364 4746 quae
1407 4674 1612 4731 dudum
1651 4677 1769 4747 ejus
1816 4689 2133 4735 ornamenta

562 4775 737 4819 erant.
781 4766 1060 4838 Principes
1084 4785 1236 4838 vero,
1278 4769 1373 4841 qui
1406 4770 1573 4826 duces
1601 4770 1864 4828 doctrina:
1891 4772 2132 4839 fuerunt,

562 4864 618 4910 et
648 4870 813 4911 manu
844 4859 1115 4913 duxerunt
1163 4861 1230 4916 ad
1277 4862 1667 4933 acquirendum
1696 4865 2011 4933 praedictum
2040 4867 2135 4922 de-

563 4962 768 5012 corem,
805 4958 858 5003 et
888 4951 1062 5006 instar
1085 4953 1316 5007 arietum
1351 4951 1495 5024 gregi
1521 4954 1878 5022 praeeuntium
1909 4972 2010 5012 nec
2043 4956 2132 5011 in-

562 5040 894 5096 venientium
926 5056 1147 5112 pascua,
1181 5044 1385 5100 redacti
1412 5053 1617 5100 suntet
1645 5045 1749 5114 ipsi
1774 5046 1839 5100 ad
1869 5047 2130 5117 inopiam,

562 5131 893 5203 negligentes
923 5148 1247 5190 conservare
1275 5150 1339 5191 ea
1369 5150 1491 5206 quae
1541 5136 1768 5205 seipsos,
1800 5145 1855 5190 et
1887 5152 2039 5204 oves,
2075 5147 2135 5193 ut

561 5223 631 5278 ita
677 5225 878 5291 dicam,
911 5226 1249 5297 impinguare
1280 5234 1548 5297 poterant.
1599 5226 1938 5297 Quapropter
1980 5229 2132 5285 debi-

557 5315 693 5371 litati
724 5325 776 5370 et
807 5331 836 5370 a
863 5326 1219 5387 persequente
1248 5317 1645 5386 comprehensi,
1690 5319 1781 5388 qui
1813 5329 1896 5374 est
1939 5319 2132 5375 adver-

557 5404 738 5458 sarius
780 5414 969 5459 noster
996 5403 1270 5472 diabolus,
1324 5414 1450 5459 ante
1494 5406 1645 5460 illum
1690 5407 1957 5476 compulsi
1998 5415 2131 5462 eunt

558 5507 883 5565 quocunque
924 5498 1002 5552 illi
1049 5497 1249 5552 ducere
1300 5496 1536 5563 libuerit.
1585 5496 1740 5563 Quod
1783 5498 1828 5554 si
1877 5499 2130 5568 praedicta

628 5692 652 5724 ³
673 5692 861 5747 Matth.
886 5693 1037 5759 vna.

2239 4508 2443 4562 τούτων
2457 4512 2682 4582 συνοχῆς
2694 4512 2788 4565 καὶ
2802 4512 2900 4583 τῆς
2916 4511 3007 4567 τοῦ
3026 4512 3253 4567 πλούτου
3271 4513 3364 4567 τοῦ
3382 4512 3523 4567 θείου
3540 4513 3817 4586 αὐξήσεως

2241 4600 2490 4670 ἀπορρεῖ,
2523 4602 2617 4655 καὶ
2649 4602 2933 4675 ἐξέρχεται
2960 4603 3030 4657 τὰ
3053 4605 3191 4669 τέως
3222 4605 3425 4675 κόσμος
3457 4606 3627 4676 αὐτῆς
3679 4622 3813 4675 τυγ-

2241 4687 2495 4757 χάνοντα.
2539 4691 2831 4762 ’Ἄρχοντες
2860 4693 2917 4746 δὲ
2939 4695 2989 4746 οί
3020 4695 3355 4766 ἡγησάμενοι
3398 4696 3489 4748 τοῦ
3520 4695 3698 4765 λόγου,
3722 4695 3815 4748 καὶ

2238 4784 2747 4854 χειραγωγήσαντες
2791 4787 2882 4841 ἐπὶ
2909 4788 3009 4859 τὴν
3044 4789 3235 4858 κτῆσιν
3280 4787 3381 4858 τῆς
3415 4787 3815 4860 προειρημένης

2235 4871 2567 4943 εὐπρεπείας
2611 4875 2767 4948 δίκην
2808 4878 2979 4951 κριῶν
3018 4878 3126 4932 τῶν
3174 4879 3532 4950 ἡγησαμένων
3576 4880 3675 4950 τῆς
3707 4878 3813 4931 τῶν

2237 4964 2526 5036 προϐάτων
2557 4967 2791 5041 ποίμνης
2811 4971 2911 5041 οὐχ
2933 4970 3292 5041 εὑρισκόντων
3317 4972 3507 5042 νομὴν,
3531 4972 3589 5024 ὲν
3620 4970 3812 5025 σπάνει

2233 5055 2574 5127 κατέστησαν
2611 5061 2706 5113 καὶ
2755 5061 2930 5127 αὐτοὶ,
2970 5063 3190 5127 ἀνέντες
3233 5064 3331 5136 τὴν
3386 5065 3660 5136 προσοχὴν
3705 5082 3812 5120 των

2233 5144 2547 5217 δυναμένων
2586 5150 2783 5215 αὐτούς
2834 5169 2896 5206 τε
2949 5155 3042 5208 καὶ
3094 5154 3163 5208 τὰ
3194 5155 3436 5225 πρόϐατα
3457 5194 3473 5219 ,
3523 5155 3589 5207 ἵν’
3639 5156 3811 5220 οὕτως

2236 5231 2396 5303 εἴπω,
2424 5238 2632 5291 πιᾶναι.
2651 5238 2750 5292 Διὰ
2766 5240 2924 5293 τοῦτο
2939 5242 3347 5314 ἀσθενήσαντες,
3375 5241 3811 5313 καταληφθέντες

2237 5321 2343 5375 ὑπὸ
2383 5324 2477 5377 τοῦ
2514 5324 2836 5391 διώκοντος,
2882 5330 3030 5393 ὅστις
3063 5330 3209 5383 ἐστὶν
3253 5332 3281 5382 ό
3334 5330 3600 5393 ἀντίδικος
3652 5329 3807 5402 ήμῶν

2235 5412 2517 5479 διάϐολος,
2544 5416 2852 5489 ἔμπροσθεν
2894 5419 3059 5473 αὐτοῦ
3103 5419 3421 5491 πορεύονται
3464 5421 3806 5488 ἐλαυνόμενοι

2235 5499 2342 5570 ὅπη
2370 5502 2575 5567 ἐκεῖνος
2599 5506 2751 5573 ἄγειν
2791 5507 2981 5562 ἐθέλοι.
3030 5508 3151 5560 Ἐὰν
3197 5508 3439 5578 μέντοιγε
3478 5511 3510 5581 ἡ
3550 5524 3806 5580 προειρη-
