4070 6296
439 394 542 452 ὒὲὶ

1652 372 1963 441 SELECTA
1998 370 2068 440 ‘m
2108 371 2450 440 'l‘lillEN'OS.

3572 399 3683 452 εει

442 514 511 565 ἐκ
531 509 638 564 τῶν
658 502 1082 575 ἐπιτελουμένων
1103 501 1565 574 ἅπαντηθὴσεται.
1603 500 1714 554 Καὶ
1756 500 1851 555 ἐὰν
1892 501 1991 572 μὲν

2116 500 2247 569 quid
2298 512 2351 554 et
2400 499 2599 557 futuris
2642 488 2976 572 temporibus
3037 507 3249 563 creuiet
3304 518 3368 565 ex
3416 502 3506 568 his
3556 525 3683 584 qua:

443 598 676 673 χρηστοῦ
697 613 835 660 τινος
860 595 1216 667 νομιζομένου
1241 594 1331 647 ἐπὶ
1350 591 1442 646 τοῦ
1463 593 1729 663 παρόντος
1745 592 2011 660 γίνεσθαι,

444 690 721 762 προθεωρῇ
745 688 804 741 τὸ
831 689 891 741 ὲν
917 687 997 758 τῷ
1017 686 1261 757 μέλλοντι
1290 684 1505 757 πικρὸν,
1530 683 2010 754 παραπεμψαμένη

438 781 498 834 τὸ
516 779 700 834 δοκοῦν
721 775 861 833 εἶναι
883 777 1005 849 ἡδὺ,
1032 776 1095 830 τὸ
1127 775 1365 830 ἐναντίον
1386 774 1614 846 πράττει
1640 775 1781 846 ὑπὲρ
1805 774 1899 828 τοῦ
1936 774 2010 845 μὴ

437 872 570 944 μετὰ
596 870 771 926 ταῦτα
795 869 1019 942 χαλεπῷ
1034 886 1138 924 τινι
1164 870 1481 937 περιπεσεῖν
1500 885 1513 898 ·
1538 868 1632 922 ἐὰν
1650 867 1728 930 δὲ,
1754 867 2010 922 ἐπιπόνου

429 964 787 1034 τυγχάνοντος
813 962 909 1017 τοῦ
939 963 1223 1034 παρόντος,
1254 952 1457 1030 ἀγαθαὶ
1484 959 1696 1024 ἐλπίδες
1723 959 2008 1031 διαδέχων-

428 1071 520 1108 ται
554 1054 618 1108 τὸ
643 1057 967 1127 φαινόμενον
996 1054 1248 1126 σκληρὸν,
1275 1054 1537 1118 ἑκουσίως
1564 1044 1736 1124 αὖτὴν
1759 1044 2011 1106 ἐπιδώσει

429 1148 495 1217 τῇ
522 1146 825 1218 τραχύτητι
850 1145 945 1201 τοῦ
972 1147 1222 1212 δόξαντος
1252 1146 1451 1199 ἐνεῖναι
1478 1143 1648 1199 δεινοῦ
1670 1143 1820 1215 παρὰ
1845 1159 2009 1207 τισιν,

428 1237 526 1289 ἐπὶ
555 1236 823 1310 τῷτυχεῖν
849 1237 979 1303 τῶν,
995 1237 1162 1292 διὰτὸ
1187 1236 1663 1309 ὑπομεμενηκέναι
1682 1233 2010 1300 ταῦτα,δια-

424 1326 734 1400 δεχομένων
760 1329 1008 1398 γλυκέων
1039 1329 1110 1383 τὰ
1139 1324 1370 1401 σκληρά.

506 1421 628 1474 Οὐκ
649 1419 820 1474 ἔστιν
838 1423 872 1475 ὁ
895 1419 1264 1489 παρακαλῶν
1289 1420 1498 1489 αὐτήν.
1524 1419 1708 1473 Ταῦτα
1722 1413 1778 1474 δέ
1806 1417 2004 1482 πάντα,

423 1509 583 1580 φησὶ,
608 1510 850 1564 παθοῦσα
886 1513 918 1583 ἡ
942 1510 1346 1583 τροπικὼτερον
1375 1510 1679 1582 καλουμένη
1735 1511 2007 1580 Ἰερουσα-

427 1600 558 1673 λὴμ,
587 1601 706 1655 οὐδὲ
728 1601 822 1657 τοῦ
843 1602 1335 1674 παραμυθουμένου
1359 1602 1661 1674 εὐπόρησεν
1680 1619 1694 1633 ·
1723 1602 2003 1673 ἀποστρα-

428 1694 588 1761 φεῖσα
619 1692 727 1765 γὰρ
770 1693 863 1749 τὸν
905 1696 963 1747 ἐν
1009 1695 1146 1766 αὐτῇ
1190 1694 1345 1763 λόγον
1364 1733 1379 1758 ,
1412 1694 1504 1748 καὶ
1531 1693 1624 1766 ὅλη
1657 1693 1750 1747 τοῦ
1799 1693 2004 1755 πάθους

2115 590 2274 644 liunt.
2319 589 2379 644 Et
2404 591 2450 645 si
2483 591 2705 661 quidem
2738 593 2793 648 in
2817 597 3069 665 praesenti
3101 598 3303 669 aliquid
3330 602 3508 672 agitur
3531 607 3682 674 quod
3717 657 3720 661 ,

2113 681 2349 750 speciem
2390 683 2517 738 boni
2564 699 2677 752 prae
2707 696 2768 740 se
2811 685 2973 754 ferat,
3022 691 3278 758 praevidet
3312 703 3492 748 autem
3535 695 3683 750 futu-

2115 788 2232 827 ram
2280 775 2737 842 amaritudinem,
2793 779 2996 849 rejecto
3039 784 3184 851 quod
3235 784 3395 840 dulce
3440 787 3693 854 videtur,

2110 863 2225 934 agit
2265 867 2609 935 oppositum,
2654 882 2723 923 ne
2766 879 2951 939 postea
2994 872 3047 926 in
3083 874 3285 929 malum
3329 877 3549 947 aliquod
3597 880 3681 933 in-

2112 965 2319 1010 currat.
2374 955 2433 1012 Si
2475 972 2603 1013 vero
2634 961 2781 1029 quod
2805 977 3041 1031 prtescns
3081 972 3166 1019 cst
3208 966 3544 1024 laboriosum
3583 972 3677 1034 sit,

2113 1047 2205 1103 sed
2230 1062 2356 1118 spes
2376 1057 2467 1105 est
2495 1049 2699 1105 bonum
2736 1061 2861 1121 post
2893 1068 3086 1124 aspera
3117 1066 3454 1126 secuturum,
3491 1071 3683 1130 sponte

2111 1152 2171 1194 se
2204 1138 2379 1208 ipsam
2429 1140 2609 1196 tradet
2632 1143 2923 1212 asperitati
2956 1145 3077 1215 ejus
3115 1148 3258 1217 quod
3300 1148 3526 1206 insuave
3556 1153 3680 1221 qui-

2110 1229 2341 1286 busdam
2378 1231 2556 1287 visum
2586 1241 2692 1299 est,
2732 1243 2793 1289 ut
2826 1246 3154 1306 assequatur
3188 1250 3274 1302 ea,
3309 1254 3432 1311 quae
3464 1250 3683 1313 propter

2110 1320 2307 1376 horum
2335 1323 2679 1379 tolerantiam
2710 1326 2922 1395 asperis
2942 1328 3187 1396 jucunda
3213 1332 3534 1387 succedunt.

2182 1409 2306 1463 Non
2341 1420 2420 1465 est
2450 1414 2542 1482 qui
2579 1413 2883 1468 consoletur
2920 1430 3061 1471 eam.
3106 1416 3235 1474 Haec
3266 1429 3450 1476 autem
3489 1423 3678 1478 omnia
3756 1444 3765 1459 κ

2107 1512 2307 1567 passa,
2354 1499 2568 1568 inquit,
2620 1514 2742 1571 quae
2800 1501 3008 1570 tropice
3064 1515 3292 1561 vocatur
3331 1505 3677 1576 Jerusalem,

2107 1600 2284 1658 neque
2308 1587 2680 1644 consolantem
2704 1589 2943 1658 invenit;
2970 1606 3160 1651 aversa
3182 1598 3382 1668 quippe
3409 1600 3479 1655 ab
3507 1602 3678 1659 indita

2107 1680 2317 1734 ratione
2342 1718 2358 1746 ,
2408 1676 2628 1749 totaque
2666 1670 2954 1738 affectibus
2986 1684 3278 1756 immerita,
3314 1691 3673 1749 auxiliantem

426 1784 788 1855 γεγενημένη,
828 1784 918 1838 τὸν
955 1784 1149 1856 βοηθὸν
1191 1785 1504 1841 ἀπολώλεκε
1525 1826 1541 1853 ,
1592 1786 1683 1840 τὸν
1723 1785 1812 1839 ἀεὶ
1862 1785 1998 1841 κατὰ

2104 1770 2307 1834 amisit,
2338 1772 2431 1840 qui
2464 1786 2678 1841 semper
2713 1781 2904 1828 contra
2930 1774 3166 1845 dolores,
3207 1789 3262 1836 et
3296 1796 3361 1837 ea
3386 1799 3508 1853 quae
3533 1786 3676 1841 mala

2107 1860 2377 1891 Ιιαιιιιιιιιη-
2424 1869 2812 1891 ηΛηη-ηιι-ιοΑ-ν.
2845 1865 2920 1891 :Il:
2957 1875 3153 1891 -a-..__-
3211 1882 3379 1891 -___A.
3450 1875 3491 1891 τι
3597 1887 3608 1891 -

422 1873 533 1928 τῶν
569 1874 746 1929 πόνων
785 1872 1075 1940 ὁπλίζοντα
1118 1878 1212 1932 καὶ
1251 1877 1360 1932 τῶν
1401 1876 1772 1949 νομιζομένων
1814 1877 1998 1932 δεινῶν

2107 1860 2395 1927 habentur,
2423 1869 2813 1932 congruentem
2845 1865 2922 1919 illi
2956 1875 3159 1924 statum
3206 1882 3405 1929 armat.
3450 1875 3676 1947 Propter

425 1965 523 2034 τὴν
556 1966 934 2038 προσήκουσαν
959 1968 1094 2040 αὐτῇ
1125 1968 1381 2023 διάθεσιν.
1406 1968 1548 2032 ,Ἐπὶ
1576 1962 1843 2031 τούτοιςδ⁴
1866 1967 2001 2039 ἐμοῦ

422 2054 518 2108 τοῦ
551 2058 769 2111 πολίτου
797 2060 895 2129 τὴν
922 2060 1250 2113 ταπείνωσιν
1274 2059 1350 2113 ἴδε
1372 2075 1386 2090 ·
1417 2059 1511 2113 καὶ⁵
1535 2059 1681 2112 ὼσὰν
1698 2054 1846 2127 λέγοι
1871 2074 2003 2126 συγ·-

418 2148 586 2221 γενης
614 2148 793 2221 ψυχή·
825 2150 899 2203 Τὸ
934 2150 1028 2204 τοῦ
1058 2150 1275 2204 πολίτου
1304 2167 1404 2222 μου
1450 2149 1654 2215 πάθος,
1685 2150 1752 2204 δι’
1794 2151 1861 2220 ἢν
1898 2150 2003 2204 ἐδι-

416 2237 628 2309 δάχθην
654 2240 1083 2312 φιλανθρωπίαν,
1129 2242 1236 2314 ἐμή
1271 2243 1388 2296 ἐστι
1412 2242 1686 2315 συμφορά.
1714 2242 1999 2313 Κατανόη-

428 2345 526 2383 σον
557 2326 685 2394 οὗν,
727 2330 921 2402 Κύριε,
956 2331 1052 2385 καὶ⁸
1089 2332 1163 2404 μὴ
1202 2333 1383 2386 τέλεον
1419 2333 1754 2405 καταλείπῃς
1792 2333 1891 2403 τὴν
1931 2332 2001 2387 τὰ

421 2418 796 2490 προειρημένα
839 2419 1197 2491 πεπονθυῖαν⁸
1260 2420 1335 2493 μὴ
1363 2421 1625 2495 ὖπερίδῃς
1673 2422 1765 2476 τὸν
1807 2422 1998 2495 ἐχθρὸν

418 2507 612 2579 αὐτῆς,
646 2508 788 2577 λέγω
810 2506 866 2561 δὲ
897 2510 995 2581 τὴν
1023 2510 1220 2566 κακίαν
1239 2551 1254 2575 ,
1304 2509 1731 2581 μεγαλυνθεῐσαν
1771 2512 1866 2565 καὶ
1905 2528 1998 2565 κε-

419 2596 659 2668 χυμένην
688 2600 808 2652 κατ’
836 2599 1024 2671 αὐτῆς.
1059 2599 1292 2655 Δύναται
1319 2599 1376 2653 δὲ
1404 2597 1806 2671 τροπικώτερον
1841 2601 1997 2670 λέγε-

421 2688 547 2742 σθαι
591 2689 653 2742 τό
677 2705 692 2721 ο
747 2689 891 2756 Ἴδε,
920 2691 1096 2760 Κύριε
1117 2732 1134 2757 ,
1169 2692 1285 2761 τὴν
1322 2691 1686 2746 ταπείνωσιν
1703 2709 1823 2761 μου
1845 2732 1861 2758 ,
1893 2692 1999 2748 ὑπὸ

418 2777 514 2832 τοῦ
543 2779 938 2852 ἐνυπάρχοντος
964 2784 1030 2854 τῇ
1054 2781 1200 2855 ψυχῇ
1236 2776 1397 2851 λόγου
1414 2815 1434 2846 -,
1474 2781 1866 2852 κὰτιμασθέντος
1903 2778 1998 2837 καὶ

416 2873 903 2945 τεταπεινωμένου,
934 2876 1049 2940 καὶ,
1078 2875 1146 2929 ἵν’
1179 2875 1352 2940 οὕτως
1395 2873 1555 2941 εἴπω,
1582 2873 1645 2927 τὸ
1674 2873 1803 2928 ἴδιον
1843 2873 1998 2946 βασί-

416 2961 561 3018 λειον
589 2965 1013 3031 ἀπολωλεκότος.

488 3055 664 3124 Xsl'pa
690 3057 877 3112 αὐτοῦ
901 3058 1267 3123 ἑξεπέτασεν
1298 3062 1333 3115 ὁ
1362 3059 1583 3114 θλίϐων
1620 3059 1718 3115 ἐπὶ
1748 3060 1820 3115 τὰ
1861 3060 1992 3114 ἐπι-

2105 1950 2220 2006 Ιιεξο
2255 1953 2333 2007 ait
2367 1970 2380 2007 :
2421 1953 2593 2008 Meam
2623 1956 2745 2026 ejus
2774 1958 2911 2013 civis
2938 1960 3296 2018 humilitatem
3330 1966 3453 2023 vide
3484 1986 3498 2022 :
3529 1979 3588 2022 ut
3628 1970 3672 2024 si

2103 2042 2308 2097 diceret
2344 2054 2576 2114 regnata
2608 2047 2822 2111 anima;
2853 2048 3001 2105 civis
3038 2052 3143 2106 mei
3179 2053 3419 2122 amiclio,
3451 2058 3524 2112 ob
3552 2074 3673 2113 eam

2103 2147 2267 2203 quam
2315 2134 2505 2190 edoeta
2578 2152 2701 2192 sum
2768 2137 3188 2210 humanitatem,
3239 2160 3357 2201 mea
3400 2155 3486 2202 est
3526 2151 3675 2205 cala-

2104 2223 2287 2279 mitas.
2320 2222 2456 2281 Vide
2503 2225 2689 2298 igitur,
2722 2228 2972 2298 Domine,
3003 2247 3179 2303 neque
3211 2234 3428 2303 penitus
3455 2237 3675 2293 deseras

2103 2330 2320 2384 passam
2352 2330 2416 2371 ea
2448 2330 2572 2388 quae
2601 2319 2747 2377 dicta
2779 2330 2940 2389 sunt;
2980 2338 3050 2378 ne
3079 2323 3351 2394 despicias
3388 2327 3672 2385 inimicum

2106 2406 2276 2473 illius,
2308 2409 2606 2479 nequitiam
2643 2412 2852 2468 scilicet
2874 2415 3301 2486 magniﬁcatam,
3334 2427 3391 2473 et
3414 2419 3670 2476 diﬂ‘usam

2101 2507 2291 2553 contra
2323 2499 2490 2555 illam.
2522 2499 2707 2557 Potest
2738 2514 2919 2559 autem
2949 2507 3200 2576 usurpari
3231 2509 3439 2577 tropice
3464 2511 3669 2567 (ﬁctum

2101 2585 2243 2642 hoc:
2286 2586 2447 2655 Vide,
2496 2590 2757 2659 Domine,
2801 2594 3153 2650 humilitatem
3206 2614 3396 2665 meam,
3444 2615 3476 2654 a
3521 2611 3673 2670 parte

2097 2676 2298 2731 animae
2329 2679 2561 2736 rationis
2598 2692 2870 2753 compote,
2909 2685 3237 2743 inhonorata
3278 2698 3333 2744 et
3362 2690 3668 2759 humiliata,

2097 2774 2172 2831 et,
2203 2778 2262 2824 ut
2287 2769 2359 2824 ita
2387 2770 2587 2838 dicam,
2623 2788 2653 2828 a
2685 2789 2787 2831 suo
2817 2791 2986 2845 regno
3019 2775 3249 2849 deiecta.

2167 3054 2325 3112 Vers.
2367 3057 2455 3113 l0.
2498 3057 2716 3114 Manum
2740 3076 2894 3115 suam
2924 3064 3159 3118 extendit
3187 3066 3448 3123 tribulam
3481 3073 3549 3124 ad
3575 3072 3667 3126 dr-

415 3148 728 3218 θυμήματα
763 3149 971 3218 αὐτῆς.
1024 3150 1448 3224 Ἑπιθυμήματα
1471 3152 1649 3206 τοίνυν
1668 3152 1767 3224 τῆς
1798 3152 1993 3224 Ἰερου-

2100 3148 2296 3203 sideria
2318 3148 2452 3218 ejus.
2484 3149 2764 3205 Desideria
2801 3151 2967 3222 igitur
2985 3152 3287 3211 Jerusalem
3321 3159 3666 3230 intelligenda

415 3239 600 3310 σαλὴμ
622 3241 841 3312 νοητὲον
865 3242 934 3295 τὰ
962 3245 1020 3296 ἐν
1048 3242 1128 3316 τῷ
1149 3243 1283 3315 ναῷ,
1314 3244 1412 3298 καῖ⁵
1443 3244 1632 3313 Ἃγια⁴
1678 3243 1786 3297 τῶν
1822 3244 1994 3314 ἁγίων

412 3330 780 3401 ἀποκείμενα,
828 3334 909 3398 είς
934 3333 1034 3405 τὴν
1069 3335 1347 3409 ἱερατικὴν
1382 3334 1722 3410 λειτουργίαν
1761 3337 1991 3404 εὔθετα,

412 3421 512 3474 καὶ
531 3421 599 3475 τὰ
626 3423 796 3488 ἄλλως
818 3424 971 3496 παρὰ
988 3425 1048 3479 τὺ
1067 3427 1449 3482 ἐναποκεῖσθαι
1470 3427 1549 3500 τῷ
1576 3428 1690 3500 ναῷ
1713 3428 1831 3483 θεῖα
1853 3425 1991 3484 εἶναι

414 3516 844 3586 πεπιστευμένα,
871 3511 1003 3581 οἷον,
1029 3516 1126 3588 τὴν
1153 3517 1372 3589 λυχνίαν
1398 3519 1498 3592 τὴν
1547 3519 1757 3592 χρυσῆν
1795 3520 1893 3574 ’καὶ
1923 3521 1993 3575 τὰ

411 3601 596 3660 λοιπά.
630 3607 989 3678 Πεπεισμένοι
1015 3608 1124 3680 γὰρ
1149 3610 1258 3663 ἀπὸ
1277 3609 1370 3663 τοῦ
1421 3609 1552 3664 λαοῦ
1594 3610 1766 3665 ταῦτα
1797 3613 1876 3676 είς
1909 3611 1994 3665 δό-

414 3689 512 3761 ξαν
533 3697 668 3751 Θεοῦ
701 3699 1079 3753 ἐναποκεῖσθαι
1105 3699 1184 3768 τῷ
1215 3700 1356 3772 ναῷ,
1402 3701 1618 3755 πάντων
1664 3702 1994 3773 προέκριναν

410 3788 577 3852 αὐτὰ,
603 3788 997 3860 ἐπιθυμοῦντες
1028 3790 1183 3844 αὐτοί
1208 3809 1260 3845 τι
1288 3791 1479 3845 παθεῖν
1512 3792 1708 3863 μᾶλλον
1751 3793 1855 3847 ὑπὸ
1883 3793 1992 3847 τῶν

416 3878 688 3950 πολεμίων
714 3881 968 3951 χαλεπὸν,
999 3881 1033 3953 ἢ
1061 3878 1264 3935 τοῦτων
1295 3881 1605 3954 ὑποχείριόν
1636 3900 1689 3937 τι
1739 3884 1991 3953 γενέσθαι

408 3972 526 4033 τοῖς
545 3968 776 4042 ἐχθροίς.
808 3972 881 4024 To
912 3971 969 4025 δὲ
993 3971 1240 4043 ἁγίασμα
1268 3972 1390 4038 ἔθος
1432 3975 1560 4038 τοὺς
1591 3974 1659 4029 ἐκ
1689 3976 1992 4048 περιτομῆς

408 4060 509 4115 τὸν
531 4061 656 4114 ναδν
684 4060 890 4115 καλεῖν.

484 4147 625 4207 Εἴδε
656 4153 766 4222 γὰρ
797 4154 941 4221 ἔθνη
967 4148 1319 4207 εὶσελθὸνέα
1346 4156 1434 4220 εὶς
1459 4153 1528 4208 τὸ
1552 4155 1834 4225 ἁγίασμα.
1878 4156 1992 4211 Ila-

409 4241 765 4313 ραδοξότατον
793 4245 851 4298 δέ
883 4262 935 4298 τι
965 4243 1234 4299 πέπονθεν
1273 4246 1307 4316 ἡ
1340 4245 1696 4317 Ἰερουσαλὴμ
1720 4246 1874 4319 παρὰ
1899 4247 1991 4300 τὸν

409 4334 603 4407 καιρον
623 4335 721 4406 τῆς
751 4336 1153 4407 αἰχμαλωσίαςο
1186 4336 1447 4392 ἐθεάσατο
1473 4336 1582 4410 γὰρ
1615 4338 1763 4409 ἔθνη,
1807 4339 1844 4394 ἃ
1875 4340 1990 4392 ἐνε-

408 4425 623 4481 τείλατο
650 4428 780 4492 Θεὸς
811 4431 891 4493 εἰς
908 4429 1006 4501 τὴν
1038 4428 1368 4500 Ἐκκλησίαν
1389 4430 1462 4500 μὴ
1491 4428 1851 4501 είσέρχεσθαι,
1886 4448 1991 4485 πα-

412 4517 607 4572 τοῦντα
635 4518 761 4573 ἔνθα
786 4520 907 4574 οὐδὲ
949 4495 1063 4584 τοῖς
1110 4495 1468 4594 Ἰσραηλίταις
1511 4495 1770 4577 είσελθεῐν
1806 4522 1984 4595 θέμις,
2019 4495 2066 4550 ο

414 4609 592 4679 μόνων
621 4610 959 4675 ἀξιωθέντων
979 4612 1087 4666 τῶν
1108 4613 1302 4686 ἱερέων
1327 4615 1384 4667 ἐν
1408 4614 1601 4685 ἐκείνῳ
1632 4613 1769 4686 μετὰ
1790 4613 1898 4668 τῶν
1922 4617 1986 4670 οὐ
2016 4684 2019 4689 _

412 4700 682 4769 τυχόντων
720 4703 997 4774 ἁγνισμῶν
1036 4703 1279 4773 γίνεσθαι
1343 4702 1422 4775 *ᾦ
1459 4706 1661 4777 χωρίῳ.
1706 4704 1986 4776 ’Έφθασαν

412 4789 473 4843 δὲ
506 4790 557 4842 al
585 4791 831 4862 πολέμιοι
857 4793 948 4846 καὶ
974 4793 1133 4864 μέχρι
1159 4793 1267 4846 τῶν
1289 4793 1504 4849 ἀϐάτων
1528 4794 1876 4861 εἰσελθόντες,
1908 4797 1988 4860 είς

414 4881 577 4936 τόπον
604 4884 662 4937 ὃν
688 4884 844 4954 μόγις
874 4881 1011 4954 μετὰ
1054 4884 1251 4958 πολλῆς
1284 4887 1601 4956 ἁγιαστείας
1630 4887 1659 4940 ὁ
1698 4888 1988 4960 ἀρχιερεὺς

416 4973 564 5039 ἅπαξ
589 4973 682 5028 τοῦ
711 4975 958 5029 ἐνιαυτοῦ
984 4975 1172 5046 εἰσῄει.
1203 4977 1309 5031 Kal
1334 4978 1462 5046 μετ’
1505 4978 1707 5047 ὀλίτιν
1765 4978 1891 5033 Ἐὰν
1932 4979 1989 5033 δὲ

427 5066 798 5140 Ἰερουσαλὴμ,
847 5068 1096 5138 καθάπερ
1144 5070 1695 5141 προπαρεστήσαμεν,
1744 5071 1779 5140 ἡ
1812 5070 1990 5125 τοιάδε

412 5157 558 5231 ψυχὴ
575 5160 839 5231 τυγχάνῃ,
865 5159 1082 5231 νοητέον
1104 5159 1244 5213 κατὰ
1278 5158 1440 5229 φύσιν
1460 5160 1631 5231 αὐτῆς
1675 5159 1874 5228 ἀγαθὰν
1898 5159 1990 5213 κό-

419 5268 551 5322 σμον
587 5251 757 5322 αὐτῆς
792 5249 922 5305 ὄντα
957 5249 1022 5303 δι’
1051 5243 1125 5304 ὧν
1157 5249 1454 5321 ἐθεράπευε
1497 5249 1559 5305 τὸ
1580 5249 1755 5315 Θεϊον,
1790 5252 1992 5303 ἐναπο-

417 5345 643 5414 κείμενα
662 5348 772 5408 τοῖς
792 5343 1013 5406 ἀόἀτοις
1041 5343 1209 5413 αὐτῆς
1233 5343 1392 5396 παντί
1421 5360 1531 5414 τῳ,
1568 5342 1710 5414 πλὴν
1747 5340 1843 5395 τοῦ
1892 5342 1991 5414 ἀρ-

414 5438 642 5508 χιερέως
661 5436 841 5506 λόγου,
875 5434 1267 5506 ἐπιθυμήματα
1299 5434 1472 5505 αὐτῆς
1505 5432 1806 5489 καλεῖσθαι.
1865 5432 1988 5488 Ἐπὶ

414 5528 594 5584 πάντα
622 5530 679 5583 δὲ
706 5528 919 5583 ταῦταὸ
943 5532 1004 5582 ἐν
1028 5526 1105 5599 τῷ
1122 5526 1373 5581 παλαίειν
1397 5524 1752 5598 κεκρατηκὼς
1775 5525 1986 5599 ἐχθρὸς,

415 5618 608 5688 θλίψεις
626 5619 724 5691 τὴν
755 5620 819 5672 οὔ
846 5619 1024 5682 καλῶς
1053 5618 1145 5673 ὑπ’
1175 5615 1347 5688 αὖτῆς
1376 5616 1807 5689 στρατευομένην
1824 5655 1840 5681 ,
1870 5617 1986 5672 ἀλλ’

416 5710 581 5771 ἀξίως
615 5709 721 5763 ὑπὸ
773 5710 872 5780 τῆς
910 5709 1060 5773 θείας
1095 5707 1344 5781 βοηθείας
1397 5707 1981 5782 ἐγκαταλελειμμένην,

419 5800 662 5862 ἐκτείνας
703 5798 863 5853 αὐτὸν
902 5799 989 5855 διὰ
1036 5798 1129 5869 τῆς
1157 5801 1236 5864 είς
1269 5799 1338 5853 τὰ
1372 5797 1619 5869 μοχθηρὰ
1661 5796 1982 5874 δραστηρίου

2095 3248 2225 3295 sunt
2248 3255 2314 3294 ea
2343 3256 2464 3310 qua:
2497 3241 2553 3295 in
2587 3243 2785 3313 templo
2819 3253 2994 3309 erant,
3027 3255 3084 3300 et
3125 3246 3265 3303 intra
3300 3249 3500 3307 Sancta
3531 3267 3661 3307 san-

2095 3342 2307 3386 ctorum
2358 3334 2636 3389 recondita
2683 3336 2749 3390 ad
2784 3338 3119 3394 sacerdotale
3160 3342 3527 3399 ministerium
3575 3360 3667 3400 ac-

2093 3422 2460 3490 commodata,
2495 3433 2549 3478 et
2574 3437 2697 3495 qua:
2728 3427 2977 3492 omnino,
3004 3430 3151 3498 quod
3177 3431 3230 3484 in
3265 3434 3463 3502 templo
3501 3434 3667 3489 habe-

2093 3522 2303 3577 rentur,
2333 3528 2492 3569 sacra
2519 3530 2639 3570 esse
2667 3517 3047 3586 credebantur,
3082 3520 3247 3575 veluti
3273 3525 3664 3580 candelabrum

2091 3618 2321 3659 aureum
2353 3617 2407 3660 et
2432 3607 2654 3676 reliqua.
2686 3606 3016 3664 Persuasum
3063 3613 3209 3666 enim
3251 3613 3515 3669 habentes
3550 3617 3666 3671 haec

2093 3693 2147 3748 in
2189 3692 2282 3748 Dei
2317 3694 2541 3764 gloriam
2590 3711 2618 3749 a
2654 3698 2856 3766 populo
2902 3698 3073 3755 fuisse
3119 3701 3173 3755 in
3218 3704 3419 3772 templo
3461 3704 3662 3772 dicata,

2093 3781 2351 3836 omnibus
2410 3782 2501 3837 illa
2558 3783 2936 3853 praeferebant,
2986 3788 3269 3858 cupientes
3329 3792 3431 3859 ipsi
3486 3794 3666 3862 potius

2093 3871 2222 3926 mali
2280 3873 2486 3943 aliquid
2542 3876 2611 3930 ab
2662 3876 2998 3932 adversariis
3053 3880 3189 3947 pati,
3237 3896 3403 3950 quam
3466 3885 3662 3942 horum

2090 3965 2371 4035 quidpiam
2417 3966 2656 4036 praedam
2708 3966 2824 4021 ﬁeri
2865 3971 3151 4047 hostibus.
3201 3973 3371 4032 Moris
3410 3991 3540 4033 vero
3581 3989 3666 4035 est

2090 4052 2293 4110 Iudaeis
2321 4056 2618 4110 sanctuarii
2650 4059 2871 4113 nomine
2894 4062 3158 4130 templum
3190 4066 3485 4134 appellare.

2175 4143 2317 4197 Vidit
2353 4144 2491 4197 enim
2516 4155 2697 4215 gentes
2737 4148 2999 4219 ingressas
3057 4157 3446 4214 summarium.
3500 4159 3666 4232 330

2092 4234 2574 4291 Inusitatissimum
2627 4252 2759 4292 vero
2816 4241 2948 4309 quid
2999 4258 3164 4313 passa
3214 4257 3299 4301 est
3354 4247 3657 4307 Jerusalem

2091 4325 2423 4396 captivitatis
2450 4335 2695 4397 tempore
2719 4343 2735 4381 :
2764 4330 2900 4385 vidit
2923 4334 3069 4387 enim
3110 4346 3316 4405 gentes,
3347 4355 3489 4409 quas
3512 4342 3661 4397 Deus

2092 4427 2421 4489 pmcepemt
2462 4418 2518 4472 in
2541 4417 2843 4476 Ecclesium
2886 4438 2993 4479 non
3018 4425 3263 4497 ingredi,
3295 4439 3534 4488 terentes
3565 4450 3660 4505 pe-

2092 4510 2254 4566 dibus
2288 4510 2471 4566 locum
2499 4526 2609 4582 quo
2642 4527 2713 4568 ne
2741 4512 2999 4572 lsraeiitis
3045 4521 3264 4589 quidem
3300 4524 3432 4595 ipsis
3460 4527 3662 4584 intrare

2091 4601 2175 4658 fas
2223 4610 2360 4667 erat,
2413 4617 2537 4657 cum
2583 4604 2714 4661 solis
2764 4609 3142 4668 sacerdotibus
3193 4613 3377 4670 liceret
3424 4617 3553 4676 illuc
3583 4621 3663 4677 ire

2092 4702 2288 4765 magna
2319 4694 2697 4764 puriﬁcatione
2725 4701 3101 4759 sanetitlcatis.
3133 4703 3204 4761 At
3227 4705 3414 4763 hostes
3442 4725 3510 4765 eo
3537 4727 3664 4782 pro-

2094 4789 2262 4861 gressi
2292 4797 2437 4855 sunt,
2472 4798 2533 4844 ut
2553 4797 2610 4844 et
2640 4792 2934 4860 penetralia
2969 4791 3083 4862 ipsa
3112 4795 3379 4862 subirent,
3404 4800 3550 4869 quod
3577 4802 3667 4857 vix

2095 4880 2347 4952 princeps
2375 4882 2715 4936 sacerdotum
2756 4897 2880 4937 cum
2910 4885 3080 4939 multa
3114 4887 3470 4945 sanctimonia
3498 4893 3665 4947 semel

2096 4971 2151 5025 in
2196 4987 2341 5026 anno
2374 4972 2797 5045 ingrediebatur.
2845 4974 2911 5029 Et
2953 4976 3115 5046 paulo
3159 4978 3379 5051 inferius
3405 4998 3424 5036 :
3448 4981 3503 5036 Si
3533 4998 3664 5037 vero

2094 5060 2416 5128 Jerusalem,
2462 5061 2620 5117 sicuti
2665 5073 3025 5133 prmnotatum
3050 5075 3161 5130 est,
3196 5069 3462 5138 ejus-medi
3487 5071 3666 5125 anima

2094 5162 2199 5220 est,
2227 5153 2631 5226 intelligendum
2660 5163 2776 5219 est,
2807 5156 2948 5211 bona
2976 5158 3094 5229 ejus
3121 5161 3387 5215 naturalia
3418 5175 3517 5231 per
3547 5177 3668 5232 quae

2097 5242 2211 5298 Deo
2252 5242 2635 5311 tamuiabatur,
2663 5245 2934 5315 posita‘in
2967 5249 3335 5318 penetralibus
3362 5251 3482 5319 ejus
3511 5251 3669 5307 cuili-

2094 5336 2186 5392 het
2246 5335 2543 5393 inaccessis
2594 5343 2956 5406 praeterquam
3002 5330 3241 5407 principi
3290 5338 3657 5404 sacerdotum,

2095 5428 2201 5484 hoc
2224 5436 2330 5495 est,
2355 5426 2609 5482 rationali
2653 5426 2850 5480 animat
2870 5426 3034 5497 parti,
3070 5441 3329 5483 ornatum
3372 5427 3521 5485 illius
3539 5445 3661 5488 esse

2093 5531 2150 5578 et
2171 5520 2553 5577 desiderabilia
2584 5518 2706 5588 ejus
2731 5519 2936 5577 vocari.
2962 5517 3044 5574 Ad
3081 5519 3198 5575 haec
3219 5521 3430 5587 omnia,
3464 5523 3559 5592 qui
3603 5525 3663 5578 in.

2093 5613 2241 5669 lucta
2272 5593 2406 5668 vicit
2432 5610 2644 5673 hostis,
2693 5624 2818 5664 cum
2871 5607 3188 5687 tribuiasset
3234 5609 3470 5668 animam
3521 5616 3662 5670 male

2092 5720 2189 5780 per
2231 5718 2291 5758 se
2337 5702 2512 5772 ipsam
2558 5699 2904 5767 militantem,
2957 5698 3052 5755 sed
3112 5701 3307 5758 merito
3348 5698 3660 5763 destitutam

2093 5798 2188 5856 Dei
2232 5793 2457 5857 auxilio,
2508 5791 2805 5849 extendens
2849 5805 3032 5861 seper
3075 5808 3230 5850 suam
3265 5793 3330 5851 ad
3382 5793 3520 5851 mala
3551 5794 3664 5852 edi-
