4070 6296
460 369 565 434 (⁸95

1856 379 1946 453 ex
1982 376 2279 438 URIGENE

3600 395 3725 449 (τοι

458 502 643 543 eaeam
674 487 993 557 potentiam,
1022 486 1255 558 abripuit
1282 487 1472 543 ducem
1510 488 1679 544 animi
1727 491 2012 557 rationem,

2122 493 2403 566 δυνάμεως
2418 493 2602 562 αὑτοῦ,
2627 497 2875 553 εἰσέπεσε
2909 497 2985 570 τῷ
3014 498 3345 573 ἡγεμονικῷ,
3374 503 3467 556 καὶ⁵
3493 503 3724 577 ἔρημον

451 589 514 634 ἰιι
543 579 703 635 bonis
745 578 988 634 orbatam
1031 578 1276 648 reliquit,
1300 587 1662 650 posteaquam
1695 579 1787 635 illa
1827 580 2026 636 defecit

457 686 489 725 ο
514 669 645 725 Deo.
676 669 874 725 Gentes
898 684 1026 724 vero
1057 670 1163 724 hoc.
1202 670 1323 725 loco
1348 671 1636 741 allegorice
1663 672 2027 743 intelligenda:

456 770 586 816 sunt
619 775 739 816 esse
768 761 1060 817 multitudo
1089 762 1342 817 vitiorum
1384 763 1757 834 ingressorum
1787 765 1843 818 in
1871 765 2024 834 prin-

444 854 630 922 cipem
663 853 859 907 animae
881 861 1086 923 partem
1119 853 1187 907 ad
1224 854 1327 909 hoc
1354 862 1594 909 creatam
1617 863 1679 909 ut
1708 854 1780 910 sit
1805 853 1900 909 Dei
1930 871 2024 910 ca-

457 959 582 1013 pax,
619 959 916 1014 verumque
938 944 1312 999 sanctuarium
1335 944 1568 999 volentis
1602 945 1656 998 in
1681 959 1819 1014 pura
1847 954 2025 999 mente

453 1036 767 1109 quiescere;
815 1052 952 1107 quas
991 1045 1179 1107 gentes
1205 1036 1456 1107 prohibet
1491 1037 1718 1092 omnino
1743 1035 1889 1092 Deus
1916 1035 2024 1091 Ec-

452 1126 676 1183 clesiam
728 1128 958 1199 ingredi.
1015 1128 1155 1195 Quid
1207 1128 1352 1184 enim
1401 1128 1548 1186 aliud
1597 1130 1955 1201 principalius
1990 1145 2021 1186 a

455 1216 564 1273 Deo
596 1218 931 1288 prohibitum
967 1229 1223 1291 putemus
1274 1220 1485 1289 ingredi
1530 1222 1586 1276 in
1629 1222 1869 1277 animam
1912 1221 2019 1276 Ec-l

450 1307 630 1363 clesiae
649 1308 740 1363 Dei
760 1317 1092 1379 eooptatam,
1108 1324 1270 1379 quam
1294 1324 1458 1379 opera
1492 1319 1546 1365 et
1572 1326 1794 1367 sensum
1816 1311 2017 1379 carnis,

448 1413 571 1467 quae
620 1413 744 1453 vere
780 1408 967 1469 gentes
1009 1407 1138 1455 sunt
1175 1398 1411 1454 inimica;
1454 1398 1607 1454 Deo?
1649 1399 1788 1455 Caro
1827 1402 2020 1455 etenim

448 1488 647 1544 militat
700 1490 949 1545 adversus
997 1489 1243 1557 spiritum
1279 1504 1372 1559 per
1411 1489 1793 1560 cogitationem
1838 1490 2017 1545 carnis

446 1595 565 1648 qua:
607 1580 826 1634 inimica
868 1589 946 1634 est
980 1580 1084 1635 Deo
1112 1581 1170 1634 ἰ
1209 1580 1311 1650 legi
1353 1581 1493 1634 enim
1521 1578 1620 1633 Dei
1661 1595 1763 1633 non
1805 1580 2016 1634 obedit:

446 1686 542 1724 nec
561 1672 702 1725 enim
728 1680 898 1741 potest
921 1673 961 1726 ⁷.

518 1842 675 1906 Vers.
708 1848 795 1903 11.
832 1848 1015 1904 Omnis
1032 1848 1253 1920 populus
1270 1848 1383 1919 ejus
1402 1857 1681 1919 gementes.
1733 1847 1900 1903 Fame
1926 1848 2013 1904 la-
2048 1824 2090 1880 Β

446 1942 704 1996 borantes
735 1949 1076 2013 gemuerunt,
1101 1950 1155 1996 et
1192 1940 1391 1999 modici
1432 1940 1605 2010 gratia
1636 1940 1742 1996 cibi
1774 1941 2014 1995 animam

445 2032 756 2087 reducentis
801 2031 1142 2086 deﬁcientem
1191 2029 1590 2101 pretiosissima
1632 2044 1865 2100 quaeque
1898 2037 2014 2084 tra-

441 2124 659 2179 dobant.
708 2122 814 2177 Sed
865 2122 1141 2192 quomodo
1183 2122 1440 2192 praedicta
1481 2114 2013 2190 desiderabilia'jam

442 2215 512 2270 ab
554 2214 803 2271 hostibus
860 2215 1039 2270 ablata
1090 2214 1296 2269 dabant
1346 2212 1416 2268 ad
1464 2214 1755 2269 emendum
1799 2213 2017 2268 cibum?

446 2303 645 2360 Verum
669 2304 912 2359 extendit
933 2303 1150 2373 quidem
1183 2302 1438 2358 inimicus
1464 2318 1685 2357 manum
1713 2302 1778 2357 ad
1804 2302 2010 2362 omnia.

441 2396 536 2450 sed
566 2395 890 2461 exsatiatus,
919 2392 1063 2463 quod
1082 2393 1317 2462 cepisset
1344 2407 1468 2463 quae
1498 2392 1766 2461 libuisset,
1797 2392 2015 2463 reliquit

440 2493 635 2540 caetera
660 2484 860 2556 quibus
884 2484 1068 2539 cibum
1096 2482 1370 2538 emebant.

523 2575 682 2643 Vide,
730 2575 979 2642 Domine,
1025 2584 1076 2629 et
1117 2575 1417 2629 considera.
1475 2573 1665 2629 Istud:
1714 2572 1860 2642 Vide,
1905 2573 2013 2627 Do-

440 2650 598 2734 mine,
642 2667 975 2738 opprobrium
1005 2683 1197 2731 meum,
1242 2666 1422 2720 oratio
1453 2674 1535 2719 est
1558 2664 1857 2719 Jerusalem
1892 2681 2015 2735 quae

441 2770 658 2830 propter
704 2758 904 2813 famem
959 2767 1214 2812 ornatum
1273 2754 1478 2809 amisit.
1555 2756 1639 2810 An
1696 2771 1826 2810 vero
1871 2756 2015 2812 desi-

438 2851 698 2907 derabilia
758 2851 975 2905 diversa
1038 2847 1214 2902 sunt?
1271 2846 1552 2915 Praecipue
1615 2847 1834 2915 quidem
1891 2862 2014 2916 quae

434 2945 548 3014 jam
582 2950 880 2998 memorata
918 2948 1047 2996 sunt
1083 2939 1148 2994 ad
1181 2954 1301 3008 qua:
1333 2936 1591 2992 inimicus
1621 2937 1864 2993 extendit
1892 2954 2009 2992 ma-

441 3051 603 3102 num;
659 3033 852 3089 deinde
906 3030 1250 3103 singulorum
1297 3044 1328 3083 e
1379 3028 1578 3099 populo
1629 3027 2011 3083 desiderabilia

2126 586 2235 639 τῶν
2271 587 2453 643 καλῶν
2484 589 2837 643 καταλέλοιπε
2854 591 2951 661 τὴν
2983 593 3294 647 ἀποστᾶσαν
3337 593 3471 649 Θεοῦ
3500 595 3718 667 ψυχήν.

2126 679 2238 731 Kal.
2259 677 2386 749 ἔθνη
2421 679 2477 732 δὲ
2503 680 2643 734 κατά
2671 681 2761 734 τὸν
2783 682 2944 735 τόπον
2968 680 3365 756 ἀλληγορητέον
3404 685 3496 740 τὸν
3544 686 3725 758 δχλον

2124 769 2234 822 τῶν
2259 768 2831 828 κακιιῦνλείσελθόντων
2849 778 2865 797 ‘
2893 775 2974 839 εἰς
2995 774 3057 828 τὸ
3081 774 3482 848 δημιουργηθὲν
3498 780 3722 850 ἡγεμο-

2124 861 2271 917 νικὸν
2295 862 2386 916 ὲπὶ
2404 864 2463 916 τὸ
2494 860 2634 918 εἶναι
2663 865 2796 918 Θεοῦ
2822 866 3147 939 χωρητικὸν,
3178 869 3273 921 καὶ
3306 868 3504 939 ἀληθὲς
3541 871 3720 938 ἀγία-

2126 971 2238 1025 σμα
2298 955 2393 1009 τοῦ
2436 955 2754 1029 βουλομένου
2794 957 2869 1028 νῷ
2922 957 3145 1031 καθαρῷ
3216 961 3713 1016 ὲπαναπαύεσθαι·

2125 1042 2265 1115 ἅπερ
2286 1044 2413 1117 ἔθνη
2441 1047 2772 1118 ἀπαγορεύει
2800 1049 2829 1101 6
2856 1048 2988 1111 Θεὸς
3026 1048 3302 1114 παντελῶς
3341 1051 3563 1106 εἰσιέναι
3619 1055 3717 1118 εἰς

2122 1133 2221 1205 τὴν
2265 1136 2610 1207 Ἐκκλησίαν.
2644 1138 2708 1190 Τί
2737 1138 2846 1210 γάρ
2876 1139 2939 1192 ἂν
2968 1138 3095 1193 ἀλλο
3124 1136 3455 1215 κυριώτερον
3490 1144 3715 1214 ἀπαγο-

2126 1224 2377 1295 ρεύεσθαι
2402 1227 2693 1300 νομίζομεν
2724 1230 2831 1282 ἀπὸ
2860 1229 2995 1284 Θεοῦ
3031 1232 3371 1304 εἰσέρχεσθαι
3414 1237 3492 1298 εἰς
3517 1235 3712 1308 ψυχὴν

2121 1316 2527 1391 ἀριθμουμένην
2569 1321 2627 1376 ὲν
2671 1321 2967 1393 Ἐκκλησία
3011 1321 3168 1388 Θεοῦ,
3199 1325 3323 1395 ἢτά
3344 1325 3479 1395 ἔργα
3515 1328 3607 1380 καὶ
3639 1327 3715 1380 τδ

2123 1406 2373 1478 φρόνημα
2416 1408 2516 1478 τῆς
2555 1409 2785 1480 σαρκὸς,
2811 1409 3025 1480 ἀληθῶς
3066 1411 3192 1483 ἔθνη
3220 1413 3392 1486 ἐχθρὰ
3435 1416 3564 1469 ὄντα
3602 1416 3711 1472 τοῦ

2120 1496 2286 1564 Θεοῦ;
2321 1500 2385 1554 Ἠ
2413 1501 2522 1570 γὰρ
2556 1501 2707 1569 σὰρξ
2743 1504 3126 1569 στρατεύεται
3168 1506 3317 1561 κατὰ
3356 1506 3464 1562 τοῦ
3513 1511 3708 1563 πνεύ-

2111 1607 2300 1660 ματος
2346 1590 2444 1646 διὰ
2480 1593 2584 1647 τοῦ
2630 1593 3009 1664 φρονήματος
3054 1596 3164 1665 τῆς
3204 1601 3430 1668 σαρκὸς
3478 1600 3710 1672 ἐχθρᾶς

2118 1683 2304 1751 οὔσης
2340 1685 2428 1750 εὶς
2462 1685 2610 1738 Θεόν
2632 1703 2647 1716 ι
2676 1684 2756 1752 τῷ
2779 1686 2890 1757 γὰρ
2913 1688 3073 1758 γάμῳ
3095 1689 3200 1743 τοῦ
3220 1691 3366 1745 Θεοῦ
3399 1693 3513 1761 οὐχ
3551 1697 3708 1748 ὑπο-

2117 1774 2407 1829 τάσσεται
2425 1793 2437 1806 ·
2482 1779 2554 1831 οὐ
2583 1778 2693 1847 γὰρ
2731 1777 2999 1835 δύναται.

2187 1867 2312 1934 Πᾶς
2337 1872 2370 1922 ὁ
2393 1868 2543 1936 λαὸς
2569 1871 2760 1938 αὐτῆς
2782 1872 3336 1941 καταστεγάζοντες.
3373 1875 3701 1941 Ἐστέναξαν

2114 1960 2205 2015 διὰ
2245 1960 2433 2032 λιμὸν,
2486 1961 2580 2015 καὶ
2616 1964 2818 2033 μικρᾶς
2861 1963 3023 2017 ἕνεκα
3072 1963 3329 2035 βρώσεως
3362 1966 3541 2038 ψυχὴν
3575 1968 3700 2020 ἐπι-

2119 2051 2454 2125 στρεφούσης
2516 2052 2869 2108 ἐκλείπουσαν
2926 2058 3184 2127 παρεῖχον
3245 2056 3315 2109 τά
3367 2058 3693 2129 τιμιώτατα.

2115 2145 2239 2209 Πῶς
2265 2145 2322 2199 δὲ
2349 2144 2417 2198 τά
2439 2144 2816 2216 προρρηθέντα
2847 2145 3239 2218 ἐπιθυμήματα
3272 2148 3423 2219 παρά
3450 2148 3558 2202 τῶν
3593 2167 3696 2203 πο-

2114 2237 2317 2307 λεμίων
2373 2237 2739 2308 ἀπενεχθέντα
2797 2241 3058 2310 παρεῖχον
3104 2240 3186 2302 εἰς
3247 2239 3392 2310 ώνήν
3450 2242 3693 2313 τροφῆςς

2127 2326 2263 2379 Ἀλλ’
2291 2326 2521 2392 ἐξέτεινε
2548 2327 2645 2397 μὲν
2671 2327 2700 2379 6
2730 2326 2921 2399 ἐχθρὸς
2942 2330 3035 2381 ἐπὶ
3062 2327 3236 2382 πάντα
3270 2329 3367 2401 τὴν
3389 2331 3565 2400 χεῖρα,
3600 2347 3695 2383 κο-

2118 2416 2327 2489 ρεσθεὶς
2365 2416 2422 2471 δὲ
2460 2416 2537 2487 τῷ
2575 2416 2757 2471 λαϐεῖν
2795 2417 2938 2489 ἅπερ
2970 2417 3150 2490 ἤθελε,
3183 2418 3254 2472 τὰ
3279 2418 3441 2473 λοιπὰ
3464 2419 3690 2473 καταλέ-

2115 2508 2321 2573 λοιπεν,
2356 2508 2470 2562 ἀνθ’
2505 2502 2580 2562 ὧν
2614 2509 2869 2579 ἐπρίαντο
2899 2510 2998 2581 τὴν
3030 2512 3255 2582 τροφήν.

2190 2600 2322 2665 Ἴδε,
2356 2602 2552 2669 Κύριε,
2585 2601 2682 2654 καὶ
2702 2601 3054 2669 ἐπίϐλεψον.
3091 2600 3238 2672 Εύχὴ
3275 2600 3423 2674 παρὰ
3455 2602 3552 2674 τῆς
3592 2603 3689 2656 Ἰε-

2116 2690 2419 2762 ρουσαλὴμ,
2452 2690 2541 2743 τό·
2588 2688 2719 2753 Ἴδε,
2752 2689 2946 2756 Κύριε,
2978 2688 3259 2758 τὴνέμὴν
3276 2690 3534 2760 ἀτιμίαν,
3557 2693 3690 2745 ἀπο·

2113 2781 2345 2853 λεσάσης
2377 2781 2466 2834 τὸν
2512 2781 2714 2851 κόσμον
2747 2779 2836 2833 διά
2876 2780 3052 2851 λιμόν.
3099 2783 3326 2852 Μήποτε
3368 2782 3423 2835 δὲ
3460 2783 3688 2852 διάφορα

2111 2873 2184 2927 τά
2213 2872 2605 2944 ἐπιθυμήματα
2632 2889 2646 2937 ;
2676 2872 3101 2944 προηγουμένως
3124 2872 3222 2944 μὲν
3249 2873 3317 2927 τὰ
3360 2874 3687 2946 προδεδηλω-

2117 2964 2272 3034 μένα,
2307 2964 2392 3033 ἐφ’
2423 2965 2567 3033 ἅπερ
2597 2965 2626 3016 6
2652 2962 2842 3035 ἐχθρὸς
2869 2962 3101 3029 ἐξέτεινε
3128 2963 3227 3035 τὴν
3248 2966 3435 3037 χεῖρα’
3461 2965 3686 3037 δεύτερα

2111 3055 2169 3108 δὲ
2207 3054 2275 3107 τὰ
2314 3054 2432 3118 ἐνὸς
2473 3054 2702 3108 ἑκάστου
2740 3053 2848 3109 τῶν
2886 3054 2995 3107 ἀπὸ
3033 3054 3127 3107 τοῦ
3158 3054 3323 3108 λαοῦ’
3364 3057 3458 3109 καὶ
3484 3056 3556 3109 τὰ
3587 3058 3685 3128 μὲν

438 3135 601 3183 erunt
638 3141 652 3177 :
688 3133 743 3179 et
778 3123 995 3194 publica
1040 3122 1260 3192 quidem
1299 3118 1556 3185 abstulit,
1606 3117 1842 3188 propriis
1881 3132 2011 3173 vero

2114 3144 2268 3199 κοινά
2303 3146 2653 3218 παρείληφεν,
2683 3145 2802 3198 ἀντὶ
2822 3144 2878 3198 δὲ
2899 3145 3005 3198 τῶν
3032 3145 3216 3200 ἰδικῶν
3253 3145 3479 3210 ἕκαστος
3500 3117 3689 3202 ὠνεῖτο

437 3220 671 3291 quisque
721 3217 902 3273 cibum
946 3215 1182 3271 emebat.
1227 3213 1535 3282 Anagogiee
1594 3220 1775 3266 autem
1816 3229 1830 3264 :
1869 3210 2013 3265 sicut

439 3308 581 3364 Esau
621 3305 976 3378 primogenita
1027 3318 1127 3360 sua
1178 3316 1278 3373 pro
1330 3316 1455 3357 esca
1503 3301 1764 3368 vendidit,
1811 3299 1878 3354 de
1904 3315 2012 3368 qua

439 3417 639 3458 nomen
704 3399 930 3456 sortitus
995 3404 1132 3464 est;
1201 3394 1347 3450 Esau
1413 3395 1561 3449 enim
1622 3394 2011 3463 interpretatur

434 3494 595 3565 331
623 3501 764 3546 terra
808 3489 990 3553 rubra,
1027 3498 1272 3545 terrenus
1299 3487 1499 3558 quippe
1541 3484 1715 3540 factus
1757 3495 1841 3540 est
1876 3499 2014 3540 con-

436 3596 641 3658 tempta
674 3584 1122 3654 primogenitum,
1148 3583 1485 3650 terrenisque
1515 3579 1681 3633 rebus
1702 3575 2010 3648 praepositis

433 3698 556 3756 quae
586 3680 756 3736 Iacob
807 3679 888 3734 uti
936 3675 1243 3731 necessaria
1297 3673 1538 3729 secundo
1583 3671 1705 3727 loco
1750 3670 2006 3735 habebat,

433 3777 558 3849 quia
594 3784 751 3832 erant
797 3774 851 3828 in
879 3789 1109 3845 corpore
1150 3793 1164 3829 ς
1212 3772 1292 3828 sic
1345 3778 1399 3825 et
1443 3766 1770 3823 Jerusalem.
1814 3763 1920 3819 Sed
1959 3763 2007 3819 is

432 3870 653 3940 quidem
703 3866 1084 3923 desiderabilia
1153 3879 1276 3935 qua:
1326 3860 1563 3916 habebat
1605 3855 1811 3913 Jacobo
1859 3857 2009 3912 dedit

432 3962 624 4030 digno,
646 3958 807 4014 etiam
851 3957 898 4012 si
928 3956 1020 4011 illa
1063 3970 1169 4009 non
1199 3957 1581 4023 praeoptasset;
1610 3956 1666 4002 at
1694 3961 1822 4002 vero
1846 3943 2004 4000 Jero-

433 4051 767 4122 solymorum
798 4047 1029 4118 populus
1053 4045 1200 4101 dedit
1239 4055 1293 4100 et
1324 4044 1438 4113 ipse
1468 4040 1686 4111 quidem
1730 4053 1830 4109 pro
1857 4051 2003 4104 esca,

433 4144 525 4198 sed
559 4155 723 4211 quam
761 4148 984 4195 sanctus
1026 4152 1133 4192 non
1175 4140 1599 4206 praeparaverat,
1641 4130 1735 4185 sed
1770 4128 2002 4199 Babylo-

434 4233 533 4300 nii,
566 4232 659 4301 qui
698 4230 1148 4287 desiderabilibus
1183 4228 1325 4283 datis
1363 4226 1576 4281 illusuri
1614 4233 1790 4279 erant.
1842 4220 2005 4275 Novit

430 4324 577 4378 enim
603 4320 769 4375 Jaeob
795 4334 991 4374 ornare
1021 4333 1142 4387 qua:
1167 4316 1373 4386 accepit
1395 4316 1464 4370 ab
1492 4314 1665 4379 Esau;
1699 4322 1755 4368 at
1780 4311 2001 4383 Babylo-

432 4414 506 4467 nii
534 4428 639 4467 non
669 4420 897 4466 utuntur
924 4408 1067 4462 datis
1092 4409 1147 4461 in
1172 4421 1333 4462 suum
1362 4406 1588 4459 bonum.
1624 4402 1715 4458 Sic
1736 4412 1791 4457 et
1819 4403 2000 4457 anima

2115 3239 2340 3312 τροφήν.
2372 3238 2514 3309 Πρὸς
2537 3238 2593 3290 δὲ
2618 3232 2926 3309 ἀναγωγὴν,
2948 3236 3136 3309 ὥσπερ
3173 3238 3340 3292 Ἠσαῦ
3374 3238 3600 3293 ἀπέδοτο
3621 3240 3691 3292 τὰ

2115 3328 2453 3400 πρωτοτόκια
2482 3328 2684 3399 τροφῆς
2707 3369 2721 3393 ,
2768 3326 2836 3399 ἦς
2870 3328 3155 3399 ἐπώνυμος
3202 3330 3422 3398 γέγονεν
3445 3347 3459 3360 '
3516 3333 3689 3402 ἑρμη-

2113 3424 2324 3477 νεύεται
2348 3422 2403 3475 δὲ
2433 3420 2651 3490 ἐρυθρά
2678 3421 2780 3493 Tif-
2807 3423 2899 3474 καὶ
2934 3421 3041 3493 γὰρ
3063 3421 3275 3490 ἐγένετο
3302 3424 3485 3494 γήϊνος
3519 3441 3686 3477 κατα-

2113 3515 2384 3586 φρονήσας
2410 3513 2510 3585 μὲν
2536 3512 2643 3568 τῶν
2675 3514 3465 3585 πρωτοτοκίων,προηγούμενα
3487 3515 3542 3567 δὲ
3569 3532 3686 3569 ποιε-

2110 3607 2248 3677 ήσας
2292 3605 2359 3660 τά
2387 3606 2549 3677 γήϊνα
2579 3605 2722 3677 ἅπερ
2766 3603 2957 3658 Ἰακὼϐ
2991 3604 3065 3666 ὡς
3087 3606 3358 3673 ἀναγκαῖα
3390 3608 3685 3679 μετήρχετο

2108 3699 2342 3770 δευτέρῳ
2359 3698 2500 3769 λόγῳ
2520 3696 2608 3751 διὰ
2634 3698 2696 3750 τδ
2724 3696 3008 3767 τυχχάνειν
3047 3697 3102 3749 ὲν
3134 3695 3344 3766 σώματι
3367 3715 3381 3728 ·
3416 3699 3558 3753 οὓτω
3589 3701 3683 3752 καὶ

2121 3788 2493 3861 Ἰερουσαλήμ.
2538 3786 2676 3840 Ἀλλ’
2708 3788 2737 3839 6
2774 3786 2873 3857 μὲν
2901 3785 3082 3839 δίδωσι
3105 3785 3182 3854 τῷ
3208 3786 3345 3858 ἀξίω
3376 3788 3568 3841 Ἰακὼϐ
3590 3806 3680 3840 τυ-

2108 3881 2243 3950 χεῖν,
2305 3879 2451 3950 ἀπερ
2502 3873 2646 3948 εἶχεν
2699 3876 3110 3947 ἐπιθυμήματα,
3169 3877 3217 3928 εί
3252 3877 3345 3930 καὶ
3390 3879 3465 3949 μὴ
3516 3878 3680 3932 ταῦτα

2108 3969 2387 4042 προείλετο
2405 3988 2417 4000 ·
2449 3972 2478 4024 ὁ
2504 3970 2559 4023 δὲ
2587 3970 2710 4033 λαὸς
2753 3968 3105 4040 Ἰερουσαλὴμ
3118 3969 3316 4023 δέδωκε
3343 3972 3439 4040 μὲν
3469 3972 3559 4024 καὶ
3587 3973 3681 4024 αὐ-

2105 4063 2198 4124 τὸς
2226 4061 2386 4115 ἓνεκα
2434 4059 2719 4131 βρώσεως,
2766 4059 2880 4113 ἀλλ’
2918 4059 3038 4129 ούχὶ
3081 4060 3236 4129 ἁγίου
3270 4059 3472 4131 ταύτην
3518 4078 3680 4115 κατα-

2107 4153 2508 4218 σκευάσαντος,
2557 4150 2691 4205 ἀλλά
2734 4150 3117 4217 Βαϐυλωνίων,
3147 4152 3343 4216 οἵτινες
3380 4152 3678 4224 ἐνυϐρίζειν

2106 4244 2327 4316 ἔμελλον
2351 4248 2462 4308 τοῖς
2490 4243 2721 4297 δοθεῖσιν
2747 4241 3172 4314 ὲπιθυμήμασιν.
3219 4243 3277 4297 '0
3300 4244 3396 4315 μὲν
3436 4244 3544 4315 γάρ
3575 4245 3680 4298 Ἰα-

2105 4333 2221 4388 κὼϐ
2242 4330 2349 4388 οἶδε
2375 4335 2646 4406 κοσμῆσαι
2670 4332 2739 4387 τὰ
2763 4333 2913 4402 παρὰ
2954 4333 3123 4387 Ἠσαῦ
3145 4350 3156 4364 ε
3184 4335 3233 4388 οἰ
3260 4334 3316 4388 δὲ
3351 4335 3678 4389 Βαϐυλώνιοι

2105 4426 2165 4480 ού
2215 4426 2451 4498 χρῶνται
2498 4428 2609 4488 τοῖς
2665 4425 2894 4478 δοθεῖσιν
2934 4425 3025 4477 ἐπὶ
3052 4424 3165 4495 ἰδίῳ
3197 4425 3366 4498 καλῷ.
3402 4426 3558 4480 Οὕτω
3586 4426 3678 4480 καὶ

438 4506 508 4561 ob
537 4517 720 4559 rerum
762 4498 1196 4557 necessariarum
1222 4495 1463 4564 inopiam
1518 4493 1730 4547 divinas
1786 4491 2004 4561 proiicit

2113 4490 2339 4593 ψυχήδῦ
2364 4520 2596 4593 ἀπορίαν
2623 4519 2730 4572 τῶν
2764 4517 3074 4586 ἀναγκαίων
3106 4490 3301 4589 χρειῶν
3319 4490 3331 4498 ⁷
3351 4520 3677 4593 ἀπορρίπτει

433 4594 749 4663 disciplinas
799 4587 1102 4644 volentibus
1155 4601 1251 4656 per
1294 4581 1668 4638 curiositatem
1704 4580 1914 4635 discere
1944 4589 2004 4633 ut

430 4685 720 4741 detrahant
747 4692 800 4738 et
828 4681 1187 4737 subsann‘ent.

507 4775 656 4831 Vcrs.
687 4775 772 4828 l3.
812 4773 887 4828 De
915 4772 1118 4826 excelso
1152 4784 1248 4823 suo
1279 4765 1425 4820 misit
1456 4765 1649 4835 ignem.
1688 4760 2002 4817 Incendium

433 4868 486 4921 in
508 4864 911 4935 expugnatione
944 4861 1267 4931 signiﬁcavit
1294 4857 1439 4929 quod
1465 4856 1777 4925 absumpsit
1818 4853 2004 4909 fortis-

429 4960 569 5016 sima
612 4954 862 5021 aediﬁcia,
905 4954 989 5008 vel
1027 4953 1390 5023 captivitatem
1439 4948 1642 5006 civium
1692 4949 1743 5002 in
1786 4962 1850 5001 ea
1905 4961 2003 5000 no-

430 5052 721 5114 biliorum,
781 5060 1012 5117 quorum
1061 5046 1278 5100 animus
1338 5054 1394 5099 et
1442 5040 1718 5098 exteriora
1779 5048 2002 5109 prapter

427 5143 768 5200 calamitates
861 5137 1270 5211 quodammodo
1356 5137 1674 5191 urebantur.
1793 5131 2000 5187 lndicat

428 5238 592 5293 etiam
632 5234 834 5291 inﬁmae
873 5230 1201 5288 conditionis
1241 5229 1488 5283 homines
1542 5226 1610 5279 ad
1677 5225 1993 5280 servitutem

425 5340 613 5402 captos
682 5330 843 5400 quasi
921 5323 1209 5380 venatione
1280 5320 1511 5386 retium,
1568 5317 1663 5388 qui
1747 5316 1997 5371 libertate

426 5440 535 5479 non
576 5430 720 5479 recte
760 5421 845 5477 usi
886 5418 1118 5474 fuerant.
1181 5413 1260 5469 lta
1304 5414 1448 5470 enim
1487 5411 1563 5466 illi
1613 5411 1678 5465 ad
1720 5409 1996 5464 anteriora

427 5525 740 5585 pergentes,
789 5512 1149 5584 posteriorum
1200 5505 1702 5569 obliviscebantur;
1759 5508 1997 5557 reverte-

427 5606 623 5661 bantur
664 5616 845 5660 autem
894 5619 923 5657 a
950 5600 1118 5673 gloria
1165 5599 1219 5653 in
1264 5596 1642 5667 ignominiam,
1692 5593 1995 5649 alibertate

502 5725 518 5741 ‘
538 5719 677 5790 Lege
706 5716 1080 5772 εἰσελθουσῶν.

496 5836 517 5868 ⁸
552 5836 669 5895 Gal.
703 5851 755 5904 v,
794 5833 877 5887 17.
953 5832 972 5862 ¹¹
1012 5830 1169 5885 Rom.
1204 5840 1331 5882 Vlll.
1363 5824 1415 5879 7.

2102 4613 2169 4667 τά
2189 4613 2306 4666 θεῖα
2335 4612 2631 4683 μαθήματα
2659 4612 2773 4672 τοῖς
2801 4608 2939 4662 κατά
2974 4608 3292 4681 περιεργίαν
3335 4609 3679 4681 βουλομένοις

2105 4704 2198 4758 ἐπὶ
2219 4702 2434 4774 διαϐολῇ
2460 4701 2555 4755 καὶ
2586 4700 2750 4772 χλεύῃ
2784 4698 2992 4770 μαθεῖν.

2187 4792 2289 4857 Ἐξ
2334 4793 2531 4860 ὕψους
2575 4789 2760 4844 αὐτοῦ
2791 4789 3109 4845 ἀπέστειλε
3153 4790 3287 4859 πῦρ.
3329 4792 3431 4844 Τὸν
3480 4790 3571 4844 ἐπὶ
3609 4793 3673 4862 τῇ

2108 4883 2304 4937 ἁλώσει
2323 4881 2620 4953 δεδήλωκεν
2644 4877 2971 4953 ἐμπρησμὸν
2996 4879 3104 4932 τῶν
3135 4863 3500 4952 ἰσχυροτάτων
3528 4882 3675 4934 οἰκο-

2108 4975 2436 5047 δομημάτων
2465 4973 2742 5042 ἁψάμενον
2763 5010 2778 5035 ,
2823 4971 2856 5042 ἢ
2891 4972 2986 5042 τὴν
3016 4972 3214 5027 ἅλωσιν
3244 4972 3353 5027 τῶν
3383 4973 3674 5046 ὑπερεχόν-

2106 5088 2213 5125 των
2235 5071 2292 5122 ὲν
2314 5068 2449 5139 αὐτῇ
2484 5064 2734 5131 πολιτῶν,
2769 5065 2915 5136 ψυχῇ
2950 5081 3011 5117 τε
3039 5064 3132 5117 καὶ
3171 5067 3284 5119 τοῖς
3326 5066 3482 5130 ἐκτὸς
3516 5065 3677 5120 οἱονεὶ

2107 5160 2461 5234 πυρουμένων
2498 5160 2618 5221 ταῖς
2649 5160 2972 5228 συμφοραῖς.
3017 5156 3177 5226 Δηλοῖ
3206 5156 3300 5209 καί¹
3329 5156 3439 5210 τῶν
3477 5157 3674 5211 ὑποϐε-

2106 5255 2350 5328 ϐηκότων
2392 5254 2492 5325 τὴν
2544 5250 2802 5320 σύλληψιν
2847 5248 2946 5318 τὴν
2996 5250 3076 5310 εἰς
3107 5246 3349 5301 δουλείαν
3397 5247 3584 5321 ὥσπερ
3615 5250 3676 5302 ἐν

2104 5346 2249 5417 ἄγρα
2278 5343 2530 5408 δικτύων,
2563 5341 2671 5395 τῶν
2710 5340 2783 5411 μὴ
2818 5338 2997 5401 καλῶς
3032 5338 3391 5410 χρησαμένων
3422 5343 3489 5412 τῇ
3529 5340 3676 5393 ὲλευο

2103 5437 2279 5510 θερίᾳ.
2323 5437 2478 5491 υύτω
2514 5434 2622 5505 γάρ
2665 5428 2827 5496 οὗτοι,
2875 5429 3182 5502 ἔμπροσθεν
3218 5433 3671 5503 ὲπεκτεινόμενοι,

2100 5528 2208 5581 τῶν
2244 5526 2463 5581 ὄπισθεν
2491 5521 2911 5578 ἐπελανθάνοντο
2934 5537 2948 5551 °
2985 5521 3327 5593 ἀπέστρεφον
3357 5519 3413 5572 δὲ
3448 5521 3556 5574 ἀπὸ
3586 5521 3672 5576 δόα

2103 5617 2199 5689 Et];
2249 5619 2328 5682 εἰς
2362 5616 2619 5685 ἀτιμίαν.
2652 5611 2759 5666 ἀπὸ
2795 5610 3102 5681 ἐλευθερίας
3144 5612 3222 5675 εἰς
3267 5610 3530 5678 δουλείαν,
3577 5609 3672 5664 καὶ
