  <div class='ocr_page' id='page_1' title='image "/cluster/home/n/w/nwhite01/storage/ocr_20150623/13/mdp.39015007036059/314.png"; bbox 0 0 4070 6296; ppageno 0'>
   <div class='ocr_carea' id='block_1_1' title="bbox 439 391 547 450">
    <p class='ocr_par' dir='ltr' id='par_1_1' title="bbox 439 391 547 450">
     <span class='ocr_line' id='line_1_1' title="bbox 439 391 547 450; baseline -0.028 0"><span class='ocrx_word' id='word_1_1' title='bbox 439 391 547 450; x_wconf 64' lang='grc'><strong>625</strong></span> 
     </span>
    </p>
   </div>
   <div class='ocr_carea' id='block_1_2' title="bbox 1654 380 2451 444">
    <p class='ocr_par' dir='ltr' id='par_1_2' title="bbox 1654 380 2451 444">
     <span class='ocr_line' id='line_1_2' title="bbox 1654 380 2451 444; baseline -0.006 0"><span class='ocrx_word' id='word_1_2' title='bbox 1654 386 1962 444; x_wconf 81' lang='lat' dir='ltr'><strong>SELECTA</strong></span> <span class='ocrx_word' id='word_1_3' title='bbox 2002 385 2069 441; x_wconf 82' lang='grc' dir='ltr'>ΙΝ</span> <span class='ocrx_word' id='word_1_4' title='bbox 2110 380 2451 444; x_wconf 74' lang='lat' dir='ltr'><strong>THRENOS.</strong></span> 
     </span>
    </p>
   </div>
   <div class='ocr_carea' id='block_1_3' title="bbox 3574 376 3673 434">
    <p class='ocr_par' dir='ltr' id='par_1_3' title="bbox 3574 376 3673 434">
     <span class='ocr_line' id='line_1_3' title="bbox 3574 376 3673 434; baseline 0 0"><span class='ocrx_word' id='word_1_5' title='bbox 3574 376 3673 434; x_wconf 61' lang='lat'><strong>826</strong></span> 
     </span>
    </p>
   </div>
   <div class='ocr_carea' id='block_1_4' title="bbox 439 490 2018 572">
    <p class='ocr_par' dir='ltr' id='par_1_4' title="bbox 439 496 2010 572">
     <span class='ocr_line' id='line_1_4' title="bbox 439 496 2010 572; baseline -0.002 -17"><span class='ocrx_word' id='word_1_6' title='bbox 439 502 721 572; x_wconf 84' lang='grc' dir='ltr'>γεγόνασιν</span> <span class='ocrx_word' id='word_1_7' title='bbox 747 499 867 554; x_wconf 73' lang='grc' dir='ltr'>ἀντὶ</span> <span class='ocrx_word' id='word_1_8' title='bbox 894 497 1120 567; x_wconf 73' lang='grc' dir='ltr'>ἐνδόξων</span> <span class='ocrx_word' id='word_1_9' title='bbox 1147 496 1540 570; x_wconf 76' lang='grc' dir='ltr'>ἠμαυρωμένοι</span> <span class='ocrx_word' id='word_1_10' title='bbox 1574 499 1668 553; x_wconf 66' lang='grc' dir='ltr'><strong>κα)⁴</strong></span> <span class='ocrx_word' id='word_1_11' title='bbox 1697 500 1921 570; x_wconf 80' lang='grc' dir='ltr'>ἀφανεῖς</span> <span class='ocrx_word' id='word_1_12' title='bbox 1949 499 2010 565; x_wconf 74' lang='grc' dir='ltr'><strong>ἐξ</strong></span> 
     </span>
    </p>
   </div>
   <div class='ocr_carea' id='block_1_5' title="bbox 2120 490 3677 572">
    <p class='ocr_par' dir='ltr' id='par_1_5' title="bbox 2120 490 3677 565">
     <span class='ocr_line' id='line_1_5' title="bbox 2120 490 3677 565; baseline -0.006 -10"><span class='ocrx_word' id='word_1_13' title='bbox 2120 500 2167 555; x_wconf 89' lang='lat' dir='ltr'><strong>in</strong></span> <span class='ocrx_word' id='word_1_14' title='bbox 2200 498 2539 565; x_wconf 88' lang='lat' dir='ltr'><strong>servitutem,</strong></span> <span class='ocrx_word' id='word_1_15' title='bbox 2577 504 2631 550; x_wconf 92' lang='lat' dir='ltr'><strong>et</strong></span> <span class='ocrx_word' id='word_1_16' title='bbox 2661 493 2793 551; x_wconf 83' lang='lat' dir='ltr'><strong>facti</strong></span> <span class='ocrx_word' id='word_1_17' title='bbox 2824 498 2953 550; x_wconf 88' lang='lat' dir='ltr'><strong>sunt</strong></span> <span class='ocrx_word' id='word_1_18' title='bbox 2976 492 3071 563; x_wconf 91' lang='lat' dir='ltr'><strong>qui</strong></span> <span class='ocrx_word' id='word_1_19' title='bbox 3101 491 3342 548; x_wconf 74' lang='lat' dir='ltr'><strong>illustres</strong></span> <span class='ocrx_word' id='word_1_20' title='bbox 3370 498 3546 557; x_wconf 88' lang='lat' dir='ltr'><strong>erant,</strong></span> <span class='ocrx_word' id='word_1_21' title='bbox 3576 490 3677 546; x_wconf 86' lang='lat' dir='ltr'><strong>ob-</strong></span> 
     </span>
    </p>
   </div>
   <div class='ocr_carea' id='block_1_6' title="bbox 441 588 2013 664">
    <p class='ocr_par' dir='ltr' id='par_1_6' title="bbox 441 588 2013 664">
     <span class='ocr_line' id='line_1_6' title="bbox 441 588 2013 664; baseline -0.003 -17"><span class='ocrx_word' id='word_1_22' title='bbox 441 592 662 664; x_wconf 85' lang='grc' dir='ltr'>ἀτιμίας</span> <span class='ocrx_word' id='word_1_23' title='bbox 691 591 785 644; x_wconf 79' lang='grc' dir='ltr'>καὶ</span> <span class='ocrx_word' id='word_1_24' title='bbox 812 588 1054 662; x_wconf 74' lang='grc' dir='ltr'>ὕϐρεωςο</span> <span class='ocrx_word' id='word_1_25' title='bbox 1088 589 1159 644; x_wconf 81' lang='grc' dir='ltr'>δι’</span> <span class='ocrx_word' id='word_1_26' title='bbox 1191 589 1335 660; x_wconf 74' lang='grc' dir='ltr'>ἅπερ</span> <span class='ocrx_word' id='word_1_27' title='bbox 1383 589 1460 653; x_wconf 87' lang='grc' dir='ltr'><strong>είς</strong></span> <span class='ocrx_word' id='word_1_28' title='bbox 1491 589 1713 661; x_wconf 81' lang='grc' dir='ltr'><strong>διηνεκῆ</strong></span> <span class='ocrx_word' id='word_1_29' title='bbox 1757 590 2013 645; x_wconf 85' lang='grc' dir='ltr'>πέπτωκε</span> 
     </span>
    </p>
   </div>
   <div class='ocr_carea' id='block_1_7' title="bbox 444 680 889 753">
    <p class='ocr_par' dir='ltr' id='par_1_7' title="bbox 444 680 889 753">
     <span class='ocr_line' id='line_1_7' title="bbox 444 680 889 753; baseline -0.013 -14"><span class='ocrx_word' id='word_1_30' title='bbox 444 683 615 753; x_wconf 84' lang='grc' dir='ltr'>λύπην</span> <span class='ocrx_word' id='word_1_31' title='bbox 644 683 678 753; x_wconf 87' lang='grc' dir='ltr'><strong>ή</strong></span> <span class='ocrx_word' id='word_1_32' title='bbox 712 680 889 745; x_wconf 87' lang='grc' dir='ltr'>πόλις.</span> 
     </span>
    </p>
   </div>
   <div class='ocr_carea' id='block_1_8' title="bbox 522 772 2013 845">
    <p class='ocr_par' dir='ltr' id='par_1_8' title="bbox 522 772 2013 845">
     <span class='ocr_line' id='line_1_8' title="bbox 522 772 2013 845; baseline -0.001 -18"><span class='ocrx_word' id='word_1_33' title='bbox 522 772 916 842; x_wconf 65' lang='grc' dir='ltr'>Ἕπρητορήθη</span> <span class='ocrx_word' id='word_1_34' title='bbox 946 773 1043 828; x_wconf 79' lang='grc' dir='ltr'><strong>ἐπὶ</strong></span> <span class='ocrx_word' id='word_1_35' title='bbox 1075 772 1146 827; x_wconf 83' lang='grc' dir='ltr'>τὰ</span> <span class='ocrx_word' id='word_1_36' title='bbox 1167 773 1512 845; x_wconf 75' lang='grc' dir='ltr'>ἀσεϐήματά</span> <span class='ocrx_word' id='word_1_37' title='bbox 1526 792 1645 844; x_wconf 82' lang='grc' dir='ltr'><strong>μου</strong></span> <span class='ocrx_word' id='word_1_38' title='bbox 1665 791 1677 804; x_wconf 92' lang='grc'><strong>·</strong></span> <span class='ocrx_word' id='word_1_39' title='bbox 1704 775 1775 828; x_wconf 78' lang='grc' dir='ltr'>ἐν</span> <span class='ocrx_word' id='word_1_40' title='bbox 1802 773 2013 843; x_wconf 72' lang='grc' dir='ltr'>χερσιν</span> 
     </span>
    </p>
   </div>
   <div class='ocr_carea' id='block_1_9' title="bbox 436 865 2013 939">
    <p class='ocr_par' dir='ltr' id='par_1_9' title="bbox 436 865 2013 939">
     <span class='ocr_line' id='line_1_9' title="bbox 436 865 2013 939; baseline -0.003 -16"><span class='ocrx_word' id='word_1_41' title='bbox 436 868 620 923; x_wconf 78' lang='grc' dir='ltr'>αὑτοῦ</span> <span class='ocrx_word' id='word_1_42' title='bbox 645 865 1149 934; x_wconf 72' lang='grc' dir='ltr'><strong>συνεπλάκησαν.</strong></span> <span class='ocrx_word' id='word_1_43' title='bbox 1200 867 1266 920; x_wconf 87' lang='grc' dir='ltr'><strong><em>Ἦ</em></strong></span> <span class='ocrx_word' id='word_1_44' title='bbox 1289 868 1540 938; x_wconf 85' lang='grc' dir='ltr'>Πρόνοια,</span> <span class='ocrx_word' id='word_1_45' title='bbox 1566 867 1748 939; x_wconf 70' lang='grc' dir='ltr'>φησιν,</span> <span class='ocrx_word' id='word_1_46' title='bbox 1780 866 1873 919; x_wconf 71' lang='grc' dir='ltr'>ἐπὶ</span> <span class='ocrx_word' id='word_1_47' title='bbox 1900 869 2013 931; x_wconf 84' lang='grc' dir='ltr'>τοῖς</span> 
     </span>
    </p>
   </div>
   <div class='ocr_carea' id='block_1_10' title="bbox 435 951 2013 1028">
    <p class='ocr_par' dir='ltr' id='par_1_10' title="bbox 435 951 2013 1028">
     <span class='ocr_line' id='line_1_10' title="bbox 435 951 2013 1028; baseline -0.003 -17"><span class='ocrx_word' id='word_1_48' title='bbox 435 960 589 1028; x_wconf 71' lang='grc' dir='ltr'>ἐμοῖς</span> <span class='ocrx_word' id='word_1_49' title='bbox 628 956 975 1028; x_wconf 80' lang='grc' dir='ltr'>ἀσεϐήμασιν</span> <span class='ocrx_word' id='word_1_50' title='bbox 1008 956 1068 1009; x_wconf 81' lang='grc' dir='ltr'><strong>οὐ</strong></span> <span class='ocrx_word' id='word_1_51' title='bbox 1101 955 1453 1027; x_wconf 75' lang='grc' dir='ltr'>κεκοίμηταιο</span> <span class='ocrx_word' id='word_1_52' title='bbox 1484 954 1617 1018; x_wconf 88' lang='grc' dir='ltr'><strong>Θεὸς</strong></span> <span class='ocrx_word' id='word_1_53' title='bbox 1658 952 1786 1025; x_wconf 84' lang='grc' dir='ltr'>γὰρ,</span> <span class='ocrx_word' id='word_1_54' title='bbox 1824 951 2013 1025; x_wconf 86' lang='grc' dir='ltr'>ὥσπερ</span> 
     </span>
    </p>
   </div>
   <div class='ocr_carea' id='block_1_11' title="bbox 434 1043 2013 1120">
    <p class='ocr_par' dir='ltr' id='par_1_11' title="bbox 434 1043 2013 1120">
     <span class='ocr_line' id='line_1_11' title="bbox 434 1043 2013 1120; baseline -0.003 -18"><span class='ocrx_word' id='word_1_55' title='bbox 434 1051 516 1113; x_wconf 80' lang='grc' dir='ltr'>εἰς</span> <span class='ocrx_word' id='word_1_56' title='bbox 554 1052 746 1120; x_wconf 86' lang='grc' dir='ltr'>χεῖρας</span> <span class='ocrx_word' id='word_1_57' title='bbox 776 1046 957 1102; x_wconf 79' lang='grc' dir='ltr'>λαϐὼν</span> <span class='ocrx_word' id='word_1_58' title='bbox 989 1047 1146 1109; x_wconf 78' lang='grc' dir='ltr'>αὐτὰ,</span> <span class='ocrx_word' id='word_1_59' title='bbox 1179 1046 1268 1100; x_wconf 83' lang='grc' dir='ltr'>διὰ</span> <span class='ocrx_word' id='word_1_60' title='bbox 1303 1047 1405 1117; x_wconf 80' lang='grc' dir='ltr'>τῆς</span> <span class='ocrx_word' id='word_1_61' title='bbox 1444 1045 1746 1111; x_wconf 70' lang='grc' dir='ltr'>ἐξετάσεως</span> <span class='ocrx_word' id='word_1_62' title='bbox 1776 1046 1890 1107; x_wconf 87' lang='grc' dir='ltr'>τοῖς</span> <span class='ocrx_word' id='word_1_63' title='bbox 1923 1043 2013 1097; x_wconf 85' lang='grc' dir='ltr'>διὰ</span> 
     </span>
    </p>
   </div>
   <div class='ocr_carea' id='block_1_12' title="bbox 435 1136 2013 1210">
    <p class='ocr_par' dir='ltr' id='par_1_12' title="bbox 435 1136 2013 1210">
     <span class='ocr_line' id='line_1_12' title="bbox 435 1136 2013 1210; baseline -0.002 -19"><span class='ocrx_word' id='word_1_64' title='bbox 435 1140 535 1210; x_wconf 81' lang='grc' dir='ltr'>τὴν</span> <span class='ocrx_word' id='word_1_65' title='bbox 580 1138 936 1193; x_wconf 81' lang='grc' dir='ltr'><strong>ἀνταπόδοσιν</strong></span> <span class='ocrx_word' id='word_1_66' title='bbox 982 1137 1262 1202; x_wconf 75' lang='grc' dir='ltr'>ἐνέπλεξεν</span> <span class='ocrx_word' id='word_1_67' title='bbox 1308 1137 1517 1210; x_wconf 74' lang='grc' dir='ltr'>ἔργοις·</span> <span class='ocrx_word' id='word_1_68' title='bbox 1555 1137 1650 1191; x_wconf 73' lang='grc' dir='ltr'>καὶ</span> <span class='ocrx_word' id='word_1_69' title='bbox 1690 1136 1881 1205; x_wconf 86' lang='grc' dir='ltr'>γέγονέ</span> <span class='ocrx_word' id='word_1_70' title='bbox 1924 1152 2013 1206; x_wconf 92' lang='grc' dir='ltr'><strong>μοι</strong></span> 
     </span>
    </p>
   </div>
   <div class='ocr_carea' id='block_1_13' title="bbox 437 1228 2012 1302">
    <p class='ocr_par' dir='ltr' id='par_1_13' title="bbox 437 1228 2012 1302">
     <span class='ocr_line' id='line_1_13' title="bbox 437 1228 2012 1302; baseline -0.003 -17"><span class='ocrx_word' id='word_1_71' title='bbox 437 1229 613 1285; x_wconf 85' lang='grc' dir='ltr'>ταῦτα</span> <span class='ocrx_word' id='word_1_72' title='bbox 659 1230 908 1302; x_wconf 84' lang='grc' dir='ltr'>καθάπερ</span> <span class='ocrx_word' id='word_1_73' title='bbox 941 1230 1034 1282; x_wconf 72' lang='grc' dir='ltr'><strong>ἐπὶ</strong></span> <span class='ocrx_word' id='word_1_74' title='bbox 1073 1232 1346 1302; x_wconf 80' lang='grc' dir='ltr'><strong>τραχήλου</strong></span> <span class='ocrx_word' id='word_1_75' title='bbox 1391 1229 1554 1300; x_wconf 75' lang='grc' dir='ltr'>ζυγὸς</span> <span class='ocrx_word' id='word_1_76' title='bbox 1576 1270 1590 1295; x_wconf 94' lang='grc'><strong>,</strong></span> <span class='ocrx_word' id='word_1_77' title='bbox 1629 1230 1724 1283; x_wconf 74' lang='grc' dir='ltr'>καὶ</span> <span class='ocrx_word' id='word_1_78' title='bbox 1771 1228 2012 1282; x_wconf 82' lang='grc' dir='ltr'><strong>δουλείαν</strong></span> 
     </span>
    </p>
   </div>
   <div class='ocr_carea' id='block_1_14' title="bbox 440 1320 2014 1394">
    <p class='ocr_par' dir='ltr' id='par_1_14' title="bbox 440 1320 2014 1394">
     <span class='ocr_line' id='line_1_14' title="bbox 440 1320 2014 1394; baseline 0.001 -21"><span class='ocrx_word' id='word_1_79' title='bbox 440 1320 710 1393; x_wconf 79' lang='grc' dir='ltr'>ἐπέθηκεν</span> <span class='ocrx_word' id='word_1_80' title='bbox 728 1338 740 1351; x_wconf 94' lang='grc'><strong>·</strong></span> <span class='ocrx_word' id='word_1_81' title='bbox 767 1320 835 1392; x_wconf 67' lang='grc' dir='ltr'>ἢν</span> <span class='ocrx_word' id='word_1_82' title='bbox 858 1321 966 1393; x_wconf 86' lang='grc' dir='ltr'>γὰρ</span> <span class='ocrx_word' id='word_1_83' title='bbox 986 1321 1273 1376; x_wconf 76' lang='grc' dir='ltr'>ἐδούλευσα</span> <span class='ocrx_word' id='word_1_84' title='bbox 1296 1321 1374 1392; x_wconf 84' lang='grc' dir='ltr'>τῷ</span> <span class='ocrx_word' id='word_1_85' title='bbox 1398 1321 1865 1394; x_wconf 78' lang='grc' dir='ltr'>Ναϐουχοδονόσορ</span> <span class='ocrx_word' id='word_1_86' title='bbox 1893 1321 2014 1375; x_wconf 90' lang='grc' dir='ltr'>δου-</span> 
     </span>
    </p>
   </div>
   <div class='ocr_carea' id='block_1_15' title="bbox 440 1410 2012 1485">
    <p class='ocr_par' dir='ltr' id='par_1_15' title="bbox 440 1410 2012 1485">
     <span class='ocr_line' id='line_1_15' title="bbox 440 1410 2012 1485; baseline 0.001 -21"><span class='ocrx_word' id='word_1_87' title='bbox 440 1410 609 1476; x_wconf 81' lang='grc' dir='ltr'>λείαν,</span> <span class='ocrx_word' id='word_1_88' title='bbox 642 1411 713 1465; x_wconf 83' lang='grc' dir='ltr'>τὰ</span> <span class='ocrx_word' id='word_1_89' title='bbox 738 1412 850 1483; x_wconf 86' lang='grc' dir='ltr'>ὲμά</span> <span class='ocrx_word' id='word_1_90' title='bbox 888 1415 1035 1467; x_wconf 77' lang='grc' dir='ltr'>ἐστιν</span> <span class='ocrx_word' id='word_1_91' title='bbox 1076 1413 1398 1485; x_wconf 76' lang='grc' dir='ltr'>ἀσεϐήματα</span> <span class='ocrx_word' id='word_1_92' title='bbox 1421 1430 1434 1444; x_wconf 78' lang='grc' dir='ltr'><strong>ο</strong></span> <span class='ocrx_word' id='word_1_93' title='bbox 1469 1412 1659 1484; x_wconf 84' lang='grc' dir='ltr'>διόπερ</span> <span class='ocrx_word' id='word_1_94' title='bbox 1691 1414 1876 1476; x_wconf 80' lang='grc' dir='ltr'>ἄτονος</span> <span class='ocrx_word' id='word_1_95' title='bbox 1915 1413 2012 1482; x_wconf 85' lang='grc' dir='ltr'>γέ-</span> 
     </span>
    </p>
   </div>
   <div class='ocr_carea' id='block_1_16' title="bbox 438 1497 2012 1576">
    <p class='ocr_par' dir='ltr' id='par_1_16' title="bbox 438 1497 2012 1576">
     <span class='ocr_line' id='line_1_16' title="bbox 438 1497 2012 1576; baseline 0.002 -21"><span class='ocrx_word' id='word_1_96' title='bbox 438 1517 572 1571; x_wconf 90' lang='grc' dir='ltr'>γονα</span> <span class='ocrx_word' id='word_1_97' title='bbox 609 1503 972 1574; x_wconf 84' lang='grc' dir='ltr'>παραδοθεῖσα</span> <span class='ocrx_word' id='word_1_98' title='bbox 1000 1503 1209 1568; x_wconf 87' lang='grc' dir='ltr'>τούτοις</span> <span class='ocrx_word' id='word_1_99' title='bbox 1235 1497 1309 1558; x_wconf 85' lang='grc' dir='ltr'>ὧν</span> <span class='ocrx_word' id='word_1_100' title='bbox 1348 1504 1644 1576; x_wconf 79' lang='grc' dir='ltr'>ὑποστῆναι</span> <span class='ocrx_word' id='word_1_101' title='bbox 1678 1505 1778 1576; x_wconf 87' lang='grc' dir='ltr'><strong>τὴν</strong></span> <span class='ocrx_word' id='word_1_102' title='bbox 1817 1504 2012 1558; x_wconf 80' lang='grc' dir='ltr'>δεσπο-</span> 
     </span>
    </p>
   </div>
   <div class='ocr_carea' id='block_1_17' title="bbox 440 1590 2013 1664">
    <p class='ocr_par' dir='ltr' id='par_1_17' title="bbox 440 1590 2013 1664">
     <span class='ocr_line' id='line_1_17' title="bbox 440 1590 2013 1664; baseline 0.001 -21"><span class='ocrx_word' id='word_1_103' title='bbox 440 1591 591 1644; x_wconf 78' lang='grc' dir='ltr'>τείαν</span> <span class='ocrx_word' id='word_1_104' title='bbox 628 1592 688 1644; x_wconf 88' lang='grc' dir='ltr'><strong>οὐ</strong></span> <span class='ocrx_word' id='word_1_105' title='bbox 720 1590 973 1663; x_wconf 87' lang='grc' dir='ltr'>δύναμαι.</span> <span class='ocrx_word' id='word_1_106' title='bbox 1006 1594 1115 1648; x_wconf 80' lang='grc' dir='ltr'><strong>Καὶ</strong></span> <span class='ocrx_word' id='word_1_107' title='bbox 1150 1595 1276 1664; x_wconf 81' lang='grc' dir='ltr'>μετ’</span> <span class='ocrx_word' id='word_1_108' title='bbox 1311 1594 1504 1662; x_wconf 73' lang='grc' dir='ltr'>ὀλίγα·</span> <span class='ocrx_word' id='word_1_109' title='bbox 1563 1593 1620 1647; x_wconf 83' lang='grc'><strong>’0</strong></span> <span class='ocrx_word' id='word_1_110' title='bbox 1658 1592 1821 1662; x_wconf 74' lang='grc' dir='ltr'>ζυγὸς</span> <span class='ocrx_word' id='word_1_111' title='bbox 1848 1591 2013 1647; x_wconf 82' lang='grc' dir='ltr'>αὑτοῦ</span> 
     </span>
    </p>
   </div>
   <div class='ocr_carea' id='block_1_18' title="bbox 442 1680 2014 1756">
    <p class='ocr_par' dir='ltr' id='par_1_18' title="bbox 442 1680 2014 1756">
     <span class='ocr_line' id='line_1_18' title="bbox 442 1680 2014 1756; baseline 0.002 -22"><span class='ocrx_word' id='word_1_112' title='bbox 442 1680 584 1735; x_wconf 79' lang='grc' dir='ltr'><strong>κατά</strong></span> <span class='ocrx_word' id='word_1_113' title='bbox 613 1682 706 1736; x_wconf 92' lang='grc' dir='ltr'><strong>τοῦ</strong></span> <span class='ocrx_word' id='word_1_114' title='bbox 738 1684 1008 1755; x_wconf 84' lang='grc' dir='ltr'>τραχήλου</span> <span class='ocrx_word' id='word_1_115' title='bbox 1063 1701 1183 1756; x_wconf 89' lang='grc' dir='ltr'>μου.</span> <span class='ocrx_word' id='word_1_116' title='bbox 1222 1685 1503 1739; x_wconf 89' lang='grc' dir='ltr'>Δείκνυται</span> <span class='ocrx_word' id='word_1_117' title='bbox 1533 1683 1590 1737; x_wconf 83' lang='grc' dir='ltr'>δὲ</span> <span class='ocrx_word' id='word_1_118' title='bbox 1619 1683 1708 1738; x_wconf 83' lang='grc' dir='ltr'>διὰ</span> <span class='ocrx_word' id='word_1_119' title='bbox 1742 1681 1837 1737; x_wconf 86' lang='grc' dir='ltr'><strong>τοῦ</strong></span> <span class='ocrx_word' id='word_1_120' title='bbox 1872 1699 2014 1754; x_wconf 86' lang='grc' dir='ltr'>παρ-</span> 
     </span>
    </p>
   </div>
   <div class='ocr_carea' id='block_1_19' title="bbox 440 1769 2016 1848">
    <p class='ocr_par' dir='ltr' id='par_1_19' title="bbox 440 1769 2016 1848">
     <span class='ocr_line' id='line_1_19' title="bbox 440 1769 2016 1848; baseline 0.002 -25"><span class='ocrx_word' id='word_1_121' title='bbox 440 1769 592 1835; x_wconf 86' lang='grc' dir='ltr'>όντος</span> <span class='ocrx_word' id='word_1_122' title='bbox 639 1773 803 1844; x_wconf 82' lang='grc' dir='ltr'>ῥητοῦ</span> <span class='ocrx_word' id='word_1_123' title='bbox 857 1773 1258 1848; x_wconf 81' lang='grc' dir='ltr'>τροπικώτερον</span> <span class='ocrx_word' id='word_1_124' title='bbox 1309 1775 1418 1829; x_wconf 87' lang='grc' dir='ltr'>δεῖν</span> <span class='ocrx_word' id='word_1_125' title='bbox 1463 1772 1901 1846; x_wconf 76' lang='grc' dir='ltr'>ὲκλαμϐάνεσθαι</span> <span class='ocrx_word' id='word_1_126' title='bbox 1944 1772 2016 1826; x_wconf 84' lang='grc' dir='ltr'>τὰ</span> 
     </span>
    </p>
   </div>
   <div class='ocr_carea' id='block_1_20' title="bbox 442 1849 2089 1937">
    <p class='ocr_par' dir='ltr' id='par_1_20' title="bbox 442 1849 2089 1937">
     <span class='ocr_line' id='line_1_20' title="bbox 442 1849 2089 1937; baseline 0.002 -22"><span class='ocrx_word' id='word_1_127' title='bbox 442 1863 519 1926; x_wconf 85' lang='grc' dir='ltr'>ὡς</span> <span class='ocrx_word' id='word_1_128' title='bbox 557 1864 684 1933; x_wconf 77' lang='grc' dir='ltr'>περὶ</span> <span class='ocrx_word' id='word_1_129' title='bbox 726 1864 915 1919; x_wconf 83' lang='grc' dir='ltr'>παθῶν</span> <span class='ocrx_word' id='word_1_130' title='bbox 949 1865 1229 1937; x_wconf 75' lang='grc' dir='ltr'>ἡμετέρων</span> <span class='ocrx_word' id='word_1_131' title='bbox 1262 1865 1530 1936; x_wconf 89' lang='grc' dir='ltr'>λεγόμενα</span> <span class='ocrx_word' id='word_1_132' title='bbox 1563 1862 1812 1936; x_wconf 72' lang='grc' dir='ltr'>περὶτοῦ</span> <span class='ocrx_word' id='word_1_133' title='bbox 1850 1863 2007 1918; x_wconf 85' lang='grc' dir='ltr'>Θεοῦ.</span> <span class='ocrx_word' id='word_1_134' title='bbox 2042 1849 2089 1908; x_wconf 73' lang='grc' dir='ltr'><strong>Β</strong></span> 
     </span>
    </p>
   </div>
   <div class='ocr_carea' id='block_1_21' title="bbox 442 1954 2013 2029">
    <p class='ocr_par' dir='ltr' id='par_1_21' title="bbox 442 1954 2013 2029">
     <span class='ocr_line' id='line_1_21' title="bbox 442 1954 2013 2029; baseline 0.001 -22"><span class='ocrx_word' id='word_1_135' title='bbox 442 1954 568 2019; x_wconf 87' lang='grc' dir='ltr'>Πῶς</span> <span class='ocrx_word' id='word_1_136' title='bbox 595 1955 703 2028; x_wconf 85' lang='grc' dir='ltr'>γὰρ</span> <span class='ocrx_word' id='word_1_137' title='bbox 728 1956 796 2010; x_wconf 78' lang='grc' dir='ltr'>ἂν</span> <span class='ocrx_word' id='word_1_138' title='bbox 824 1955 998 2020; x_wconf 77' lang='grc' dir='ltr'>ἄλλως</span> <span class='ocrx_word' id='word_1_139' title='bbox 1028 1958 1242 2029; x_wconf 79' lang='grc' dir='ltr'>νοηθείη</span> <span class='ocrx_word' id='word_1_140' title='bbox 1273 1957 1343 2011; x_wconf 81' lang='grc' dir='ltr'>τὰ</span> <span class='ocrx_word' id='word_1_141' title='bbox 1372 1957 1470 2028; x_wconf 83' lang='grc' dir='ltr'>τῆς</span> <span class='ocrx_word' id='word_1_142' title='bbox 1509 1955 1861 2028; x_wconf 82' lang='grc' dir='ltr'>Ἰερουσαλὴμ</span> <span class='ocrx_word' id='word_1_143' title='bbox 1887 1957 2013 2009; x_wconf 87' lang='grc' dir='ltr'>ἀσε-</span> 
     </span>
    </p>
   </div>
   <div class='ocr_carea' id='block_1_22' title="bbox 441 2046 2012 2118">
    <p class='ocr_par' dir='ltr' id='par_1_22' title="bbox 441 2046 2012 2118">
     <span class='ocr_line' id='line_1_22' title="bbox 441 2046 2012 2118; baseline -0.001 -20"><span class='ocrx_word' id='word_1_144' title='bbox 441 2046 662 2118; x_wconf 75' lang='grc' dir='ltr'>ϐήματα</span> <span class='ocrx_word' id='word_1_145' title='bbox 695 2049 761 2118; x_wconf 81' lang='grc' dir='ltr'>τῇ</span> <span class='ocrx_word' id='word_1_146' title='bbox 793 2046 887 2100; x_wconf 87' lang='grc' dir='ltr'><strong>τοῦ</strong></span> <span class='ocrx_word' id='word_1_147' title='bbox 930 2046 1064 2101; x_wconf 90' lang='grc' dir='ltr'>Θεοῦ</span> <span class='ocrx_word' id='word_1_148' title='bbox 1105 2046 1565 2118; x_wconf 81' lang='grc' dir='ltr'>συμπεπλεγμένα</span> <span class='ocrx_word' id='word_1_149' title='bbox 1593 2046 1736 2118; x_wconf 77' lang='grc' dir='ltr'>χειρὶ</span> <span class='ocrx_word' id='word_1_150' title='bbox 1767 2046 2012 2118; x_wconf 85' lang='grc' dir='ltr'>ἢτροπι-</span> 
     </span>
    </p>
   </div>
   <div class='ocr_carea' id='block_1_23' title="bbox 438 2134 2015 2209">
    <p class='ocr_par' dir='ltr' id='par_1_23' title="bbox 438 2134 2015 2209">
     <span class='ocr_line' id='line_1_23' title="bbox 438 2134 2015 2209; baseline -0.003 -17"><span class='ocrx_word' id='word_1_151' title='bbox 438 2138 581 2205; x_wconf 83' lang='grc' dir='ltr'>κῶς;</span> <span class='ocrx_word' id='word_1_152' title='bbox 612 2139 673 2192; x_wconf 83' lang='grc' dir='ltr'><strong>οὐ</strong></span> <span class='ocrx_word' id='word_1_153' title='bbox 698 2140 806 2209; x_wconf 86' lang='grc' dir='ltr'>γὰρ</span> <span class='ocrx_word' id='word_1_154' title='bbox 833 2139 898 2193; x_wconf 81' lang='grc' dir='ltr'><strong>ἀν</strong></span> <span class='ocrx_word' id='word_1_155' title='bbox 920 2156 1003 2203; x_wconf 91' lang='grc' dir='ltr'><strong>τις</strong></span> <span class='ocrx_word' id='word_1_156' title='bbox 1026 2138 1176 2208; x_wconf 83' lang='grc' dir='ltr'>λέγοι</span> <span class='ocrx_word' id='word_1_157' title='bbox 1205 2138 1491 2192; x_wconf 73' lang='grc' dir='ltr'>καὶταῦτα</span> <span class='ocrx_word' id='word_1_158' title='bbox 1519 2137 1860 2209; x_wconf 78' lang='grc' dir='ltr'>σωματικῶς.</span> <span class='ocrx_word' id='word_1_159' title='bbox 1889 2134 2015 2199; x_wconf 86' lang='grc' dir='ltr'>Πῶς</span> 
     </span>
    </p>
   </div>
   <div class='ocr_carea' id='block_1_24' title="bbox 437 2224 2016 2299">
    <p class='ocr_par' dir='ltr' id='par_1_24' title="bbox 437 2224 2016 2299">
     <span class='ocr_line' id='line_1_24' title="bbox 437 2224 2016 2299; baseline -0.001 -19"><span class='ocrx_word' id='word_1_160' title='bbox 437 2227 496 2281; x_wconf 81' lang='grc' dir='ltr'>δὲ</span> <span class='ocrx_word' id='word_1_161' title='bbox 540 2228 640 2281; x_wconf 82' lang='grc' dir='ltr'><strong>οὐκ</strong></span> <span class='ocrx_word' id='word_1_162' title='bbox 683 2227 880 2281; x_wconf 79' lang='grc' dir='ltr'>ἄτοπον</span> <span class='ocrx_word' id='word_1_163' title='bbox 909 2228 1010 2298; x_wconf 83' lang='grc' dir='ltr'>τῆς</span> <span class='ocrx_word' id='word_1_164' title='bbox 1061 2229 1160 2299; x_wconf 78' lang='grc' dir='ltr'><strong>μὲν</strong></span> <span class='ocrx_word' id='word_1_165' title='bbox 1211 2227 1564 2299; x_wconf 83' lang='grc' dir='ltr'>Ἰερουσαλὴμ</span> <span class='ocrx_word' id='word_1_166' title='bbox 1598 2226 1810 2289; x_wconf 89' lang='grc' dir='ltr'>πόλεως</span> <span class='ocrx_word' id='word_1_167' title='bbox 1848 2224 2016 2297; x_wconf 72' lang='grc' dir='ltr'>οὔσης</span> 
     </span>
    </p>
   </div>
   <div class='ocr_carea' id='block_1_25' title="bbox 437 2315 2015 2392">
    <p class='ocr_par' dir='ltr' id='par_1_25' title="bbox 437 2315 2015 2392">
     <span class='ocr_line' id='line_1_25' title="bbox 437 2315 2015 2392; baseline -0.003 -18"><span class='ocrx_word' id='word_1_168' title='bbox 437 2319 533 2374; x_wconf 75' lang='grc' dir='ltr'><strong>τὸν</strong></span> <span class='ocrx_word' id='word_1_169' title='bbox 562 2320 827 2391; x_wconf 80' lang='grc' dir='ltr'>τράχηλον</span> <span class='ocrx_word' id='word_1_170' title='bbox 854 2318 1218 2392; x_wconf 72' lang='grc' dir='ltr'>λαμϐάνεσθαι</span> <span class='ocrx_word' id='word_1_171' title='bbox 1249 2318 1544 2391; x_wconf 77' lang='grc' dir='ltr'>τροπικῶς,</span> <span class='ocrx_word' id='word_1_172' title='bbox 1574 2318 1643 2372; x_wconf 83' lang='grc' dir='ltr'>τὰ</span> <span class='ocrx_word' id='word_1_173' title='bbox 1673 2318 1732 2371; x_wconf 84' lang='grc' dir='ltr'>δὲ</span> <span class='ocrx_word' id='word_1_174' title='bbox 1762 2315 1896 2371; x_wconf 88' lang='grc' dir='ltr'>Θεοῦ</span> <span class='ocrx_word' id='word_1_175' title='bbox 1926 2315 2015 2368; x_wconf 88' lang='grc' dir='ltr'>λε-</span> 
     </span>
    </p>
   </div>
   <div class='ocr_carea' id='block_1_26' title="bbox 438 2407 2015 2481">
    <p class='ocr_par' dir='ltr' id='par_1_26' title="bbox 438 2407 2015 2481">
     <span class='ocr_line' id='line_1_26' title="bbox 438 2407 2015 2481; baseline -0.001 -19"><span class='ocrx_word' id='word_1_176' title='bbox 438 2410 646 2479; x_wconf 82' lang='grc' dir='ltr'>γόμενα</span> <span class='ocrx_word' id='word_1_177' title='bbox 690 2410 825 2481; x_wconf 86' lang='grc' dir='ltr'>μέλη</span> <span class='ocrx_word' id='word_1_178' title='bbox 863 2411 937 2481; x_wconf 87' lang='grc' dir='ltr'>μὴ</span> <span class='ocrx_word' id='word_1_179' title='bbox 986 2411 1078 2464; x_wconf 84' lang='grc' dir='ltr'><strong>τὸν</strong></span> <span class='ocrx_word' id='word_1_180' title='bbox 1110 2411 1273 2464; x_wconf 80' lang='grc' dir='ltr'>αὐτὸν</span> <span class='ocrx_word' id='word_1_181' title='bbox 1305 2409 1599 2464; x_wconf 84' lang='grc' dir='ltr'>ἀκούεσθαι</span> <span class='ocrx_word' id='word_1_182' title='bbox 1629 2408 1862 2480; x_wconf 86' lang='grc' dir='ltr'>τρόπον;</span> <span class='ocrx_word' id='word_1_183' title='bbox 1911 2407 2015 2461; x_wconf 86' lang='grc' dir='ltr'><strong>Λε-</strong></span> 
     </span>
    </p>
   </div>
   <div class='ocr_carea' id='block_1_27' title="bbox 438 2495 2016 2570">
    <p class='ocr_par' dir='ltr' id='par_1_27' title="bbox 438 2495 2016 2570">
     <span class='ocr_line' id='line_1_27' title="bbox 438 2495 2016 2570; baseline -0.013 -1"><span class='ocrx_word' id='word_1_184' title='bbox 438 2499 620 2569; x_wconf 78' lang='grc' dir='ltr'>γέσθω</span> <span class='ocrx_word' id='word_1_185' title='bbox 642 2500 697 2553; x_wconf 79' lang='grc' dir='ltr'>δὲ</span> <span class='ocrx_word' id='word_1_186' title='bbox 720 2500 789 2555; x_wconf 70' lang='grc' dir='ltr'>τὰ</span> <span class='ocrx_word' id='word_1_187' title='bbox 814 2501 908 2556; x_wconf 90' lang='grc' dir='ltr'><strong>νῦν</strong></span> <span class='ocrx_word' id='word_1_188' title='bbox 936 2502 1012 2565; x_wconf 86' lang='grc' dir='ltr'>ὡς</span> <span class='ocrx_word' id='word_1_189' title='bbox 1037 2502 1140 2555; x_wconf 78' lang='grc' dir='ltr'><strong>ὑπὸ</strong></span> <span class='ocrx_word' id='word_1_190' title='bbox 1164 2501 1340 2570; x_wconf 66' lang='grc' dir='ltr'>ψυχῆς</span> <span class='ocrx_word' id='word_1_191' title='bbox 1372 2502 1450 2564; x_wconf 84' lang='grc' dir='ltr'><strong>είς</strong></span> <span class='ocrx_word' id='word_1_192' title='bbox 1482 2499 1733 2553; x_wconf 76' lang='grc' dir='ltr'>ἀσέϐειαν</span> <span class='ocrx_word' id='word_1_193' title='bbox 1764 2495 2016 2551; x_wconf 86' lang='grc' dir='ltr'>ύπνωσά-</span> 
     </span>
    </p>
   </div>
   <div class='ocr_carea' id='block_1_28' title="bbox 441 2588 2015 2662">
    <p class='ocr_par' dir='ltr' id='par_1_28' title="bbox 441 2588 2015 2662">
     <span class='ocr_line' id='line_1_28' title="bbox 441 2588 2015 2662; baseline -0.001 -20"><span class='ocrx_word' id='word_1_194' title='bbox 441 2606 563 2660; x_wconf 84' lang='grc' dir='ltr'>σης,</span> <span class='ocrx_word' id='word_1_195' title='bbox 595 2592 653 2643; x_wconf 81' lang='grc' dir='ltr'>ὲν</span> <span class='ocrx_word' id='word_1_196' title='bbox 684 2590 762 2662; x_wconf 80' lang='grc' dir='ltr'>τῷ</span> <span class='ocrx_word' id='word_1_197' title='bbox 786 2592 1151 2661; x_wconf 72' lang='grc' dir='ltr'>ἀφηνιακέναι</span> <span class='ocrx_word' id='word_1_198' title='bbox 1174 2593 1274 2662; x_wconf 84' lang='grc' dir='ltr'><strong>μὲν</strong></span> <span class='ocrx_word' id='word_1_199' title='bbox 1298 2592 1406 2645; x_wconf 78' lang='grc' dir='ltr'><strong>ἀπὸ</strong></span> <span class='ocrx_word' id='word_1_200' title='bbox 1424 2589 1519 2644; x_wconf 91' lang='grc' dir='ltr'><strong>τοῦ</strong></span> <span class='ocrx_word' id='word_1_201' title='bbox 1552 2589 1819 2662; x_wconf 85' lang='grc' dir='ltr'>σωτηρίου</span> <span class='ocrx_word' id='word_1_202' title='bbox 1849 2588 2015 2656; x_wconf 79' lang='grc' dir='ltr'>ζυγοῦ</span> 
     </span>
    </p>
   </div>
   <div class='ocr_carea' id='block_1_29' title="bbox 438 2679 2013 2755">
    <p class='ocr_par' dir='ltr' id='par_1_29' title="bbox 438 2679 2013 2755">
     <span class='ocr_line' id='line_1_29' title="bbox 438 2679 2013 2755; baseline 0.001 -23"><span class='ocrx_word' id='word_1_203' title='bbox 438 2679 533 2732; x_wconf 86' lang='grc' dir='ltr'><strong>τοῦ</strong></span> <span class='ocrx_word' id='word_1_204' title='bbox 583 2681 769 2749; x_wconf 79' lang='grc' dir='ltr'>ὑγιοῦς</span> <span class='ocrx_word' id='word_1_205' title='bbox 821 2681 1001 2750; x_wconf 87' lang='grc' dir='ltr'>λόγου,</span> <span class='ocrx_word' id='word_1_206' title='bbox 1049 2682 1108 2736; x_wconf 81' lang='grc' dir='ltr'>ὃν</span> <span class='ocrx_word' id='word_1_207' title='bbox 1161 2685 1189 2736; x_wconf 89' lang='grc' dir='ltr'><strong>ό</strong></span> <span class='ocrx_word' id='word_1_208' title='bbox 1228 2682 1419 2755; x_wconf 81' lang='grc' dir='ltr'>Σωτὴρ</span> <span class='ocrx_word' id='word_1_209' title='bbox 1461 2681 1715 2753; x_wconf 72' lang='grc' dir='ltr'>ὀνομάζει</span> <span class='ocrx_word' id='word_1_210' title='bbox 1760 2679 2013 2752; x_wconf 83' lang='grc' dir='ltr'>χρηστὸν,</span> 
     </span>
    </p>
   </div>
   <div class='ocr_carea' id='block_1_30' title="bbox 440 2765 2015 2845">
    <p class='ocr_par' dir='ltr' id='par_1_30' title="bbox 440 2765 2015 2845">
     <span class='ocr_line' id='line_1_30' title="bbox 440 2765 2015 2845; baseline 0.001 -21"><span class='ocrx_word' id='word_1_211' title='bbox 440 2770 703 2826; x_wconf 80' lang='grc' dir='ltr'>ὑποδῦναι</span> <span class='ocrx_word' id='word_1_212' title='bbox 728 2773 786 2827; x_wconf 86' lang='grc' dir='ltr'>δὲ</span> <span class='ocrx_word' id='word_1_213' title='bbox 828 2774 920 2828; x_wconf 84' lang='grc' dir='ltr'><strong>τὸν</strong></span> <span class='ocrx_word' id='word_1_214' title='bbox 964 2773 1070 2827; x_wconf 82' lang='grc' dir='ltr'><strong>τῶν</strong></span> <span class='ocrx_word' id='word_1_215' title='bbox 1103 2773 1486 2845; x_wconf 79' lang='grc' dir='ltr'>ἁσεὸημάτων,</span> <span class='ocrx_word' id='word_1_216' title='bbox 1534 2773 1600 2827; x_wconf 88' lang='grc' dir='ltr'>δι’</span> <span class='ocrx_word' id='word_1_217' title='bbox 1634 2765 1708 2826; x_wconf 82' lang='grc' dir='ltr'>ὧν</span> <span class='ocrx_word' id='word_1_218' title='bbox 1755 2772 2015 2843; x_wconf 82' lang='grc' dir='ltr'>ήτὸνησεν</span> 
     </span>
    </p>
   </div>
   <div class='ocr_carea' id='block_1_31' title="bbox 441 2862 2013 2935">
    <p class='ocr_par' dir='ltr' id='par_1_31' title="bbox 441 2862 2013 2935">
     <span class='ocr_line' id='line_1_31' title="bbox 441 2862 2013 2935; baseline 0.001 -22"><span class='ocrx_word' id='word_1_219' title='bbox 441 2862 702 2931; x_wconf 80' lang='grc' dir='ltr'>ἀφεθεῖσα</span> <span class='ocrx_word' id='word_1_220' title='bbox 745 2863 842 2935; x_wconf 83' lang='grc' dir='ltr'><strong>τῆς</strong></span> <span class='ocrx_word' id='word_1_221' title='bbox 888 2864 1038 2928; x_wconf 82' lang='grc' dir='ltr'>θείας</span> <span class='ocrx_word' id='word_1_222' title='bbox 1070 2866 1388 2935; x_wconf 77' lang='grc' dir='ltr'>ἐπισκοπῆς,</span> <span class='ocrx_word' id='word_1_223' title='bbox 1433 2865 1524 2918; x_wconf 77' lang='grc' dir='ltr'><strong>καὶ</strong></span> <span class='ocrx_word' id='word_1_224' title='bbox 1554 2863 1916 2935; x_wconf 79' lang='grc' dir='ltr'>παραδοθεῖσα</span> <span class='ocrx_word' id='word_1_225' title='bbox 1947 2864 2013 2933; x_wconf 81' lang='grc' dir='ltr'>τῇ</span> 
     </span>
    </p>
   </div>
   <div class='ocr_carea' id='block_1_32' title="bbox 445 2949 2015 3028">
    <p class='ocr_par' dir='ltr' id='par_1_32' title="bbox 445 2949 2015 3028">
     <span class='ocr_line' id='line_1_32' title="bbox 445 2949 2015 3028; baseline 0.001 -24"><span class='ocrx_word' id='word_1_226' title='bbox 445 2951 798 3027; x_wconf 78' lang='grc' dir='ltr'>βασιλευούσῃ</span> <span class='ocrx_word' id='word_1_227' title='bbox 831 2955 937 3010; x_wconf 91' lang='grc' dir='ltr'><strong>τῶν</strong></span> <span class='ocrx_word' id='word_1_228' title='bbox 978 2955 1163 3010; x_wconf 88' lang='grc' dir='ltr'>κακῶν</span> <span class='ocrx_word' id='word_1_229' title='bbox 1200 2954 1458 3028; x_wconf 76' lang='grc' dir='ltr'>ἁμαρτίᾳ,</span> <span class='ocrx_word' id='word_1_230' title='bbox 1487 2949 1554 3026; x_wconf 82' lang='grc' dir='ltr'>ἦς</span> <span class='ocrx_word' id='word_1_231' title='bbox 1595 2957 1711 3018; x_wconf 86' lang='grc' dir='ltr'>τοῖς</span> <span class='ocrx_word' id='word_1_232' title='bbox 1750 2953 2015 3024; x_wconf 84' lang='grc' dir='ltr'>θελήμασι</span> 
     </span>
    </p>
   </div>
   <div class='ocr_carea' id='block_1_33' title="bbox 442 3043 2017 3119">
    <p class='ocr_par' dir='ltr' id='par_1_33' title="bbox 442 3043 2017 3119">
     <span class='ocr_line' id='line_1_33' title="bbox 442 3043 2017 3119; baseline 0 -22"><span class='ocrx_word' id='word_1_233' title='bbox 442 3044 531 3097; x_wconf 76' lang='grc' dir='ltr'><strong>διὰ</strong></span> <span class='ocrx_word' id='word_1_234' title='bbox 553 3044 612 3097; x_wconf 85' lang='grc' dir='ltr'><strong>τὸ</strong></span> <span class='ocrx_word' id='word_1_235' title='bbox 639 3046 1018 3118; x_wconf 84' lang='grc' dir='ltr'>ἀπεριόριστον</span> <span class='ocrx_word' id='word_1_236' title='bbox 1048 3047 1143 3101; x_wconf 72' lang='grc' dir='ltr'><strong>καὶ</strong></span> <span class='ocrx_word' id='word_1_237' title='bbox 1171 3047 1399 3119; x_wconf 79' lang='grc' dir='ltr'>ἄπειρον</span> <span class='ocrx_word' id='word_1_238' title='bbox 1428 3046 1526 3118; x_wconf 81' lang='grc' dir='ltr'>τῆς</span> <span class='ocrx_word' id='word_1_239' title='bbox 1549 3045 1745 3109; x_wconf 87' lang='grc' dir='ltr'>κακίας</span> <span class='ocrx_word' id='word_1_240' title='bbox 1775 3045 1833 3097; x_wconf 83' lang='grc' dir='ltr'><strong>οὑ</strong></span> <span class='ocrx_word' id='word_1_241' title='bbox 1860 3043 2017 3097; x_wconf 89' lang='grc' dir='ltr'>δύνα-</span> 
     </span>
    </p>
   </div>
   <div class='ocr_carea' id='block_1_34' title="bbox 443 3138 2011 3211">
    <p class='ocr_par' dir='ltr' id='par_1_34' title="bbox 443 3138 2011 3211">
     <span class='ocr_line' id='line_1_34' title="bbox 443 3138 2011 3211; baseline -0.001 -19"><span class='ocrx_word' id='word_1_242' title='bbox 443 3155 534 3193; x_wconf 86' lang='grc' dir='ltr'><strong>ται</strong></span> <span class='ocrx_word' id='word_1_243' title='bbox 569 3138 747 3209; x_wconf 86' lang='grc' dir='ltr'>πάντη</span> <span class='ocrx_word' id='word_1_244' title='bbox 779 3138 1140 3210; x_wconf 84' lang='grc' dir='ltr'>ὑπουργῆσαι,</span> <span class='ocrx_word' id='word_1_245' title='bbox 1177 3141 1270 3193; x_wconf 74' lang='grc' dir='ltr'><strong>καὶ</strong></span> <span class='ocrx_word' id='word_1_246' title='bbox 1314 3140 1473 3211; x_wconf 85' lang='grc' dir='ltr'>κόρον</span> <span class='ocrx_word' id='word_1_247' title='bbox 1507 3139 1643 3210; x_wconf 84' lang='grc' dir='ltr'>αὐτῇ</span> <span class='ocrx_word' id='word_1_248' title='bbox 1689 3140 2011 3208; x_wconf 84' lang='grc' dir='ltr'>παρασχεῖν.</span> 
     </span>
    </p>
   </div>
   <div class='ocr_carea' id='block_1_35' title="bbox 2115 580 3677 660">
    <p class='ocr_par' dir='ltr' id='par_1_35' title="bbox 2115 580 3677 660">
     <span class='ocr_line' id='line_1_35' title="bbox 2115 580 3677 660; baseline -0.01 -10"><span class='ocrx_word' id='word_1_249' title='bbox 2115 592 2262 650; x_wconf 87' lang='lat' dir='ltr'><strong>scuri</strong></span> <span class='ocrx_word' id='word_1_250' title='bbox 2290 598 2345 645; x_wconf 90' lang='lat' dir='ltr'><strong>et</strong></span> <span class='ocrx_word' id='word_1_251' title='bbox 2374 587 2639 660; x_wconf 79' lang='lat' dir='ltr'><strong>ignobiles</strong></span> <span class='ocrx_word' id='word_1_252' title='bbox 2669 586 2740 642; x_wconf 92' lang='lat' dir='ltr'><strong>ob</strong></span> <span class='ocrx_word' id='word_1_253' title='bbox 2762 585 3087 655; x_wconf 86' lang='lat' dir='ltr'><strong>vituperium</strong></span> <span class='ocrx_word' id='word_1_254' title='bbox 3117 593 3170 638; x_wconf 90' lang='lat' dir='ltr'><strong>et</strong></span> <span class='ocrx_word' id='word_1_255' title='bbox 3192 582 3500 653; x_wconf 86' lang='lat' dir='ltr'><strong>opprobria.</strong></span> <span class='ocrx_word' id='word_1_256' title='bbox 3536 580 3677 636; x_wconf 86' lang='lat' dir='ltr'><strong>Pro-</strong></span> 
     </span>
    </p>
   </div>
   <div class='ocr_carea' id='block_1_36' title="bbox 2114 670 3612 752">
    <p class='ocr_par' dir='ltr' id='par_1_36' title="bbox 2114 670 3612 752">
     <span class='ocr_line' id='line_1_36' title="bbox 2114 670 3612 752; baseline -0.009 -15"><span class='ocrx_word' id='word_1_257' title='bbox 2114 691 2295 752; x_wconf 86' lang='lat' dir='ltr'><strong>pterea</strong></span> <span class='ocrx_word' id='word_1_258' title='bbox 2332 679 2386 732; x_wconf 90' lang='lat' dir='ltr'><strong>in</strong></span> <span class='ocrx_word' id='word_1_259' title='bbox 2431 676 2819 745; x_wconf 87' lang='lat' dir='ltr'><strong>sempiternum</strong></span> <span class='ocrx_word' id='word_1_260' title='bbox 2844 687 3135 731; x_wconf 68' lang='lat' dir='ltr'><strong>maerorem</strong></span> <span class='ocrx_word' id='word_1_261' title='bbox 3163 672 3354 728; x_wconf 83' lang='lat' dir='ltr'><strong>civitas</strong></span> <span class='ocrx_word' id='word_1_262' title='bbox 3402 670 3612 728; x_wconf 85' lang='lat' dir='ltr'><strong>incidit.</strong></span> 
     </span>
    </p>
   </div>
   <div class='ocr_carea' id='block_1_37' title="bbox 2188 764 3678 841">
    <p class='ocr_par' dir='ltr' id='par_1_37' title="bbox 2188 764 3678 841">
     <span class='ocr_line' id='line_1_37' title="bbox 2188 764 3678 841; baseline -0.005 -16"><span class='ocrx_word' id='word_1_263' title='bbox 2188 771 2343 829; x_wconf 76' lang='lat' dir='ltr'><strong>Vera.</strong></span> <span class='ocrx_word' id='word_1_264' title='bbox 2396 773 2486 827; x_wconf 71' lang='grc'><strong>14.</strong></span> <span class='ocrx_word' id='word_1_265' title='bbox 2553 769 2803 841; x_wconf 84' lang='lat' dir='ltr'><strong>Vigilavit</strong></span> <span class='ocrx_word' id='word_1_266' title='bbox 2843 781 3000 836; x_wconf 81' lang='lat' dir='ltr'><strong><em>super</em></strong></span> <span class='ocrx_word' id='word_1_267' title='bbox 3043 764 3335 829; x_wconf 82' lang='lat' dir='ltr'><strong>impietates</strong></span> <span class='ocrx_word' id='word_1_268' title='bbox 3382 780 3557 830; x_wconf 78' lang='lat' dir='ltr'><strong>meas,</strong></span> <span class='ocrx_word' id='word_1_269' title='bbox 3583 834 3587 838; x_wconf 6' lang='grc' dir='ltr'><strong>γ</strong></span> <span class='ocrx_word' id='word_1_270' title='bbox 3618 765 3678 818; x_wconf 82' lang='lat' dir='ltr'><strong>in</strong></span> 
     </span>
    </p>
   </div>
   <div class='ocr_carea' id='block_1_38' title="bbox 2114 846 3676 929">
    <p class='ocr_par' dir='ltr' id='par_1_38' title="bbox 2114 846 3676 929">
     <span class='ocr_line' id='line_1_38' title="bbox 2114 846 3676 929; baseline -0.003 -16"><span class='ocrx_word' id='word_1_271' title='bbox 2114 862 2358 915; x_wconf 79' lang='lat' dir='ltr'><strong>manibus</strong></span> <span class='ocrx_word' id='word_1_272' title='bbox 2404 846 2534 915; x_wconf 73' lang='lat' dir='ltr'><strong>meis</strong></span> <span class='ocrx_word' id='word_1_273' title='bbox 2586 857 2912 929; x_wconf 75' lang='lat' dir='ltr'><strong>complicata:</strong></span> <span class='ocrx_word' id='word_1_274' title='bbox 2959 865 3104 909; x_wconf 75' lang='lat' dir='ltr'><strong>sunt.</strong></span> <span class='ocrx_word' id='word_1_275' title='bbox 3152 852 3520 919; x_wconf 91' lang='lat' dir='ltr'><strong>Providentia,</strong></span> <span class='ocrx_word' id='word_1_276' title='bbox 3578 854 3676 920; x_wconf 85' lang='lat' dir='ltr'><strong>ait,</strong></span> 
     </span>
    </p>
   </div>
   <div class='ocr_carea' id='block_1_39' title="bbox 2115 945 3679 1023">
    <p class='ocr_par' dir='ltr' id='par_1_39' title="bbox 2115 945 3679 1023">
     <span class='ocr_line' id='line_1_39' title="bbox 2115 945 3679 1023; baseline -0.004 -14"><span class='ocrx_word' id='word_1_277' title='bbox 2115 968 2282 1023; x_wconf 85' lang='lat' dir='ltr'><strong>super</strong></span> <span class='ocrx_word' id='word_1_278' title='bbox 2327 955 2466 1009; x_wconf 88' lang='lat' dir='ltr'><strong>meis</strong></span> <span class='ocrx_word' id='word_1_279' title='bbox 2512 952 2893 1023; x_wconf 82' lang='lat' dir='ltr'><strong>iniquitatibus</strong></span> <span class='ocrx_word' id='word_1_280' title='bbox 2941 963 3049 1002; x_wconf 86' lang='lat' dir='ltr'><strong>non</strong></span> <span class='ocrx_word' id='word_1_281' title='bbox 3098 946 3429 1002; x_wconf 83' lang='lat' dir='ltr'><strong>obdormivit</strong></span> <span class='ocrx_word' id='word_1_282' title='bbox 3466 962 3481 999; x_wconf 87' lang='lat'><strong>:</strong></span> <span class='ocrx_word' id='word_1_283' title='bbox 3535 945 3679 1002; x_wconf 84' lang='lat' dir='ltr'><strong>Deus</strong></span> 
     </span>
    </p>
   </div>
   <div class='ocr_carea' id='block_1_40' title="bbox 2116 1037 3679 1114">
    <p class='ocr_par' dir='ltr' id='par_1_40' title="bbox 2116 1037 3679 1114">
     <span class='ocr_line' id='line_1_40' title="bbox 2116 1037 3679 1114; baseline -0.004 -17"><span class='ocrx_word' id='word_1_284' title='bbox 2116 1058 2353 1113; x_wconf 83' lang='lat' dir='ltr'><strong>namque</strong></span> <span class='ocrx_word' id='word_1_285' title='bbox 2380 1046 2538 1114; x_wconf 89' lang='lat' dir='ltr'><strong>quasi</strong></span> <span class='ocrx_word' id='word_1_286' title='bbox 2581 1042 2836 1097; x_wconf 85' lang='lat' dir='ltr'><strong>manibus</strong></span> <span class='ocrx_word' id='word_1_287' title='bbox 2877 1054 2972 1095; x_wconf 86' lang='lat' dir='ltr'><strong>eas</strong></span> <span class='ocrx_word' id='word_1_288' title='bbox 3011 1037 3302 1107; x_wconf 84' lang='lat' dir='ltr'><strong>accipiens,</strong></span> <span class='ocrx_word' id='word_1_289' title='bbox 3335 1051 3432 1108; x_wconf 89' lang='lat' dir='ltr'><strong>per</strong></span> <span class='ocrx_word' id='word_1_290' title='bbox 3460 1037 3679 1107; x_wconf 84' lang='lat' dir='ltr'><strong>disqui-</strong></span> 
     </span>
    </p>
   </div>
   <div class='ocr_carea' id='block_1_41' title="bbox 2117 1130 3683 1207">
    <p class='ocr_par' dir='ltr' id='par_1_41' title="bbox 2117 1130 3683 1207">
     <span class='ocr_line' id='line_1_41' title="bbox 2117 1130 3683 1207; baseline -0.004 -14"><span class='ocrx_word' id='word_1_291' title='bbox 2117 1138 2372 1193; x_wconf 78' lang='lat' dir='ltr'><strong>sitionem</strong></span> <span class='ocrx_word' id='word_1_292' title='bbox 2409 1153 2533 1193; x_wconf 92' lang='lat' dir='ltr'><strong>cum</strong></span> <span class='ocrx_word' id='word_1_293' title='bbox 2577 1135 2833 1207; x_wconf 85' lang='lat' dir='ltr'><strong>operibus</strong></span> <span class='ocrx_word' id='word_1_294' title='bbox 2871 1130 3242 1188; x_wconf 88' lang='lat' dir='ltr'><strong>retributionis</strong></span> <span class='ocrx_word' id='word_1_295' title='bbox 3288 1131 3596 1199; x_wconf 89' lang='lat' dir='ltr'><strong>convolvit;</strong></span> <span class='ocrx_word' id='word_1_296' title='bbox 3627 1141 3683 1186; x_wconf 90' lang='lat' dir='ltr'><strong>et</strong></span> 
     </span>
    </p>
   </div>
   <div class='ocr_carea' id='block_1_42' title="bbox 2113 1225 3682 1295">
    <p class='ocr_par' dir='ltr' id='par_1_42' title="bbox 2113 1225 3682 1295">
     <span class='ocr_line' id='line_1_42' title="bbox 2113 1225 3682 1295; baseline -0.003 -13"><span class='ocrx_word' id='word_1_297' title='bbox 2113 1227 2318 1285; x_wconf 84' lang='lat' dir='ltr'><strong>factum</strong></span> <span class='ocrx_word' id='word_1_298' title='bbox 2376 1229 2510 1282; x_wconf 84' lang='lat' dir='ltr'><strong>mihi</strong></span> <span class='ocrx_word' id='word_1_299' title='bbox 2569 1244 2635 1283; x_wconf 78' lang='lat' dir='ltr'><strong>ex</strong></span> <span class='ocrx_word' id='word_1_300' title='bbox 2691 1227 2799 1283; x_wconf 91' lang='lat' dir='ltr'><strong>illis</strong></span> <span class='ocrx_word' id='word_1_301' title='bbox 2845 1234 2931 1280; x_wconf 89' lang='lat' dir='ltr'><strong>est</strong></span> <span class='ocrx_word' id='word_1_302' title='bbox 2976 1234 3235 1294; x_wconf 89' lang='lat' dir='ltr'><strong>tanquam</strong></span> <span class='ocrx_word' id='word_1_303' title='bbox 3279 1225 3470 1295; x_wconf 84' lang='lat' dir='ltr'><strong>jugum</strong></span> <span class='ocrx_word' id='word_1_304' title='bbox 3518 1239 3682 1294; x_wconf 82' lang='lat' dir='ltr'><strong>super</strong></span> 
     </span>
    </p>
   </div>
   <div class='ocr_carea' id='block_1_43' title="bbox 2112 1314 3680 1390">
    <p class='ocr_par' dir='ltr' id='par_1_43' title="bbox 2112 1314 3680 1390">
     <span class='ocr_line' id='line_1_43' title="bbox 2112 1314 3680 1390; baseline -0.003 -15"><span class='ocrx_word' id='word_1_305' title='bbox 2112 1321 2344 1387; x_wconf 90' lang='lat' dir='ltr'><strong>collum,</strong></span> <span class='ocrx_word' id='word_1_306' title='bbox 2381 1328 2436 1376; x_wconf 91' lang='lat' dir='ltr'><strong>et</strong></span> <span class='ocrx_word' id='word_1_307' title='bbox 2483 1319 2738 1390; x_wconf 87' lang='lat' dir='ltr'><strong>imposita</strong></span> <span class='ocrx_word' id='word_1_308' title='bbox 2791 1316 3048 1374; x_wconf 87' lang='lat' dir='ltr'><strong>servitus.</strong></span> <span class='ocrx_word' id='word_1_309' title='bbox 3100 1314 3345 1372; x_wconf 86' lang='lat' dir='ltr'><strong>Servitus</strong></span> <span class='ocrx_word' id='word_1_310' title='bbox 3388 1315 3533 1371; x_wconf 90' lang='lat' dir='ltr'><strong>enim</strong></span> <span class='ocrx_word' id='word_1_311' title='bbox 3574 1330 3680 1386; x_wconf 89' lang='lat' dir='ltr'><strong>qua</strong></span> 
     </span>
    </p>
   </div>
   <div class='ocr_carea' id='block_1_44' title="bbox 2114 1407 3681 1479">
    <p class='ocr_par' dir='ltr' id='par_1_44' title="bbox 2114 1407 3681 1479">
     <span class='ocr_line' id='line_1_44' title="bbox 2114 1407 3681 1479; baseline -0.004 -12"><span class='ocrx_word' id='word_1_312' title='bbox 2114 1411 2313 1467; x_wconf 85' lang='lat' dir='ltr'><strong>servivi</strong></span> <span class='ocrx_word' id='word_1_313' title='bbox 2368 1409 2887 1467; x_wconf 86' lang='lat' dir='ltr'><strong>Nabuchodonosori</strong></span> <span class='ocrx_word' id='word_1_314' title='bbox 2916 1451 2932 1478; x_wconf 90' lang='lat'><strong>,</strong></span> <span class='ocrx_word' id='word_1_315' title='bbox 2988 1424 3124 1465; x_wconf 79' lang='lat' dir='ltr'><strong>meae</strong></span> <span class='ocrx_word' id='word_1_316' title='bbox 3172 1407 3479 1479; x_wconf 88' lang='lat' dir='ltr'><strong>impietates</strong></span> <span class='ocrx_word' id='word_1_317' title='bbox 3522 1416 3681 1463; x_wconf 88' lang='lat' dir='ltr'><strong>sunt:</strong></span> 
     </span>
    </p>
   </div>
   <div class='ocr_carea' id='block_1_45' title="bbox 2113 1499 3685 1572">
    <p class='ocr_par' dir='ltr' id='par_1_45' title="bbox 2113 1499 3685 1572">
     <span class='ocr_line' id='line_1_45' title="bbox 2113 1499 3685 1572; baseline -0.001 -15"><span class='ocrx_word' id='word_1_318' title='bbox 2113 1502 2321 1559; x_wconf 82' lang='lat' dir='ltr'><strong>idcirco</strong></span> <span class='ocrx_word' id='word_1_319' title='bbox 2357 1502 2631 1572; x_wconf 81' lang='lat' dir='ltr'><strong>inﬁrmata</strong></span> <span class='ocrx_word' id='word_1_320' title='bbox 2665 1510 2744 1556; x_wconf 74' lang='lat' dir='ltr'><strong>est</strong></span> <span class='ocrx_word' id='word_1_321' title='bbox 2776 1502 2944 1555; x_wconf 79' lang='lat' dir='ltr'><strong>virtus</strong></span> <span class='ocrx_word' id='word_1_322' title='bbox 2988 1516 3126 1565; x_wconf 86' lang='lat' dir='ltr'><strong>mea,</strong></span> <span class='ocrx_word' id='word_1_323' title='bbox 3173 1514 3297 1554; x_wconf 90' lang='lat' dir='ltr'><strong>nam</strong></span> <span class='ocrx_word' id='word_1_324' title='bbox 3335 1499 3531 1554; x_wconf 89' lang='lat' dir='ltr'><strong>tradita</strong></span> <span class='ocrx_word' id='word_1_325' title='bbox 3574 1499 3685 1555; x_wconf 90' lang='lat' dir='ltr'><strong>illis</strong></span> 
     </span>
    </p>
   </div>
   <div class='ocr_carea' id='block_1_46' title="bbox 2114 1589 3683 1664">
    <p class='ocr_par' dir='ltr' id='par_1_46' title="bbox 2114 1589 3683 1664">
     <span class='ocr_line' id='line_1_46' title="bbox 2114 1589 3683 1664; baseline -0.003 -17"><span class='ocrx_word' id='word_1_326' title='bbox 2114 1610 2235 1649; x_wconf 88' lang='lat' dir='ltr'><strong>sum</strong></span> <span class='ocrx_word' id='word_1_327' title='bbox 2277 1609 2509 1664; x_wconf 90' lang='lat' dir='ltr'><strong>quorum</strong></span> <span class='ocrx_word' id='word_1_328' title='bbox 2562 1592 2705 1648; x_wconf 85' lang='lat' dir='ltr'><strong>ferre</strong></span> <span class='ocrx_word' id='word_1_329' title='bbox 2750 1592 3088 1648; x_wconf 81' lang='lat' dir='ltr'><strong>dominatum</strong></span> <span class='ocrx_word' id='word_1_330' title='bbox 3148 1605 3255 1646; x_wconf 89' lang='lat' dir='ltr'><strong>non</strong></span> <span class='ocrx_word' id='word_1_331' title='bbox 3306 1590 3551 1660; x_wconf 73' lang='lat' dir='ltr'><strong>possunt.</strong></span> <span class='ocrx_word' id='word_1_332' title='bbox 3612 1589 3683 1644; x_wconf 87' lang='lat' dir='ltr'><strong>Et</strong></span> 
     </span>
    </p>
   </div>
   <div class='ocr_carea' id='block_1_47' title="bbox 2115 1680 3682 1754">
    <p class='ocr_par' dir='ltr' id='par_1_47' title="bbox 2115 1680 3682 1754">
     <span class='ocr_line' id='line_1_47' title="bbox 2115 1680 3682 1754; baseline -0.001 -19"><span class='ocrx_word' id='word_1_333' title='bbox 2115 1684 2298 1752; x_wconf 80' lang='lat' dir='ltr'><strong>paucis</strong></span> <span class='ocrx_word' id='word_1_334' title='bbox 2320 1682 2606 1753; x_wconf 75' lang='lat' dir='ltr'><strong>interjectis</strong></span> <span class='ocrx_word' id='word_1_335' title='bbox 2628 1698 2648 1738; x_wconf 91' lang='lat'><strong><em>:</em></strong></span> <span class='ocrx_word' id='word_1_336' title='bbox 2669 1681 2864 1754; x_wconf 86' lang='lat' dir='ltr'><strong>Jugum</strong></span> <span class='ocrx_word' id='word_1_337' title='bbox 2894 1682 3041 1737; x_wconf 90' lang='lat' dir='ltr'><strong>illius</strong></span> <span class='ocrx_word' id='word_1_338' title='bbox 3063 1695 3227 1750; x_wconf 84' lang='lat' dir='ltr'><strong>super</strong></span> <span class='ocrx_word' id='word_1_339' title='bbox 3249 1680 3449 1737; x_wconf 89' lang='lat' dir='ltr'><strong>collum</strong></span> <span class='ocrx_word' id='word_1_340' title='bbox 3478 1695 3682 1735; x_wconf 85' lang='lat' dir='ltr'><strong>meum.</strong></span> 
     </span>
    </p>
   </div>
   <div class='ocr_carea' id='block_1_48' title="bbox 2117 1770 3684 1842">
    <p class='ocr_par' dir='ltr' id='par_1_48' title="bbox 2117 1770 3684 1842">
     <span class='ocr_line' id='line_1_48' title="bbox 2117 1770 3684 1842; baseline 0 -17"><span class='ocrx_word' id='word_1_341' title='bbox 2117 1771 2212 1828; x_wconf 86' lang='lat' dir='ltr'><strong>llis</strong></span> <span class='ocrx_word' id='word_1_342' title='bbox 2246 1773 2425 1829; x_wconf 85' lang='lat' dir='ltr'><strong>verbis</strong></span> <span class='ocrx_word' id='word_1_343' title='bbox 2453 1773 2780 1840; x_wconf 72' lang='lat' dir='ltr'><strong>ostenditur,</strong></span> <span class='ocrx_word' id='word_1_344' title='bbox 2803 1787 2926 1842; x_wconf 64' lang='lat' dir='ltr'><strong>quae</strong></span> <span class='ocrx_word' id='word_1_345' title='bbox 2950 1771 3116 1826; x_wconf 88' lang='lat' dir='ltr'><strong>veluti</strong></span> <span class='ocrx_word' id='word_1_346' title='bbox 3140 1786 3235 1841; x_wconf 84' lang='lat' dir='ltr'><strong>per</strong></span> <span class='ocrx_word' id='word_1_347' title='bbox 3259 1771 3528 1827; x_wconf 87' lang='lat' dir='ltr'><strong>humanos</strong></span> <span class='ocrx_word' id='word_1_348' title='bbox 3555 1770 3684 1825; x_wconf 61' lang='lat' dir='ltr'><strong>alie:-</strong></span> 
     </span>
    </p>
   </div>
   <div class='ocr_carea' id='block_1_49' title="bbox 2120 1862 3682 1933">
    <p class='ocr_par' dir='ltr' id='par_1_49' title="bbox 2120 1862 3682 1933">
     <span class='ocr_line' id='line_1_49' title="bbox 2120 1862 3682 1933; baseline -0.002 -14"><span class='ocrx_word' id='word_1_349' title='bbox 2120 1875 2240 1920; x_wconf 90' lang='lat' dir='ltr'><strong>ctns</strong></span> <span class='ocrx_word' id='word_1_350' title='bbox 2288 1863 2396 1919; x_wconf 83' lang='lat' dir='ltr'><strong>Deo</strong></span> <span class='ocrx_word' id='word_1_351' title='bbox 2451 1864 2811 1929; x_wconf 87' lang='lat' dir='ltr'><strong>tribuuntur,</strong></span> <span class='ocrx_word' id='word_1_352' title='bbox 2875 1865 3103 1933; x_wconf 86' lang='lat' dir='ltr'><strong>tigurate</strong></span> <span class='ocrx_word' id='word_1_353' title='bbox 3154 1877 3277 1918; x_wconf 88' lang='lat' dir='ltr'><strong>esse</strong></span> <span class='ocrx_word' id='word_1_354' title='bbox 3335 1862 3682 1933; x_wconf 83' lang='lat' dir='ltr'><strong>explicanda.</strong></span> 
     </span>
    </p>
   </div>
   <div class='ocr_carea' id='block_1_50' title="bbox 2118 1952 3687 2025">
    <p class='ocr_par' dir='ltr' id='par_1_50' title="bbox 2118 1952 3687 2025">
     <span class='ocr_line' id='line_1_50' title="bbox 2118 1952 3687 2025; baseline 0 -17"><span class='ocrx_word' id='word_1_355' title='bbox 2118 1954 2252 2008; x_wconf 85' lang='lat' dir='ltr'><strong>Nam</strong></span> <span class='ocrx_word' id='word_1_356' title='bbox 2292 1955 2565 2023; x_wconf 88' lang='lat' dir='ltr'><strong>quomodo</strong></span> <span class='ocrx_word' id='word_1_357' title='bbox 2594 1955 2750 2009; x_wconf 88' lang='lat' dir='ltr'><strong>aliter</strong></span> <span class='ocrx_word' id='word_1_358' title='bbox 2777 1953 3183 2024; x_wconf 82' lang='lat' dir='ltr'><strong>intelligendum</strong></span> <span class='ocrx_word' id='word_1_359' title='bbox 3209 1954 3315 2008; x_wconf 90' lang='lat' dir='ltr'><strong>erit</strong></span> <span class='ocrx_word' id='word_1_360' title='bbox 3334 1952 3687 2025; x_wconf 66' lang='lat' dir='ltr'><strong>Jerosolymie</strong></span> 
     </span>
    </p>
   </div>
   <div class='ocr_carea' id='block_1_51' title="bbox 2120 2042 3689 2115">
    <p class='ocr_par' dir='ltr' id='par_1_51' title="bbox 2120 2042 3689 2115">
     <span class='ocr_line' id='line_1_51' title="bbox 2120 2042 3689 2115; baseline -0.001 -18"><span class='ocrx_word' id='word_1_361' title='bbox 2120 2045 2426 2115; x_wconf 84' lang='lat' dir='ltr'><strong>impietates</strong></span> <span class='ocrx_word' id='word_1_362' title='bbox 2468 2044 2522 2097; x_wconf 92' lang='lat' dir='ltr'><strong>in</strong></span> <span class='ocrx_word' id='word_1_363' title='bbox 2545 2042 2641 2098; x_wconf 86' lang='lat' dir='ltr'><strong>Dei</strong></span> <span class='ocrx_word' id='word_1_364' title='bbox 2689 2058 2852 2097; x_wconf 88' lang='lat' dir='ltr'><strong>manu</strong></span> <span class='ocrx_word' id='word_1_365' title='bbox 2900 2042 3242 2105; x_wconf 88' lang='lat' dir='ltr'><strong>convolutas,</strong></span> <span class='ocrx_word' id='word_1_366' title='bbox 3289 2043 3394 2098; x_wconf 90' lang='lat' dir='ltr'><strong>nisi</strong></span> <span class='ocrx_word' id='word_1_367' title='bbox 3441 2043 3689 2111; x_wconf 75' lang='lat' dir='ltr'><strong>tropice?</strong></span> 
     </span>
    </p>
   </div>
   <div class='ocr_carea' id='block_1_52' title="bbox 2123 2134 3686 2205">
    <p class='ocr_par' dir='ltr' id='par_1_52' title="bbox 2123 2134 3686 2205">
     <span class='ocr_line' id='line_1_52' title="bbox 2123 2134 3686 2205; baseline -0.001 -14"><span class='ocrx_word' id='word_1_368' title='bbox 2123 2152 2222 2192; x_wconf 87' lang='lat' dir='ltr'><strong>nec</strong></span> <span class='ocrx_word' id='word_1_369' title='bbox 2270 2136 2415 2190; x_wconf 87' lang='lat' dir='ltr'><strong>enim</strong></span> <span class='ocrx_word' id='word_1_370' title='bbox 2466 2135 2665 2190; x_wconf 78' lang='lat' dir='ltr'><strong>dixerit</strong></span> <span class='ocrx_word' id='word_1_371' title='bbox 2720 2134 2992 2205; x_wconf 85' lang='lat' dir='ltr'><strong>quispiam</strong></span> <span class='ocrx_word' id='word_1_372' title='bbox 3060 2134 3416 2203; x_wconf 78' lang='lat' dir='ltr'><strong>corporaliter</strong></span> <span class='ocrx_word' id='word_1_373' title='bbox 3462 2146 3517 2189; x_wconf 90' lang='lat' dir='ltr'><strong>et</strong></span> <span class='ocrx_word' id='word_1_374' title='bbox 3563 2136 3686 2190; x_wconf 86' lang='lat' dir='ltr'><strong>illas</strong></span> 
     </span>
    </p>
   </div>
   <div class='ocr_carea' id='block_1_53' title="bbox 2124 2225 3682 2297">
    <p class='ocr_par' dir='ltr' id='par_1_53' title="bbox 2124 2225 3682 2297">
     <span class='ocr_line' id='line_1_53' title="bbox 2124 2225 3682 2297; baseline 0 -16"><span class='ocrx_word' id='word_1_375' title='bbox 2124 2228 2486 2297; x_wconf 82' lang='lat' dir='ltr'><strong>accipiendas.</strong></span> <span class='ocrx_word' id='word_1_376' title='bbox 2550 2226 2834 2294; x_wconf 84' lang='lat' dir='ltr'><strong>Quomodo</strong></span> <span class='ocrx_word' id='word_1_377' title='bbox 2886 2227 3013 2281; x_wconf 86' lang='lat' dir='ltr'><strong>item</strong></span> <span class='ocrx_word' id='word_1_378' title='bbox 3059 2225 3355 2280; x_wconf 87' lang='lat' dir='ltr'><strong>absurdum</strong></span> <span class='ocrx_word' id='word_1_379' title='bbox 3409 2242 3515 2281; x_wconf 90' lang='lat' dir='ltr'><strong>non</strong></span> <span class='ocrx_word' id='word_1_380' title='bbox 3557 2227 3682 2293; x_wconf 88' lang='lat' dir='ltr'><strong>erit,</strong></span> 
     </span>
    </p>
   </div>
   <div class='ocr_carea' id='block_1_54' title="bbox 2122 2316 3684 2389">
    <p class='ocr_par' dir='ltr' id='par_1_54' title="bbox 2122 2316 3684 2389">
     <span class='ocr_line' id='line_1_54' title="bbox 2122 2316 3684 2389; baseline 0 -17"><span class='ocrx_word' id='word_1_381' title='bbox 2122 2316 2448 2383; x_wconf 79' lang='lat' dir='ltr'><strong>Jerusalem,</strong></span> <span class='ocrx_word' id='word_1_382' title='bbox 2474 2333 2596 2389; x_wconf 70' lang='lat' dir='ltr'><strong>qua:</strong></span> <span class='ocrx_word' id='word_1_383' title='bbox 2624 2319 2816 2374; x_wconf 86' lang='lat' dir='ltr'><strong>civitas</strong></span> <span class='ocrx_word' id='word_1_384' title='bbox 2848 2326 2951 2385; x_wconf 86' lang='lat' dir='ltr'><strong>est,</strong></span> <span class='ocrx_word' id='word_1_385' title='bbox 2990 2318 3189 2373; x_wconf 86' lang='lat' dir='ltr'><strong>collum</strong></span> <span class='ocrx_word' id='word_1_386' title='bbox 3223 2317 3646 2389; x_wconf 62' lang='lat' dir='ltr'><strong>ﬁgurateaccipi</strong></span> <span class='ocrx_word' id='word_1_387' title='bbox 3670 2360 3684 2383; x_wconf 90' lang='lat'><strong>,</strong></span> 
     </span>
    </p>
   </div>
   <div class='ocr_carea' id='block_1_55' title="bbox 2122 2407 3686 2480">
    <p class='ocr_par' dir='ltr' id='par_1_55' title="bbox 2122 2407 3686 2480">
     <span class='ocr_line' id='line_1_55' title="bbox 2122 2407 3686 2480; baseline 0.001 -19"><span class='ocrx_word' id='word_1_388' title='bbox 2122 2424 2244 2478; x_wconf 69' lang='lat' dir='ltr'><strong>qua!</strong></span> <span class='ocrx_word' id='word_1_389' title='bbox 2298 2425 2427 2465; x_wconf 86' lang='lat' dir='ltr'><strong>vero</strong></span> <span class='ocrx_word' id='word_1_390' title='bbox 2470 2410 2626 2480; x_wconf 86' lang='lat' dir='ltr'><strong>quasi</strong></span> <span class='ocrx_word' id='word_1_391' title='bbox 2676 2409 2919 2464; x_wconf 85' lang='lat' dir='ltr'><strong>membra</strong></span> <span class='ocrx_word' id='word_1_392' title='bbox 2966 2407 3060 2463; x_wconf 84' lang='lat' dir='ltr'><strong>Dei</strong></span> <span class='ocrx_word' id='word_1_393' title='bbox 3108 2409 3425 2476; x_wconf 46' lang='lat' dir='ltr'><strong>dicuntur,</strong></span> <span class='ocrx_word' id='word_1_394' title='bbox 3459 2424 3567 2463; x_wconf 88' lang='lat' dir='ltr'><strong>non</strong></span> <span class='ocrx_word' id='word_1_395' title='bbox 3618 2408 3686 2463; x_wconf 88' lang='lat' dir='ltr'><strong>ad</strong></span> 
     </span>
    </p>
   </div>
   <div class='ocr_carea' id='block_1_56' title="bbox 2122 2496 3686 2569">
    <p class='ocr_par' dir='ltr' id='par_1_56' title="bbox 2122 2496 3686 2569">
     <span class='ocr_line' id='line_1_56' title="bbox 2122 2496 3686 2569; baseline -0.001 -17"><span class='ocrx_word' id='word_1_396' title='bbox 2122 2499 2374 2553; x_wconf 85' lang='lat' dir='ltr'><strong>eumdem</strong></span> <span class='ocrx_word' id='word_1_397' title='bbox 2424 2498 2648 2569; x_wconf 81' lang='lat' dir='ltr'><strong>intelligi</strong></span> <span class='ocrx_word' id='word_1_398' title='bbox 2696 2497 2956 2554; x_wconf 81' lang='lat' dir='ltr'><strong>modum?</strong></span> <span class='ocrx_word' id='word_1_399' title='bbox 3003 2496 3263 2553; x_wconf 77' lang='lat' dir='ltr'><strong>Dicentur</strong></span> <span class='ocrx_word' id='word_1_400' title='bbox 3303 2512 3433 2552; x_wconf 91' lang='lat' dir='ltr'><strong>vero</strong></span> <span class='ocrx_word' id='word_1_401' title='bbox 3477 2497 3592 2553; x_wconf 66' lang='lat' dir='ltr'><strong>haec</strong></span> <span class='ocrx_word' id='word_1_402' title='bbox 3632 2498 3686 2552; x_wconf 92' lang='lat' dir='ltr'><strong>in</strong></span> 
     </span>
    </p>
   </div>
   <div class='ocr_carea' id='block_1_57' title="bbox 2124 2589 3688 2660">
    <p class='ocr_par' dir='ltr' id='par_1_57' title="bbox 2124 2589 3688 2660">
     <span class='ocr_line' id='line_1_57' title="bbox 2124 2589 3688 2660; baseline 0.001 -19"><span class='ocrx_word' id='word_1_403' title='bbox 2124 2589 2412 2658; x_wconf 75' lang='lat' dir='ltr'><strong>przesentia</strong></span> <span class='ocrx_word' id='word_1_404' title='bbox 2462 2589 2628 2644; x_wconf 86' lang='lat' dir='ltr'><strong>veluti</strong></span> <span class='ocrx_word' id='word_1_405' title='bbox 2670 2590 2738 2644; x_wconf 91' lang='lat' dir='ltr'><strong>ab</strong></span> <span class='ocrx_word' id='word_1_406' title='bbox 2785 2589 2994 2655; x_wconf 89' lang='lat' dir='ltr'><strong>anima,</strong></span> <span class='ocrx_word' id='word_1_407' title='bbox 3028 2604 3151 2660; x_wconf 75' lang='lat' dir='ltr'><strong>quae</strong></span> <span class='ocrx_word' id='word_1_408' title='bbox 3192 2589 3246 2643; x_wconf 91' lang='lat' dir='ltr'><strong>in</strong></span> <span class='ocrx_word' id='word_1_409' title='bbox 3290 2589 3562 2660; x_wconf 84' lang='lat' dir='ltr'><strong>impietate</strong></span> <span class='ocrx_word' id='word_1_410' title='bbox 3592 2590 3688 2645; x_wconf 90' lang='lat' dir='ltr'><strong>ob-</strong></span> 
     </span>
    </p>
   </div>
   <div class='ocr_carea' id='block_1_58' title="bbox 2123 2678 3689 2751">
    <p class='ocr_par' dir='ltr' id='par_1_58' title="bbox 2123 2678 3689 2751">
     <span class='ocr_line' id='line_1_58' title="bbox 2123 2678 3689 2751; baseline 0 -19"><span class='ocrx_word' id='word_1_411' title='bbox 2123 2678 2443 2734; x_wconf 86' lang='lat' dir='ltr'><strong>dormiverit</strong></span> <span class='ocrx_word' id='word_1_412' title='bbox 2501 2694 2741 2736; x_wconf 80' lang='lat' dir='ltr'><strong>excusso</strong></span> <span class='ocrx_word' id='word_1_413' title='bbox 2795 2679 3020 2736; x_wconf 86' lang='lat' dir='ltr'><strong>salutari</strong></span> <span class='ocrx_word' id='word_1_414' title='bbox 3081 2682 3229 2736; x_wconf 80' lang='lat' dir='ltr'><strong>sanae</strong></span> <span class='ocrx_word' id='word_1_415' title='bbox 3277 2681 3504 2736; x_wconf 87' lang='lat' dir='ltr'><strong>rationis</strong></span> <span class='ocrx_word' id='word_1_416' title='bbox 3536 2678 3689 2751; x_wconf 87' lang='lat' dir='ltr'><strong>jugo,</strong></span> 
     </span>
    </p>
   </div>
   <div class='ocr_carea' id='block_1_59' title="bbox 2122 2769 3690 2854">
    <p class='ocr_par' dir='ltr' id='par_1_59' title="bbox 2122 2769 3690 2854">
     <span class='ocr_line' id='line_1_59' title="bbox 2122 2769 3690 2854; baseline 0.002 -32"><span class='ocrx_word' id='word_1_417' title='bbox 2122 2769 2269 2838; x_wconf 80' lang='lat' dir='ltr'><strong>quod</strong></span> <span class='ocrx_word' id='word_1_418' title='bbox 2301 2769 2550 2825; x_wconf 81' lang='lat' dir='ltr'><strong>Salvator</strong></span> <span class='ocrx_word' id='word_1_419' title='bbox 2579 2781 2738 2826; x_wconf 87' lang='lat' dir='ltr'><strong>vocat</strong></span> <span class='ocrx_word' id='word_1_420' title='bbox 2757 2785 2958 2836; x_wconf 89' lang='lat' dir='ltr'><strong>suave,</strong></span> <span class='ocrx_word' id='word_1_421' title='bbox 3001 2771 3167 2847; x_wconf 68' lang='lat'><strong>332</strong></span> <span class='ocrx_word' id='word_1_422' title='bbox 3204 2780 3260 2828; x_wconf 92' lang='lat' dir='ltr'><strong>et</strong></span> <span class='ocrx_word' id='word_1_423' title='bbox 3297 2772 3552 2842; x_wconf 89' lang='lat' dir='ltr'><strong>imposito</strong></span> <span class='ocrx_word' id='word_1_424' title='bbox 3584 2772 3690 2854; x_wconf 84' lang='lat' dir='ltr'><strong>sibi</strong></span> 
     </span>
    </p>
   </div>
   <div class='ocr_carea' id='block_1_60' title="bbox 2117 2857 3692 2931">
    <p class='ocr_par' dir='ltr' id='par_1_60' title="bbox 2117 2857 3692 2931">
     <span class='ocr_line' id='line_1_60' title="bbox 2117 2857 3692 2931; baseline 0.003 -19"><span class='ocrx_word' id='word_1_425' title='bbox 2117 2857 2251 2928; x_wconf 85' lang='lat' dir='ltr'><strong>jugo</strong></span> <span class='ocrx_word' id='word_1_426' title='bbox 2297 2859 2619 2930; x_wconf 85' lang='lat' dir='ltr'><strong>impietatis,</strong></span> <span class='ocrx_word' id='word_1_427' title='bbox 2669 2860 2811 2915; x_wconf 83' lang='lat' dir='ltr'><strong>unde</strong></span> <span class='ocrx_word' id='word_1_428' title='bbox 2848 2867 2907 2915; x_wconf 83' lang='lat' dir='ltr'><strong>et-</strong></span> <span class='ocrx_word' id='word_1_429' title='bbox 2943 2861 3216 2916; x_wconf 86' lang='lat' dir='ltr'><strong>inlirmata</strong></span> <span class='ocrx_word' id='word_1_430' title='bbox 3256 2861 3331 2917; x_wconf 84' lang='lat' dir='ltr'><strong>sit</strong></span> <span class='ocrx_word' id='word_1_431' title='bbox 3365 2862 3546 2917; x_wconf 86' lang='lat' dir='ltr'><strong>divina</strong></span> <span class='ocrx_word' id='word_1_432' title='bbox 3588 2876 3692 2931; x_wconf 83' lang='lat' dir='ltr'><strong>ope</strong></span> 
     </span>
    </p>
   </div>
   <div class='ocr_carea' id='block_1_61' title="bbox 2123 2949 3689 3024">
    <p class='ocr_par' dir='ltr' id='par_1_61' title="bbox 2123 2949 3689 3024">
     <span class='ocr_line' id='line_1_61' title="bbox 2123 2949 3689 3024; baseline 0.001 -18"><span class='ocrx_word' id='word_1_433' title='bbox 2123 2949 2404 3018; x_wconf 83' lang='lat' dir='ltr'><strong>destituta,</strong></span> <span class='ocrx_word' id='word_1_434' title='bbox 2464 2961 2520 3006; x_wconf 90' lang='lat' dir='ltr'><strong>et</strong></span> <span class='ocrx_word' id='word_1_435' title='bbox 2575 2951 2831 3021; x_wconf 64' lang='lat' dir='ltr'><strong>nequitiae&quot;</strong></span> <span class='ocrx_word' id='word_1_436' title='bbox 2892 2952 3088 3007; x_wconf 87' lang='lat' dir='ltr'><strong>tradita</strong></span> <span class='ocrx_word' id='word_1_437' title='bbox 3150 2953 3419 3008; x_wconf 90' lang='lat' dir='ltr'><strong>malorum</strong></span> <span class='ocrx_word' id='word_1_438' title='bbox 3470 2953 3689 3024; x_wconf 69' lang='lat' dir='ltr'><strong>reginae,</strong></span> 
     </span>
    </p>
   </div>
   <div class='ocr_carea' id='block_1_62' title="bbox 2123 3043 3692 3113">
    <p class='ocr_par' dir='ltr' id='par_1_62' title="bbox 2123 3043 3692 3113">
     <span class='ocr_line' id='line_1_62' title="bbox 2123 3043 3692 3113; baseline 0.002 -15"><span class='ocrx_word' id='word_1_439' title='bbox 2123 3043 2282 3112; x_wconf 83' lang='lat' dir='ltr'><strong>cuius</strong></span> <span class='ocrx_word' id='word_1_440' title='bbox 2323 3043 2560 3108; x_wconf 90' lang='lat' dir='ltr'><strong>libidini,</strong></span> <span class='ocrx_word' id='word_1_441' title='bbox 2592 3052 2877 3113; x_wconf 86' lang='lat' dir='ltr'><strong>propterea</strong></span> <span class='ocrx_word' id='word_1_442' title='bbox 2903 3043 3047 3113; x_wconf 80' lang='lat' dir='ltr'><strong>quod</strong></span> <span class='ocrx_word' id='word_1_443' title='bbox 3085 3043 3413 3101; x_wconf 44' lang='lat' dir='ltr'><strong>inﬁnitaest.</strong></span> <span class='ocrx_word' id='word_1_444' title='bbox 3447 3053 3501 3100; x_wconf 89' lang='lat' dir='ltr'><strong>et</strong></span> <span class='ocrx_word' id='word_1_445' title='bbox 3527 3045 3692 3101; x_wconf 86' lang='lat' dir='ltr'><strong>nullis</strong></span> 
     </span>
    </p>
   </div>
   <div class='ocr_carea' id='block_1_63' title="bbox 2124 3135 3702 3202">
    <p class='ocr_par' dir='ltr' id='par_1_63' title="bbox 2124 3135 3702 3202">
     <span class='ocr_line' id='line_1_63' title="bbox 2124 3135 3702 3202; baseline 0.004 -14"><span class='ocrx_word' id='word_1_446' title='bbox 2124 3136 2287 3191; x_wconf 90' lang='lat' dir='ltr'><strong>certis</strong></span> <span class='ocrx_word' id='word_1_447' title='bbox 2335 3135 2634 3192; x_wconf 79' lang='lat' dir='ltr'><strong>includitur</strong></span> <span class='ocrx_word' id='word_1_448' title='bbox 2684 3135 2966 3202; x_wconf 82' lang='lat' dir='ltr'><strong>terminis,</strong></span> <span class='ocrx_word' id='word_1_449' title='bbox 3008 3136 3285 3192; x_wconf 88' lang='lat' dir='ltr'><strong>deservire</strong></span> <span class='ocrx_word' id='word_1_450' title='bbox 3316 3137 3541 3192; x_wconf 91' lang='lat' dir='ltr'><strong>omnino</strong></span> <span class='ocrx_word' id='word_1_451' title='bbox 3580 3152 3702 3195; x_wconf 18' lang='lat' dir='ltr'><strong>nou,</strong></span> 
     </span>
    </p>
   </div>
   <div class='ocr_carea' id='block_1_64' title="bbox 444 3201 2018 3303">
    <p class='ocr_par' dir='ltr' id='par_1_64' title="bbox 444 3201 2018 3303">
     <span class='ocr_line' id='line_1_64' title="bbox 444 3201 2018 3303; baseline 0.001 -19"><span class='ocrx_word' id='word_1_452' title='bbox 444 3231 706 3284; x_wconf 69' lang='grc' dir='ltr'>Ταπεινοῖυ</span> <span class='ocrx_word' id='word_1_453' title='bbox 815 3201 1041 3302; x_wconf 72' lang='grc' dir='ltr'>ὄντῶςή</span> <span class='ocrx_word' id='word_1_454' title='bbox 1075 3201 1335 3303; x_wconf 81' lang='grc' dir='ltr'>ἁμαρτία,</span> <span class='ocrx_word' id='word_1_455' title='bbox 1371 3201 1467 3285; x_wconf 69' lang='grc' dir='ltr'><strong>καὶ</strong></span> <span class='ocrx_word' id='word_1_456' title='bbox 1508 3201 1687 3300; x_wconf 68' lang='grc' dir='ltr'>ἄγχει,</span> <span class='ocrx_word' id='word_1_457' title='bbox 1733 3201 1823 3284; x_wconf 79' lang='grc' dir='ltr'><strong>καὶ</strong></span> <span class='ocrx_word' id='word_1_458' title='bbox 1869 3201 2018 3285; x_wconf 60' lang='grc' dir='ltr'>κάτω</span> 
     </span>
    </p>
   </div>
   <div class='ocr_carea' id='block_1_65' title="bbox 2120 3201 3692 3303">
    <p class='ocr_par' dir='ltr' id='par_1_65' title="bbox 2120 3201 3692 3297">
     <span class='ocr_line' id='line_1_65' title="bbox 2120 3201 3692 3297; baseline 0.001 -19"><span class='ocrx_word' id='word_1_459' title='bbox 2120 3234 2308 3294; x_wconf 88' lang='lat' dir='ltr'><strong>queat,</strong></span> <span class='ocrx_word' id='word_1_460' title='bbox 2352 3226 2581 3297; x_wconf 83' lang='lat' dir='ltr'><strong>ejusque</strong></span> <span class='ocrx_word' id='word_1_461' title='bbox 2603 3226 2915 3297; x_wconf 87' lang='lat' dir='ltr'><strong>cupidinem</strong></span> <span class='ocrx_word' id='word_1_462' title='bbox 2953 3201 3177 3282; x_wconf 85' lang='lat' dir='ltr'><strong>satiare.</strong></span> <span class='ocrx_word' id='word_1_463' title='bbox 3225 3226 3488 3284; x_wconf 77' lang='lat' dir='ltr'><strong>Humiliat</strong></span> <span class='ocrx_word' id='word_1_464' title='bbox 3529 3243 3692 3297; x_wconf 87' lang='lat' dir='ltr'><strong>porro</strong></span> 
     </span>
    </p>
   </div>
   <div class='ocr_carea' id='block_1_66' title="bbox 447 3308 2020 3392">
    <p class='ocr_par' dir='ltr' id='par_1_66' title="bbox 447 3308 2020 3392">
     <span class='ocr_line' id='line_1_66' title="bbox 447 3308 2020 3392; baseline 0.001 -18"><span class='ocrx_word' id='word_1_465' title='bbox 447 3319 662 3389; x_wconf 77' lang='grc' dir='ltr'>βλέπειν</span> <span class='ocrx_word' id='word_1_466' title='bbox 691 3323 863 3373; x_wconf 84' lang='grc' dir='ltr'>ποιεῖ·</span> <span class='ocrx_word' id='word_1_467' title='bbox 892 3318 1053 3389; x_wconf 80' lang='grc' dir='ltr'>ζυγὸς</span> <span class='ocrx_word' id='word_1_468' title='bbox 1076 3321 1132 3374; x_wconf 83' lang='grc' dir='ltr'>δὲ</span> <span class='ocrx_word' id='word_1_469' title='bbox 1154 3323 1249 3375; x_wconf 80' lang='grc' dir='ltr'><strong>καὶ</strong></span> <span class='ocrx_word' id='word_1_470' title='bbox 1275 3321 1337 3374; x_wconf 82' lang='grc' dir='ltr'>τὸ</span> <span class='ocrx_word' id='word_1_471' title='bbox 1367 3321 1600 3384; x_wconf 82' lang='grc' dir='ltr'>συνειδὸς</span> <span class='ocrx_word' id='word_1_472' title='bbox 1626 3322 1790 3392; x_wconf 85' lang='grc' dir='ltr'>ἄγχον</span> <span class='ocrx_word' id='word_1_473' title='bbox 1816 3322 1901 3375; x_wconf 81' lang='grc' dir='ltr'>ἀεὶ</span> <span class='ocrx_word' id='word_1_474' title='bbox 1926 3308 2020 3377; x_wconf 71' lang='grc' dir='ltr'><strong>καὶ</strong></span> 
     </span>
    </p>
   </div>
   <div class='ocr_carea' id='block_1_67' title="bbox 444 3411 2018 3487">
    <p class='ocr_par' dir='ltr' id='par_1_67' title="bbox 444 3411 2018 3487">
     <span class='ocr_line' id='line_1_67' title="bbox 444 3411 2018 3487; baseline 0.003 -24"><span class='ocrx_word' id='word_1_475' title='bbox 444 3411 765 3483; x_wconf 86' lang='grc' dir='ltr'>τιτρῶσκον,</span> <span class='ocrx_word' id='word_1_476' title='bbox 800 3413 895 3465; x_wconf 67' lang='lat' dir='ltr'><strong>atat</strong></span> <span class='ocrx_word' id='word_1_477' title='bbox 927 3412 1202 3466; x_wconf 81' lang='grc' dir='ltr'>ἀνανεύειν</span> <span class='ocrx_word' id='word_1_478' title='bbox 1242 3413 1315 3484; x_wconf 86' lang='grc' dir='ltr'><strong>μὴ</strong></span> <span class='ocrx_word' id='word_1_479' title='bbox 1346 3413 1681 3485; x_wconf 86' lang='grc' dir='ltr'>συγχωροῦν,</span> <span class='ocrx_word' id='word_1_480' title='bbox 1713 3413 1805 3467; x_wconf 74' lang='grc' dir='ltr'>καὶ</span> <span class='ocrx_word' id='word_1_481' title='bbox 1840 3415 2018 3487; x_wconf 80' lang='grc' dir='ltr'>πάσης</span> 
     </span>
    </p>
   </div>
   <div class='ocr_carea' id='block_1_68' title="bbox 445 3502 2020 3578">
    <p class='ocr_par' dir='ltr' id='par_1_68' title="bbox 445 3502 2020 3578">
     <span class='ocr_line' id='line_1_68' title="bbox 445 3502 2020 3578; baseline 0.003 -23"><span class='ocrx_word' id='word_1_482' title='bbox 445 3502 843 3574; x_wconf 74' lang='grc' dir='ltr'>ἀφαιρούμενον</span> <span class='ocrx_word' id='word_1_483' title='bbox 871 3506 1201 3576; x_wconf 75' lang='grc' dir='ltr'>παρρησίας.</span> <span class='ocrx_word' id='word_1_484' title='bbox 1239 3505 1475 3576; x_wconf 85' lang='grc' dir='ltr'>Πάρεσιν</span> <span class='ocrx_word' id='word_1_485' title='bbox 1499 3506 1576 3571; x_wconf 78' lang='grc' dir='ltr'>δὲ,</span> <span class='ocrx_word' id='word_1_486' title='bbox 1610 3507 1764 3578; x_wconf 74' lang='grc' dir='ltr'>φησι,</span> <span class='ocrx_word' id='word_1_487' title='bbox 1796 3507 1893 3560; x_wconf 77' lang='grc' dir='ltr'><strong>καὶ</strong></span> <span class='ocrx_word' id='word_1_488' title='bbox 1922 3509 2020 3578; x_wconf 80' lang='grc' dir='ltr'>τῆς</span> 
     </span>
    </p>
   </div>
   <div class='ocr_carea' id='block_1_69' title="bbox 450 3588 2021 3669">
    <p class='ocr_par' dir='ltr' id='par_1_69' title="bbox 450 3588 2021 3669">
     <span class='ocr_line' id='line_1_69' title="bbox 450 3588 2021 3669; baseline 0.003 -23"><span class='ocrx_word' id='word_1_489' title='bbox 450 3593 651 3662; x_wconf 86' lang='grc' dir='ltr'>ἰσχύος,</span> <span class='ocrx_word' id='word_1_490' title='bbox 752 3593 826 3666; x_wconf 80' lang='grc' dir='ltr'>μὴ</span> <span class='ocrx_word' id='word_1_491' title='bbox 850 3595 1030 3659; x_wconf 86' lang='grc' dir='ltr'>καλῶς</span> <span class='ocrx_word' id='word_1_492' title='bbox 1058 3597 1398 3669; x_wconf 82' lang='grc' dir='ltr'>ἐχρησάμην,</span> <span class='ocrx_word' id='word_1_493' title='bbox 1426 3597 1673 3669; x_wconf 76' lang='grc' dir='ltr'>ἐποίησε,</span> <span class='ocrx_word' id='word_1_494' title='bbox 1708 3597 1802 3651; x_wconf 70' lang='grc' dir='ltr'>καὶ</span> <span class='ocrx_word' id='word_1_495' title='bbox 1824 3597 2021 3669; x_wconf 86' lang='grc' dir='ltr'>λύομαι</span> 
     </span>
    </p>
   </div>
   <div class='ocr_carea' id='block_1_70' title="bbox 443 3682 1452 3759">
    <p class='ocr_par' dir='ltr' id='par_1_70' title="bbox 443 3682 1452 3759">
     <span class='ocr_line' id='line_1_70' title="bbox 443 3682 1452 3759; baseline 0.003 -24"><span class='ocrx_word' id='word_1_496' title='bbox 443 3682 516 3737; x_wconf 82' lang='grc' dir='ltr'>τὰ</span> <span class='ocrx_word' id='word_1_497' title='bbox 550 3683 843 3757; x_wconf 86' lang='grc' dir='ltr'>συνέχοντά</span> <span class='ocrx_word' id='word_1_498' title='bbox 876 3703 945 3756; x_wconf 87' lang='grc' dir='ltr'><strong>με</strong></span> <span class='ocrx_word' id='word_1_499' title='bbox 979 3685 1254 3759; x_wconf 86' lang='grc' dir='ltr'>θεωροῦσα</span> <span class='ocrx_word' id='word_1_500' title='bbox 1288 3687 1452 3740; x_wconf 86' lang='grc' dir='ltr'>κακά.</span> 
     </span>
    </p>
   </div>
   <div class='ocr_carea' id='block_1_71' title="bbox 529 3854 2022 3931">
    <p class='ocr_par' dir='ltr' id='par_1_71' title="bbox 529 3854 2022 3931">
     <span class='ocr_line' id='line_1_71' title="bbox 529 3854 2022 3931; baseline 0.005 -23"><span class='ocrx_word' id='word_1_501' title='bbox 529 3854 736 3925; x_wconf 76' lang='grc' dir='ltr'><strong>Ἐξ-ἦρε</strong></span> <span class='ocrx_word' id='word_1_502' title='bbox 782 3857 1011 3924; x_wconf 80' lang='grc' dir='ltr'>πάντας</span> <span class='ocrx_word' id='word_1_503' title='bbox 1044 3858 1185 3924; x_wconf 85' lang='grc' dir='ltr'>τοὺς</span> <span class='ocrx_word' id='word_1_504' title='bbox 1234 3861 1522 3928; x_wconf 79' lang='grc' dir='ltr'>ἰσχυρούς</span> <span class='ocrx_word' id='word_1_505' title='bbox 1555 3878 1674 3931; x_wconf 80' lang='grc' dir='ltr'><strong>μου</strong></span> <span class='ocrx_word' id='word_1_506' title='bbox 1703 3862 1917 3930; x_wconf 81' lang='grc' dir='ltr'>Κύριος</span> <span class='ocrx_word' id='word_1_507' title='bbox 1953 3863 2022 3916; x_wconf 72' lang='grc' dir='ltr'>ἐν</span> 
     </span>
    </p>
   </div>
   <div class='ocr_carea' id='block_1_72' title="bbox 439 3945 2023 4027">
    <p class='ocr_par' dir='ltr' id='par_1_72' title="bbox 439 3945 2023 4027">
     <span class='ocr_line' id='line_1_72' title="bbox 439 3945 2023 4027; baseline 0.006 -28"><span class='ocrx_word' id='word_1_508' title='bbox 439 3945 610 4016; x_wconf 79' lang='grc' dir='ltr'>μέσῳ</span> <span class='ocrx_word' id='word_1_509' title='bbox 629 3964 768 4015; x_wconf 79' lang='grc' dir='ltr'>μου.</span> <span class='ocrx_word' id='word_1_510' title='bbox 802 3948 915 4001; x_wconf 80' lang='grc' dir='ltr'>Οὐκ</span> <span class='ocrx_word' id='word_1_511' title='bbox 947 3950 1011 4002; x_wconf 83' lang='grc' dir='ltr'>ὲκ</span> <span class='ocrx_word' id='word_1_512' title='bbox 1044 3950 1207 4020; x_wconf 84' lang='grc' dir='ltr'>μέσου</span> <span class='ocrx_word' id='word_1_513' title='bbox 1238 3968 1340 4021; x_wconf 88' lang='grc' dir='ltr'><strong>μου</strong></span> <span class='ocrx_word' id='word_1_514' title='bbox 1370 3951 1561 4024; x_wconf 78' lang='grc' dir='ltr'>ἐξῆρεν</span> <span class='ocrx_word' id='word_1_515' title='bbox 1589 3952 1812 4018; x_wconf 77' lang='grc' dir='ltr'>αὐτούς’</span> <span class='ocrx_word' id='word_1_516' title='bbox 1842 3955 1890 4006; x_wconf 86' lang='grc' dir='ltr'>εἰ</span> <span class='ocrx_word' id='word_1_517' title='bbox 1916 3955 2023 4027; x_wconf 85' lang='grc' dir='ltr'>γὰρ</span> 
     </span>
    </p>
   </div>
   <div class='ocr_carea' id='block_1_73' title="bbox 446 4038 2025 4116">
    <p class='ocr_par' dir='ltr' id='par_1_73' title="bbox 446 4038 2025 4116">
     <span class='ocr_line' id='line_1_73' title="bbox 446 4038 2025 4116; baseline 0.005 -25"><span class='ocrx_word' id='word_1_518' title='bbox 446 4038 540 4091; x_wconf 76' lang='grc' dir='ltr'>καὶ</span> <span class='ocrx_word' id='word_1_519' title='bbox 564 4038 954 4112; x_wconf 82' lang='grc' dir='ltr'>ἀπεστερήμην</span> <span class='ocrx_word' id='word_1_520' title='bbox 988 4040 1185 4107; x_wconf 81' lang='grc' dir='ltr'>αὐτῶν,</span> <span class='ocrx_word' id='word_1_521' title='bbox 1213 4042 1327 4095; x_wconf 84' lang='grc' dir='ltr'>ἀλλ’</span> <span class='ocrx_word' id='word_1_522' title='bbox 1365 4041 1492 4113; x_wconf 81' lang='grc' dir='ltr'><strong>ὲξῆν</strong></span> <span class='ocrx_word' id='word_1_523' title='bbox 1536 4047 1617 4108; x_wconf 86' lang='grc' dir='ltr'><strong>είς</strong></span> <span class='ocrx_word' id='word_1_524' title='bbox 1654 4045 1818 4116; x_wconf 74' lang='grc' dir='ltr'>ἕτερα</span> <span class='ocrx_word' id='word_1_525' title='bbox 1855 4062 2025 4099; x_wconf 90' lang='grc' dir='ltr'>κατα-</span> 
     </span>
    </p>
   </div>
   <div class='ocr_carea' id='block_1_74' title="bbox 444 4129 2026 4205">
    <p class='ocr_par' dir='ltr' id='par_1_74' title="bbox 444 4129 2026 4205">
     <span class='ocr_line' id='line_1_74' title="bbox 444 4129 2026 4205; baseline 0.006 -23"><span class='ocrx_word' id='word_1_526' title='bbox 444 4129 782 4199; x_wconf 61' lang='grc' dir='ltr'>χρήσασθαν</span> <span class='ocrx_word' id='word_1_527' title='bbox 814 4131 926 4185; x_wconf 82' lang='grc' dir='ltr'>ἀλλ’</span> <span class='ocrx_word' id='word_1_528' title='bbox 966 4134 1024 4185; x_wconf 77' lang='grc' dir='ltr'>ἐν</span> <span class='ocrx_word' id='word_1_529' title='bbox 1061 4133 1216 4204; x_wconf 83' lang='grc' dir='ltr'>μέσῳ</span> <span class='ocrx_word' id='word_1_530' title='bbox 1261 4151 1361 4205; x_wconf 88' lang='grc' dir='ltr'><strong>μου</strong></span> <span class='ocrx_word' id='word_1_531' title='bbox 1401 4134 1591 4190; x_wconf 87' lang='grc' dir='ltr'>παθεῖν</span> <span class='ocrx_word' id='word_1_532' title='bbox 1635 4137 1833 4200; x_wconf 79' lang='grc' dir='ltr'>αὐτοὺς</span> <span class='ocrx_word' id='word_1_533' title='bbox 1867 4154 2026 4191; x_wconf 84' lang='grc' dir='ltr'>κατε·</span> 
     </span>
    </p>
   </div>
   <div class='ocr_carea' id='block_1_75' title="bbox 444 4220 2025 4295">
    <p class='ocr_par' dir='ltr' id='par_1_75' title="bbox 444 4220 2025 4295">
     <span class='ocr_line' id='line_1_75' title="bbox 444 4220 2025 4295; baseline 0.006 -22"><span class='ocrx_word' id='word_1_534' title='bbox 444 4220 632 4274; x_wconf 82' lang='grc' dir='ltr'>δίκασε</span> <span class='ocrx_word' id='word_1_535' title='bbox 663 4222 730 4275; x_wconf 89' lang='grc' dir='ltr'>δι’</span> <span class='ocrx_word' id='word_1_536' title='bbox 762 4223 904 4295; x_wconf 84' lang='grc' dir='ltr'>ἇπερ</span> <span class='ocrx_word' id='word_1_537' title='bbox 935 4224 1199 4295; x_wconf 77' lang='grc' dir='ltr'>ήσέὸησα,</span> <span class='ocrx_word' id='word_1_538' title='bbox 1226 4226 1320 4280; x_wconf 75' lang='grc' dir='ltr'>καὶ</span> <span class='ocrx_word' id='word_1_539' title='bbox 1352 4226 1681 4281; x_wconf 86' lang='grc' dir='ltr'>πεπόνθασιν</span> <span class='ocrx_word' id='word_1_540' title='bbox 1713 4230 1761 4281; x_wconf 85' lang='lat' dir='ltr'><strong>oi</strong></span> <span class='ocrx_word' id='word_1_541' title='bbox 1783 4227 2025 4282; x_wconf 72' lang='grc' dir='ltr'>ἐκλεκτοί</span> 
     </span>
    </p>
   </div>
   <div class='ocr_carea' id='block_1_76' title="bbox 451 4312 2025 4389">
    <p class='ocr_par' dir='ltr' id='par_1_76' title="bbox 451 4312 2025 4389">
     <span class='ocr_line' id='line_1_76' title="bbox 451 4312 2025 4389; baseline 0.005 -25"><span class='ocrx_word' id='word_1_542' title='bbox 451 4327 553 4382; x_wconf 86' lang='grc' dir='ltr'><strong>μου</strong></span> <span class='ocrx_word' id='word_1_543' title='bbox 584 4312 653 4365; x_wconf 76' lang='grc' dir='ltr'><strong>τά</strong></span> <span class='ocrx_word' id='word_1_544' title='bbox 677 4313 1053 4383; x_wconf 87' lang='grc' dir='ltr'>χαλεπώτατα,</span> <span class='ocrx_word' id='word_1_545' title='bbox 1086 4315 1253 4370; x_wconf 83' lang='grc' dir='ltr'>αὑτοῦ</span> <span class='ocrx_word' id='word_1_546' title='bbox 1285 4316 1375 4370; x_wconf 91' lang='grc' dir='ltr'><strong>τοῦ</strong></span> <span class='ocrx_word' id='word_1_547' title='bbox 1410 4317 1617 4389; x_wconf 86' lang='grc' dir='ltr'>Κυρίου</span> <span class='ocrx_word' id='word_1_548' title='bbox 1648 4317 1740 4372; x_wconf 83' lang='grc' dir='ltr'>τὸν</span> <span class='ocrx_word' id='word_1_549' title='bbox 1764 4313 1907 4372; x_wconf 81' lang='grc' dir='ltr'>οἶνον</span> <span class='ocrx_word' id='word_1_550' title='bbox 1930 4318 2025 4372; x_wconf 90' lang='grc' dir='ltr'><strong>τοῦ</strong></span> 
     </span>
    </p>
   </div>
   <div class='ocr_carea' id='block_1_77' title="bbox 447 4401 2027 4483">
    <p class='ocr_par' dir='ltr' id='par_1_77' title="bbox 447 4401 2027 4483">
     <span class='ocr_line' id='line_1_77' title="bbox 447 4401 2027 4483; baseline 0.005 -27"><span class='ocrx_word' id='word_1_551' title='bbox 447 4401 621 4474; x_wconf 86' lang='grc' dir='ltr'>θυμοῦ</span> <span class='ocrx_word' id='word_1_552' title='bbox 648 4405 811 4459; x_wconf 79' lang='grc' dir='ltr'>αὑτοῦ</span> <span class='ocrx_word' id='word_1_553' title='bbox 835 4408 894 4459; x_wconf 85' lang='grc' dir='ltr'>ὲν</span> <span class='ocrx_word' id='word_1_554' title='bbox 921 4405 1068 4479; x_wconf 83' lang='grc' dir='ltr'>ληνῷ</span> <span class='ocrx_word' id='word_1_555' title='bbox 1091 4408 1430 4481; x_wconf 84' lang='grc' dir='ltr'>πατήσαντος</span> <span class='ocrx_word' id='word_1_556' title='bbox 1456 4411 1536 4473; x_wconf 82' lang='grc' dir='ltr'><strong>είς</strong></span> <span class='ocrx_word' id='word_1_557' title='bbox 1565 4408 1873 4482; x_wconf 82' lang='grc' dir='ltr'>πλησμονὴν</span> <span class='ocrx_word' id='word_1_558' title='bbox 1903 4411 2027 4483; x_wconf 75' lang='grc' dir='ltr'>ἐμοὶ</span> 
     </span>
    </p>
   </div>
   <div class='ocr_carea' id='block_1_78' title="bbox 2123 3318 3708 3389">
    <p class='ocr_par' dir='ltr' id='par_1_78' title="bbox 2123 3318 3708 3389">
     <span class='ocr_line' id='line_1_78' title="bbox 2123 3318 3708 3389; baseline 0 -16"><span class='ocrx_word' id='word_1_559' title='bbox 2123 3333 2248 3375; x_wconf 84' lang='lat' dir='ltr'><strong>vere</strong></span> <span class='ocrx_word' id='word_1_560' title='bbox 2276 3327 2578 3388; x_wconf 88' lang='lat' dir='ltr'><strong>peccatum,</strong></span> <span class='ocrx_word' id='word_1_561' title='bbox 2604 3326 2660 3374; x_wconf 91' lang='lat' dir='ltr'><strong>et</strong></span> <span class='ocrx_word' id='word_1_562' title='bbox 2689 3319 2858 3388; x_wconf 88' lang='lat' dir='ltr'><strong>angit,</strong></span> <span class='ocrx_word' id='word_1_563' title='bbox 2885 3328 2939 3373; x_wconf 89' lang='lat' dir='ltr'><strong>et</strong></span> <span class='ocrx_word' id='word_1_564' title='bbox 2969 3318 3227 3374; x_wconf 89' lang='lat' dir='ltr'><strong>deorsum</strong></span> <span class='ocrx_word' id='word_1_565' title='bbox 3272 3318 3471 3374; x_wconf 89' lang='lat' dir='ltr'><strong>intueri</strong></span> <span class='ocrx_word' id='word_1_566' title='bbox 3511 3320 3708 3389; x_wconf 68' lang='lat' dir='ltr'><strong>cogit;</strong></span> 
     </span>
    </p>
   </div>
   <div class='ocr_carea' id='block_1_79' title="bbox 2117 3406 3694 3479">
    <p class='ocr_par' dir='ltr' id='par_1_79' title="bbox 2117 3406 3694 3479">
     <span class='ocr_line' id='line_1_79' title="bbox 2117 3406 3694 3479; baseline 0.003 -19"><span class='ocrx_word' id='word_1_567' title='bbox 2117 3406 2310 3476; x_wconf 83' lang='lat' dir='ltr'><strong>jugum</strong></span> <span class='ocrx_word' id='word_1_568' title='bbox 2362 3421 2582 3477; x_wconf 91' lang='lat' dir='ltr'><strong>quoque</strong></span> <span class='ocrx_word' id='word_1_569' title='bbox 2633 3413 2715 3462; x_wconf 88' lang='lat' dir='ltr'><strong>est</strong></span> <span class='ocrx_word' id='word_1_570' title='bbox 2754 3407 3085 3462; x_wconf 87' lang='lat' dir='ltr'><strong>conscientia</strong></span> <span class='ocrx_word' id='word_1_571' title='bbox 3129 3423 3342 3478; x_wconf 86' lang='lat' dir='ltr'><strong>semper</strong></span> <span class='ocrx_word' id='word_1_572' title='bbox 3386 3424 3591 3479; x_wconf 87' lang='lat' dir='ltr'><strong>angens</strong></span> <span class='ocrx_word' id='word_1_573' title='bbox 3630 3412 3694 3473; x_wconf 61' lang='lat' dir='ltr'><strong>ac</strong></span> 
     </span>
    </p>
   </div>
   <div class='ocr_carea' id='block_1_80' title="bbox 2122 3497 3695 3573">
    <p class='ocr_par' dir='ltr' id='par_1_80' title="bbox 2122 3497 3695 3573">
     <span class='ocr_line' id='line_1_80' title="bbox 2122 3497 3695 3573; baseline 0 -21"><span class='ocrx_word' id='word_1_574' title='bbox 2122 3497 2457 3564; x_wconf 85' lang='lat' dir='ltr'><strong>vulnerans,</strong></span> <span class='ocrx_word' id='word_1_575' title='bbox 2501 3504 2556 3551; x_wconf 89' lang='lat' dir='ltr'><strong>et</strong></span> <span class='ocrx_word' id='word_1_576' title='bbox 2598 3511 2818 3552; x_wconf 86' lang='lat' dir='ltr'><strong>sursum</strong></span> <span class='ocrx_word' id='word_1_577' title='bbox 2869 3497 3060 3552; x_wconf 91' lang='lat' dir='ltr'><strong>oculos</strong></span> <span class='ocrx_word' id='word_1_578' title='bbox 3110 3499 3360 3553; x_wconf 87' lang='lat' dir='ltr'><strong>attollere</strong></span> <span class='ocrx_word' id='word_1_579' title='bbox 3416 3514 3524 3552; x_wconf 90' lang='lat' dir='ltr'><strong>non</strong></span> <span class='ocrx_word' id='word_1_580' title='bbox 3574 3512 3695 3573; x_wconf 81' lang='lat' dir='ltr'><strong>per-.-</strong></span> 
     </span>
    </p>
   </div>
   <div class='ocr_carea' id='block_1_81' title="bbox 2123 3586 3692 3658">
    <p class='ocr_par' dir='ltr' id='par_1_81' title="bbox 2123 3586 3692 3658">
     <span class='ocr_line' id='line_1_81' title="bbox 2123 3586 3692 3658; baseline -0.001 -16"><span class='ocrx_word' id='word_1_581' title='bbox 2123 3588 2367 3654; x_wconf 82' lang='lat' dir='ltr'><strong>mittens,</strong></span> <span class='ocrx_word' id='word_1_582' title='bbox 2410 3595 2464 3642; x_wconf 89' lang='lat' dir='ltr'><strong>et</strong></span> <span class='ocrx_word' id='word_1_583' title='bbox 2506 3587 2658 3642; x_wconf 90' lang='lat' dir='ltr'><strong>omni</strong></span> <span class='ocrx_word' id='word_1_584' title='bbox 2704 3586 2956 3642; x_wconf 85' lang='lat' dir='ltr'><strong>libertate</strong></span> <span class='ocrx_word' id='word_1_585' title='bbox 2996 3587 3238 3658; x_wconf 87' lang='lat' dir='ltr'><strong>privans.</strong></span> <span class='ocrx_word' id='word_1_586' title='bbox 3283 3586 3473 3641; x_wconf 82' lang='lat' dir='ltr'><strong>Robur</strong></span> <span class='ocrx_word' id='word_1_587' title='bbox 3506 3587 3692 3652; x_wconf 84' lang='lat' dir='ltr'><strong>etiam,</strong></span> 
     </span>
    </p>
   </div>
   <div class='ocr_carea' id='block_1_82' title="bbox 2123 3675 3697 3747">
    <p class='ocr_par' dir='ltr' id='par_1_82' title="bbox 2123 3675 3697 3747">
     <span class='ocr_line' id='line_1_82' title="bbox 2123 3675 3697 3747; baseline 0.001 -16"><span class='ocrx_word' id='word_1_588' title='bbox 2123 3677 2339 3747; x_wconf 91' lang='lat' dir='ltr'><strong>inquit,</strong></span> <span class='ocrx_word' id='word_1_589' title='bbox 2369 3691 2480 3747; x_wconf 88' lang='lat' dir='ltr'><strong>quo</strong></span> <span class='ocrx_word' id='word_1_590' title='bbox 2540 3691 2648 3731; x_wconf 89' lang='lat' dir='ltr'><strong>non</strong></span> <span class='ocrx_word' id='word_1_591' title='bbox 2678 3676 2815 3733; x_wconf 88' lang='lat' dir='ltr'><strong>bene</strong></span> <span class='ocrx_word' id='word_1_592' title='bbox 2857 3692 2957 3732; x_wconf 89' lang='lat' dir='ltr'><strong>usa</strong></span> <span class='ocrx_word' id='word_1_593' title='bbox 2997 3691 3120 3733; x_wconf 90' lang='lat' dir='ltr'><strong>sum</strong></span> <span class='ocrx_word' id='word_1_594' title='bbox 3158 3677 3457 3743; x_wconf 86' lang='lat' dir='ltr'><strong>enervavit,</strong></span> <span class='ocrx_word' id='word_1_595' title='bbox 3498 3675 3697 3732; x_wconf 48' lang='lat' dir='ltr'><strong>dissols</strong></span> 
     </span>
    </p>
   </div>
   <div class='ocr_carea' id='block_1_83' title="bbox 2123 3767 3343 3839">
    <p class='ocr_par' dir='ltr' id='par_1_83' title="bbox 2123 3767 3343 3839">
     <span class='ocr_line' id='line_1_83' title="bbox 2123 3767 3343 3839; baseline 0.002 -19"><span class='ocrx_word' id='word_1_596' title='bbox 2123 3783 2328 3838; x_wconf 78' lang='lat' dir='ltr'><strong>vorque</strong></span> <span class='ocrx_word' id='word_1_597' title='bbox 2357 3768 2498 3823; x_wconf 87' lang='lat' dir='ltr'><strong>mala</strong></span> <span class='ocrx_word' id='word_1_598' title='bbox 2522 3767 2725 3838; x_wconf 89' lang='lat' dir='ltr'><strong>quibus</strong></span> <span class='ocrx_word' id='word_1_599' title='bbox 2748 3768 3027 3839; x_wconf 89' lang='lat' dir='ltr'><strong>opprimor</strong></span> <span class='ocrx_word' id='word_1_600' title='bbox 3054 3775 3343 3824; x_wconf 88' lang='lat' dir='ltr'><strong>contuens.</strong></span> 
     </span>
    </p>
   </div>
   <div class='ocr_carea' id='block_1_84' title="bbox 2196 3856 3693 3937">
    <p class='ocr_par' dir='ltr' id='par_1_84' title="bbox 2196 3856 3693 3937">
     <span class='ocr_line' id='line_1_84' title="bbox 2196 3856 3693 3937; baseline -0.001 -21"><span class='ocrx_word' id='word_1_601' title='bbox 2196 3860 2349 3916; x_wconf 82' lang='lat' dir='ltr'><strong>Vers.</strong></span> <span class='ocrx_word' id='word_1_602' title='bbox 2389 3859 2476 3914; x_wconf 72' lang='lat'><strong>15.</strong></span> <span class='ocrx_word' id='word_1_603' title='bbox 2517 3858 2751 3914; x_wconf 77' lang='lat' dir='ltr'><strong>Abstulit</strong></span> <span class='ocrx_word' id='word_1_604' title='bbox 2779 3875 2957 3914; x_wconf 78' lang='lat' dir='ltr'><strong>omnes</strong></span> <span class='ocrx_word' id='word_1_605' title='bbox 2993 3859 3159 3929; x_wconf 80' lang='lat' dir='ltr'><strong>fortes</strong></span> <span class='ocrx_word' id='word_1_606' title='bbox 3190 3874 3329 3912; x_wconf 72' lang='lat' dir='ltr'><strong>meo:</strong></span> <span class='ocrx_word' id='word_1_607' title='bbox 3354 3856 3612 3937; x_wconf 77' lang='lat' dir='ltr'><strong>Dominus</strong></span> <span class='ocrx_word' id='word_1_608' title='bbox 3638 3860 3693 3915; x_wconf 77' lang='lat' dir='ltr'><strong>in</strong></span> 
     </span>
    </p>
   </div>
   <div class='ocr_carea' id='block_1_85' title="bbox 2125 3948 3692 4006">
    <p class='ocr_par' dir='ltr' id='par_1_85' title="bbox 2125 3948 3692 4006">
     <span class='ocr_line' id='line_1_85' title="bbox 2125 3948 3692 4006; baseline 0 -2"><span class='ocrx_word' id='word_1_609' title='bbox 2125 3952 2296 4006; x_wconf 86' lang='lat' dir='ltr'><strong>medio</strong></span> <span class='ocrx_word' id='word_1_610' title='bbox 2332 3951 2456 4004; x_wconf 87' lang='lat' dir='ltr'><strong>mei.</strong></span> <span class='ocrx_word' id='word_1_611' title='bbox 2505 3948 2624 4004; x_wconf 83' lang='lat' dir='ltr'><strong>Non</strong></span> <span class='ocrx_word' id='word_1_612' title='bbox 2668 3951 2734 4006; x_wconf 89' lang='lat' dir='ltr'><strong>de</strong></span> <span class='ocrx_word' id='word_1_613' title='bbox 2776 3950 2959 4005; x_wconf 87' lang='lat' dir='ltr'><strong>medio</strong></span> <span class='ocrx_word' id='word_1_614' title='bbox 2995 3948 3100 4003; x_wconf 91' lang='lat' dir='ltr'><strong>mei</strong></span> <span class='ocrx_word' id='word_1_615' title='bbox 3138 3949 3362 4005; x_wconf 88' lang='lat' dir='ltr'><strong>abstulit</strong></span> <span class='ocrx_word' id='word_1_616' title='bbox 3392 3964 3528 4005; x_wconf 90' lang='lat' dir='ltr'><strong>eos:</strong></span> <span class='ocrx_word' id='word_1_617' title='bbox 3567 3966 3692 4005; x_wconf 88' lang='lat' dir='ltr'><strong>nam</strong></span> 
     </span>
    </p>
   </div>
   <div class='ocr_carea' id='block_1_86' title="bbox 2123 4040 3694 4106">
    <p class='ocr_par' dir='ltr' id='par_1_86' title="bbox 2123 4040 3694 4106">
     <span class='ocr_line' id='line_1_86' title="bbox 2123 4040 3694 4106; baseline 0.003 -9"><span class='ocrx_word' id='word_1_618' title='bbox 2123 4042 2228 4098; x_wconf 90' lang='lat' dir='ltr'><strong>etsi</strong></span> <span class='ocrx_word' id='word_1_619' title='bbox 2272 4042 2469 4097; x_wconf 82' lang='lat' dir='ltr'><strong>orbata</strong></span> <span class='ocrx_word' id='word_1_620' title='bbox 2492 4056 2640 4096; x_wconf 88' lang='lat' dir='ltr'><strong>eram</strong></span> <span class='ocrx_word' id='word_1_621' title='bbox 2683 4040 2811 4106; x_wconf 89' lang='lat' dir='ltr'><strong>illis,</strong></span> <span class='ocrx_word' id='word_1_622' title='bbox 2855 4040 2950 4095; x_wconf 83' lang='lat' dir='ltr'><strong>sed</strong></span> <span class='ocrx_word' id='word_1_623' title='bbox 2992 4040 3190 4096; x_wconf 87' lang='lat' dir='ltr'><strong>licebat</strong></span> <span class='ocrx_word' id='word_1_624' title='bbox 3232 4040 3287 4095; x_wconf 92' lang='lat' dir='ltr'><strong>in</strong></span> <span class='ocrx_word' id='word_1_625' title='bbox 3323 4041 3460 4096; x_wconf 86' lang='lat' dir='ltr'><strong>alios</strong></span> <span class='ocrx_word' id='word_1_626' title='bbox 3489 4041 3694 4102; x_wconf 87' lang='lat' dir='ltr'><strong>abusus</strong></span> 
     </span>
    </p>
   </div>
   <div class='ocr_carea' id='block_1_87' title="bbox 2125 4131 3692 4204">
    <p class='ocr_par' dir='ltr' id='par_1_87' title="bbox 2125 4131 3692 4204">
     <span class='ocr_line' id='line_1_87' title="bbox 2125 4131 3692 4204; baseline 0.001 -16"><span class='ocrx_word' id='word_1_627' title='bbox 2125 4139 2474 4196; x_wconf 86' lang='lat' dir='ltr'><strong>convertere;</strong></span> <span class='ocrx_word' id='word_1_628' title='bbox 2526 4146 2715 4186; x_wconf 89' lang='lat' dir='ltr'><strong>verum</strong></span> <span class='ocrx_word' id='word_1_629' title='bbox 2760 4131 2882 4186; x_wconf 92' lang='lat' dir='ltr'><strong>illos</strong></span> <span class='ocrx_word' id='word_1_630' title='bbox 2912 4132 2966 4185; x_wconf 91' lang='lat' dir='ltr'><strong>in</strong></span> <span class='ocrx_word' id='word_1_631' title='bbox 2993 4131 3171 4187; x_wconf 90' lang='lat' dir='ltr'><strong>medio</strong></span> <span class='ocrx_word' id='word_1_632' title='bbox 3210 4133 3317 4188; x_wconf 90' lang='lat' dir='ltr'><strong>mei</strong></span> <span class='ocrx_word' id='word_1_633' title='bbox 3342 4132 3560 4188; x_wconf 86' lang='lat' dir='ltr'><strong>dolores</strong></span> <span class='ocrx_word' id='word_1_634' title='bbox 3583 4136 3692 4204; x_wconf 88' lang='lat' dir='ltr'><strong>pati</strong></span> 
     </span>
    </p>
   </div>
   <div class='ocr_carea' id='block_1_88' title="bbox 2124 4222 3701 4295">
    <p class='ocr_par' dir='ltr' id='par_1_88' title="bbox 2124 4222 3701 4295">
     <span class='ocr_line' id='line_1_88' title="bbox 2124 4222 3701 4295; baseline 0.002 -17"><span class='ocrx_word' id='word_1_635' title='bbox 2124 4237 2223 4279; x_wconf 92' lang='lat' dir='ltr'><strong>eos</strong></span> <span class='ocrx_word' id='word_1_636' title='bbox 2245 4222 2631 4277; x_wconf 86' lang='lat' dir='ltr'><strong>condemnavit</strong></span> <span class='ocrx_word' id='word_1_637' title='bbox 2650 4229 2873 4293; x_wconf 87' lang='lat' dir='ltr'><strong>propter</strong></span> <span class='ocrx_word' id='word_1_638' title='bbox 2889 4237 2951 4277; x_wconf 87' lang='lat' dir='ltr'><strong>ea</strong></span> <span class='ocrx_word' id='word_1_639' title='bbox 2966 4237 3085 4292; x_wconf 68' lang='lat' dir='ltr'><strong>qua:</strong></span> <span class='ocrx_word' id='word_1_640' title='bbox 3102 4223 3265 4292; x_wconf 91' lang='lat' dir='ltr'><strong>impie</strong></span> <span class='ocrx_word' id='word_1_641' title='bbox 3282 4225 3448 4293; x_wconf 88' lang='lat' dir='ltr'><strong>gessi,</strong></span> <span class='ocrx_word' id='word_1_642' title='bbox 3461 4233 3516 4280; x_wconf 90' lang='lat' dir='ltr'><strong>et</strong></span> <span class='ocrx_word' id='word_1_643' title='bbox 3546 4227 3701 4295; x_wconf 84' lang='lat' dir='ltr'><strong>passi</strong></span> 
     </span>
    </p>
   </div>
   <div class='ocr_carea' id='block_1_89' title="bbox 2126 4314 3691 4385">
    <p class='ocr_par' dir='ltr' id='par_1_89' title="bbox 2126 4314 3691 4385">
     <span class='ocr_line' id='line_1_89' title="bbox 2126 4314 3691 4385; baseline 0.001 -15"><span class='ocrx_word' id='word_1_644' title='bbox 2126 4324 2255 4371; x_wconf 89' lang='lat' dir='ltr'><strong>sunt</strong></span> <span class='ocrx_word' id='word_1_645' title='bbox 2297 4314 2650 4370; x_wconf 84' lang='lat' dir='ltr'><strong>acerbissima</strong></span> <span class='ocrx_word' id='word_1_646' title='bbox 2701 4314 2858 4370; x_wconf 90' lang='lat' dir='ltr'><strong>electi</strong></span> <span class='ocrx_word' id='word_1_647' title='bbox 2898 4314 3040 4383; x_wconf 89' lang='lat' dir='ltr'><strong>mei,</strong></span> <span class='ocrx_word' id='word_1_648' title='bbox 3090 4315 3212 4385; x_wconf 90' lang='lat' dir='ltr'><strong>ipso</strong></span> <span class='ocrx_word' id='word_1_649' title='bbox 3239 4314 3470 4371; x_wconf 89' lang='lat' dir='ltr'><strong>Domino</strong></span> <span class='ocrx_word' id='word_1_650' title='bbox 3505 4317 3691 4383; x_wconf 84' lang='lat' dir='ltr'><strong>vinum</strong></span> 
     </span>
    </p>
   </div>
   <div class='ocr_carea' id='block_1_90' title="bbox 2127 4404 3691 4467">
    <p class='ocr_par' dir='ltr' id='par_1_90' title="bbox 2127 4404 3691 4467">
     <span class='ocr_line' id='line_1_90' title="bbox 2127 4404 3691 4467; baseline 0.006 -9"><span class='ocrx_word' id='word_1_651' title='bbox 2127 4404 2333 4460; x_wconf 80' lang='lat' dir='ltr'><strong>luroris</strong></span> <span class='ocrx_word' id='word_1_652' title='bbox 2383 4404 2471 4459; x_wconf 89' lang='lat' dir='ltr'><strong>sui</strong></span> <span class='ocrx_word' id='word_1_653' title='bbox 2520 4404 2575 4458; x_wconf 93' lang='lat' dir='ltr'><strong>in</strong></span> <span class='ocrx_word' id='word_1_654' title='bbox 2623 4404 2881 4460; x_wconf 89' lang='lat' dir='ltr'><strong>torculari</strong></span> <span class='ocrx_word' id='word_1_655' title='bbox 2946 4406 3190 4462; x_wconf 87' lang='lat' dir='ltr'><strong>calcante</strong></span> <span class='ocrx_word' id='word_1_656' title='bbox 3235 4406 3301 4461; x_wconf 89' lang='lat' dir='ltr'><strong>ad</strong></span> <span class='ocrx_word' id='word_1_657' title='bbox 3351 4407 3691 4467; x_wconf 83' lang='lat' dir='ltr'><strong>saturitatem</strong></span> 
     </span>
    </p>
   </div>
   <div class='ocr_carea' id='block_1_91' title="bbox 444 4494 2018 4595">
    <p class='ocr_par' dir='ltr' id='par_1_91' title="bbox 444 4494 2018 4595">
     <span class='ocr_line' id='line_1_91' title="bbox 444 4494 2018 4595; baseline 0.007 -50"><span class='ocrx_word' id='word_1_658' title='bbox 444 4494 543 4595; x_wconf 59' lang='grc' dir='ltr'><strong>καὶ</strong></span> <span class='ocrx_word' id='word_1_659' title='bbox 574 4498 641 4567; x_wconf 81' lang='grc' dir='ltr'>τῇ</span> <span class='ocrx_word' id='word_1_660' title='bbox 683 4497 936 4567; x_wconf 85' lang='grc' dir='ltr'>παρθένῳ</span> <span class='ocrx_word' id='word_1_661' title='bbox 964 4497 1055 4553; x_wconf 88' lang='grc' dir='ltr'><strong>τοῦ</strong></span> <span class='ocrx_word' id='word_1_662' title='bbox 1092 4498 1515 4569; x_wconf 83' lang='grc' dir='ltr'>βασιλικωτάτου</span> <span class='ocrx_word' id='word_1_663' title='bbox 1563 4501 1749 4555; x_wconf 87' lang='grc' dir='ltr'>Ἰούδα.</span> <span class='ocrx_word' id='word_1_664' title='bbox 1782 4502 1946 4572; x_wconf 85' lang='grc' dir='ltr'>Δέγοι</span> <span class='ocrx_word' id='word_1_665' title='bbox 1977 4502 2018 4556; x_wconf 77' lang='grc' dir='ltr'>δ’</span> 
     </span>
    </p>
   </div>
   <div class='ocr_carea' id='block_1_92' title="bbox 2120 4494 3691 4595">
    <p class='ocr_par' dir='ltr' id='par_1_92' title="bbox 2128 4497 3691 4570">
     <span class='ocr_line' id='line_1_92' title="bbox 2128 4497 3691 4570; baseline 0.003 -17"><span class='ocrx_word' id='word_1_666' title='bbox 2128 4497 2262 4553; x_wconf 90' lang='lat' dir='ltr'><strong>mibi</strong></span> <span class='ocrx_word' id='word_1_667' title='bbox 2289 4498 2595 4569; x_wconf 85' lang='lat' dir='ltr'><strong>virginique</strong></span> <span class='ocrx_word' id='word_1_668' title='bbox 2622 4499 2784 4570; x_wconf 67' lang='lat' dir='ltr'><strong>regiae</strong></span> <span class='ocrx_word' id='word_1_669' title='bbox 2803 4498 3105 4557; x_wconf 86' lang='lat' dir='ltr'><strong>nobilitatis</strong></span> <span class='ocrx_word' id='word_1_670' title='bbox 3125 4499 3285 4558; x_wconf 83' lang='lat' dir='ltr'><strong>Juda.</strong></span> <span class='ocrx_word' id='word_1_671' title='bbox 3316 4500 3484 4556; x_wconf 82' lang='lat' dir='ltr'><strong>Vocat</strong></span> <span class='ocrx_word' id='word_1_672' title='bbox 3511 4512 3691 4558; x_wconf 89' lang='lat' dir='ltr'><strong>autem</strong></span> 
     </span>
    </p>
   </div>
   <div class='ocr_carea' id='block_1_93' title="bbox 448 4583 2018 4664">
    <p class='ocr_par' dir='ltr' id='par_1_93' title="bbox 448 4583 2018 4664">
     <span class='ocr_line' id='line_1_93' title="bbox 448 4583 2018 4664; baseline 0.008 -28"><span class='ocrx_word' id='word_1_673' title='bbox 448 4583 515 4636; x_wconf 84' lang='grc' dir='ltr'><strong>ἂν</strong></span> <span class='ocrx_word' id='word_1_674' title='bbox 555 4585 809 4656; x_wconf 75' lang='grc' dir='ltr'>ἰσχυροὺς</span> <span class='ocrx_word' id='word_1_675' title='bbox 858 4587 955 4657; x_wconf 81' lang='grc' dir='ltr'>μὲν</span> <span class='ocrx_word' id='word_1_676' title='bbox 985 4588 1113 4651; x_wconf 77' lang='grc' dir='ltr'>τοὺς</span> <span class='ocrx_word' id='word_1_677' title='bbox 1140 4588 1399 4655; x_wconf 78' lang='grc' dir='ltr'>δυνατοὺς</span> <span class='ocrx_word' id='word_1_678' title='bbox 1438 4593 1496 4644; x_wconf 83' lang='grc' dir='ltr'>ὲν</span> <span class='ocrx_word' id='word_1_679' title='bbox 1531 4590 1752 4664; x_wconf 83' lang='grc' dir='ltr'>πολέμῳ</span> <span class='ocrx_word' id='word_1_680' title='bbox 1792 4593 1885 4647; x_wconf 74' lang='grc' dir='ltr'><strong>καὶ</strong></span> <span class='ocrx_word' id='word_1_681' title='bbox 1922 4596 2018 4664; x_wconf 84' lang='grc' dir='ltr'>τῆς</span> 
     </span>
    </p>
   </div>
   <div class='ocr_carea' id='block_1_94' title="bbox 2120 4583 3692 4664">
    <p class='ocr_par' dir='ltr' id='par_1_94' title="bbox 2127 4590 3692 4664">
     <span class='ocr_line' id='line_1_94' title="bbox 2127 4590 3692 4664; baseline 0.004 -17"><span class='ocrx_word' id='word_1_682' title='bbox 2127 4590 2299 4647; x_wconf 78' lang='lat' dir='ltr'><strong>fortes</strong></span> <span class='ocrx_word' id='word_1_683' title='bbox 2340 4602 2596 4647; x_wconf 87' lang='lat' dir='ltr'><strong>strenuos</strong></span> <span class='ocrx_word' id='word_1_684' title='bbox 2632 4592 2852 4663; x_wconf 85' lang='lat' dir='ltr'><strong>quidem</strong></span> <span class='ocrx_word' id='word_1_685' title='bbox 2892 4592 2949 4648; x_wconf 91' lang='lat' dir='ltr'><strong>in</strong></span> <span class='ocrx_word' id='word_1_686' title='bbox 2974 4593 3139 4659; x_wconf 91' lang='lat' dir='ltr'><strong>bello,</strong></span> <span class='ocrx_word' id='word_1_687' title='bbox 3174 4593 3473 4664; x_wconf 61' lang='lat' dir='ltr'><strong>patriaeque</strong></span> <span class='ocrx_word' id='word_1_688' title='bbox 3496 4593 3692 4655; x_wconf 53' lang='lat' dir='ltr'><strong>defen:</strong></span> 
     </span>
    </p>
   </div>
   <div class='ocr_carea' id='block_1_95' title="bbox 447 4676 2020 4754">
    <p class='ocr_par' dir='ltr' id='par_1_95' title="bbox 447 4676 2020 4754">
     <span class='ocr_line' id='line_1_95' title="bbox 447 4676 2020 4754; baseline 0.006 -26"><span class='ocrx_word' id='word_1_689' title='bbox 447 4676 705 4746; x_wconf 83' lang='grc' dir='ltr'>πατρίδος</span> <span class='ocrx_word' id='word_1_690' title='bbox 746 4678 1236 4749; x_wconf 74' lang='grc' dir='ltr'>ὑπερασπίζοντας,</span> <span class='ocrx_word' id='word_1_691' title='bbox 1264 4681 1553 4748; x_wconf 76' lang='grc' dir='ltr'>ἐκλεκτοὺς</span> <span class='ocrx_word' id='word_1_692' title='bbox 1599 4684 1654 4738; x_wconf 82' lang='grc' dir='ltr'>δὲ</span> <span class='ocrx_word' id='word_1_693' title='bbox 1703 4685 1830 4748; x_wconf 76' lang='grc' dir='ltr'>τοὺς</span> <span class='ocrx_word' id='word_1_694' title='bbox 1864 4686 2020 4754; x_wconf 85' lang='grc' dir='ltr'>εὐγε-</span> 
     </span>
    </p>
   </div>
   <div class='ocr_carea' id='block_1_96' title="bbox 445 4765 2022 4844">
    <p class='ocr_par' dir='ltr' id='par_1_96' title="bbox 445 4765 2022 4844">
     <span class='ocr_line' id='line_1_96' title="bbox 445 4765 2022 4844; baseline 0.008 -27"><span class='ocrx_word' id='word_1_695' title='bbox 445 4767 559 4828; x_wconf 83' lang='grc' dir='ltr'>νεῖς</span> <span class='ocrx_word' id='word_1_696' title='bbox 603 4765 636 4835; x_wconf 82' lang='grc' dir='ltr'>ἢ</span> <span class='ocrx_word' id='word_1_697' title='bbox 668 4767 793 4831; x_wconf 82' lang='grc' dir='ltr'>τοὺς</span> <span class='ocrx_word' id='word_1_698' title='bbox 832 4768 1048 4839; x_wconf 81' lang='grc' dir='ltr'>σοφούς.</span> <span class='ocrx_word' id='word_1_699' title='bbox 1084 4770 1377 4843; x_wconf 75' lang='grc' dir='ltr'>Σαφηνεζει</span> <span class='ocrx_word' id='word_1_700' title='bbox 1421 4773 1479 4827; x_wconf 79' lang='grc' dir='ltr'>δὲ</span> <span class='ocrx_word' id='word_1_701' title='bbox 1504 4774 1584 4839; x_wconf 80' lang='grc' dir='ltr'><strong>τὸ,</strong></span> <span class='ocrx_word' id='word_1_702' title='bbox 1636 4774 1831 4844; x_wconf 77' lang='grc' dir='ltr'>ληνὸν</span> <span class='ocrx_word' id='word_1_703' title='bbox 1879 4775 2022 4829; x_wconf 81' lang='grc' dir='ltr'>ἑπά-</span> 
     </span>
    </p>
   </div>
   <div class='ocr_carea' id='block_1_97' title="bbox 447 4855 2021 4935">
    <p class='ocr_par' dir='ltr' id='par_1_97' title="bbox 447 4855 2021 4935">
     <span class='ocr_line' id='line_1_97' title="bbox 447 4855 2021 4935; baseline 0.009 -29"><span class='ocrx_word' id='word_1_704' title='bbox 447 4869 615 4922; x_wconf 76' lang='grc' dir='ltr'>τησε,</span> <span class='ocrx_word' id='word_1_705' title='bbox 645 4855 708 4909; x_wconf 82' lang='grc' dir='ltr'><strong>τὸ</strong></span> <span class='ocrx_word' id='word_1_706' title='bbox 732 4859 857 4929; x_wconf 78' lang='grc' dir='ltr'>περὶ</span> <span class='ocrx_word' id='word_1_707' title='bbox 880 4859 978 4931; x_wconf 82' lang='grc' dir='ltr'>τῆς</span> <span class='ocrx_word' id='word_1_708' title='bbox 1001 4860 1110 4914; x_wconf 89' lang='grc' dir='ltr'><strong>τῶν</strong></span> <span class='ocrx_word' id='word_1_709' title='bbox 1137 4862 1473 4934; x_wconf 81' lang='grc' dir='ltr'>ἁμαρτωλῶν</span> <span class='ocrx_word' id='word_1_710' title='bbox 1498 4866 1766 4935; x_wconf 89' lang='grc' dir='ltr'>τιμωρίας</span> <span class='ocrx_word' id='word_1_711' title='bbox 1789 4868 1848 4919; x_wconf 81' lang='grc' dir='ltr'>ὲν</span> <span class='ocrx_word' id='word_1_712' title='bbox 1869 4865 2021 4919; x_wconf 80' lang='grc' dir='ltr'>Ψαλ-</span> 
     </span>
    </p>
   </div>
   <div class='ocr_carea' id='block_1_98' title="bbox 453 4949 2018 5024">
    <p class='ocr_par' dir='ltr' id='par_1_98' title="bbox 453 4949 2018 5024">
     <span class='ocr_line' id='line_1_98' title="bbox 453 4949 2018 5024; baseline 0.008 -26"><span class='ocrx_word' id='word_1_713' title='bbox 453 4950 572 5016; x_wconf 87' lang='grc' dir='ltr'>μοῖς</span> <span class='ocrx_word' id='word_1_714' title='bbox 600 4949 920 5020; x_wconf 78' lang='grc' dir='ltr'>εἰρημένον·</span> <span class='ocrx_word' id='word_1_715' title='bbox 953 4951 1248 5021; x_wconf 74' lang='grc' dir='ltr'>Ποτήριον</span> <span class='ocrx_word' id='word_1_716' title='bbox 1286 4954 1356 5007; x_wconf 79' lang='grc' dir='ltr'>ἐν</span> <span class='ocrx_word' id='word_1_717' title='bbox 1384 4956 1538 5024; x_wconf 74' lang='grc' dir='ltr'>χειρὶ</span> <span class='ocrx_word' id='word_1_718' title='bbox 1578 4958 1801 5024; x_wconf 83' lang='grc' dir='ltr'>Κυρίου</span> <span class='ocrx_word' id='word_1_719' title='bbox 1848 4957 2018 5011; x_wconf 75' lang='grc' dir='ltr'>οἴνου</span> 
     </span>
    </p>
   </div>
   <div class='ocr_carea' id='block_1_99' title="bbox 447 5038 2021 5119">
    <p class='ocr_par' dir='ltr' id='par_1_99' title="bbox 447 5038 2021 5119">
     <span class='ocr_line' id='line_1_99' title="bbox 447 5038 2021 5119; baseline 0.005 -26"><span class='ocrx_word' id='word_1_720' title='bbox 447 5038 730 5107; x_wconf 79' lang='grc' dir='ltr'>ἀκράτου,</span> <span class='ocrx_word' id='word_1_721' title='bbox 759 5042 989 5111; x_wconf 75' lang='grc' dir='ltr'>πλῆρες</span> <span class='ocrx_word' id='word_1_722' title='bbox 1020 5043 1409 5114; x_wconf 74' lang='grc' dir='ltr'>κεράσματος.</span> <span class='ocrx_word' id='word_1_723' title='bbox 1439 5046 1747 5119; x_wconf 87' lang='grc' dir='ltr'>κλινόμενον</span> <span class='ocrx_word' id='word_1_724' title='bbox 1778 5049 1843 5102; x_wconf 80' lang='grc' dir='ltr'>ὲκ</span> <span class='ocrx_word' id='word_1_725' title='bbox 1865 5047 2021 5101; x_wconf 91' lang='grc' dir='ltr'>τοῦδέ</span> 
     </span>
    </p>
   </div>
   <div class='ocr_carea' id='block_1_100' title="bbox 449 5129 2025 5208">
    <p class='ocr_par' dir='ltr' id='par_1_100' title="bbox 449 5129 2025 5208">
     <span class='ocr_line' id='line_1_100' title="bbox 449 5129 2025 5208; baseline 0.006 -28"><span class='ocrx_word' id='word_1_726' title='bbox 449 5143 590 5193; x_wconf 85' lang='grc' dir='ltr'>τινος</span> <span class='ocrx_word' id='word_1_727' title='bbox 608 5129 700 5184; x_wconf 89' lang='grc' dir='ltr'><strong>τοῦ</strong></span> <span class='ocrx_word' id='word_1_728' title='bbox 723 5131 1085 5204; x_wconf 79' lang='grc' dir='ltr'>κολαζομένου</span> <span class='ocrx_word' id='word_1_729' title='bbox 1103 5133 1195 5186; x_wconf 77' lang='grc' dir='ltr'><strong>ἐπὶ</strong></span> <span class='ocrx_word' id='word_1_730' title='bbox 1217 5135 1308 5188; x_wconf 85' lang='grc' dir='ltr'><strong>τὸν</strong></span> <span class='ocrx_word' id='word_1_731' title='bbox 1317 5134 1709 5208; x_wconf 79' lang='grc' dir='ltr'>-κολαζόμενον,</span> <span class='ocrx_word' id='word_1_732' title='bbox 1730 5136 1835 5200; x_wconf 70' lang='grc' dir='ltr'><strong>ἕως</strong></span> <span class='ocrx_word' id='word_1_733' title='bbox 1858 5137 2025 5190; x_wconf 67' lang='grc' dir='ltr'>πίωσι</span> 
     </span>
    </p>
   </div>
   <div class='ocr_carea' id='block_1_101' title="bbox 451 5217 2021 5300">
    <p class='ocr_par' dir='ltr' id='par_1_101' title="bbox 451 5217 2021 5300">
     <span class='ocr_line' id='line_1_101' title="bbox 451 5217 2021 5300; baseline 0.007 -29"><span class='ocrx_word' id='word_1_734' title='bbox 451 5217 672 5288; x_wconf 72' lang='grc' dir='ltr'>πάντες</span> <span class='ocrx_word' id='word_1_735' title='bbox 699 5225 753 5277; x_wconf 81' lang='grc' dir='ltr'>οἱ</span> <span class='ocrx_word' id='word_1_736' title='bbox 781 5222 1114 5293; x_wconf 67' lang='grc' dir='ltr'>ἁμαρτωλοὶ</span> <span class='ocrx_word' id='word_1_737' title='bbox 1150 5225 1262 5294; x_wconf 84' lang='grc' dir='ltr'>τῆς</span> <span class='ocrx_word' id='word_1_738' title='bbox 1301 5224 1547 5298; x_wconf 77' lang='grc' dir='ltr'>γῆς,τῆς</span> <span class='ocrx_word' id='word_1_739' title='bbox 1579 5228 1776 5300; x_wconf 79' lang='grc' dir='ltr'>τρυγὸς</span> <span class='ocrx_word' id='word_1_740' title='bbox 1806 5227 2021 5283; x_wconf 86' lang='grc' dir='ltr'>ὑπολει-</span> 
     </span>
    </p>
   </div>
   <div class='ocr_carea' id='block_1_102' title="bbox 454 5313 2023 5395">
    <p class='ocr_par' dir='ltr' id='par_1_102' title="bbox 454 5313 2023 5395">
     <span class='ocr_line' id='line_1_102' title="bbox 454 5313 2023 5395; baseline 0.009 -32"><span class='ocrx_word' id='word_1_741' title='bbox 454 5313 693 5385; x_wconf 87' lang='grc' dir='ltr'>πομένης</span> <span class='ocrx_word' id='word_1_742' title='bbox 736 5318 850 5380; x_wconf 86' lang='grc' dir='ltr'>τοῖς</span> <span class='ocrx_word' id='word_1_743' title='bbox 875 5316 1349 5391; x_wconf 85' lang='grc' dir='ltr'>ἀμαρτωλοτέροις</span> <span class='ocrx_word' id='word_1_744' title='bbox 1390 5318 1471 5373; x_wconf 73' lang='grc' dir='ltr'>ἔτι</span> <span class='ocrx_word' id='word_1_745' title='bbox 1507 5320 1710 5375; x_wconf 87' lang='grc' dir='ltr'>τούτων</span> <span class='ocrx_word' id='word_1_746' title='bbox 1748 5321 2023 5395; x_wconf 78' lang='grc' dir='ltr'>ὑπάρχου-</span> 
     </span>
    </p>
   </div>
   <div class='ocr_carea' id='block_1_103' title="bbox 454 5407 2012 5484">
    <p class='ocr_par' dir='ltr' id='par_1_103' title="bbox 454 5407 2012 5484">
     <span class='ocr_line' id='line_1_103' title="bbox 454 5407 2012 5484; baseline 0.009 -29"><span class='ocrx_word' id='word_1_747' title='bbox 454 5418 557 5468; x_wconf 79' lang='grc' dir='ltr'>σιν,</span> <span class='ocrx_word' id='word_1_748' title='bbox 592 5407 671 5470; x_wconf 81' lang='grc' dir='ltr'><strong>είς</strong></span> <span class='ocrx_word' id='word_1_749' title='bbox 714 5408 806 5471; x_wconf 80' lang='grc' dir='ltr'><strong>οὓς</strong></span> <span class='ocrx_word' id='word_1_750' title='bbox 846 5408 1187 5475; x_wconf 87' lang='grc' dir='ltr'>τελευταίους</span> <span class='ocrx_word' id='word_1_751' title='bbox 1227 5416 1255 5467; x_wconf 89' lang='grc' dir='ltr'>ὁ</span> <span class='ocrx_word' id='word_1_752' title='bbox 1299 5411 1525 5483; x_wconf 87' lang='grc' dir='ltr'>τρυγίας</span> <span class='ocrx_word' id='word_1_753' title='bbox 1565 5412 2012 5484; x_wconf 80' lang='grc' dir='ltr'>ὲκκενωθήσεται.</span> 
     </span>
    </p>
   </div>
   <div class='ocr_carea' id='block_1_104' title="bbox 522 5499 2013 5575">
    <p class='ocr_par' dir='ltr' id='par_1_104' title="bbox 522 5499 2013 5575">
     <span class='ocr_line' id='line_1_104' title="bbox 522 5499 2013 5575; baseline 0.009 -26"><span class='ocrx_word' id='word_1_754' title='bbox 522 5499 722 5563; x_wconf 75' lang='grc' dir='ltr'>Ληνὸν</span> <span class='ocrx_word' id='word_1_755' title='bbox 735 5501 1000 5570; x_wconf 79' lang='grc' dir='ltr'>ἐπάτησε</span> <span class='ocrx_word' id='word_1_756' title='bbox 1016 5505 1230 5573; x_wconf 73' lang='grc' dir='ltr'>Κύριος</span> <span class='ocrx_word' id='word_1_757' title='bbox 1248 5504 1520 5574; x_wconf 74' lang='grc' dir='ltr'>παρθένῳ</span> <span class='ocrx_word' id='word_1_758' title='bbox 1539 5506 1779 5575; x_wconf 76' lang='grc' dir='ltr'>θυγατρὶ</span> <span class='ocrx_word' id='word_1_759' title='bbox 1812 5506 2013 5564; x_wconf 78' lang='grc' dir='ltr'>Ἰούδα.</span> 
     </span>
    </p>
   </div>
   <div class='ocr_carea' id='block_1_105' title="bbox 452 5582 2016 5674">
    <p class='ocr_par' dir='ltr' id='par_1_105' title="bbox 452 5582 2016 5674">
     <span class='ocr_line' id='line_1_105' title="bbox 452 5582 2016 5674; baseline 0.017 -35"><span class='ocrx_word' id='word_1_760' title='bbox 452 5582 529 5639; x_wconf 83' lang='grc' dir='ltr'>ού</span> <span class='ocrx_word' id='word_1_761' title='bbox 560 5588 793 5657; x_wconf 78' lang='grc' dir='ltr'>χαλεπὸν</span> <span class='ocrx_word' id='word_1_762' title='bbox 819 5592 875 5645; x_wconf 81' lang='grc' dir='ltr'><strong>δὲ</strong></span> <span class='ocrx_word' id='word_1_763' title='bbox 901 5594 1025 5648; x_wconf 75' lang='grc' dir='ltr'>ἰδεῖν</span> <span class='ocrx_word' id='word_1_764' title='bbox 1046 5595 1165 5662; x_wconf 84' lang='grc' dir='ltr'><strong>πῶς</strong></span> <span class='ocrx_word' id='word_1_765' title='bbox 1194 5596 1350 5668; x_wconf 84' lang='grc' dir='ltr'>ληνὸν</span> <span class='ocrx_word' id='word_1_766' title='bbox 1378 5597 1620 5668; x_wconf 72' lang='grc' dir='ltr'>ἐπάτησε</span> <span class='ocrx_word' id='word_1_767' title='bbox 1652 5596 1854 5668; x_wconf 81' lang='grc' dir='ltr'>Κύριος</span> <span class='ocrx_word' id='word_1_768' title='bbox 1880 5616 2016 5674; x_wconf 73' lang='grc' dir='ltr'>παρ-</span> 
     </span>
    </p>
   </div>
   <div class='ocr_carea' id='block_1_106' title="bbox 556 5764 1059 5838">
    <p class='ocr_par' dir='ltr' id='par_1_106' title="bbox 556 5764 1059 5838">
     <span class='ocr_line' id='line_1_106' title="bbox 556 5764 1059 5838; baseline 0.008 -16"><span class='ocrx_word' id='word_1_769' title='bbox 556 5770 580 5801; x_wconf 61' lang='lat'><strong>“</strong></span> <span class='ocrx_word' id='word_1_770' title='bbox 613 5764 756 5824; x_wconf 86' lang='lat' dir='ltr'><strong>Psal.</strong></span> <span class='ocrx_word' id='word_1_771' title='bbox 791 5783 980 5838; x_wconf 76' lang='lat' dir='ltr'><strong>Lxxtv,</strong></span> <span class='ocrx_word' id='word_1_772' title='bbox 1008 5773 1059 5826; x_wconf 86' lang='lat'><strong>9.</strong></span> 
     </span>
    </p>
   </div>
   <div class='ocr_carea' id='block_1_107' title="bbox 2127 4677 3695 4761">
    <p class='ocr_par' dir='ltr' id='par_1_107' title="bbox 2127 4677 3695 4761">
     <span class='ocr_line' id='line_1_107' title="bbox 2127 4677 3695 4761; baseline 0.001 -18"><span class='ocrx_word' id='word_1_773' title='bbox 2127 4701 2316 4751; x_wconf 89' lang='lat' dir='ltr'><strong>sores;</strong></span> <span class='ocrx_word' id='word_1_774' title='bbox 2363 4686 2566 4742; x_wconf 84' lang='lat' dir='ltr'><strong>electos</strong></span> <span class='ocrx_word' id='word_1_775' title='bbox 2613 4702 2743 4742; x_wconf 92' lang='lat' dir='ltr'><strong>vero</strong></span> <span class='ocrx_word' id='word_1_776' title='bbox 2770 4677 3006 4753; x_wconf 75' lang='lat' dir='ltr'><strong>nobiles,</strong></span> <span class='ocrx_word' id='word_1_777' title='bbox 3042 4686 3126 4741; x_wconf 89' lang='lat' dir='ltr'><strong>vel</strong></span> <span class='ocrx_word' id='word_1_778' title='bbox 3170 4686 3461 4757; x_wconf 84' lang='lat' dir='ltr'><strong>sapientes.</strong></span> <span class='ocrx_word' id='word_1_779' title='bbox 3517 4687 3695 4761; x_wconf 82' lang='lat' dir='ltr'><strong>Expo-</strong></span> 
     </span>
    </p>
   </div>
   <div class='ocr_carea' id='block_1_108' title="bbox 2126 4777 3692 4853">
    <p class='ocr_par' dir='ltr' id='par_1_108' title="bbox 2126 4777 3692 4853">
     <span class='ocr_line' id='line_1_108' title="bbox 2126 4777 3692 4853; baseline 0.004 -21"><span class='ocrx_word' id='word_1_780' title='bbox 2126 4777 2272 4833; x_wconf 89' lang='lat' dir='ltr'><strong>nitur</strong></span> <span class='ocrx_word' id='word_1_781' title='bbox 2300 4789 2479 4833; x_wconf 90' lang='lat' dir='ltr'><strong>autem</strong></span> <span class='ocrx_word' id='word_1_782' title='bbox 2507 4779 2711 4834; x_wconf 89' lang='lat' dir='ltr'><strong>dictum</strong></span> <span class='ocrx_word' id='word_1_783' title='bbox 2739 4778 2865 4844; x_wconf 91' lang='lat' dir='ltr'><strong>hoc,</strong></span> <span class='ocrx_word' id='word_1_784' title='bbox 2899 4777 3134 4853; x_wconf 67' lang='lat' dir='ltr'><strong>torcular</strong></span> <span class='ocrx_word' id='word_1_785' title='bbox 3159 4778 3407 4845; x_wconf 82' lang='lat' dir='ltr'><strong>calcavit,</strong></span> <span class='ocrx_word' id='word_1_786' title='bbox 3429 4796 3526 4851; x_wconf 90' lang='lat' dir='ltr'><strong>per</strong></span> <span class='ocrx_word' id='word_1_787' title='bbox 3560 4783 3692 4838; x_wconf 89' lang='lat' dir='ltr'><strong>illud</strong></span> 
     </span>
    </p>
   </div>
   <div class='ocr_carea' id='block_1_109' title="bbox 2124 4869 3689 4939">
    <p class='ocr_par' dir='ltr' id='par_1_109' title="bbox 2124 4869 3689 4939">
     <span class='ocr_line' id='line_1_109' title="bbox 2124 4869 3689 4939; baseline 0.004 -17"><span class='ocrx_word' id='word_1_788' title='bbox 2124 4869 2268 4939; x_wconf 75' lang='lat' dir='ltr'><strong>quod</strong></span> <span class='ocrx_word' id='word_1_789' title='bbox 2309 4870 2363 4924; x_wconf 93' lang='lat' dir='ltr'><strong>in</strong></span> <span class='ocrx_word' id='word_1_790' title='bbox 2392 4869 2627 4925; x_wconf 89' lang='lat' dir='ltr'><strong>Psalmis</strong></span> <span class='ocrx_word' id='word_1_791' title='bbox 2669 4869 2736 4923; x_wconf 91' lang='lat' dir='ltr'><strong>de</strong></span> <span class='ocrx_word' id='word_1_792' title='bbox 2771 4877 3117 4938; x_wconf 84' lang='lat' dir='ltr'><strong>peccatorum</strong></span> <span class='ocrx_word' id='word_1_793' title='bbox 3164 4871 3341 4939; x_wconf 65' lang='lat' dir='ltr'><strong>panis</strong></span> <span class='ocrx_word' id='word_1_794' title='bbox 3386 4873 3689 4929; x_wconf 63' lang='lat' dir='ltr'><strong>babetur‘:</strong></span> 
     </span>
    </p>
   </div>
   <div class='ocr_carea' id='block_1_110' title="bbox 2123 4959 3693 5029">
    <p class='ocr_par' dir='ltr' id='par_1_110' title="bbox 2123 4959 3693 5029">
     <span class='ocr_line' id='line_1_110' title="bbox 2123 4959 3693 5029; baseline 0.001 -13"><span class='ocrx_word' id='word_1_795' title='bbox 2123 4959 2282 5016; x_wconf 76' lang='lat' dir='ltr'><strong>Catio;</strong></span> <span class='ocrx_word' id='word_1_796' title='bbox 2305 4961 2361 5015; x_wconf 87' lang='lat' dir='ltr'><strong>in</strong></span> <span class='ocrx_word' id='word_1_797' title='bbox 2393 4976 2555 5016; x_wconf 78' lang='lat' dir='ltr'><strong>manu</strong></span> <span class='ocrx_word' id='word_1_798' title='bbox 2583 4959 2796 5014; x_wconf 87' lang='lat' dir='ltr'><strong>Domini</strong></span> <span class='ocrx_word' id='word_1_799' title='bbox 2818 4959 2926 5013; x_wconf 80' lang='lat' dir='ltr'><strong>uini</strong></span> <span class='ocrx_word' id='word_1_800' title='bbox 2943 4961 3093 5024; x_wconf 84' lang='lat' dir='ltr'><strong>meri,</strong></span> <span class='ocrx_word' id='word_1_801' title='bbox 3111 4959 3298 5029; x_wconf 81' lang='lat' dir='ltr'><strong>plenus</strong></span> <span class='ocrx_word' id='word_1_802' title='bbox 3325 4962 3502 5028; x_wconf 78' lang='lat' dir='ltr'><strong>misto,</strong></span> <span class='ocrx_word' id='word_1_803' title='bbox 3534 4962 3693 5023; x_wconf 59' lang='lat' dir='ltr'><strong>inclie</strong></span> 
     </span>
    </p>
   </div>
   <div class='ocr_carea' id='block_1_111' title="bbox 2126 5049 3690 5123">
    <p class='ocr_par' dir='ltr' id='par_1_111' title="bbox 2126 5049 3690 5123">
     <span class='ocr_line' id='line_1_111' title="bbox 2126 5049 3690 5123; baseline 0.002 -16"><span class='ocrx_word' id='word_1_804' title='bbox 2126 5063 2291 5107; x_wconf 88' lang='lat' dir='ltr'><strong>natus</strong></span> <span class='ocrx_word' id='word_1_805' title='bbox 2317 5067 2384 5107; x_wconf 81' lang='lat' dir='ltr'><strong>ex</strong></span> <span class='ocrx_word' id='word_1_806' title='bbox 2414 5052 2520 5106; x_wconf 88' lang='lat' dir='ltr'><strong>hoc</strong></span> <span class='ocrx_word' id='word_1_807' title='bbox 2548 5050 2641 5121; x_wconf 91' lang='lat' dir='ltr'><strong>qui</strong></span> <span class='ocrx_word' id='word_1_808' title='bbox 2674 5049 2894 5120; x_wconf 86' lang='lat' dir='ltr'><strong>punitur</strong></span> <span class='ocrx_word' id='word_1_809' title='bbox 2920 5051 2987 5106; x_wconf 88' lang='lat' dir='ltr'><strong>ad</strong></span> <span class='ocrx_word' id='word_1_810' title='bbox 3018 5052 3181 5108; x_wconf 87' lang='lat' dir='ltr'><strong>alium</strong></span> <span class='ocrx_word' id='word_1_811' title='bbox 3208 5053 3479 5123; x_wconf 88' lang='lat' dir='ltr'><strong>punitum,</strong></span> <span class='ocrx_word' id='word_1_812' title='bbox 3515 5053 3690 5110; x_wconf 86' lang='lat' dir='ltr'><strong>donec</strong></span> 
     </span>
    </p>
   </div>
   <div class='ocr_carea' id='block_1_112' title="bbox 2124 5141 3689 5211">
    <p class='ocr_par' dir='ltr' id='par_1_112' title="bbox 2124 5141 3689 5211">
     <span class='ocr_line' id='line_1_112' title="bbox 2124 5141 3689 5211; baseline 0 -13"><span class='ocrx_word' id='word_1_813' title='bbox 2124 5142 2360 5198; x_wconf 89' lang='lat' dir='ltr'><strong>biberint</strong></span> <span class='ocrx_word' id='word_1_814' title='bbox 2383 5157 2560 5196; x_wconf 76' lang='lat' dir='ltr'><strong>omnes</strong></span> <span class='ocrx_word' id='word_1_815' title='bbox 2598 5149 2890 5211; x_wconf 81' lang='lat' dir='ltr'><strong>peccatores</strong></span> <span class='ocrx_word' id='word_1_816' title='bbox 2915 5150 3102 5206; x_wconf 70' lang='lat' dir='ltr'><strong>teme;</strong></span> <span class='ocrx_word' id='word_1_817' title='bbox 3133 5141 3263 5203; x_wconf 61' lang='lat' dir='ltr'><strong>[cce</strong></span> <span class='ocrx_word' id='word_1_818' title='bbox 3282 5151 3553 5198; x_wconf 87' lang='lat' dir='ltr'><strong>reservata</strong></span> <span class='ocrx_word' id='word_1_819' title='bbox 3583 5143 3689 5198; x_wconf 88' lang='lat' dir='ltr'><strong>illis</strong></span> 
     </span>
    </p>
   </div>
   <div class='ocr_carea' id='block_1_113' title="bbox 2122 5234 3689 5316">
    <p class='ocr_par' dir='ltr' id='par_1_113' title="bbox 2122 5234 3689 5316">
     <span class='ocr_line' id='line_1_113' title="bbox 2122 5234 3689 5316; baseline 0 -27"><span class='ocrx_word' id='word_1_820' title='bbox 2122 5235 2215 5305; x_wconf 91' lang='lat' dir='ltr'><strong>qui</strong></span> <span class='ocrx_word' id='word_1_821' title='bbox 2243 5234 2422 5289; x_wconf 85' lang='lat' dir='ltr'><strong>adhuc</strong></span> <span class='ocrx_word' id='word_1_822' title='bbox 2452 5234 2627 5302; x_wconf 88' lang='lat' dir='ltr'><strong>magis</strong></span> <span class='ocrx_word' id='word_1_823' title='bbox 2654 5241 2967 5304; x_wconf 88' lang='lat' dir='ltr'><strong>peccatores</strong></span> <span class='ocrx_word' id='word_1_824' title='bbox 2993 5243 3141 5298; x_wconf 80' lang='lat' dir='ltr'><strong>sunt,</strong></span> <span class='ocrx_word' id='word_1_825' title='bbox 3169 5234 3223 5316; x_wconf 78' lang='lat' dir='ltr'><strong>in</strong></span> <span class='ocrx_word' id='word_1_826' title='bbox 3245 5247 3384 5303; x_wconf 91' lang='lat' dir='ltr'><strong>quos</strong></span> <span class='ocrx_word' id='word_1_827' title='bbox 3414 5246 3689 5302; x_wconf 80' lang='lat' dir='ltr'><strong>posu-cmo</strong></span> 
     </span>
    </p>
   </div>
   <div class='ocr_carea' id='block_1_114' title="bbox 2123 5326 2621 5384">
    <p class='ocr_par' dir='ltr' id='par_1_114' title="bbox 2123 5326 2621 5384">
     <span class='ocr_line' id='line_1_114' title="bbox 2123 5326 2621 5384; baseline -0.01 0"><span class='ocrx_word' id='word_1_828' title='bbox 2123 5328 2225 5384; x_wconf 62' lang='lat' dir='ltr'><strong>faex</strong></span> <span class='ocrx_word' id='word_1_829' title='bbox 2246 5326 2621 5383; x_wconf 84' lang='lat' dir='ltr'><strong>evacuabitur.</strong></span> 
     </span>
    </p>
   </div>
   <div class='ocr_carea' id='block_1_115' title="bbox 2196 5499 3681 5572">
    <p class='ocr_par' dir='ltr' id='par_1_115' title="bbox 2196 5499 3681 5572">
     <span class='ocr_line' id='line_1_115' title="bbox 2196 5499 3681 5572; baseline -0.004 -9"><span class='ocrx_word' id='word_1_830' title='bbox 2196 5505 2455 5563; x_wconf 84' lang='lat' dir='ltr'><strong>Torcular</strong></span> <span class='ocrx_word' id='word_1_831' title='bbox 2516 5503 2744 5559; x_wconf 78' lang='lat' dir='ltr'><strong>calcavit</strong></span> <span class='ocrx_word' id='word_1_832' title='bbox 2786 5503 3045 5557; x_wconf 78' lang='lat' dir='ltr'><strong>Dominus</strong></span> <span class='ocrx_word' id='word_1_833' title='bbox 3104 5502 3298 5572; x_wconf 79' lang='lat' dir='ltr'><strong>virgini</strong></span> <span class='ocrx_word' id='word_1_834' title='bbox 3342 5500 3472 5572; x_wconf 70' lang='lat' dir='ltr'><strong>ﬁlice</strong></span> <span class='ocrx_word' id='word_1_835' title='bbox 3516 5499 3681 5557; x_wconf 74' lang='lat' dir='ltr'><strong>Iuda.</strong></span> 
     </span>
    </p>
   </div>
   <div class='ocr_carea' id='block_1_116' title="bbox 2124 5590 3680 5664">
    <p class='ocr_par' dir='ltr' id='par_1_116' title="bbox 2124 5590 3680 5664">
     <span class='ocr_line' id='line_1_116' title="bbox 2124 5590 3680 5664; baseline -0.01 -3"><span class='ocrx_word' id='word_1_836' title='bbox 2124 5598 2346 5664; x_wconf 82' lang='lat' dir='ltr'><strong>Dillicile</strong></span> <span class='ocrx_word' id='word_1_837' title='bbox 2367 5609 2497 5658; x_wconf 80' lang='lat' dir='ltr'><strong>vero</strong></span> <span class='ocrx_word' id='word_1_838' title='bbox 2517 5609 2626 5649; x_wconf 83' lang='lat' dir='ltr'><strong>non</strong></span> <span class='ocrx_word' id='word_1_839' title='bbox 2653 5605 2737 5651; x_wconf 79' lang='lat' dir='ltr'><strong>est</strong></span> <span class='ocrx_word' id='word_1_840' title='bbox 2760 5608 2919 5652; x_wconf 84' lang='lat' dir='ltr'><strong>nosse</strong></span> <span class='ocrx_word' id='word_1_841' title='bbox 2944 5593 3219 5663; x_wconf 86' lang='lat' dir='ltr'><strong>quomodo</strong></span> <span class='ocrx_word' id='word_1_842' title='bbox 3243 5593 3478 5657; x_wconf 81' lang='lat' dir='ltr'><strong>torcular</strong></span> <span class='ocrx_word' id='word_1_843' title='bbox 3502 5590 3680 5647; x_wconf 66' lang='grc' dir='ltr'>υοωὶ»</span> 
     </span>
    </p>
   </div>
  </div>
