4070 6296
399 275 515 333 629

1661 277 1973 335 SELECTA
2008 278 2076 334 IN
2119 279 2456 346 THBENOS.

3541 289 3650 348 630

404 391 539 464 δρου
566 391 872 465 δεδήλωκεν.
893 393 1032 480 ’Ard.
1036 393 1231 465 μέσον
1251 395 1310 449 δὲ
1339 395 1505 465 λέγει,
1537 396 1572 467 ἢ
1600 396 1697 467 τῆς
1730 396 1869 450 Σιὼν
1896 396 1974 450 καί

2083 405 2481 450 menstruorum
2525 397 2860 470 purgatione.
2886 399 2947 454 in
2982 401 3160 457 medio
3192 409 3373 459 autem
3410 404 3541 462 dicit
3568 407 3650 461 vel

400 482 503 537 τοῦ
541 482 750 550 Ἰακὼϐ,
776 482 808 553 ἢ
838 481 961 536 ὅλου
993 485 1091 555 μὲν
1118 484 1212 540 τοῦ
1235 485 1394 559 ὅρους
1424 485 1582 557 μέση·
1609 488 1667 539 ὲν
1693 486 1849 558 μέρει
1870 485 1978 560 γὰρ

405 572 572 629 αὐτοῦ
608 573 984 644 ᾠκοδόμηταισ
1018 575 1140 630 ὅλου
1172 566 1229 631 δὲ
1259 577 1353 631 τοῦ
1385 576 1516 630 λαοῦ
1550 578 1644 631 νῦν
1686 578 1845 632 τοῦτο
1877 595 1976 650 ση-

408 662 688 731 μαίνοντος
724 661 921 715 Ἰακὼϐ
952 663 1022 717 τὰ
1052 664 1147 718 δύο
1185 667 1282 720 καὶ
1316 665 1449 720 δέκα
1491 666 1765 737 σκῆπτρα.
1805 666 1978 738 Διχῶς

404 751 460 806 δὲ
487 753 627 806 κατὰ
656 753 802 821 λέξιν
830 755 952 810 ἐστι
989 756 1174 812 λαϐεῖν
1202 759 1302 830 τὴν
1328 758 1468 815 Σιὼν
1508 761 1602 813 καὶ
1639 761 1740 832 τὴν
1783 760 1979 832 Ἰερου-

403 843 601 915 σαλὴμ,
626 845 660 916 ἢ
690 847 818 911 τοὺς
847 853 1047 912 τόπους
1072 849 1105 922 ἢ
1132 850 1260 915 τοὺς
1284 853 1595 923 οἰκήτορας.
1633 851 1771 905 Ἀλλ’
1799 852 1848 904 εί
1878 851 1976 923 μὲν

392 935 559 998 τύπος
579 930 650 1011 ἦν
676 939 711 1009 ἡ
745 938 904 1004 Σιὼν,
925 942 1119 1015 χεῖρας
1147 940 1336 1012 αὐτῆς,
1350 942 1420 996 τὰ
1446 942 1583 1014 ἔργα
1610 942 1704 996 καὶ
1722 940 1836 995 εῐτι
1862 958 1976 1012 χει-

394 1027 711 1099 ροποίητον,
741 1030 875 1101 φησὶ
912 1030 1418 1104 διαπεπετασμένας
1440 1034 1533 1087 καὶ
1554 1035 1616 1088 οὗ
1643 1051 1978 1106 συνεστραμ-

389 1116 588 1190 μένας,
621 1118 744 1173 οὐδὲ
774 1119 836 1172 τὸ
866 1120 1075 1192 πρέπον
1121 1123 1281 1194 ἔργον
1317 1124 1475 1196 χερσὶ
1508 1125 1857 1197 ποιουμένας,
1899 1126 1977 1190 ὡς

391 1206 453 1261 ἑν
484 1209 643 1281 ἀτριῖ)
667 1211 762 1265 καὶ
793 1212 985 1284 ἐρήμῳ
1011 1215 1077 1285 τῇ
1110 1213 1297 1287 χώρᾳ·
1327 1217 1377 1269 εί
1400 1215 1457 1270 δὲ
1477 1216 1604 1280 τοὺς
1634 1216 1977 1283 ἐνοικοῦντας

391 1299 565 1370 λέγει,
594 1305 776 1374 χεῖρες
818 1303 885 1359 ἂν
922 1300 1033 1360 εἶεν
1079 1307 1129 1359 οί
1179 1308 1419 1379 γεωργοὶ
1461 1307 1559 1362 καὶ
1601 1308 1851 1380 ἐργάται,
1891 1310 1972 1383 μὴ

394 1394 774 1459 συστέλλοντες
802 1397 880 1460 είς
912 1395 1050 1469 ἔργα
1069 1397 1170 1462 τὰς
1188 1400 1382 1470 χεῖρας
1402 1398 1489 1453 διὰ
1517 1398 1587 1453 τὰ
1618 1400 1968 1471 περιστάντα·

390 1487 443 1544 εί
471 1485 530 1538 δὲ
557 1487 658 1557 τῆς
691 1487 828 1542 Σιὼν
859 1491 1041 1561 χεῖρες
1071 1491 1548 1565 τροπολογοῦνται,
1588 1493 1739 1565 πόσῳ
1774 1493 1973 1565 μᾶλλον

393 1574 463 1628 τὰ
513 1579 655 1635 κατὰ
694 1579 796 1651 τὴν
842 1581 1066 1653 Γραφὴν
1116 1581 1252 1654 μέλη
1303 1581 1470 1649 Θεοῦ;
1503 1584 1615 1637 Καὶ
1654 1585 1788 1641 αὐτὸ
1818 1585 1876 1642 δὲ
1911 1586 1972 1640 τὺ

396 1666 544 1737 δρός,
573 1668 650 1733 ὡς
678 1672 873 1737 εἰπεῖν,
909 1672 1047 1743 μετὰ
1072 1671 1168 1726 τοῦ
1203 1666 1388 1738 ἔθνοὺς
1420 1674 1687 1741 στενάζει,
1715 1676 1815 1730 οὐκ
1852 1676 1971 1748 ἔχον

392 1759 474 1822 είς
506 1761 880 1833 παραμυθίαν,
907 1765 970 1819 οὐ
996 1763 1150 1831 Θεὸν,
1179 1764 1292 1820 οὔθ’
1321 1766 1474 1834 ἅγιον
1505 1765 1692 1840 ἄνδρα.

465 2027 703 2095 Δίκαιός
732 2029 868 2084 ἐστι
898 2032 1135 2101 Κύριος.
1158 2035 1344 2105 Στὸμα
1369 2037 1574 2109 Κυρίου
1606 2036 1734 2101 τοὺς
1767 2041 1976 2111 προφή-

390 2133 493 2182 τας
523 2119 840 2191 ὲκληπτέον,
872 2116 948 2177 ὧν
987 2122 1066 2190 εἷς
1100 2126 1360 2199 ὑπάρχων
1404 2124 1632 2192 Ἡσαΐας
1673 2128 1824 2198 ἔλεγε
1842 2146 1856 2161 ’
1905 2129 1973 2184 Τὸ

392 2215 509 2278 τὰρ
531 2211 725 2280 στόμα
748 2215 970 2280 Κυρίου
1018 2215 1286 2285 summa
1304 2218 1509 2274 ταῦτα.
1537 2219 1893 2293 Ἰερουσαλὴμ
1917 2221 1975 2275 δὲ

393 2295 700 2354 ὠνείδισται
741 2301 847 2356 ὑπὸ
890 2302 986 2359 τοῦ
1024 2306 1293 2378 Σωτῆρος,
1344 2304 1422 2373 ὡς
1453 2310 1821 2365 ἀποκτείνασα
1850 2311 1977 2376 τοὺς

395 2392 702 2461 προφήτας,
736 2392 870 2446 καθὸ
887 2396 1262 2467 παρεπίκρανε
1299 2399 1360 2453 τὸ
1399 2400 1575 2471 στόμα
1606 2402 1835 2473 Κυρίου,
1872 2403 1971 2457 πό-

394 2493 507 2541 νοις
534 2480 731 2545 αὐτοὺς
764 2486 1112 2555 πικροτάτοις
1140 2489 1389 2545 ὲκδοῦσα.
1420 2487 1485 2545 "0
1516 2492 1574 2546 δὲ
1602 2494 1663 2546 τὸ
1692 2489 1837 2565 αἷμα
1867 2493 1975 2549 τῶν

397 2571 695 2643 προφητῶν
732 2574 978 2646 ἐκζητῶν
1008 2576 1149 2643 Θεὸς
1180 2580 1439 2654 ἀλγηδόσι
1476 2584 1599 2648 ταῖς
1626 2586 1692 2639 ὲκ
1723 2586 1975 2658 πολέμων

394 2662 493 2715 καὶ
538 2663 701 2719 πάλιν
742 2667 1140 2738 αἰχμαλωσίαις
1185 2673 1550 2745 παραδίδωσιν
1590 2677 1763 2749 αὐτῆς
1802 2679 1977 2733 νεανί-

398 2768 561 2817 σκους
586 2771 645 2808 τε
672 2757 764 2810 καὶ
789 2759 1111 2830 παρθένους.
1152 2761 1291 2817 Ἀνθ’
1319 2758 1395 2820 ὧν
1417 2761 1511 2821 οὖν
1541 2763 1829 2832 πέπονθεν,
1860 2766 1976 2834 ἑξο-

396 2846 708 2918 μολογεῖται
752 2855 866 2918 τοῖς
903 2854 1083 2920 ἄλλοις
1101 2894 1117 2920 ,
1149 2857 1348 2929 ἑαυτὴν
1390 2860 1739 2932 παράδειγμα
1767 2860 1974 2928 τούτοις

396 2940 739 3012 παρέχουσα,
773 2946 911 3016 πρὸς
936 2946 998 2999 τὸ
1029 2948 1105 3019 μὴ
1132 2948 1325 3004 παθεῖν
1364 2951 1720 3025 παραπλήσια
1743 2953 1842 3025 τὴν
1874 2953 1973 3011 τοῦ

390 3029 536 3084 θεοῦ
571 3031 838 3103 μαθόντας
875 3032 1240 3110 δικαιοσύνην.

2087 486 2219 542 Sion
2258 497 2313 543 et
2339 486 2530 549 Jacob.
2578 488 2660 543 vel
2689 489 2815 559 quia
2849 491 3014 545 totius
3042 491 3242 546 montis
3284 493 3498 559 media;
3539 494 3643 549 sila

2083 582 2283 650 quippe
2322 589 2407 636 est
2451 582 2502 634 in
2545 596 2652 636 una
2684 590 2834 652 parte
2877 581 3056 648 illius;
3106 583 3270 638 totius
3304 599 3428 638 vero
3462 587 3643 655 populi

2084 673 2189 727 hoc
2231 672 2284 727 in
2325 673 2578 742 praesenti
2626 673 2747 729 loco
2793 673 3130 744 signiﬁcante
3151 671 3320 729 Jacob
3355 675 3643 731 duodecim

2082 762 2278 818 tribus.
2314 762 2539 821 Duobus
2562 778 2692 817 vero
2718 762 2898 818 modis
2936 760 3006 816 ad
3054 762 3287 817 litteram
3338 772 3515 833 potest
3556 780 3647 820 ac-

2081 852 2188 924 cipi
2214 854 2342 907 Sion
2379 862 2433 908 et
2453 853 2774 918 Jerusalem,
2805 854 2886 909 vel
2924 869 3022 924 pro
3065 853 3223 921 locis,
3253 854 3335 909 vel
3365 869 3464 924 pro
3494 854 3648 910 habi—

2083 943 2367 998 tatoribus.
2400 942 2457 997 Si
2482 944 2698 1014 quidem
2725 942 2854 997 Sion
2885 958 2982 1012 pro
3007 942 3129 997 loco
3154 951 3423 1010 sumatur,
3451 959 3647 999 manus

2080 1034 2274 1104 ipsius,
2293 1050 2479 1104 opera,
2499 1043 2550 1090 et
2581 1036 2625 1091 si
2648 1035 2778 1106 quid
2794 1043 2876 1091 est
2893 1048 3056 1088 manu
3079 1032 3306 1101 factum,
3332 1035 3409 1089 ait
3437 1050 3645 1104 expan-

2080 1142 2171 1183 sas
2204 1138 2257 1182 et
2293 1143 2399 1182 non
2427 1136 2758 1193 contractas,
2796 1145 2897 1185 nec
2925 1143 3065 1199 opus
3102 1129 3434 1185 conveniens
3469 1129 3647 1188 mani—

2079 1218 2183 1273 bus
2209 1217 2524 1286 eﬂicientes,
2547 1233 2611 1273 ac
2640 1218 2685 1273 si
2716 1218 2767 1271 in
2795 1233 2926 1289 agro
2952 1217 3310 1288 desolataque
3334 1219 3456 1274 loco
3479 1228 3642 1274 esset.

2082 1308 2139 1364 Si
2166 1326 2293 1365 vero
2344 1310 2676 1366 habitatores
2711 1310 2997 1380 intelligit,
3033 1326 3230 1367 manus
3261 1309 3465 1366 fuerint
3502 1313 3644 1383 agri-

2079 1400 2235 1466 colae,
2266 1400 2500 1470 operarii
2549 1416 2658 1459 non
2704 1401 3098 1456 contrahentes
3143 1416 3340 1459 manus
3376 1401 3444 1456 ad
3482 1417 3644 1473 opera

2078 1489 2149 1545 ob
2186 1497 2440 1560 acceptas
2487 1489 2850 1563 calamitates.
2894 1487 3049 1554 Quod
3098 1488 3142 1543 si
3189 1503 3383 1543 manus
3412 1487 3539 1543 Sion
3584 1487 3647 1541 Il-

2078 1592 2266 1649 gurate
2299 1580 2661 1651 accipiuntur,
2690 1588 2898 1650 quanto
2929 1578 3101 1648 magis
3146 1578 3199 1633 id
3227 1577 3541 1634 faciendum
3578 1564 3646 1633 de

2076 1668 2240 1741 33a
2300 1670 2564 1725 membris
2612 1668 2706 1724 Dei
2771 1684 2894 1739 quae
2959 1668 3035 1722 illi
3086 1667 3366 1739 Scriptura
3430 1668 3640 1722 tribuit.

2008 1754 2050 1811 Β
2079 1760 2144 1815 Et
2182 1762 2297 1830 ipse
2341 1776 2501 1816 mons
2542 1760 2728 1827 etiam,
2774 1770 2848 1824 et,
2894 1768 2954 1813 ut
3000 1759 3072 1813 ita
3110 1758 3321 1823 dicam,
3371 1774 3479 1813 una
3518 1774 3643 1815 cum

2074 1846 2424 1902 multitudine
2469 1847 2678 1919 gemit,
2715 1847 2923 1902 nullum
2969 1845 3175 1901 habens
3219 1847 3642 1915 consolatorem,

2074 1950 2182 1990 non
2214 1935 2406 2004 Deum,
2442 1953 2553 1992 non
2586 1937 2824 2007 aliquem
2864 1945 3139 1994 sanctum.

2151 2024 2304 2081 Vcrs.
2341 2027 2423 2082 l8.
2460 2027 2650 2082 Justus
2698 2037 2775 2082 est
2806 2027 3082 2081 Dominus.
3129 2022 3204 2084 Os
3247 2027 3460 2083 Domini
3517 2043 3645 2099 pro-

2075 2116 2250 2185 pheta:
2278 2117 2618 2189 intelligendi
2656 2126 2805 2185 sunt,
2837 2134 3071 2188 quorum
3111 2135 3254 2175 unus
3288 2118 3459 2176 Isaias
3494 2120 3643 2176 dicc-

2075 2205 2167 2261 bat
2187 2206 2267 2259 ¹³;
2299 2207 2371 2262 0s
2401 2210 2541 2262 enim
2562 2209 2775 2285 Domini
2810 2209 3046 2264 locutum
3077 2219 3153 2265 est
3178 2212 3309 2266 ha’c.
3336 2209 3637 2266 Jerusalem

2075 2311 2203 2350 vero
2235 2311 2266 2351 a
2299 2295 2584 2354 Salvatore
2630 2299 3018 2369 exprobratum
3046 2308 3128 2355 est
3172 2299 3316 2369 quod
3349 2302 3642 2371 prephetas

2076 2387 2357 2453 occiderit,
2396 2404 2492 2458 per
2518 2389 2666 2460 quod
2702 2406 2769 2463 os
2802 2390 3017 2446 Domini
3048 2391 3116 2446 ad
3148 2391 3484 2447 iracundiam
3518 2408 3644 2462 pro-

2074 2482 2309 2547 vocavit,
2342 2498 2468 2537 cum
2511 2474 2890 2539 a‘marissimos
2923 2483 3139 2537 dolores
3184 2482 3469 2538 indixisset
3506 2484 3642 2551 illis;

2071 2582 2132 2628 at
2198 2572 2291 2642 qui
2342 2574 2666 2644 sanguinem
2728 2574 3123 2644 prophetarum
3191 2577 3429 2646 exquirit
3470 2574 3640 2640 Deus.

2074 2663 2339 2720 bellorum
2389 2664 2774 2720 afﬂictionibus
2811 2673 2868 2719 et
2898 2664 3305 2735 captivitatibus
3341 2667 3504 2722 tradit
3537 2667 3635 2738 ju-

2075 2769 2239 2809 venes
2269 2754 2388 2824 ejus
2424 2763 2481 2810 et
2506 2753 2764 2826 virgines.
2809 2753 2891 2810 0b
2924 2771 2987 2812 ea
3016 2758 3179 2829 igitur
3201 2772 3321 2828 quae
3347 2773 3502 2828 passa
3534 2764 3669 2820 est,‘

2075 2845 2197 2901 aliis
2230 2844 2296 2901 de
2322 2860 2381 2901 se
2416 2843 2648 2913 fatetur,
2690 2846 3000 2916 exemplum
3041 2847 3149 2904 illis
3191 2860 3312 2902 sese
3352 2848 3621 2905 exhibens

2077 2952 2145 2992 ne
2168 2936 2368 2993 similia
2408 2946 2462 2994 et
2492 2936 2567 2992 illi
2589 2937 2871 3008 patiantur
2905 2938 3117 3010 cognita
3152 2938 3499 3010 Deijustitia.

464 3088 754 3191 Παρθένοι
774 3088 896 3194 μου
920 3088 1351 3184 italia-sanioth
1367 3147 1506 3200 μου.
1526 3131 1683 3186 Μετὰ
1700 3132 1763 3185 τδ
1780 3131 1973 3206 αἰσθη-

2159 3119 2399 3192 Virgines
2452 3137 2580 3177 mea:
2629 3129 2680 3176 et
2713 3120 2930 3191 juvenes
2977 3121 3099 3176 mei.
3171 3119 3302 3177 Post
3354 3121 3642 3178 litteralem

391 3210 508 3279 τὸν,
537 3208 841 3284 παρθένους
865 3217 976 3273 νόει
1007 3219 1135 3282 τοὺς
1157 3220 1215 3273 ὲν
1245 3220 1523 3293 ἀφθαρσίᾳ
1555 3221 1823 3292 βιοῦντας,
1848 3240 1975 3278 νεα-

397 3302 613 3370 νίσκους
640 3305 699 3363 δὲ
727 3307 855 3371 τοὺς
890 3308 948 3362 ὲν
981 3310 1148 3380 ἀρετῇ
1191 3310 1684 3384 εὐδοκιμημένουςυ
1717 3313 1976 3378 πολλάκις

397 3393 506 3471 γὰρ
536 3395 630 3451 καὶ
657 3398 706 3451 oi
729 3397 875 3468 ἅγιοι
900 3401 1015 3464 τοῖς
1047 3401 1366 3467 ὑπευθύνοις
1397 3404 1832 3476 συμπάσχουσιν.

483 3577 783 3634 Ἐκάλεσα
833 3581 974 3648 τοὺς
1028 3583 1288 3652 ἐραστάς
1339 3602 1478 3654 μου.
1541 3586 1683 3651 Τοὺς
1739 3586 1976 3659 ἐραστὰς

395 3663 592 3729 οἵτινές
622 3664 727 3721 είσι
757 3667 1056 3740 δεδήλωκεν
1097 3672 1356 3744 Ἰεζεκιὴλ
1386 3673 1559 3743 λέγων
1602 3675 1738 3747 πρὸς
1777 3676 1975 3747 Ἰερου-

399 3754 600 3829 σαλὴμ,
639 3757 707 3830 ἢν
750 3756 932 3814 Ὀλίϐα
963 3761 1137 3815 καλεῖ⁸
1171 3762 1317 3817 Τάδε
1346 3763 1509 3834 λέγει
1532 3766 1745 3833 Κύριος
1768 3781 1782 3796 ο
1821 3764 1975 3821 Ἰδοὺ

392 3846 667 3917 ἐξετείρω
685 3848 827 3916 τοὺς
842 3850 1096 3920 ἐραστάς
1121 3867 1238 3909 σου
1252 3853 1355 3908 ἐπὶ
1376 3854 1452 3909 σὲ
1467 3855 1793 3921 κύκλωθεν,
1805 3856 1978 3924 υἱοὺς

395 3938 774 4006 Βαϐυλῶνος,
818 3941 920 4005 καί
969 3943 1201 4012 πάντας
1244 3947 1389 4015 τοὺς
1416 3947 1775 4017 Χαλδαίους.
1816 3942 1977 4006 Οὗτοι

394 4029 506 4102 γὰρ
532 4030 797 4102 πρότερον
837 4028 991 4097 ὄντες
1028 4034 1193 4104 φίλοι,
1236 4037 1379 4092 κατὰ
1410 4037 1561 4093 θείαν
1605 4040 1863 4108 πρόνοιαν
1895 4044 1977 4106 είς

392 4112 597 4192 ἐχθρὰν
622 4120 915 4192 μετέϐαλον
935 4141 948 4155 ·
979 4124 1009 4178 ὃ
1027 4125 1091 4198 δὴ
1118 4125 1377 4193 πολλάκις
1404 4128 1497 4182 ὲπὶ
1529 4129 1731 4201 ἔρωτος
1767 4133 1975 4201 γίνεται

393 4212 729 4282 τρεπομένου
761 4213 900 4286 πρὸς
938 4218 1123 4288 μῖσοςο
1158 4217 1304 4289 λέγει
1347 4219 1458 4293 γὰρ
1494 4222 1623 4294 περὶ
1658 4223 1757 4294 μὲν
1784 4224 1972 4295 Σαμα-

397 4301 550 4372 ρείας
569 4317 583 4332 ·
625 4304 735 4365 Kal
772 4305 1214 4377 ἐξεπόρνευσεν
1249 4312 1289 4381 ἠ
1341 4311 1514 4375 Ὀελὰ
1532 4313 1639 4369 ἀπ’
1670 4314 1837 4384 ἐμοῦ,
1874 4317 1974 4370 καὶ

390 4393 638 4450 ἐπέθετο
681 4397 780 4454 ἐπὶ
831 4401 974 4468 τοὺς
1023 4402 1286 4472 ἐραστὰς
1331 4404 1523 4474 αὐτῆς
1571 4405 1715 4473 τοὺς
1764 4406 1973 4461 Ἀσσυ-

389 4484 582 4554 ρίους.
617 4488 729 4543 Καὶ
766 4494 883 4562 μετ’
914 4493 1102 4563 ὀλίγαο
1135 4494 1239 4550 Διὰ
1273 4497 1450 4551 τοῦτο
1493 4496 1834 4566 παρέδωκεν
1865 4500 1971 4554 αὐ-

396 4575 512 4645 τὴν
545 4579 634 4644 εις
675 4579 877 4650 χώρας
930 4583 1049 4637 τῶν
1077 4584 1348 4654 ἐραστῶν
1386 4584 1597 4656 αὐτῆς,
1638 4589 1725 4653 είς
1767 4586 1970 4657 χεῖρας

396 4667 541 4721 υίῶν
575 4669 919 4741 Ἀσσυρίων.
943 4674 1102 4745 Λέγει
1122 4677 1179 4731 δὲ
1204 4677 1449 4750 καὶπερὶ
1464 4678 1565 4749 τῆς
1593 4679 1898 4751 Ἰερουσαλή
1908 4695 1965 4750 μ·

394 4759 506 4813 Καὶ
532 4756 696 4817 εἶδεν
725 4765 766 4833 ἠ
805 4764 1040 4836 ἀδελφὴ
1077 4767 1265 4837 αὐτῆς
1295 4770 1517 4825 ὀλίϐαο
1552 4769 1653 4827 καί
1681 4768 1972 4838 διέφθειρε

2077 3227 2322 3279 sensum,
2370 3211 2605 3283 virgines
2645 3212 2881 3282 intellige
2923 3226 3018 3268 eos
3043 3211 3136 3282 qui
3177 3212 3297 3268 sine
3334 3215 3642 3285 corruptela

2076 3305 2240 3358 vitam
2267 3302 2512 3372 ducunt;
2541 3303 2769 3373 juvenes
2797 3318 2927 3358 vero
2955 3317 3049 3358 eos
3069 3302 3162 3373 qui
3207 3301 3264 3358 in
3298 3303 3494 3361 virtute
3519 3322 3646 3376 pro-

2073 3394 2187 3453 bati
2213 3403 2340 3450 sunt
2373 3409 2557 3465 :saape
2597 3394 2743 3451 enim
2786 3402 2842 3450 et
2883 3394 3058 3451 sancti
3102 3409 3210 3450 una
3241 3406 3366 3452 cum
3394 3398 3644 3453 sontibus

2075 3484 2404 3555 plectuntur.
3296 3492 3298 3494 ’

2151 3575 2304 3632 Vers.
2340 3575 2421 3630 l9.
2476 3574 2671 3630 Voconi
2706 3584 2970 3630 amatores
3018 3592 3177 3631 meos.
3221 3573 3506 3631 Amatores
3548 3578 3641 3646 qui

2076 3665 2188 3722 sint
2243 3663 2616 3719 manifestavit
2666 3662 2947 3731 Ezechiel,
3006 3664 3121 3718 hac
3182 3664 3249 3718 ad
3306 3662 3641 3728 Jerusalem,

2074 3768 2241 3825 quam
2269 3762 2428 3810 vocat
2458 3752 2644 3820 Oliba,
2671 3753 2858 3808 dicens
2881 3752 2926 3786 ¹⁶
2968 3769 2981 3805 :
3027 3752 3157 3807 Haec
3183 3752 3313 3806 dicit
3341 3752 3597 3808 Dominus
3622 3771 3640 3807 :

2076 3845 2213 3901 Ecce
2249 3846 2487 3901 excitabo
2527 3854 2787 3899 amatores
2832 3854 2949 3898 tuos
2992 3846 3045 3898 in
3082 3843 3326 3910 circuitu,
3354 3844 3497 3916 ﬁlios
3528 3845 3643 3901 Bac

2075 3936 2302 4007 bylonis,
2350 3944 2401 3991 et
2447 3951 2625 3990 omnes
2664 3934 2963 3991 Chaldaeos.
3019 3933 3082 3988 lli
3129 3936 3274 3991 enim
3318 3947 3476 3993 antea
3516 3953 3642 3994 cum

2075 4034 2259 4083 essent
2296 4026 2493 4091 amici,
2543 4025 2728 4080 divino
2774 4025 3007 4081 consilio
3053 4027 3259 4084 inimici
3314 4028 3443 4086 facti
3491 4038 3640 4094 sunt,

2074 4117 2219 4187 quod
2257 4130 2399 4186 saepe
2436 4115 2703 4184 contingit
2751 4125 2809 4170 ut
2851 4130 3003 4171 amor
3037 4125 3279 4173 vertatur
3333 4120 3387 4174 in
3421 4120 3639 4175 odium:

2071 4208 2152 4262 ait
2182 4206 2328 4263 enim
2363 4206 2429 4263 de
2454 4204 2741 4262 Samaria:
2774 4205 2844 4260 Et
2889 4205 3153 4276 fornicata
3196 4218 3273 4263 est
3302 4208 3433 4267 οδια
3472 4227 3504 4264 a
3541 4226 3640 4278 me,

2073 4308 2123 4367 et
2145 4298 2420 4369 conjunxit
2446 4315 2501 4354 se
2528 4299 2598 4353 ad
2623 4313 2888 4355 amatores
2917 4318 3040 4357 suos
3064 4300 3331 4372 Assyrios.
3364 4302 3426 4357 Et
3453 4304 3643 4373 paucis

2075 4393 2412 4463 interjectis:
2452 4392 2582 4448 Ideo
2615 4394 2839 4449 tradidit
2874 4410 2990 4449 eam
3028 4396 3089 4451 in
3119 4411 3307 4465 manus
3343 4405 3642 4452 amatorum

2075 4503 2313 4552 suorum,
2352 4487 2407 4541 in
2429 4503 2617 4541 manus
2651 4487 2884 4558 ﬁliorum
2908 4488 3270 4561 Assyriorum.
3310 4488 3388 4544 De
3416 4488 3641 4544 Jerusa-

2076 4581 2181 4635 lem
2210 4595 2429 4651 quoque
2469 4581 2579 4636 ait:
2612 4579 2680 4635 Et
2716 4580 2848 4636 vidit
2884 4598 3037 4637 soror
3074 4583 3188 4652 ejus
3222 4581 3396 4647 Oliba,
3434 4591 3485 4637 et
3528 4598 3644 4636 cor-

2076 4674 2217 4744 rupit
2249 4673 2636 4743 impositionem
2655 4689 2806 4728 suam
2831 4690 2987 4743 super
3010 4674 3416 4743 fornicationem
3444 4677 3642 4734 sororis

2080 4782 2210 4832 suat,
2239 4773 2291 4819 et
2316 4765 2386 4819 ad
2408 4765 2548 4835 ﬁlios
2580 4765 2921 4835 Assyriorum
2944 4766 3095 4822 abiit.

394 4850 511 4921 τὴν
578 4854 850 4911 ἂπίθεσιν
897 4857 1084 4927 αὐτῆς
1134 4859 1286 4930 ὑπὲρ
1337 4860 1454 4930 τὴν
1507 4861 1795 4931 πορνείαν
1856 4859 1969 4930 τῆς
2004 4857 2276 4929 ἀδελφῆς
2312 4857 2536 4928 αὐτῆς,
2598 4858 2696 4912 καί
2751 4857 2849 4912 ἐπὶ
2883 4858 3023 4926 τοὺς
3063 4860 3231 4927 υἱοὺς
3270 4860 3386 4917 δῶν
3434 4863 3642 4917 Ἀσσυ-

392 4944 540 5013 ρίων
564 4945 828 5003 ἐπέθετο.

471 5036 614 5104 Ἴδε,
630 5040 827 5109 Κύριε,
840 5039 928 5094 ὅτι
947 5041 1238 5111 θλίϐομαι.
1269 5039 1359 5102 Ἐν
1371 5044 1470 5114 μὲν
1480 5040 1651 5117 οὗντῇ
1666 5045 1970 5118 προφητείᾳ

398 5124 554 5197 ἀλγεῖ
582 5128 681 5200 τὴν
718 5129 896 5202 ψυχὴν
927 5131 1003 5195 ὡς
1037 5133 1357 5203 πεισόμενος
1386 5133 1665 5189 δεινότατα
1683 5153 1697 5166 ο
1725 5137 1785 5190 ἐν
1808 5136 1865 5188 δὲ
1894 5135 1971 5207 τῷ

400 5218 626 5289 παρόντι
652 5219 854 5292 θρήνῳ,
875 5222 951 5286 ὡς
977 5222 1079 5294 ἤδη
1096 5222 1299 5278 τούτων
1331 5225 1779 5297 συμϐεϐηκότων,
1810 5224 1972 5297 άχθε-

397 5309 485 5362 ταί
502 5327 581 5374 τε,
606 5311 701 5365 καὶ
719 5311 787 5365 δι’
807 5312 1083 5385 ἁμαρτίας
1112 5315 1364 5386 ὁμολογεῖ
1388 5315 1489 5387 τὴν
1511 5316 1853 5389 χρηστότητα
1876 5317 1969 5375 τοῦ

397 5402 534 5458 Θεοῦ
557 5405 892 5478 πικροτάτην
914 5406 1113 5481 ἑαυτὴν
1136 5409 1497 5478 καταστῆσαι,
1522 5408 1597 5472 ὡς
1620 5408 1714 5464 καὶ
1733 5410 1971 5467 ἀτεκνω-

402 5492 562 5564 θῆναι
590 5496 689 5568 τὴν
734 5497 1078 5566 πολύτεκνον,
1133 5502 1228 5556 καὶ.
1263 5501 1325 5556 τὸ
1355 5500 1656 5557 δεινότατον
1675 5541 1690 5567 ,
1739 5501 1973 5586 πολεμίᾳ

498 5681 541 5719 ³³
575 5681 681 5737 lsa.
713 5697 749 5748 ι,
773 5682 862 5736 20.
953 5683 995 5716 ⁸⁸
1034 5683 1227 5740 Ezeeh.
1259 5700 1414 5754 χχιιι,
1440 5685 1532 5743 25.

2155 5041 2300 5099 Vers.
2346 5043 2436 5099 20.
2504 5043 2654 5109 Vide,
2693 5041 2934 5109 Domine,
2979 5043 3230 5112 quoniam
3273 5046 3516 5101 tribulor.
3582 5046 3640 5103 ln

2077 5132 2360 5204 praphetia
2410 5133 2576 5204 igitur
2614 5132 2796 5188 animo
2838 5131 3054 5185 dolebat
3094 5134 3237 5202 quod
3291 5135 3640 5192 acerbissima

2078 5241 2344 5298 passurus
2396 5232 2573 5288 esset;
2639 5224 2693 5279 iu
2753 5224 3003 5293 praesenti
3048 5239 3176 5279 vero
3232 5224 3636 5293 lamentatione,

2074 5321 2232 5396 quasi
2268 5318 2427 5374 malis
2463 5317 2576 5388 jam
2610 5315 2884 5385 acceptis,
2928 5316 3154 5371 moleste
3191 5314 3327 5383 fert,
3360 5326 3414 5371 et
3445 5316 3642 5373 fatetur

2076 5422 2296 5492 propter
2347 5417 2566 5480 peccata
2639 5406 2935 5463 bonitatem
2979 5406 3071 5462 Dei
3127 5423 3187 5463 se
3236 5407 3638 5465 amarissimam

2078 5503 2449 5575 constituisse,
2506 5499 2642 5556 adeo
2681 5507 2740 5555 ut
2781 5508 2835 5559 ct
2869 5498 3158 5554 multorum
3192 5497 3423 5555 liliorum
3473 5513 3646 5557 mater
