4070 6296
512 296 609 373 ὡς

1910 325 2003 379 EX
2047 326 2208 383 ORIG
2220 325 2357 382 ENE‘

3653 339 3761 394 3‘52

515 434 730 490 viduata
790 437 888 502 sit,
923 444 1012 502 et,
1059 436 1204 506 quod
1251 437 1661 493 acerbissimum
1715 448 1833 509 est,
1887 443 2061 499 hostili

2176 445 2336 516 χειρί.
2385 442 2827 516 Προσωποποιίας
2855 449 2910 502 δὲ
2933 448 3118 519 οὔσης,
3144 451 3205 504 οὐ
3229 451 3315 505 δεῖ
3341 451 3524 524 ξητεῐν
3550 456 3763 526 πόλεως

514 541 700 581 manu.
771 525 906 581 Cum
952 542 1079 582 Vero
1119 527 1206 582 hic
1248 530 1632 600 prosopopoeia
1680 531 1788 598 sit,
1840 549 1948 587 non
1993 545 2078 591 est

513 615 836 682 qumendus
894 625 1075 670 venter
1120 617 1274 673 urbis
1317 619 1413 690 qui
1461 620 1704 689 peperit,
1744 631 1797 677 et
1842 638 1939 685 cor
1987 641 2077 682 so-

512 700 704 752 lutum.

579 786 733 843 Vers.
768 788 857 843 2i.
899 790 1113 857 Audite,
1160 796 1397 863 obsecro,
1445 801 1571 870 quia
1624 803 1908 872 ingemisco
1958 821 2071 874 ego.

506 876 745 932 Partitur
792 894 1100 937 sermonem
1148 900 1309 940 suum
1353 886 1658 945 Jerusalem
1708 893 1773 955 ad
1824 894 2074 950 inimicos

503 985 532 1021 a
558 967 759 1036 quibus
795 969 970 1025 audiri
1005 973 1136 1035 vult,
1171 983 1225 1028 et
1261 977 1327 1031 ad
1359 976 1553 1034 Deum.
1593 979 1699 1036 Sed
1723 982 1854 1052 quid
1884 984 2076 1041 invitat

506 1062 689 1113 hostes
716 1059 781 1113 ad
813 1062 1183 1118 audiendum?
1217 1066 1330 1122 Cur
1363 1069 1429 1124 ad
1455 1068 1620 1126 Deum
1659 1073 1835 1143 inquit
1865 1075 2074 1132 laetatos

501 1162 597 1203 eos
620 1147 822 1206 fuisse?
844 1151 1116 1211 Fortassis
1140 1157 1323 1228 igitur,
1345 1162 1471 1229 quia
1496 1162 1723 1220 cadente
1744 1164 2070 1235 Jerusalem,

502 1238 651 1294 salus
697 1238 837 1296 facta
881 1253 965 1298 est
1008 1248 1258 1315 gent-ibus
1306 1251 1371 1304 ad
1418 1257 1817 1321 provocandam
1850 1259 2073 1314 azmula-

501 1328 724 1394 tionem,
745 1339 799 1385 et
826 1335 1043 1402 quando
1069 1337 1337 1406 plenitudo
1367 1346 1598 1411 gentium
1625 1348 1910 1416 advenerit,
1948 1360 2074 1405 tunc

496 1418 658 1490 335
690 1423 858 1477 omnis
888 1423 1060 1479 Israel
1104 1429 1401 1486 salvabitur
1430 1436 1489 1485 ’⁸.
1541 1436 1730 1492 Priora
1782 1440 1846 1494 ad
1884 1451 2072 1510 gentes

494 1512 812 1580 prophetice
851 1515 1004 1581 dicit,
1040 1525 1345 1588 posteriora
1379 1541 1507 1581 vero
1540 1527 1607 1582 ad
1634 1529 1817 1585 Deum.
1861 1532 2071 1587 Dolori-

498 1599 604 1656 bus
643 1602 833 1659 relicta
871 1621 1025 1673 sum,
1075 1619 1134 1663 ut
1182 1611 1359 1666 locum
1414 1616 1707 1683 haberetis,
1753 1629 1807 1676 et
1853 1633 2071 1693 pr0pter

496 1707 594 1747 vos
620 1691 843 1750 inimica
874 1695 983 1751 Deo
1013 1698 1155 1755 facta
1185 1716 1329 1770 sum,
1364 1704 1487 1760 licet
1517 1711 1814 1765 secundum
1850 1713 2072 1768 electio-

2183 537 2387 590 κοιλίαν
2416 537 2700 603 τεκοῦσαν,
2728 540 2819 594 καὶ
2849 540 3075 612 καρδίαν
3095 541 3410 615 λελυμένην.

2263 789 2578 842 Ἀκούσατε
2604 788 2704 858 δὴ,
2737 788 2826 844 ὅτι
2856 789 3117 852 στενάξω
3138 790 3269 862 ἐγώ.
3299 792 3525 864 Μερίζει
3545 796 3636 849 τὸν
3671 796 3759 853 λόει

2177 895 2272 947 γον
2328 880 2684 953 Ἰερουσαλὴμ
2742 882 2880 953 πρὸς
2927 883 3056 947 τοὺς
3113 884 3341 956 ἐχθροὺς
3391 885 3484 950 οὓς
3526 889 3757 946 ἀκοῦσαι

2178 969 2455 1039 βούλεται,
2501 973 2592 1026 καὶ
2641 973 2780 1046 πρὸς
2814 975 2906 1029 τὸν
2942 974 3093 1029 Θεόν.
3148 976 3307 1031 Ἀλλὰ
3349 979 3403 1031 τί
3448 980 3761 1050 παρακαλεῖ

2176 1063 2313 1133 πρὸς
2340 1063 2510 1134 ἀκοὴν
2541 1067 2666 1128 τοὺς
2701 1065 2963 1138 ὲχθρούς;
2995 1067 3060 1119 Τί
3089 1067 3145 1120 δέ
3185 1085 3317 1138 φησι
3349 1068 3428 1141 τῷ
3465 1071 3585 1141 Θεῷ
3624 1073 3753 1143 περὶ

2175 1152 2356 1205 αὐτῶν
2399 1153 2476 1217 ὡς
2525 1154 2830 1226 ὲχάρησανς
2883 1156 3109 1227 Μήποτε
3158 1157 3334 1212 τοίνυν
3394 1159 3486 1212 ἐπὶ
3531 1159 3611 1230 τῷ
3653 1161 3752 1231 τῆς

2189 1242 2540 1315 Ἰερουσαλὴμ
2583 1245 2990 1317 παραπτώματι
3026 1247 3248 1322 γέγονεν
3279 1250 3312 1320 ή
3357 1252 3598 1321 σωτηρία
3640 1256 3750 1317 τοῖς

2174 1330 2382 1391 ἔθνεσιν
2449 1334 2526 1395 είς
2566 1333 2626 1385 τὸ
2670 1332 3068 1406 παραζηλῶσαι
3109 1334 3340 1400 αὐτούς·
3378 1339 3473 1391 καὶ
3512 1341 3641 1393 ὅταν
3682 1342 3747 1394 τὸ

2174 1417 2464 1488 πλήρωμα
2488 1419 2606 1472 τῶν
2643 1420 2835 1479 ἐθνῶν
2872 1421 3140 1490 εἰσέλθῃ,
3170 1425 3303 1477 τότε
3333 1423 3453 1491 πᾶς
3504 1427 3748 1496 Ἰσραὴλ

2174 1506 2527 1573 σωθήσεται.
2559 1511 2703 1581 Πρὸς
2739 1514 2864 1575 τοὺς
2894 1512 3002 1565 ἀπὸ
3026 1513 3133 1566 τῶν
3156 1513 3326 1579 ἐθνῶν
3354 1516 3422 1569 τὰ
3451 1517 3644 1589 πρῶτα
3672 1520 3749 1573 λέ-

2173 1616 2260 1667 γει
2292 1602 2663 1672 προφητικῶς,
2700 1605 2835 1676 πρὸς
2865 1604 2954 1659 τὸν
2994 1603 3126 1657 Θεὸν
3157 1605 3213 1669 δὲ
3241 1606 3308 1659 τὰ
3337 1607 3581 1680 δεύτερα.
3625 1612 3680 1664 Ἐ
3692 1631 3746 1680 (ρ-

2174 1691 2530 1762 κατελείφθην
2562 1693 2774 1757 παθεῖν,
2806 1695 2890 1749 ἵνα
2922 1696 3106 1770 χώραν
3138 1698 3338 1770 λάϐητε
3358 1717 3370 1730 ·
3424 1702 3519 1755 καὶ
3552 1703 3748 1771 γέγονα

495 1797 615 1836 nem
647 1782 841 1839 dilecta
876 1801 1092 1858 propter
1117 1802 1303 1862 patres
1349 1813 1548 1853 essem.
1600 1799 1725 1857 ideo
1768 1803 2061 1860 lamentum

2168 1783 2235 1836 δι’
2264 1786 2408 1856 ὑμᾶς
2435 1787 2606 1859 ἐχθρὰ
2642 1789 2735 1841 τοῦ
2767 1790 2925 1855 Θεοῦ,
2975 1793 3177 1864 καίπερ
3202 1794 3343 1848 κατὰ
3383 1797 3483 1869 τὴν
3521 1798 3748 1872 ἐκλογὴν

494 1886 675 1925 meum
719 1875 1023 1944 audientes,
1057 1895 1279 1943 causam
1319 1902 1540 1956 quoque
1586 1888 1728 1944 illius
1762 1891 2061 1963 iutelligite.

491 1958 715 2018 Penitus
759 1966 907 2021 enim
962 1979 1183 2051 propter
1234 1984 1468 2030 vestram
1521 1979 1749 2045 salutem
1809 1958 2065 2043 derelicta

488 2069 634 2120 sum,
665 2071 774 2110 non
816 2057 1020 2116 habens
1053 2062 1206 2118 illum
1242 2067 1337 2135 qui
1379 2083 1594 2142 semper
1633 2086 1718 2126 me
1751 2079 2067 2132 consolatur

489 2151 614 2210 post
649 2159 811 2202 casus
858 2150 1151 2209 malorum.
1203 2154 1360 2212 Nunc
1407 2161 1553 2214 enim
1590 2161 1782 2232 defecit
1825 2167 2064 2238 princeps

485 2246 553 2285 ex
575 2232 751 2302 Juda,
780 2248 831 2293 et
862 2241 974 2294 duo;
1004 2259 1032 2297 e
1058 2244 1255 2312 femore
1298 2248 1414 2316 ejus
1451 2266 1470 2304 :
1509 2252 1644 2306 venit
1679 2255 1818 2309 enim
1854 2259 1938 2310 cui
1977 2275 2063 2313 re—

486 2336 696 2379 servata
720 2338 893 2394 erant,
920 2335 1238 2401 exspectatio
1261 2337 1488 2404 gentium
1508 2340 1572 2407 ¹⁶,
1593 2341 1752 2411 cujus
1779 2346 2063 2414 sanguinis

493 2414 630 2470 ultio
676 2417 856 2483 faciet,
907 2430 966 2477 ut
1012 2441 1172 2480 nemo
1219 2427 1290 2481 sit
1318 2430 1413 2508 qui
1459 2433 1695 2502 amplius
1749 2437 2062 2494 consoletur

484 2506 803 2567 Jerusalem.

559 2688 901 2759 Ingrediatur
915 2698 1085 2751 omnis
1105 2698 1313 2753 malitia
1331 2717 1510 2755 eorum
1524 2714 1647 2757 ante
1667 2706 1858 2774 faciem
1885 2713 2052 2765 tuam.

481 2775 598 2833 .‘ioc
635 2791 741 2847 est,
774 2800 843 2840 ne
869 2787 1215 2855 permittatur
1259 2791 1493 2862 amplius
1538 2809 1672 2850 usus
1708 2797 1926 2854 malitiae
1959 2814 2057 2853 eo-

485 2886 629 2935 rum,
661 2875 753 2929 sed
789 2875 1082 2944 objiciatur
1127 2881 1304 2936 oculis
1339 2884 1469 2947 tuis,
1506 2894 1562 2939 ut
1603 2887 1647 2941 si
1685 2889 1809 2958 quis
1841 2899 2058 2961 mgaret

480 2960 708 3017 vulnera
740 2964 796 3018 in
826 2978 1176 3037 conspectum
1212 2973 1401 3028 medici
1432 2977 1616 3032 venire
1665 2988 1724 3033 ut
1761 2980 2054 3049 perfectam

480 3051 767 3108 sanitatem
802 3060 1017 3127 assequi
1047 3072 1250 3130 posset.
1275 3063 1386 3121 Hoc
1411 3067 1555 3122 enim
1588 3084 1690 3124 vox
1722 3071 1835 3138 illa,
1858 3075 2051 3140 omnis,

480 3138 680 3201 innuit.
732 3144 959 3204 Beatum
1000 3153 1200 3224 quippe
1237 3168 1320 3211 est
1358 3159 1627 3230 praecipue
1665 3164 1883 3232 quidem
1936 3138 2047 3220 non

476 3248 722 3300 peccare,
759 3237 954 3295 deinde
984 3257 1109 3297 vero
1138 3258 1355 3302 omnem
1398 3259 1638 3305 nostram
1705 3254 2048 3327 iniquitatem

477 3339 507 3377 a
533 3322 644 3380 Deo
676 3325 893 3397 inspici.
1803 3322 1817 3337 ἦ

550 3414 619 3469 Et
654 3420 1076 3487 supervindemia
1111 3439 1220 3479 eos.
1256 3425 1790 3501 Supervindetuiare,
1822 3447 1905 3489 est
1930 3446 2054 3505 post

473 3505 803 3562 vindemiam
868 3510 1080 3566 modica
1139 3529 1262 3583 qua:
1319 3518 1509 3573 relicta
1573 3533 1702 3577 sunt
1753 3525 2046 3595 colligere:

473 3596 618 3661 quod
671 3592 877 3652 faciunt
922 3615 1207 3671 pauperes.
1254 3603 1407 3661 Sicut
1451 3608 1636 3677 igitur,
1671 3592 1907 3681 quando
1942 3615 2047 3670 mei

472 3683 784 3755 diligentem
829 3703 1018 3744 curam
1059 3694 1307 3763 gerebas,
1353 3698 1603 3765 palmites
1650 3691 1805 3757 meos
1849 3718 2043 3760 omnes

477 3795 649 3848 usque
694 3781 761 3847 ad
807 3782 1067 3839 minimos
1132 3790 1507 3859 expurgabas,
1552 3807 1718 3861 prava
1765 3795 2045 3861 excideris,

470 3869 724 3927 auferens
770 3889 928 3928 uvam
980 3874 1120 3933 fellis
1170 3886 1225 3933 et
1270 3880 1461 3937 botros
1509 3884 1921 3951 amaritudinis;
1972 3886 2045 3941 ita

472 3975 622 4015 meos
650 3976 868 4030 quoque
903 3965 1246 4025 adversarios
1281 3986 1496 4026 racema
1538 3991 1550 4025 :
1594 3973 1697 4028 hoc
1729 3975 1873 4028 enim
1909 3976 2043 4029 mihi

2169 1876 2427 1951 ἀγαπητὴ
2451 1879 2537 1933 διὰ
2570 1881 2693 1944 τοὺς
2726 1882 2963 1954 πατέρας
3001 1884 3342 1957 ὑπάρχουσα.
3374 1888 3465 1941 Διὸ
3494 1890 3586 1943 τὸν
3615 1893 3745 1962 eum

2168 1968 2497 2035 ἀκούσαντες
2542 1973 2862 2043 στεναγμὸν,
2904 1976 2998 2028 καὶ
3040 1977 3140 2048 τὴν
3180 1979 3360 2032 αἰτίαν
3404 1980 3594 2034 τούτου
3626 1985 3748 2054 νοή-

2171 2077 2316 2120 σατε,
2367 2061 2559 2116 Τέλεον
2591 2062 2700 2135 γὰρ
2741 2066 2825 2132 ἐφ’
2860 2066 3101 2139 ὑμετέρα
3152 2070 3395 2141 σωτηρίᾳ
3449 2074 3747 2139 ἐγκαταλέσ-

2166 2153 2415 2224 λειμμαι,
2441 2156 2515 2227 μὴ
2542 2155 2741 2227 ἔχουσα
2764 2157 2855 2212 τὸν
2888 2158 2973 2215 ἀεί
3003 2176 3070 2230 με
3092 2162 3587 2234 παραμυθούμενον
3613 2170 3746 2236 μετὰ

2168 2246 2360 2315 πεῖραν
2430 2244 2616 2299 κακῶν
2638 2264 2651 2278 ·
2704 2245 2799 2300 νῦν
2850 2247 2960 2319 γὰρ
3043 2248 3355 2313 ἐξέλειπεν
3417 2252 3618 2323 ἅρχων
3677 2255 3744 2331 ἐξ

2179 2335 2393 2399 Ἰούδα,
2444 2337 2544 2390 καὶ
2603 2340 2938 2408 ἡγούμενος
2977 2340 3049 2394 ἐκ
3103 2340 3225 2395 τῶν
3271 2343 3480 2412 μηρῶν
3533 2347 3744 2403 αὑτοῦ·

2163 2422 2311 2496 ἦλθε
2336 2426 2446 2495 γὰρ
2470 2419 2519 2493 ᾦ
2558 2424 2639 2498 ἦν
2670 2429 2743 2482 τὰ
2773 2430 3158 2500 ἀποκείμενα,
3192 2432 3232 2500 ἡ
3263 2434 3590 2501 προσδοκία
3622 2436 3742 2494 τῶι

2163 2517 2371 2584 ἐθνῶν,
2408 2513 2581 2591 οὗπερ
2633 2520 3017 2592 ὲκδικουμένου
3060 2522 3159 2576 τοῦ
3200 2525 3446 2595 αἵματος,
3497 2526 3679 2591 οὐδεὶς.
3700 2533 3730 2582 ὀ

2166 2611 2500 2682 παρακαλῶν
2534 2612 2614 2665 ἔτι
2642 2612 2741 2685 τὴν
2774 2614 3151 2687 Ἰερουσαλήμ,

2234 2702 2511 2759 Είσέλθοι
2544 2703 2710 2760 πᾶσα
2735 2707 2774 2774 ἠ
2811 2708 2990 2761 κακία
3011 2707 3211 2762 αὐτῶν
3236 2710 3387 2764 κατὰ
3420 2714 3748 2779 πρόσωπόν

2162 2810 2298 2847 σου.
2335 2794 2624 2861 Τουτέστι,
2658 2796 2733 2867 μὴ
2763 2798 2858 2851 ἐπὶ
2888 2798 3048 2852 πλέον
3081 2798 3254 2871 ἀφεθῇ
3293 2802 3526 2873 χρῆσθαι
3564 2805 3743 2861 αὐτῶν

2161 2884 2194 2951 ἡ
2218 2882 2406 2946 κακία,
2433 2883 2640 2952 γένοιτο
2661 2884 2718 2938 δέ
2744 2903 2838 2939 σου
2867 2890 2925 2940 ὲν
2943 2890 3237 2961 ἐπισκοπῇ,
3256 2891 3332 2954 ὼς
3354 2894 3406 2944 et
3427 2910 3506 2956 τις
3528 2894 3745 2961 εὔξαιτο

2159 2973 2447 3044 τραύματα
2504 2979 2585 3040 είς
2633 2979 2754 3047 ὄψιν
2802 2977 2974 3032 ἐλθεῖν
3027 2980 3213 3053 ἰατροῦ
3262 2982 3398 3054 πρὸς
3445 2984 3507 3038 τὸ
3555 2988 3742 3055 τυχεῖν

2160 3065 2369 3129 τελείας
2402 3068 2615 3131 ἰάσεως.
2647 3069 2819 3123 Τοῦτο
2844 3071 2952 3141 γὰρ
2980 3071 3060 3137 τὸ,
3096 3071 3282 3129 πᾶσα.
3317 3074 3602 3146 Μακάρων
3637 3076 3737 3147 μὲν

2160 3156 2268 3228 γὰρ
2304 3157 2537 3227 μάλιστα
2571 3159 2632 3212 τὸ
2668 3159 2743 3231 μὴ
2773 3161 3059 3233 ἁμαρτεῖν,
3092 3163 3341 3236 δεύτερον
3376 3165 3432 3218 δὲ
3460 3165 3521 3220 τὸ
3555 3168 3733 3223 πᾶσαν

2156 3247 2315 3318 ἡμῶν
2344 3250 2754 3308 ἐπισκοπεῖσθαι
2786 3252 2936 3323 παρὰ
2957 3253 3093 3313 Θεοῦ
3116 3255 3213 3326 τὴν
3246 3256 3467 3329 κακίαν.

2224 3433 2336 3487 Καὶ
2389 3433 2796 3502 ἐπιφύλλισον
2849 3437 3072 3504 αὺτοῖς.
3143 3439 3521 3508 Ἐπιφυλλίσαι
3565 3441 3620 3494 δὲ
3672 3443 3735 3498 τὸ

2156 3524 2295 3593 μετὰ
2328 3526 2596 3597 τρυγητὸν
2623 3528 2690 3581 τὰ
2718 3528 2926 3600 βραχέα
2964 3529 3072 3582 τῶν
3101 3530 3567 3598 καταλειφθέντων
3607 3534 3731 3585 ἐπι-

2150 3616 2379 3684 τρυγᾷν,
2409 3616 2544 3687 ὅπερ
2589 3617 2830 3671 ποιοῦσιν
2873 3621 2922 3671 οί
2952 3620 3202 3689 πένητες.
3247 3621 3452 3690 Ὥσπερ
3480 3615 3573 3673 οὖν
3593 3660 3606 3684 ,
3637 3622 3727 3674 ὅτε

2153 3707 2259 3776 μὲν
2303 3708 2632 3772 έπεσκόπεις
2683 3710 2986 3781 ἐπιμελῶς,
3043 3710 3333 3782 ὲκάθαιρες
3377 3711 3445 3767 τὰ
3477 3710 3730 3782 κλήματα

2152 3814 2253 3868 μου
2310 3798 2485 3852 πάντα
2539 3799 2610 3853 τὰ
2665 3801 2885 3872 χείρονα
2937 3801 3098 3873 μέχρι
3151 3800 3259 3856 τῶν
3316 3802 3723 3871 σμικροτάτων,

2149 3889 2447 3960 περιαίρων
2477 3889 2576 3959 τὴν
2608 3891 2885 3963 σταφυλὴν
2922 3893 3022 3963 τῆς
3054 3892 3215 3964 χολῆς
3249 3891 3343 3961 καὶ
3372 3892 3498 3955 τοὺς
3532 3892 3725 3963 βότρυς

2148 3981 2253 4049 τῆς
2283 3982 2528 4052 πικρίας,
2555 3982 2696 4036 οὕτω
2728 3985 2855 4046 τοὺς
2882 3984 3050 4053 ἐμοὺς
3082 3983 3309 4055 ἐχθροὺς
3340 3984 3684 4052 ὲπιφύλλισον
3703 4000 3716 4021 ε

472 4049 603 4104 utile
635 4060 739 4115 est,
772 4052 840 4115 si,
867 4064 1155 4126 postquam
1193 4061 1297 4130 ipsi
1324 4061 1563 4131 perfecte
1594 4065 1789 4120 salvati
1817 4065 2040 4134 fuerint,

2166 4071 2303 4125 τοῦτο
2342 4049 2450 4143 γάρ
2484 4090 2574 4143 μοι
2621 4049 2928 4137 λυσιτελὲς,
2961 4074 3095 4143 εἴγε
3111 4049 3237 4143 μέτ’
3282 4072 3475 4136 αὐτοὺς
3503 4072 3720 4135 τελείως

464 4154 566 4212 ego
611 4143 776 4213 etiam
826 4147 1127 4203 secundum
1170 4160 1353 4220 tuum,
1403 4171 1437 4209 ο
1469 4154 1719 4223 Domine,
1766 4157 2037 4227 judicium

2166 4162 2421 4227 ιωθέντας
2469 4162 2624 4232 κάγὼ
2675 4166 2811 4216 κατά
2864 4163 2962 4233 τὴν
3008 4164 3146 4233 σὴν,
3188 4157 3236 4219 ὦ
3281 4163 3474 4235 Κύριε,
3511 4163 3717 4232 κρίσιν,

463 4232 696 4289 salutem
735 4250 1016 4306 assequar.
1058 4238 1170 4296 Hos
1197 4258 1298 4313 ego
1325 4245 1512 4302 videns
1553 4247 1903 4305 vehementer
1940 4251 2039 4305 do-

470 4323 551 4356 han
627 4340 821 4356 ΜΛΔ-ιη
862 4327 1038 4356 :nanlm
1090 4331 1387 4356 -.....I-..._-_
1448 4336 1598 4356 :___-
1641 4337 1775 4356 .s-,,-
1892 4352 1901 4356 -

2166 4253 2396 4326 εεύξομαι
2425 4256 2696 4327 σωτηρίας
2715 4274 2727 4286 ’
2753 4255 2844 4319 οὓς
2870 4232 3391 4356 ὁρῶσαλελύπημῢ
3410 4272 3469 4308 τε
3492 4256 3713 4356 σφόδραί

466 4323 580 4389 leo,
627 4340 822 4394 meque
862 4327 1039 4395 ipsum
1087 4331 1413 4399 condemno,
1448 4336 1843 4405 inspectionem
1890 4352 2037 4407 tuam

2166 4347 2238 4400 ιαὶ
2272 4323 2839 4421 κατέγνων-ἐμαυτῆς,
2876 4323 2976 4418 τῆς
2998 4348 3299 4418 ἐπισκοπῆς
3324 4349 3421 4419 τῆς
3440 4348 3589 4417 παρά
3620 4346 3713 4400 σοῦ

464 4411 784 4482 implorans.
1554 4418 1558 4422 ’

2166 4438 2370 4509 ἱεομένη
2384 4477 2394 4487 .

1066 4506 1295 4563 CAPUT
1361 4511 1427 4565 11.
2071 4506 2093 4531 ε

538 4595 687 4653 Vers.
726 4599 781 4652 5.
823 4599 1094 4671 Confregit
1127 4601 1183 4654 in
1220 4602 1304 4655 ira
1333 4603 1533 4672 furoris
1566 4610 1649 4661 sui
1679 4626 1832 4666 omne
1866 4630 2032 4667 cornu

2797 4531 2952 4584 ΚΕΦ.
2993 4531 3055 4581 Β.

2214 4617 2603 4671 Συνέκλασεν
2648 4619 2718 4672 ἐν
2746 4617 2896 4688 ὀργῇ
2938 4620 3128 4687 θυμοῦ
3162 4620 3347 4675 αὐτοῦ
3377 4622 3502 4676 πᾶν
3535 4621 3710 4689 κέρας

468 4686 656 4740 Israel.
687 4687 877 4744 Simile
897 4698 983 4744 est
1002 4688 1319 4745 Davidicum
1347 4692 1479 4749 illud
1506 4696 1546 4726 "
1568 4713 1580 4747 :
1615 4696 1808 4752 Omnia
1835 4717 2034 4756 cornua

2166 4707 2416 4774 Ισραήλ.
2463 4709 2686 4777 Ὅμοιον
2730 4686 2889 4781 παρὰ
2921 4710 3084 4765 Δαυῖδ
3113 4711 3203 4764 τόδ
3255 4711 3459 4765 Πάντα
3501 4712 3573 4767 τὰ
3598 4686 3711 4766 ad»

462 4786 796 4849 peccatorum
828 4780 1144 4853 confringet.
1193 4782 1443 4856 lntelligit
1479 4797 1659 4844 autem
1702 4808 1847 4849 nunc
1885 4797 2035 4865 prin—

2166 4810 2283 4846 »ata
2302 4793 2420 4848 τῶν
2442 4796 2801 4864 ἁμαρτωλῶν
2816 4780 3180 4854 νσυνθλάσει.
3203 4801 3362 4870 Λέγει
3385 4802 3442 4855 δὲ
3468 4802 3562 4856 νῦν
3583 4800 3710 4864 τοὺς

460 4868 639 4935 cipes,
696 4868 748 4921 in
797 4870 999 4938 quibus
1049 4874 1227 4943 gentis
1280 4876 1449 4931 robur
1497 4880 1749 4936 consistit
1792 4884 1935 4940 sicut
1977 4887 2031 4940 in

2166 4885 2423 4955 ὶρχοντας,
2458 4889 2516 4940 ἐν
2545 4885 2624 4953 οἷς
2649 4892 2681 4961 ἡ
2710 4888 2804 4944 τοῦ
2837 4890 3021 4956 ἔθνους
3048 4894 3201 4962 ἰσχὺς
3230 4868 3484 4963 καθάπερ
3509 4895 3566 4946 ἐν
3596 4896 3709 4956 τοίς

460 4957 762 5028 cornigeris
792 4961 1150 5030 animalibus;
1174 4972 1228 5020 et
1248 4967 1375 5035 quia
1401 4970 1754 5037 praeeminent
1782 4989 2028 5045 corpore,

2166 4980 2495 5050 ιερασφόροις
2515 4982 2622 5036 τῶν
2654 4957 2807 5047 ζώων
2826 5002 2840 5014 ·
2872 4986 2966 5040 καὶ
2986 4957 3135 5040 διάτῖ
3148 4987 3241 5040 τοῦ
3267 4957 3512 5058 σώματος
3533 4987 3707 5059 ἔξοχοι

456 5051 600 5107 sicut
650 5050 911 5120 primates
958 5053 1214 5110 subditis.
1272 5056 1459 5115 Daniel
1508 5076 1727 5133 quoque
1770 5068 2029 5123 cornibus

2169 5071 2275 5125 ατὰ
2316 5072 2423 5127 τῶν
2453 5074 2708 5146 ὑπηκόων
2741 5077 2791 5130 οἱ
2821 5076 3098 5149 ἄρχοντες.
3142 5079 3252 5132 Καὶ
3290 5050 3501 5151 Δανιὴλ
3517 5050 3587 5132 δὲή

455 5157 620 5214 regna
658 5142 995 5212 comparavit
1025 5144 1089 5198 ".
1121 5144 1405 5215 Signiﬁcat
1433 5160 1486 5205 et
1508 5167 1680 5207 cornu
1724 5157 2029 5224 superioris

2167 5163 2408 5229 ασιλείας
2439 5142 2704 5225 ἀπείκασε
2729 5142 2940 5240 κέρα-στι..
2975 5170 3137 5242 Δηλοῖ
3160 5171 3216 5224 δε
3247 5173 3342 5226 καὶ
3373 5142 3469 5243 τὴν
3503 5172 3703 5242 ὑπερο-

452 5235 649 5288 animae
695 5233 866 5303 partis
917 5231 1141 5301 fastum,
1193 5247 1251 5291 ut
1295 5255 1422 5295 cum
1467 5242 1670 5297 dicitur
1696 5246 1737 5278 η
1786 5262 1797 5295 :
1847 5245 2026 5313 Nolite

2166 5256 2255 5311 ίαν
2285 5256 2379 5310 τοῦ
2413 5259 2740 5328 ἡγεμονικοῦ
2769 5231 2830 5313 τὶ
2863 5231 3050 5334 κέρας,
3079 5261 3155 5324 ὡς
3178 5263 3247 5329 ὲν,
3266 5261 3371 5331 θεῷ’
3408 5231 3505 5331 iiii;
3535 5231 3705 5323 ἐπαί-

446 5324 700 5379 extollere
745 5325 802 5379 in
838 5325 1005 5379 altum
1051 5343 1213 5382 cornu
1256 5343 1503 5387 vestrum.
1551 5335 1814 5393 Avertens
1860 5339 2023 5405 igitur

2166 5365 2258 5400 ετε
2304 5352 2389 5416 εὶς
2434 5324 2593 5418 tiu-voc
2635 5351 2701 5404 τὸ
2741 5324 2943 5420 κέρας’
2967 5326 3149 5421 ὖμῶν.
3198 5324 3565 5425 ’Ᾰποστρέφας
3609 5349 3702 5408 οὖν

452 5427 747 5471 retrorsum
814 5418 1109 5473 salvantcm
1179 5437 1439 5488 manum,
1505 5425 1633 5481 fecit
1683 5429 1804 5483 illos
1862 5430 2020 5501 facile

2166 5436 2287 5491 ὑτοῦ
2319 5439 2417 5510 τὴν
2445 5439 2720 5505 σώζουσαν
2754 5445 2929 5513 χεῖρα,
2957 5445 3066 5504 τοῖς
3094 5441 3371 5512 πολεμίοις
3401 5442 3700 5519 εὐαλώτους

451 5511 837 5579 expugnabilcs
886 5513 1167 5580 hostibus,
1216 5535 1356 5588 quos
1402 5529 1456 5576 et
1502 5522 1775 5579 flatnmam
1838 5528 2018 5581 ouruia

2166 5530 2398 5602 ποίησεν,
2431 5530 2524 5595 οὓς
2544 5531 2623 5611 3351
2658 5533 2751 5592 καὶ
2785 5532 2953 5599 φλόγα
3002 5533 3175 5585 πάντα
3214 5533 3538 5588 δαπανῶσαν
3568 5532 3696 5601 ἑκάς

542 5684 584 5719 ⁸⁵
625 5683 779 5741 Rom.
818 5703 935 5752 χιιι,
975 5690 1057 5744 10.
1138 5695 1178 5725 ³⁵
1218 5696 1349 5751 Gen.
1387 5714 1532 5766 κως,
1568 5700 1648 5758 10.
1727 5704 1770 5737 ⁸⁷
1797 5705 1943 5760 i’sal.
1979 5723 2160 5771 mm,
2196 5709 2274 5761 11.

2392 5707 2434 5738 ¹⁸
2463 5708 2572 5774 Dan
2629 5725 2743 5777 ιιιι,
2774 5710 2824 5763 5.
2911 5711 2949 5741 ’τ’
2976 5712 3117 5766 Psal.
3149 5731 3333 5783 LXXIV,
3366 5715 3420 5771 5.
