4070 6296
442 310 552 368 633

1669 304 1981 360 ΞΕΙΕΕΤΑ
2013 301 2080 356 IN
2113 302 2456 359 TllBENOS.

3578 299 3683 356 631

445 430 623 485 λεσεν.
650 428 831 490 Είπθις
874 426 918 479 δ’
951 426 1019 480 ἂν
1062 423 1160 479 καὶ
1203 425 1310 478 πᾶν
1344 423 1543 494 ὑψηλὸν
1590 423 1768 495 νόημα
1812 423 2001 494 κέραςι

2121 420 2466 474 devorantem
2498 417 2806 489 appellauit.
2844 416 3050 471 Dixeris
3075 416 3236 472 etiam
3264 431 3431 472 cornu
3464 434 3682 474 onmem

450 522 547 575 καὶ.
580 520 689 589 πῦρ
719 519 786 571 τὰ
800 514 957 585 πάθη
984 516 1096 584 τῆς
1113 517 1370 585 ἀτιμίας,
1402 509 1482 579 οἷς
1501 517 1529 568 ὁ
1550 513 1880 585 πλημμελῶν
1899 531 2013 567 πα-

455 613 736 684 ραδίδοται,
781 610 962 663 πᾶσαν
986 609 1086 679 τὴν
1115 608 1415 662 κυκλοῦσαν
1432 607 1702 677 ἀπολέσας
1740 605 2011 677 βοήθειαν,

450 701 587 754 κατά
616 699 705 751 τόο
734 696 1109 767 Παρεμόαλεῖ
1140 695 1393 766 ἅγγελος
1416 697 1636 764 Κιιρίου
1668 697 1871 762 κύκλῳ
1897 693 2016 748 τῶν

447 787 832 859 φοϐουμένων
856 788 1062 842 αὐτόν.

526 876 810 932 Ἐνέτεινε
835 877 1021 942 τόξον
1043 877 1250 941 αὑτοῦ,
1283 877 1365 943 ὡς
1390 875 1621 946 ἐχθρός.
1662 875 1772 928 Καὶ
1808 874 1918 946 γὰρ
1953 876 2013 927 ἐν

441 966 518 1038 τῷ
543 966 657 1038 ναῷ
685 968 786 1031 τὰς
832 967 1046 1038 σφαγὰς
1080 966 1385 1038 ἐτόλμησαν
1424 968 1473 1019 oi
1520 965 1765 1036 πολέμιοι
1806 982 2015 1035 συγχω-

443 1057 660 1130 ροῦντος
696 1057 794 1112 τοῦ
825 1058 978 1112 Θεοῦ.
1016 1057 1209 1120 Καλῶς
1231 1058 1289 1111 δὲ
1315 1057 1405 1120 τὸ,
1428 1057 1509 1122 ὠς
1537 1056 1743 1124 ἐχθρός
1772 1072 1785 1085 ·
1816 1056 1876 1107 οὐ
1906 1054 2013 1125 γὰρ

440 1150 742 1221 ἐχθραίεέων
770 1149 983 1213 κολάζει
1012 1150 1041 1202 ὁ
1072 1149 1222 1215 Θεὸς,
1252 1148 1364 1203 ἀλλ’
1388 1148 1665 1219 ὠφελῆσαι
1698 1147 2014 1218 βουλόμενος

441 1242 475 1312 ἢ
504 1243 634 1305 τοὺς
667 1243 976 1312 πάσχοντας
1012 1241 1045 1311 ἢ
1080 1242 1205 1304 τοὺς
1234 1240 1490 1313 ὁρῶντας.
1529 1239 1737 1310 Σκηνὴν
1770 1239 1828 1292 δὲ
1860 1237 2015 1292 καλεῖ

441 1332 533 1395 τὸν
564 1333 691 1386 ναδν
715 1333 855 1389 κατὰ
878 1334 939 1387 τὸ
977 1332 1039 1399 ἐξ
1068 1332 1244 1405 ἀρχῆς
1270 1332 1547 1403 ἁγίασμα,
1590 1333 1683 1385 καὶ
1731 1330 1880 1397 τόξον
1911 1332 2012 1402 τὴν

439 1426 818 1497 τιμωρητικὴν
862 1424 1089 1495 δύναμιν
1118 1424 1193 1488 ὡς
1226 1426 1285 1477 ὲν
1318 1423 1658 1491 Ἄόϐακούμ·
1706 1422 2013 1477 Ἐντείνων

438 1514 699 1582 ἐντενεῖς
755 1515 822 1569 τύ
864 1515 1047 1581 τόξον
1085 1530 1201 1570 σου
1226 1514 1324 1569 ἐπὶ
1376 1514 1449 1569 τὰ
1487 1514 1799 1583 σκῆπτρα,
1849 1513 2011 1583 λέγει

439 1605 682 1673 Κύριος,
723 1605 824 1670 τὰς
868 1606 1247 1677 ἀντικειμένας
1299 1605 1537 1678 δηλονότι
1582 1606 1758 1676 ἀρχάς
1806 1622 1867 1658 τε
1917 1608 2010 1661 καὶ

437 1693 701 1759 ἐξουσίας.
767 1696 825 1750 Ὀ
856 1696 986 1759 Υἱὸς
1014 1697 1093 1762 δὲ,
1135 1696 1284 1762 δεξιὰ
1332 1696 1426 1750 τοῦ
1477 1696 1610 1749 Θεοῦ
1655 1698 1749 1750 καὶ
1796 1698 2008 1767 Πατρὸς

2117 510 2404 565 sublimem
2441 526 2684 576 sensum,
2704 518 2756 564 et
2784 508 2962 578 ignem
3001 509 3269 578 passiones
3294 510 3593 579 ignominia:
3614 511 3683 578 ",

2116 600 2315 670 quibus
2362 611 2612 671 peccator
2661 601 2914 665 traditur,
2980 599 3186 654 amisso
3234 602 3385 654 enini
3441 602 3680 657 circum-

2116 696 2349 750 vallante
2396 696 2632 760 auxilio,
2673 696 2830 766 juxta
2865 695 2994 749 illud
3022 694 3107 748 “z
3164 692 3422 747 Immittet
3468 692 3682 763 angelus

2115 785 2331 840 Domini
2362 789 2417 841 in
2453 789 2679 841 circuitu
2721 787 3019 840 timentium
3052 784 3221 839 illum.

2182 877 2349 948 336
2386 876 2539 933 Vers.
2571 880 2625 931 4.
2670 877 2907 932 Tetendit
2939 892 3120 930 arcum
3148 891 3303 928 suum
3326 875 3479 945 quasi
3505 875 3683 927 inimi-

2113 984 2226 1021 cus.
2297 967 2512 1022 Etenim
2559 969 2746 1023 hostes
2808 968 2861 1021 in
2902 967 3133 1037 templo,
3174 964 3285 1020 Deo
3320 965 3680 1035 permittente,

2115 1058 2289 1113 caedes
2332 1057 2513 1113 facere
2573 1060 2691 1115 ausi
2738 1068 2886 1114 sunt.
2937 1058 3103 1113 Recte
3160 1071 3290 1110 vero
3336 1056 3539 1111 dictum
3575 1068 3678 1118 est,

2111 1149 2264 1218 quasi
2291 1149 2572 1215 inimicus;
2604 1166 2711 1205 non
2741 1150 2885 1205 elilll)
2918 1147 3231 1203 inimicitias
3257 1161 3514 1201 exercens
3542 1145 3683 1201 Dens

2113 1240 2300 1308 punit,
2342 1240 2435 1295 sed
2477 1241 2738 1310 prodesse
2784 1240 2974 1295 volens
3013 1238 3096 1293 vel
3131 1238 3198 1292 iis
3247 1238 3341 1307 qui
3376 1236 3679 1304 patiuntur,

2111 1331 2196 1385 vel
2239 1332 2305 1386 iis
2337 1332 2429 1400 qui
2468 1331 2671 1385 vident.
2736 1330 3168 1386 Tabernaculum
3216 1344 3377 1399 porro
3421 1328 3679 1396 templum

2112 1430 2267 1476 vocat
2294 1430 2511 1492 propter
2537 1422 2819 1492 antiquum
2862 1420 3233 1476 sanetuarium
3258 1437 3272 1486 ;
3327 1434 3513 1472 arcum
3544 1433 3683 1487 quo-

2109 1524 2215 1578 que
2255 1510 2362 1562 vim
2399 1508 2645 1564 ultricem
2675 1548 2689 1572 ,
2730 1517 2788 1562 ut
2832 1508 2886 1561 in
2931 1507 3169 1561 Abacum
3208 1505 3404 1575 legitur
3445 1503 3522 1554 ηε
3568 1501 3684 1555 Ea:-

2109 1599 2323 1653 tendeus
2366 1607 2609 1653 extendes
2653 1615 2837 1652 arcum
2878 1608 3025 1651 tuum
3065 1598 3121 1649 in
3152 1606 3379 1665 sceptra,
3414 1593 3546 1646 dicit
3576 1591 3683 1646 Do-

2110 1693 2304 1756 minus,
2331 1693 2674 1748 adversarios
2699 1693 2906 1748 scilicet
2926 1690 3260 1761 principatus
3285 1698 3339 1742 et
3364 1693 3678 1756 potestates.

436 1781 927 1855 ὑπάρχων,σφόὃρα
956 1784 1387 1854 κατηγωνίσατο,
1409 1782 1719 1845 καταλύσας
1742 1784 1836 1836 καὶ
1863 1766 2001 1853 ἆπερ

2109 1785 2280 1841 Filius
2310 1795 2515 1853 autem,
2562 1785 2655 1850 qui
2710 1784 2931 1838 dextera
2962 1781 3054 1836 Dei
3085 1780 3262 1835 Patris
3304 1788 3409 1843 est,
3465 1777 3681 1832 fortiter

434 1873 492 1936 ἐν
523 1872 637 1944 ναῷ
668 1874 801 1928 Θεοῦ
842 1874 1075 1945 ἔστησαν
1106 1873 1299 1928 εἴδωλα
1343 1872 1542 1944 (ταῦτα
1592 1872 1700 1945 γὰρ
1741 1871 2008 1941 ἐπιθυμή-

437 1979 584 2043 ματα
614 1963 967 2035 ὀφθαλμῶν),
995 1963 1319 2027 ἀποκτείνας
1344 1959 1466 2017 ἀντϊ
1495 1961 1602 2015 τῶν
1626 1959 1856 2015 εἰδώλων
1883 1961 2008 2023 τοὺς

436 2052 827 2123 ἐνοικήσοντας
850 2053 1127 2122 δαίμονας.

505 2143 905 2196 Κατεπόντισε
937 2142 1137 2208 πάσας
1184 2141 1289 2210 τὰς
1328 2141 1538 2210 ,ϐάρεις
1563 2139 1768 2197 αὐτοῦ.
1813 2140 2009 2211 Βάρεις

430 2232 533 2297 τὰς
558 2234 733 2298 οἰκίας
767 2234 949 2305 φησὶν,
975 2234 1119 2306 ἀπερ
1141 2235 1463 2299 βασιλείας
1503 2230 1762 2296 ἐξέδωκεν
1799 2234 1828 2285 ὁ
1865 2232 2010 2302 Σύμ-

436 2340 628 2393 μαχος.
682 2322 1152 2393 Ἐπαναλαμὸάνει
1183 2322 1239 2375 δὲ
1270 2324 1394 2385 τοὺς
1432 2321 1682 2393 θρήνους,
1714 2321 1789 2385 ὼς
1820 2322 1885 2376 ἄν
1923 2340 2008 2386 τις

432 2412 526 2463 ἐπὶ
552 2410 736 2464 πένθει
765 2411 1095 2483 περιαλγῶν.
1119 2412 1287 2465 Πάλιν
1309 2412 1365 2464 δὲ
1393 2412 1682 2477 δείκνυσιν,
1715 2413 1791 2476 ὡς
1814 2431 2005 2467 ταπει-

430 2501 519 2554 νὸν
567 2501 823 2573 λογισμὸν
860 2501 955 2555 καὶ
996 2502 1254 2573 ταπεινὴν
1285 2502 1574 2572 ἀνείληφεν
1601 2503 1807 2557 ἔννοιαν
1826 2544 1841 2569 ,
1868 2505 2004 2558 καθ-

434 2592 759 2663 αιρεθέντων
807 2591 914 2645 τῶν
955 2592 1030 2655 ὡς
1092 2592 1409 2663 οἰκημάτων
1467 2608 1526 2644 τε
1571 2593 1667 2647 καὶ
1700 2594 2004 2665 φρουρίων,

432 2682 683 2754 καθάπερ
735 2682 1083 2754 πληρούντων
1128 2683 1189 2736 τὸ
1235 2684 1588 2755 ἡγεμονικόν·
1649 2685 1840 2756 ἀρεταὶ
1906 2685 2005 2757 μὲν

431 2774 539 2853 γὰρ
569 2774 641 2827 τὰ
676 2776 978 2846 οῐκήματα’
1016 2774 1107 2827 ὑπ’
1137 2773 1315 2828 αὐτῶν
1350 2775 1459 2847 γὰρ
1492 2774 1837 2847 σκεπόμεθα’
1877 2778 2003 2847 ὀχυ-

436 2864 665 2937 ρώματα
701 2865 760 2918 δὲ
809 2867 860 2917 οἱ
906 2865 1287 2938 ἀναντίρῤητοι
1329 2866 1593 2937 λογισμοί.
1644 2866 1719 2919 Οὐ
1759 2865 1869 2939 γὰρ
1909 2868 2004 2920 ἐπὶ

431 2954 688 3025 χειρόνων
719 2953 873 3025 νῦνῆ
906 2953 1223 3023 καθαίρεσις
1259 2955 1595 3026 ὑψωμὼτων,
1631 2956 2002 3028 ἐπαιρομένων

437 3046 577 3099 κατά
600 3046 698 3117 τῆς
727 3044 978 3114 γνώσεως
1002 3044 1097 3098 τοῦ
1142 3045 1278 3099 Θεοῦ
1301 3047 1474 3113 ’,οὐδὲ
1514 3048 1836 3119 ταπεινότης
1881 3048 2002 3102 καθ’

429 3135 499 3204 ἦν
528 3152 613 3197 τις
664 3134 918 3205 μανθάνει
967 3134 1037 3187 τὰ
1084 3134 1421 3207 δικαιώματα
1465 3135 1559 3190 τοῦ
1604 3136 1768 3191 Θεοῦ·
1828 3138 2001 3193 ταῦτα

431 3229 539 3313 ’ςὶιρ
554 3230 745 3301 χαρᾶς,
778 3228 891 3282 ἀλλ’
920 3228 980 3282 οὐ
1010 3228 1207 3301 θρήνου
1239 3230 1482 3298 πέφυκεν
1508 3230 1653 3298 ἀξια.

503 3410 613 3464 Kal
634 3409 987 3466 διεπέτασεν
1004 3412 1084 3478 ὡς
1102 3410 1370 3480 ἄμπελον
1397 3412 1461 3465 τὸ
1482 3412 1768 3483 σκήνωμα
1790 3416 1997 3470 αὑτοῦ.

431 3501 641 3572 Σκηνὴν
689 3501 788 3573 μὶν
833 3502 924 3554 τὸν
969 3503 1097 3555 ναὸν
1116 3538 1134 3565 ,
1180 3502 1421 3573 ἄμπελον
1449 3503 1527 3556 δὲ’
1561 3505 1656 3557 καὶ
1705 3505 2001 3576 ἀμπελῶνα

426 3590 575 3659 λέγει
604 3591 695 3645 τὸν
730 3593 944 3664 Ἰσραὴλ
974 3593 1117 3647 κατά
1145 3594 1231 3651 τό⁴
1269 3597 1567 3663 Ἄμπελον
1596 3594 1665 3660 ἐξ
1696 3599 1999 3667 Αἰγύπτου

423 3681 706 3750 μετῆρας,
742 3682 894 3754 παρά
929 3684 1121 3736 Δαυίδ·
1158 3684 1270 3747 καὶ,
1318 3683 1615 3752 Ἆμπελὼν
1635 3686 1886 3754 ἐγενήθη
1919 3687 2000 3753 τῷ

423 3773 817 3843 ἠγαπημένῳ,
866 3774 1019 3848 παρά
1057 3774 1275 3845 Ἡσαΐᾳ.
1322 3775 1432 3827 Καὶ
1483 3775 1647 3828 Δαυὶδ
1695 3777 1794 3847 μὲν
1836 3774 1994 3831 εἷπε·

426 3865 562 3917 Ἵνα
615 3864 672 3917 τί
723 3864 995 3932 καθεῖλες
1043 3865 1150 3919 τόν
1208 3866 1481 3936 φραγμὸν
1508 3865 1740 3936 αὺτῆς;
1788 3868 1882 3922 καὶ
1929 3870 1999 3927 τὰ

422 3952 582 4024 ἑξῆς·
624 3957 654 4008 ὁ
683 3955 741 4009 δὲ
791 3957 1053 4020 Ἠσαῖῑσηςο
1099 3959 1391 4027 Ἀφείλετο
1437 3957 1544 4012 τὸν
1574 3958 1847 4029 φραγμὸν
1893 3962 1998 4014 αὺ-

423 4045 551 4107 τοῦ,
583 4046 677 4100 καὶ
702 4046 771 4100 τὰ
800 4047 893 4100 ἐπὶ
918 4047 1112 4118 τούτῳ.
1143 4048 1329 4101 Ταῦτα
1364 4048 1458 4102 καὶ
1484 4051 1513 4102 ὁ
1542 4049 1732 4119 παρὼν
1758 4049 1995 4121 ἐδήλωσε

421 4135 649 4208 θρῆνος·
684 4138 966 4202 συστείλας
997 4138 1191 4193 ἑαυτοῦ
1229 4140 1327 4211 τὴν
1371 4138 1615 4212 φρουρὰν
1648 4141 1676 4193 ὁ
1712 4139 1845 4205 Θεὸς
1882 4143 1996 4205 τοῖς

422 4227 700 4299 πολεμίοις
729 4229 1062 4300 παρέδωκεν,
1094 4230 1276 4291 οὐκέτι
1314 4231 1517 4298 κύκλῳ
1547 4230 1733 4285 αὐτοῦ
1772 4246 1994 4302 παρεμ-

420 4317 751 4385 ϐάλλοντος
774 4320 1053 4389 ἀγγέλου,
1076 4320 1160 4375 διὰ
1189 4320 1250 4374 τὸ
1284 4321 1358 4393 μὴ
1387 4321 1667 4390 φοϐεῖσθαι
1711 4323 1801 4377 τὸν
1839 4324 1988 4380 Θεόν.

2107 1877 2337 1944 devicit,
2377 1877 2673 1932 destructis
2710 1875 2875 1930 etiam
2911 1874 3071 1929 idolis
3099 1887 3221 1944 quae
3248 1872 3301 1924 in
3331 1870 3528 1939 templo
3556 1883 3681 1923 ere-

2109 1977 2194 2021 cta
2224 1976 2382 2021 erant
2425 1968 2564 2039 (haec
2598 1965 2742 2021 enim
2775 1972 2904 2021 sunt
2931 1963 3311 2018 desiderabilia
3346 1962 3676 2030 oculorum),

2109 2073 2207 2126 pro
2241 2058 2405 2112 idolis
2431 2056 2688 2111 occidens
2716 2054 3089 2109 inhabitantes
3124 2053 3418 2106 daemones.

2182 2146 2334 2203 Vers.
2373 2148 2427 2201 5.
2470 2144 2755 2200 Absorbuit
2790 2160 2966 2198 omnes
3002 2152 3173 2197 turres
3201 2142 3336 2211 ejus.
3366 2141 3469 2197 Per
3500 2150 3680 2195 turres

2107 2239 2302 2294 domos
2334 2237 2612 2307 intelligit;
2638 2235 3003 2306 Symmachus
3042 2232 3247 2303 palatia
3288 2232 3679 2301 interpretatus

2107 2337 2209 2383 est.
2245 2327 2457 2398 Repetit
2483 2336 2663 2381 autem
2692 2327 2951 2391 lamenta,
2984 2333 3041 2379 ut
3067 2324 3159 2393 qni
3189 2325 3242 2377 in
3267 2322 3415 2376 luctu
3443 2321 3679 2375 maxime

2106 2419 2273 2475 dolet.
2305 2418 2517 2473 Rursus
2557 2417 2796 2472 ostendit
2832 2431 2889 2471 se
2921 2416 3180 2470 humilem
3232 2428 3454 2469 sensum
3492 2420 3548 2466 et
3582 2426 3678 2466 con

2106 2512 2423 2583 gitationem
2474 2510 2735 2564 humilem
2789 2509 3126 2576 suscepisse,
3173 2504 3467 2560 destructis
3514 2502 3677 2572 quasi

2108 2596 2537 2651 habitationibus
2586 2604 2642 2650 et
2689 2595 3109 2661 munitionibus,
3161 2593 3362 2664 quibus
3411 2592 3677 2661 quodam-

2106 2686 2271 2741 modo
2301 2686 2557 2756 impletur
2582 2686 2833 2756 princeps
2865 2686 3060 2740 animre
3088 2699 3236 2754 pars.
3260 2681 3501 2737 Virtutes
3528 2682 3675 2735 enim

2106 2786 2235 2834 sunt
2272 2778 2666 2841 habitationes,
2715 2776 2823 2831 illis
2852 2777 2996 2831 enim
3042 2775 3307 2845 tegimur;
3342 2772 3677 2827 munitiones

2104 2885 2235 2925 vero
2302 2869 2747 2925 ratiocinationes
2808 2868 3009 2937 quibus
3069 2865 3249 2922 resisti
3308 2872 3416 2919 non
3474 2866 3671 2932 potest.

2102 2959 2222 3015 Non
2248 2960 2394 3014 enim
2427 2959 2479 3013 in
2509 2959 2705 3014 malam
2734 2966 2941 3029 partem
2973 2957 3061 3011 hic
3086 2954 3353 3024 accipitur
3376 2949 3677 3007 destructio

2105 3052 2451 3108 altitudinum
2519 3049 2892 3106 extollentium
2953 3063 3012 3104 se
3069 3047 3334 3102 adversus
3386 3042 3673 3101 scientiam

2106 3144 2200 3199 Dei
2220 3145 2299 3209 ";
2337 3158 2437 3198 nec
2486 3141 2806 3213 intelligitur
2856 3138 3185 3201 humiliatio.
3226 3152 3313 3207 per
3354 3151 3519 3206 quam
3546 3137 3673 3206 quis

2105 3237 2198 3292 Dei
2240 3236 2658 3308 justiﬁcationes
2708 3231 3031 3289 addiscit".
3104 3229 3230 3286 Haec
3277 3230 3422 3285 enim
3471 3228 3673 3299 gaudio

2106 3337 2255 3395 sunt,
2291 3344 2399 3383 non
2428 3328 2576 3382 luctu
2606 3325 2790 3396 digna.
3668 3332 3673 3343 '

2177 3421 2332 3476 Vers.
2368 3420 2423 3474 6.
2466 3418 2535 3473 Et
2568 3417 2819 3487 expandit
2868 3416 3020 3485 quasi
3066 3416 3220 3469 vitem
3270 3412 3670 3468 tabernaculum

2103 3524 2279 3563 suum.
2312 3507 2747 3563 Tabernaculum
2779 3507 2996 3575 quidem
3032 3505 3312 3573 templum,
3344 3504 3506 3556 vitem
3540 3515 3669 3554 vero

2103 3611 2169 3652 ac
2193 3599 2403 3652 vineam
2434 3595 2687 3652 lsraelem
2721 3603 2895 3657 vocat,
2919 3592 3073 3661 juxta
3109 3591 3237 3644 illud
3265 3587 3576 3642 Davidicum
3601 3586 3667 3636 ":

2113 3689 2329 3744 Vineam
2375 3704 2439 3742 ea:
2464 3685 2697 3758 [Egyptu
2743 3684 3031 3754 asportasti
3052 3698 3070 3747 ;
3108 3692 3160 3736 et
3198 3679 3340 3748 apud
3371 3678 3564 3733 Isaiam
3590 3677 3667 3731 "z

2110 3779 2273 3833 Vinea
2307 3778 2452 3848 facta
2484 3786 2561 3831 est
2590 3776 2806 3829 dilecto.
2842 3772 2906 3826 Et
2933 3771 3099 3824 David
3131 3768 3349 3838 quidem
3386 3766 3569 3822 subdit
3591 3765 3665 3819 ’τε

2104 3869 2171 3925 Ut
2198 3868 2323 3940 quid
2352 3868 2665 3921 destruxisti
2707 3878 2876 3933 sepem
2909 3860 3061 3928 ejus?
3094 3866 3149 3913 et.
3181 3873 3303 3927 quae
3333 3864 3669 3926 sequuntur;

2097 3961 2268 4015 Isaias
2296 3972 2424 4012 vero
2445 3957 2491 3988 ³⁸
2519 3975 2533 4011 :
2560 3954 2790 4009 Abstulit
2825 3966 2995 4020 sepem
3022 3949 3156 4018 ejus,
3193 3958 3247 4003 et
3274 3961 3396 4017 quae
3426 3961 3669 4015 sequen-

2099 4062 2205 4107 tur.
2278 4048 2405 4103 Hzec
2440 4047 2604 4102 etiam
2675 4057 2915 4114 praesens
2991 4039 3305 4095 lamentatio
3366 4040 3667 4094 denotarit.

2097 4142 2269 4207 Dens,
2311 4137 2560 4195 custodia
2617 4150 2717 4199 sua
2764 4141 3074 4195 contracta,
3122 4130 3373 4186 hostibus
3422 4129 3664 4193 tradidit,

2098 4248 2206 4288 non
2240 4230 2475 4301 amplius
2516 4229 2571 4281 in
2613 4226 2838 4281 circuitu
2886 4222 2998 4292 ejus
3022 4221 3206 4293 angelo
3258 4221 3574 4274 immittenle
3593 4219 3667 4286 ”,

2096 4338 2161 4379 eo
2195 4321 2341 4393 quod
2377 4319 2548 4374 Deum
2590 4333 2702 4372 non
2746 4316 2979 4371 timeret.
3015 4313 3282 4384 Tempora
3328 4325 3546 4381 quoque
3577 4326 3666 4365 se-

421 4410 751 4481 Κατήργησε
801 4410 858 4463 δὲ
901 4411 995 4465 καὶ
1049 4412 1175 4476 τοὺς
1224 4411 1366 4470 κατὰ
1411 4413 1573 4484 νόμον
1621 4415 1701 4478 είς
1741 4414 1993 4487 λατρείαν

2104 4415 2338 4471 cundum
2380 4412 2553 4481 legem
2597 4410 2665 4464 ad
2692 4407 2897 4463 cultum
2938 4407 3207 4463 destinata
3242 4403 3395 4459 irrita
3432 4401 3576 4467 fecit,
3606 4410 3666 4456 ut

420 4504 666 4575 καιροὺς,
694 4502 770 4567 ὡς
792 4505 851 4557 ὲν
897 4504 1097 4577 Ἡσαΐᾳ
1122 4505 1283 4576 φησί’
1315 4506 1615 4573 Νηστείαν
1644 4507 1741 4561 καὶ
1780 4509 1995 4577 ἀργίαν

2104 4508 2155 4561 in
2184 4505 2320 4560 Isaia
2351 4504 2549 4575 legitur
2573 4502 2619 4535 ³⁸
2650 4518 2665 4555 :
2694 4500 2990 4571 .Iejunium,
3029 4509 3079 4554 et
3116 4501 3302 4562 otium,
3328 4505 3377 4551 et
3416 4495 3665 4549 solemni—

420 4592 522 4646 καὶ
566 4592 675 4661 τὰς
714 4594 924 4663 ἑορτὰς
962 4593 1131 4666 ὑμῶν
1168 4596 1334 4666 μισεῖ
1376 4598 1414 4664 ὴ
1468 4598 1636 4668 ψυχή
1661 4617 1808 4669 μου·
1855 4602 1991 4672 ὅπερ

421 4683 592 4754 λήθην
641 4686 896 4740 ἐκάλεσεν
919 4727 935 4752 ,
986 4689 1098 4742 ἀλλ’
1133 4690 1228 4759 οὑιχ
1275 4689 1351 4751 ὡς
1405 4689 1576 4755 πάθος
1630 4693 1985 4765 ἀνθρώπινον.

420 4774 714 4844 Παρώξυνε
741 4776 797 4830 δὲ
824 4776 1046 4848 βασιλέα
1075 4780 1169 4833 καὶ
1201 4780 1351 4850 ἱερέα
1391 4780 1851 4850 ἀγανακτοῦντας,
1882 4784 1986 4849 ὅτι,

424 4864 580 4939 μερὶς
623 4864 774 4930 ὄντες
815 4867 950 4922 Θεοῦ
976 4909 991 4933 ,
1046 4868 1267 4923 τοιαῦτα
1316 4874 1447 4942 παρ’
1478 4873 1815 4929 ἀσεὸούντων
1865 4875 1989 4944 ὑψί-

424 4971 667 5010 στανται.

498 5039 797 5103 Ἀπώσατο
818 5051 1032 5119 Κύριος
1058 5052 1482 5121 θυσιαστήριον
1508 5055 1713 5109 αὐτοῦ.
1742 5055 1824 5109 Τά
1849 5056 1990 5109 λειτ-

418 5138 650 5209 ουργικὰ
678 5141 960 5210 παρέδωκε
988 5142 1190 5213 σκεύη,
1241 5143 1436 5213 μηκέτι
1466 5147 1587 5208 ταῖς
1621 5147 1750 5217 παρ’
1773 5146 1985 5199 ἀσεϐῶν

419 5226 631 5290 θυσίαις
675 5228 1151 5300 εὐαρεστούμενος,
1178 5230 1317 5284 κατά
1348 5231 1439 5284 τό·
1501 5233 1988 5303 Ὀλοκαυτώματα

419 5314 619 5385 κριῶν,
652 5318 751 5372 καὶ
796 5320 979 5389 στέαρ
1017 5321 1247 5388 ἀρνῶν,
1305 5324 1401 5376 καὶ
1438 5319 1582 5392 alga
1614 5327 1843 5393 ταύρων
1885 5329 1982 5382 καὶ

422 5406 649 5475 τράγων
673 5410 745 5463 οὐ
774 5411 1091 5481 βούλομαι.
1123 5413 1409 5485 Παρέδωκε
1437 5414 1491 5468 δὲ
1534 5416 1621 5468 καὶ
1663 5416 1724 5468 τὸ
1766 5418 1983 5489 συνέχον

2102 4608 2238 4653 tates
2284 4605 2481 4651 vestras
2537 4594 2649 4648 odit
2725 4597 2904 4649 anima
2939 4610 3076 4655 mea.
3114 4596 3254 4659 quod
3300 4594 3389 4648 hic
3426 4592 3660 4648 oblivio-

2097 4707 2223 4747 nem
2251 4689 2482 4750 vocavit.
2511 4689 2605 4744 scd
2634 4704 2740 4743 non
2775 4696 2832 4743 ut
2859 4688 3157 4742 humanum
3203 4686 3478 4742 aﬂ‘ectum.
3534 4686 3663 4741 Irri-

2096 4783 2231 4838 tavit
2277 4797 2494 4853 quoque
2539 4796 2723 4853 regem
2773 4791 2829 4835 et
2878 4779 3217 4836 sacerdotem
3276 4795 3422 4851 aegro
3472 4781 3659 4835 animo

2094 4876 2326 4931 ferentes
2349 4875 2516 4946 quod,
2536 4889 2659 4930 cum
2685 4872 2860 4944 portio
2884 4870 2978 4927 Dei
3002 4880 3206 4927 essent.
3229 4873 3357 4927 talia
3383 4872 3452 4927 ab
3476 4872 3659 4942 impiis

2094 4976 2424 5037 paterentur.

2166 5057 2318 5114 Vers.
2358 5057 2410 5113 7.
2449 5055 2660 5126 Repulit
2683 5054 2936 5110 Dominus
2963 5056 3132 5110 altare
3153 5072 3328 5111 suum.
3362 5053 3499 5109 Vasa
3533 5051 3656 5122 qui-

2093 5149 2195 5204 bus
2229 5146 2293 5202 ad
2327 5144 2685 5202 ministerium
2728 5160 2866 5215 opus
2897 5152 3043 5207 erat,
3076 5145 3316 5205 tradidit,
3362 5142 3653 5209 impiorum

2092 5238 2359 5296 sacrilleia
2407 5252 2694 5308 respuens,
2760 5237 3058 5291 secundum
3122 5231 3252 5287 illud
3277 5230 3653 5287 ":Holocau-

2092 5340 2294 5386 tomata
2327 5329 2577 5394 arietum,
2631 5337 2680 5382 et
2711 5326 2920 5396 adipem
2964 5342 3241 5397 agnorum,
3271 5333 3320 5378 et
3345 5321 3656 5393 sanguinem

2093 5433 2369 5479 taurorum
2394 5431 2444 5475 et
2467 5420 2736 5474 hircorum
2776 5419 2917 5474 nolo.
2951 5418 3196 5473 Tradidit
3226 5416 3388 5472 etiam
3433 5428 3653 5470 murum

492 5602 719 5681 “lium.
755 5622 791 5670 ι,
823 5607 934 5681 26.!
953 5610 994 5681 1‘
1024 5608 1162 5681 [δεδι.
1193 5626 1386 5673 xxxm,
1419 5612 1470 5666 8.
1533 5614 1578 5645 ¹¹
1606 5612 1799 5668 llabar.
1836 5632 1916 5681 ιιι,
1946 5619 1997 5674 9.

2113 5620 2155 5678 ll
2177 5623 2301 5679 (Tur.
2340 5635 2392 5679 κ.
2420 5618 2472 5671 5.
2547 5617 2591 5647 ³³
2616 5615 2758 5671 Psal.
2789 5631 2977 5679 CXVIII,
3007 5613 3095 5667 7|.
3173 5615 3215 5646 ’⁵
3240 5613 3381 5671 Psal.
3416 5628 3649 5679 Lxxvm,

425 5673 474 5729 εἶ’
556 5672 600 5705 u
621 5672 726 5740 [.51.
756 5680 864 5740 νεὶ·
893 5678 934 5708 ς’
952 5675 1091 5735 Ρδὶὶίι
1127 5695 1310 5749 LXXIX,
1500 5684 1542 5714 ²⁸
1566 5682 1669 5738 Ιδςι,
1701 5700 1750 5749 γ’
1785 5686 1836 5740 5.
1906 5672 2000 5743 ’πεδί

2104 5738 2123 5751 ,.
2163 5672 2438 5758 suae.
2514 5687 2555 5717 ³ο
2582 5685 2681 5741 lsa.
2721 5689 2870 5751 1,”.
2948 5672 2987 5717 εἰ
3010 5685 3142 5740 ibid.
3184 5684 3269 5743 te.
