4070 6296
503 391 611 449 (£55

1912 392 2009 450 EX
2047 391 2352 451 ORIGENE

3673 388 3789 445 63-6

502 513 876 570 continentem
907 513 1100 569 domos
1128 512 1386 579 civitatis,
1427 529 1522 569 seu
1556 513 1796 585 palatia,
1825 524 1884 570 ut
1911 531 2077 585 expo-

2178 517 2355 586 τςῖχος
2379 512 2480 578 τὰς
2507 512 2684 576 οῖκίας
2723 510 2822 582 τῆς
2857 509 3082 575 πόλεως,
3115 510 3282 581 ήγουν
3328 509 3399 563 τὰ
3444 509 3782 574 βασίλεια,

503 607 619 663 suit
657 603 1038 676 Symmachus.
1074 604 1143 659 At
1178 621 1306 659 vero
1346 606 1551 671 hostes,
1599 613 1868 675 occupato
1909 607 2072 661 etiam

499 694 665 765 337
699 694 914 764 templo,
949 702 1207 764 tanquam
1235 695 1302 749 de
1331 694 1573 764 perfecta
1615 695 1845 750 victoria
1877 695 2076 751 laetitiae

501 787 772 842 clamores
811 784 1066 840 edebant.
1112 784 1323 841 Anium
1352 787 1524 841 altare
1555 796 1639 843 est
1663 802 1788 858 pars
1823 787 1876 841 in
1918 786 2077 842 nobis

502 878 732 932 rationis
775 892 1033 946 compos,
1072 892 1169 947 per
1208 893 1373 949 quam
1412 878 1693 949 passiones
1741 878 2078 934 mortiﬁcata:

504 965 906 1023 sacriﬁcantur.

575 1055 732 1112 Vers.
763 1057 818 1112 8.
853 1057 1118 1128 Cogitavit
1154 1057 1408 1113 Dominus
1424 1058 1683 1128 dissipare
1708 1075 1916 1113 murum
1948 1059 2079 1129 ﬁlia:

504 1146 653 1201 Sion.
687 1145 861 1203 Omne
886 1147 1085 1218 quippe
1113 1149 1161 1203 ei
1197 1149 1592 1204 munimentum
1628 1151 1882 1216 abstulit,
1910 1151 2075 1219 puni-

500 1242 667 1296 tionis
706 1255 1021 1296 mensuram
1052 1242 1346 1298 extendens
1375 1260 1388 1297 :
1418 1243 1563 1313 quod
1590 1242 1754 1298 etiam
1788 1243 1927 1299 vidit
1974 1241 2077 1298 Za-

501 1331 740 1389 charias.

572 1441 836 1513 Luxitque
869 1442 1216 1499 antemurale.
1251 1443 1463 1513 Lugent
1495 1461 1686 1501 murus
1716 1454 1770 1501 et
1823 1453 2076 1500 antemu-

500 1534 646 1598 rale,
682 1549 807 1603 quae
846 1533 1032 1603 utique
1090 1533 1238 1589 luctu
1288 1534 1449 1604 digna
1482 1543 1646 1600 sunt,
1704 1547 1757 1590 et
1810 1535 2078 1606 lacrymas

498 1626 664 1680 etiam
689 1625 997 1682 videntibus
1027 1626 1328 1680 excutiunt.
1365 1626 1658 1679 Consilium
1682 1629 1818 1680 enim
1832 1630 1946 1697 quis
1970 1629 2079 1683 dis-

501 1715 740 1784 sipabit?
769 1725 817 1769 et
854 1732 1067 1768 manum
1113 1716 1226 1783 ejus
1254 1715 1514 1769 excelsam
1546 1717 1663 1786 quis
1716 1728 1909 1772 avertet
1939 1717 1961 1770 ?
1988 1719 2074 1773 in-

501 1803 622 1873 quit
658 1803 850 1859 beatus
877 1801 1043 1858 Isaias
1066 1803 1132 1857 ³².
1152 1802 1227 1861 lta
1246 1817 1406 1874 porro
1429 1806 1699 1875 lugentem
1726 1809 1838 1862 sive
1863 1808 2075 1877 urbem,

502 1894 618 1948 sive
643 1895 904 1961 animam,
931 1907 989 1951 ut
1020 1904 1164 1950 esset
1195 1895 1443 1952 hostibus
1474 1899 1836 1964 conculcatio,
1874 1917 1971 1970 par
1994 1913 2076 1956 est

504 1985 674 2057 lugeri
698 1986 765 2040 ab
796 1986 1002 2056 angelis
1033 1984 1125 2056 qui
1153 2002 1274 2041 eam
1299 1986 1426 2042 olim
1446 1988 1823 2045 custodierunt
1839 1991 1928 2046 alii
1956 2003 2078 2062 post

502 2074 642 2128 alios
685 2073 920 2143 majores
953 2083 1007 2128 et
1039 2077 1372 2145 superiores.
1424 2075 1482 2132 Si
1518 2074 1663 2135 enim
1712 2081 1963 2137 laetantur
2008 2083 2077 2140 de

501 2166 588 2222 his
615 2166 708 2236 qui
738 2167 871 2222 salvi
899 2166 1056 2234 ﬁunt,
1095 2168 1163 2224 de
1197 2168 1364 2239 lapsis
1393 2185 1493 2230 cur
1525 2186 1635 2229 non
1675 2172 1983 2245 lugebunt?

1538 2250 1551 2273 Ι

562 2363 717 2421 Vers.
751 2367 805 2422 9.
839 2367 1040 2438 Deﬁxa:
1058 2379 1180 2424 sunt
1211 2372 1266 2425 in
1289 2380 1481 2427 terram
1523 2385 1692 2444 porta:
1738 2376 1876 2445 ejus.
1939 2376 2073 2433 Nam

502 2458 665 2514 veluti
697 2468 838 2516 terra
878 2477 973 2518 seu
1009 2464 1147 2518 mari
1195 2465 1464 2536 ahsorptae
1511 2478 1868 2524 evanuerunt.
1903 2470 2074 2526 Inter-

501 2552 680 2606 ieruut
705 2564 883 2609 autem
920 2564 974 2611 et
1007 2572 1125 2621 rex,
1155 2566 1212 2613 et
1248 2559 1544 2630 principes,
1565 2569 1620 2616 et
1634 2562 2079 2634 pseudoprophe-

503 2653 591 2709 tan,
609 2653 662 2699 et
681 2652 1001 2703 necessitate
1025 2651 1301 2706 servitutis
1323 2652 1406 2706 lex
1429 2652 1569 2723 ejus,
1587 2670 1750 2724 quam
1771 2655 1884 2726 jam
1909 2657 2076 2713 etiam

499 2746 794 2807 antequam
836 2751 1194 2808 caperentur,
1246 2744 1395 2798 ultro
1446 2745 1854 2803 destruxerant.
1903 2748 2077 2806 Porta:

498 2829 694 2884 animae
717 2838 847 2886 sunt
875 2847 1072 2887 sensus
1105 2833 1220 2902 qui,
1258 2833 1346 2888 illa
1374 2845 1637 2904 peccante
1659 2877 1676 2904 ,
1727 2839 2077 2907 passiouibus

500 2919 827 2985 obruuntur,
859 2930 914 2976 et
940 2923 1139 2977 terreni
1163 2924 1322 2990 liunt,
1345 2935 1400 2980 et
1416 2923 1705 2983 facultates
1728 2931 1925 2983 animae
1955 2946 2078 2999 quae

501 3024 598 3065 eos
629 3013 989 3079 custodiunt,
1047 3013 1438 3086 demerguntur
1486 3025 1543 3072 et
1592 3027 1842 3087 pereunt.
1900 3018 2078 3075 Mente

499 3103 647 3157 enim
681 3118 790 3158 non
819 3105 1121 3175 imperante
1146 3146 1161 3171 ,
1192 3117 1248 3163 et
1282 3109 1702 3180 cositationibus
1755 3109 1811 3165 in
1848 3110 2077 3167 allectus

2178 604 2428 675 καθάπερ
2450 601 2680 668 ἐξέδωκε
2710 601 3023 672 Σύμμαχος.
3050 602 3112 653 Ol
3137 599 3193 653 δέ
3233 600 3538 669 δυσμενεῖς,
3584 615 3784 671 παρα-

2176 691 2431 753 λαϐόντες
2462 691 2555 743 καὶ
2599 686 2690 742 τὸν
2742 687 2898 754 νεὼν,
2944 686 3021 751 ὡς
3051 688 3145 741 ἐπὶ
3191 686 3373 758 τελείᾳ
3415 687 3541 760 νίκῃ
3574 686 3789 741 λοιπὸν

2177 780 2450 851 ἑώρταζον
2504 778 2881 843 ἀλαλάζοντες.
2931 779 3125 850 Ψυχῆς
3161 779 3218 832 δέ
3268 776 3671 853 θυσιαστήριον
3721 776 3791 831 τὺ

2176 873 2234 925 ἐν
2264 873 2395 942 ἡμῖν
2442 869 2656 939 λογικὸν
2676 911 2691 938 ,
2733 869 2799 923 δι’
2847 864 3017 942 οὗπερ
3075 871 3435 941 ἰερουργεῖται
3490 870 3560 926 τὰ
3618 871 3785 942 πάθη

2175 963 2535 1034 νεκρούμενα.

2259 1052 2608 1123 Ἐλογίσατο
2634 1052 2848 1119 Κύριος
2875 1049 2982 1105 τοῦ
3004 1050 3331 1122 διαφθεῲαι
3358 1052 3550 1121 τεῖχος
3579 1056 3782 1121 θυτα-

2175 1144 2315 1214 τρός
2360 1143 2532 1199 Σιών.
2566 1144 2758 1197 Πᾶσαν
2788 1143 2898 1215 γὰρ
2947 1144 3115 1215 αὐτῆς
3161 1144 3380 1213 ἀφεῖλεν
3437 1145 3779 1213 ἀσφάλειαν,

2173 1237 2274 1306 τῆς
2317 1236 2586 1307 τιμωρίας
2629 1235 2877 1300 ἐκτείνας
2920 1235 2983 1289 τὸ
3013 1236 3242 1307 μέτρον·
3282 1236 3311 1289 δ
3342 1236 3407 1308 δή
3452 1237 3547 1290 καὶ
3576 1239 3781 1314 Ζαχα-

2177 1325 2300 1397 ρίας
2326 1324 2601 1380 τεθέαται.

2259 1437 2584 1505 Ἐπένθησε
2609 1436 2679 1490 δὲ
2709 1437 3121 1508 προτείχισμα.
3157 1438 3351 1492 Πενθεῖ
3372 1438 3429 1492 δέ
3470 1441 3657 1511 τεῖχος
3680 1442 3779 1493 καὶ

2177 1529 2556 1600 προτείχισμα,
2582 1527 2652 1581 τά
2693 1527 2918 1593 πένθους
2950 1529 3094 1593 ἄξια,
3145 1528 3238 1583 τοῦ
3279 1530 3489 1585 κλαίειν
3516 1532 3614 1585 καὶ
3658 1534 3779 1595 τοῖς

2174 1620 2369 1691 ὁρῶσιν
2397 1619 2546 1673 αἴτια
2569 1621 2891 1691 γιγνόμενα.
2942 1620 3060 1688 Τὴν
3091 1622 3199 1690 γὰρ
3218 1622 3466 1690 ,βουλὴν
3510 1624 3605 1689 τίς
3641 1624 3778 1677 δια-

2175 1710 2495 1775 σκεδάσει;
2561 1711 2659 1764 καί
2688 1710 2802 1779 τὴν
2833 1711 3001 1781 χεῖρα
3025 1712 3212 1766 αὐτοῦ
3237 1711 3353 1780 τὴν
3382 1713 3647 1781 ὑψηλὴν
3678 1716 3779 1781 τίς

2177 1801 2579 1870 ἀποστρέψεω
2611 1802 2753 1855 κατὰ
2789 1803 2880 1855 τὸν
2929 1803 3199 1873 μακάριον
3255 1804 3500 1857 Ἡσαΐαν.
3546 1804 3664 1875 Τὴν
3717 1805 3777 1861 δὲ

2177 1893 2400 1947 τοιαῦτα
2432 1892 2733 1947 πενθοῦσαν
2755 1892 2866 1945 εἴτε
2892 1893 3064 1959 πόλιν,
3095 1894 3204 1947 εῐτε
3241 1894 3446 1965 ψυχὴν,
3493 1895 3572 1959 ὡς
3622 1891 3775 1948 εἶναι

2177 1984 2292 2046 τοῖς
2337 1982 2552 2053 ἐχθροῖς
2592 1981 2877 2053 καταπάτη
2887 1999 2961 2052 μα
2986 2022 3000 2047 ,
3057 1981 3274 2037 πενθεῖν
3312 1983 3456 2047 εἰκὸς
3492 1985 3772 2054 ἀγγέλους

2176 2071 2303 2133 τοὺς
2324 2070 2585 2141 πρότερον
2608 2068 2775 2141 αὐτὴν
2804 2070 2994 2134 ἄλλους
3027 2071 3113 2124 ἐπ’
3159 2071 3337 2136 ἄλλοις
3371 2073 3771 2142 φυλάττοντας,

2182 2161 2399 2234 μείζους
2424 2180 2481 2216 τε
2517 2163 2612 2217 καὶ
2635 2162 3102 2234 ὑπερϐεϐηκότας.
3143 2164 3208 2217 Ei
3248 2164 3358 2237 γὰρ
3394 2166 3487 2219 ἐπὶ
3532 2165 3771 2220 σωθεῖσι

2177 2253 2482 2326 χαίρουσιν,
2506 2253 2596 2305 ἐπὶ
2624 2253 2880 2307 πεσοῦσιν
2907 2254 3025 2319 πῶς
3049 2255 3111 2308 ού
3151 2255 3544 2328 πενθήσουσιν;

2261 2366 2674 2437 Ἐνεπὰγησαν
2717 2369 2805 2433 εἰς
2848 2366 2964 2436 τὴν
3020 2366 3140 2438 γῆν
3183 2369 3367 2423 πύλαι
3398 2369 3603 2438 αὐτῆς.
3667 2372 3769 2435 Ὡς

2177 2458 2287 2531 γὰρ
2320 2459 2425 2512 ὑπὸ
2473 2459 2578 2529 γῆς
2619 2458 2653 2529 ἢ
2692 2456 2961 2528 θαλάττης
3016 2458 3409 2513 καταποθεῖσαι
3465 2460 3763 2528 γεγόνασιν

2177 2551 2422 2618 ἀφανεῖς.
2477 2548 2779 2603 Ἀπώλοντο
2812 2548 2870 2602 δὲ
2910 2548 3005 2601 καὶ
3053 2548 3302 2618 βασιλεὺς
3344 2549 3438 2602 καὶ
3471 2549 3756 2621 ἄρχοντες,

2177 2639 2272 2692 καὶ
2293 2640 2342 2691 οί
2369 2637 2828 2709 ψευδοπροφῆται,
2853 2638 2947 2690 καὶ
2966 2639 2995 2691 ὁ
3027 2638 3190 2709 νόμος
3213 2639 3384 2710 αὐτῆς
3407 2640 3621 2712 ἀνάγκῃ
3638 2639 3762 2693 δου-

2178 2724 2349 2798 λείας,
2372 2730 2430 2784 ὃν
2456 2726 2521 2802 δὴ
2544 2729 2858 2801 προαιρέσει
2890 2730 2983 2782 καὶ
3014 2731 3140 2799 πρὶν
3178 2731 3384 2785 ἁλῶναι
3428 2732 3757 2786 κατέλυσαν.

2177 2818 2350 2876 Πύλαι
2368 2823 2427 2875 δὲ
2448 2822 2627 2893 ψυχῆς
2650 2823 2706 2875 αἱ
2730 2820 3009 2893 αἰσθήσεις
3028 2862 3044 2886 ,
3070 2823 3293 2891 αἳτινες,
3318 2823 3761 2896 άμαρτανούσης,

2179 2912 2605 2977 κατακλύζονταί
2627 2930 2686 2967 τε
2718 2908 2912 2966 πάθεσι
2944 2914 3039 2967 καὶ⁵
3064 2913 3309 2983 γίνονται
3335 2914 3543 2984 γήϊναι,
3582 2916 3676 2968 καὶ
3699 2916 3759 2968 αἱ

2177 3006 2379 3069 ταύτας
2405 3005 2463 3059 δὲ
2496 3002 2759 3076 τηροῦσαι
2787 3005 2886 3075 τῆς
2902 3005 3079 3076 ψυχῆς
3107 3004 3365 3076 δυνάμεις
3406 3004 3760 3070 ἐκκλύζονται

2178 3096 2504 3151 ἀπολωλυῖαι
2523 3113 2537 3126 ·
2584 3095 2675 3149 νοῦ
2715 3096 2853 3167 μήτε
2899 3093 3293 3164 βασιλεύοντος,
3344 3097 3439 3149 καὶ
3483 3096 3760 3169 λογισμῶν

502 3211 615 3252 non
645 3197 1056 3256 dominantibus
1084 3238 1100 3264 ,
1145 3200 1231 3256 lex
1256 3209 1311 3256 et
1329 3202 1464 3258 ordo
1485 3203 1682 3258 animae
1707 3213 1933 3273 pereunt
1958 3245 1972 3270 ,
2021 3213 2075 3260 et

2178 3185 2417 3259 ἀρχικῶν
2451 3187 2508 3239 ἐν
2534 3188 2644 3250 τοῖς
2674 3185 2918 3252 πάθεσιν,
2953 3185 3073 3239 τότε
3099 3186 3197 3255 τῆς
3213 3185 3390 3257 ψυχῆς
3413 3186 3643 3258 νόμοςτε
3665 3188 3759 3241 καὶ

502 3285 743 3360 llabylon
769 3289 828 3345 iit
851 3289 1190 3346 confusionis
1217 3292 1373 3362 plena
1395 3333 1412 3359 ,
1437 3293 1575 3349 nihil
1600 3294 1808 3351 habens
1838 3296 2077 3365 pruden-

498 3381 615 3449 tiae,
643 3380 730 3436 cui
753 3378 898 3435 Deus
913 3382 1117 3436 auxilio
1137 3382 1227 3438 sit.

576 3577 734 3635 Vers.
765 3580 852 3635 10.
881 3579 1138 3637 Sederant
1160 3585 1216 3639 in
1251 3594 1413 3640 terra.
1449 3584 1702 3643 Maeroris
1746 3589 1905 3658 plena
1951 3602 2078 3643 nar-

504 3680 590 3727 rat
627 3673 931 3741 spectacula
967 3674 1020 3728 in
1082 3675 1425 3731 locolaetitim
1468 3678 1629 3734 facta.
1703 3679 1819 3734 Prae
1885 3680 2079 3734 timore

505 3763 652 3818 enim
683 3779 749 3819 ne
779 3766 965 3834 lugere
995 3764 1215 3835 quidem
1252 3768 1559 3825 senioribus
1590 3770 1995 3838 permittebant,
2025 3779 2081 3826 et

506 3852 800 3921 primarius
832 3856 1070 3926 virgines
1093 3863 1152 3910 ut
1174 3856 1364 3911 oculos
1393 3857 1447 3911 in
1483 3866 1682 3913 terram
1715 3860 1938 3930 iigerent
1989 3861 2082 3930 ju-

506 3942 730 4010 bebant,
763 3958 831 3999 ne
856 3957 1163 4016 conspecta:
1195 3947 1267 4001 oh
1296 3947 1755 4016 pulchritudinem
1791 3964 1898 4019 qua
1944 3964 2077 4020 prae-

504 4032 763 4099 stabant,
791 4047 885 4088 eos
930 4035 996 4089 ad
1050 4035 1157 4089 vim
1190 4035 1539 4107 ingerendam
1575 4037 1925 4094 attrahercut.
1962 4038 2079 4096 Dici

502 4123 668 4178 eziam
701 4132 881 4194 potest
899 4139 996 4181 eos
1015 4128 1110 4196 qui
1140 4125 1334 4183 virtute
1361 4129 1489 4183 olim
1521 4130 2082 4201 antecellebant,pro-

505 4225 625 4286 pter
651 4232 812 4286 quam
837 4218 1079 4274 seniores
1098 4221 1456 4285 vocabantur,
1486 4220 1657 4276 factos
1674 4221 1786 4292 jam
1812 4231 2076 4290 terrenos,

500 4305 867 4365 etaﬂ‘ectibus
917 4311 1325 4366 irrationalibus
1377 4314 1721 4382 applicatos,
1774 4315 2077 4370 Secundum

509 4400 770 4455 rationem
799 4401 933 4455 nihil
976 4401 1140 4455 modo
1167 4413 1347 4472 agere,
1374 4412 1574 4456 cumet
1610 4404 1906 4474 principem
1954 4405 2081 4459 ani-

2177 3278 2331 3347 τάξις
2354 3277 2699 3343 ἀπόλλυνται,
2728 3279 2824 3333 καὶ
2849 3278 3057 3347 γίνεται
3083 3277 3339 3331 Βαϐυλὼν
3379 3279 3596 3351 πλήρης
3622 3277 3756 3339 οὖσα

2179 3369 2497 3442 συγχύσεως
2526 3410 2541 3434 ,
2584 3368 2748 3441 μηδὲν
2803 3369 2997 3441 ἔχουσα
3053 3368 3408 3440 προνοητικὸν
3459 3369 3565 3423 ὑπὸ
3619 3369 3754 3429 Θεοῦ

2178 3460 2373 3535 βοηθού
2381 3477 2557 3532 μενον.

2262 3595 2585 3652 Ἐκάθισαν
2609 3596 2697 3661 είς
2729 3592 2843 3662 τὴν
2862 3591 2996 3664 γῆν.
3037 3594 3270 3666 Λυπηρέι
3317 3594 3585 3665 διηγεῖται
3630 3595 3757 3651 θεά-

2181 3705 2327 3760 ματα
2376 3690 2434 3741 ὲν
2480 3688 2560 3758 τῷ
2612 3685 2796 3757 χωρίῳ
2832 3686 2931 3756 τῆς
2987 3685 3325 3758 εὐφροσύνης
3380 3686 3752 3757 γεγενημένα·

2180 3780 2331 3852 φόϐῳ
2358 3779 2469 3850 γὰρ
2491 3777 2610 3832 οὐδὲ
2639 3776 2853 3847 θρηνεῖν
2878 3777 2993 3839 τοῖς
3014 3774 3403 3848 πρεσϐυτέροις
3430 3777 3755 3848 ἐπέτρεπον,

2179 3871 2273 3925 καὶ
2307 3869 2407 3933 τὰς
2439 3868 2661 3938 πρώτας
2687 3866 2990 3939 παρθένους
3021 3866 3101 3929 είς
3123 3867 3226 3937 γῆν
3248 3867 3380 3938 ὁρᾷν
3412 3865 3755 3937 παρεσκεύα-

2181 3977 2299 4024 σαν,
2333 3960 2542 4031 μήποτε
2573 3961 2841 4028 φανεῖσαι,
2866 3957 3001 4029 πρὸς
3034 3956 3155 4027 βίαν
3200 3956 3394 4020 αὐτοὺς
3420 3957 3484 4010 ἐκ
3511 3957 3604 4010 τοῦ
3630 3958 3756 4011 κάλα

2178 4054 2303 4116 λους
2326 4053 2385 4106 ἐν
2411 4044 2563 4123 ᾧπερ
2583 4048 2888 4122 ἐπρώτευον
2909 4048 3342 4106 ἐπισπάσωνται.
3389 4047 3580 4111 Εῖποις
3622 4047 3666 4100 δ’
3690 4048 3756 4101 ἂν

2179 4143 2422 4206 καὶτοὺς
2450 4144 2508 4195 ἐν
2533 4143 2700 4214 ἀρετῇ
2730 4140 2897 4195 πάλαι
2921 4139 3318 4212 πρεσϐεύοντας
3342 4177 3358 4202 ,
3387 4138 3454 4190 δι’
3492 4134 3557 4209 ἢν
3589 4137 3756 4202 οὕτως

2180 4235 2446 4303 ἐλέγοντο,
2493 4232 2709 4303 χοῖκοὺς
2764 4231 3076 4300 γεγονότας,
3127 4230 3221 4283 καὶ
3266 4227 3496 4283 πάθεσιν
3546 4227 3755 4297 ἀλόγοις

2182 4326 2578 4399 ἐνιδρυθέντας,
2618 4323 2761 4378 κατά
2787 4324 2943 4392 λόγον
2970 4322 3051 4375 ἔτι
3079 4321 3244 4393 μηδὲν
3277 4321 3543 4392 ἐνεργεῖν,
3565 4321 3659 4374 καὶ
3695 4318 3754 4372 τὸ

2181 4421 2238 4473 ἐν
2266 4420 2447 4481 αὐτοῖς
2478 4415 2800 4487 ἡγεμονικὸν
2822 4413 3245 4483 άπογεώσαντας
3259 4412 3494 4484 πνεῦμα,
3519 4412 3612 4466 καὶ
3629 4411 3752 4465 πέν-

503 4506 611 4548 ma:
639 4492 890 4561 spiritum
923 4492 977 4544 in
1001 4502 1197 4544 terram
1221 4489 1498 4556 verterint,
1515 4501 1569 4546 et
1596 4508 1758 4563 quam
1793 4495 1921 4548 olim
1952 4511 2077 4564 pos-

2182 4509 2307 4573 θους
2333 4508 2488 4573 ἀξίαν
2515 4508 2580 4578 ἣν
2606 4502 2752 4577 εἶχον
2795 4505 2965 4559 πάλαι
3016 4505 3368 4577 σωφροσύνην
3404 4508 3749 4575 ποιήσαντας,

503 4581 756 4640 sidebant
783 4581 1200 4648 castimoniam,
1234 4582 1452 4651 dignam
1484 4582 1738 4654 lacrymis
1773 4585 2074 4652 eﬂ‘ecerint,

2186 4602 2279 4653 καὶ
2310 4598 2603 4669 λογισμοὺς
2627 4596 3040 4668 διαφθείραντας
3078 4594 3172 4661 οὓς
3198 4596 3327 4669 πρὶν
3348 4594 3618 4666 ἀφθόρους
3647 4595 3752 4653 διέ-

503 4672 971 4744 cogitationesque
1000 4675 1363 4744 cor.uperint,
1397 4689 1537 4744 quas
1557 4686 1714 4732 antea
1744 4677 2087 4748 incorruptas
2188 4691 2380 4754 σωζον,

505 4764 816 4827 servabant.

583 4871 740 4929 Vers.
766 4876 851 4929 il.
891 4876 1079 4947 Eﬁusa
1118 4888 1194 4933 est
1227 4880 1283 4933 in
1319 4891 1513 4934 terram
1567 4881 1740 4951 gloria
1771 4896 1907 4933 mea.
1946 4878 2077 4934 Glo-

507 4965 653 5022 riam
682 4980 837 5020 suam
863 4978 1020 5023 vocat
1049 4973 1308 5041 propheta
1339 4972 1431 5026 Dei
1463 4973 1746 5042 pepulum,
1783 4973 2079 5041 patriaeque

507 5059 798 5131 pietatem;
832 5058 1194 5116 defectionem
1230 5079 1357 5119 vero
1394 5064 1743 5133 parvulorum
1780 5060 1952 5117 fames
1994 5060 2079 5117 ei-

508 5151 741 5207 ticiebat.
763 5150 975 5207 Poteris
1004 5153 1165 5207 etiam
1196 5153 1500 5210 sublimiori
1529 5170 1692 5210 sensu
1717 5153 1898 5208 dicere
1928 5168 2075 5222 cum,

506 5245 811 5302 secundum
848 5244 979 5300 illud
1011 5246 1056 5278 ³³
1093 5267 1103 5301 :
1147 5246 1278 5313 Quis
1326 5249 1635 5318 inﬁrmatur
1654 5257 1705 5301 et
1728 5262 1820 5317 ego
1848 5264 1951 5300 non
1994 5248 2077 5300 in—

508 5338 1123 5411 ﬁrmor?c0gnatorum
1171 5341 1466 5394 secundum
1520 5354 1737 5394 carnem
1792 5338 2076 5408 passiones

505 5445 605 5499 pro
621 5432 735 5487 suis
751 5432 970 5497 habere,
994 5431 1132 5485 mala
1149 5433 1454 5486 animarum
1476 5432 1688 5486 illorum
1707 5431 2073 5501 suscipiendo,

507 5536 643 5576 tela:
665 5522 995 5593 cognitionis
1026 5522 1361 5593 languorem,
1390 5522 1716 5592 praecipitem
1737 5519 1899 5592 338
1925 5535 2076 5575 men-

506 5612 578 5669 li's
610 5612 867 5683 impetutn
903 5615 969 5670 ad
1001 5631 1087 5671 res
1109 5624 1373 5677 terrenas,
1400 5615 1865 5691 [,tt'ivationcmque
1890 5612 2074 5684 gloriae

579 5775 623 5810 ³³
648 5778 754 5830 lsa.
789 5790 893 5840 Si",
922 5770 1011 5829 ‘27.
1089 5777 1132 5807 ³³
1166 5774 1208 5829 ΙΙ
1240 5774 1366 5828 C0".
1406 5791 1456 5827 χι
1486 5818 1496 5841 ,
1525 5778 1613 5831 :29.

2265 4888 2544 4958 Ἑξεχύθη
2590 4890 2677 4954 εἰς
2718 4886 2834 4956 τὴν
2877 4886 2995 4959 γῆν
3039 4887 3190 4953 δόξα
3228 4903 3367 4958 μου.
3408 4886 3578 4954 Δόξαν
3623 4885 3751 4941 ίδίαν

2184 4980 2348 5051 φησὶν
2377 4981 2405 5032 ὀ
2438 4981 2720 5051 προφήτης
2753 4978 2888 5032 Θεοῦ
2916 4978 3008 5032 τὸν
3037 4977 3164 5033 λαὸν
3188 4978 3282 5032 καὶ
3316 4977 3571 5051 πατρίδος
3600 4977 3750 5032 εὐσέ-

2182 5074 2330 5127 ϐειαν
2349 5088 2363 5100 ·
2396 5070 2503 5125 τῶν
2534 5071 2591 5124 δὲ
2615 5070 2823 5142 νηπίων
2848 5069 2944 5142 τήν
2978 5069 3194 5124 ἔκλυσιν
3223 5071 3253 5123 ὁ
3298 5069 3453 5140 λιμὸς
3489 5069 3752 5141 ἀπειργὰς-

2180 5159 2323 5223 ζετο.
2360 5158 2547 5221 Εῖποις
2595 5158 2640 5211 δ’
2668 5157 2734 5212 ἂν
2782 5157 3138 5230 ύῂλότερον,
3193 5156 3269 5221 ὡς
3302 5155 3596 5213 οἰκειοῦται
3644 5158 3751 5212 τῶν

2180 5247 2456 5317 συγγενῶν
2489 5247 2630 5301 κατά
2664 5249 2840 5320 σάρκα
2864 5248 2931 5302 τὰ
2954 5248 3124 5319 πάθη,
3154 5246 3292 5301 κατὰ
3315 5250 3374 5300 τό
3393 5265 3406 5278 ·
3449 5250 3546 5315 Τίς
3575 5251 3750 5304 ἀσθε-

2177 5340 2286 5405 νεῖ,
2318 5338 2417 5394 καὶ
2438 5339 2550 5392 οὐκ
2576 5337 2842 5404 ἀσθενῶ;
2874 5339 2942 5391 τὰ
2966 5339 3107 5392 κατὰ
3146 5338 3326 5409 ψυχὴν
3362 5340 3587 5394 ἐκείνων
3623 5344 3748 5397 ἀνα-

2178 5427 2461 5498 δεχόμενος
2484 5426 2739 5500 δυσχερῆ,
2774 5427 3024 5497 γνώσεως
3061 5428 3293 5499 ἀληθοῦς
3339 5431 3628 5501 μαρασμδν
3658 5431 3748 5485 καὶ

2183 5517 2353 5589 φορὰν
2380 5518 2613 5573 ἄστατον
2642 5517 2731 5572 τοῦ
2762 5516 3018 5589 λογισμοῦ
3057 5518 3193 5589 πρὸς
3213 5519 3281 5572 τά
3314 5520 3475 5591 γήϊνα
3509 5521 3602 5574 καὶ
3629 5520 3745 5575 στέ-

2182 5627 2339 5683 ρησιν
2369 5609 2525 5681 δόξης
2553 5611 2651 5681 τῆς
2688 5610 2927 5682 ὑψούττις
2949 5610 3047 5682 τὴν
3077 5611 3332 5683 κεφαλὴν,
3369 5612 3508 5666 κατὰ
3537 5614 3628 5668 τό·
3664 5611 3744 5669 [is

3557 5880 3643 5893 .-θο-
