4070 6296
253 326 370 381 637

1484 300 1793 361 SELECTA
1830 298 1896 353 LV
1924 296 2269 354 THRENOS.

3399 301 3504 356 (338

249 444 350 511 δὲ,
378 445 581 511 Κύριε,
610 435 978 503 ἁντιλήπτωρ
1001 448 1121 503 μου
1144 425 1205 485 εἷ
1217 428 1315 483 καί
1333 427 1510 497 ὑψῶν
1534 424 1648 494 τὴν
1664 439 1835 494 κεφα-

1942 429 2106 491 caput
2132 418 2460 486 cxtollentis,
2491 417 2789 475 secundum
2818 417 2947 474 illud
2972 417 3014 451 “
3043 438 3056 474 :
3093 417 3170 473 Τιι
3201 460 3216 484 ,
3251 418 3501 487 Domine,

255 535 391 605 ..ιήν
413 551 558 605 μου.

341 709 405 763 τί
427 701 782 777 μαρτιφιξσω
805 714 941 768 σοι,
982 698 1092 769 Τὴν
1120 694 1354 767 παντελῆ
1400 694 1598 749 κακίαν
1640 691 1837 764 ἐδήλω-

266 815 382 865 σεν,
402 797 477 860 ὡς
502 793 769 867 μηδεμίαν
791 790 941 862 ἔχειν
965 788 1168 861 ἀρετῆς
1207 784 1534 858 μαρτυρίαν,
1569 783 1704 854 μηδὲ
1745 780 1836 834 τὸν

265 884 732 958 πλημμελήσαντα
764 879 1140 952 παραπλήσια.
1184 876 1250 929 Τί
1280 875 1389 948 7&9
1432 874 1619 946 ὅμοιον
1658 872 1837 944 ἁμάρ-

264 992 409 1045 τημα
432 973 528 1028 τοῦ
564 972 784 1045 μακράν
807 969 900 1026 τοῦ
930 968 1089 1033 Θεοῦ,
1117 965 1328 1022 καὶτοῦ
1364 965 1502 1037 μετὰ
1528 964 1590 1018 τὸ
1613 963 1840 1035 πλησιά-

260 1067 374 1122 ζειν
417 1066 854 1138 άφηνιάσαντοςς
889 1062 959 1116 El
1000 1060 1113 1131 γὰρ
1136 1057 1224 1129 μὴ
1269 1054 1494 1128 ἦλθον,
1531 1055 1703 1126 φησὶ,
1735 1054 1838 1108 καὶ

254 1156 538 1226 ἐλάλησα
564 1155 772 1222 αὐτοῖς
794 1196 811 1222 ,
845 1152 1141 1223 ἁμαρτίαν
1161 1153 1278 1206 οὐκ
1313 1145 1501 1217 εἶχον.
1527 1145 1620 1200 Διὸ
1642 1145 1742 1200 καί
1767 1145 1840 1199 ἐν

257 1246 385 1313 τοῖς
407 1245 711 1319 ἐγγίζουσι
724 1262 827 1315 μοι
863 1240 1306 1315 ἁγωσθήσομαι
1324 1254 1339 1270 ο
1363 1239 1501 1294 ὅτιὸ
1531 1234 1618 1306 μὴ
1665 1233 1838 1300 εἰδὼς

256 1338 326 1392 τὸ
363 1338 596 1408 θέλημα
623 1337 729 1391 τοῦ
746 1336 989 1404 Κυρίου,
1020 1332 1119 1388 καὶ
1131 1330 1217 1402 μὴ
1246 1329 1433 1385 ποιῶν
1456 1329 1622 1394 αὐτὸ,
1652 1327 1835 1397 δαρή-

255 1444 433 1483 σεται
476 1430 713 1498 ὀλίγας-⁸
754 1430 789 1482 ὁ
824 1426 894 1480 δὲ
923 1424 1125 1492 εἰδὼς,
1170 1423 1269 1479 καί
1307 1421 1394 1494 μὴ
1439 1422 1625 1477 ποιῶν
1663 1425 1832 1486 αὐτὸ,

255 1520 585 1588 δαρήσεται
630 1518 887 1586 πολλάς.
925 1517 998 1573 Τδ
1036 1512 1128 1572 οῦν
1170 1514 1424 1571 τοσοῦτον
1474 1514 1665 1578 πάθος,
1699 1513 1727 1567 ὃ
1756 1513 1832 1585 μὴ

258 1611 541 1681 προφῆται
562 1610 896 1683 θεραπεῦσαι
913 1608 1249 1681 δεδύνηνται,
1277 1607 1439 1679 μόνου
1472 1605 1641 1660 δεῖται
1673 1604 1830 1659 Θεοῦ.

256 1703 354 1761 Διὸ
384 1704 478 1758 καὶ
499 1703 678 1775 σάρκα
702 1702 1004 1774 πεφόρηκε,
1031 1700 1138 1755 τῶν
1181 1697 1472 1770 προφητῶν
1509 1695 1831 1769 ὁμολογούν-

257 1812 371 1848 των
423 1792 706 1849 άσθένειαν
752 1795 809 1846 ὲν
858 1792 936 1863 τῷ
958 1809 972 1824 ο
1029 1788 1226 1859 Κύριέ,
1260 1790 1353 1856 τίς
1396 1788 1720 1843 ἐπίστευσε
1755 1785 1833 1856 τῇ

255 1885 415 1954 ἀκοῇ
452 1885 663 1956 oper;
706 1885 901 1954 Ἔλεγε
937 1884 994 1939 δὲ
1022 1884 1116 1938 καὶ
1151 1881 1414 1954 πρότερον
1446 1880 1829 1952 Ἰερουσαλήμο

262 1977 442 2033 Ἴδετε
471 1981 524 2033 et
547 1979 681 2033 ἔστι
709 1977 898 2043 πάθος
927 1977 1077 2030 κατὰ
1107 1975 1171 2028 τὸ
1201 1972 1390 2040 πάθος
1432 1989 1572 2043 μου.
1630 1972 1690 2025 '0
1721 1972 1833 2025 τοί-

257 2088 355 2123 νυν
388 2070 591 2134 παίσας
643 2069 871 2123 ἰάσεται.
933 2065 1105 2130 Αὐτὸς
1152 2066 1261 2137 7&9
1307 2064 1494 2133 ἀλγεῖν
1539 2066 1717 2126 ποιεῖ,
1741 2063 1838 2117 καὶ

256 2160 424 2215 πάλιν
454 2157 872 2228 ἀποκαθίστησι.
918 2155 993 2209 Τδ
1024 2154 1133 2226 γὰρ
1152 2195 1169 2222 ,
1215 2156 1340 2220 τίς,
1372 2153 1704 2224 λαμϐάνεται
1743 2153 1838 2206 καὶ

255 2250 353 2302 ἐπὶ
373 2248 468 2303 τοῦ
503 2248 728 2303 σπανίου
757 2248 847 2301 καὶ
880 2247 975 2300 ἐπὶ
1000 2245 1096 2299 τοῦ
1125 2245 1370 2317 μηδενός.
1405 2246 1595 2308 Οὐδεὶς
1619 2244 1728 2318 γάρ
1747 2245 1839 2299 ἁν-

256 2336 497 2409 θρὼπων
542 2336 792 2396 ίάσασθαι
827 2336 1048 2394 δύναται
1079 2335 1175 2408 τὴν
1203 2336 1307 2390 ὑπὸ
1328 2334 1464 2391 Θεοῦ
1494 2334 1837 2406 ἐπαγομένην

259 2428 495 2499 πληγήν·

333 2703 638 2774 Προφῆταί
674 2721 789 2760 σου
814 2702 981 2762 είδόν
1003 2722 1101 2761 σοι
1127 2707 1202 2762 τὰ
1240 2707 1481 2777 μάταια.
1526 2709 1838 2781 Προφητεία

266 2795 467 2860 ματαία
515 2798 549 2868 ή
618 2797 887 2869 μηδεμίαν
916 2798 1113 2870 ἔχουσα
1139 2798 1382 2865 ἔκϐασιν,
1424 2800 1518 2853 καὶ
1556 2802 1622 2872 ἣν
1646 2799 1838 2856 εἴδωλα

263 2888 669 2960 παρασκευάζει
696 2890 764 2943 τὰ
802 2891 1027 2960 μάταια.
1072 2891 1182 2944 Καὶ
1225 2892 1320 2961 ἀφ’
1350 2891 1561 2946 ἑαυτῶν
1597 2892 1655 2946 δέ
1695 2911 1839 2959 τινες

262 2979 632 3049 προεφήτευον
655 2978 815 3047 δῆθεν
840 2979 1024 3032 ἕνεκεν
1044 2979 1242 3050 δρακὸς
1257 2980 1452 3051 κριθῆς
1472 2980 1566 3035 καὶ
1593 2978 1839 3053 κλάσμα-

1933 522 2198 582 protector
2236 526 2378 566 meus
2412 525 2501 577 es,
2548 509 2720 580 gloria
2747 526 2860 564 mea
2883 550 2898 575 ,
2946 521 2996 565 et
3038 508 3291 565 extollens
3346 521 3503 582 caput

1932 619 2127 658 meum.

2010 693 2159 750 Vers.
2199 695 2287 749 15.
2335 692 2477 759 Quid
2525 692 2847 761 testiﬁcabor
2898 693 3043 748 tibi?
3071 691 3388 747 Absolutam
3429 693 3505 747 si-

1935 786 2213 858 gniﬁcavit
2234 785 2533 856 nequitiam
2579 800 2703 855 qua:
2749 785 2957 840 nullum
3016 784 3235 838 virtutis
3283 783 3506 839 haberet

1936 880 2348 942 testimonium,
2406 892 2509 932 nec
2547 876 2756 940 ullum,
2809 877 2903 946 qui
2937 874 3136 931 similia
3180 874 3502 944 peccaverit.

1935 970 2077 1040 Quid
2102 970 2249 1025 enim
2281 969 2459 1025 simile
2486 967 2592 1023 erit
2618 977 2839 1038 peccato
2868 966 3012 1022 illius
3036 966 3130 1036 qui
3157 965 3316 1036 longe
3341 980 3372 1019 a
3396 963 3507 1019 Deo

1937 1061 2115 1117 factus
2136 1071 2241 1127 est,
2277 1071 2330 1116 et
2360 1068 2645 1133 postquam
2687 1074 2854 1129 prope
2884 1060 3155 1125 accessit,
3207 1059 3506 1113 reluclalus

1937 1153 2250 1209 abscessit?
2279 1152 2339 1208 Si
2371 1155 2628 1207 enimnon
2652 1152 2923 1216 venissent,
2953 1150 3213 1222 inquit”,
3230 1159 3280 1204 et
3295 1149 3504 1203 locutus

1934 1245 2043 1300 illis
2070 1262 2177 1299 non
2226 1244 2465 1314 fuissem,
2506 1254 2778 1314 peccatum
2823 1259 2928 1298 non
2960 1232 3225 1298 haberent.
3260 1240 3507 1312 Quapro-

1934 1348 2056 1410 pter
2099 1348 2148 1393 et
2173 1340 2229 1394 in
2267 1339 2349 1393 his
2379 1339 2470 1410 qui
2487 1336 2860 1408 approximant
2895 1335 3026 1390 mihi
3062 1344 3275 1389 sanctus
3313 1350 3401 1389 ero
3423 1333 3500 1386 “z

1934 1433 2193 1506 quoniam
2214 1431 2303 1501 qui
2331 1430 2654 1484 voluntatem
2697 1426 2906 1480 Domini
2943 1427 3128 1492 nescit,
3157 1442 3373 1496 eamque
3402 1440 3506 1479 non

1934 1525 2134 1595 fecerit,
2165 1522 2349 1594 paucis
2392 1518 2696 1589 vapulabit;
2742 1520 2834 1590 qui
2880 1535 2998 1572 vero
3043 1519 3215 1582 novit,
3256 1517 3505 1587 illamque

1933 1635 2038 1673 non
2068 1618 2268 1688 fecerit,
2300 1612 2483 1668 multis
2515 1609 2690 1683 plagis
2726 1608 2992 1680 vapulabit
3019 1610 3085 1662 ³⁷.
3124 1607 3359 1663 Tantum
3404 1609 3505 1678 igi-

1935 1721 2023 1766 tur
2054 1709 2294 1771 malum,
2349 1706 2438 1763 cui
2487 1705 2762 1776 prephelze
2800 1702 3119 1761 medicinam
3152 1701 3344 1760 afferre
3396 1717 3501 1756 non

1934 1811 2250 1873 potuerunt,
2281 1800 2453 1856 solius
2500 1797 2593 1853 Dei
2644 1796 2864 1867 indiget.
2899 1793 3264 1862 Quamobrem
3296 1802 3351 1848 et
3378 1809 3503 1848 ear-

1935 1906 2060 1947 nem
2086 1890 2284 1952 induit,
2310 1887 2592 1958 prophetis
2617 1884 3040 1940 imbecillitatem
3094 1883 3391 1939 fatentibus
3419 1882 3504 1938 di-

1936 1981 2111 2036 cendo
2134 1981 2178 2012 ³⁸
2209 1998 2222 2034 :
2268 1978 2494 2033 Domine
2522 2019 2537 2043 ,
2578 1977 2697 2047 quis
2731 1976 2951 2030 credidit
3010 1975 3217 2028 auditui
3270 1985 3447 2029 nostra
3476 1975 3502 2030 2'

1937 2072 2159 2126 Dicebat
2213 2071 2377 2125 etiam
2422 2077 2580 2124 antea
2630 2067 2930 2122 Jerusalem
2966 2066 3010 2097 ³⁸
3045 2083 3059 2120 :
3118 2064 3295 2119 Videte
3337 2067 3385 2118 si
3421 2075 3498 2122 est

1935 2163 2090 2217 dolor
2111 2163 2396 2216 secundum
2445 2159 2678 2214 dolorem
2713 2173 2903 2210 meum.
2950 2154 3118 2226 Igitur
3151 2156 3244 2225 qui
3275 2171 3500 2225 pcrcus»

1939 2256 2031 2319 sit,
2064 2253 2298 2309 sanabit.
2336 2252 2455 2322 ipse
2489 2252 2634 2305 enim
2675 2248 2918 2303 dolorem
2953 2245 3158 2313 infert,
3208 2255 3263 2301 et
3312 2261 3502 2301 rursus

1938 2347 2151 2402 liberat.
2185 2345 2319 2400 lllud
2350 2343 2494 2399 enim
2525 2382 2542 2407 ,
2570 2341 2723 2409 Quis,
2772 2349 2827 2394 et
2854 2339 2919 2394 de
2951 2338 3020 2394 iis
3048 2354 3168 2408 quae
3196 2353 3319 2392 raro
3365 2353 3499 2393 con-

1940 2439 2173 2508 tingunt,
2200 2443 2255 2490 et
2281 2434 2349 2489 de
2376 2433 2444 2488 iis
2471 2447 2594 2502 quae
2621 2444 2899 2500 nunquam
2932 2428 3107 2483 locum
3142 2428 3341 2483 habent
3364 2467 3379 2491 ,
3407 2442 3505 2498 po-

1938 2529 2106 2584 nitur.
2144 2525 2316 2581 Nemo
2342 2525 2487 2580 enim
2512 2523 2794 2578 hominum
2840 2535 2871 2574 a
2919 2517 3029 2575 Deo
3061 2519 3266 2574 illatam
3290 2519 3501 2589 plagam

1937 2635 2132 2676 curare
2157 2627 2354 2689 potest.

2008 2688 2280 2766 Vcrs.714.
2306 2705 2583 2776 Propheta:
2628 2705 2708 2760 tui
2735 2688 2971 2758 viderunt
3017 2700 3112 2755 tibi
3158 2717 3314 2756 vana.
3352 2696 3502 2753 Vana

1937 2803 2217 2874 prophetia
2248 2808 2334 2856 est
2359 2798 2446 2854 cui
2477 2798 2656 2853 exitus
2688 2811 2797 2850 non
2822 2794 3113 2865 respondet
3138 2833 3152 2855 ,
3194 2800 3246 2846 et
3274 2806 3394 2860 qua:
3435 2792 3502 2845 ab

1938 2894 2194 2950 inanibus
2217 2891 2463 2963 procedit
2485 2888 2668 2944 idolis.
2708 2886 2877 2941 Erant
2902 2885 2995 2956 qui
3030 2900 3061 2940 a
3084 2881 3278 2953 aeipsis
3308 2879 3500 2937 vatici~

1938 2987 2229 3053 nabantur,
2252 2983 2504 3039 videlicet
2529 2996 2629 3050 pro
2658 2979 2859 3051 pugillo
2888 2978 3096 3040 hordei,
3124 2984 3177 3030 et
3206 2973 3380 3028 frusto
3408 2988 3503 3043 pa.

260 3083 351 3131 τος
377 3067 563 3139 ἄρτου,
599 3069 738 3124 κατὰ
762 3069 822 3123 τὸ
849 3070 1232 3141 γεγραμμένον
1251 3087 1266 3102 ·
1298 3069 1493 3135 οἵτινες
1523 3072 1622 3125 οὐκ
1658 3073 1835 3126 ίσασιν

1938 3079 2048 3145 nis,
2078 3086 2141 3133 ut
2167 3077 2427 3146 scriptum
2453 3085 2537 3130 est
2571 3074 2618 3106 “
2650 3092 2666 3131 :
2697 3073 2789 3143 qui
2824 3078 3101 3141 peccatum
3145 3082 3371 3138 arguere
3403 3082 3499 3119 ne-

260 3160 541 3232 ἁμαρτίας·
561 3161 823 3232 ἐλέγχειν,
853 3163 948 3216 καὶ
978 3163 1076 3234 τῆς
1108 3163 1213 3217 ὑπὸ
1241 3163 1509 3235 δαιμόνων
1537 3164 1833 3229 ἀνασώζειν

1937 3171 2140 3235 sciunt,
2179 3177 2231 3223 et
2252 3183 2283 3222 a
2311 3166 2621 3237 captivitate
2650 3164 2956 3219 daemonum
2981 3161 3229 3221 liberare.
3244 3158 3501 3229 jucundis

260 3252 656 3323 αἰχμαλωσίας,
682 3253 771 3307 διὰ
795 3255 892 3325 τῆς
932 3253 1324 3326 χρηστολογίας
1356 3256 1456 3319 τὰς
1494 3256 1672 3328 ψυχὰς
1713 3255 1832 3309 δια-

263 3343 600 3416 στρέφοντες.
648 3346 734 3410 Ὠς
762 3345 817 3400 δὲ
849 3346 957 3399 τῶν
988 3346 1205 3419 ἀληθῶν
1234 3348 1294 3402 τὸ
1316 3348 1508 3420 λῆμμα
1537 3349 1633 3402 καὶ
1679 3349 1708 3401 ό
1742 3347 1832 3401 λό-

261 3450 355 3501 γος
392 3434 455 3489 ὃν
483 3435 546 3487 ὲκ
581 3435 714 3489 Θεοῦ
756 3435 1120 3507 λαμϐάνουσιν
1142 3475 1158 3501 ,
1204 3437 1443 3507 πέφυκεν
1487 3437 1686 3510 ἀληθὲς
1737 3440 1834 3493 καὶ

261 3527 520 3580 συνάπτει
547 3527 687 3599 Θεῷ,
716 3526 857 3582 οὕτω
885 3528 946 3582 τὸ
978 3527 1094 3582 τῶν
1118 3529 1389 3601 δαιμόνων
1408 3531 1602 3601 ψευδές
1630 3550 1708 3598 τε,
1740 3535 1837 3587 καὶ

261 3617 538 3689 μακρῦνον
557 3619 714 3686 Θεοῦ,
749 3620 843 3673 καὶ
872 3620 972 3692 τῆς
993 3620 1204 3675 ἐκεῖθεν
1231 3621 1406 3692 ῥοπῆς
1447 3621 1828 3694 ἐξωθούμενον.

260 3709 395 3768 Ποῖα
417 3711 473 3764 δὲ
499 3711 787 3783 ὲξώσματα
811 3713 879 3768 τὰ
911 3714 985 3785 μὴ
1019 3714 1259 3786 μάταια,
1296 3713 1549 3785 καθάπερ
1596 3714 1830 3787 ἐδείχθη,

260 3801 353 3854 καὶ
375 3800 677 3872 λήμματα;
713 3801 903 3872 Δῆλον,
935 3803 1013 3869 ὡς
1033 3803 1104 3858 τὰ
1131 3803 1340 3876 πλάνης
1379 3801 1702 3870 ἐξωθοῦντα,
1739 3805 1833 3858 καὶ

260 3893 603 3966 προσάγοντα
629 3893 709 3965 τῷ
736 3893 873 3966 Θεῷ.

328 3980 647 4050 Διήνοιξαν
683 3983 784 4037 ἐπὶ
830 3983 907 4042 σὲ
930 3983 999 4038 τό
1050 3986 1248 4055 στόμα
1289 3982 1488 4039 αὐτῶν
1527 3983 1748 4051 πάντες
1779 3989 1834 4041 oi

258 4070 464 4141 ἐχθροί
500 4087 636 4129 σου.
680 4075 737 4130 '0
777 4074 888 4148 7&9
914 4076 1109 4148 ἐχθρὸς
1139 4077 1297 4148 ήμῶν
1325 4077 1569 4143 διάϐολος
1611 4079 1836 4151 περιὲρο

260 4181 415 4233 χεται
436 4165 513 4229 ὡς
533 4165 669 4220 λέων
700 4166 1033 4239 ὠρυόμενος,
1063 4167 1242 4241 ζητῶν
1266 4168 1388 4223 τίνα
1414 4170 1659 4243 καταπίῃ
1682 4209 1697 4234 ,
1741 4173 1835 4224 καὶ

256 4256 335 4327 ὡς
372 4256 603 4327 δφις.έφ’
629 4261 778 4330 ἡμᾶς
799 4260 990 4332 ἀφίησι
1017 4260 1085 4314 τὰ
1113 4260 1441 4332 συρίγματα,
1469 4261 1616 4333 Πλὴν
1644 4260 1717 4333 μὴ
1738 4261 1836 4330 γέ-

262 4366 402 4404 νοιτο
423 4350 600 4420 λέγειν
647 4351 808 4407 αὐτὸν
846 4352 922 4415 ὡς
944 4391 958 4416 ,
992 4352 1300 4405 Κατέπιονο
1349 4352 1485 4423 μήτε
1511 4351 1834 4405 καταλαϐεῖν

1934 3260 2273 3317 sermonibus
2322 3259 2536 3314 animas
2590 3264 2977 3327 pervertentes.
3030 3250 3498 3319 Quemadmodum

1934 3359 2114 3405 autem
2146 3363 2329 3403 rerum
2351 3360 2606 3402 verarum
2632 3341 2935 3413 assumptio
2958 3348 3011 3394 et
3046 3340 3264 3394 verbum
3292 3337 3437 3407 quod
3469 3352 3501 3390 λ

1932 3438 2042 3494 Deo
2060 3437 2355 3507 accipiunt,
2373 3444 2570 3490 natura
2602 3448 2730 3487 vera
2753 3440 2882 3488 sunt
2911 3439 2965 3485 et
2995 3429 3334 3498 conjungunt
3365 3425 3498 3490 Deo,

1934 3530 2016 3587 sic
2044 3538 2102 3585 et
2124 3530 2350 3584 verbum
2381 3526 2689 3581 daemonum
2742 3521 2905 3576 fallax
2940 3527 3065 3587 est,
3117 3527 3280 3589 atque
3327 3534 3359 3571 a
3392 3516 3500 3570 Deo

1934 3622 2192 3694 sejungit,
2219 3630 2275 3676 et
2305 3635 2336 3674 a
2369 3618 2552 3673 divino
2574 3615 2779 3670 auxilio
2808 3613 3047 3684 depellit.
3071 3611 3329 3678 Qitamam
3369 3622 3498 3663 vero

1934 3726 2063 3771 sunt
2087 3713 2380 3785 ejectiones
2408 3727 2516 3767 non
2540 3707 2786 3772 falsm,ut
2819 3706 3024 3761 dictum
3063 3710 3167 3767 est,
3198 3709 3253 3755 et
3282 3714 3497 3754 assum-

1933 3807 2189 3879 ptiones?
2243 3805 2353 3860 Illae
2380 3802 2630 3859 videlicet
2652 3814 2773 3871 qua:
2814 3797 2883 3852 ab
2912 3809 3098 3850 errore
3131 3792 3387 3862 eripiunt,
3447 3798 3501 3848 et

1936 3899 2003 3952 ad
2034 3896 2202 3952 Deum
2236 3896 2462 3951 ducunt.

2004 3987 2162 4045 Vcrs.
2198 3986 2285 4041 16.
2316 3986 2646 4055 Aperuerunt
2664 3994 2821 4048 super
2849 3986 2897 4031 te
2922 3994 2978 4030 os
3009 3992 3163 4031 suum
3177 3974 3381 4028 inimici
3399 3974 3498 4037 tui,

1933 4090 2038 4137 etc.
2072 4077 2334 4133 Inimicus
2364 4074 2508 4130 enim
2537 4080 2721 4127 noster
2755 4067 3006 4122 diabolus
3036 4065 3270 4130 circuit,
3311 4073 3373 4119 ut
3414 4064 3498 4117 leo

1934 4171 2179 4244 rugiens,
2209 4181 2460 4236 quaerens
2493 4178 2654 4234 quem
2684 4161 2908 4218 devoret
2926 4160 2991 4226 ιι,
3013 4168 3067 4214 et
3095 4157 3252 4228 quasi
3276 4170 3501 4226 serpens

1934 4263 1988 4318 in
2024 4277 2123 4317 nos
2145 4259 2345 4316 sibilat.
2372 4254 2760 4311 Verumtamen
2797 4252 2941 4308 absit
2969 4259 3030 4306 ut
3067 4250 3243 4308 dicat.
3293 4247 3500 4302 Absor-

1935 4354 2028 4409 bui
2055 4371 2070 4420 ;
2103 4364 2277 4421 neque
2307 4346 2606 4416 comperiat
2623 4344 2678 4398 in
2706 4344 2864 4399 nobis
2884 4342 3023 4398 diem
3049 4353 3208 4410 quem
3234 4338 3316 4394 sol
3337 4353 3501 4391 urens

261 4440 320 4494 ὲν
344 4442 476 4512 ἡμῖν
505 4441 737 4514 ἡμέραν,
768 4444 835 4513 ἣν
860 4443 889 4496 ὁ
911 4444 1188 4512 συγκαίων
1212 4443 1364 4514 ἣλιος
1400 4441 1831 4514 κατεργάζεταιί

1935 4445 2086 4503 facit.
2120 4443 2333 4500 Dictum
2374 4449 2459 4497 est
2488 4439 2633 4494 enim
2678 4437 2726 4470 ⁸³
2759 4455 2774 4491 :
2803 4434 2913 4491 Per
2958 4434 3097 4489 diem
3128 4431 3206 4486 sol
3243 4447 3346 4485 non
3386 4439 3499 4486 uret

262 4533 489 4606 Εἴρηται
520 4537 629 4609 γάρ
647 4553 661 4567 ⁸
699 4536 938 4606 Ἡμέρας
977 4540 1013 4592 ό
1042 4536 1215 4606 ἣλιος
1250 4538 1324 4592 οὐ
1358 4537 1692 4607 συγκαύσει
1734 4551 1827 4590 σε.

271 4628 513 4693 Ἦδοναίς
539 4627 647 4700 7&9
666 4628 760 4686 καὶ
775 4627 928 4699 θυμῷ
948 4628 1196 4697 συγκαίει
1220 4628 1315 4683 καὶ
1346 4626 1444 4699 τὴν
1472 4626 1679 4697 πλάνην
1698 4628 1833 4697 ἡμῖν

261 4719 338 4783 ὡς
363 4719 480 4789 φῶς
499 4719 596 4773 καὶ
621 4719 820 4787 γνῶσιν
852 4717 1168 4791 παρέχεται.
1193 4718 1499 4782 Ψάλλοντες
1539 4714 1632 4772 οὖν
1677 4716 1836 4788 ἐροῦ-

267 4828 385 4883 μενο
414 4816 484 4868 El
510 4813 597 4883 μὴ
630 4813 718 4867 ὅτι
748 4815 963 4882 Κύριος
986 4809 1066 4884 ἦν
1089 4813 1162 4867 ἐν
1183 4812 1347 4882 ἡμῖν,
1373 4811 1487 4881 ἆρα
1516 4810 1734 4877 ζῶντας
1757 4809 1834 4865 ἂν

261 4904 548 4959 κατέπιον
573 4904 732 4975 ἡμᾶς
749 4922 763 4936 ’
796 4905 891 4959 καὶ⁵
912 4904 994 4968 τὸ,
1035 4904 1322 4974 Λαμπτὴρ
1346 4903 1415 4957 δὲ
1441 4900 1675 4959 ἀσεϐῶν
1699 4903 1834 4956 σϐε-

260 4996 568 5065 σθήσεται.

344 5087 623 5153 Ἐποίησε
652 5087 866 5153 Κύριος
895 5086 935 5142 d.
980 5082 1333 5152 ἐνεθυμήθη.
1377 5082 1491 5136 οὐκ
1534 5080 1595 5148 ἐξ
1628 5081 1833 5136 ἑαυτῶν
1878 5142 1879 5145 η

262 5174 526 5246 ἐποίησαν
546 5176 596 5228 οί
625 5174 871 5245 πολέμιοι
892 5189 905 5203 ο
933 5171 1052 5244 Θεῷ
1088 5173 1194 5244 7&9
1237 5171 1432 5234 ἐδόκει,
1483 5173 1576 5225 καὶ
1620 5171 1831 5239 γέγονε.

262 5266 464 5339 Διόπερ
495 5267 647 5335 ἔλεγε
697 5267 792 5320 καὶ
817 5265 1204 5336 Ναϐουζαρδάν
1219 5280 1234 5295 ·
1264 5264 1475 5331 Κύριος
1492 5266 1527 5317 ό
1550 5263 1691 5328 Θεός
1713 5277 1830 5316 σου

266 5357 530 5427 uti/inae
575 5359 649 5412 τὰ
694 5356 850 5411 κακά
893 5354 1080 5411 ταῦτα
1120 5357 1208 5421 εὶς
1235 5353 1341 5407 τὸν
1384 5354 1570 5407 τόπον
1594 5353 1825 5415 τοῦτον,

262 5453 362 5516 καὶ
384 5449 648 5521 ἐπήγαγε
681 5452 911 5519 Κύριος,
943 5449 1030 5503 ὅτι
1060 5445 1347 5518 ἡμάρτετε
1382 5443 1559 5509 αὐτῷ.
1593 5445 1707 5507 Πᾶς
1737 5439 1833 5497 οῦν

320 5655 385 5701 .³⁸
413 5654 554 5708 l‘sal.
600 5669 698 5715 ιιι,
730 5654 781 5708 ί.
856 5651 902 5684 ³⁵
927 5649 1081 5706 Joan.
1116 5666 1204 5718 xv,
1234 5651 1320 5704 ‘22.
1402 5650 1446 5681 ³⁵
1484 5647 1653 5702 Levii.
1689 5664 1716 5699 κ
1747 5689 1760 5707 ,
1806 5647 1854 5699 3.

263 5723 307 5767 ‘-'
335 5722 534 5786 Ezech-
567 5739 685 5792 xm,
720 5725 803 5787 l9.
877 5726 921 5758 δι
952 5725 975 5790 ι,
1003 5726 1147 5781 Petr.
1177 5744 1225 5790 γ,
1255 5730 1305 5779 8.
1380 5724 1423 5756 δ’
1447 5721 1591 5777 Psal.
1622 5734 1739 5785 cu,
1770 5719 1819 5773 6.
1897 5721 1940 5753 υ
1970 5720 2110 5784 mal.
2142 5730 2328 5781 cum,
2360 5718 2412 5767 τι.

1937 4548 2005 4593 te.
2026 4531 2409 4604 Voluptatibus
2437 4528 2581 4586 enim
2628 4535 2680 4580 et
2708 4527 2789 4580 ira
2823 4523 3115 4588 comburit,
3148 4532 3501 4587 erroremque

1937 4627 2093 4683 nobis
2118 4623 2277 4697 quasi
2307 4622 2489 4677 lumen
2517 4629 2572 4675 et
2594 4616 2875 4674 scientiam
2907 4614 3177 4685 proponit.
3204 4611 3503 4666 Cantantes

1936 4722 2120 4791 itaque
2147 4718 2392 4774 dicemus
2421 4715 2471 4747 "
2495 4732 2510 4768 :
2544 4711 2665 4766 Nisi
2687 4711 2811 4783 quia
2835 4708 3089 4762 Dominus
3101 4714 3216 4758 erat
3246 4705 3301 4758 in
3327 4703 3497 4768 nobis.

1935 4814 2071 4882 forte
2097 4811 2234 4865 vivos
2265 4805 2605 4877 deglutissent
2628 4816 2751 4866 nos;
2785 4810 2839 4853 et
2872 4797 3004 4853 illud
3026 4796 3073 4829 “
3096 4814 3114 4852 ι
3140 4794 3368 4865 ιαηιραι
3396 4795 3499 4849 int-c

1926 4907 2140 4975 piorum
2165 4900 2547 4969 exstinguetur.

2009 5079 2162 5135 Vers.
2195 5078 2281 5133 l7.
2317 5075 2464 5131 Fecit
2490 5073 2746 5128 Dominus
2771 5086 2889 5141 qua:
2915 5070 3179 5139 cogitavit.
3207 5065 3326 5121 Non
3349 5082 3415 5120 et
3440 5079 3500 5118 se

1933 5169 2097 5242 339
2127 5171 2312 5225 hostes
2346 5166 2587 5222 fecerunt
2616 5181 2629 5217 :
2662 5163 2733 5217 ita
2765 5160 2909 5216 enim
2947 5158 3057 5213 Deo
3107 5159 3284 5213 visum
3332 5164 3385 5209 et
3417 5155 3498 5208 fa~

1934 5271 2080 5318 ctum
2113 5269 2213 5316 est.
2236 5258 2417 5326 Quare
2442 5254 2657 5311 dicebat
2708 5263 2763 5308 et
2807 5251 3160 5306 Nabuzardan
3192 5248 3277 5302 “:
3316 5247 3499 5299 Domi.

1933 5372 2030 5409 nus
2057 5354 2193 5410 Deus
2230 5364 2350 5406 tuus
2375 5351 2581 5404 locutus
2612 5355 2688 5401 est
2713 5343 2855 5398 mala
2889 5344 2998 5397 lucc
3022 5342 3075 5395 in
3100 5341 3273 5393 locant
3312 5339 3448 5389 hunc
3476 5375 3497 5406 ,

1931 5457 1981 5501 et
2012 5447 2235 5501 adduxit
2264 5443 2520 5497 Dominus
2540 5479 2553 5502 ,
2588 5437 2836 5507 quoniam
2855 5432 3109 5506 peccasti:
3156 5428 3260 5484 illi.
3306 5427 3501 5488 Omnis

1935 5647 1976 5678 ³⁷
2007 5645 2138 5702 Luc.
2182 5658 2252 5698 sit
2280 5681 2295 5707 ,
2326 5639 2416 5695 Η.
2493 5638 2538 5670 ³⁵
2572 5636 2674 5693 lsa.
2706 5651 2824 5698 un,
2856 5635 2927 5707 l._
2979 5630 3258 5707 3’A'fl‘hren.
3290 5649 3337 5699 ι,
3371 5632 3457 5688 12.

2490 5710 2532 5741 η
2563 5711 2721 5763 Prov.
2753 5722 2868 5774 xm,
2906 5704 2958 5762 9.
3037 5704 3082 5740 "
3108 5705 3305 5765 lcrcm.
3335 5725 3418 5777 sn,
3444 5710 3498 5771 εὶ.
