4070 6296
260 300 363 363 οιι

1489 307 1799 363 ΞΕῐιΕΟΤΑ
1841 306 1905 362 IN
1946 306 2289 362 TIIRENOS.

3419 314 3527 371 (ili

268 427 493 499 φύσεως
542 429 573 498 ἡ
615 426 811 497 πληγή.
867 421 995 479 Οἶδα
1046 426 1337 497 παραϐᾶσα
1376 428 1465 483 τὸν
1508 429 1670 500 νόμον
1696 470 1711 493 ,
1755 430 1844 483 καὶ

1950 430 2142 499 possit.
2198 429 2323 484 Scio
2357 430 2524 501 legem
2576 439 2722 487 tuam
2757 447 2788 487 a
2836 445 2922 489 me
2954 428 3252 499 violatam,
3289 433 3525 505 Ideoque

261 520 386 583 τοῖς
408 518 651 573 ἐντεῦθεν
684 517 978 590 ἐπιτιμίοις
1007 519 1364 592 ὑποκειμένη,
1392 522 1451 574 ἐν
1478 517 1559 586 οἷς
1592 525 1707 576 ἐστι
1756 523 1847 576 καὶ

265 608 362 664 τόσ
399 609 558 681 Φάνῃ
591 610 661 663 τὰ
690 612 911 679 ἔγγονα
928 608 1036 678 τῆς
1058 612 1291 677 κοιλίας
1326 628 1442 665 σου
1463 652 1478 676 ,
1516 613 1661 680 κρέα
1699 611 1849 667 υἱῶν

268 719 411 766 σου,
457 702 554 755 καὶ
588 700 928 771 θυγατέρων
964 718 1100 757 σου.
1156 704 1436 776 Ἐνόμιζον
1476 705 1581 769 ἕως
1620 705 1848 776 ἀπειλῆς

269 788 407 848 εἶναι
438 792 503 845 τὰ
526 793 769 863 ῥήματα.
809 795 1043 862 Ἔγνων,
1076 793 1269 867 Κύριε,
1304 796 1386 850 ὅτι
1429 800 1462 851 ό
1498 797 1681 867 νόμος
1728 813 1846 851 σου

266 883 532 951 ἀλήθεια.
581 884 798 955 Ἱερέως
829 885 887 938 δὲ
915 887 1009 939 καὶ
1034 888 1312 960 προφήτου
1344 888 1560 961 σφαγὴν
1590 890 1691 942 οὐκ
1716 890 1849 941 ἐπυ-

267 976 438 1047 θόμην
469 978 528 1032 ἐν
564 978 716 1049 μέσῳ
737 977 862 1049 νεῷ.

343 1067 790 1137 Ἑκοιμήθησαν
827 1071 915 1135 εἰς
952 1068 1067 1137 τὴν
1105 1061 1323 1135 ἕρδον
1378 1071 1697 1140 παιδάριον
1747 1071 1845 1125 καὶ

254 1157 625 1225 πρεσϐύτης.
666 1158 789 1210 Ἐπὶ
821 1161 889 1229 γῇ
922 1154 1063 1230 ἦσαν
1090 1160 1414 1231 ἐρριμμένοι
1455 1160 1654 1223 πάντες
1685 1161 1735 1213 οἱ
1779 1160 1846 1213 δι’

256 1247 478 1315 ἠλικίαν
503 1248 641 1321 πρὸς
670 1249 797 1314 τοὺς
817 1251 1012 1314 πόνους
1033 1250 1305 1314 ἀδύνατοι,
1328 1251 1507 1324 θέαμα
1532 1252 1650 1306 λίαν
1683 1252 1848 1306 ἐλεει-

254 1337 374 1401 νὸν,
415 1339 491 1404 ὼς
536 1340 631 1394 καὶ
667 1340 801 1394 νέων
849 1341 1033 1412 σφαγὴ
1078 1344 1172 1396 καὶ
1221 1343 1525 1415 παρθένων.
1578 1344 1702 1396 Εἴθε
1752 1345 1846 1397 καὶ

253 1427 466 1482 τούτων
492 1431 698 1498 σφαγαὶ
724 1430 851 1501 πρὶν
879 1433 961 1494 είς
982 1429 1125 1502 ζωὴν
1145 1433 1472 1505 πικροτέραν
1504 1433 1840 1502 ἀπάγεσθαιὲ

258 1521 475 1588 Ἔξοδοι
511 1522 568 1575 δὲ
605 1521 750 1595 ζωῆς
780 1523 849 1577 τὰ
883 1522 1110 1592 βιωτικὰ
1139 1525 1462 1597 πράγματα,
1500 1526 1557 1578 ὲν
1588 1521 1669 1589 οἷς
1697 1528 1843 1580 ἐκοι-

257 1615 513 1686 μήθησαν
568 1616 641 1687 μὴ
680 1618 1155 1689 γρηγορήσαντες,
1210 1620 1345 1690 μηδὲ
1389 1620 1843 1692 προσευξάμενοι,

254 1705 570 1768 κλείσαντες
607 1706 663 1758 δὲ
708 1707 845 1778 πρὸς
885 1708 1157 1780 ἁμαρτίαν
1205 1710 1298 1763 καὶ
1339 1710 1675 1781 εὐφροσύνην
1718 1711 1845 1773 τοὺς

1953 519 2152 574 factam
2186 535 2272 575 me
2298 536 2417 575 esse
2456 536 2741 592 poenarum
2776 537 2949 587 ream,
2983 523 3124 578 inter
3166 540 3303 593 quas
3326 533 3382 580 et
3427 526 3517 579 illa

1950 620 2070 665 est:
2101 611 2348 665 Comedes
2378 613 2517 681 ﬁlios
2544 614 2738 667 ventris
2786 615 2886 680 tui,
2926 630 3110 668 carnes
3135 614 3371 684 ﬁliorum
3397 624 3523 671 tuo-

1951 719 2069 755 rum
2089 712 2138 756 et
2169 702 2403 770 ﬁliarum
2433 714 2646 757 tuarum
2674 705 2741 757 ".
2790 702 3019 759 Nonnisi
3056 705 3218 760 verba
3274 720 3394 762 esse
3420 721 3524 776 pu-

1953 796 2159 851 tabam.
2206 795 2467 866 Cognovi,
2521 796 2771 860 Domine,
2804 797 3065 866 quoniam
3129 798 3213 851 lea:
3244 806 3337 851 tua
3385 799 3524 852 veri-

1950 895 2031 941 tas
2060 889 2128 941 ⁸⁷.
2159 887 2470 944 Sacerdotis
2501 904 2632 944 vero
2653 900 2707 945 et
2738 891 3018 960 prophetae
3040 904 3225 944 necem
3261 905 3371 945 non
3422 905 3523 943 au-

1948 978 2057 1032 diri
2086 978 2139 1032 in
2172 978 2349 1033 medio
2379 980 2601 1048 templo.

2025 1063 2177 1120 Vcrs.
2219 1065 2312 1123 21.
2358 1066 2696 1121 Dormiernnt
2748 1068 2803 1121 in
2838 1068 2922 1122 nia
2966 1067 3217 1136 parvulus
3263 1076 3312 1121 et
3341 1081 3520 1122 senex.

1946 1154 2211 1211 Prostrati
2235 1167 2392 1212 erant
2421 1157 2476 1211 in
2529 1159 2615 1212 via
2674 1174 2865 1213 omnes
2906 1160 3000 1229 qui
3046 1168 3266 1230 propter
3301 1168 3519 1215 aetatem

1946 1247 2225 1303 laboribus
2256 1259 2413 1304 erant
2456 1250 2711 1320 impares.
2750 1251 3121 1320 spectaculum
3160 1252 3320 1322 plane
3351 1253 3520 1308 mise-

1944 1342 2137 1408 rabile,
2162 1359 2315 1413 teque
2342 1352 2401 1398 ut
2420 1344 2594 1400 caedes
2616 1346 2881 1415 juvenutn
2912 1353 2966 1399 et
2996 1345 3291 1415 virginum.
3338 1345 3520 1416 Atque

1947 1434 2159 1488 utinam
2190 1444 2244 1489 et
2268 1435 2320 1489 hi
2350 1434 2585 1491 fuissent
2614 1437 2875 1507 perempti
2918 1446 3209 1509 antequam
3238 1446 3423 1495 essent
3450 1440 3518 1494 ad

1946 1525 2112 1578 vitam
2141 1526 2474 1581 acerbiorem
2519 1526 2759 1582 adducti.
2790 1526 2989 1583 Platea:
3020 1544 3151 1583 vero
3182 1530 3306 1585 vita:
3342 1546 3519 1587 szecu-

1946 1615 2083 1670 Iaria
2115 1618 2326 1688 negotia
2355 1628 2503 1684 sunt,
2538 1619 2591 1672 in
2624 1621 2821 1689 quibus
2847 1620 3209 1685 dormierunt,
3230 1623 3373 1692 quod
3410 1638 3519 1677 non

1949 1707 2264 1778 vigilassent
2294 1724 2469 1778 neque
2501 1717 2772 1773 orassent,
2797 1710 2891 1764 sed
2918 1710 3243 1766 clausissent
3289 1710 3356 1766 ad
3388 1726 3520 1782 pec-

253 1797 357 1866 τῆς
384 1796 559 1869 ψυχῆς
585 1798 914 1870 ὀφθαλμούς.
950 1799 1059 1852 Καὶ
1080 1800 1223 1864 τίνες
1259 1794 1437 1866 οὗτος
1473 1803 1535 1854 Ei
1576 1802 1676 1873 μὲν
1712 1820 1842 1854 παι-

1945 1801 2178 1854 candum
2207 1809 2261 1854 et
2289 1802 2355 1856 ad
2395 1803 2698 1871 voluptates
2725 1802 2921 1857 aninue
2954 1805 3163 1859 oculos.
3196 1802 3262 1859 Et
3294 1805 3518 1875 quinam

252 1887 439 1959 δάρια,
476 1889 536 1942 οὐ
578 1890 888 1962 θαυμαστὸν
918 1893 1091 1961 ἄγαν·
1140 1894 1259 1947 νυνὶ
1288 1893 1343 1946 δέ
1375 1894 1480 1964 πρὸ
1528 1893 1731 1947 τούτων
1792 1895 1839 1946 οξ

253 1979 540 2044 δοκοῦντες
563 1982 963 2056 προϐεϐηκέναι
983 1985 1103 2038 κατ’
1132 1984 1354 2056 ἀρετὴν,
1381 1986 1475 2038 καὶ
1510 1988 1618 2048 πᾶς
1656 1986 1712 2037 δὲ
1745 1984 1844 2056 τὴν

252 2071 430 2144 ψυχὴν
473 2072 826 2145 ἀδιάφθορος,
870 2074 964 2127 καὶ
1008 2074 1231 2138 δυνατὸς
1270 2076 1327 2126 ὲν
1375 2074 1593 2145 πολέμῳ
1622 2076 1845 2143 γέγονεν

250 2162 472 2235 ἐχθροῖς
493 2162 823 2235 ὑποχείριος.
873 2165 946 2217 Σὺ
978 2164 1057 2229 δὲ,
1102 2164 1178 2227 ὡς
1206 2164 1428 2232 ἀγαθὸς,
1459 2163 1554 2235 τὴν
1591 2163 1845 2236 τοιαύτην

248 2255 439 2310 αὐτῶν
463 2255 799 2319 καταπαύεις
829 2255 994 2326 ζωὴν,
1018 2257 1113 2309 καὶ
1137 2257 1494 2327 κατατέμνεις
1527 2257 1706 2311 πᾶσαν
1749 2258 1847 2310 αὺ-

248 2346 366 2400 τῶν
416 2347 675 2400 σύστασιν
701 2346 800 2419 τὴν
822 2348 914 2400 ἐπὶ
939 2346 1113 2419 κακῷ.

340 2433 670 2501 Ἐκάλεσας
698 2435 929 2504 ἡμέραν
955 2435 1169 2506 ἑορτῆς
1220 2440 1535 2505 παροικίας
1574 2455 1695 2508 μου
1736 2455 1846 2492 κυ-

253 2526 492 2582 κλόθεν.
536 2527 598 2580 Οἱ
625 2526 808 2598 κύκλῳ
839 2544 959 2599 μου,
998 2529 1152 2598 φησὶ,
1194 2528 1295 2601 τὴν
1343 2530 1601 2584 Ἰουδαίαν
1637 2530 1889 2599 οἰκοῦν-ε,

253 2636 349 2683 τες
377 2619 474 2690 τὴν
494 2620 575 2683 είς
603 2618 702 2689 ἐμὲ
716 2620 909 2692 ἑορτὴν
930 2617 1179 2691 ἐνόμιζον
1204 2622 1546 2693 καταφυγὴν,
1571 2625 1844 2696 σωτηρίαν

255 2710 503 2764 ἐντεῦθεν
526 2708 867 2774 ἐλπίζοντες*
896 2704 972 2764 ὧν
1003 2711 1175 2775 οὐδεὶς
1202 2711 1584 2766 ὑπολέλειπται
1629 2713 1717 2766 διὰ
1747 2712 1845 2784 τὴν

258 2802 358 2874 σὴν
386 2804 569 2867 αὐτοῖς
600 2803 986 2873 ἐπενεχθεῖσαν
1011 2805 1201 2876 ὀργήν.
1226 2805 1304 2857 Δι’
1338 2798 1412 2858 ὧν
1432 2803 1541 2878 γάρ
1573 2805 1842 2876 ἥμαρτον,

258 2895 443 2950 πολλοὶ
468 2896 562 2950 καὶ
585 2895 800 2950 δυνατοὶ
834 2896 1124 2965 γεγόνασιν
1149 2896 1355 2970 ἐχθροί.

912 2989 1068 3042 ΚΕΦ.
1111 2989 1183 3041 Γ’.

339 3077 481 3149 Ἐγὼ
525 3077 682 3148 ἀνὴρ
730 3082 765 3134 ό
795 3078 1048 3144 βλέπων
1086 3070 1406 3151 ἀτωχείαν.
1453 3081 1614 3135 Δεινὰ
1641 3081 1841 3153 συνέϐη

255 3167 334 3239 τῷ
362 3170 618 3243 προφήτῃ
644 3170 737 3223 καὶ
767 3170 896 3242 πρὶν
938 3168 1139 3224 ἁλῶναι
1176 3169 1274 3242 τὴν
1300 3171 1454 3225 πόλιν
1505 3171 1600 3225 καὶ
1638 3172 1842 3243 ταύτης

256 3258 579 3324 ἑαλωκυίας.
595 3260 706 3328 Διὸ,
732 3258 1122 3332 στοιχειώσεως
1145 3261 1339 3335 ἐτέρας
1368 3262 1657 3335 κατάρχων
1675 3301 1690 3327 ,
1721 3265 1846 3316 ἐαυ-

255 3348 348 3403 τὸν
376 3351 705 3424 ἀποδύρεται
741 3352 1014 3423 πτωχείαν
1042 3352 1185 3426 ὀρῶν
1212 3353 1309 3407 καὶ
1338 3354 1576 3426 ἐρημίαν
1610 3354 1710 3425 τῆς
1748 3355 1845 3408 πό-

255 3442 394 3506 λεως
429 3442 515 3496 διὰ
562 3444 812 3498 παιδείαν
859 3445 1087 3516 Κυρίου.
1138 3445 1250 3499 Καὶ
1297 3446 1459 3509 αὐτὸς
1503 3445 1655 3499 οὐδὲν
1681 3442 1844 3519 ἦττον

254 3532 478 3604 γέγονεν
517 3535 575 3587 ἐν
618 3534 794 3607 ἐνδείᾳ
840 3536 1093 3604 ἀγαθῶν,
1128 3537 1246 3608 ἅμα
1282 3537 1381 3608 μὲν
1424 3538 1483 3591 ἐν
1523 3538 1843 3610 περιστάσει

254 3621 494 3691 γεγονὼς
520 3623 681 3694 ἡνίκα
709 3624 930 3689 τούτους
957 3625 1270 3697 ἐξήλεγχεν,
1312 3626 1455 3681 ὥστε
1481 3627 1659 3695 λέγειν
1676 3645 1689 3658 ’
1721 3631 1845 3681 Διε-

251 3714 476 3770 taetra
498 3716 998 3786 μυκτηριζόμενος
1018 3717 1227 3773 πᾶσαν
1265 3717 1384 3786 τὴν
1424 3718 1684 3787 ἡμέραν·
1727 3719 1842 3790 ἃμα

252 3807 311 3862 δὲ
341 3809 434 3862 καὶ
452 3812 574 3873 ταῖς
600 3809 709 3863 τῶν
735 3810 925 3863 δεινῶν
961 3809 1142 3863 αὐτῶν
1187 3809 1460 3864 κοινωνῶν
1512 3814 1840 3881 συμφοραῖς,

251 3898 343 3951 καὶ
374 3903 441 3972 τῇ
474 3903 538 3954 ἐκ
581 3902 923 3973 συμπαθείας
964 3901 1146 3973 ὀδύνῃ.
1178 3903 1316 3973 Φησὶ
1352 3901 1409 3955 δὲ
1440 3902 1534 3955 καὶ
1571 3901 1713 3956 κατὰ
1751 3902 1842 3956 τὸν

253 3992 421 4047 Ααυῒδ
439 4010 451 4022 ·
471 3994 619 4047 Σκιὰ
645 3992 903 4047 θανάτου
925 3992 1360 4060 ἐπεσκίασέμε.
1384 3993 1551 4047 Ὅταν
1582 3992 1690 4065 γάρ
1710 3994 1839 4065 δοκῇ

253 4078 393 4157 πρὸς
423 4083 597 4155 βραχὺ
623 4083 819 4137 διδόναι
846 4086 960 4148 τοῖς
983 4084 1169 4148 πόνοις
1196 4082 1511 4155 ἀνακωχὴν,
1555 4079 1710 4147 αὖθις
1734 4102 1841 4139 πα-

254 4175 531 4248 λινδρομεῖ
559 4175 778 4247 διηνεκῆ
811 4175 1081 4247 τιμωρίαν
1109 4174 1451 4246 ποιούμενος.

339 4268 701 4338 Ἐπέστρεψε
733 4268 901 4337 χεζοα
931 4267 1117 4322 αὐτοῦ
1146 4268 1301 4336 ὅλην
1330 4267 1446 4337 τὴν
1487 4267 1736 4339 ἡμέραν.
1770 4268 1840 4323 Τὸ

255 4360 413 4429 ὅλην
450 4360 566 4429 τὴν
612 4361 841 4429 ἡμέραν
876 4360 1026 4432 δηλοῖ
1044 4361 1171 4415 καθ’
1194 4360 1467 4430 ἑκάστην
1485 4360 1734 4430 ἡμέραν
1765 4362 1840 4426 ὡς

1947 1898 2076 1947 sunt
2109 1892 2203 1945 hi?
2233 1891 2288 1946 Si
2313 1893 2531 1962 quidem
2566 1895 2797 1962 parvuli,
2833 1910 2937 1948 non
2968 1896 3123 1950 valde
3165 1896 3519 1966 mirandum;

1946 1997 2094 2036 nunc
2118 1997 2245 2035 vero
2271 1991 2397 2037 ante
2424 1983 2524 2038 hos
2552 1984 2586 2037 ii
2608 1994 2735 2039 sunt
2767 1984 2859 2054 qui
2902 1985 2955 2038 in
2991 1986 3191 2041 virtute
3221 1985 3521 2055 profecisse

1946 2070 2218 2134 videntur,
2253 2072 2344 2125 sed
2371 2082 2425 2126 et
2456 2072 2635 2126 omnis
2668 2073 2854 2127 animo
2895 2071 3266 2143 incorruptus,
3292 2083 3347 2129 et
3379 2075 3522 2129 bello

1946 2160 2105 2216 fortis
2132 2161 2186 2215 in
2215 2162 2476 2217 ditionem
2514 2164 2860 2220 inimicorum
2894 2166 3145 2220 redactus
3172 2178 3274 2221 est.
3311 2165 3393 2221 Tu
3423 2164 3521 2220 auo'

1947 2260 2081 2318 tem,
2102 2261 2360 2323 tanquam
2378 2254 2574 2318 bonus,
2592 2256 2682 2309 tali
2704 2271 2891 2311 eorum
2914 2258 3038 2312 vitae
3063 2259 3224 2312 tinem
3252 2260 3508 2329 imponis,

1946 2356 2248 2411 eorumque
2268 2356 2460 2396 omnes
2490 2352 2718 2397 conatus
2749 2344 2815 2397 ad
2850 2344 3053 2397 malum
3083 2343 3406 2414 confringis.

1947 2436 1953 2442 '
2019 2432 2173 2489 Vers.
2202 2434 2292 2487 22.
2329 2432 2542 2488 Vocasli
2568 2435 2707 2488 diem
2728 2435 3079 2489 solemnitatis
3096 2436 3356 2504 parmcias
3379 2452 3521 2489 meas

1945 2524 2009 2577 de
2039 2526 2283 2578 circuitu.
2316 2524 2419 2591 Qui
2444 2526 2589 2580 circa
2623 2541 2731 2591 me,
2774 2526 2988 2596 inquit,
3032 2524 3276 2580 Judaeum
3309 2527 3523 2584 habita-

1945 2614 2098 2680 bant,
2134 2616 2531 2671 solemnitatem
2565 2631 2720 2670 suam
2764 2631 2888 2672 esse
2921 2618 3307 2672 existimabant
3336 2619 3404 2672 ad
3432 2632 3523 2673 me

1944 2705 2261 2778 confugere,
2286 2708 2515 2762 salutem
2552 2709 2677 2763 inde
2706 2717 3023 2778 sperantes;
3072 2724 3308 2778 quorum
3359 2722 3523 2764 nemo

1945 2808 2225 2868 superstes
2253 2809 2337 2853 est
2363 2799 2434 2853 ob
2467 2807 2615 2854 tuam
2647 2799 2702 2853 in
2734 2814 2829 2855 eos
2862 2800 3064 2854 illatam
3096 2801 3253 2853 iram.
3295 2799 3375 2855 Ob
3399 2815 3522 2870 qua:

1943 2892 2088 2949 enim
2113 2898 2439 2962 peccarunt,
2468 2892 2669 2946 multos
2702 2900 2757 2945 et
2777 2899 3026 2961 potentes
3056 2891 3517 2949 ltabuereltostes.

2596 2982 2747 3037 CAP.
2779 2982 2864 3038 III.

2019 3072 2175 3129 Vers.
2207 3073 2258 3127 I.
2295 3071 2408 3144 Ego
2439 3073 2519 3127 vir
2541 3073 2718 3126 videns
2743 3081 3125 3143 paupertatem.
3150 3073 3292 3129 Ante
3314 3080 3369 3128 et
3398 3082 3522 3142 post

1947 3167 2101 3223 urbis
2123 3168 2395 3223 excidium
2427 3166 2610 3238 gravia
2643 3181 2839 3236 passus
2862 3175 2944 3221 est
2970 3166 3254 3236 propheta.
3309 3164 3521 3222 Idcirco

1946 3276 2143 3315 novam
2173 3261 2567 3315 elementorum
2588 3259 2783 3312 seriem
2814 3259 3056 3320 ordiens,
3081 3268 3254 3312 semet
3274 3257 3522 3327 deplorat

1942 3353 2137 3408 videns
2169 3358 2543 3421 paupertatem
2577 3347 3039 3417 solitudinemque
3077 3347 3316 3403 civitatis
3345 3348 3521 3403 corri-

1944 3445 2123 3515 picnte
2153 3442 2404 3497 Domino.
2445 3440 2563 3511 Ipse
2606 3456 2826 3512 quoque
2880 3440 3239 3495 nihilominus
3289 3441 3516 3510 penuria

1943 3539 2213 3593 bonorum
2242 3535 2545 3599 laborabat,
2574 3544 2689 3589 tum
2720 3534 2790 3587 ob
2838 3532 3134 3586 discrimen
3162 3533 3306 3599 quod
3351 3531 3520 3585 subiit

1943 3645 2040 3686 eos
2065 3625 2464 3697 redarguendo,
2497 3625 2569 3679 ita
2596 3632 2653 3677 ut
2684 3623 2885 3678 diceret
2915 3623 2963 3654 ⁵⁸
2998 3640 3012 3675 :
3049 3620 3380 3675 l’erseveravi
3403 3620 3523 3675 sub-

1943 3729 2201 3776 sannatus
2230 3727 2341 3772 tota
2391 3718 2512 3779 die;
2570 3724 2682 3771 tum
2740 3714 2867 3784 quia
2909 3713 3281 3768 calamitatum
3326 3726 3517 3767 eorum

1945 3812 2214 3883 particeps
2242 3816 2379 3873 erat,
2407 3816 2463 3863 et
2498 3804 2995 3862 commiseratiouis
3037 3801 3230 3856 aﬂectu
3272 3802 3517 3861 dolebat.

1945 3904 2086 3958 Dicit
2105 3901 2268 3956 etiam
2295 3915 2420 3955 cum
2450 3898 2654 3952 Davide
2677 3914 2691 3950 :
2719 3896 2762 3927 "
2795 3895 2993 3948 Umbra
3021 3893 3206 3946 mortis
3251 3896 3520 3963 cooperuit

1942 4013 2044 4051 me.
2075 3995 2212 4050 Cum
2243 3991 2389 4047 enim
2419 3990 2578 4062 34],
2606 3989 2821 4043 videtur
2863 3987 2928 4041 ad
2980 3986 3253 4040 modicum
3307 3995 3520 4057 tempus

1943 4088 2192 4144 inducias
2212 4085 2485 4139 malorum
2515 4083 2645 4136 dare
2677 4118 2693 4143 ,
2739 4094 2933 4133 rursus
2964 4077 3194 4132 recurrit
3226 4092 3519 4148 perennem

1943 4177 2185 4232 inferens
2218 4175 2582 4245 punitioncm.

2014 4267 2170 4321 Vers.
2203 4267 2256 4318 3.
2283 4262 2549 4318 Convertit
2580 4277 2792 4315 manum
2819 4276 2969 4316 suam
2989 4269 3101 4315 tota
3127 4261 3229 4315 die.
3254 4258 3386 4314 Tota
3411 4261 3519 4327 die,

1944 4361 2083 4416 idem
2114 4357 2386 4428 signiﬁcat
2418 4371 2481 4410 ac
2514 4354 2758 4425 quotidie
2785 4372 2798 4408 :
2849 4353 2993 4407 sicut
3017 4351 3179 4406 etiam
3233 4351 3374 4422 apud
3410 4349 3518 4404 Da-

256 4449 409 4521 παρά
467 4449 544 4521 τῷ
610 4450 791 4503 Δαυῖδ’
859 4450 1043 4518 Ὅλην
1098 4449 1214 4519 τὴν
1266 4448 1496 4520 ἡμέραν
1563 4449 1842 4521 πολεμῶν

1945 4453 2034 4506 vid
2063 4451 2109 4482 ‘°
2143 4468 2155 4503 :
2194 4449 2328 4503 Tota
2368 4448 2453 4501 die
2477 4448 2791 4517 impugnans
2815 4444 3085 4499 tribulavit
3114 4461 3211 4498 me.
3252 4442 3386 4499 Illud
3420 4460 3522 4498 au-

257 4540 471 4610 ἔθλιψέ
490 4560 584 4611 με.
613 4541 877 4612 Σημαίνοι
909 4542 956 4594 δ’
990 4542 1056 4597 ἂν
1093 4542 1175 4608 τὸ,
1210 4544 1503 4612 Ἕστρεψε
1529 4542 1697 4613 χεῖρα
1727 4546 1837 4597 αὐ-

258 4631 386 4695 τοῦ,
423 4634 515 4686 καὶ
555 4636 637 4687 ὃτι
678 4633 846 4687 πάλαι
882 4651 971 4705 μοι
1004 4635 1073 4687 τὰ
1103 4634 1283 4703 ἀγαθά
1312 4634 1584 4707 χορηγῶν,
1611 4635 1705 4690 νῦν
1739 4635 1837 4700 τὰς

259 4724 505 4788 παιδείας
535 4725 752 4794 ἐπάγει,
783 4724 1031 4797 καθάπερ
1060 4723 1293 4789 ἀλλάξας
1321 4726 1418 4798 τὴν
1446 4729 1622 4797 χεῖρα.

340 4816 709 4871 Ἐπαλαίωσε
735 4815 933 4885 σάρκα
962 4834 1102 4885 μου,
1132 4834 1196 4869 κ.·
1226 4833 1278 4872 τ.
1312 4833 1354 4870 ε.
1385 4816 1494 4888 Τὴν
1530 4817 1837 4891 σαθρότητα

256 4909 356 4983 τὴν
386 4909 671 4982 συμϐᾶσαν
703 4910 836 4981 ἡμῖν
859 4910 925 4962 ἐκ
950 4908 1048 4978 τῆς
1071 4908 1343 4981 ἁμαρτίας
1374 4910 1646 4978 σημαίνει.

336 5001 446 5056 Τοῦ
497 5001 705 5056 αὑτοῦ.
756 5000 1018 5071 Συμφορά
1067 4999 1176 5071 γὰρ
1221 5000 1479 5071 ἐπίμονος
1518 5001 1838 5072 γεροντικὴν

256 5092 544 5149 ἀσθένειαν
578 5095 814 5164 ἐμποιεῖ.

343 5185 785 5256 Ἀνῳκοδόμησε
815 5184 941 5239 κατ’
972 5182 1142 5252 ἐμοῦ.
1170 5184 1244 5236 Οὐ
1273 5182 1381 5255 γὰρ
1418 5184 1597 5255 ἀφῆκέ
1629 5201 1693 5256 με
1718 5185 1839 5239 δια·-

258 5278 453 5349 φυγεῖν
482 5276 552 5329 τὰ
595 5276 746 5330 δεινά
790 5276 1122 5346 πανταχόθεν
1170 5273 1643 5345 πολιορκούμενον.
1678 5275 1842 5344 Λέγοι

258 5366 302 5422 θ’
337 5368 404 5423 ἂν
438 5366 567 5433 ἴσως
611 5367 704 5421 καὶ⁵
736 5368 797 5422 τὸ
836 5366 1162 5439 περιϐληθὲν
1192 5369 1259 5438 τῇ
1289 5366 1440 5421 πόλει
1474 5369 1650 5439 τεῖχος
1679 5365 1840 5420 πολέ-

262 5475 408 5530 μιον.

344 5548 442 5604 Ἐν
477 5548 809 5614 σκοτεινοῖς
830 5548 1072 5605 ἐκάθισέ
1096 5566 1194 5619 με.
1232 5548 1341 5621 Τὴν
1374 5549 1543 5619 αὐτὴν
1580 5548 1716 5621 μετὰ
1742 5548 1837 5603 τοῦ

1948 4553 2056 4598 lem
2091 4560 2103 4595 :
2144 4539 2408 4595 Convertit
2434 4553 2650 4591 manum
2675 4553 2849 4601 suam,
2884 4534 3194 4605 significare
3230 4533 3393 4588 etiam
3421 4548 3521 4605 po-

1946 4637 2071 4692 terit
2102 4634 2245 4704 quod
2276 4631 2403 4687 olim
2434 4629 2566 4684 mihi
2597 4630 2739 4684 bona
2774 4627 3148 4699 suppeditans,
3180 4641 3325 4680 nunc
3352 4628 3519 4682 casti-

1944 4728 2189 4797 gationes
2213 4723 2396 4789 infert,
2418 4738 2583 4777 manu
2609 4721 2764 4789 quasi
2792 4732 3078 4774 conversa.

2015 4820 2173 4877 Vers.
2204 4819 2257 4872 4.
2299 4816 2565 4871 Velustam
2608 4814 2729 4883 fecit
2754 4827 2962 4865 carnem
2989 4825 3174 4874 meam,
3212 4821 3317 4866 etc.
3356 4809 3515 4868 Debi-

1940 4912 2142 4966 litatem
2168 4910 2220 4963 in
2256 4910 2412 4964 nobis
2432 4924 2496 4963 ex
2528 4912 2750 4975 peccato
2775 4912 2948 4956 ortam
2980 4901 3266 4972 significat.

2015 5000 2289 5072 Ejusdem.
2322 4998 2556 5055 Assidua
2576 4995 2775 5065 quippe
2797 4992 3077 5048 calamitas
3101 4992 3328 5048 senilem
3358 4991 3515 5046 nobis

1940 5093 2101 5149 eﬂicit
2126 5091 2572 5147 imbecillitatem.

2015 5183 2170 5239 Vers.
2208 5183 2265 5238 5.
2297 5180 2609 5251 .Ediﬁcavit
2641 5187 2824 5232 contra
2854 5192 2954 5229 me.
2985 5173 3104 5229 Non
3139 5173 3284 5229 enim
3315 5171 3484 5242 pet-mi

1941 5278 2011 5334 sit
2041 5292 2126 5331 me
2152 5276 2389 5345 undique
2410 5271 2692 5327 obsidione
2725 5281 3046 5338 oppressum
3082 5265 3319 5335 eﬂ'ugere
3350 5263 3516 5316 mise-

1938 5369 2069 5423 rias.
2104 5366 2358 5437 Intelligit
2409 5363 2642 5418 fortasse
2677 5359 2842 5414 etiam
2885 5357 3125 5412 hostium
3154 5368 3372 5410 murum
3403 5366 3516 5423 quo

1939 5460 2129 5515 civitas
2160 5457 2265 5513 fuit
2291 5452 2722 5511 circumvallata.

2010 5547 2167 5607 Vers.
2193 5548 2247 5603 6.
2274 5545 2342 5601 In
2375 5544 2612 5599 obscuris
2649 5537 2928 5595 collocavit
2955 5549 3055 5589 me.
3088 5531 3319 5592 Easdem
3350 5548 3514 5593 vocre

325 5727 374 5761 ³⁸
400 5726 557 5782 Deut.
600 5740 797 5793 xxvm,
832 5727 920 5782 55.
996 5730 1039 5761 ⁸⁷
1064 5728 1209 5786 Psal.
1237 5743 1426 5794 cxvttt,
1464 5727 1589 5783 142.
1663 5727 1709 5760 ⁸⁸
1742 5726 1844 5784 ιονι

1968 5747 2064 5805 xx,
2086 5733 2135 5790 7.
2180 5733 2229 5767 "
2251 5727 2395 5785 Psal.
2430 5740 2586 5792 mu,
2615 5722 2707 5779 20.
2783 5721 2833 5754 ”
2860 5719 3007 5777 Psal.
3035 5735 3123 5777 ιν.
