4070 6296
589 385 696 448 6i?

2025 379 2112 439 17.x
2156 376 2457 439 ORIGENE

3762 380 3866 441 Cll

597 503 800 577 profert
836 519 898 559 ac
932 498 1348 557 David:Sedere
1403 517 1485 555 me
1537 500 1768 570 fecerunt
1817 502 1869 554 in
1925 502 2161 555 obscuris

2267 497 2428 551 Δαυῒδ
2478 497 2656 569 ἀφῆκε
2713 496 2898 570 φωνὴν
2926 496 3171 571 εἰρηκότι
3196 500 3236 530 ἰ
3282 496 3598 554 Ἐκάθισάν
3652 517 3739 569 με
3799 503 3870 555 ἐν

596 597 751 667 quasi
767 604 996 648 mortuos
1014 592 1197 648 seaculi
1221 594 1287 645 °'.
1325 591 1435 647 lloc
1458 601 1639 645 autem
1670 600 1889 661 propter
1914 607 2164 647 carceres

599 691 651 741 in
674 702 810 757 quos
836 684 1263 755 conjiciebantur
1288 683 1356 736 ab
1391 682 1658 746 hostibus,
1702 696 1801 736 nec
1823 698 1928 736 non
1962 691 2015 735 et
2042 697 2166 752 pro—

593 787 712 846 pter
739 777 938 831 missas
965 791 994 828 a
1023 773 1135 829 Deo
1163 773 1500 828 calamitates
1531 790 1544 827 :
1600 773 1798 827 animae
1824 773 1969 826 enim
2017 782 2168 826 tene—

593 870 703 922 brae
736 867 1064 922 tentationcs
1100 876 1246 921 sunt.
1282 865 1575 936 Speciatim
1604 878 1734 919 vero
1778 874 1832 919 et
1870 863 2163 920 Jeremiam

590 958 904 1013 Pascborin
934 966 1262 1012 cataractem
1297 958 1591 1012 obscurum
1650 957 2165 1027 tenebricosnmque

590 1049 824 1120 conjecit
846 1051 912 1113 ⁸³,
946 1050 1125 1118 qualis
1147 1059 1338 1104 eratet
1370 1051 1625 1120 spelunca
1664 1050 1855 1115 David,
1888 1050 1943 1104 in
2000 1065 2104 1120 qua
2133 1066 2163 1104 a

590 1139 756 1196 Saule
771 1140 1206 1195 abscondebatur
1219 1142 1309 1196 ⁶¹⁶.
1328 1139 1569 1196 Possunt
1586 1143 1748 1196 etiam
1770 1142 1822 1197 bi
1846 1142 1956 1197 duo
1985 1139 2162 1197 tbreni

587 1236 654 1290 ad
685 1234 962 1288 Christum
1008 1232 1197 1287 referri
1226 1275 1240 1296 ,
1295 1234 1455 1304 cujus
1504 1243 1661 1305 typus
1694 1243 1810 1289 erat
1857 1233 2161 1300 Jeremias,

587 1338 736 1382 tanta
770 1343 799 1380 a
831 1325 1034 1381 Judzeis
1062 1340 1284 1396 passum
1306 1368 1321 1391 ,
1366 1332 1418 1379 et
1467 1325 1687 1380 demum
1725 1326 2021 1397 sepultura:
2056 1336 2166 1381 tra-

584 1418 779 1470 (litum.

664 1504 817 1559 Vers.
846 1505 900 1558 7.
932 1503 1430 1574 Circumazdi/icavit
1458 1506 1569 1558 eius
1614 1520 1777 1560 meas.
1830 1504 2165 1560 lnevitabili-

591 1595 697 1650 l-us
772 1611 858 1649 me
887 1596 1047 1649 malis
1082 1596 1384 1665 oppressit,
1454 1596 1744 1664 imponens
1795 1596 1993 1651 cervici
2031 1613 2167 1652 mete

588 1688 848 1756 populum
875 1687 1149 1742 crudelem
1174 1696 1228 1740 et
1255 1695 1687 1756 exasperantem,
1718 1696 1771 1741 et
1799 1688 2010 1756 pondus
2040 1706 2166 1758 gra-

589 1780 711 1832 vius
741 1776 915 1847 quam
942 1777 1082 1833 ferre
1113 1780 1339 1848 possim.
1372 1777 1558 1851 Neque
1573 1781 1862 1837 exauditus
1887 1796 2030 1848 sum,
2062 1783 2162 1836 etsi

588 1883 732 1937 saepe
763 1883 953 1937 preces
975 1868 1134 1922 eﬂ'udi
1163 1877 1221 1923 ut
1253 1870 1549 1935 allevarcr;
1584 1871 1831 1926 exaudiri
1861 1872 2005 1927 enim
2037 1888 2165 1927 san-

585 1971 704 2016 ctos
735 1961 1062 2031 quandoque
1087 1977 1173 2016 res
1206 1962 1336 2030 ipsae
1381 1978 1488 2016 non
1517 1963 1724 2017 sinunt.
1781 1961 1952 2018 Vocat
2000 1980 2164 2033 porro

579 2053 779 2121 jugum
813 2058 1033 2105 catenas
1064 2048 1271 2104 ferreas
1301 2065 1440 2119 quas
1470 2049 1562 2104 Dei
1613 2049 1771 2120 jussu
1823 2065 1922 2120 pro
1973 2050 2164 2120 ligneis

584 2142 688 2196 sibi
719 2141 1134 2211 circumposuit.
1168 2141 1390 2213 Legitur
1411 2142 1574 2197 etiam
1612 2142 1692 2196 sic
1718 2142 1798 2196 “z
1842 2143 2163 2212 Aggravavit

582 2250 655 2287 (cs
701 2234 917 2288 cervicis
970 2250 1119 2289 meai.
1166 2234 1452 2290 Obstruxit
1482 2236 1624 2291 enim
1657 2235 1935 2290 orationes
1967 2251 2117 2291 meas
2143 2275 2159 2302 ,

581 2326 801 2396 quando
835 2326 972 2382 dixit
1002 2328 1077 2382 illi
1108 2328 1199 2382 σεε
1249 2327 1333 2384 Ne
1377 2346 1492 2384 ores
1536 2346 1633 2400 pro
1682 2329 1835 2397 illis;
1879 2346 1982 2384 non
2019 2331 2159 2384 enim

581 2417 863 2471 exaudiam
894 2427 961 2475 le.

652 2507 807 2564 Vers.
845 2510 898 2566 8.
935 2510 1214 2567 Obstruxit
1237 2515 1456 2568 semitas
1485 2531 1649 2569 meas.
1698 2513 1853 2585 Saepe
1882 2528 2002 2570 sum
2062 2531 2162 2586 ag-

581 2616 836 2671 gressus;
863 2602 1168 2659 ministcrio
1204 2620 1290 2658 me
1322 2607 1636 2660 renuntiare
1689 2622 1797 2660 nou
1844 2606 2160 2676 permisisti.

585 2693 774 2747 Aiebat
806 2694 952 2748 enim
986 2695 1031 2727 °'
1064 2713 1078 2750 :
1118 2695 1239 2750 Non
1263 2697 1541 2751 nominabo
1586 2715 1773 2753 nomen
1828 2698 2042 2752 Domini
2056 2738 2071 2765 ε
2109 2708 2159 2753 et

580 2786 737 2855 quasi
767 2802 797 2841 a
828 2787 1084 2858 quopiam
1139 2788 1584 2857 compellebatur.
1612 2788 1858 2845 Obstruit
1890 2805 2019 2845 vero
2041 2790 2160 2847 vias

578 2887 948 2947 peccatorum,
982 2895 1104 2934 cum
1130 2881 1237 2935 illis
1267 2896 1492 2951 peccare
1519 2898 1625 2936 non
1642 2882 1922 2950 permittit.
1954 2882 2023 2936 At
2049 2898 2158 2938 non

578 2972 703 3026 talis
728 2983 844 3027 erat
867 2973 1151 3043 propheta,
1189 2975 1280 3044 qui
1310 2974 1443 3029 dicit
1468 2975 1548 3030 “z
1584 2974 1707 3029 Non
1735 2976 1849 3030 sedi
1886 2993 2005 3030 cum
2028 2992 2157 3030 con-

577 3063 699 3115 silio
731 3063 1045 3118 ludentium.

655 3154 807 3212 νει-ε.
839 3157 925 3211 ll.
964 3155 1200 3211 Tetendit
1226 3174 1409 3211 arcum
1443 3174 1620 3213 suum.
1644 3155 1868 3224 Omnes,
1895 3158 1992 3224 ait,
2028 3173 2158 3215 snas
2184 3185 2228 3243 α

576 3249 800 3319 sagittas
824 3249 877 3302 in
902 3265 987 3303 mc
1006 3249 1160 3318 jecit,
1203 3265 1378 3303 meam
1417 3251 1712 3305 vulnerans
1758 3251 2157 3321 concupiscen-

576 3340 729 3405 tiam,
745 3355 918 3410 neque
947 3341 1266 3408 permittens
1293 3341 1450 3405 mibi,
1468 3350 1526 3394 ut
1547 3357 1762 3414 agerem
1781 3343 1924 3411 quod
1943 3342 2157 3398 vellem.

650 3430 807 3487 Vers.
844 3433 928 3487 l5.
960 3432 1188 3487 Immisit
1220 3435 1274 3488 in
1310 3449 1454 3487 renes
1477 3451 1613 3487 meos
1637 3436 1865 3505 sagittas
1886 3453 2030 3491 suas.
2057 3435 2160 3491 Bc-

581 3538 678 3578 ncs
706 3523 757 3576 in
791 3521 1069 3594 Scriptura
1100 3526 1601 3594 concupiscentiam
1625 3526 1968 3596 signiﬁcant;
1996 3527 2158 3600 342

574 3616 758 3688 jacula
786 3632 911 3671 vero
943 3618 1153 3688 sagitta:
1183 3628 1330 3674 sunt.
1361 3617 1446 3673 Me
1493 3633 1657 3687 porro
1699 3630 1957 3690 tauquam
2002 3638 2158 3675 men-

575 3709 765 3764 dacem
795 3708 1137 3773 deridebant,
1162 3717 1216 3762 et
1244 3709 1422 3764 l'actus
1460 3725 1579 3763 sum
1609 3709 1716 3764 illis
1755 3710 2039 3764 cantilena.-
2073 3725 2161 3764 ar-

2265 589 2601 656 σκοτεινοῖς
2624 590 2705 656 ὠς
2724 589 2981 658 νεκροὺς
3023 590 3259 655 αίῶνος.
3311 590 3483 644 Τοῦτο
3527 592 3583 644 δὲ
3635 591 3736 646 διὰ
3770 592 3869 657 τὰς

2266 683 2375 737 ἀπὸ
2409 682 2518 737 τῶν
2544 682 2819 753 πολεμίων
2863 682 3112 752 εἱρκτὰς,
3146 683 3262 754 ἆμα
3295 683 3350 736 δὲ
3392 685 3485 738 καὶ
3529 685 3620 738 διὰ
3666 684 3779 748 τὰς
3807 687 3868 738 ἐκ

2265 773 2403 828 Θεοῦ
2455 774 2761 847 συμφοράς’
2807 773 2985 845 ψυχῆς
3032 773 3141 846 γὰρ
3193 774 3386 838 σκότος
3427 777 3475 828 οἱ
3527 776 3867 847 πειρασμοί.

2279 865 2486 931 Ἰδικῶς
2534 867 2591 921 δὲ
2621 868 2715 921 καὶ
2759 866 3028 938 Ἱερεμίαν
3058 867 3140 930 εἰς
3180 864 3271 920 τὸν
3313 869 3715 941 καταρράκτην
3748 864 3868 923 ἐνέ-

2267 955 2427 1010 ϐαλεν
2455 961 2484 1012 ὁ
2510 957 2765 1030 Πασχὼρ,
2801 958 3074 1012 σκοτεινὸν
3104 958 3233 1013 ὅντα
3272 959 3366 1013 καὶ
3399 954 3639 1031 ἀφεγγῆ·
3676 962 3870 1015 ὁποῖον

2265 1044 2333 1121 ἦν
2371 1050 2464 1103 καὶ
2490 1050 2552 1103 τὸ
2577 1050 2739 1104 Δαυῒδ
2766 1050 2829 1104 cs
2858 1051 3141 1127 σπῄλαιον,
3174 1052 3233 1106 ἐν
3256 1047 3301 1120 ᾧ
3329 1051 3479 1123 παρὰ
3508 1052 3693 1107 Σαοὺλ
3722 1054 3865 1108 duo

2266 1138 2558 1210 κρύπτετο.
2587 1140 2843 1195 Δύναιντο
2871 1140 2928 1193 δὲ
2957 1141 3053 1194 xal.
3080 1143 3162 1206 εἰς
3188 1142 3424 1214 Χριστὸν
3454 1146 3503 1197 οἶ
3529 1143 3625 1196 δύο
3664 1144 3865 1217 θρῆνοι

2266 1228 2654 1300 λαμϐάνεσθαι,
2695 1225 2756 1285 οὗ
2799 1228 2966 1296 τύπος
3003 1227 3073 1304 ἦν
3107 1232 3396 1305 Ἱερεμίας,
3430 1235 3674 1288 τοσαῦτα
3711 1238 3865 1308 παρὰ

2278 1321 2547 1376 Ἰουδαίων
2574 1323 2922 1389 πεπονθότος,
2949 1326 3045 1378 καὶ
3065 1325 3215 1391 τέλος
3242 1327 3399 1397 τάφῳ
3427 1327 3862 1400 παραδοθέντος.

2351 1499 2834 1570 Ἆνῳκοδόμησεν
2860 1501 3039 1569 ὁδούς
3056 1521 3197 1572 μου.
3238 1502 3525 1573 Ἀφύκτοις
3556 1523 3626 1576 με
3661 1508 3861 1573 κακοῖς

2267 1592 2681 1664 περιϐέϐληκεν,
2719 1594 2927 1658 ἐπιθεὶς
2957 1594 3037 1665 τῷ
3085 1596 3338 1667 τραχήλῳ
3371 1613 3473 1663 μου
3513 1597 3644 1652 λαὸν
3671 1599 3859 1668 ἀπηνῆ

2266 1685 2361 1737 καὶ
2387 1684 2913 1756 παραπικραίνοντα,
2935 1687 3030 1739 καὶ
3059 1687 3241 1757 μεῖζον
3272 1688 3304 1761 ἢ
3327 1692 3447 1742 κατ’
3474 1688 3573 1760 ἐμὲ
3608 1688 3858 1762 φορτίον.

2267 1775 2381 1829 Οὐκ
2426 1775 2784 1848 είσηκούσθην
2823 1776 2881 1830 δὲ
2932 1779 3292 1855 κουφισθῆναι
3337 1781 3657 1852 εὐξάμενοςο
3707 1786 3858 1837 είσαδ

2267 1866 2559 1938 κουσθῆναι
2593 1867 2702 1939 γὰρ
2741 1868 2865 1932 τοὺς
2901 1869 3090 1938 ἁγίους
3118 1869 3228 1924 ἔσθ’
3264 1872 3353 1924 ὅτε
3386 1872 3584 1926 κωλύει
3612 1873 3684 1928 τά
3715 1874 3861 1947 πρά-

2265 1975 2473 2029 γματα.
2506 1959 2669 2027 Λέγει
2699 1959 2754 2013 δὲ
2785 1960 2949 2030 ζυγὸν
2992 1962 3087 2015 καὶ
3121 1964 3249 2027 τοὺς
3280 1963 3494 2028 κλοιοὺς
3533 1967 3665 2030 τοὺς
3702 1966 3857 2037 σιδη-

2269 2050 2414 2123 ροῦς,
2450 2049 2543 2115 οὓς
2575 2050 2697 2105 ἀντὶ
2741 2051 2965 2119 ξυλίνων
3008 2053 3155 2131 Θεοῦ,
3193 2053 3437 2108 κελεύσει
3472 2057 3854 2128 περιεϐάλετο.

2263 2141 2490 2214 Φέρεται
2515 2142 2623 2215 γὰρ
2654 2144 2749 2197 καὶ
2776 2146 2982 2216 γραφή·
3031 2145 3315 2214 Ἐϐἀρυνε
3347 2145 3456 2217 ⁸γὰρ
3483 2146 3593 2202 τὸν
3614 2150 3856 2219 χαλκὸν

2263 2237 2371 2290 τοῦ
2398 2234 2704 2305 τραχήλου
2729 2254 2870 2306 μου.
2916 2235 3221 2308 Ἀπέφραξε
3267 2236 3376 2308 γὰρ
3407 2237 3505 2309 τὴν
3540 2241 3856 2311 προσευχήν

2267 2344 2391 2398 μου,
2425 2328 2517 2380 καὶ
2559 2326 2722 2392 λέξας
2749 2326 2918 2398 αὐτῷ·
2954 2326 3051 2396 Μὴ
3084 2329 3428 2399 προσεύχου
3469 2330 3604 2399 περὶ
3628 2332 3853 2393 αὐτῶν,

2264 2417 2337 2470 οὐ
2370 2418 2480 2485 γὰρ
2506 2418 2941 2487 είσακοὺσομαί
2970 2432 3105 2473 σου.

2348 2508 2665 2578 Ἐνέςςραξε
2696 2511 2934 2578 τρίϐους
2954 2526 3094 2580 μου.
3133 2512 3391 2585 Ὥρμησα
3423 2514 3531 2586 γὰρ
3565 2514 3847 2579 πολλάκις·

2263 2600 2324 2653 οὐ
2356 2599 2743 2673 συνεχώρησας
2769 2601 3208 2674 παραιτήσασθαι
3229 2604 3329 2675 τὴν
3361 2603 3658 2661 διακονίαν.
3684 2608 3852 2676 Ἔφα-

2267 2707 2363 2744 σκε
2390 2690 2517 2762 γάρ·
2559 2692 2641 2744 Οὐ
2677 2689 2768 2760 μὴ
2813 2691 3089 2761 ὀνομάσω
3129 2692 3197 2745 τὸ
3245 2692 3434 2763 ὄνομα
3472 2697 3715 2767 Kvpl’ov,
3753 2699 3846 2750 καὶ

2263 2782 2453 2854 ῶσπερ
2483 2783 2589 2836 ύπὸ
2607 2801 2751 2849 τινος
2785 2783 3155 2839 συνελαύνετο.
3174 2785 3507 2858 Ἐμφράττεῑ
3536 2787 3593 2840 δὲ
3621 2789 3716 2842 καὶ
3744 2788 3848 2852 τὰς

2262 2873 2416 2939 ὀδοὺς
2444 2874 2553 2928 τῶν
2583 2875 2945 2947 ἁμαρτωλῶν,
2976 2876 3036 2929 οὐ
3066 2877 3366 2948 συγχωρῶν
3396 2878 3676 2949 ἁμαρτεῖν.
3705 2879 3846 2933 Ἀλλ’

2263 2966 2325 3019 οὐ
2353 2965 2594 3031 τοιοῦτος
2617 2968 2647 3020 ὁ
2687 2968 2993 3040 προφήτης,
3026 2969 3087 3032 ὃς
3126 2986 3189 3039 γε
3222 2969 3409 3040 φησίν·
3446 2974 3564 3025 Οὐκ
3590 2969 3843 3026 ἐκάθισα

2257 3056 2410 3127 μετὰ
2440 3057 2766 3127 συνεδρίου
2801 3057 3145 3120 παιζόντων.

2347 3152 2633 3207 Ἐνέτεινε
2670 3151 2852 3217 τόξον
2888 3150 3094 3206 αὐτοῦ.
3127 3152 3244 3205 Πᾶν
3273 3152 3461 3218 αὐτοῦ,
3498 3154 3651 3226 φησι,
3692 3153 3842 3224 βέλος

2266 3245 2502 3300 ὲκένωσε
2537 3244 2658 3298 κατ’
2698 3242 2855 3316 ἐμοῦ,
2886 3244 2985 3319 τὴν
3014 3247 3154 3318 ἐμὴν
3181 3245 3497 3316 τιτρώσκων
3530 3248 3839 3320 ἐπιθυμίαν,

2261 3339 2359 3393 καὶ
2390 3337 2464 3411 μὴ
2495 3338 2792 3411 συγχωρῶν
2821 3356 2910 3410 μοι
2933 3338 3194 3409 πράττειν
3222 3338 3298 3403 ὡς
3324 3339 3606 3411 βούλομαι.

2332 3432 2673 3502 Εὶσήγαγεν
2717 3431 2787 3485 ἐν
2834 3430 2958 3498 τοῖς
3000 3431 3242 3501 νεφροῖς
3273 3450 3390 3501 μου
3418 3433 3525 3499 τὰς
3551 3433 3842 3504 φαρέτρας

2261 3523 2467 3579 αὑτοῦ.
2516 3522 2724 3594 Nscppol.
2769 3522 2825 3576 δὲ
2869 3522 2927 3575 ὲν
2973 3524 3038 3593 τῇ
3093 3523 3282 3594 Γραφῇ
3325 3519 3386 3574 τὸ
3428 3524 3839 3597 ἐπιθυμητικὸν,

2265 3615 2335 3669 ίοὶ
2360 3614 2418 3668 δὲ
2444 3614 2514 3668 τὰ
2545 3613 2694 3685 βέλη.
2729 3613 2837 3667 Kal.
2876 3612 2943 3685 μὶ
2985 3613 3173 3667 λοιπὸν
3200 3614 3274 3677 ὡς
3305 3613 3545 3688 ψεύστην
3579 3616 3841 3689 διέσυρον,

2261 3706 2406 3777 ᾠδήν
2456 3722 2525 3776 με
2571 3705 2915 3777 ποιήσαντες.
2954 3704 3065 3756 Καὶ
3112 3703 3325 3774 φθάσας
3373 3704 3429 3757 δὲ
3470 3705 3643 3774 ἔλεγεο
3685 3710 3845 3762 Κατι

573 3815 917 3873 gumentum.
955 3801 1176 3857 Dicebat
1202 3817 1421 3872 quoque
1442 3810 1603 3855 antea
1629 3800 1673 3831 ⁸⁷
1696 3819 1709 3854 :
1737 3800 1895 3855 Solus
1915 3801 2156 3855 sedebam

2265 3798 2448 3867 μόνας
2491 3796 2821 3866 ἐκαθήμην,
2872 3793 2961 3847 ὅτι
3006 3796 3246 3862 πικρίας
3294 3795 3704 3865 ἐνεπλήσθην,
3749 3797 3844 3851 καὶ

574 3904 857 3950 saturatas
920 3894 1313 3956 amaritudine,
1367 3900 1421 3946 et
1476 3907 1597 3962 qua:
1654 3903 1998 3961 sequnnfur;
2038 3892 2159 3962 ipse

2265 3888 2328 3942 τὰ
2362 3888 2506 3960 ἑξῆς·
2532 3890 2561 3941 ὁ
2588 3887 2687 3958 μὲν
2719 3885 2826 3959 γάρ
2851 3885 3022 3939 ἐδεῖτο
3051 3886 3192 3958 ὑπὲρ
3223 3886 3421 3952 αὐτῶν,
3453 3890 3501 3941 οί
3535 3888 3592 3941 δὲ
3622 3888 3847 3945 ἐπεϐού-

575 3988 724 4042 enim
761 4002 860 4056 pro
891 3987 999 4042 illis
1022 4002 1207 4056 preces
1225 3985 1510 4050 offerebat,
1534 3996 1585 4040 et
1612 3985 1686 4039 illi
1716 3985 2114 4040 insidiabantur
2141 4003 2154 4039 :

578 4095 679 4135 nec
708 4089 886 4134 tamen
924 4080 1099 4150 potuit
1130 4095 1382 4134 recusare
1407 4078 2160 4147 ministerium.Ailligebatur

578 4172 763 4242 itaque
791 4180 845 4226 et
875 4187 997 4226 cum
1027 4186 1126 4241 pro
1152 4171 1258 4226 illis
1292 4181 1600 4240 pateretur,
1651 4182 1705 4225 et
1735 4186 1858 4225 cum
1908 4169 2160 4237 patienti-

576 4268 681 4323 bus
712 4264 1045 4329 condoleret,
1077 4273 1131 4318 et
1150 4280 1250 4335 pro
1281 4264 1635 4332 [monentibus
1665 4272 1980 4334 angeretur.

649 4359 806 4416 Vers.
846 4359 929 4414 16.
965 4357 1034 4411 Et
1065 4358 1217 4425 ejecit
1251 4358 1477 4411 calculo.
1526 4355 1780 4421 Calculo,
1830 4355 2039 4425 inquit,
2075 4354 2157 4409 vel

2258 3978 2433 4031 λευον·
2487 3978 2580 4032 καὶ
2626 3978 2777 4049 ὅμως
2815 3978 2915 4051 τὴν
2957 3977 3234 4033 διακονίαν
3272 3980 3374 4034 οὐκ
3400 3976 3468 4053 ἦν
3498 3984 3835 4054 παραιτήσαε

2261 4071 2405 4125 σθαι.
2448 4071 2828 4142 Ἐπικραίνετο
2865 4070 3045 4125 τοίνυν
3090 4072 3184 4125 καὶ
3221 4073 3446 4145 πάσχων
3476 4074 3618 4127 ὑπὲρ
3642 4076 3843 4139 αὐτῶν,

2260 4165 2529 4235 πάσχουσι
2580 4162 2880 4233 συναλγῶν,
2918 4163 3015 4216 καὶ
3051 4163 3339 4220 ἀσεϐοῦσιν
3383 4166 3842 4239 ὑπεραχθὸμενος.

2331 4345 2703 4410 Καὶέξέϐαλε
2733 4346 2938 4416 ψήφῳ.
2970 4346 3179 4419 Ψήφφ,
3218 4349 3403 4420 φησιν,
3427 4349 3699 4421 ἧάριθμῷ
3720 4350 3843 4405 καθ’

576 4469 794 4508 numero
824 4451 1100 4521 percussis
1134 4448 1366 4516 singulis
1391 4448 1645 4502 dentilms
1682 4448 1736 4501 in
1774 4447 1990 4500 maxilla
2018 4486 2033 4509 ,
2073 4446 2156 4501 vel

2265 4435 2486 4490 ἕκαστον
2511 4437 2698 4490 ὀδόντα
2731 4437 3026 4509 παιομένου
3050 4438 3192 4491 κατὰ
3219 4440 3315 4509 τῆς
3347 4439 3612 4507 σιαγόνος,
3639 4438 3672 4511 ἢ
3698 4441 3846 4508 λίθῳ

578 4546 755 4614 lapide
783 4544 939 4597 duro.
978 4539 1042 4594 Et
1078 4540 1377 4593 secundum
1408 4537 1573 4591 David
1604 4538 1678 4592 ait
1706 4538 1750 4569 ⁸³
1778 4559 1793 4592 :
1829 4537 1964 4591 Cum
1986 4538 2157 4591 cinere

2265 4528 2523 4597 σκληρῷ.
2558 4530 2663 4583 Καὶ
2715 4529 2859 4583 κατὰ
2899 4529 2991 4583 τὸν
3018 4530 3178 4582 Δαυῒδ
3214 4529 3270 4582 δέ
3311 4548 3462 4601 φησι·
3499 4532 3661 4586 Μετὰ
3689 4548 3842 4587 σπο-

578 4655 768 4707 panem
785 4652 954 4691 meum
976 4630 1383 4695 manducabam,
1410 4630 1657 4686 indicans
1674 4646 1732 4684 se
1748 4628 2157 4699 praealllictione

2265 4621 2371 4675 δοῦ
2416 4621 2599 4690 ἄρτον
2637 4638 2757 4691 μου
2792 4622 3025 4690 ἤσθιονσ
3062 4622 3123 4675 τὸ
3171 4623 3306 4694 μηδὲ
3347 4623 3511 4696 ἄρτον
3551 4627 3648 4679 σὺν
3683 4626 3843 4699 ἡδονῇ

582 4744 760 4798 neque
782 4742 975 4797 panem
1021 4740 1146 4781 cum
1192 4722 1471 4791 voluptate
1509 4736 1743 4776 sumere.
1784 4719 1899 4775 Non
1945 4728 2160 4790 poterat

2265 4710 2557 4782 λαμϐάνειν
2589 4711 2764 4783 δηλῶν
2805 4712 2912 4767 ὑπὸ
2955 4712 3207 4783 θλίψεως.
3257 4715 3369 4786 Οὐχ
3409 4711 3522 4768 οἷον
3564 4712 3658 4771 οὖν
3705 4712 3853 4772 εἶναι

582 4817 747 4888 igitur
773 4819 952 4871 anima
995 4830 1127 4887 pace
1165 4813 1307 4878 frui,
1349 4818 1476 4869 eum
1514 4821 1567 4866 et
1597 4812 1671 4867 ita
1723 4813 2071 4879 turbaretur,
2102 4822 2156 4868 et

2265 4801 2361 4871 τὴν
2387 4801 2566 4874 ψυχὴν
2587 4804 2645 4855 ὲν
2671 4804 2862 4875 εἰρήνῃ
2890 4803 3062 4878 ταύτῃ
3092 4805 3522 4877 ταραττομένην,
3557 4807 3650 4860 καὶ
3679 4824 3846 4880 προσ-

581 4909 806 4977 insupcr
837 4909 1100 4963 tumultus
1128 4906 1284 4973 foris,
1320 4906 1467 4960 intus
1490 4919 1697 4975 pugnas
1721 4904 1944 4959 videret.
1976 4903 2160 4971 Quare

2266 4894 2347 4947 έτι
2397 4893 2697 4965 βλέπουσαν
2755 4893 2953 4962 ἔξωθεν
3008 4895 3305 4968 θορύϐους,
3374 4896 3576 4951 ἔσωθεν
3641 4899 3841 4970 μάχας.

580 5000 733 5058 omni
762 5015 857 5072 spe
884 5000 1010 5054 boni
1042 5000 1273 5069 abjecta,
1305 5015 1466 5054 voces
1490 4997 1591 5053 Job
1619 4997 1802 5052 emisit
1827 5015 1841 5052 :
1876 4997 2159 5052 Renuntia-

2265 4984 2380 5050 Διὸ,
2406 4985 2573 5058 μηδὲν
2604 4985 2830 5050 ἐλπίσας
2857 4988 3116 5059 χρηστὸν,
3147 4987 3245 5051 τὰς
3285 4987 3405 5042 Ἰὼϐ
3434 4990 3613 5061 ἀφῆκε
3639 4991 3841 5061 φωνάς’

583 5096 652 5149 ait
687 5095 814 5148 mihi
846 5094 1205 5148 misericordia
1227 5133 1241 5156 ,
1279 5104 1329 5147 et
1358 5109 1473 5162 spes
1517 5107 1634 5144 mea
1672 5108 1703 5142 η
1759 5088 2000 5143 Domino.
2036 5087 2153 5144 Non

580 5185 728 5241 etum
757 5183 1040 5255 praesentia
1074 5182 1215 5237 mala
1238 5180 1485 5250 superari
1513 5186 1786 5249 poterant.

651 5272 925 5332 νει-535.
959 5273 1137 5328 Bonus
1182 5282 1259 5327 est
1292 5271 1550 5325 Dominus
1588 5264 1968 5322 sustinentibus
2012 5282 2155 5321 eum.

581 5367 719 5425 Nam
751 5384 876 5425 cum
908 5383 1032 5439 erga
1074 5381 1264 5420 omnes
1297 5366 1477 5418 bonus
1518 5363 1618 5428 sit,
1670 5369 1911 5414 nostram
1947 5360 2160 5428 patien-

578 5463 714 5517 tiam
743 5461 947 5532 exigit:
980 5459 1176 5515 anima:
1219 5458 1364 5512 enim
1409 5454 1673 5526 quterenti
1714 5452 1864 5506 illum
1891 5493 1905 5517 ,
1955 5452 2157 5504 bonum

581 5564 669 5611 est
693 5568 978 5624 quarere;
1007 5567 1128 5622 qua:
1158 5565 1265 5607 non
1295 5548 1508 5603 turbata
1541 5545 1794 5608 sustinet,
1835 5544 2007 5597 donec
2059 5541 2162 5595 mi-

2277 5079 2587 5133 Ἇπείπατό
2611 5095 2690 5149 με
2718 5078 2911 5145 ἔλεος,
2945 5080 3044 5134 καὶ
3077 5081 3116 5149 ἠ
3156 5081 3334 5150 ἐλπίς
3366 5099 3487 5150 μου
3529 5084 3689 5152 παρὰ
3730 5087 3845 5139 Κυ-

2254 5171 2414 5241 ρίου.
2443 5172 2517 5224 Ού
2549 5171 2659 5243 γάρ
2687 5166 2757 5243 ἦν
2785 5171 3003 5242 νικῆσαι
3031 5171 3101 5225 τὰ
3129 5171 3468 5243 περιεστῶτα
3491 5173 3658 5228 δεινά.

2346 5262 2584 5333 Ἀγαθός
2612 5263 2825 5332 Κύριος
2860 5263 2984 5330 τοῖς
3020 5261 3433 5334 ὑπομένουσιν
3461 5265 3669 5321 αὐτόν.
3700 5264 3843 5337 Πρὸς

2263 5354 2468 5418 πάντας
2499 5355 2609 5426 γὰρ
2653 5354 2730 5407 ὣν
2782 5354 3023 5422 ἀγαθὸς,
3055 5355 3155 5426 τὴν
3199 5355 3329 5426 παρ’
3374 5356 3533 5427 ἡμῶν
3563 5357 3841 5427 ὑπομονὴν

2260 5449 2499 5504 ἁπαιτεϊο
2533 5451 2598 5521 τῇ
2643 5446 2751 5520 γὰρ
2791 5447 2935 5519 ψυχῇ
2970 5450 3040 5519 τῇ
3086 5447 3321 5521 ζητούσῃ
3359 5449 3523 5503 αὐτὸν
3555 5449 3753 5519 ἀγαθὸν
3782 5448 3842 5503 τὸ

2263 5535 2463 5609 ζητεῖν·
2514 5538 2636 5608 ἥτις
2686 5536 2946 5606 ὑπομένει
2993 5535 3068 5607 μὴ
3114 5538 3513 5610 ταραττομένη,
3570 5539 3731 5610 μέχρι
3780 5534 3842 5591 σι)

550 5691 559 5701 -
657 5668 700 5702 σι
733 5668 1061 5733 Ῥωμαίων
1086 5669 1140 5722 3,
1215 5667 1260 5699 οι
1295 5664 1495 5719 ,ιρι-(ειη,
1525 5681 1619 5726 χχ,
1649 5665 1706 5719 2,
1764 5665 1832 5695 δι’
1863 5678 1901 5716 l.
1927 5659 2066 5733 Reg;
2093 5673 2243 5733 xxiv,
2265 5657 2444 5733 4.__”
2472 5655 2675 5711 Jerem.
2711 5671 2900 5716 xxx-iu,
2923 5654 3007 5708 l3.
3069 5651 3326 5707 “Jcrem.
3349 5670 3459 5721 xiv,
3491 5656 3576 5710 ll.
3657 5656 3702 5688 ⁸⁸
3726 5653 3835 5710 Jer.

588 5750 683 5802 ιι,
708 5739 762 5792 9.
839 5738 884 5768 ⁸⁵
912 5736 1025 5792 Jer.
1050 5726 1151 5803 ἰν,
1191 5734 1275 5791 l7.
1350 5736 1392 5766 ⁸⁵⁷
1434 5734 1639 5790 Jcrem.
1678 5750 1768 5798 xv,
1793 5733 1880 5788 l7.
1958 5726 2183 5784 “'Psal.
2209 5743 2290 5793 cr,
2333 5726 2419 5780 10.

662 5832 679 5851 ’
713 5824 1072 5882 Scribcndum
1096 5824 1295 5881 fuisset
1327 5825 1460 5897 ττὴν
1482 5823 1651 5895 αὐτὴν
1680 5822 1826 5893 τῷ...
1854 5819 2125 5894 εἰρηκότι,
2151 5835 2162 5855 τ

2270 5836 2280 5869 :
2310 5816 2446 5886 ptati:
2468 5814 2627 5869 τοῦ...
2666 5815 2966 5884 εἰρηκότος.
