4070 6296
283 299 388 357 615
1484 297 1798 355 SELEC'TA
1833 299 1900 355 IN
1942 298 2288 359 THRENOS.
3420 309 3524 367 6'46

283 418 429 480 ἔλεος
454 414 785 484 ἀπαιτήσειε,
818 410 952 485 μηδέ
998 412 1392 486 μεθισταμένη,
1430 415 1592 487 μέχρι
1631 415 1694 469 τὸ
1737 432 1828 469 σω.
1873 427 1890 479 Α

1911 460 1916 478 ,
1947 417 2243 475 sericordia
2274 418 2478 485 veniat,
2510 436 2685 492 neque
2729 422 2925 481 transit
2972 422 3041 479 ad
3078 424 3410 494 sperandum
3464 428 3518 482 in

284 512 465 580 τήριον
493 504 766 575 ἐπιφανείη
792 504 1022 575 Κυρίου,
1049 505 1129 569 είς
1152 503 1214 558 τὸ
1244 504 1481 570 ἐλπίζειν
1515 508 1595 571 είς
1632 506 1835 579 ἕτερον.

1943 510 2194 577 alterum,
2220 510 2395 568 donec
2424 512 2662 568 salutare
2699 512 2910 567 Domini
2947 524 3226 583 appareat.
3255 513 3515 571 Fortasse

288 601 441 660 Ἴσως
469 598 522 652 δὲ
544 595 637 650 καί
663 595 984 665 ήσυχάσει,
1017 595 1185 666 λέγει,
1213 595 1287 669 μὴ
1311 597 1842 671 πολυπραγμονοῦσα

1944 618 2092 670 vero,
2117 603 2314 674 inquit,
2337 614 2386 659 et
2408 607 2653 674 quiescet,
2684 606 2735 662 id
2775 613 2881 674 est,
2926 606 3282 676 providentiae
3313 606 3520 677 judicia

284 692 379 761 τῆς
401 688 647 760 Προνοίας
670 687 736 740 τά
761 687 1024 759 κρίματα.
1050 688 1143 740 Δεῖ
1165 688 1367 753 τοίνυν,
1402 687 1504 743 κᾶν
1534 690 1839 760 ἀγνοῶμεν,

1941 696 2156 751 curiose
2188 711 2293 750 non
2320 697 2585 767 exquiret.
2611 696 2835 768 Oportet
2869 698 3053 768 itaque
3083 713 3208 765 nos,
3234 699 3335 754 etsi
3365 701 3520 770 igno-

283 781 353 851 μὴ
380 777 665 848 ἀφηνιάσαι
696 776 923 846 Κυρίου.

1940 800 2149 850 remus,
2180 801 2286 841 non
2313 803 2435 843 esse
2455 789 2507 842 in
2533 788 2822 843 Dominum
2855 789 3225 846 refractarios.

353 867 580 937 Ἀγαθὸν
603 866 798 935 ἀνδρί,
824 865 974 920 ὅταν
1010 864 1125 935 ἄρῃ
1162 865 1341 937 ζυγὸν
1364 866 1434 920 ἐν
1470 867 1705 938 νεότητι
1729 869 1839 922 αὐ·-

2012 874 2166 932 Vcrs.
2193 877 2282 932 Ξῖ.
2312 877 2520 933 Bonum
2558 889 2635 934 est
2670 880 2781 933 viro
2805 897 2921 935 cum
2945 881 3237 943 portaverit
3247 878 3440 950 jugunt
3462 883 3518 935 in

269 958 385 1013 rei}.
414 960 532 1012 Ὀτι
575 960 608 1013 ὀ
638 956 812 1030 ζυγὸς
849 956 1014 1013 αὐτοῦ
1047 958 1332 1028 χρηστὸς,
1364 959 1459 1013 καὶ
1489 958 1556 1013 τὸ
1594 958 1840 1029 φορτίον

1931 964 2211 1035 juttentute
2225 983 2343 1021 sua.
2374 967 2642 1035 Quoniam
2659 969 2846 1041 jugnm
2880 970 3027 1026 illius
3063 971 3256 1026 bonum
3294 982 3343 1027 et
3384 988 3518 1028 onus

260 1052 538 1120 ἐλαφρόν.

529 1090 538 1104 .
1942 1055 2047 1111 leve
2074 1055 2136 1111 ⁸³.

327 1141 666 1208 Καθήσεται
707 1139 858 1195 κατὰ
894 1142 1123 1210 μόνας,
1169 1141 1268 1195 καὶ
1314 1139 1705 1209 σιωπήσεται,
1749 1142 1839 1196 ὅτι

2016 1143 2169 1201 Vers.
2204 1145 2295 1201 28.
2328 1146 2537 1202 Sedebit
2557 1149 2922 1219 singulariter,
2946 1160 2996 1206 et
3022 1152 3220 1219 silebit,
3239 1154 3512 1225 quietum

255 1233 400 1302 ἦρεν
438 1234 533 1303 ἐφ’
572 1232 783 1299 ἐαυτῷ.
827 1232 948 1286 Κᾶν
991 1230 1085 1285 οὖν
1134 1232 1324 1305 μηδεὶς
1368 1233 1517 1306 αὐτῷ
1564 1234 1839 1307 συμϐαίνῃ

1939 1253 2094 1306 super
2125 1254 2198 1291 se.
2232 1237 2382 1292 Licet
2414 1255 2542 1309 ergo
2565 1255 2725 1294 nemo
2755 1257 2879 1296 cum
2910 1258 2976 1297 eo
3021 1246 3327 1299 consentiat
3352 1246 3421 1301 de
3452 1263 3513 1301 re

255 1325 381 1396 περί
405 1342 521 1388 του,
550 1324 625 1396 μὴ
650 1325 732 1379 δεῖ
758 1324 1143 1379 συνάπτεσθαι·
1175 1324 1311 1378 ἀλλά
1330 1325 1432 1380 κᾶν
1457 1326 1672 1398 μονωθῇ
1701 1326 1838 1397 πρὸς

1939 1327 2139 1397 aliqua,
2171 1344 2276 1382 non
2306 1339 2520 1399 oportet
2543 1333 2819 1405 conjungi,
2844 1336 2937 1391 sed
2966 1337 3129 1391 etiam
3159 1340 3204 1394 si
3238 1340 3392 1395 solus
3416 1343 3509 1407 sit,

252 1415 440 1477 τοῦτο,
470 1412 586 1478 τοῖς
627 1413 964 1484 δεδογμένοις
1009 1416 1386 1487 ἐγκαρτερεῖν,
1414 1417 1507 1470 καὶ
1532 1416 1836 1488 ἐνιδρύσῦαι

1939 1426 2085 1474 stare
2115 1420 2349 1475 decretis
2370 1430 2425 1477 et
2453 1421 2557 1479 tixe
2585 1424 2672 1479 illa
2699 1436 2903 1484 tenere.
2947 1427 3212 1487 Dominus
3232 1432 3376 1486 enim
3405 1434 3506 1487 Ita-

250 1505 505 1575 βεϐαίως·
551 1503 755 1577 Κύριος
794 1504 905 1576 γὰρ
949 1505 1265 1567 κατοικίζει
1304 1509 1719 1583 μονοτρόπους
1768 1510 1839 1563 ἐν

1938 1511 2105 1564 bitere
2132 1511 2260 1580 facit
2283 1513 2553 1568 solitarios
2595 1515 2650 1569 in
2677 1515 2863 1581 domo,
2916 1518 3090 1589 inquit
3123 1519 3291 1575 David
3317 1523 3396 1585 "°;
3427 1534 3505 1591 et,

248 1598 409 1663 οἴκῳ,
430 1599 598 1668 φησὶν
622 1601 650 1652 ὁ
680 1597 861 1663 Δαυῒδ,
879 1598 1001 1664 καὶ,
1035 1600 1199 1654 Κατὰ
1220 1601 1415 1670 μόνας
1443 1600 1557 1672 ἐγώ
1586 1604 1701 1673 εἰμι
1727 1602 1838 1669 ἕως

1936 1600 2226 1657 Solitarius
2263 1622 2356 1676 ego
2384 1623 2522 1670 sum,
2552 1606 2714 1662 donec
2738 1618 3097 1678 pcrtranseam
3130 1612 3175 1644 '”
3200 1651 3217 1678 ,
3247 1612 3507 1669 nimirum

246 1686 320 1747 οὗ
352 1690 654 1759 παρέλθω,
684 1690 925 1764 δηλονότι
971 1693 1098 1757 τοὺς
1141 1694 1500 1767 πειρασμοὺς,
1529 1694 1834 1767 φιλανθρω-

247 1780 376 1827 πίας
408 1780 614 1827 cumini-

1596 1694 1834 1767 λανθρω-
1867 1768 1908 1827 Β
1938 1697 2365 1765 persecutiones,
2390 1696 2483 1754 Dei
2510 1698 2896 1770 benignitatem
2923 1711 3203 1772 expertus.

247 1780 376 1844 πίας
408 1780 614 1851 τυχών.

313 1869 502 1925 Δώσει
549 1871 630 1937 τῷ
671 1871 907 1926 παίοντι
946 1872 1135 1928 αὐτὸν
1173 1872 1445 1942 σιαγόνα.
1490 1872 1828 1928 Ταπεινώσει

2008 1872 2164 1929 Vers.
2192 1875 2283 1930 50.
2319 1874 2474 1930 Dabit
2500 1879 2813 1946 percutienti
2836 1897 2890 1934 se
2917 1880 3215 1936 maxillam.
3241 1876 3506 1939 Humilia-

240 1961 350 2034 γὰρ
380 1962 599 2027 ἑαυτὸν,
632 1963 874 2034 φάσκων·
920 1963 1062 2035 Ἐγὼ
1096 1965 1163 2019 δέ
1192 1967 1308 2033 εἰμι
1352 1963 1429 2034 τῆ
1460 1965 1557 2019 καί
1581 1965 1830 2032 σποδὸς,

1936 1966 2013 2019 bit
2044 1966 2188 2020 enim
2231 1982 2310 2033 sc,
2352 1967 2539 2024 dicens
2573 1987 2587 2023 :
2625 1969 2737 2040 Ego
2766 1987 2882 2024 sum
2915 1981 3053 2026 terra
3093 1983 3143 2026 et
3179 1975 3313 2029 cinis
3341 1977 3388 2009 ⁷³
3409 2017 3424 2043 ,
3458 1977 3503 2032 si

238 2054 402 2128 εῐπερ
425 2055 595 2120 ὅντως
623 2058 771 2109 ἐστὶν
804 2056 964 2127 ἀνὴρ,
996 2056 1091 2109 καὶ
1128 2056 1227 2124 τῆς
1263 2054 1336 2127 μὴ
1366 2056 1835 2128 καταισχυνούσης

1936 2071 2059 2111 νοτε
2089 2065 2175 2111 est
2198 2057 2297 2121 vir,
2339 2067 2393 2114 ct
2430 2060 2544 2129 spei
2587 2076 2694 2114 non
2738 2061 3121 2118 confundentis
3148 2064 3340 2134 plenus
3363 2107 3378 2132 ,
3414 2068 3504 2120 cui

236 2146 461 2211 ἐλπίδος
493 2147 875 2218 πεπλήρωται,
909 2150 1091 2201 ὁποῖον
1123 2148 1218 2200 καὶ
1260 2147 1339 2199 τό·
1384 2146 1714 2217 Ἐκολλήθη
1752 2147 1834 2214 τῷ

1933 2142 2064 2197 illud
2093 2145 2253 2198 etiam
2286 2145 2444 2201 aliine
2472 2157 2554 2203 est
2582 2148 2628 2179 ⁷³
2656 2165 2671 2202 :
2705 2148 3083 2220 Conglutinata
3116 2161 3195 2207 est
3212 2155 3503 2223 pavimenta

234 2235 453 2306 ἐδάφει
488 2238 527 2306 ἡ
559 2236 729 2308 ψυχή
765 2255 906 2307 μου.

661 2236 729 2308 χὴ
765 2255 906 2307 μου,
1933 2234 2113 2287 anima
2136 2251 2268 2289 mea.

313 2329 442 2381 Ὅτι
475 2330 587 2384 οὐκ
631 2330 719 2394 εις
755 2328 864 2383 τὸν
890 2327 1077 2382 αἰῶνα
1116 2326 1417 2383 ἀπώσεται
1446 2330 1679 2398 Κύριος.
1717 2330 1830 2385 Οὐκ

2003 2322 2158 2380 Vers.
2187 2325 2276 2382 51.
2309 2327 2450 2405 Quia
2479 2344 2579 2382 non
2605 2329 2813 2399 repellet
2843 2332 2897 2385 in
2918 2333 3292 2403 sempiternum
3305 2326 3504 2390 ’Βουκέ-

237 2420 321 2482 εἰς
352 2418 449 2472 τὸν
475 2419 647 2474 αἰῶνα
676 2422 882 2492 μηνιεῖ·
903 2420 1020 2492 ἐρεῖ
1040 2421 1097 2473 δὲ
1119 2419 1195 2491 τῷ
1221 2420 1356 2493 πρὸς
1385 2421 1540 2488 ἀξίαν
1571 2424 1831 2495 μετανοή-

1933 2432 2051 2470 nus.
2078 2415 2196 2472 Non
2236 2419 2290 2473 in
2320 2420 2706 2489 sempiternum
2740 2422 3032 2489 irascetur;
3062 2425 3194 2481 dicit
3241 2436 3420 2482 autem
3452 2429 3500 2483 ei

239 2525 416 2563 σαντι·
450 2510 807 2566 Διαλειπέτω
826 2511 866 2582 ἠ
892 2510 1059 2580 φωνή
1092 2525 1209 2565 σου
1236 2512 1354 2566 ἀπὸ
1380 2514 1708 2584 κλαυθμοῦ,
1730 2515 1827 2570 καὶ

1930 2510 2023 2579 qui
2051 2511 2270 2580 dignam
2292 2511 2464 2582 egerit
2490 2513 2869 2582 paenitentiam
2906 2515 2992 2571 ’δι
3028 2516 3252 2586 Deﬁciat
3278 2534 3377 2572 vos:
3409 2528 3501 2573 tua

240 2604 294 2655 οἰ
321 2600 625 2672 ὀφθαλμοί
652 2615 767 2657 σου
796 2602 914 2658 ἀπὸ
945 2601 1224 2673 δάκρυος.

1929 2618 1962 2655 a
1989 2602 2139 2673 ﬂetu,
2169 2611 2219 2656 et
2247 2602 2388 2656 oculi
2405 2605 2484 2657 tui
2505 2620 2538 2657 ιι
2561 2603 2834 2674 lacrymis.

306 2694 529 2762 Κύριος
565 2695 676 2748 οὐκ
704 2690 853 2749 εἷπε.
888 2693 988 2747 Διά
1014 2694 1172 2748 τοῦτο
1204 2694 1544 2765 μανθάνομεν
1573 2694 1647 2767 μὴ
1679 2696 1829 2768 εἰρη-

1997 2690 2148 2747 Vers.
2181 2691 2272 2747 56.
2305 2692 2560 2746 Dominus
2595 2709 2699 2747 non
2735 2695 2895 2749 dixit.
2917 2693 2993 2749 Ex
3013 2695 3374 2753 hisdiscimus
3392 2714 3507 2754 non

239 2784 392 2839 κέναι
419 2785 515 2839 τὸν
546 2785 772 2857 Κύριον,
818 2786 915 2841 καὶ
960 2786 1097 2858 μηδὲ
1141 2785 1314 2841 αἴτιον
1352 2780 1490 2838 εἶναι
1516 2784 1612 2839 τοῦ
1639 2803 1827 2840 ταπει-

1927 2782 2132 2839 dixisse
2162 2783 2475 2848 Dominum,
2509 2798 2612 2839 nec
2632 2794 2910 2841 auctorem
2937 2801 3083 2852 esse,
3121 2796 3180 2843 ut
3204 2790 3372 2846 vincti
3395 2799 3502 2846 ter-

239 2876 478 2948 νωθῆναι
522 2878 649 2941 τοὺς
687 2877 940 2948 δεσμίους
970 2877 1070 2948 τῆς
1118 2877 1223 2947 γῆς
1265 2878 1371 2931 ὑπὸ
1400 2876 1501 2948 τῆς
1533 2879 1822 2951 ἁμαρτίας,

1927 2891 2004 2931 ra:
2031 2891 2062 2930 a
2088 2885 2313 2946 peccato
2337 2877 2712 2943 humilicntur,
2760 2893 2937 2948 neque
2961 2879 3240 2949 utjudicia
3260 2881 3498 2937 humana

236 2966 353 3021 οὐδὲ
379 2966 452 3021 τὰ
493 2967 811 3042 ἀνθρώπινα
842 2970 1084 3041 κρίματα
1116 2968 1383 3023 ἐκκλίνειν
1412 2969 1699 3024 κατέναντι
1727 2970 1823 3025 τοῦ

1925 2967 2355 3038 detorqueantur
2374 2969 2429 3023 in
2456 2976 2751 3038 conspectu
2781 2970 2942 3041 343
2981 2969 3195 3025 Domini
3223 2989 3238 3037 ;
3284 2974 3498 3042 justum

232 3055 389 3111 Θεοῦ·
420 3059 496 3112 τὸ
525 3058 635 3131 γάρ
662 3059 870 3114 δίκαιον
897 3061 1088 3133 ἀγαπᾷ
1125 3061 1221 3115 καὶ
1246 3061 1396 3129 εὐθύ·
1430 3063 1544 3116 ἀλλ’
1574 3063 1694 3117 ούδέ
1723 3061 1820 3118 τοῦ

1925 3060 2069 3113 enim
2094 3067 2415 3129 rectumque
2443 3059 2654 3128 diligit,
2687 3059 2798 3113 imo
2839 3075 3016 3131 neque
3059 3070 3117 3116 ut
3147 3062 3309 3132 digne
3334 3063 3502 3118 homo

228 3147 372 3213 ἔιξιον
421 3118 692 3218 γενέσίὶαι
738 3118 1101 3204 καταδικάσαι
1138 3125 1441 3223 ἄνθρωπον·
1485 3152 1546 3205 οὐ
1590 3152 1699 3225 γὰρ
1731 3153 1822 3207 δύ-

1887 3119 1891 3172 ί
1923 3150 2250 3206 condemnet
2281 3168 2297 3218 ;
2328 3164 2505 3219 neque
2534 3151 2678 3205 enim
2707 3160 2955 3220 possunt,
2992 3152 3186 3222 inquit,
3225 3156 3494 3215 contraria

228 3258 399 3307 ναται,
440 3246 617 3314 φησὶ,
657 3241 725 3296 τά
764 3241 978 3296 ἐναντία
1006 3244 1071 3296 ἐκ
1105 3244 1371 3314 στόματος
1396 3245 1601 3317 Κυρίου
1638 3245 1820 3317 ἐξελη-

1922 3256 1986 3296 cx
2013 3256 2107 3295 ore
2137 3239 2351 3294 Domini
2386 3238 2626 3308 prodire,
2651 3238 2794 3294 bona
2820 3248 2874 3294 et
2904 3240 3140 3307 malum;
3174 3256 3337 3312 neque
3351 3242 3493 3300 enim

229 3331 483 3400 λυθέναι,
505 3333 574 3389 τά
607 3331 788 3402 ἀγαθὰ
815 3334 909 3386 καὶ
936 3334 998 3387 τὸ
1027 3335 1217 3389 κακόν·
1250 3334 1406 3390 Οὐδὲ
1433 3337 1543 3408 γὰρ
1569 3336 1822 3406 δένδρον

1922 3333 2081 3386 arbor
2106 3332 2241 3385 bona
2271 3330 2476 3400 fructus
2502 3328 2673 3383 malos
2721 3328 2885 3392 facit,
2931 3345 3092 3400 neque
3148 3331 3307 3385 arbor
3351 3333 3495 3385 mala

227 3423 464 3494 ἀγαθὸν·
503 3424 773 3493 καρποὺς
817 3426 1118 3493 πονηροὺς
1163 3424 1354 3492 ποιεῖ,
1393 3427 1532 3481 οὔτε
1570 3427 1822 3497 δένδρον

1922 3423 2128 3492 fructus
2156 3421 2316 3475 bonos
2351 3420 2419 3474 ⁷⁸.
2461 3418 2615 3485 Quod
2647 3420 2811 3490 igitur
2844 3418 2913 3474 ab
2934 3419 3198 3488 improbis
3242 3421 3494 3491 injuriam

229 3515 511 3583 πονηρὸν
545 3515 814 3584 καρποὺς
850 3516 1132 3586 ἀγαθούς.
1160 3517 1233 3570 Τὸ
1268 3512 1360 3570 οὗν
1393 3517 1694 3571 ἀδικεῖσθαι
1723 3519 1819 3573 ἀν-

1921 3513 2172 3568 homines
2193 3511 2488 3582 patiantur,
2523 3511 2575 3566 id
2605 3520 2801 3581 praeter
2826 3510 3070 3566 divinum
3099 3511 3366 3581 judicium
3398 3515 3496 3577 ﬁt;

225 3607 358 3679 δρας
385 3607 507 3661 ὑπὸ
536 3607 787 3679 πονηρῶν
813 3609 966 3679 παρὰ
990 3609 1090 3681 τὴν
1117 3607 1266 3662 θείαν
1289 3608 1471 3675 κρίσιν
1510 3610 1646 3663 ἐστί·
1676 3611 1822 3679 γίνε-

1923 3603 1982 3658 tit
2030 3612 2209 3657 tamen
2250 3601 2305 3655 in
2349 3601 2459 3654 illis
2496 3614 2635 3669 quos
2685 3601 2826 3654 Deus
2862 3608 3223 3668 aspernatur,
3269 3600 3411 3654 sicut
3442 3609 3506 3653 et.

228 3713 314 3751 ται
338 3698 394 3752 δὲ
419 3699 582 3768 ὅμως
625 3699 684 3751 ἐν
718 3701 832 3762 τοῖς
869 3700 1300 3771 περιορωμένοις
1347 3699 1452 3754 ὑπὸ
1489 3700 1648 3767 Θεοῦ,
1678 3702 1819 3759 καθὰ

1919 3697 2181 3753 lsraolitis
2206 3695 2385 3750 evenit
2412 3694 2482 3749 ah
2507 3693 2780 3755 hostibus,
2810 3702 2865 3749 et
2887 3691 3216 3762 reSpicientc
3245 3690 3357 3747 Deo
3392 3701 3447 3747 to
3468 3721 3496 3733 —

230 3791 319 3844 καὶ
341 3794 467 3853 τοῖς
505 3790 865 3861 Ἰσραηλίταις
888 3791 993 3843 ὑπὸ
1032 3791 1139 3844 τῶν
1170 3790 1443 3862 πολεμίων
1477 3791 1695 3865 συνέϐη,
1725 3794 1819 3848 καὶ

1919 3774 2065 3845 litor.
2094 3787 2460 3854 Quamobrem
2494 3786 2584 3841 hic
2614 3785 2708 3841 Dei
2737 3793 3018 3854 respectus
3052 3783 3381 3853 quaerendus
3424 3786 3505 3839 ab

229 3881 286 3934 ἐν
304 3882 617 3953 ἐπιστροφῇ
643 3881 779 3935 Θεοῦ
808 3880 1015 3934 λύεται.
1041 3881 1133 3934 Διό
1158 3880 1263 3953 χρὴ
1296 3879 1498 3954 ταύτην
1529 3882 1816 3954 ἀναζητεῖν

1315 3879 1498 3954 ταύτην
1529 3882 1816 3954 ἀναζητεῖν
1919 3879 1987 3936 iis
2013 3889 2093 3936 est
2120 3879 2214 3949 qui
2244 3878 2428 3935 traditi
2460 3886 2590 3935 sunt
2611 3877 2679 3931 ad
2709 3890 2922 3946 ρωπος.

229 3973 351 4036 τοὺς
377 3971 482 4027 ἐπὶ
500 3972 739 4044 τιμωρίᾳ
761 3971 1184 4044 παραδοθέντας.

304 4064 367 4118 Τί
402 4063 695 4134 γογγύσει
723 4062 1035 4132 ἅνθρωπος
1055 4079 1075 4128 ;
1098 4064 1292 4134 Μάτην
1323 4064 1430 4136 ἄρα
1457 4064 1816 4134 γογγύζοντες

1986 4055 2142 4111 Vers.
2165 4055 2254 4110 39.
2284 4053 2427 4119 Quid
2449 4052 2799 4106 murmurabit
2829 4051 2983 4106 homo
3015 4054 3041 4108 Ρ
3075 4052 3299 4110 Frustra
3328 4054 3493 4126 igitur

230 4155 319 4208 ἐπὶ
360 4156 460 4210 τὸν
502 4154 842 4227 Δημιουργδν
886 4154 985 4226 τὴν
1030 4155 1209 4209 αἰτίαν
1257 4157 1560 4227 ἀνάγομεν·
1611 4158 1747 4229 ὅπερ
1786 4159 1815 4211 ὁ

1916 4156 2344 4213 murmurantes,
2393 4146 2445 4199 in
2504 4144 2817 4200 Creatorem
2871 4144 3087 4214 culpam
3133 4145 3424 4202 referimus
3472 4166 3488 4203 :

232 4245 337 4309 ζῶν
397 4244 691 4316 ἄνθρωπος
753 4246 853 4300 οὐκ
906 4244 1018 4317 ἔχει
1073 4248 1282 4299 ποιεῖν·
1335 4245 1544 4318 νεκρῶν
1592 4245 1703 4318 γὰρ
1756 4248 1814 4300 ἐν

1916 4239 2064 4312 quod
2091 4246 2236 4293 certe
2264 4239 2428 4291 homo
2457 4236 2643 4290 vivens
2670 4234 2848 4290 facere
2870 4250 2979 4289 non
3004 4243 3180 4306 potest
3206 4254 3219 4291 :
3244 4247 3502 4291 mortuo.

232 4335 532 4409 ἁμαρτίαις
562 4337 596 4406 ἡ
630 4334 855 4406 τοιαύτη
884 4335 1224 4407 προαίρεσις,
1252 4336 1300 4388 εἰ
1331 4335 1411 4407 μὴ
1436 4335 1544 4408 ἄρα
1565 4335 1814 4409 διελέγχῃ

1916 4341 2037 4381 rum
2087 4325 2232 4380 enim
2283 4325 2335 4378 in
2369 4324 2604 4394 peccatis
2639 4323 2752 4379 haec
2778 4336 2863 4378 ρει
2893 4325 3182 4393 sententia,
3217 4325 3321 4379 nisi
3357 4326 3496 4395 quid

233 4427 321 4481 τὸν
358 4426 543 4492 ζῶντα
574 4427 697 4481 καθ’
736 4427 1031 4501 ἁμαρτίαν,
1062 4428 1154 4481 καί¹
1178 4426 1310 4480 Θεὸν
1336 4425 1679 4499 αἰτιώμενον.
1724 4428 1812 4492 Ὠς

1884 4461 1888 4487 ,
1919 4416 2185 4471 viventem
2223 4415 2277 4468 in
2324 4424 2546 4484 peccato
2579 4413 2888 4481 redarguat,
2920 4428 2951 4468 a
2991 4429 3099 4483 quo
3131 4413 3275 4470 Deus
3318 4429 3491 4470 accu-

234 4510 323 4568 οὗν
362 4515 565 4587 ἑτέραν
608 4515 788 4570 αἰτίαν
833 4516 934 4569 οὐκ
978 4514 1277 4587 ἔχοντες,ἤ
1329 4515 1523 4587 μόνους
1561 4517 1812 4583 ἑαυτοὺς,

1917 4515 2087 4563 setur.
2122 4505 2261 4559 Cum
2296 4505 2479 4574 itaque
2510 4504 2656 4557 nulla
2692 4502 2799 4558 alia
2845 4519 3009 4559 causa
3056 4504 3148 4567 sit,
3173 4518 3338 4575 quam
3382 4503 3496 4573 ipsi

234 4606 300 4661 τὰ
324 4610 458 4682 παρ’
483 4607 692 4661 ἑαυτῶν
730 4594 997 4678 γενόμενα
1042 4607 1329 4679 κρίναντες
1370 4607 1812 4681 ἐπιστρέψωμεν.

1915 4614 2040 4663 nos,
2073 4612 2298 4668 operum
2330 4606 2643 4651 nostrorum
2688 4596 2789 4665 ipsi
2826 4594 3042 4664 judices
3078 4603 3496 4650 convertamur,

313 4699 721 4769 Ἐεηρευνήθη
761 4699 798 4767 ἡ
827 4697 968 4765 όδός
1003 4698 1190 4769 ήμῶν.
1229 4700 1344 4753 Οὐκ
1386 4698 1503 4753 ἐστι
1548 4698 1656 4772 γὰρ
1689 4701 1813 4755 ἐπι-

1985 4690 2142 4747 Vers.
2194 4689 2283 4745 40.
2331 4687 2660 4759 Investigata
2704 4695 2782 4740 est
2836 4688 2919 4740 via
2959 4694 3159 4740 nostra.
3191 4686 3270 4741 Ad
3312 4685 3495 4745 Deum-

237 4792 464 4863 στρέψαι
490 4791 627 4862 πρὸς
658 4789 862 4860 Κύριον
894 4789 985 4844 τὸν
1018 4790 1211 4844 ἑαυτὸν
1249 4791 1614 4862 ἀγνοήσαντα.
1665 4791 1816 4845 Ἐπι-

1913 4784 2057 4841 enitn
2082 4782 2325 4840 converti
2355 4782 2577 4836 minime
2600 4786 2776 4849 potest
2814 4777 2911 4848 qui
2946 4778 3299 4848 semetipsum
3331 4779 3494 4851 igno—

234 4883 492 4950 γινώσκει
518 4883 576 4937 δέ
596 4901 679 4947 τις
711 4883 902 4936 ἐαυτὸν
925 4883 1144 4952 ἐπάγων
1172 4885 1293 4947 ταῖς
1325 4883 1558 4954 πράξεσι
1581 4883 1678 4956 τὴν
1702 4882 1816 4937 διά-

1914 4884 2020 4931 rat.
2057 4872 2217 4928 Novit
2246 4887 2374 4928 vero
2404 4872 2643 4941 seipsum
2672 4870 2764 4939 qui
2797 4879 3028 4923 mentem
3061 4869 3316 4939 operibus
3340 4871 3493 4941 adji-

234 4991 401 5041 νοιαν,
436 4976 552 5047 ἅμα
589 4975 686 5047 μὲν
720 4974 1032 5029 ἐπισκοπῶν
1059 4974 1248 5039 αὐτάς,
1278 4974 1394 5045 ἅμα
1422 4974 1478 5027 δὲ
1506 4974 1600 5027 καὶ
1619 4974 1812 5042 νοερᾶς

1911 4969 2006 5034 cit,
2051 4975 2166 5019 tum
2215 4965 2281 5019 ad
2334 4964 2422 5018 illa
2461 4959 2878 5025 consideranda,
2925 4969 3041 5013 tum
3085 4968 3144 5013 ut
3188 4974 3251 5014 ea
3285 4961 3497 5014 mentis.

234 5066 617 5139 ἐργαζὸμενος.
666 5067 800 5121 Τότε
841 5065 950 5138 γὰρ
995 5066 1494 5138 ἀνακεκαλυμμένῳ
1534 5064 1811 5138 προσώπῳ

1912 5074 2074 5129 opera
2121 5057 2335 5113 cﬂiciat.
2371 5053 2526 5109 Tunc
2574 5053 2719 5107 enim
2784 5051 3014 5106 rchlata
3070 5048 3210 5106 faeie
3251 5049 3490 5120 glorians

237 5156 332 5229 τὴν
358 5158 518 5227 δόξαν
546 5158 752 5233 Κυρίου
780 5157 1279 5229 κατοπτριζόμεθα,
1313 5158 1409 5212 καὶ⁵
1428 5157 1499 5211 τὰ
1535 5157 1666 5230 πρὶν
1688 5156 1808 5224 e50-

1911 5150 2129 5205 Domini
2151 5147 2500 5218 speculamur
2541 5144 2607 5210 ⁷⁸⁸,
2638 5152 2692 5197 ct
2727 5143 2906 5213 priora
2937 5142 3129 5198 delicta
3160 5140 3494 5196 conﬁtentes

237 5226 915 5324 pokoyoﬁpavoulégomv,
956 5226 1061 5313 ὅτι,
1107 5226 1482 5318 Ἠμιίρτομεν,
1661 5248 1807 5316 ἠνο-

1909 5242 2174 5303 dicetnus,
2213 5234 2568 5298 Peccavimus,
2604 5234 2760 5303 impie
2786 5233 3008 5304 egimus,
3044 5248 3079 5285 a
3118 5240 3165 5284 te
3210 5229 3379 5284 aversi
3409 5226 3490 5285 ".-

228 5320 513 5409 μήσαμεν
546 5320 890 5409 ἀποστῆναι
933 5337 1052 5394 ἀπὸ
1085 5337 1224 5394 σοῦ.
1256 5339 1586 5410 Ἐπήγαγες,
1619 5338 1702 5393 ὅτι
1724 5337 1806 5391 δί-

1911 5330 2202 5395 lnduxisti,
2243 5328 2507 5399 quoniam
2550 5326 2736 5397 justus
2783 5340 2843 5382 es
2882 5325 2943 5381 in
2968 5322 3225 5381 omnibus
3251 5335 3374 5392 qua:
3402 5320 3488 5377 ἴου

234 5446 383 5495 καιος
413 5409 461 5486 ei
485 5431 580 5486 citi.
602 5432 767 5486 πᾶσιν
791 5425 881 5495 οἷς
896 5430 1162 5502 ἐποίησας
1186 5430 1340 5501 ἡμῖν.
1381 5409 1387 5410 ί

636 5432 767 5486 πᾶσιν
791 5425 881 5495 οἷς
896 5430 1162 5502 ἐποίησας
1186 5430 1340 5501 ἡμῖν.
1381 5409 1387 5410 ί
1910 5423 2034 5482 cisti
2067 5422 2243 5480 nobis.

341 5625 382 5657 "
406 5625 594 5681 Matth.
650 5642 735 5689 xi,
789 5626 879 5681 30.
992 5627 1040 5659 "°
1070 5625 1213 5683 Psal.
1250 5642 1416 5692 usus,
1451 5625 1502 5680 7.
1614 5626 1657 5657 '”
1687 5622 1835 5680 Psat'.
1863 5639 1989 5689 cxc,
2042 5625 2131 5682 10.
2244 5623 2291 5654 ⁷³
2318 5619 2456 5677 Gen.
2497 5636 2664 5689 xvm,
2712 5619 2805 5674 9.7.
2916 5616 2963 5651 ⁷⁸
2985 5613 3131 5682 Psai,
3156 5631 3357 5685 cxvttt,
3383 5613 3488 5670 25.

235 5691 282 5724 ⁷⁵
309 5692 505 5751 lenem.
538 5712 693 5762 usi,
727 5696 810 5750 16.
914 5696 958 5759 7⁸
988 5695 1176 5752 Matth.
1208 5712 1305 5763 vn,
1336 5697 1422 5753 1-7.
1498 5696 1545 5731 ⁷⁸
1573 5693 1615 5749 ll
1649 5693 1775 5751 Cor.
1809 5710 1890 5765 ut,
1932 5698 2020 5755 18.
2098 5699 2144 5733 "
2172 5694 2310 5751 Dan.
2338 5707 2418 5757 II»,
2451 5692 2504 5747 5.
