4070 6296
541 386 650 441 (il?

621 502 778 560 Vcrs.
824 505 909 558 41.
953 502 1199 556 Levemus
1240 500 1401 554 corda
1457 510 1658 554 nostra.
1705 499 1910 554 Levare
1955 497 2120 553 corda
2154 503 2198 558 Α

544 591 603 648 in
634 595 905 656 manibus,
937 593 987 646 id
1019 589 1325 661 signiﬁcare
1357 590 1609 645 videtur:
1641 600 1899 660 tauquam
1925 589 1980 644 iu
2010 604 2120 643 ma-

546 700 656 741 nus
699 692 974 740 sumentes
1025 682 1406 753 cogitationes,
1444 683 1824 738 examinemus
1872 697 1941 736 an
1971 696 2123 752 purae

545 776 675 831 sint.

614 862 771 920 Vere.
803 866 893 921 45.
923 866 1196 937 Operuisti
1219 867 1275 920 in
1307 867 1506 936 furore.
1539 865 1717 920 Etiam
1742 866 1859 921 haec
1883 875 2012 921 sunt
2030 883 2122 920 su-

543 956 771 1024 perioris
813 958 1178 1014 confessionis
1222 974 1350 1029 pars
1399 959 1645 1029 quaedam
1690 976 1706 1013 :
1759 958 1926 1013 veluti
1975 960 2119 1014 enim

542 1049 795 1104 tenebras
820 1065 850 1105 e
874 1051 1015 1105 nube
1040 1051 1275 1106 etfudisti
1302 1051 1458 1105 nobis
1480 1050 1824 1105 calamitates
1845 1067 1860 1115 ;
1885 1059 1939 1104 et
1963 1051 2122 1121 longe

540 1138 752 1209 positos
799 1155 829 1193 a
880 1152 928 1196 te
977 1151 1298 1211 persecutus
1341 1158 1438 1209 es,
1483 1142 1731 1198 occidisti
1784 1142 2121 1199 mortiticans

540 1239 766 1300 peccato
815 1248 911 1302 per
962 1249 1170 1303 poenas.
1210 1233 1275 1288 Et
1309 1235 1438 1305 qu'a
1488 1243 1710 1304 peccata
1743 1245 1931 1289 nostra
1958 1249 2059 1291 nos
2089 1249 2120 1290 a

543 1328 595 1373 te
639 1320 974 1388 dividebant,
1036 1332 1293 1392 tanquam
1349 1324 1524 1377 nubes
1571 1323 1874 1393 interiecta,
1931 1337 2122 1392 preces

545 1420 743 1466 nostrae
771 1415 835 1467 ad
859 1423 908 1468 te
932 1430 1037 1467 non
1062 1414 1531 1484 perveniebantf"
1568 1414 1667 1468 aLe
1684 1413 1830 1468 enim
1854 1414 2124 1469 columbae

543 1503 703 1558 nobis
737 1521 843 1559 non
873 1516 1029 1559 erant
1056 1506 1121 1559 ad
1155 1504 1613 1575 super-velandum
1637 1520 1702 1559 ac
1723 1504 2011 1559 dicendum
2031 1505 2077 1536 τ’
2105 1524 2117 1559 :

543 1590 610 1646 In
647 1592 757 1647 Deo
792 1595 1157 1662 transgredior
1201 1609 1434 1647 murum.
1467 1592 1584 1647 Non
1615 1594 1761 1647 enim
1806 1593 1965 1648 facile
2004 1601 2124 1647 erat

541 1685 874 1755 pertransire
899 1697 1203 1754 peccatum,
1226 1686 1427 1755 quippe
1457 1683 1605 1754 quod
1634 1685 1867 1739 solidum
1892 1693 1945 1739 et
1968 1693 2122 1739 tene-

542 1777 821 1832 bricosum
858 1788 959 1842 est,
992 1784 1176 1847 utpote
1209 1776 1450 1847 Spiritus
1485 1775 1659 1832 sancti
1693 1791 1907 1845 expers.

612 1951 771 2006 Vers.
800 1951 891 2005 47.
936 1950 1116 2004 Timor
1146 1959 1194 2005 et
1238 1950 1391 2021 furor
1419 1951 1595 2021 {actus
1624 1958 1702 2005 est
1745 1949 1916 2005 nobis.
1962 1949 2112 2022 Sym-

543 2045 794 2111 machus,
832 2054 1021 2099 terror.
1051 2042 1189 2098 Toto
1236 2060 1333 2097 ore
1363 2044 1767 2099 absorbueruut
1816 2060 1915 2098 nos
1964 2054 2014 2098 et
2067 2045 2118 2097 in

540 2136 873 2209 profundum
910 2137 1180 2192 malorum
1212 2138 1374 2192 delati
1406 2153 1620 2201 sumus,
1657 2136 1872 2191 timoris
1901 2152 1966 2191 ac
2002 2146 2118 2191 tur-

541 2230 780 2285 bationis
836 2230 1029 2299 pleni:
1091 2230 1237 2284 cadit
1289 2228 1434 2283 enim
1494 2237 1748 2298 peccator
1801 2229 1852 2281 in
1909 2228 2120 2284 foveam

543 2337 706 2386 quam
763 2321 916 2387 fodit,
964 2336 1064 2390 pro
1117 2322 1185 2376 iis
1233 2338 1355 2391 quae
1384 2321 1615 2390 deliquit
1649 2336 1840 2390 pceuas
1876 2322 2117 2377 solvens.

543 2409 611 2463 Et
642 2410 901 2481 quoniam
935 2419 1060 2464 aute
1086 2411 1475 2464 coutritionem
1509 2410 1765 2479 priet-edit
1790 2412 2120 2466 contumelia

544 2502 695 2571 juxta
744 2499 1116 2567 Salomonem,
1155 2502 1258 2556 hoc
1288 2510 1393 2567 est,
1436 2500 1713 2571 superbia,
1748 2502 1874 2556 elati
1907 2519 2118 2569 sumus,

546 2594 743 2662 inquit,
770 2603 824 2649 et
853 2593 1095 2647 contriti.
1133 2591 1287 2649 Unde
1309 2605 1359 2648 et
1393 2593 1560 2649 David
1596 2594 1747 2649 canit
1772 2594 1818 2627 ⁸⁸
1849 2614 1862 2650 :
1902 2595 1986 2650 Ne
2023 2598 2123 2650 ad»

544 2688 714 2739 reniat
757 2686 885 2740 milii
915 2703 1002 2756 pes
1046 2686 1324 2755 superbire,
1365 2696 1414 2738 et
1458 2702 1646 2741 manus
1688 2694 1979 2757 peccatoris
2019 2708 2123 2745 non

544 2787 748 2831 moveat
778 2795 876 2831 me.

613 2867 778 2939 3M
848 2868 995 2923 Vers.
1054 2867 1145 2922 48.
1199 2867 1525 2921 Emissiones
1590 2885 1852 2939 aquarum
1904 2870 2123 2925 deducet

545 2958 731 3010 orulus
766 2974 909 3010 meus
946 2974 1103 3026 super
1131 2958 1499 3011 contritionem
1543 2957 1673 3025 lilia:
1704 2958 1887 3027 populi
1908 2961 2028 3014 mei.
2059 2959 2125 3013 Et

550 3058 629 3104 tot
656 3049 797 3102 mala
831 3065 1049 3119 passus,
1088 3066 1188 3119 pro
1235 3065 1428 3105 eorum
1477 3051 1794 3107 auctoribus
1845 3053 2010 3108 dolet.
2044 3051 2122 3107 Ita

545 3141 780 3195 Charitas
802 3157 903 3194 non
928 3142 1123 3211 cogitat
1150 3141 1349 3194 malum
1380 3141 1445 3194 ⁸¹.

620 3232 776 3287 Vers.
811 3232 898 3287 49.
934 3232 1133 3287 Oculus
1164 3249 1307 3286 meus
1340 3232 1620 3303 absorptus
1646 3243 1740 3287 est.
1777 3232 1945 3300 Quasi
1976 3234 2122 3290 diee-
2150 3232 2192 3256 ““⁴

547 3333 630 3378 rct
657 3341 670 3378 :
697 3323 888 3378 oculus
919 3339 1074 3378 meus
1096 3324 1424 3392 ili-fatigatus
1454 3333 1557 3390 est,
1593 3333 1778 3379 etnon
1814 3325 2028 3391 tacebit,
2055 3341 2122 3380 eo

546 3416 690 3486 quod
728 3430 834 3468 non
881 3416 951 3470 sit
981 3426 1159 3471 cessat
1183 3431 1235 3469 ο.
1285 3416 1649 3487 Symmachus
1680 3417 1820 3472 dixit
1857 3437 1870 3472 :
1921 3418 2121 3473 Oculus

546 3524 689 3560 neas
724 3507 976 3573 perstitit,
1005 3516 1052 3560 et
1077 3523 1179 3559 non
1202 3509 1444 3573 cessarit,
1478 3525 1537 3561 eo
1567 3509 1707 3579 quod
1738 3527 1841 3563 non
1880 3521 2013 3565 esset
2039 3527 2123 3565 re-

546 3598 788 3664 laxatio;
815 3597 1167 3669 Septuaginta
1199 3609 1379 3654 autem
1408 3599 1737 3670 signiﬁcant,
1765 3603 1910 3672 quod
1948 3603 2123 3657 oculis

543 3695 707 3749 etiam
740 3696 1102 3766 laerymarum
1136 3694 1290 3766 copia
1319 3693 1625 3761 infirmatis,
1652 3711 1758 3749 nou
1785 3705 1963 3750 tamen
1991 3696 2124 3750 mihi

549 3786 862 3856 temperavi,
899 3803 927 3839 a
965 3787 1185 3856 planctu
1222 3801 1438 3842 cessare
1478 3802 1584 3841 nou
1615 3788 1836 3853 valens;
1875 3793 2126 3859 Symma-

547 3877 683 3933 chus
707 3892 853 3944 vero,
885 3878 1027 3946 quod
1058 3878 1399 3948 perseveravi
1452 3877 1777 3949 lacrymans,
1814 3895 1911 3934 uec
1958 3880 2127 3933 inter-

548 3970 704 4034 misi;
752 3971 970 4025 assidua
1017 3971 1218 4040 quippe
1267 3970 1443 4023 oratio
1492 3981 1542 4023 et
1576 3970 1938 4041 lacrymarum
1971 3970 2123 4040 copia

551 4058 717 4114 Deum
752 4062 817 4113 ad
848 4062 1276 4116 miscricordiam
1313 4063 1556 4118 trahunt.

624 4151 776 4205 Vers.
831 4151 920 4205 51.
980 4151 1179 4207 Oculus
1236 4169 1382 4207 meus
1441 4153 1750 4207 racemabit.
1819 4151 2130 4207 Conciduut

548 4243 695 4298 enim
737 4259 822 4297 me
872 4244 1144 4316 lacrymae,
1174 4245 1316 4300 sicut
1355 4246 1517 4299 vitem
1568 4246 1799 4311 diligens
1830 4245 2129 4300 vindemia-

553 4342 677 4397 tor;
724 4341 779 4385 at
808 4335 1105 4387 Secundum
1139 4332 1552 4404 Symmachum,
1584 4336 1834 4405 quoniam
1865 4335 2127 4390 denter-se-

554 4432 676 4476 runt
723 4438 805 4476 me
850 4422 1122 4492 lacrymw,
1166 4427 1485 4495 metaphora
1530 4427 1599 4478 ab
1653 4426 1722 4480 iis
1753 4426 1913 4479 ducta
1944 4428 2036 4496 qui
2074 4428 2129 4481 in

1954 374 2047 434 EX
2087 373 2391 435 ORIGENE

3701 379 3807 435 διδ

2313 494 2717 565 Ἄναλάὄωμεν
2743 494 2988 564 καρδίας
3021 495 3208 565 ἡμῶν.
3239 494 3312 548 Τὸ
3344 492 3637 550 ἀναλαϐεῖν
3677 513 3809 571 mp-

2220 588 2338 653 δίας
2370 589 2463 643 ἐπὶ
2493 589 2691 661 χειρῶν
2735 588 2883 641 δοκεί
2907 587 3101 659 δηλοῦν
3135 591 3213 645 τό·
3244 586 3405 641 οἱονεὶ
3447 589 3588 660 μετὰ
3619 594 3810 662 χεῖρας

2222 679 2479 743 λαὸόντες
2533 680 2632 741 τὰς
2686 677 2893 733 ἑαυτῶν
2944 676 3152 742 ἐννοίας
3210 678 3554 751 ἐξετάσωμεν
3575 720 3591 745 ,
3647 677 3806 755 eia-ip

2223 771 2334 823 εἰσὶ
2370 769 2629 842 καθαραί.

2306 861 2760 929 Ἀπεσκέπασας
2804 863 2875 916 ἐν
2922 860 3104 932 θυμῷ.
3141 863 3251 916 Καὶ
3300 861 3469 915 ταῦτα
3522 861 3809 934 φθασάοης

2223 952 2665 1025 ἐξομολογήσεως
2708 953 2872 1026 μέρος
2893 971 2905 984 ο
2940 954 3016 1018 ὡς
3046 953 3154 1025 γὰρ
3181 953 3371 1017 σκότος
3394 956 3528 1023 ἡμῖν
3559 956 3626 1007 ὲκ
3652 955 3808 1025 νεφέ-

2222 1051 2322 1123 λης
2355 1053 2634 1123 ἐπήγαγες
2661 1050 2760 1115 τὰς
2791 1051 2897 1103 τῶν
2929 1050 3119 1104 δεινῶν
3148 1049 3519 1122 περιστάσεις,
3564 1051 3660 1104 καὶ
3705 1067 3813 1121 μα-

2223 1141 2362 1214 κρὰν
2403 1141 2563 1207 ὄντας
2602 1141 2711 1196 ἀπὸ
2747 1140 2841 1195 σοῦ
2881 1140 3230 1207 κατεδίωξας.
3268 1139 3555 1203 ἀπώλεσας
3594 1140 3811 1213 νεκρῶν

2222 1234 2288 1303 τῇ
2322 1230 2570 1304 ἁμαρτίᾳ
2594 1231 2682 1284 διὰ
2712 1231 2809 1301 τῆς
2838 1229 3126 1301 τιμωρίας.
3157 1230 3268 1282 Καὶ
3291 1229 3520 1296 ἐπείπερ
3545 1231 3601 1283 αἱ
3631 1231 3811 1300 ἀμαρ-

2221 1322 2331 1376 τίαι
2368 1322 2528 1394 ἡμῶν
2562 1321 2778 1376 διίστων
2820 1323 2970 1391 ἡμᾶς
3014 1320 3124 1375 ἀπὸ
3164 1320 3281 1386 σοῦ,
3322 1314 3512 1393 ὥσπερ
3545 1318 3807 1392 διατειχι⁴⁵

2224 1415 2423 1487 ζούσης
2450 1413 2703 1486 νεφέλης,
2733 1415 2834 1469 οὐκ
2859 1414 3088 1484 ἔφθανεν
3117 1414 3275 1485 ἡμῶν
3302 1416 3335 1485 ἠ
3366 1412 3645 1486 προσευχὴ
3671 1412 3807 1486 πρὸς

2224 1506 2285 1559 σέ
2303 1524 2315 1537 ·
2346 1507 2407 1560 οὐ
2450 1505 2559 1578 γὰρ
2587 1507 2804 1577 εἴχομεν
2834 1506 3111 1577 πτέρυγας
3140 1506 3469 1576 περιστερᾶς
3498 1503 3807 1576 ὑπερίπτα-

2227 1597 2349 1652 σθαι
2371 1615 2431 1651 τε
2475 1598 2569 1651 καὶ
2598 1594 2776 1667 λέγειν
2794 1613 2809 1628 ο
2857 1598 2953 1650 Ἐν
2982 1596 3062 1662 τῷ
3092 1593 3214 1661 Θεῷ
3242 1595 3658 1665 ὑπερϐήσομαι
3693 1595 3804 1648 τεῖ-

2224 1705 2360 1758 χοςο
2406 1690 2472 1742 οὐ
2515 1688 2625 1760 γὰρ
2669 1685 2738 1760 ἦν
2779 1688 3001 1758 εὐχερὲς
3049 1680 3341 1759 παρελθεῖν
3368 1687 3466 1758 τὴν
3504 1688 3802 1759 ἁμαρτίαν,

2227 1779 2453 1849 στερεὰν
2484 1796 2543 1832 τε
2568 1775 2734 1833 οὖσαν
2767 1780 2865 1832 καὶ
2896 1777 3194 1850 σκοτεινὴν,
3230 1778 3547 1849 Πνεύματος
3578 1779 3804 1850 ἄμοιρον

2152 1854 2195 1910 Β
2224 1869 2401 1938 ἁγίου.

2296 1965 2486 2029 Φόϐος
2497 1963 2593 2017 καὶ
2617 1962 2803 2033 θυμὸς
2816 1963 3072 2033 ἐγενήθη
3096 1960 3258 2030 ἡμῖν.
3283 1958 3603 2032 Σύμμαχος,
3628 1963 3808 2032 πτόη-

2223 2072 2341 2122 σις.
2395 2056 2540 2126 Ὅλῳ
2591 2054 2822 2126 στόματι
2868 2054 3124 2108 κατέπιον
3170 2054 3341 2124 ἡμᾶς,
3373 2056 3467 2107 καὶ
3515 2056 3596 2117 εἰς
3643 2053 3805 2124 βάθος

2224 2146 2410 2201 κακῶν
2464 2142 2869 2217 ὑπηνέχθημεν,
2920 2144 3085 2216 φόδου
3141 2145 3235 2197 καὶ
3289 2145 3536 2215 ταραχῆς
3593 2146 3806 2216 ὲμπληυ

2225 2238 2440 2302 σθέντες
2460 2255 2473 2268 ·
2509 2235 2773 2309 ἐμπίπτει
2801 2238 2910 2308 γὰρ
2950 2237 3031 2300 εἰς
3057 2236 3115 2289 ὃν
3147 2235 3324 2308 ὤρυξε
3352 2234 3541 2308 βόθρον
3568 2238 3598 2289 ὁ
3623 2238 3806 2308 ἁμαρ-

2223 2330 2408 2394 τωλὸς,
2437 2329 2610 2394 διδοὺς
2640 2322 2713 2382 ὧν
2759 2329 2972 2400 ἥμαρτε
3015 2326 3191 2391 δίκας.
3228 2326 3337 2380 Καὶ
3369 2327 3490 2380 ἐπεὶ
3524 2323 3629 2399 πρὸ
3675 2343 3802 2381 συν-

2224 2421 2414 2493 τριϐἦς
2438 2423 2653 2492 ἡγεῖται
2679 2419 2834 2492 ὕϐρις
2862 2418 3004 2473 κατὰ
3031 2417 3122 2472 τὸν
3153 2418 3492 2489 Σολομῶντα,
3523 2414 3808 2475 τουτέστιν

2225 2512 2591 2585 ὑπερηφανία,
2628 2512 2948 2584 ὲπήρθημέν
2970 2528 3030 2563 τε
3057 2511 3151 2563 καὶ
3192 2509 3600 2581 συνετρίϐημεν.
3637 2509 3810 2562 Ὅθεν

2224 2604 2253 2655 ὁ
2285 2602 2448 2657 Δαυῖδ
2478 2604 2736 2676 μελῳδεῖν
2766 2607 2824 2657 Μ
2831 2603 2863 2671 ἡ
2901 2602 3121 2658 ἐλθέτω
3163 2618 3266 2672 μοι
3296 2600 3449 2667 ποῦς
3492 2602 3801 2671 ὑπερηφα-

2224 2696 2379 2760 νίας,
2415 2696 2514 2749 καὶ
2545 2696 2672 2765 χεὶρ
2704 2695 3053 2767 ἀμαρτωλοῦ
3080 2692 3167 2766 μὴ
3200 2694 3499 2749 σαλεύσαι
3526 2703 3622 2763 με.

2309 2873 2571 2944 Ἆφέσεις
2600 2872 2832 2927 ὑδάτων
2859 2868 3102 2937 κατάξει
3135 2867 3168 2926 ὁ
3211 2871 3518 2941 ὀφθαλμός
3538 2886 3662 2940 μου
3707 2867 3805 2924 ἐπὶ

2228 2967 2293 3021 τὸ
2339 2967 2678 3034 σύντριμμα
2721 2963 2833 3033 τῆς
2875 2962 3167 3033 θυγατρὸς
3208 2963 3315 3016 τοῦ
3344 2961 3498 3016 λαοῦ
3520 2978 3665 3032 μου.
3698 2963 3806 3017 Καὶ

2226 3058 2462 3112 τοσαῦτα
2499 3056 2708 3122 παθὼν,
2736 3055 2846 3109 τῶν
2877 3054 3214 3126 δεδρακότων
3253 3052 3574 3125 ὑπεραλγεϊ.
3618 3053 3800 3119 Οὕτως

2228 3153 2267 3219 2)
2296 3148 2496 3218 ἀγάπη
2517 3149 2582 3203 τὸ
2606 3148 2794 3202 κακὸν
2819 3149 2892 3202 οὐ
2921 3145 3233 3216 λογίζεται.

2309 3243 2362 3294 Ὀ
2394 3240 2700 3311 ὀφθαλμὸς
2722 3258 2840 3308 μου
2872 3241 3191 3305 κατεπόθη.
3233 3237 3377 3291 Ἀντὶ
3395 3236 3525 3292 τοῦθ
3573 3237 3805 3309 Ὀφθαλ-

2229 3332 2329 3403 μός
2389 3350 2491 3403 μου
2530 3331 2825 3401 κατεπόθη,
2861 3330 2955 3383 καὶ
2996 3330 3055 3382 οὑ
3090 3332 3373 3399 σιγήσεται
3403 3328 3499 3383 τοῦ
3550 3329 3626 3401 μὴ
3671 3327 3805 3383 εἶναι

2226 3424 2472 3495 ἐκνηψιν,
2511 3425 2807 3494 Σύμμαχος
2839 3418 3023 3475 εἶπεν
3070 3423 3132 3474 '0
3171 3422 3481 3492 ὀφθαλμός
3508 3439 3628 3492 μου
3662 3420 3808 3477 ὑπέ-

2221 3530 2449 3584 μεινεν,
2485 3514 2581 3566 καὶ
2615 3515 2725 3565 οὐκ
2755 3512 3061 3565 ἐπαύσατο
3091 3511 3197 3564 τοῦ
3237 3509 3322 3579 μὴ
3366 3506 3521 3563 εἶναι
3554 3508 3803 3562 ἄνεσιν

2227 3603 2443 3674 δηλοῦσι
2460 3603 2518 3655 δὲ
2534 3603 2581 3656 οἱ
2608 3601 3135 3673 μὲνἚόδομήκοντα,
3156 3600 3237 3652 ὅτι
3254 3600 3347 3653 καὶ
3376 3599 3488 3653 τῶν
3515 3596 3810 3670 ὀφθαλμῶν

2229 3697 2293 3748 ἐκ
2319 3693 2557 3765 πλήθους
2591 3692 2840 3761 δακρύων
2858 3691 3238 3762 ὴσθενηκὸτων
3263 3690 3325 3743 οὑ
3352 3689 3615 3743 διέλειπον
3648 3691 3807 3755 ὅλως,

2228 3786 2497 3857 ἀνανῆψαι
2528 3784 2620 3838 τοῦ
2652 3781 2930 3854 κλαυθμοῦ
2967 3782 3041 3852 μὴ
3076 3781 3372 3852 δυνάμενος
3391 3798 3404 3810 ·
3436 3782 3464 3833 ὁ
3494 3781 3552 3833 δὲ
3579 3782 3810 3854 Σύμμα.

2228 3896 2341 3949 χος,
2389 3879 2493 3940 ὅτι,
2543 3875 2807 3946 ἐπέμεινά
2848 3890 2907 3927 τε
2951 3872 3222 3945 δακρύων,
3258 3872 3352 3925 καὶ
3400 3873 3461 3925 οὐ
3506 3873 3809 3927 διέλειπονο

2230 3968 2504 4040 προσευχὴ
2559 3967 2668 4040 γὰρ
2715 3966 2938 4038 ὲκτενὴς
2976 3965 3070 4018 καὶ
3119 3963 3369 4035 δακρύων
3413 3964 3665 4028 ἐπίτασις
3717 3965 3812 4021 τὸν

2229 4062 2360 4115 Θεὸν
2394 4061 2612 4131 ὲφέλκει
2652 4061 2788 4132 πρὸς
2816 4058 2981 4112 ἔλεον.

2311 4155 2364 4206 '0
2395 4153 2700 4222 ὀφθαλμός
2728 4169 2846 4221 μου
2890 4148 3253 4219 ἐπιφυλλιεῖ.
3298 4148 3647 4202 Κατακόπτει
3699 4156 3811 4223 γάρ

2235 4264 2303 4318 με
2328 4245 2398 4299 τὰ
2426 4245 2657 4316 δάκρυα,
2684 4243 2933 4314 καθάπερ
2967 4241 3207 4314 ἄμπελον
3241 4240 3473 4313 ἀκριϐὴς
3493 4245 3811 4313 τρυγητής·

2230 4337 2370 4391 κατὰ
2415 4337 2471 4389 δὲ
2501 4335 2818 4406 Σύμμαχον,
2866 4333 2956 4386 ὅτι
3008 4330 3453 4386 κατεπόντισάν
3478 4348 3556 4401 με
3587 4335 3659 4385 τὰ
3703 4331 3813 4385 δά-

2232 4447 2407 4498 κρυα,
2435 4430 2500 4499 τῇ
2534 4428 2640 4481 τῶν
2665 4427 2722 4479 ἐν
2757 4426 2912 4479 ὕδασι
2940 4424 3279 4497 πνιγομένων
3309 4426 3610 4496 μεταφορᾷ.
3650 4426 3817 4478 Ὑπο-

552 4517 712 4586 aquis
758 4514 1115 4571 suﬂ'ocantur.
1154 4514 1260 4569 Sed
1295 4516 1571 4571 sustinens
1620 4518 1905 4573 sustinebo
1941 4518 2125 4573 Domi-

2234 4521 2409 4592 μένων
2439 4519 2495 4572 δὲ
2529 4516 2784 4589 ὑπομενῶ
2816 4517 2906 4570 τὸν
2951 4517 3174 4588 Κύριον,
3214 4517 3374 4587 μέχρι
3417 4515 3509 4569 τοῦ
3539 4516 3815 4587 ἀποστρὲ-

554 4624 684 4663 nmn
714 4609 888 4664 donec
921 4616 1128 4661 avertat
1162 4606 1355 4661 faciem
1402 4621 1557 4660 suam
1606 4623 1634 4661 a
1681 4609 1858 4662 nobis.
1896 4607 2127 4675 Quando

552 4699 750 4754 dicitur
788 4698 933 4753 Deus
981 4698 1273 4768 respicere,
1310 4695 1364 4750 id
1415 4695 1685 4766 signiﬁcat
1719 4698 1893 4767 ipsum
1943 4699 1997 4753 in
2025 4714 2127 4755 nos

557 4790 757 4846 intueri
785 4807 890 4844 non
921 4790 1222 4861 dedignari.
1254 4788 1390 4845 lllud
1439 4802 1586 4855 vero,
1616 4804 1726 4858 pra:
1767 4791 1993 4857 cunctis,
2035 4806 2128 4846 ex-

558 4883 730 4954 ponit,
784 4899 1063 4953 apponeus
1116 4885 1173 4936 in
1233 4893 1473 4946 cunctas,
1515 4883 1620 4937 hoc
1678 4893 1781 4950 est,
1819 4883 1886 4938 de
1940 4899 2127 4939 earum

558 4975 843 5038 aerumnis;
902 4990 1026 5027 nam
1059 4975 1340 5030 muliebris
1382 4991 1546 5031 sexus
1576 4974 1713 5028 virili
1766 4975 2132 5031 miserabilior

557 5079 665 5127 εει.

629 5158 785 5214 Vers.
807 5159 896 5214 52.
931 5157 1189 5215 Venuntes
1219 5160 1389 5213 renati
1408 5168 1533 5212 sunt
1554 5174 1632 5212 me
1657 5160 1810 5229 quasi
1836 5175 2003 5221 avem,
2022 5168 2129 5215 etc.

557 5253 691 5320 Quae
712 5268 907 5323 passus
936 5261 1019 5307 est
1041 5262 1228 5305 narrat
1252 5270 1265 5304 :
1291 5251 1521 5321 injectus
1546 5251 1688 5304 enim
1716 5249 1819 5304 fuit
1846 5251 1896 5303 in
1927 5251 2130 5316 lacum,

556 5357 629 5414 et,
658 5358 922 5417 quantum
957 5347 1011 5399 in
1052 5345 1159 5399 illis
1212 5342 1334 5409 fuit,
1379 5352 1628 5396 mortuus
1659 5350 1772 5408 est;
1811 5341 1904 5396 sed
1941 5352 2136 5411 praeter

559 5452 710 5507 spem
741 5452 929 5508 sospes
953 5450 1078 5491 cura
1127 5432 1290 5488 David
1323 5433 1594 5487 clamabat
1626 5432 1671 5463 ⁸¹
1708 5450 1722 5485 :
1771 5431 1965 5485 Anima
2016 5448 2131 5484 mea

559 5528 694 5581 sicut
728 5542 910 5595 passer
936 5533 1113 5594 erepta
1140 5532 1218 5578 est
1263 5523 1326 5577 de
1357 5522 1544 5591 laqueo
1587 5522 1924 5583 venantium;
1958 5535 2134 5589 neque

560 5612 704 5667 enim
736 5613 790 5665 in
824 5622 1019 5667 terram
1050 5612 1244 5669 cadere
1284 5619 1497 5682 poterat
1528 5612 1724 5682 absque
1766 5609 1927 5665 Patre
1959 5610 2049 5680 qui
2076 5610 2129 5663 in

2231 4628 2350 4679 φειν
2375 4609 2436 4662 τὸ
2469 4610 2757 4680 πρόσωπον
2791 4606 2956 4660 αὑτοῦ
2990 4607 3082 4675 ἀφ’
3112 4607 3291 4678 ἡμῶν.
3323 4607 3395 4660 Τὸ
3442 4607 3704 4678 διακύψαι
3751 4608 3812 4662 δὲ

2231 4703 2322 4756 τὸν
2353 4700 2506 4763 Θεὸν,
2557 4701 2616 4753 τὸ
2657 4699 2761 4769 τῆς
2806 4699 3110 4769 ἐπισκοπῆς
3162 4700 3309 4769 ἡμᾶς
3358 4699 3589 4765 ἀξιῶσαι
3638 4699 3816 4771 δηλοῖ.

2244 4794 2550 4865 Ἐξηγεῖται
2582 4792 2638 4845 δὲ
2673 4793 2733 4846 τὸ
2761 4791 2920 4860 παρὰ
2955 4790 3182 4858 πάσας,
3210 4792 3311 4845 ἐπὶ
3345 4791 3548 4858 πάσας
3590 4793 3818 4861 ἐπενεγ-

2233 4884 2366 4952 κὼν,
2414 4884 2690 4938 τουτέστιν
2722 4885 2815 4937 ἐπὶ
2861 4886 2979 4947 ταῖς
3008 4882 3186 4937 αὐτῶν
3234 4886 3573 4954 συμφοραῖς⁸
3604 4883 3663 4937 τὸ
3705 4885 3817 4959 γὰρ

2234 4976 2367 5048 θῆλυ
2399 4977 2555 5046 γένος
2580 4976 2673 5030 τοῦ
2708 4975 2815 5030 τῶν
2849 4976 3094 5048 ὰρῥένων
3120 4975 3495 5046 ἐλεεινότερον.

2306 5157 2669 5226 Θηρεύοντες
2689 5155 3029 5225 ὲθήρευσάν
3050 5173 3129 5226 με
3155 5156 3236 5221 ὡς
3257 5154 3598 5224 στρουθίον.
3633 5154 3699 5206 "A
3718 5150 3817 5206 πὲ-

2237 5247 2395 5302 πονθε
2434 5247 2611 5315 λέγει·
2644 5245 2902 5318 ἐνεϐλήθη
2925 5246 3032 5317 γὰρ
3079 5244 3287 5315 λάκκῳ,
3336 5245 3454 5311 καὶ,
3502 5245 3627 5298 ὅσον
3680 5238 3819 5314 ἧκεν

2236 5339 2315 5403 εἰς
2357 5338 2620 5400 ἐκείνους,
2653 5335 2919 5390 ἀπέθανεν
2942 5354 2953 5365 ·
2989 5334 3181 5397 σωθεὶς
3209 5334 3267 5387 δὲ
3295 5335 3425 5406 παρ’
3454 5332 3644 5387 ἐλπίδα
3689 5335 3822 5391 ἐϐόα

2243 5427 2380 5498 μετὰ
2406 5428 2499 5482 τοῦ
2542 5427 2735 5480 Δαυῖδ·
2783 5428 2843 5481 Ἠ
2870 5424 3039 5496 ψυχή
3066 5443 3185 5496 μου
3230 5426 3312 5493 ὡς
3361 5425 3683 5495 στρουθιον
3727 5425 3819 5492 lp-

2230 5520 2433 5587 ρύσθη
2468 5520 2537 5573 ἐκ
2564 5518 2674 5587 τῆς
2724 5519 2973 5589 παγίδος
2999 5517 3119 5572 τῶν
3162 5519 3569 5585 θηρευόντων·
3601 5516 3663 5570 οὐ
3708 5520 3822 5588 γὰρ

2235 5603 2303 5679 ἦν
2349 5612 2532 5663 πεσεῖν
2584 5611 2676 5663 ἐπὶ
2711 5612 2808 5681 τὴν
2853 5610 2956 5679 γῆν
3001 5607 3145 5662 ἄνευ
3193 5607 3299 5662 τοῦ
3331 5607 3561 5676 Πατρὸς
3609 5606 3715 5662 τοῦ
3749 5606 3820 5659 ἐν

638 5789 680 5821 ⁸⁸
714 5789 853 5845 Psal.
894 5808 998 5861 uv,
1030 5795 1059 5846 7
1162 5798 1207 5829 '9
1233 5794 1378 5850 Psal.
1410 5812 1541 5862 xvii,
1567 5797 1654 5851 50.
1731 5799 1775 5828 ⁸ο
1806 5795 1952 5852 Psal.
1976 5810 2127 5877 xxxiv,

2227 5794 2260 5849 Ξ.
2340 5797 2381 5829 ⁸¹
2410 5793 2429 5849 l
2466 5796 2590 5851 Cor.
2627 5810 2747 5864 xm,
2781 5796 2831 5852 5.
2908 5797 2952 5827 ⁸⁸
2985 5795 3188 5853 Psalm.
3221 5811 3413 5861 CXXIII,
3444 5794 3491 5848 7.
