4070 6296
326 301 438 362 849

1583 314 1890 373 SELECTA
1930 316 1997 373 IN
2036 318 2384 381 THRENOS.

3025 352 3119 435 οὗ,
3492 350 3599 407 650

328 429 463 498 τοῖς
511 426 806 499 οὐρανοῖς,
839 430 983 484 κατὰ
1028 430 1124 502 τὴν
1157 431 1252 485 τοῦ
1303 434 1554 506 Σωτῆρος
1602 441 1811 509 φωνήν.
1849 442 1890 494 Ἲ

1994 492 1997 502 _
2026 444 2170 497 caelis
2213 456 2313 510 est,
2365 455 2423 501 ut
2451 448 2528 502 ait
2561 448 2808 506 Salvator
2850 454 2917 509 ³³.
2958 426 3257 529 ΥυΙῙςίῑιηο
3290 463 3355 519 de
3386 480 3446 520 se
3481 467 3602 537 ipso

331 520 517 576 τοίνυν
567 521 636 575 δι’
660 520 849 575 ἑαυτόν
882 538 1067 593 φησιν,
1103 522 1137 594 ἢ
1169 526 1264 577 καὶ
1294 526 1363 580 τὰ
1393 526 1488 580 τοῦ
1520 527 1652 583 λαοῦ
1685 533 1919 587 οἰκειού-

342 630 503 683 μενος
533 610 701 685 πάθη.
745 613 905 668 Ἀλλὰ
929 615 1009 678 τὸ,
1032 613 1282 683 δωρεὰν,
1313 619 1441 691 περὶ
1469 620 1662 675 ἑαυτοῦ
1696 624 1923 690 εἰκότως

338 706 406 758 ἂν
436 705 658 775 λέγοιτο.
703 706 771 759 Τί
802 706 913 778 γὰρ
945 708 1143 773 αὐτοὺς
1182 708 1427 783 ἠδίκησε,
1469 715 1668 786 μᾶλλον
1713 718 1776 772 δὲ
1822 721 1922 773 οὐκ

339 796 696 869 εὐηργέτησεν
716 813 732 862 ;

418 887 756 956 Ἐδίκασας,
780 892 978 960 Κύριε,
1009 910 1063 947 κ.
1093 910 1145 947 τ.
1180 896 1229 950 ἐ.
1269 895 1549 954 Ἐδίκασεν
1569 903 1598 954 ὁ
1625 900 1758 967 Θεὸς
1786 893 1921 958 ἀπο-

329 979 547 1046 κτείνας
574 983 670 1038 τὸν
701 982 1176 1058 ψευδοπροφήτην,
1209 990 1304 1043 καὶ
1344 991 1436 1045 τὸν
1489 991 1710 1061 βασιλέα
1742 1015 1920 1067 παρα-

322 1070 472 1137 δοὺς,
502 1071 600 1128 καὶ
646 1075 742 1129 ἐπὶ
783 1074 879 1130 τοῦ
926 1078 1165 1150 Χριστοῦ
1211 1080 1489 1152 παραδοὺς
1521 1085 1583 1138 τὸ
1635 1085 1789 1151 ἔθνος
1837 1091 1919 1153 είς

324 1161 561 1219 ἅλωσιν.

411 1256 558 1327 Ἐγὼ
586 1257 655 1312 δὲ
679 1260 772 1313 ἐπ’
800 1260 1149 1330 ὀφθαλμοὺς
1178 1263 1399 1320 αὐτῶν.
1426 1267 1499 1320 Τὸ
1524 1269 1602 1331 δὲ,
1649 1269 1791 1339 Ἐγὼ
1820 1272 1914 1326 ἐπ’
1947 1290 1951 1294 ”

324 1347 678 1419 ὀφθαλμοὺς
705 1352 924 1419 αὐτῶν,
957 1356 1041 1409 ὅτι
1071 1357 1243 1429 βαρὺς
1266 1359 1414 1431 ήμην
1445 1361 1629 1426 αὐτοῖς
1660 1364 1756 1418 καὶ
1786 1382 1913 1432 φαι-

322 1440 571 1512 νόμενος.

412 1532 760 1603 Ἆποόώονεις
786 1538 993 1606 αὐτοῖς
1010 1542 1413 1613 ἀνταπόδομα,
1436 1546 1632 1614 Κύριε,
1664 1548 1814 1603 κατὰ
1839 1550 1913 1604 τὰ

319 1622 469 1693 ἔργα
493 1624 612 1692 τῷν
631 1628 846 1697 χειρῶν
873 1631 1089 1688 αὐτῶν.
1117 1635 1310 1703 Ἔλεγε
1342 1636 1438 1690 καὶ
1458 1637 1695 1709 πρόσθεν
1715 1657 1731 1672 ο
1760 1643 1912 1695 Συν-

322 1715 852 1792 τέλεσονεαύτοὺς,
891 1724 989 1779 καὶ
1015 1727 1184 1783 ἔσται
1214 1744 1331 1784 σου
1374 1733 1408 1784 ό
1450 1734 1635 1799 λόγος
1661 1734 1792 1803 ἐμοὶ
1821 1736 1909 1801 εὶς

318 1810 711 1883 εὐφροσύνην
736 1816 834 1868 καὶ
858 1816 1051 1886 χαρὰν
1071 1821 1320 1889 καρδίας
1343 1840 1482 1892 μου.
1510 1823 1695 1878 Ταῦτα
1715 1825 1905 1895 γέγονε

323 1901 465 1971 μετὰ
492 1904 592 1976 τὴν
634 1907 776 1961 κατὰ
808 1909 902 1962 τοῦ
948 1912 1200 1985 Σωτῆρος
1231 1914 1542 1987 ἐπιϐουλὴν,
1574 1917 1662 1970 ὅτε
1695 1936 1902 1973 παντα-

317 1990 419 2062 χοῦ
449 1992 852 2068 διεσπάρησανο
881 1995 1014 2071 ἦλθε
1046 2001 1156 2074 γάρ
1199 2004 1293 2057 ἐπ’
1346 2006 1544 2071 αὐτοὺς
1593 2008 1717 2064 πᾶν
1762 2005 1906 2080 αἷμα

316 2080 556 2139 δίκαιον
574 2087 850 2156 ἐκχυθέν.
875 2090 950 2142 Τὸ
979 2091 1158 2144 τοίνυν
1200 2095 1512 2150 συντελέσαι
1540 2098 1604 2151 τὸ
1634 2099 1786 2164 τέλος
1813 2101 1907 2155 λα-

316 2171 435 2227 ϐεῖν
456 2174 555 2246 τὴν
586 2177 707 2231 κατ’
737 2179 935 2243 αὐτοὺς
955 2179 1234 2253 λατρείαν,
1267 2184 1359 2237 καὶ
1384 2186 1445 2239 τὺ
1470 2188 1669 2259 μηκέτι
1692 2208 1905 2263 χρημα-

314 2263 491 2328 τίζειν
519 2265 674 2332 ἔθνος
698 2268 857 2324 Θεοῦ.

402 2356 756 2426 Ἀποδώσεις
775 2362 981 2430 αὐτοῖς
1010 2367 1496 2439 ὐπερασπισμὸν,
1521 2373 1768 2440 καρδίας
1783 2392 1903 2443 μου

310 2447 562 2516 μόχθον.
599 2450 721 2504 Ὅτι
746 2451 941 2518 δώσεις
975 2457 1160 2522 αὐτοῖς
1188 2459 1386 2531 μόχθον
1417 2463 1498 2526 είς
1526 2462 1777 2534 αἴσθησιν
1809 2465 1900 2520 τοῦ

315 2541 467 2603 ποῖος
498 2540 744 2613 ὑπῆρχες
778 2544 1167 2618 ὑπερασπίζων
1196 2551 1395 2619 αὐτῶν,
1425 2554 1510 2608 ἵνα
1540 2572 1599 2608 σε
1623 2556 1718 2609 καὶ
1740 2557 1901 2611 πάλιν

316 2628 655 2704 ζητήσωσιν·
697 2635 746 2686 εξ
779 2634 837 2689 δέ
870 2636 967 2709 μὴ,
993 2639 1378 2708 καταδιώξεις
1415 2644 1639 2710 αὐτοὺς
1659 2645 1731 2699 ἐν
1753 2646 1901 2717 ὀργῆ

986 2824 1144 2877 ΚΕΦ.
1185 2827 1257 2878 A'.
1808 2854 1811 2863 ι

380 2908 515 2977 Πῶς
540 2911 1035 2984 ἀμαυρωθήσεται
1061 2919 1336 2985 χρυσίον.
1362 2920 1473 2991 Τῆς
1497 2919 1592 2974 νῦν
1617 2927 1891 3000 παροῦσης

2027 535 2289 604 loquitur,
2325 537 2409 593 vel
2431 539 2592 596 etiam
2627 545 2809 613 populi
2839 561 3114 604 erumnas
3141 566 3237 620 pro
3262 555 3377 611 suis
3412 535 3600 618 habet.

2025 625 2227 684 Verum
2256 631 2406 697 illud,
2441 636 2635 704 gratis,
2663 641 3046 709 convenienter
3085 643 3154 698 de
3197 644 3316 715 ipso
3362 649 3598 713 dicetur.

2025 719 2166 786 Quid
2196 724 2341 778 enim
2373 724 2480 779 illis
2514 727 2844 784 incommodi
2878 748 3114 803 unquam
3147 738 3348 807 attulit,
3384 744 3466 798 vel
3486 762 3597 816 quo

2024 814 2205 880 potius
2227 815 2491 871 beneﬁcio
2521 834 2629 872 non
2667 820 2886 875 affecit?

2096 903 2253 961 Vers.
2286 906 2376 961 58.
2407 907 2700 975 Judicasti,
2749 913 2991 980 Domine,
3037 925 3140 972 etc.
3177 916 3452 978 Judicavit
3491 924 3600 981 Do-

2020 996 2222 1062 minus,
2252 1001 2727 1072 pseudOpropheta
2755 1004 3083 1078 interempto
3114 1025 3348 1083 regeque
3369 1017 3595 1087 tradito,

2018 1087 2253 1158 denique
2304 1101 2526 1160 propter
2579 1093 2862 1149 Christum
2915 1107 3074 1168 gente
3121 1099 3176 1154 in
3226 1102 3594 1173 captivitatem

2019 1179 2328 1235 amandata.
2838 1207 2843 1210 ο

2092 1269 2250 1326 Vers.
2286 1272 2376 1327 65.
2406 1273 2519 1344 Ego
2545 1286 2721 1331 autent
2754 1279 2808 1331 in
2839 1280 3019 1337 oculos
3047 1300 3252 1341 eorum.
3280 1285 3448 1345 Illud:
3480 1291 3592 1364 Ego

2014 1377 2172 1430 super
2203 1365 2383 1419 oculos
2406 1382 2608 1435 eorum,
2644 1367 2785 1423 idem
2822 1380 2904 1428 est
2936 1389 3000 1428 ac
3032 1377 3078 1431 si
3108 1376 3255 1434 dicat
3292 1399 3305 1435 :
3340 1380 3455 1453 Ego
3486 1386 3595 1443 illis

2014 1453 2097 1506 vel
2134 1455 2252 1508 solo
2283 1467 2503 1527 aspectu
2547 1459 2808 1515 molestus
2841 1477 3013 1517 erant.

2090 1543 2245 1601 Vers.
2285 1547 2374 1603 64.
2422 1549 2697 1606 Retribues
2736 1553 2810 1607 eis
2860 1556 3301 1631 retributionem,
3347 1565 3591 1638 Domine,

2004 1635 2167 1704 juxta
2192 1655 2349 1709 opera
2374 1657 2629 1696 manuum
2653 1661 2892 1701 suarum.
2926 1648 3154 1707 Dicebat
3176 1655 3338 1711 etiam
3374 1635 3587 1730 supra'i

2014 1726 2274 1786 Censume
2314 1731 2458 1797 illos,
2485 1743 2537 1788 et
2562 1735 2663 1789 erit
2699 1746 2821 1792 tuus
2859 1755 3030 1795 sermo
3070 1744 3200 1798 mihi
3230 1747 3282 1799 in
3317 1726 3587 1817 lwtiliam,

2012 1828 2062 1874 et
2092 1823 2345 1892 gaudium
2370 1824 2545 1880 cordis
2568 1829 2689 1881 mei.
2726 1827 2850 1885 Haec
2883 1847 3183 1890 evenerunt
3221 1849 3343 1906 post
3372 1841 3504 1895 inita
3533 1844 3587 1896 in

2011 1911 2349 1970 Salvatorem
2406 1926 2654 1972 nostrum
2709 1921 3030 1978 insidiarum
3066 1929 3318 1994 consilia,
3355 1947 3481 1986 cum
3532 1935 3587 1989 in

2009 2018 2203 2061 omnes
2249 2017 2432 2075 partes
2476 2008 2711 2078 dispersi
2757 2022 2888 2068 sunt
2932 2031 2946 2067 :
2989 2018 3137 2071 venit
3187 2020 3388 2090 quippe
3432 2039 3589 2094 super

2006 2092 2127 2149 illos
2154 2097 2324 2152 omnis
2351 2100 2569 2169 sanguis
2587 2100 2770 2169 justus
2798 2103 3020 2171 effusus.
3053 2106 3463 2168 Consumuntur
3493 2092 3590 2172 ita-

2004 2202 2136 2257 que,
2172 2204 2297 2244 cum
2332 2190 2517 2247 cultus
2549 2192 2768 2251 illorum
2804 2197 2965 2252 linem
2995 2199 3213 2271 accipit.
3239 2219 3416 2275 neque
3442 2208 3585 2264 ultra

2007 2275 2101 2332 Dei
2142 2293 2274 2349 gens
2317 2280 2696 2339 nominantur.
3550 2318 3555 2323 ί

2077 2367 2234 2424 Vers.
2266 2370 2354 2426 65.
2380 2371 2582 2428 Reddes
2602 2377 2678 2429 eis
2712 2386 3087 2448 tegumentum,
3109 2383 3283 2438 cordis
3309 2387 3410 2439 mei
3432 2387 3581 2441 labo-

2004 2478 2134 2517 rem.
2164 2461 2328 2535 35.5
2373 2463 2643 2531 Quoniam
2690 2468 2849 2525 dabis
2897 2471 3004 2527 illis
3042 2473 3305 2541 laborem,
3351 2486 3411 2532 ut
3455 2494 3579 2534 sen-

2004 2552 2142 2608 tiant
2180 2555 2306 2624 quis
2351 2566 2701 2629 quantusque
2736 2576 2889 2617 esses
2916 2562 3048 2619 dum
3085 2565 3207 2622 illos
3251 2578 3581 2642 protegens,

2000 2651 2064 2698 ut
2088 2660 2283 2701 rursus
2323 2654 2377 2702 te
2423 2659 2705 2719 quaerant;
2749 2652 3016 2725 alioquin,
3057 2655 3222 2728 (vers.
3259 2658 3351 2732 66)
3401 2678 3578 2731 perse-

1998 2734 2175 2803 queris
2203 2751 2289 2791 eos
2326 2738 2381 2791 in
2410 2739 2493 2792 ira
2518 2750 2630 2794 tua.

2704 2832 2812 2886 AP.
2852 2832 2944 2890 ιν.

2704 2832 2812 2886 AP.
2928 2874 2944 2890 .

2071 2917 2226 2975 Vers.
2275 2920 2328 2977 1.
2384 2829 2697 2987 QuomodoC
2728 2832 3102 2986 obscitzabitur
3155 2946 3365 2988 aurum.
3419 2933 3577 2992 Initio

310 3003 578 3076 τετάρτης
631 3008 1022 3077 στοιχειώσεως
1079 3009 1401 3080 ἀρχόμενος,
1451 3013 1543 3067 τὸν
1601 3018 1724 3090 περὶ
1757 3009 1890 3075 ’τῶν

1997 3011 2161 3083 hujus
2189 3021 2400 3083 quartae
2428 3014 2867 3074 elementationis
2904 3017 3349 3080 lamentationem
3383 3030 3576 3096 praeci-

307 3093 587 3164 ἐπιφανῶν
626 3096 919 3171 ἐξαιρέτως
945 3101 1250 3155 ἐπανέλαϐε
1281 3102 1497 3176 θρῆνον,
1528 3107 1890 3183 ἡμαυρῶσθαι

1996 3117 2102 3173 pue
2134 3104 2205 3160 de
2236 3104 2513 3163 nobilibus
2553 3110 2866 3179 resumpsit,
2901 3111 3206 3170 claritatem
3242 3093 3460 3188 generis
3495 3121 3575 3176 in-

305 3183 479 3254 λέγων
515 3186 615 3259 τὴν
656 3190 978 3259 ἐπιφάνειαν
1023 3193 1391 3265 ἐκκεχυμένον
1431 3213 1491 3249 τε
1522 3197 1675 3270 δίκην
1702 3201 1890 3266 ὓδατος

1997 3195 2195 3265 quiens
2243 3196 2593 3254 obscuratam
2640 3200 2810 3257 fuisse
2852 3211 2908 3258 et
2955 3204 3130 3261 instar
3176 3183 3334 3279 aqua:
3383 3212 3571 3271 effusa:

305 3277 629 3348 ἠφανίσθαι.

1995 3286 2304 3344 evanuisse.

388 3370 797 3442 Ἐξεχύθησαν
823 3376 980 3429 λίθοι
1021 3375 1195 3447 ἅγιοι.
1231 3379 1411 3448 Ἀγιοι
1441 3380 1499 3434 δέ
1525 3383 1602 3445 ὡς
1643 3383 1890 3439 ἐκλεκτοὶ

2068 3376 2236 3447 Effusi
2254 3389 2378 3434 sunt
2406 3380 2606 3452 lapides
2632 3385 2821 3438 sancti.
2851 3383 3064 3457 Sancti,
3095 3391 3221 3461 quia
3254 3393 3411 3449 electi
3441 3412 3570 3466 pro-

298 3463 392 3518 διὰ
420 3465 548 3529 τοὺς
569 3467 833 3537 πατέρας,
860 3467 893 3539 ἦ
921 3468 1009 3522 διὰ
1031 3471 1158 3533 τοὺς
1184 3472 1282 3526 σὺν
1322 3473 1551 3544 Ἰωακὶμ
1584 3475 1890 3546 ληφθέντας

1999 3474 2120 3536 pter
2142 3478 2342 3538 patres,
2369 3473 2452 3525 vel
2474 3481 2696 3543 prepter
2718 3490 2813 3530 eos
2833 3489 3048 3535 sanctos
3068 3484 3158 3551 qui
3181 3499 3286 3538 una
3305 3502 3428 3540 cum
3442 3463 3575 3543 ‘10::-

298 3557 512 3628 ἁγίους,
564 3558 660 3623 οὓς
714 3561 983 3616 ἀπείκασε
1040 3563 1227 3628 σύκοις
1282 3570 1555 3637 χρηστοῖς.
1600 3569 1712 3623 Καὶ
1756 3571 1886 3640 μετ’

2000 3561 2105 3617 cim
2147 3566 2289 3636 capti
2335 3577 2489 3634 sunt,
2534 3584 2672 3639 quos
2700 3572 2911 3627 ﬁcubus
2951 3574 3109 3632 bonis
3150 3580 3471 3639 assimilarat
3498 3584 3567 3639 “.

298 3649 506 3720 ὀλίγα·
551 3651 775 3718 Ἑξόδων
807 3652 885 3717 δέ,
914 3652 1025 3706 τῶν
1051 3654 1160 3708 ἀπὸ
1187 3655 1289 3725 τῆς
1312 3657 1475 3725 ἁγίας
1507 3658 1612 3730 γῆς
1642 3662 1886 3730 ἀπαγου-

1994 3649 2060 3705 Et
2099 3654 2287 3721 paucis
2315 3654 2606 3726 interjectis
2639 3672 2658 3710 :
2701 3655 2951 3724 Viarum,
2982 3675 3171 3716 earum
3204 3678 3418 3735 nempe,
3448 3682 3571 3737 quae

295 3740 409 3796 σῶν
432 3744 514 3805 είς
538 3741 834 3813 ἀπώλειαν,
862 3745 1055 3809 καὶεὶς
1077 3745 1169 3799 τὸν
1197 3746 1384 3817 νοητὸν
1410 3747 1769 3815 Βαϐυλώνιον,
1796 3751 1883 3804 ἴνα

291 3835 630 3904 παιδευθῶσι
667 3836 742 3909 μὴ
773 3836 1132 3910 βλασφημεῖν.
1167 3840 1357 3907 Εἷποις
1388 3842 1434 3896 δ’
1473 3842 1541 3897 ἂν
1565 3842 1658 3896 τὸν
1684 3841 1882 3914 θρῆνον

289 3929 389 3983 καὶ
428 3930 522 3983 ἐπὶ
571 3929 680 3985 τῶν
725 3932 791 3984 ἐκ
837 3930 1147 3996 θεοσεϐείας
1202 3933 1667 4004 μεταϐαλλόντων,
1721 3935 1880 4007 εἴπερ

288 4013 402 4073 εἷεν
435 4019 717 4093 ἐπίσημοι,
748 4022 841 4076 καὶ
872 4020 1080 4094 πλάνης
1107 4024 1324 4094 ἡγοῖντο
1341 4026 1454 4088 τοῖς
1480 4023 1682 4089 ἄλλοις,
1712 4042 1881 4079 κατα-

288 4110 541 4175 λιπόντες
571 4112 672 4183 μὲν
703 4112 803 4185 τὴν
835 4112 1019 4183 πηγὴν
1052 4112 1145 4166 τοῦ
1178 4112 1379 4179 ζῶντος
1412 4113 1625 4178 ὕδατος,
1656 4115 1877 4184 γεγονό-

286 4216 378 4264 τες
409 4201 468 4254 δὲ
511 4201 703 4256 λάκκοι
746 4202 1220 4273 συντετριμμένοι,
1267 4202 1317 4257 οἳ
1355 4204 1417 4257 οὐ
1468 4203 1720 4258 δύνανται
1752 4204 1875 4258 στέ-

285 4305 430 4357 γειν.
484 4288 645 4344 Ὅθεν
697 4291 923 4356 εἰκότως
974 4291 1253 4363 ἐκχέονται
1304 4293 1433 4366 περὶ
1471 4293 1681 4365 πλάνην
1726 4294 1876 4365 ἀορι-

288 4396 562 4444 στουντες.

1987 3757 2018 3797 a
2045 3753 2190 3799 terra
2223 3754 2413 3801 sancta
2445 3747 2653 3803 ducunt
2691 3748 2744 3804 in
2778 3749 3104 3819 perniciem,
3136 3761 3190 3807 et
3222 3753 3562 3824 Spiritualem

1985 3833 2366 3906 Babylonium,
2397 3846 2456 3892 ut
2486 3837 2703 3894 discant
2747 3855 2855 3894 non
2908 3841 3309 3912 blasphemare.
3352 3844 3567 3904 Poteris

1984 3926 2115 3981 item
2149 3927 2592 3984 lamentationem
2637 3939 2827 3999 aptare
2858 3932 2929 3987 iis
2958 3933 3051 4003 qui
3094 3951 3126 3989 a
3156 3934 3254 3991 Dei
3295 3938 3444 3993 cultu
3479 3956 3568 3995 re-

1983 4019 2203 4085 cedunt,
2237 4018 2284 4073 si
2317 4020 2560 4075 celebres
2590 4020 2720 4086 sint,
2760 4021 3041 4093 ducesque
3089 4029 3294 4084 erroris
3337 4046 3397 4085 se
3442 4031 3566 4088 aliis

1981 4111 2281 4181 prmbeant,
2314 4111 2409 4182 qui
2443 4111 2636 4169 relicto
2678 4111 2827 4169 fonte
2877 4131 3034 4186 aqua:
3074 4105 3210 4175 viva:
3250 4120 3379 4177 facti
3435 4134 3564 4180 sunt

1978 4200 2135 4256 lacus
2159 4203 2379 4256 contriti
2422 4219 2530 4258 non
2566 4203 2806 4260 valentes
2846 4208 3145 4265 continere.
3180 4212 3333 4268 Unde
3366 4216 3562 4271 merito

1977 4291 2333 4349 etl‘unduntur
2364 4293 2494 4349 dum
2525 4295 2579 4350 in
2614 4296 2798 4351 varios
2829 4296 3146 4355 dilabuntur
3179 4317 3414 4359 errores.

355 4476 424 4528 Ol
449 4473 566 4528 υἱοὶ
596 4473 751 4528 Σιὼν
789 4477 843 4529 ol
873 4475 1068 4545 τίμιοι.
1100 4476 1165 4530 Ui
1194 4474 1473 4547 κομῶντες
1503 4477 1597 4530 ἐπὶ
1627 4476 1867 4549 πλούτῳ,

2048 4467 2206 4524 Vers.
2239 4467 2295 4524 2.
2332 4464 2469 4524 Filii
2504 4468 2635 4525 Sion
2684 4473 2890 4545 inclyti.
2934 4473 3170 4544 Divitiis,
3216 4479 3411 4550 inquit,
3459 4481 3560 4537 llo-

283 4565 471 4635 φησὶν,
493 4564 527 4636 ἢ
557 4564 651 4618 καὶ
675 4564 900 4636 χρυσίου
926 4564 1241 4638 τιμιώτεροι
1268 4565 1385 4631 πῶς
1412 4565 1555 4620 οὕτω
1583 4570 1695 4632 τοῖς
1717 4568 1870 4621 εὐτε-

279 4655 398 4711 λέσι
454 4656 549 4710 καὶ
604 4656 1042 4730 συντριϐομένοις
1098 4659 1437 4730 ἀπαχθέντες
1499 4662 1580 4724 εἰς
1626 4659 1867 4714 δουλείαν

279 4735 658 4821 είκάσθησανξ
692 4750 834 4821 Ἔφη
877 4749 934 4803 δέ
975 4749 1184 4814 τούτοις
1230 4752 1426 4815 αὐτοὺς
1469 4750 1867 4817 ἀπεικάςεσθαι

279 4840 375 4895 καὶ
423 4839 609 4911 ἡνίκα,
640 4836 917 4892 κατελθὼν
966 4838 1047 4901 είς
1078 4838 1172 4891 τὸν
1220 4834 1369 4894 οἷκον
1416 4840 1511 4894 τοῦ
1553 4841 1862 4914 κεραμέως,

276 4928 460 4987 λαϐὼν
487 4932 707 5001 ἀγγεῖον
738 4929 1073 5003 συνέτριψεν.
1119 4931 1428 4996 Ἀπεικάζει
1459 4932 1517 4986 δὲ
1543 4934 1742 4998 αὐτοὺς
1766 4934 1863 4987 καὶ

289 5021 519 5087 Ἡσαΐας
561 5022 714 5078 πόλει
762 5020 1026 5094 πεσούσῃ,
1059 5023 1169 5077 Καὶ
1216 5022 1291 5076 τὰ
1326 5024 1625 5093 πτώματα,
1664 5023 1860 5093 λέγων,

276 5112 466 5183 αὐτῆς
506 5114 680 5169 ἔσται
724 5112 805 5179 ὡς
847 5113 1263 5182 συντρίμματα
1311 5114 1554 5184 ἀγγείου
1579 5115 1859 5185 ὀστρακί-

277 5221 408 5260 νου.

340 5299 455 5356 Kal
491 5315 560 5369 γε
587 5297 911 5369 δράκοντες
946 5292 1250 5363 ἐξέδυσαν
1281 5298 1576 5367 μαστούς.
1607 5299 1744 5371 Περὶ
1772 5298 1854 5352 λι-

276 5388 381 5461 μοῦ
412 5388 523 5445 τῶν
550 5389 775 5456 ἐνδόξων
805 5389 957 5459 λέγει
987 5389 1226 5464 βρεφῶν,
1258 5389 1337 5455 ὡς
1366 5389 1466 5461 τῆς
1502 5389 1856 5462 Ἰερουσαλὴμ

275 5481 410 5556 μηδὲ
446 5486 561 5547 τοῖς
592 5482 804 5556 ἀγρίοις
832 5480 992 5548 ζώοις
1016 5482 1222 5555 ὁμοίως
1247 5481 1415 5555 θηλὴν
1439 5482 1609 5553 αὐτῆς
1640 5486 1856 5554 προτεῖ-

271 5593 360 5634 ναι
396 5574 784 5647 δεδυνημένης.
843 5575 906 5628 Ἦ
945 5574 1002 5629 δὲ
1041 5573 1137 5628 τοῦ
1183 5573 1391 5637 πάθους
1437 5571 1709 5646 ὑπερϐολὴ
1762 5575 1856 5629 καὶ

1976 4568 2178 4618 rentes.
2208 4560 2291 4615 vel
2331 4563 2494 4616 etiam
2519 4578 2656 4619 auro
2691 4565 3069 4634 pretiosiores,
3107 4572 3383 4639 quomodo
3409 4575 3556 4630 vasis

1974 4653 2174 4709 vilibus
2207 4653 2602 4726 fragilibusque
2629 4658 2934 4728 comparati
2975 4670 3105 4715 sunt
3133 4662 3187 4716 in
3233 4665 3551 4721 servitutem

1971 4745 2227 4800 abducti?
2262 4744 2358 4802 His
2394 4756 2576 4802 autem
2619 4747 2826 4803 similes
2858 4748 2982 4804 illos
3032 4752 3196 4808 etiam
3230 4755 3388 4826 dixit,
3423 4774 3550 4814 cum

1971 4837 2306 4906 descendens
2331 4838 2387 4893 in
2430 4839 2652 4913 domum
2683 4841 2829 4912 ﬁguli
2871 4854 3151 4914 arreptum
3190 4861 3288 4904 vas
3332 4852 3551 4910 confre-

1971 4931 2048 5002 git
2078 4932 2146 4986 ⁸⁸.
2176 4931 2343 4986 Isaias
2371 4932 2535 4986 etiam
2569 4946 2664 4986 eos
2696 4944 2981 5004 comparat
3011 4936 3131 4992 solo
3158 4949 3387 5010 mquatse
3420 4945 3551 4999 civi-

1971 5024 2065 5079 tati
2110 5042 2124 5079 :
2175 5021 2243 5077 Et
2278 5041 2457 5090 casus,
2500 5022 2681 5093 inquit
2717 5023 2784 5094 ⁸⁸,
2819 5025 2970 5082 illius
3003 5037 3178 5102 erunt,
3222 5034 3378 5100 quasi
3426 5034 3546 5101 fra-

1969 5124 2179 5187 gmenta
2210 5116 2350 5170 vasis
2380 5116 2618 5175 testacei.

2038 5290 2195 5349 Vers.
2254 5292 2310 5347 ’5.
2350 5289 2533 5345 Etiam
2577 5291 2830 5346 dracones
2877 5291 3204 5347 nudaeerunt
3260 5308 3546 5354 mammas.

1966 5385 2040 5441 De
2067 5385 2211 5440 fame
2243 5384 2525 5439 nobilium.
2542 5399 2832 5455 puerorum
2862 5384 3126 5455 loquitur,
3150 5384 3295 5455 quod
3322 5384 3549 5442 Jerusa-

1965 5479 2071 5536 lem
2102 5494 2204 5535 nec
2231 5477 2559 5558 immanium
2589 5492 2743 5533 more
2763 5470 3086 5545 'belluarum
3131 5493 3402 5536 mammas
3433 5481 3544 5536 illis

1964 5575 2206 5646 praebere
2233 5556 2472 5643 potuerit
2504 5556 2519 5627 ξ
2558 5569 2826 5647 siquidem
2861 5568 3067 5626 doloris
3093 5585 3356 5630 excessus
3373 5573 3535 5631 etiam

343 5749 392 5783 ⁸³
413 5748 605 5805 Matth.
637 5764 690 5812 x,
723 5746 816 5803 29.
894 5748 940 5779 “
971 5747 1171 5804 Jerem.
1201 5764 1353 5803 xxrv.
1434 5745 1694 5805 "Jerem.
1732 5762 1847 5819 ius,
1890 5752 1941 5808 l.
2019 5756 2065 5789 ⁸ο
2092 5752 2196 5811 lsa.
2224 5762 2357 5816 xxx,
2392 5745 2479 5800 14.

668 5842 942 5904 Ρηιιοι..
988 5832 1105 5905 GR.
1153 5844 1323 5906 Xlll.

252 5924 323 5941 μη

3219 5842 3292 5906 91
