4070 6296
552 345 670 401 ,631

1970 349 2063 406 EX
2101 351 2401 409 ORIGENE

3700 364 3808 419 ess

573 470 783 517 naturae
818 460 1141 527 oblivionem
1167 459 1345 516 efﬁcit.
1375 461 1649 519 Dracones
1676 475 1880 536 autem,
1910 469 1992 523 vel
2015 484 2116 524 eun

2245 470 2457 540 φύσεως
2501 471 2669 544 λήθην
2706 473 3012 547 ἐργάζεται.
3049 475 3351 548 Δράκοντος
3392 477 3473 544 δὲ,
3511 479 3544 550 ἢ
3580 480 3675 534 καὶ
3706 482 3807 548 τὰς

566 541 904 622 Symmacho
953 550 1204 618 Sirenas,
1248 552 1516 624 malignos
1565 555 1792 624 spiritus
1846 558 2134 630 intelliges,

574 643 667 710 qui
722 656 852 696 suos
894 641 1036 695 lilios
1076 655 1243 710 pravo
1281 642 1420 697 lacte
1465 643 1738 700 aluerunt.
1768 645 1927 704 Tales
1955 658 2135 703 autem

583 732 816 801 suntqui
839 730 1130 803 impiorum
1155 733 1417 788 doctrinis
1443 735 1821 793 instituuntur.

633 924 989 980 Lactaverunt
1020 928 1187 982 catuli
1225 944 1405 984 eorum
1444 929 1587 999 ﬁlias
1620 930 1803 1001 populi
1842 933 1948 986 mei
1969 934 2023 986 in
2051 934 2134 987 in-

563 1010 798 1066 curabile
834 1013 990 1083 quasi
1031 1013 1260 1068 struthio
1299 1017 1355 1069 in
1394 1018 1621 1073 deserto.
1664 1020 1949 1087 Quomodo
1988 1023 2133 1079 enim

566 1117 675 1158 non
728 1112 861 1158 sunt
905 1104 1028 1159 lilia;
1067 1105 1162 1173 qui
1211 1105 1507 1164 eﬂ’eminati
1555 1112 1725 1166 sunt?
1780 1110 1929 1178 Quos
1966 1115 2131 1170 etiam

564 1193 669 1249 sibi
723 1195 984 1250 masculis
1033 1197 1232 1253 occisis
1279 1210 1570 1255 conservat
1607 1201 1847 1270 Pharao,
1877 1204 2039 1273 cujus
2079 1214 2134 1260 et

563 1286 870 1341 doctrinam
914 1285 1025 1344 Deo
1073 1305 1302 1346 vacuam
1344 1294 1727 1362 depascuntur,
1778 1296 1949 1351 instar
1987 1306 2133 1352 stru-

563 1377 1012 1435 thioeamelorum
1064 1381 1282 1438 avolare
1321 1398 1429 1436 non
1473 1385 1737 1452 valentes,
1782 1389 1878 1442 sed
1917 1404 2132 1458 semper

535 1454 715 1523 “humi
746 1479 1053 1529 currentes.
1104 1471 1199 1529 Sic
1242 1474 1387 1531 enim
1436 1479 1725 1532 struthium
1771 1454 2131 1551 Symmachus

563 1563 814 1631 reddidit,
845 1566 1039 1620 horum
1069 1581 1199 1622 vero
1232 1569 1526 1639 magistros
1550 1583 1658 1622 non
1700 1569 1999 1643 incongrue
2037 1571 2129 1627 Si-

562 1667 714 1706 renas
746 1655 1084 1722 nuncupavit
1115 1674 1130 1711 :
1175 1662 1242 1711 ut‘
1260 1657 1404 1712 enim
1430 1657 1712 1728 gentilium
1736 1659 1933 1716 fabulis
1962 1663 2125 1716 tradi-

562 1754 679 1805 tum
702 1753 803 1811 est,
834 1746 938 1802 illa
952 1762 1048 1817 per
1077 1748 1413 1819 voluptatem
1441 1750 1650 1805 illectos
1690 1751 1966 1822 quoslibet
2001 1769 2128 1823 per-

540 1828 821 1904 ‘imebant,
881 1840 1031 1895 sicut
1080 1856 1286 1896 veneno
1342 1838 1509 1915 ³46
1566 1842 1876 1900 mordentes
1956 1845 2125 1900 lilium
2161 1823 2202 1879 Β

560 1927 846 1986 dracones.
888 1927 1003 1986 Hoc
1034 1945 1162 2003 ergo
1187 1933 1478 2001 exprobrat
1504 1934 1782 2004 praeclaris
1814 1935 1920 1991 illis
1954 1938 2127 2007 magi-

566 2020 717 2085 stris,
752 2023 898 2092 quod
933 2038 1033 2078 nec
1066 2033 1125 2078 ut
1166 2023 1293 2080 [οιαὶ
1341 2025 1735 2096 ἱιιιὶίεοὶριιιοε
1782 2027 1962 2083 simile
2009 2039 2126 2087 stu-

560 2109 710 2166 dium
743 2110 1109 2169 exhibuerint.

630 2222 781 2280 νοτε.
812 2225 868 2280 4.
896 2224 1131 2281 Adhcsit
1154 2225 1336 2297 lingua
1370 2226 1643 2291 lactentis,
1672 2236 1780 2284 etc.
1817 2226 1946 2289 Hmc
1973 2228 2124 2299 passi

553 2324 683 2370 sunt
731 2331 855 2370 cum
913 2317 1291 2372 obsiderentur
1342 2326 1398 2373 et
1453 2319 1877 2379 abducerentur.
1922 2320 2125 2378 Poterit

555 2407 686 2461 item
718 2407 823 2461 diei
861 2407 1000 2476 fama
1041 2416 1274 2465 vexatos
1295 2409 1473 2466 fuisse
1487 2426 1597 2464 non
1614 2414 1789 2481 panis,
1815 2428 1918 2466 non
1948 2429 2118 2484 agtur,

548 2496 707 2565 juxta
748 2498 951 2554 dictum
980 2499 1360 2570 propheticum
1389 2500 1456 2565 ⁸⁷,
1488 2501 1580 2557 sed
1616 2504 1868 2558 audiendi
1913 2504 2122 2561 verbum

553 2583 790 2643 Domini.
809 2584 991 2654 Quare
1018 2589 1085 2643 de
1109 2586 1394 2645 inbutulis
1414 2604 1605 2647 eorum
1635 2591 1939 2661 prOphetat.

624 2827 896 2897 Eiusdem.
930 2827 1197 2884 Historice
1227 2828 1445 2898 quidem
1471 2828 1539 2885 ad
1562 2843 1626 2884 ea
1658 2829 1817 2885 rediit
1837 2845 1959 2901 qua
1981 2839 2119 2886 tein-

551 2935 682 2990 pore
727 2919 1054 2990 captivitatis
1098 2917 1485 2993 contigerunt;
1530 2920 1846 2991 spiritaliter
1889 2936 2021 2979 vero.
2050 2922 2119 2978 de

552 3010 694 3065 l‘ame
737 3010 1005 3081 loquitur,
1027 3024 1151 3065 eum
1180 3007 1277 3066 Dei
1320 3009 1546 3066 verbum
1590 3027 1623 3066 a
1651 3010 1967 3068 doctoribus
2006 3028 2113 3071 nou

546 3100 956 3156 disseminatur.

2240 565 2379 618 κατὰ
2408 563 2700 637 Σύμμαχον
2729 567 3010 640 Σειρῆνας,
3040 568 3289 633 ἆκούσεις
3316 569 3386 624 τὰ
3415 573 3626 645 πονηρὰ
3649 575 3801 628 πνεύ-

2240 671 2406 724 ματα,
2451 655 2519 709 τὰ
2555 657 2681 720 τοὺς
2731 657 2940 711 ἑαυτῶν
2973 661 3223 727 νεογνοὺς
3254 662 3473 735 πονηρῷ
3497 662 3808 736 θηλάσαντα

2236 745 2484 813 γάλακτι.
2516 745 2764 801 Τοιοῦτοι
2800 748 2857 803 δὲ
2888 751 2936 802 οἱ
2980 752 3100 814 ταῖς
3142 750 3510 819 διδασκαλίαις
3536 755 3645 810 τῶν
3676 757 3807 811 ἀσε-

2236 835 2346 889 ϐῶν
2372 837 2742 909 εἰσαγόμενοι.

2317 946 2665 1014 Ἐθήλασαν
2706 950 2964 1020 σκύμνοι
3018 950 3221 1009 αὐτῶν
3270 954 3598 1024 θυγατέρας
3650 959 3804 1012 λαοῦ

2217 1051 2348 1103 ,μου
2385 1037 2476 1102 εις
2520 1038 2789 1105 ἀνίατον,
2837 1042 2919 1107 ὡς
2961 1045 3279 1110 στρουθίον
3315 1045 3385 1099 ἐν
3414 1046 3643 1116 ἐρήμῳ.
3677 1043 3803 1114 Πῶς

2232 1125 2341 1196 γὰρ
2371 1127 2433 1181 οὐ
2465 1127 2765 1200 θυγατέρες
2789 1133 2838 1185 oi
2888 1133 3333 1205 ὲκτεθηλυμένοι,
3355 1136 3447 1202 οὓς
3480 1140 3574 1195 καὶ
3603 1141 3806 1213 Φαραὼ

2234 1224 2594 1289 περιποιεῖται
2627 1224 2865 1292 φονεύων
2893 1226 3019 1287 τοὺς
3045 1226 3275 1298 ἄρρενας
3296 1244 3311 1258 ο
3341 1223 3402 1282 οὗ
3424 1230 3519 1283 καὶ
3543 1231 3642 1302 τὴν
3664 1232 3804 1289 διδα-

2234 1311 2458 1366 σκαλίαν
2488 1314 2587 1385 τὴν
2612 1314 2711 1386 έρη
2720 1331 2827 1385 μον.
2851 1315 2991 1369 Θεοῦ
3015 1316 3465 1385 καταϐόσκονται,
3490 1322 3802 1395 ἀποπτῆναι

2231 1404 2371 1458 κατὰ
2400 1406 2527 1470 τοὺς
2551 1408 3080 1480 στρουθιοκαμήλους
3112 1410 3186 1481 μὴ
3208 1411 3514 1483 δυνάμενοι,
3541 1415 3679 1471 ἀλλὰ
3703 1417 3802 1489 τὴν

2228 1494 2334 1565 γῆν
2380 1496 2469 1550 ἀεὶ
2513 1496 2843 1565 διαθέοντες;
2885 1501 2959 1553 Τὸ
2998 1501 3108 1573 γὰρ
3138 1505 3459 1571 στρουθίον
3483 1507 3656 1571 οὕτως
3686 1509 3802 1575 ἐξέ-

2225 1586 2367 1641 δωκε
2408 1587 2732 1660 Σύμμαχοςο
2775 1593 2902 1655 τοὺς
2947 1591 3005 1645 δὲ
3049 1593 3254 1648 τούτων
3303 1596 3655 1662 διδασκάλους
3700 1601 3800 1656 οὐκ

2216 1675 2528 1742 ,ἀπεικότως
2576 1678 2864 1748 Σειρῆνας
2911 1681 3163 1737 ἐκάλεσε·
3219 1686 3359 1740 κατὰ
3403 1685 3520 1760 γὰρ.
3561 1688 3653 1742 τὸν
3696 1690 3801 1755 ἔξω

2230 1765 2397 1837 μῦθον
2451 1767 2612 1821 αὐταὶ
2672 1768 2762 1822 διὰ
2814 1768 2917 1841 τῆς
2973 1772 3170 1842 ἡδονῆς
3225 1776 3352 1839 τοὺς
3395 1780 3798 1849 προστυχόντος

2226 1858 2525 1925 ἀπώλλυον,
2553 1859 2740 1933 ὥσπερ
2772 1858 2865 1917 οὖν
2891 1863 2982 1917 τὸν
3015 1864 3129 1919 υἱὸν
3156 1866 3470 1933 ἐνδακόντες
3500 1872 3551 1923 oi
3577 1871 3799 1942 δράκον-

2228 1967 2340 2023 τες.
2386 1953 2660 2019 Ὀνειδίζει
2704 1956 2884 2009 τοίνυν
2924 1959 3039 2022 τοῖς
3081 1957 3243 2029 δῆθεν
3282 1960 3506 2028 ἀγαθοῖς
3549 1963 3798 2019 διδασκὰ-

2224 2041 2355 2109 λοις,
2384 2045 2467 2098 ὅτι
2529 2046 2664 2117 μηδὲ
2687 2046 2901 2112 τούτοις
2928 2048 3128 2120 ὁμοίιος
3159 2052 3288 2122 περὶ
3329 2053 3456 2117 τοὺς
3499 2056 3797 2124 φοιτῶντας

2223 2133 2577 2190 ἐσπούδασαν.

2308 2249 2642 2319 Ἐκολλήθη
2685 2251 2726 2320 ri
2784 2250 3039 2320 γλῶσσα
3097 2254 3482 2324 θηλάζοντος,
3540 2277 3596 2315 κ.
3647 2278 3699 2315 τ.
3744 2263 3790 2314 ὲ.

2222 2338 2407 2393 Ταῦτα
2452 2341 2753 2396 πεπόνθασι
2797 2342 3238 2416 πολιορκούμενοί
3268 2364 3328 2400 τε
3371 2348 3467 2402 καὶ
3510 2350 3788 2422 ἀγόμενοι.

2221 2430 2415 2500 Διγοις
2440 2431 2485 2485 δ’
2509 2431 2579 2486 ἂν
2597 2433 2692 2486 καὶ
2715 2433 2792 2497 ὡς
2814 2433 2973 2505 λιμὸν
2995 2436 3293 2507 ὑπέμειναν
3319 2442 3430 2496 οὐκ
3449 2441 3649 2510 ἄρτου,
3676 2449 3788 2515 οὐχ

2219 2521 2441 2591 ὕδατος
2478 2523 2625 2577 κατὰ
2666 2525 2740 2578 τὸ.
2765 2524 2942 2594 λόγιον
2976 2527 3039 2580 τὸ
3088 2531 3444 2602 προφητικὸν,
3470 2533 3630 2589 ἀλλὰ
3676 2532 3785 2588 τοῦ

2217 2610 2481 2666 ἀκοῦσαι.
2500 2614 2687 2682 λόγον
2720 2616 2964 2683 Κυρίου.
3003 2616 3096 2670 Διὸ
3133 2620 3262 2691 περὶ
3287 2620 3394 2676 τῶν
3428 2621 3659 2690 νεογνῶν
3688 2624 3787 2678 αὺ-

2214 2702 2324 2757 τῶν
2351 2705 2700 2776 προφητεύει.

2292 2794 2399 2848 Τοῦ
2419 2794 2626 2849 αὐτοῦ.
2665 2796 2972 2868 Ἱστορικῶς
2990 2799 3089 2869 μὲν
3113 2800 3411 2873 ἐπανῆλθεν
3435 2804 3530 2857 ἐπὶ
3557 2806 3627 2859 τὰ
3655 2824 3787 2878 συμ-

2215 2880 2384 2935 ϐάντα
2411 2884 2504 2937 ἐπὶ
2527 2883 2626 2954 τῆς
2663 2886 3041 2957 αἰχμαλωσίας
3062 2906 3076 2920 ⁸
3112 2890 3250 2962 πρὸς
3274 2892 3330 2946 δὲ
3377 2893 3616 2950 διάνοιαν
3663 2899 3784 2969 περὶ

2214 2975 2311 3029 τοῦ
2343 2972 2498 3047 λιμοῦ
2524 2974 2904 3032 διδασκαλικοῦ
2935 2996 3123 3052 φησιν.
3640 2994 3647 2997 ‘

617 3192 772 3251 Vers.
803 3195 857 3252 5.
892 3192 996 3261 Qui
1030 3192 1366 3249 uescebantur
1398 3191 1627 3246 deliciis.
1655 3189 1771 3245 Non
1801 3190 1943 3245 enim
1976 3189 2111 3246 adeo

2288 3173 2354 3226 οι
2401 3173 2708 3242 ἐσθίοντες
2763 3177 2872 3244 τὰς
2927 3178 3177 3248 τρυφάς.
3231 3180 3307 3234 οὐ
3365 3178 3476 3255 γὰρ
3534 3185 3784 3238 τοσοῦτον

547 3287 886 3342 miserabiles
919 3294 1047 3342 sunt
1077 3299 1364 3355 pauperes,
1393 3284 1523 3338 dum
1547 3283 1687 3338 male
1714 3298 1838 3338 cum
1867 3283 1974 3337 illis
1997 3284 2112 3355 agi-

546 3390 656 3435 tur.
683 3377 791 3433 lios
821 3388 999 3433 autem
1034 3378 1234 3447 plangit
1265 3388 1318 3432 et
1338 3375 1560 3440 Paulus,
1587 3377 1774 3430 dicens
1795 3375 1867 3443 ",
1889 3392 2111 3445 quarunt

545 3470 760 3538 adoptio
791 3481 837 3521 et
863 3467 1055 3537 gloria.
1082 3466 1236 3543 Nunc
1260 3467 1404 3521 enim
1432 3482 1568 3521 vana
1595 3466 1936 3533 meditantes,
1970 3465 2114 3539 Moy-

544 3560 621 3615 sis
651 3560 1141 3629 prophetarumque
1170 3559 1379 3614 deliciis
1403 3574 1509 3612 non
1550 3558 1828 3624 fruuntur,
1857 3558 2011 3629 juxta
2041 3560 2110 3614 il-

545 3654 636 3708 Iud
667 3655 711 3686 ⁸³
739 3671 752 3707 :
798 3653 1064 3707 Delectari:
1090 3656 1145 3707 in
1186 3652 1428 3711 Domino.
1464 3650 1656 3708 Nnilus
1685 3654 1883 3723 quippe
1909 3663 1993 3709 est
2014 3654 2106 3724 qui

541 3746 856 3801 alimentum
896 3744 1043 3799 verbi
1084 3752 1410 3813 concoquat,
1449 3757 1624 3811 neque
1666 3742 1893 3812 saginati
1935 3743 2105 3812 parti-

541 3837 688 3905 cipes
720 3844 848 3891 sunt
898 3834 1075 3899 vituli,
1105 3834 1355 3905 quamvis
1403 3833 1507 3904 ipsi
1547 3833 1696 3886 illum
1731 3834 2102 3889 mactaverint.

542 3923 730 3980 Exitus
758 3939 883 3979 vero
920 3931 1080 3979 vocat
1112 3920 1498 3993 dispersiones,
1546 3919 1630 3973 vel
1682 3918 1865 3990 legalis
1918 3919 2107 3975 litterte

539 4032 737 4073 sensus
769 4033 1072 4087 perversos.

609 4131 714 4198 Qui
757 4134 1124 4188 nutriebwttur
1165 4146 1322 4201 super
1363 4130 1627 4186 coccinea.
1677 4128 1835 4185 Prius
1881 4129 2099 4200 quidem

539 4229 917 4284 nutriebantur
944 4228 996 4282 in
1021 4242 1206 4293 cocco,
1236 4210 1618 4282 effundendum
1647 4227 1776 4280 olim
1805 4223 2102 4281 Salvatoris

536 4319 854 4390 sanguinem
902 4318 1213 4389 prophetice
1241 4304 1563 4380 audientes;
1597 4327 1652 4371 at
1679 4331 1822 4371 nunc
1856 4325 2100 4371 terrena-

536 4426 656 4464 rum
692 4409 1082 4478 cogitationum
1124 4408 1379 4463 sordibus
1408 4409 1636 4476 pannosi
1669 4418 1818 4462 sunt.

605 4500 761 4557 Vers.
790 4501 841 4554 6.
877 4498 1049 4564 Quasi
1072 4498 1289 4563 cursim,
1312 4505 1362 4551 et
1385 4514 1485 4550 non
1516 4497 1907 4552 laboraverunt.
1943 4498 2100 4568 Sym-
2129 4498 2176 4556 Β

532 4592 759 4647 machus
789 4605 909 4661 pro,
936 4588 1091 4659 quasi
1112 4586 1331 4652 cursim,
1356 4587 1741 4654 interpretatus
1765 4596 1848 4642 est
1873 4598 2097 4656 repente,

532 4690 591 4736 et
614 4694 736 4750 pro,
753 4697 857 4735 non
880 4678 1276 4738 laboraverunt,
1307 4674 1538 4729 reddidit
1563 4690 1720 4743 quam
1742 4692 1842 4729 non
1867 4676 2104 4731 vulnera-

533 4778 736 4823 verunt.
755 4768 893 4834 Quid
917 4767 1061 4822 enim
1092 4763 1539 4834 compendiosius
1576 4763 1740 4818 verbo
1768 4765 1980 4820 dicente
2005 4766 2053 4798 ⁸ο
2080 4784 2096 4822 :

533 4857 671 4913 Ecce
699 4857 1017 4927 relinquetur
1044 4855 1193 4912 vobis
1215 4855 1398 4911 domus
1432 4867 1602 4910 vestra
1632 4854 1861 4922 deserta,
1889 4863 1944 4909 et
1983 4856 2101 4913 solo

533 4947 829 5005 voluntatis
857 4957 988 5003 nutu
1022 4947 1302 5002 tradente?
1332 4946 1597 5016 lniquitas
1623 4945 1766 5002 enim
1795 4945 2096 5003 Jerusalem

476 5070 489 5075 -
532 5055 699 5109 super
736 5038 1076 5109 iniquitatem
1123 5036 1484 5093 Sodomorum
1514 5036 1855 5106 magniﬁcam
1883 5047 1986 5093 est.
2016 5038 2096 5092 llli

530 5132 677 5189 enim
713 5139 1014 5186 naturalem
1052 5130 1220 5197 legem
1251 5137 1459 5183 tantum
1491 5128 1781 5195 habebant,
1811 5128 1866 5183 hi
1892 5144 2018 5184 vero
2041 5138 2095 5184 et

530 5225 814 5295 scriptam,
842 5233 894 5278 et
930 5224 1241 5293 prophetas,
1268 5229 1322 5276 et
1347 5235 1683 5290 quascunque
1717 5220 1859 5276 Deus
1900 5220 1953 5274 in
1989 5221 2095 5277 illis

529 5317 799 5373 mirabilia
844 5322 1101 5384 operatus
1141 5324 1253 5381 est;
1292 5322 1345 5367 ct
1384 5313 1457 5367 illi
1484 5313 1700 5382 quidem
1747 5313 1803 5367 in
1845 5312 2088 5383 angelos,

527 5420 582 5461 et
632 5408 841 5463 simites
884 5406 989 5463 sibi
1043 5405 1289 5460 homines
1333 5404 1710 5474 deliquerunt;
1765 5403 1821 5458 hi
1860 5418 1990 5458 vero
2035 5404 2091 5459 in

531 5494 866 5552 Salvatorem
910 5502 967 5550 et
1012 5493 1448 5569 liedemptorem,
1472 5492 1569 5562 qui
1603 5492 1730 5546 olim
1760 5491 1975 5562 quidem
2022 5507 2090 5548 ex

532 5584 761 5654 digypto
793 5584 1114 5652 redemerat,
1143 5599 1289 5647 nunc
1321 5586 1562 5639 anteme
1589 5582 1894 5638 όιειηοιιιιηι
1917 5583 2087 5645 cultu,

600 5698 643 5728 ³⁷
698 5697 865 5751 Amos
889 5712 1003 5763 vm,
1038 5697 1123 5749 ll.
1226 5696 1272 5730 ⁸⁸
1303 5695 1460 5749 Rom.
1499 5711 1573 5759 ιιι,
1612 5696 1666 5749 4.

2211 3264 2433 3319 Haemi
2467 3268 2517 3320 oi
2544 3266 2772 3337 πένητες
2800 3269 2851 3322 οἱ
2875 3269 3222 3340 κακούμενοι.
3250 3271 3485 3337 Τούτους
3514 3274 3570 3328 δὲ
3597 3276 3785 3347 θρηνεί

2211 3355 2307 3408 καὶ
2351 3354 2582 3419 Παῦλος,
2629 3349 2717 3410 ὧν
2759 3357 2798 3425 ἠ
2852 3358 3141 3423 υἱοθεσία,
3173 3358 3364 3429 λέγων,
3393 3361 3492 3415 καὶ
3541 3364 3581 3431 ἡ
3613 3363 3779 3429 δόξα.

2211 3444 2359 3498 Κενὰ
2396 3445 2505 3516 γὰρ
2546 3445 2641 3500 νῦν
2679 3446 3028 3518 μελετῶντες,
3066 3450 3166 3503 οὐκ
3208 3452 3515 3523 ἐντρυφῶσι
3561 3455 3782 3509 Μωῦσεί

2207 3551 2269 3588 τε
2310 3535 2406 3589 καὶ⁹
2450 3537 2565 3598 τοῖς
2610 3538 2944 3609 προφήταις..
2970 3539 3046 3603 ὡς
3074 3539 3159 3604 τὸ,
3186 3543 3662 3612 Κατατρύςοησον
3702 3545 3789 3611 τῷ

2206 3626 2421 3693 Κυρίῳ.
2449 3626 2636 3691 οὐδεὶς
2661 3627 2770 3698 γὰρ
2813 3629 2842 3681 ὁ
2891 3628 3117 3682 πέπτων
3161 3630 3259 3684 τὸν
3291 3632 3557 3704 τρόφιμον
3601 3635 3780 3704 λόγον,

2206 3717 2325 3771 οὐδὲ
2360 3718 2454 3772 τοῦ
2498 3718 2739 3773 σιτευτοῦ
2783 3720 3259 3790 μεταλαμῦάνουσι
3307 3724 3531 3795 μόσχου,
3574 3729 3785 3799 καίπερ

2206 3811 2361 3865 αὐτοὶ
2400 3811 2707 3877 τεθυκότες.
2745 3813 3019 3880 Διεξόδους
3040 3813 3099 3866 δὲ
3135 3814 3289 3868 καλεῖ
3314 3816 3417 3881 τὰς
3454 3818 3778 3892 διασπορὰς,

2206 3902 2238 3972 ἢ
2271 3904 2364 3957 καί
2393 3903 2493 3968 τὰς
2517 3905 2625 3958 τῶν
2657 3905 2896 3976 νομικῶν
2926 3906 3267 3976 γραμμάτιον
3294 3912 3677 3982 παρατροπὰς.

2274 4116 2347 4168 Ul'
2390 4117 2798 4187 τιθηνούμενοι
2841 4118 2943 4173 ἐπὶ
2987 4120 3240 4176 κόκκων.
3293 4122 3661 4195 Ἐτιθηνοῦντο
3713 4128 3774 4181 τὸ

2202 4204 2330 4275 πρὶν
2368 4203 2460 4259 ἐπὶ
2500 4207 2722 4271 κόκκου,
2751 4208 2810 4262 τδ
2854 4209 3042 4280 μέλλον
3081 4211 3359 4282 ὲκχεϊσθαι
3394 4215 3489 4268 τοῦ
3521 4216 3775 4289 Σωτῆρος

2198 4291 2336 4366 αἷμα
2389 4299 2743 4369 προφητικῶς
2793 4301 3207 4372 προακούοντες,
3264 4306 3358 4358 καὶ
3405 4305 3500 4361 νῦν
3555 4308 3620 4362 ἐκ
3659 4310 3769 4362 τῶν

2197 4386 2398 4457 γηΐνων
2420 4391 2703 4461 νοημάτων
2735 4392 3205 4463 ῥακκοδυτοῦντες.

2275 4478 2496 4547 Ὥσπερ
2537 4481 2800 4550 σπουδῇ,
2845 4484 2943 4537 καὶ
2985 4486 3095 4538 οὐκ
3126 4485 3443 4539 cadi-war.
3476 4487 3769 4559 Σύμμαχος

2196 4567 2256 4621 τὸ
2285 4570 2403 4639 μὲν,
2434 4569 2634 4638 ὥσπερ
2677 4573 2939 4641 σπουδῇ,
2969 4574 3260 4643 ἐξαπίνης
3306 4575 3556 4642 ἐξέδωκε,
3586 4579 3648 4631 τὸ
3686 4566 3764 4643 δὲ,

2196 4660 2308 4712 οὐκ
2337 4660 2655 4727 ἐπόνεσαν,
2688 4661 2768 4729 ἢν
2794 4666 2905 4719 οὐκ
2932 4665 3218 4734 ἔτρωσαν.
3250 4667 3315 4719 Τί
3343 4666 3453 4740 γὰρ
3480 4668 3625 4721 θείου
3653 4687 3770 4722 συνο

2195 4749 2502 4823 τομώτερον
2538 4753 2698 4821 λόγου
2744 4757 3049 4827 φήσαντος·
3098 4755 3242 4811 Ἰδοὺ
3280 4758 3516 4827 ἀφίεται
3545 4760 3690 4829 ὑμῖν
3728 4763 3763 4814 ό

2198 4833 2362 4906 οἶκος
2394 4839 2561 4910 ὑμῶν
2585 4843 2825 4914 ἕρημος,
2866 4847 2960 4899 καὶ
2990 4846 3135 4918 μόνῳ
3178 4848 3509 4919 παραδόντος
3534 4849 3612 4921 τῷ
3641 4848 3764 4919 βού-

2197 4930 2419 4998 λεσθαι;
2468 4933 2532 4987 Ἦ
2574 4935 2771 5007 ἀνομία
2814 4938 2922 5009 γὰρ
2961 4938 3060 5007 τῆς
3103 4938 3455 5011 Ἰερουσαλὴμ
3487 4940 3626 5012 ὑπὲρ
3664 4941 3763 5012 τὴν

2197 5022 2444 5095 Σοδόμων
2485 5027 2843 5100 ὲμεγαλύνθη.
2876 5032 2938 5084 Οἱ
2975 5032 3072 5102 μὲν
3108 5031 3200 5083 τὸν
3233 5031 3460 5101 φυσικὸν
3499 5033 3660 5104 νόμον
3687 5029 3762 5085 εί-

2194 5131 2287 5185 χον
2323 5116 2502 5186 μόνον,
2534 5121 2579 5172 oi
2613 5119 2669 5173 δὲ
2707 5121 2798 5174 καὶ
2823 5122 3086 5191 γραπτὸν,
3117 5123 3210 5176 καὶ
3235 5123 3539 5194 προφήτας,
3574 5124 3671 5177 ὅσα
3698 5139 3757 5176 τε

2193 5206 2509 5278 παραδόξως
2536 5202 2721 5275 όΘεὸς
2743 5211 3026 5283 εἰργάζετο
3052 5213 3110 5264 ὲν
3148 5212 3364 5276 αὐτοῖς·
3392 5215 3633 5268 κάκεῖνοι
3662 5214 3758 5285 μὲν

2190 5292 2437 5364 ἥμαρτον
2470 5297 2552 5359 είς
2585 5298 2846 5366 ἀγγέλους
2876 5301 2971 5353 καὶ
3001 5302 3126 5364 τοὺς
3154 5301 3372 5372 ὁμοίους
3404 5302 3752 5374 ἁνθρὼπους’

2192 5377 2334 5436 οὗτοι
2357 5383 2413 5436 δὲ
2445 5386 2525 5449 είς
2554 5385 2646 5440 τὸν
2679 5388 2906 5461 Σωτῆρα
2932 5391 3027 5444 καὶ
3057 5391 3351 5464 Λυτρωτὴν
3377 5391 3545 5447 πάλαι
3572 5393 3669 5465 μὲν
3695 5395 3754 5459 ἐξ

2191 5471 2485 5540 Αἰγύπτου,
2508 5476 2604 5529 νῦν
2635 5478 2692 5532 δὲ
2721 5477 2987 5550 δαιμόνων
3013 5481 3286 5553 λατρείας,
3316 5483 3474 5555 είπερ
3512 5485 3756 5550 ἐδέξαντο

2190 5564 2279 5619 τὸν
2312 5567 2447 5639 πρὸς
2476 5568 2672 5633 αὐτοὺς
2711 5570 2930 5627 ἐλθόντα
2968 5575 3408 5647 προηγουμένως.
3450 5578 3572 5632 Οὐκ
3614 5575 3754 5630 ἀπο-

1787 5699 1832 5730 ”
1865 5693 2008 5752 Psal.
2048 5706 2231 5759 xxxvi,
2260 5693 2313 5748 4.
2392 5692 2437 5724 ὀ
2468 5691 2657 5748 Matth.
2699 5708 2859 5758 χχιιι,
2884 5690 2974 5746 58.
