4070 6296
304 334 433 396 εδδ
1571 336 1881 394 SELECTA

2021 326 2363 398 THRENOS.
3477 331 3601 407 63s“

313 455 578 526 στάλην
611 457 724 529 γὰρ,
760 457 943 527 φησὶν,
975 458 1027 510 εὶ
1053 456 1139 526 μὴ
1172 458 1257 523 εἷς
1287 458 1357 512 τὰ
1384 458 1645 525 πρόϐατα
1674 458 1744 513 τὰ
1771 460 1900 513 ἀπο·

2024 459 2068 513 si
2107 475 2230 513 cum
2262 461 2355 531 qui
2388 461 2452 515 ad
2482 463 2627 531 ipsos
2654 462 2924 532 praecipue
2958 472 3202 525 venerat,
3232 463 3585 533 reCcpissent.

315 549 577 603 ,ιωλότα
604 549 766 602 οἴκου
808 549 1071 616 Ἰσραήλ.

2021 550 2146 605 Non
2218 554 2356 605 enim
2429 555 2621 607 missus
2672 571 2809 620 sum,
2868 553 3042 622 inquit
3088 555 3155 620 ",
3211 554 3426 607 nisi'ad
3470 572 3587 610 oves

330 652 337 657 ·
2015 656 2133 709 qua
2164 644 2430 711 perierant
2461 644 2647 696 domus
2681 641 2871 696 Israel.

2087 728 2242 785 Vers.
2294 731 2347 786 7.
2394 731 2640 786 Mundati
2689 743 2814 786 sunt
2860 730 3131 799 Nazerazi,
3185 740 3289 786 etc.
3337 730 3597 802 Symma-’

2014 820 2170 879 chus,
2199 823 2551 887 immnculati,
2579 823 2835 892 segregati
2861 822 2975 890 ejus
3000 836 3157 889 super
3180 822 3369 886 niuem,
3400 822 3593 874 condi:

2016 912 2188 966 diores
2219 913 2373 978 lacte,
2412 913 2808 968 rubicundiores
2852 913 3035 967 habitu
3085 927 3238 981 super
3273 913 3584 981 conspicuas

2014 1017 2137 1066 res;
2166 1003 2444 1072 sopphirus
2490 1004 2722 1057 ntembra
2766 1003 3018 1069 illorum,
3057 1002 3331 1056 obscurior
3367 1002 3589 1072 [uligine

2014 1094 2205 1163 species
2246 1109 2448 1148 eorum.
2482 1092 2559 1150 De
2604 1094 2670 1149 iis
2710 1095 2955 1162 loquitur
2984 1094 3078 1165 qui
3119 1108 3178 1149 se
3221 1092 3332 1148 Deo
3369 1092 3590 1149 dedica—

2015 1195 2207 1240 verunt
2259 1205 2273 1240 :
2318 1186 2684 1242 sanctiﬁcatos
2727 1187 2926 1257 quippe
2953 1200 3059 1239 vox
3098 1184 3350 1239 Nazerrei
3379 1186 3588 1256 signiti-

2012 1284 2119 1330 cat.
2154 1274 2247 1331 Sic
2289 1277 2433 1331 enim
2478 1277 2840 1347 Symmachus
2884 1285 2939 1331 et
2966 1274 3269 1331 Theodotio
3312 1277 3366 1330 in
3414 1276 3584 1332 Amos

2013 1365 2272 1434 propheta
2338 1365 2704 1434 sanctiﬁcalos
2770 1366 3162 1421 transtulerunt
3214 1367 3281 1420 ”.
3341 1365 3588 1422 Meminit

2012 1467 2203 1507 eorum
2236 1462 2288 1507 et
2315 1452 2528 1525 Moyses
2551 1454 2597 1487 "
2629 1472 2643 1509 :
2673 1452 2849 1525 qualis
2874 1457 2994 1507 erat
3014 1457 3068 1505 et
3099 1448 3333 1518 Samson
3364 1463 3591 1509 nerant-

2011 1558 2117 1612 que
2152 1543 2296 1613 apud
2343 1542 2563 1598 Judmos
2612 1543 2874 1599 celebres.
2917 1542 3079 1615 34⁵1
3123 1541 3252 1599 Ideo
3292 1545 3584 1613 puritatem

408 725 935 796 Ἐκαθαριώθησαν
966 724 1295 795 Ναζηραῖοι,
1331 747 1384 782 κ.
1416 747 1464 782 τ.
1514 731 1559 783 ὲ.
1598 729 1909 800 Σύμμαχος,

314 813 639 886 ἄκραντοι,
687 820 1086 890 ὰφωρισμένοι
1132 821 1323 890 αὐτῆς
1352 821 1503 889 ὑπὲρ
1534 823 1727 890 χιόνα,
1763 824 1913 891 λαμ-

314 908 604 976 πρότεροι
625 908 944 979 γάλακτος,
971 913 1320 980 πυρῤότεροι
1346 912 1461 980 τὴν
1495 911 1628 976 ἕξιν
1656 911 1809 980 ὑπὲρ
1840 912 1914 965 τὰ

306 999 729 1066 περίϐλεπτα·
764 1002 1095 1071 σάπφειρος
1128 1004 1200 1058 τὰ
1229 1003 1387 1073 μέλη
1435 1003 1652 1066 αὐτῶν,
1684 1018 1913 1057 σκοτει-

301 1088 577 1157 ὁρότερον
604 1092 874 1160 ἀσϐόλης
893 1092 959 1146 τὸ
996 1093 1155 1160 εἶδος
1175 1094 1392 1149 αὐτῶν.
1416 1096 1554 1158 Τοὺς
1580 1096 1912 1163 ἀγιάσαντας

297 1179 552 1246 ἑαυτούς
582 1201 716 1254 φησι
745 1183 823 1256 τῷ
844 1184 962 1255 Θεῷ
981 1203 994 1216 ’
1031 1187 1352 1258 ἡγιασμένοι
1383 1186 1489 1258 γὰρ
1512 1188 1572 1239 τὸ
1598 1187 1915 1255 Ναζηραῖοι

294 1269 483 1343 δηλοῖ.
535 1274 698 1329 Οὕτω
742 1278 849 1348 γὰρ
896 1278 1192 1350 Σύμμαχος
1240 1280 1334 1333 καὶ
1384 1278 1679 1335 Θεοδοτίων
1726 1281 1785 1333 ὲν
1834 1279 1912 1352 τῷ

302 1360 516 1433 ’Δμὼς
560 1365 971 1434 ἡγιασμένους
1009 1366 1299 1431 ἐξέδωκαν,
1329 1366 1678 1439 Ναζηραίους
1727 1371 1909 1423 εἰπόν-

293 1468 418 1517 ⁴τες.
469 1453 775 1527 Μέμνηται
803 1456 1009 1511 τούτων
1038 1457 1133 1511 καὶ
1177 1457 1417 1529 Morbo-71;
1438 1476 1454 1490 ’
1490 1460 1672 1523 ὁποῖος
1700 1455 1768 1531 ἦν
1815 1462 1909 1514 καὶ

294 1542 564 1614 Σαμψών
582 1564 596 1575 ·
627 1542 771 1617 ἦσαν
795 1546 852 1599 δὲ
875 1548 970 1600 καὶ
998 1546 1151 1619 παρὰ
1195 1548 1468 1612 Ἰουδαίοις
1489 1551 1788 1618 ἐπιφανεῖς.
1817 1551 1911 1605 Διὸ

289 1634 360 1688 τὸ
410 1636 522 1707 μὲν
553 1636 797 1708 καθαρὸν
830 1639 1009 1694 αὐτῶν
1040 1640 1360 1707 άντεξέτασε
1394 1641 1552 1711 χιόνι,
1577 1643 1637 1695 τὸ
1667 1643 1725 1695 δὲ
1767 1644 1900 1714 λαμ-

2009 1647 2201 1687 eorum
2240 1633 2348 1689 nivi
2380 1635 2733 1704 comparavit,
2769 1635 3065 1690 candorem
3110 1634 3261 1691 lacti.
3295 1635 3454 1706 lgniti
3486 1650 3591 1691 au-

293 1728 449 1799 πρὸν
479 1729 743 1798 γάλακτι.
805 1730 1195 1804 Ἐπυρώθησαν
1236 1732 1293 1785 δὲ
1324 1735 1388 1803 τῇ
1415 1733 1643 1804 ἀσκήσει
1680 1735 1900 1807 δοκιμα-

2011 1733 2116 1779 tem
2169 1724 2296 1779 facti
2339 1737 2484 1791 sunt,
2528 1726 2915 1782 exercitatione
2964 1740 3155 1781 eorum
3195 1741 3317 1796 quae
3358 1725 3586 1796 polliciti

293 1816 541 1883 σθέντες
570 1813 647 1875 ὧν
673 1798 1172 1893 ἐπηγγέλλοντοττῷ
1191 1824 1331 1895 Θεῷ.
1357 1798 1420 1879 ὀί
1452 1798 1698 1880 ἐκλεκτοὶ
1728 1827 1784 1880 δὲ
1803 1798 1900 1881 'as-

2012 1815 2122 1870 Deo
2152 1827 2300 1880 sunt,
2329 1816 2564 1886 probati.
2601 1815 2771 1871 Electi
2802 1832 2968 1886 porro
3004 1817 3268 1887 ipsorum,
3295 1818 3441 1888 quod
3484 1831 3586 1875 ex-

290 1906 437 1972 τῶν,
493 1909 527 1962 δ
585 1910 743 1982 δηλοῖ
799 1912 859 1964 τὸ
917 1912 1280 1985 ἀπόσπασμα,
1337 1914 1611 1970 πολιτείαν
1660 1917 1900 1988 οὐράνιοι

2011 1906 2150 1961 cisio
2195 1907 2487 1977 signiﬁcat,
2535 1907 2662 1962 vitae
2705 1922 2879 1978 genus
2910 1908 3119 1963 ducunt
3164 1908 3412 1977 cceleste;
3460 1909 3586 1966 talis

289 1996 542 2067 ἔχουσι’
594 2000 1001 2072 τοιοῦτον,γὰρ
1048 2003 1151 2073 τῆς
1213 2005 1519 2077 σαπφείρου
1567 2007 1629 2060 τὸ
1678 2008 1900 2079 χρῶμα·

2010 1995 2158 2049 enim
2181 2005 2266 2052 est
2287 1996 2529 2067 sapphiri
2560 1996 2735 2059 color.
2762 1996 2857 2066 qui
2879 1996 3045 2051 etiam
3075 1998 3248 2052 instar
3276 1998 3394 2053 auri
3416 1997 3585 2053 habet

285 2087 496 2158 ἔχουσι
528 2089 595 2143 δὲ
631 2092 728 2145 καὶ
753 2091 1117 2164 χρυσιζούσας
1145 2093 1367 2164 φλέϐας,
1407 2091 1496 2159 αἷς
1544 2096 1609 2167 δὴ
1645 2098 1747 2168 τὴν
1795 2098 1900 2165 ἕξιν

2012 2100 2198 2149 venas,
2240 2088 2442 2156 quibus
2483 2101 2673 2142 eorum
2701 2087 2948 2142 habitum
2978 2086 3341 2157 Symmachus
3366 2088 3584 2144 assimi—

273 2180 489 2234 αὐτῶν
540 2183 582 2235 ὁ
627 2181 920 2254 Σύμμαχος
947 2185 1257 2251 ἀπεικάζει,
1289 2186 1355 2240 τὸ
1380 2186 1707 2260 ἀδιάφθορον
1755 2188 1900 2260 ἔχου-

2019 2176 2117 2243 lat,
2146 2185 2207 2233 ut
2233 2178 2608 2248 incorruptum
2636 2186 2692 2234 et
2721 2178 2982 2249 religione
3009 2177 3333 2235 ferventem.

285 2287 401 2326 σαν
430 2273 538 2326 καὶ
579 2273 843 2348 διάπυρον
870 2276 1012 2331 κατὰ
1040 2277 1376 2333 θεοσέϐειαν.

382 2364 775 2421 Ὲσκότασεν
803 2368 957 2437 ὑπὲρ
981 2369 1257 2436 ἀσϐόλην
1286 2368 1360 2422 τὸ
1388 2368 1550 2436 εἶδος
1570 2370 1907 2443 αὑτῶν.Τῆς

291 2459 701 2530 πνευματικῆς
733 2458 988 2525 ἐξέπεσον
1012 2460 1354 2532 ὲλλάμψεως,
1388 2462 1484 2516 καὶ
1510 2461 1655 2533 λιμῷ
1681 2462 1758 2534 τῷ
1784 2480 1909 2534 νοη-

292 2544 380 2616 τῷ
412 2545 777 2618 διετάκησαν,
815 2548 892 2612 ὡς
928 2550 1164 2604 ἐοικέναι
1214 2549 1392 2617 ξύλοις
1440 2551 1647 2625 ξηροῖς,
1675 2556 1789 2617 τοῖς
1830 2554 1905 2625 μὴ

297 2639 754 2709 πεφυτευμένοις
801 2641 954 2712 παρὰ
985 2643 1106 2706 ταῖς
1131 2641 1386 2709 διεξόδοις
1424 2643 1532 2697 τῶν
1575 2644 1813 2699 ὑδάτωνο
1849 2646 1903 2699 όο

297 2732 455 2785 ποῖοι
489 2729 593 2785 νῦν
625 2732 675 2785 oi
702 2732 852 2804 παρὰ
886 2732 1032 2804 αὐτῷ
1066 2736 1248 2807 ἱερεῖς,
1280 2734 1547 2806 μηδεμίαν
1575 2734 1790 2806 ἔχοντες
1817 2736 1905 2789 εὐ-

295 2823 546 2892 τροφίαν
577 2826 971 2896 πνευματικήν.
999 2824 1108 2878 Kal
1144 2824 1287 2879 κατὰ
1315 2825 1377 2879 τὸ
1401 2824 1567 2898 ῥητὸν
1597 2825 1676 2893 δὲ,
1704 2826 1798 2880 ὑπ’
1819 2827 1905 2880 αί-

297 2911 517 2984 σχύνης
547 2915 729 2987 ἄκρας
750 2916 817 2969 τὰ
841 2917 1109 2988 πρόσωπα
1130 2917 1311 2971 αὐτῶν
1327 2917 1661 2988 ἐμελαίνετο,
1678 2919 1761 2971 ὅτι
1788 2920 1903 2983 τοῖς

294 3002 486 3068 ἄλλοις
539 3006 748 3075 ὁμοίως
795 3006 1201 3079 ἁμαρτάνοντες
1268 3008 1563 3079 ἀπήγοντο.
1596 3007 1753 3062 Ἐπεὶ
1806 3008 1901 3063 καὶ

2082 2355 2239 2414 Vers.
2270 2356 2325 2412 8.
2363 2355 2720 2412 Obtenebrata
2754 2366 2834 2411 est
2875 2368 3031 2426 super
3066 2356 3341 2428 [uliginem
3387 2360 3586 2430 species

2008 2463 2212 2502 eorum.
2244 2445 2591 2518 Spiritualem
2613 2447 2920 2504 amiserunt
2939 2448 3306 2517 splendorem,
3328 2449 3582 2521 fameque

2009 2541 2257 2596 interiori
2308 2543 2747 2608 contabuerunt,
2791 2541 2879 2595 ita'
2918 2549 2982 2596 ut
3009 2541 3219 2598 similes
3255 2543 3367 2597 sint
3420 2544 3587 2614 lignis

2011 2632 2203 2700 aridis,
2227 2646 2355 2702 qua:
2374 2648 2484 2687 non
2517 2641 2646 2687 sunt
2677 2632 2917 2701 plantala
2947 2647 3106 2689 secus
3128 2633 3393 2690 decursus
3416 2650 3583 2706 aqua-

2007 2737 2162 2787 rum;
2192 2722 2389 2792 quales
2419 2722 2493 2776 illi
2523 2737 2670 2777 num
2698 2731 2829 2778 sunt
2870 2724 3204 2791 sacerdotes,
3226 2727 3425 2795 quibus
3466 2727 3585 2797 spia

2004 2812 2184 2867 ritalis
2247 2812 2395 2867 nulla
2455 2813 2726 2883 pinguedo
2782 2823 2887 2870 est.
2937 2813 3247 2873 Secundum
3304 2819 3581 2889 propheta:

2005 2903 2193 2969 verba,
2225 2918 2339 2973 prae
2381 2918 2599 2959 summo
2631 2904 2841 2974 pudore
2874 2905 3042 2962 facies
3079 2921 3270 2963 eorum
3306 2910 3580 2978 nigresce-

2003 2990 2159 3058 bant,
2200 2992 2461 3062 quoniam
2494 3008 2653 3063 aeque
2685 3009 2751 3048 ac
2781 2993 2873 3049 alii
2916 3004 3203 3065 peccantes
3243 2998 3585 3055 adduceban-

294 3091 394 3145 νῦν
428 3094 529 3148 ἐπὶ
571 3095 678 3149 τῶν
705 3097 1208 3176 καταισχυνομένων
1240 3098 1274 3169 ἠ
1321 3097 1576 3169 συνήθεια
1598 3097 1682 3170 τῷ
1713 3098 1900 3173 ὀνόμα-

2005 3090 2117 3137 tur.
2162 3082 2300 3138 Nam
2344 3092 2404 3139 et
2429 3098 2575 3139 nunc
2607 3085 2674 3141 de
2704 3086 2772 3142 iis
2801 3086 2896 3156 qui
2926 3087 3134 3156 pudore
3165 3087 3578 3159 sull‘unduntur,

292 3194 348 3236 τι
377 3183 688 3256 κέχρηται.

365 3276 577 3330 Καλοί
599 3273 766 3346 ἦσαν
786 3280 844 3331 οἱ
870 3277 1215 3349 τραυματίαι
1227 3278 1549 3348 ῥομφαίας,
1571 3278 1611 3347 ἢ
1641 3281 1696 3333 οἱ
1720 3295 1897 3347 τραυ-

286 3365 499 3431 ματίαι
527 3366 741 3434 λιμοῦ.
783 3366 1013 3438 Πολέμῳ
1056 3367 1166 3439 γὰρ
1209 3371 1455 3441 κρεῖττον
1502 3368 1780 3439 συντόμως
1806 3386 1897 3423 τε-

290 3452 515 3526 λευτᾷν,
562 3455 596 3526 ἢ
635 3455 778 3529 λιμῷ
806 3457 1143 3530 δαμασθῆναι
1176 3459 1244 3513 δι’
1273 3460 1508 3531 ἀπορίαν
1529 3460 1638 3515 τῶν
1665 3463 1724 3514 ὲν
1743 3461 1898 3533 άγρῷ

292 3546 693 3617 γεννημάτων.
725 3546 915 3612 Είποις
940 3548 986 3602 δ’
1012 3549 1080 3604 ἃν
1109 3550 1381 3622 ῥομφαίαν
1405 3546 1542 3606 εἶναι
1572 3552 1666 3605 καὶ
1701 3552 1899 3622 μάχαι-

296 3654 397 3707 ραν
416 3640 511 3693 τὸν
558 3639 715 3708 λόγον
732 3640 826 3694 τοῦ
852 3640 986 3694 Θεοῦ
1001 3658 1015 3672 ·
1044 3641 1180 3712 φησὶ
1207 3641 1317 3712 γὰρ
1333 3644 1362 3695 ὁ
1382 3641 1626 3706 Παῦλος’
1650 3643 1761 3696 Kal
1781 3643 1899 3710 τὴν

288 3730 616 3802 μάχαιραν
652 3732 758 3787 τοῦ
788 3734 1145 3803 πνεύματος,
1174 3733 1208 3787 ὅ
1233 3735 1364 3788 ἐστι
1388 3733 1555 3804 ῥῆμα
1600 3735 1767 3801 Θεοῦ,
1803 3734 1893 3805 ὑφ’

292 3810 357 3871 οὗ
390 3837 578 3891 φησιν
601 3821 635 3890 ή
656 3820 862 3893 νύμφη,
878 3823 1207 3893 τετρωμένη
1240 3824 1476 3894 ἀγάπης
1498 3824 1615 3893 εἰμὶ
1646 3822 1780 3893 ἐγώ.
1796 3824 1896 3878 Λέ-

294 3916 382 3977 γει
428 3911 487 3966 δὲ
546 3912 640 3966 καὶ
664 3914 694 3966 ό
725 3914 886 3967 Δαυῖδ
904 3931 917 3945 ’
949 3913 1268 3982 Περίζωσαι
1298 3914 1414 3982 τὴν
1435 3914 1740 3984 ῥομφαίαν
1777 3924 1894 3968 σου

294 4001 394 4057 ἐπὶ
416 4004 546 4059 τὸν·
560 4006 758 4074 μηρόν
779 4021 917 4066 σου,
939 4004 1178 4071 δυνατὰ,
1208 4004 1282 4074 τῇ
1311 3998 1629 4073 ὡραιότητι
1645 4020 1762 4059 σου
1792 4005 1893 4058 καὶ

298 4091 380 4157 τῷ
418 4094 966 4157 κάλλειοουκΥπδ
994 4093 1249 4165 τοιαύτης
1276 4094 1584 4165 πληγέντας
1620 4095 1894 4165 ῥομφαίας

298 4182 464 4239 καλὸν
506 4185 628 4239 ὑπὸ
664 4187 792 4250 τοὺς
824 4186 992 4250 πόδας
1024 4189 1207 4240 πεσεῖν
1249 4183 1424 4257 Ἰησοῦ
1457 4184 1599 4239 κατὰ
1620 4184 1713 4238 τό·
1745 4185 1891 4239 Λαοὶ

300 4274 592 4331 ὑποκάτω
615 4292 732 4332 σου
767 4276 1117 4343 πεσοῦνται,
1139 4277 1237 4348 τὴν
1261 4275 1426 4331 αὐτοῦ
1455 4274 1894 4346 ὁμολογήσαντας

2007 3173 2114 3229 hoc
2146 3175 2368 3230 nomine
2397 3176 2737 3231 consuetudo
2765 3178 2958 3233 utitur.

2075 3264 2231 3322 Vers.
2253 3266 2311 3322 9.
2345 3266 2485 3321 Boni
2528 3267 2742 3336 fuerunt
2788 3269 2951 3322 occisi
3004 3269 3205 3339 gladio,
3234 3286 3393 3341 quam
3417 3274 3580 3328 occisi

1999 3366 2161 3426 peste.
2182 3355 2368 3413 Satius
2381 3357 2582 3429 quippe
2601 3368 2688 3415 est
2712 3360 2768 3414 in
2795 3361 2939 3416 bello
2967 3360 3205 3418 breviter
3223 3366 3385 3431 mori,
3409 3379 3576 3434 quam

2001 3445 2147 3503 fame
2171 3448 2356 3503 vexari
2388 3448 2460 3503 ob
2493 3450 2736 3518 inopiam
2777 3449 2994 3521 frugum
3029 3454 3168 3523 agri.
3198 3451 3412 3509 Poteris
3445 3457 3575 3512 item

1999 3537 2202 3605 dicere,
2231 3539 2470 3609 gladium
2516 3550 2571 3595 et
2598 3556 2785 3597 ensem
2829 3543 3054 3597 verbum
3110 3542 3205 3598 Dei
3251 3559 3376 3604 esse
3429 3567 3444 3602 :
3495 3550 3573 3605 ait
3619 3564 3623 3571 '

2000 3644 2236 3698 namque
2264 3629 2466 3689 Paulus
2497 3632 2545 3664 ”
2582 3649 2596 3686 :
2632 3630 2704 3685 Et
2737 3631 2978 3702 gladium
3020 3634 3262 3702 spiritus,
3307 3639 3448 3707 quod
3492 3649 3573 3693 est

1998 3723 2207 3772 verbum
2257 3722 2375 3785 Dei,
2423 3737 2455 3777 a
2507 3738 2618 3792 quo
2674 3738 2898 3793 sponsa,
2946 3722 3242 3791 uulnerata,
3283 3728 3460 3797 inquit
3501 3730 3569 3796 ⁸⁵,

1997 3825 2177 3864 amore
2220 3827 2312 3881 ego
2361 3828 2497 3867 sum.
2546 3812 2685 3869 Dicit
2733 3815 2898 3868 etiam
2944 3813 3112 3868 David
3160 3816 3205 3847 "
3241 3835 3255 3873 :
3289 3821 3571 3891 Accingere

1996 3899 2174 3969 gladio
2214 3910 2306 3955 tuo
2341 3918 2497 3970 super
2537 3905 2710 3973 femur
2747 3915 2918 3972 luunt,
2950 3919 3155 3977 potens,
3190 3910 3357 3977 specie
3390 3919 3481 3964 tua
3519 3921 3569 3965 et

1993 3992 2385 4059 pulchritudine
2414 4005 2536 4048 tua.
2562 3994 2842 4064 Ejusmodi
2873 4013 3162 4066 percussos
3175 4001 3351 4069 gladio
3366 4003 3568 4059 bonum

1993 4093 2077 4139 est
2120 4085 2224 4139 sub
2268 4085 2502 4155 pedibus
2528 4085 2655 4142 Jesu
2689 4087 2882 4147 cadere
2906 4089 3059 4159 juxta
3091 4092 3224 4147 illud
3254 4098 3297 4133 σν
3334 4114 3347 4150 :
3376 4095 3570 4166 Populi

1992 4176 2088 4231 sub
2143 4186 2193 4232 te
2245 4178 2456 4243 cadent,
2506 4178 2626 4248 ejus
2678 4178 2912 4237 fatentes
2964 4198 3213 4253 regnum,
3251 4196 3304 4241 et
3367 4186 3564 4243 famem

1993 4268 2188 4322 animae
2217 4282 2328 4322 non
2355 4270 2488 4337 pati.
2525 4267 2709 4324 Terra:
2734 4271 2934 4341 quippe
2958 4272 3170 4329 l‘ruclus
3199 4286 3284 4331 est
3313 4276 3565 4335 Christus

304 4365 612 4435 βασιλείαν,
646 4370 761 4424 ἀλλ’
791 4370 890 4441 ούχ
936 4369 1139 4423 άλῶναι
1188 4366 1331 4439 λιμῷ
1367 4365 1600 4437 ψυχικῷ.
1640 4366 1891 4438 Γέννημα

2002 4361 2052 4415 in
2092 4359 2403 4416 Bethlehem
2451 4371 2633 4428 natus,
2671 4378 2794 4432 quae
2822 4365 3036 4419 domum
3069 4370 3224 4436 panis
3272 4370 3562 4440 signiﬁcat,

303 4457 410 4529 γὰρ
440 4460 634 4532 χώρας
660 4462 690 4513 ό
715 4460 966 4533 Χριστος,
995 4462 1025 4514 ό
1055 4461 1114 4513 ἐν
1139 4460 1386 4532 Βηθλεὲμ
1415 4460 1716 4533 γεννηθεὶς,
1750 4459 1895 4532 ἤπερ

2002 4466 2110 4522 quo
2157 4466 2266 4507 non
2307 4452 2596 4523 degustato
2638 4452 2810 4510 Judaei
2841 4457 2897 4512 in
2944 4459 3254 4516 daemonum
3289 4462 3562 4532 regionem

304 4542 449 4614 οἶκος
495 4552 674 4623 ἄρτου
727 4550 1072 4623 σημαίνεται,
1102 4542 1281 4623 οὗπερ
1307 4552 1562 4621 ἄγευστοι
1609 4551 1892 4620 γεγονότες

317 4638 569 4696 Ἰουδαῖοι
606 4643 688 4706 είς
714 4641 977 4714 δαιμόνων
1016 4642 1337 4714 ἀπήχθησαν
1379 4642 1580 4715 χώραν.
1602 4643 1793 4714 Ἀγρὸς
1832 4642 1891 4695 δὲ

309 4731 675 4807 εὐλογημένος
717 4733 823 4787 ὑπὸ
866 4734 1095 4804 Κυρίου,
1143 4735 1239 4788 καὶ
1281 4734 1402 4788 λίαν
1439 4733 1664 4804 εὐώδης,
1718 4729 1889 4806 οὗπερ

311 4818 497 4876 ἔπνεεν
541 4823 754 4888 Ἰακὼϐ,
786 4821 936 4894 δηλοῖ
960 4823 1196 4895 Χριστοῦ
1224 4824 1322 4895 τὴν
1362 4824 1707 4894 Ἐκκλησίαν.

381 4915 587 4985 Xe‘ipsc
637 4914 936 4986 γυναικῶν
961 4917 1347 4984 οίκτιρμόνων
1370 4916 1626 4984 ini-near
1648 4916 1723 4970 τὰ
1761 4931 1891 4971 παι·

314 4999 412 5056 δία
433 5004 651 5061 αὐτῶν.
675 5006 792 5061 Ἵνα
820 5005 894 5077 μὴ
919 5004 1141 5071 δόξωσιν
1166 5006 1220 5059 αί
1247 5008 1504 5074 γυναῖκες
1534 5007 1602 5059 δι’
1628 5005 1886 5077 ὠμότητα

320 5090 649 5167 βεϐρωκέναι
680 5097 748 5151 τὰ
779 5097 968 5156 τέκνα,
1006 5095 1353 5168 οίκτίρμονας
1383 5096 1481 5166 μὲν
1506 5092 1646 5150 εἶναι
1683 5113 1848 5168 φησιν
1867 5115 1880 5130 ο

319 5185 384 5255 τῇ
413 5187 467 5240 δὲ
494 5192 594 5258 τῆς
620 5189 828 5252 ἐνδείας
853 5188 1064 5259 ἀνάγκῃ
1095 5187 1393 5258 προσάπτει
1419 5186 1479 5239 τδ
1507 5186 1696 5252 πάθος.
1728 5186 1802 5240 Τὸ
1824 5186 1882 5239 δι

1993 4544 2209 4600 abducti
2235 4552 2382 4600 sunt.
2408 4544 2550 4615 Ager
2571 4560 2699 4602 vero
2726 4547 3038 4606 benedictus
3062 4551 3310 4620 Domino,
3332 4564 3385 4609 et
3408 4555 3560 4612 multi

1992 4637 2180 4692 odoris
2204 4638 2396 4707 plenus
2421 4638 2491 4704 ⁸⁸,
2522 4654 2683 4710 quem
2717 4643 2960 4711 spirabat
2987 4643 3178 4709 Jacob,
3212 4646 3413 4703 Christi
3456 4647 3561 4705 Ec~

1991 4729 2213 4785 clesiam
2248 4740 2422 4787 notat.

2068 4909 2336 4967 Vers.10.
2374 4912 2566 4968 Manus
2612 4914 2894 4968 mulierum
2936 4917 3356 4975 misericordium
3396 4939 3554 4979 coxe-

1991 5013 2115 5058 runt
2144 5002 2285 5073 ﬁlios
2317 5020 2460 5060 suos.
2493 5003 2572 5059 Ne
2598 5005 2911 5061 viderentur
2939 5008 3196 5066 mulieres
3223 5025 3334 5081 pra:
3357 5012 3555 5068 imma-

1990 5094 2160 5149 nitate
2192 5094 2335 5150 ﬁlios
2369 5094 2681 5163 devorasse,
2721 5096 3102 5155 misericordes
3128 5114 3223 5156 eas
3250 5111 3429 5165 vocat,
3458 5103 3554 5158 sed

1987 5187 2298 5242 necessitati
2330 5187 2519 5243 tribuit
2544 5203 2658 5242 rem
2684 5188 2819 5242 adeo
2839 5203 3079 5258 gravem.
3111 5189 3377 5245 Coxarum
3401 5208 3550 5259 vero,

320 5273 573 5347 ᾖψησαν
593 5281 794 5351 ἀνάψαι
831 5282 926 5335 καὶ
956 5279 1191 5350 ὀπτῆσαι
1213 5278 1382 5350 δηλοῖ,
1402 5279 1432 5331 ὃ
1447 5279 1511 5350 δὴ
1537 5281 1758 5349 γέγονεν
1780 5277 1887 5334 ύπδ

2002 5288 2192 5330 οιτθιδο
2231 5284 2286 5331 et
2331 5289 2523 5331 assare
2565 5275 2882 5346 signiﬁcat:
2922 5280 3068 5348 quod
3107 5278 3367 5337 Romanis
3403 5282 3552 5339 obsi-

319 5363 415 5437 τῆς
456 5373 744 5446 Ῥωμαίων
775 5371 1118 5444 πολιορκίαςσ
1153 5370 1235 5423 διὸ
1263 5370 1355 5423 καὶ
1388 5369 1697 5442 σύντριμμα
1733 5373 1888 5428 καλει¹

2002 5367 2239 5423 lentibus
2271 5368 2520 5438 contigit.
2552 5366 2735 5434 Quare
2782 5377 2838 5424 et
2882 5371 3269 5426 contritionem
3316 5371 3554 5445 appellat

317 5458 414 5532 τὴν
441 5467 677 5539 παντελῆ
700 5465 793 5521 τοῦ
817 5465 1001 5530 ἔθνους
1028 5464 1320 5519 ἀπώλειαν.
1354 5463 1463 5516 Καὶ
1492 5464 1551 5516 ὲν
1571 5465 1638 5533 τῇ
1658 5462 1884 5537 δευτέρᾳ

2002 5458 2282 5517 ιοτῐοοιιιηι
2309 5460 2486 5531 gentis
2510 5460 3001 5527 exterminium.Et
3027 5463 3080 5517 in
3115 5465 3355 5520 secunda
3379 5465 3549 5522 Thre-

320 5544 373 5599 δὲ
403 5551 510 5607 τῶν
540 5555 761 5627 Θρήνων
792 5551 1120 5624 στοιχειώσει
1164 5550 1258 5606 τοῦ
1300 5551 1566 5625 παρόντος
1614 5551 1883 5623 μέμνηται

2002 5568 2181 5610 torum
2222 5552 2365 5609 serie
2411 5551 2576 5621 hujus
2606 5548 2843 5617 miseriae
2884 5554 3215 5610 mentionem
3257 5555 3406 5614 fecit.
3437 5556 3553 5614 lioc

331 5684 342 5740 μ
384 5663 645 5740 “ﬂatur.
674 5686 765 5732 xv,
795 5669 919 5740 24._
959 5670 1003 5701 θ’
1027 5669 1194 5723 Amos
1242 5668 1425 5740 n._ll.
1508 5666 1556 5699 ”
1578 5665 1741 5722 Num.
1768 5683 1842 5732 vt,
1867 5668 1955 5727 l8.
2034 5672 2082 5708 "
2105 5671 2303 5737 Enhes.
2335 5687 2410 5740 vt,
2438 5671 2528 5727 l7.
2604 5671 2651 5704 "
2680 5669 2840 5727 Cant.
2873 5687 2934 5736 ιι,
2976 5672 3030 5727 5.

318 5729 369 5784 ιο
440 5736 488 5771 ’⁷
522 5739 653 5794 ibid.
680 5729 759 5791 6f
806 5737 852 5771 "
882 5738 1016 5793 Gen.
1045 5753 1215 5806 xxv",
1247 5737 1336 5793 27.

1722 5869 1883 5888 ς-ηνςολ
1908 5874 1922 5880 ο
1949 5877 1959 5885 .

3150 5672 3197 5704 ⁸⁸
3221 5670 3365 5733 Psal.
3402 5690 3552 5742 χειν,

2008 5870 2141 5889 λ.οι““,ν
2199 5879 2207 5885 ,
2222 5875 2267 5881 ος.
