  <div class='ocr_page' id='page_1' title='image "/cluster/home/n/w/nwhite01/storage/ocr_20150623/13/mdp.39015007036059/329.png"; bbox 0 0 4070 6296; ppageno 0'>
   <div class='ocr_carea' id='block_1_1' title="bbox 518 289 627 344">
    <p class='ocr_par' dir='ltr' id='par_1_1' title="bbox 518 289 627 344">
     <span class='ocr_line' id='line_1_1' title="bbox 518 289 627 344; baseline 0 0"><span class='ocrx_word' id='word_1_1' title='bbox 518 289 627 344; x_wconf 71' lang='lat'><strong>655</strong></span> 
     </span>
    </p>
   </div>
   <div class='ocr_carea' id='block_1_2' title="bbox 1933 294 2367 354">
    <p class='ocr_par' dir='ltr' id='par_1_2' title="bbox 1933 294 2367 354">
     <span class='ocr_line' id='line_1_2' title="bbox 1933 294 2367 354; baseline 0.014 -5"><span class='ocrx_word' id='word_1_2' title='bbox 1933 294 2025 350; x_wconf 80' lang='lat' dir='ltr'><strong>EX</strong></span> <span class='ocrx_word' id='word_1_3' title='bbox 2064 294 2367 354; x_wconf 79' lang='lat' dir='ltr'><strong>ORIGENE</strong></span> 
     </span>
    </p>
   </div>
   <div class='ocr_carea' id='block_1_3' title="bbox 3674 314 3800 373">
    <p class='ocr_par' dir='ltr' id='par_1_3' title="bbox 3674 314 3800 373">
     <span class='ocr_line' id='line_1_3' title="bbox 3674 314 3800 373; baseline 0 0"><span class='ocrx_word' id='word_1_4' title='bbox 3674 314 3800 373; x_wconf 67' lang='grc' dir='ltr'>οδε</span> 
     </span>
    </p>
   </div>
   <div class='ocr_carea' id='block_1_4' title="bbox 519 384 2084 505">
    <p class='ocr_par' dir='ltr' id='par_1_4' title="bbox 519 390 2084 484">
     <span class='ocr_line' id='line_1_4' title="bbox 519 390 2084 484; baseline 0.004 -22"><span class='ocrx_word' id='word_1_5' title='bbox 519 419 657 462; x_wconf 75' lang='lat' dir='ltr'><strong>vero</strong></span> <span class='ocrx_word' id='word_1_6' title='bbox 691 417 744 462; x_wconf 87' lang='lat' dir='ltr'><strong>et</strong></span> <span class='ocrx_word' id='word_1_7' title='bbox 777 413 968 461; x_wconf 70' lang='lat' dir='ltr'><strong>castera</strong></span> <span class='ocrx_word' id='word_1_8' title='bbox 1012 406 1116 461; x_wconf 88' lang='lat' dir='ltr'><strong>alia</strong></span> <span class='ocrx_word' id='word_1_9' title='bbox 1158 407 1300 462; x_wconf 84' lang='lat' dir='ltr'><strong>mala</strong></span> <span class='ocrx_word' id='word_1_10' title='bbox 1344 390 1630 481; x_wconf 63' lang='lat' dir='ltr'><strong>diligenter</strong></span> <span class='ocrx_word' id='word_1_11' title='bbox 1664 410 1935 483; x_wconf 83' lang='lat' dir='ltr'><strong>Josephus</strong></span> <span class='ocrx_word' id='word_1_12' title='bbox 1968 431 2084 484; x_wconf 86' lang='lat' dir='ltr'><strong>pro-</strong></span> 
     </span>
    </p>
   </div>
   <div class='ocr_carea' id='block_1_5' title="bbox 2190 384 3796 505">
    <p class='ocr_par' dir='ltr' id='par_1_5' title="bbox 2199 384 3796 505">
     <span class='ocr_line' id='line_1_5' title="bbox 2199 384 3796 505; baseline 0.01 -35"><span class='ocrx_word' id='word_1_13' title='bbox 2199 384 2403 483; x_wconf 79' lang='grc' dir='ltr'>πάθους</span> <span class='ocrx_word' id='word_1_14' title='bbox 2422 435 2435 450; x_wconf 74' lang='grc' dir='ltr'><strong>ο</strong></span> <span class='ocrx_word' id='word_1_15' title='bbox 2474 420 2567 474; x_wconf 79' lang='grc' dir='ltr'>καὶ</span> <span class='ocrx_word' id='word_1_16' title='bbox 2616 420 2772 476; x_wconf 86' lang='grc' dir='ltr'>τοῦτο</span> <span class='ocrx_word' id='word_1_17' title='bbox 2819 422 2877 477; x_wconf 84' lang='grc' dir='ltr'><strong>δὲ</strong></span> <span class='ocrx_word' id='word_1_18' title='bbox 2928 427 3021 478; x_wconf 79' lang='grc' dir='ltr'><strong>καὶ</strong></span> <span class='ocrx_word' id='word_1_19' title='bbox 3070 425 3237 481; x_wconf 81' lang='grc' dir='ltr'>τᾶλλα</span> <span class='ocrx_word' id='word_1_20' title='bbox 3269 427 3416 501; x_wconf 82' lang='grc' dir='ltr'>πάθη</span> <span class='ocrx_word' id='word_1_21' title='bbox 3466 430 3583 501; x_wconf 83' lang='grc' dir='ltr'>μετ’</span> <span class='ocrx_word' id='word_1_22' title='bbox 3622 431 3796 505; x_wconf 73' lang='grc' dir='ltr'>ἀκριο</span> 
     </span>
    </p>
   </div>
   <div class='ocr_carea' id='block_1_6' title="bbox 522 497 1674 570">
    <p class='ocr_par' dir='ltr' id='par_1_6' title="bbox 522 497 1674 570">
     <span class='ocr_line' id='line_1_6' title="bbox 522 497 1674 570; baseline -0.002 -14"><span class='ocrx_word' id='word_1_23' title='bbox 522 507 748 555; x_wconf 77' lang='lat' dir='ltr'><strong>secutus</strong></span> <span class='ocrx_word' id='word_1_24' title='bbox 779 508 863 553; x_wconf 87' lang='lat' dir='ltr'><strong>est</strong></span> <span class='ocrx_word' id='word_1_25' title='bbox 896 498 949 551; x_wconf 90' lang='lat' dir='ltr'><strong>in</strong></span> <span class='ocrx_word' id='word_1_26' title='bbox 982 497 1137 553; x_wconf 84' lang='lat' dir='ltr'><strong>libris</strong></span> <span class='ocrx_word' id='word_1_27' title='bbox 1171 497 1245 553; x_wconf 87' lang='lat' dir='ltr'><strong>De</strong></span> <span class='ocrx_word' id='word_1_28' title='bbox 1272 502 1581 570; x_wconf 71' lang='lat' dir='ltr'><strong>captivitate</strong></span> <span class='ocrx_word' id='word_1_29' title='bbox 1606 505 1674 558; x_wconf 78' lang='lat'><strong>&quot;.</strong></span> 
     </span>
    </p>
   </div>
   <div class='ocr_carea' id='block_1_7' title="bbox 604 585 2096 663">
    <p class='ocr_par' dir='ltr' id='par_1_7' title="bbox 604 585 2096 663">
     <span class='ocr_line' id='line_1_7' title="bbox 604 585 2096 663; baseline 0.007 -22"><span class='ocrx_word' id='word_1_30' title='bbox 604 587 755 643; x_wconf 82' lang='lat' dir='ltr'><strong>Vers.</strong></span> <span class='ocrx_word' id='word_1_31' title='bbox 779 588 865 642; x_wconf 88' lang='grc'><strong>11.</strong></span> <span class='ocrx_word' id='word_1_32' title='bbox 897 585 1185 656; x_wconf 82' lang='lat' dir='ltr'><strong>Complevit</strong></span> <span class='ocrx_word' id='word_1_33' title='bbox 1215 588 1473 646; x_wconf 77' lang='lat' dir='ltr'><strong>Dominus</strong></span> <span class='ocrx_word' id='word_1_34' title='bbox 1492 593 1724 663; x_wconf 79' lang='lat' dir='ltr'><strong>furorem</strong></span> <span class='ocrx_word' id='word_1_35' title='bbox 1739 610 1911 651; x_wconf 84' lang='lat' dir='ltr'><strong>suum.</strong></span> <span class='ocrx_word' id='word_1_36' title='bbox 1942 595 2096 652; x_wconf 81' lang='lat' dir='ltr'><strong>Post-</strong></span> 
     </span>
    </p>
   </div>
   <div class='ocr_carea' id='block_1_8' title="bbox 521 678 2099 755">
    <p class='ocr_par' dir='ltr' id='par_1_8' title="bbox 521 678 2099 755">
     <span class='ocr_line' id='line_1_8' title="bbox 521 678 2099 755; baseline 0.005 -21"><span class='ocrx_word' id='word_1_37' title='bbox 521 697 687 751; x_wconf 85' lang='lat' dir='ltr'><strong>quam</strong></span> <span class='ocrx_word' id='word_1_38' title='bbox 738 679 881 733; x_wconf 90' lang='lat' dir='ltr'><strong>enim</strong></span> <span class='ocrx_word' id='word_1_39' title='bbox 934 678 988 732; x_wconf 93' lang='lat' dir='ltr'><strong>in</strong></span> <span class='ocrx_word' id='word_1_40' title='bbox 1043 679 1323 738; x_wconf 85' lang='lat' dir='ltr'><strong>Christum</strong></span> <span class='ocrx_word' id='word_1_41' title='bbox 1370 685 1692 741; x_wconf 87' lang='lat' dir='ltr'><strong>debacchati</strong></span> <span class='ocrx_word' id='word_1_42' title='bbox 1733 696 1881 755; x_wconf 89' lang='lat' dir='ltr'><strong>sunt,</strong></span> <span class='ocrx_word' id='word_1_43' title='bbox 1920 697 2099 743; x_wconf 77' lang='lat' dir='ltr'><strong>exter-</strong></span> 
     </span>
    </p>
   </div>
   <div class='ocr_carea' id='block_1_9' title="bbox 522 771 894 829">
    <p class='ocr_par' dir='ltr' id='par_1_9' title="bbox 522 771 894 829">
     <span class='ocr_line' id='line_1_9' title="bbox 522 771 894 829; baseline -0.008 0"><span class='ocrx_word' id='word_1_44' title='bbox 522 771 715 829; x_wconf 87' lang='lat' dir='ltr'><strong>minati</strong></span> <span class='ocrx_word' id='word_1_45' title='bbox 744 779 894 826; x_wconf 83' lang='lat' dir='ltr'><strong>sunt.</strong></span> 
     </span>
    </p>
   </div>
   <div class='ocr_carea' id='block_1_10' title="bbox 592 862 2098 937">
    <p class='ocr_par' dir='ltr' id='par_1_10' title="bbox 592 862 2098 937">
     <span class='ocr_line' id='line_1_10' title="bbox 592 862 2098 937; baseline 0.003 -18"><span class='ocrx_word' id='word_1_46' title='bbox 592 862 747 921; x_wconf 64' lang='grc' dir='ltr'>νοτε.</span> <span class='ocrx_word' id='word_1_47' title='bbox 789 865 874 919; x_wconf 80' lang='grc'><strong>12.</strong></span> <span class='ocrx_word' id='word_1_48' title='bbox 911 863 1033 918; x_wconf 83' lang='grc' dir='ltr'><strong>Νοη</strong></span> <span class='ocrx_word' id='word_1_49' title='bbox 1070 864 1408 919; x_wconf 80' lang='lat' dir='ltr'><strong>crediderunt</strong></span> <span class='ocrx_word' id='word_1_50' title='bbox 1439 883 1580 937; x_wconf 86' lang='lat' dir='ltr'><strong>reges</strong></span> <span class='ocrx_word' id='word_1_51' title='bbox 1629 877 1804 922; x_wconf 75' lang='lat' dir='ltr'><strong>terrm.</strong></span> <span class='ocrx_word' id='word_1_52' title='bbox 1842 867 2098 923; x_wconf 82' lang='lat' dir='ltr'><strong>Fortasse</strong></span> 
     </span>
    </p>
   </div>
   <div class='ocr_carea' id='block_1_11' title="bbox 516 956 2098 1032">
    <p class='ocr_par' dir='ltr' id='par_1_11' title="bbox 516 956 2098 1032">
     <span class='ocr_line' id='line_1_11' title="bbox 516 956 2098 1032; baseline -0.001 -19"><span class='ocrx_word' id='word_1_53' title='bbox 516 956 680 1013; x_wconf 78' lang='lat' dir='ltr'><strong>etiam</strong></span> <span class='ocrx_word' id='word_1_54' title='bbox 704 966 930 1026; x_wconf 75' lang='lat' dir='ltr'><strong>propter</strong></span> <span class='ocrx_word' id='word_1_55' title='bbox 962 956 1211 1011; x_wconf 91' lang='lat' dir='ltr'><strong>locorum</strong></span> <span class='ocrx_word' id='word_1_56' title='bbox 1237 958 1626 1024; x_wconf 76' lang='lat' dir='ltr'><strong>munitionem,</strong></span> <span class='ocrx_word' id='word_1_57' title='bbox 1660 968 1714 1013; x_wconf 87' lang='lat' dir='ltr'><strong>et</strong></span> <span class='ocrx_word' id='word_1_58' title='bbox 1758 960 1899 1014; x_wconf 89' lang='lat' dir='ltr'><strong>muri</strong></span> <span class='ocrx_word' id='word_1_59' title='bbox 1931 959 2098 1032; x_wconf 61' lang='lat'><strong>348</strong></span> 
     </span>
    </p>
   </div>
   <div class='ocr_carea' id='block_1_12' title="bbox 516 1045 2096 1120">
    <p class='ocr_par' dir='ltr' id='par_1_12' title="bbox 516 1045 2096 1120">
     <span class='ocr_line' id='line_1_12' title="bbox 516 1045 2096 1120; baseline 0.003 -20"><span class='ocrx_word' id='word_1_60' title='bbox 516 1055 680 1115; x_wconf 83' lang='lat' dir='ltr'><strong>atque</strong></span> <span class='ocrx_word' id='word_1_61' title='bbox 708 1046 1078 1101; x_wconf 85' lang='lat' dir='ltr'><strong>habitatorum</strong></span> <span class='ocrx_word' id='word_1_62' title='bbox 1107 1045 1585 1112; x_wconf 87' lang='lat' dir='ltr'><strong>fortitudinem,&#39;et</strong></span> <span class='ocrx_word' id='word_1_63' title='bbox 1613 1050 1850 1104; x_wconf 78' lang='lat' dir='ltr'><strong>maxime</strong></span> <span class='ocrx_word' id='word_1_64' title='bbox 1878 1059 2096 1120; x_wconf 72' lang='lat' dir='ltr'><strong>propter</strong></span> 
     </span>
    </p>
   </div>
   <div class='ocr_carea' id='block_1_13' title="bbox 514 1136 2092 1210">
    <p class='ocr_par' dir='ltr' id='par_1_13' title="bbox 514 1136 2092 1210">
     <span class='ocr_line' id='line_1_13' title="bbox 514 1136 2092 1210; baseline 0.004 -20"><span class='ocrx_word' id='word_1_65' title='bbox 514 1136 689 1192; x_wconf 86' lang='lat' dir='ltr'><strong>Deum</strong></span> <span class='ocrx_word' id='word_1_66' title='bbox 743 1137 835 1207; x_wconf 88' lang='lat' dir='ltr'><strong>qui</strong></span> <span class='ocrx_word' id='word_1_67' title='bbox 881 1152 1100 1207; x_wconf 78' lang='lat' dir='ltr'><strong>semper</strong></span> <span class='ocrx_word' id='word_1_68' title='bbox 1150 1138 1340 1193; x_wconf 81' lang='lat' dir='ltr'><strong>urbem</strong></span> <span class='ocrx_word' id='word_1_69' title='bbox 1391 1138 1744 1207; x_wconf 83' lang='lat' dir='ltr'><strong>defenderat;</strong></span> <span class='ocrx_word' id='word_1_70' title='bbox 1775 1157 2092 1210; x_wconf 83' lang='lat' dir='ltr'><strong>quanquam</strong></span> 
     </span>
    </p>
   </div>
   <div class='ocr_carea' id='block_1_14' title="bbox 514 1227 2094 1304">
    <p class='ocr_par' dir='ltr' id='par_1_14' title="bbox 514 1227 2094 1304">
     <span class='ocr_line' id='line_1_14' title="bbox 514 1227 2094 1304; baseline 0.003 -20"><span class='ocrx_word' id='word_1_71' title='bbox 514 1240 643 1285; x_wconf 89' lang='lat' dir='ltr'><strong>ante</strong></span> <span class='ocrx_word' id='word_1_72' title='bbox 685 1227 1193 1285; x_wconf 79' lang='lat' dir='ltr'><strong>Nabuchodonosor</strong></span> <span class='ocrx_word' id='word_1_73' title='bbox 1239 1231 1279 1295; x_wconf 87' lang='grc'><strong>¹,</strong></span> <span class='ocrx_word' id='word_1_74' title='bbox 1329 1230 1618 1302; x_wconf 65' lang='grc' dir='ltr'>Αῑςγβιίυε</span> <span class='ocrx_word' id='word_1_75' title='bbox 1662 1232 1943 1304; x_wconf 84' lang='lat' dir='ltr'><strong>ingressus</strong></span> <span class='ocrx_word' id='word_1_76' title='bbox 1984 1232 2094 1288; x_wconf 84' lang='lat' dir='ltr'><strong>frc-</strong></span> 
     </span>
    </p>
   </div>
   <div class='ocr_carea' id='block_1_15' title="bbox 512 1320 2092 1392">
    <p class='ocr_par' dir='ltr' id='par_1_15' title="bbox 512 1320 2092 1392">
     <span class='ocr_line' id='line_1_15' title="bbox 512 1320 2092 1392; baseline 0.001 -15"><span class='ocrx_word' id='word_1_77' title='bbox 512 1330 747 1392; x_wconf 86' lang='lat' dir='ltr'><strong>quenter</strong></span> <span class='ocrx_word' id='word_1_78' title='bbox 780 1325 1069 1377; x_wconf 85' lang='lat' dir='ltr'><strong>thesauros</strong></span> <span class='ocrx_word' id='word_1_79' title='bbox 1096 1336 1126 1375; x_wconf 89' lang='lat' dir='ltr'><strong>a</strong></span> <span class='ocrx_word' id='word_1_80' title='bbox 1153 1320 1318 1376; x_wconf 87' lang='lat' dir='ltr'><strong>domo</strong></span> <span class='ocrx_word' id='word_1_81' title='bbox 1351 1320 1563 1377; x_wconf 89' lang='lat' dir='ltr'><strong>Domini</strong></span> <span class='ocrx_word' id='word_1_82' title='bbox 1600 1324 1743 1389; x_wconf 86' lang='lat' dir='ltr'><strong>tulit,</strong></span> <span class='ocrx_word' id='word_1_83' title='bbox 1782 1325 1874 1379; x_wconf 88' lang='lat' dir='ltr'><strong>sed</strong></span> <span class='ocrx_word' id='word_1_84' title='bbox 1903 1324 2092 1380; x_wconf 80' lang='lat' dir='ltr'><strong>urbem</strong></span> 
     </span>
    </p>
   </div>
   <div class='ocr_carea' id='block_1_16' title="bbox 514 1412 2093 1484">
    <p class='ocr_par' dir='ltr' id='par_1_16' title="bbox 514 1412 2093 1484">
     <span class='ocr_line' id='line_1_16' title="bbox 514 1412 2093 1484; baseline 0.003 -17"><span class='ocrx_word' id='word_1_85' title='bbox 514 1428 623 1468; x_wconf 88' lang='lat' dir='ltr'><strong>non</strong></span> <span class='ocrx_word' id='word_1_86' title='bbox 648 1412 904 1484; x_wconf 84' lang='lat' dir='ltr'><strong>diripuit;</strong></span> <span class='ocrx_word' id='word_1_87' title='bbox 941 1428 1049 1468; x_wconf 92' lang='lat' dir='ltr'><strong>non</strong></span> <span class='ocrx_word' id='word_1_88' title='bbox 1079 1413 1225 1468; x_wconf 84' lang='lat' dir='ltr'><strong>enim</strong></span> <span class='ocrx_word' id='word_1_89' title='bbox 1270 1414 1425 1468; x_wconf 82' lang='lat' dir='ltr'><strong>valde</strong></span> <span class='ocrx_word' id='word_1_90' title='bbox 1463 1413 1751 1484; x_wconf 79' lang='lat' dir='ltr'><strong>alliigebat,</strong></span> <span class='ocrx_word' id='word_1_91' title='bbox 1780 1415 1879 1470; x_wconf 85' lang='lat' dir='ltr'><strong>etsi</strong></span> <span class='ocrx_word' id='word_1_92' title='bbox 1918 1415 2093 1471; x_wconf 77' lang='lat' dir='ltr'><strong>hostis</strong></span> 
     </span>
    </p>
   </div>
   <div class='ocr_carea' id='block_1_17' title="bbox 513 1507 2093 1576">
    <p class='ocr_par' dir='ltr' id='par_1_17' title="bbox 513 1507 2093 1576">
     <span class='ocr_line' id='line_1_17' title="bbox 513 1507 2093 1576; baseline 0.002 -16"><span class='ocrx_word' id='word_1_93' title='bbox 513 1514 633 1560; x_wconf 87' lang='lat' dir='ltr'><strong>erat</strong></span> <span class='ocrx_word' id='word_1_94' title='bbox 663 1508 719 1573; x_wconf 82' lang='grc'><strong>²;</strong></span> <span class='ocrx_word' id='word_1_95' title='bbox 756 1515 817 1560; x_wconf 81' lang='grc' dir='ltr'><strong>ιιι</strong></span> <span class='ocrx_word' id='word_1_96' title='bbox 844 1521 912 1561; x_wconf 88' lang='lat' dir='ltr'><strong>ne</strong></span> <span class='ocrx_word' id='word_1_97' title='bbox 945 1507 1124 1561; x_wconf 87' lang='lat' dir='ltr'><strong>dicam</strong></span> <span class='ocrx_word' id='word_1_98' title='bbox 1150 1508 1275 1561; x_wconf 85' lang='lat' dir='ltr'><strong>novi</strong></span> <span class='ocrx_word' id='word_1_99' title='bbox 1302 1507 1438 1561; x_wconf 89' lang='lat' dir='ltr'><strong>nihil</strong></span> <span class='ocrx_word' id='word_1_100' title='bbox 1467 1522 1609 1572; x_wconf 88' lang='lat' dir='ltr'><strong>esse,</strong></span> <span class='ocrx_word' id='word_1_101' title='bbox 1642 1508 1787 1576; x_wconf 85' lang='lat' dir='ltr'><strong>quod</strong></span> <span class='ocrx_word' id='word_1_102' title='bbox 1820 1508 1903 1562; x_wconf 89' lang='lat' dir='ltr'><strong>bis</strong></span> <span class='ocrx_word' id='word_1_103' title='bbox 1925 1524 1991 1563; x_wconf 88' lang='lat' dir='ltr'><strong>ac</strong></span> <span class='ocrx_word' id='word_1_104' title='bbox 2013 1519 2093 1563; x_wconf 91' lang='lat' dir='ltr'><strong>ter</strong></span> 
     </span>
    </p>
   </div>
   <div class='ocr_carea' id='block_1_18' title="bbox 515 1597 2091 1670">
    <p class='ocr_par' dir='ltr' id='par_1_18' title="bbox 515 1597 2091 1670">
     <span class='ocr_line' id='line_1_18' title="bbox 515 1597 2091 1670; baseline 0.001 -17"><span class='ocrx_word' id='word_1_105' title='bbox 515 1597 840 1653; x_wconf 85' lang='lat' dir='ltr'><strong>miraculum</strong></span> <span class='ocrx_word' id='word_1_106' title='bbox 891 1604 996 1653; x_wconf 90' lang='lat' dir='ltr'><strong>hoc</strong></span> <span class='ocrx_word' id='word_1_107' title='bbox 1045 1600 1308 1655; x_wconf 86' lang='lat' dir='ltr'><strong>evenerit.</strong></span> <span class='ocrx_word' id='word_1_108' title='bbox 1353 1598 1562 1658; x_wconf 79' lang='lat' dir='ltr'><strong>Poteris</strong></span> <span class='ocrx_word' id='word_1_109' title='bbox 1604 1599 1769 1652; x_wconf 80' lang='lat' dir='ltr'><strong>etiam</strong></span> <span class='ocrx_word' id='word_1_110' title='bbox 1815 1615 1909 1668; x_wconf 89' lang='lat' dir='ltr'><strong>per</strong></span> <span class='ocrx_word' id='word_1_111' title='bbox 1939 1615 2091 1670; x_wconf 79' lang='lat' dir='ltr'><strong>reges</strong></span> 
     </span>
    </p>
   </div>
   <div class='ocr_carea' id='block_1_19' title="bbox 2202 508 3722 591">
    <p class='ocr_par' dir='ltr' id='par_1_19' title="bbox 2202 508 3722 591">
     <span class='ocr_line' id='line_1_19' title="bbox 2202 508 3722 591; baseline 0.01 -31"><span class='ocrx_word' id='word_1_112' title='bbox 2202 508 2353 573; x_wconf 80' lang='grc' dir='ltr'>ϐείας</span> <span class='ocrx_word' id='word_1_113' title='bbox 2388 509 2690 582; x_wconf 71' lang='grc' dir='ltr'>Ἰὡσηππος</span> <span class='ocrx_word' id='word_1_114' title='bbox 2712 515 2771 566; x_wconf 85' lang='grc' dir='ltr'>ὲν</span> <span class='ocrx_word' id='word_1_115' title='bbox 2802 517 2914 578; x_wconf 83' lang='grc' dir='ltr'>τοῖς</span> <span class='ocrx_word' id='word_1_116' title='bbox 2945 517 3073 588; x_wconf 77' lang='grc' dir='ltr'>περὶ</span> <span class='ocrx_word' id='word_1_117' title='bbox 3098 517 3350 583; x_wconf 82' lang='grc' dir='ltr'><strong>ἁλώσεως</strong></span> <span class='ocrx_word' id='word_1_118' title='bbox 3379 521 3722 591; x_wconf 86' lang='grc' dir='ltr'>παρέδωκεν.</span> 
     </span>
    </p>
   </div>
   <div class='ocr_carea' id='block_1_20' title="bbox 2268 600 3802 684">
    <p class='ocr_par' dir='ltr' id='par_1_20' title="bbox 2268 600 3802 684">
     <span class='ocr_line' id='line_1_20' title="bbox 2268 600 3802 684; baseline 0.009 -30"><span class='ocrx_word' id='word_1_119' title='bbox 2268 600 2636 656; x_wconf 79' lang='grc' dir='ltr'>Συνετέλεσε</span> <span class='ocrx_word' id='word_1_120' title='bbox 2662 605 2879 672; x_wconf 82' lang='grc' dir='ltr'>Κύριος</span> <span class='ocrx_word' id='word_1_121' title='bbox 2904 606 3096 676; x_wconf 78' lang='grc' dir='ltr'>θυμὸν</span> <span class='ocrx_word' id='word_1_122' title='bbox 3125 610 3330 664; x_wconf 86' lang='grc' dir='ltr'>αὐτοῦ.</span> <span class='ocrx_word' id='word_1_123' title='bbox 3372 612 3526 664; x_wconf 84' lang='grc' dir='ltr'><strong>Μετὰ</strong></span> <span class='ocrx_word' id='word_1_124' title='bbox 3550 611 3668 684; x_wconf 84' lang='grc' dir='ltr'><strong>γὰρ</strong></span> <span class='ocrx_word' id='word_1_125' title='bbox 3695 612 3802 683; x_wconf 77' lang='grc' dir='ltr'>τὴν</span> 
     </span>
    </p>
   </div>
   <div class='ocr_carea' id='block_1_21' title="bbox 2201 690 3422 774">
    <p class='ocr_par' dir='ltr' id='par_1_21' title="bbox 2201 690 3422 774">
     <span class='ocr_line' id='line_1_21' title="bbox 2201 690 3422 774; baseline 0.008 -28"><span class='ocrx_word' id='word_1_126' title='bbox 2201 690 2342 747; x_wconf 77' lang='grc' dir='ltr'>κατὰ</span> <span class='ocrx_word' id='word_1_127' title='bbox 2370 694 2606 765; x_wconf 77' lang='grc' dir='ltr'><strong>Χριστοῦ</strong></span> <span class='ocrx_word' id='word_1_128' title='bbox 2636 697 2920 769; x_wconf 75' lang='grc' dir='ltr'>παροινίαν</span> <span class='ocrx_word' id='word_1_129' title='bbox 2949 700 3422 774; x_wconf 78' lang='grc' dir='ltr'><strong>συνετελέσθησαν.</strong></span> 
     </span>
    </p>
   </div>
   <div class='ocr_carea' id='block_1_22' title="bbox 2272 878 3800 955">
    <p class='ocr_par' dir='ltr' id='par_1_22' title="bbox 2272 878 3800 955">
     <span class='ocr_line' id='line_1_22' title="bbox 2272 878 3800 955; baseline 0.008 -25"><span class='ocrx_word' id='word_1_130' title='bbox 2272 879 2393 932; x_wconf 85' lang='grc' dir='ltr'><strong>Οὐκ</strong></span> <span class='ocrx_word' id='word_1_131' title='bbox 2421 878 2794 936; x_wconf 82' lang='grc' dir='ltr'>ἐπίστευσαν</span> <span class='ocrx_word' id='word_1_132' title='bbox 2823 882 3107 951; x_wconf 79' lang='grc' dir='ltr'><strong>βασιλεῖς</strong></span> <span class='ocrx_word' id='word_1_133' title='bbox 3133 883 3265 955; x_wconf 75' lang='grc' dir='ltr'>γῆς.</span> <span class='ocrx_word' id='word_1_134' title='bbox 3314 888 3474 950; x_wconf 85' lang='grc' dir='ltr'><strong>Ἴσως</strong></span> <span class='ocrx_word' id='word_1_135' title='bbox 3506 886 3563 940; x_wconf 86' lang='grc' dir='ltr'><strong>δὲ</strong></span> <span class='ocrx_word' id='word_1_136' title='bbox 3587 888 3688 941; x_wconf 76' lang='grc' dir='ltr'><strong>καὶ</strong></span> <span class='ocrx_word' id='word_1_137' title='bbox 3707 886 3800 943; x_wconf 81' lang='grc' dir='ltr'><strong>διὰ</strong></span> 
     </span>
    </p>
   </div>
   <div class='ocr_carea' id='block_1_23' title="bbox 2196 969 3798 1050">
    <p class='ocr_par' dir='ltr' id='par_1_23' title="bbox 2196 969 3798 1050">
     <span class='ocr_line' id='line_1_23' title="bbox 2196 969 3798 1050; baseline 0.007 -28"><span class='ocrx_word' id='word_1_138' title='bbox 2196 969 2256 1024; x_wconf 78' lang='grc' dir='ltr'>τὸ</span> <span class='ocrx_word' id='word_1_139' title='bbox 2287 970 2396 1024; x_wconf 86' lang='grc' dir='ltr'><strong>τῶν</strong></span> <span class='ocrx_word' id='word_1_140' title='bbox 2426 971 2607 1026; x_wconf 87' lang='grc' dir='ltr'>τόπων</span> <span class='ocrx_word' id='word_1_141' title='bbox 2641 973 2857 1045; x_wconf 80' lang='grc' dir='ltr'>ὀχυρὸν,</span> <span class='ocrx_word' id='word_1_142' title='bbox 2898 977 2993 1029; x_wconf 78' lang='grc' dir='ltr'><strong>καὶ</strong></span> <span class='ocrx_word' id='word_1_143' title='bbox 3024 977 3121 1048; x_wconf 74' lang='grc' dir='ltr'>τὴν</span> <span class='ocrx_word' id='word_1_144' title='bbox 3153 978 3454 1050; x_wconf 82' lang='grc' dir='ltr'><strong>οἰκητόρων</strong></span> <span class='ocrx_word' id='word_1_145' title='bbox 3489 980 3669 1048; x_wconf 76' lang='grc' dir='ltr'>ἰσχὺν,</span> <span class='ocrx_word' id='word_1_146' title='bbox 3699 979 3798 1033; x_wconf 73' lang='grc' dir='ltr'><strong>καὶ</strong></span> 
     </span>
    </p>
   </div>
   <div class='ocr_carea' id='block_1_24' title="bbox 2200 1061 3791 1140">
    <p class='ocr_par' dir='ltr' id='par_1_24' title="bbox 2200 1061 3791 1140">
     <span class='ocr_line' id='line_1_24' title="bbox 2200 1061 3791 1140; baseline 0.008 -27"><span class='ocrx_word' id='word_1_147' title='bbox 2200 1061 2433 1132; x_wconf 84' lang='grc' dir='ltr'>μάλιστα</span> <span class='ocrx_word' id='word_1_148' title='bbox 2464 1062 2551 1116; x_wconf 83' lang='grc' dir='ltr'>διὰ</span> <span class='ocrx_word' id='word_1_149' title='bbox 2577 1064 2668 1119; x_wconf 88' lang='grc' dir='ltr'><strong>τὸν</strong></span> <span class='ocrx_word' id='word_1_150' title='bbox 2692 1066 2779 1118; x_wconf 74' lang='grc' dir='ltr'>ἀεὶ</span> <span class='ocrx_word' id='word_1_151' title='bbox 2805 1066 2903 1136; x_wconf 76' lang='grc' dir='ltr'><strong>τῆς</strong></span> <span class='ocrx_word' id='word_1_152' title='bbox 2932 1068 3139 1132; x_wconf 78' lang='grc' dir='ltr'>πόλεως</span> <span class='ocrx_word' id='word_1_153' title='bbox 3163 1069 3580 1140; x_wconf 82' lang='grc' dir='ltr'>ὑπερασπικὸτα</span> <span class='ocrx_word' id='word_1_154' title='bbox 3611 1070 3753 1124; x_wconf 84' lang='grc' dir='ltr'>Θεόν</span> <span class='ocrx_word' id='word_1_155' title='bbox 3777 1089 3791 1103; x_wconf 86' lang='grc'><strong>·</strong></span> 
     </span>
    </p>
   </div>
   <div class='ocr_carea' id='block_1_25' title="bbox 2196 1151 3796 1232">
    <p class='ocr_par' dir='ltr' id='par_1_25' title="bbox 2196 1151 3796 1232">
     <span class='ocr_line' id='line_1_25' title="bbox 2196 1151 3796 1232; baseline 0.008 -28"><span class='ocrx_word' id='word_1_156' title='bbox 2196 1151 2373 1205; x_wconf 85' lang='grc' dir='ltr'>καίτοι</span> <span class='ocrx_word' id='word_1_157' title='bbox 2397 1154 2505 1224; x_wconf 73' lang='grc' dir='ltr'><strong>πρὸ</strong></span> <span class='ocrx_word' id='word_1_158' title='bbox 2533 1154 2626 1207; x_wconf 89' lang='grc' dir='ltr'><strong>τοῦ</strong></span> <span class='ocrx_word' id='word_1_159' title='bbox 2650 1156 3120 1232; x_wconf 78' lang='grc' dir='ltr'>Ναϐουχοδονόσορ</span> <span class='ocrx_word' id='word_1_160' title='bbox 3157 1160 3414 1213; x_wconf 79' lang='grc' dir='ltr'>εἰσελθὼν</span> <span class='ocrx_word' id='word_1_161' title='bbox 3440 1162 3796 1229; x_wconf 79' lang='grc' dir='ltr'>όΛίγύπτιος</span> 
     </span>
    </p>
   </div>
   <div class='ocr_carea' id='block_1_26' title="bbox 2195 1242 3795 1321">
    <p class='ocr_par' dir='ltr' id='par_1_26' title="bbox 2195 1242 3795 1321">
     <span class='ocr_line' id='line_1_26' title="bbox 2195 1242 3795 1321; baseline 0.006 -26"><span class='ocrx_word' id='word_1_162' title='bbox 2195 1242 2454 1308; x_wconf 79' lang='grc' dir='ltr'>πολλάκις</span> <span class='ocrx_word' id='word_1_163' title='bbox 2483 1244 2641 1297; x_wconf 72' lang='grc' dir='ltr'>ἔλαϐε</span> <span class='ocrx_word' id='word_1_164' title='bbox 2666 1247 2789 1309; x_wconf 76' lang='grc' dir='ltr'>τοὺς</span> <span class='ocrx_word' id='word_1_165' title='bbox 2815 1247 3122 1321; x_wconf 82' lang='grc' dir='ltr'>θησαυροὺς</span> <span class='ocrx_word' id='word_1_166' title='bbox 3151 1252 3216 1304; x_wconf 77' lang='grc' dir='ltr'>ἐκ</span> <span class='ocrx_word' id='word_1_167' title='bbox 3247 1250 3339 1305; x_wconf 89' lang='grc' dir='ltr'><strong>τοῦ</strong></span> <span class='ocrx_word' id='word_1_168' title='bbox 3368 1250 3520 1304; x_wconf 76' lang='grc' dir='ltr'>οἴκου</span> <span class='ocrx_word' id='word_1_169' title='bbox 3550 1252 3795 1321; x_wconf 80' lang='grc' dir='ltr'><strong>Κυρίου,</strong></span> 
     </span>
    </p>
   </div>
   <div class='ocr_carea' id='block_1_27' title="bbox 2193 1332 3792 1414">
    <p class='ocr_par' dir='ltr' id='par_1_27' title="bbox 2193 1332 3792 1414">
     <span class='ocr_line' id='line_1_27' title="bbox 2193 1332 3792 1414; baseline 0.007 -29"><span class='ocrx_word' id='word_1_170' title='bbox 2193 1332 2309 1386; x_wconf 84' lang='grc' dir='ltr'>ἀλλ’</span> <span class='ocrx_word' id='word_1_171' title='bbox 2337 1335 2398 1387; x_wconf 86' lang='grc' dir='ltr'><strong>οὐ</strong></span> <span class='ocrx_word' id='word_1_172' title='bbox 2430 1335 2710 1407; x_wconf 84' lang='grc' dir='ltr'>πορθήσας</span> <span class='ocrx_word' id='word_1_173' title='bbox 2740 1337 2838 1408; x_wconf 84' lang='grc' dir='ltr'>τὴν</span> <span class='ocrx_word' id='word_1_174' title='bbox 2871 1339 3052 1393; x_wconf 88' lang='grc' dir='ltr'>πόλιν·</span> <span class='ocrx_word' id='word_1_175' title='bbox 3086 1342 3143 1394; x_wconf 81' lang='grc' dir='ltr'>οὐ</span> <span class='ocrx_word' id='word_1_176' title='bbox 3174 1341 3283 1414; x_wconf 79' lang='grc' dir='ltr'>γὰρ</span> <span class='ocrx_word' id='word_1_177' title='bbox 3307 1342 3446 1411; x_wconf 75' lang='grc' dir='ltr'>ἄγαν</span> <span class='ocrx_word' id='word_1_178' title='bbox 3476 1342 3718 1407; x_wconf 79' lang='grc' dir='ltr'>έθλιδεν,</span> <span class='ocrx_word' id='word_1_179' title='bbox 3744 1346 3792 1397; x_wconf 88' lang='grc' dir='ltr'><strong>εί</strong></span> 
     </span>
    </p>
   </div>
   <div class='ocr_carea' id='block_1_28' title="bbox 2195 1424 3791 1504">
    <p class='ocr_par' dir='ltr' id='par_1_28' title="bbox 2195 1424 3791 1504">
     <span class='ocr_line' id='line_1_28' title="bbox 2195 1424 3791 1504; baseline 0.007 -27"><span class='ocrx_word' id='word_1_180' title='bbox 2195 1424 2289 1478; x_wconf 74' lang='grc' dir='ltr'><strong>καὶ</strong></span> <span class='ocrx_word' id='word_1_181' title='bbox 2314 1426 2559 1498; x_wconf 82' lang='grc' dir='ltr'>ὑπῆρχεν</span> <span class='ocrx_word' id='word_1_182' title='bbox 2586 1427 2798 1499; x_wconf 77' lang='grc' dir='ltr'>ἐχθρὸς,</span> <span class='ocrx_word' id='word_1_183' title='bbox 2831 1430 2965 1501; x_wconf 81' lang='grc' dir='ltr'>πρὸς</span> <span class='ocrx_word' id='word_1_184' title='bbox 2986 1430 3064 1502; x_wconf 84' lang='grc' dir='ltr'>τῷ</span> <span class='ocrx_word' id='word_1_185' title='bbox 3088 1433 3221 1503; x_wconf 80' lang='grc' dir='ltr'>μηδὲ</span> <span class='ocrx_word' id='word_1_186' title='bbox 3251 1434 3594 1504; x_wconf 74' lang='grc' dir='ltr'>ἀπεμφαῖνον</span> <span class='ocrx_word' id='word_1_187' title='bbox 3624 1430 3791 1499; x_wconf 84' lang='grc' dir='ltr'>εἶναι,</span> 
     </span>
    </p>
   </div>
   <div class='ocr_carea' id='block_1_29' title="bbox 2193 1517 3793 1594">
    <p class='ocr_par' dir='ltr' id='par_1_29' title="bbox 2193 1517 3793 1594">
     <span class='ocr_line' id='line_1_29' title="bbox 2193 1517 3793 1594; baseline 0.005 -24"><span class='ocrx_word' id='word_1_188' title='bbox 2193 1518 2289 1571; x_wconf 68' lang='grc' dir='ltr'>καὶ</span> <span class='ocrx_word' id='word_1_189' title='bbox 2319 1517 2432 1580; x_wconf 88' lang='grc' dir='ltr'>δύο,</span> <span class='ocrx_word' id='word_1_190' title='bbox 2466 1521 2561 1571; x_wconf 77' lang='grc' dir='ltr'><strong>καὶ</strong></span> <span class='ocrx_word' id='word_1_191' title='bbox 2587 1522 2708 1590; x_wconf 77' lang='grc' dir='ltr'>τρὶς</span> <span class='ocrx_word' id='word_1_192' title='bbox 2740 1519 2801 1572; x_wconf 86' lang='grc' dir='ltr'><strong>τὸ</strong></span> <span class='ocrx_word' id='word_1_193' title='bbox 2834 1520 3135 1591; x_wconf 81' lang='grc' dir='ltr'>παράδοξον</span> <span class='ocrx_word' id='word_1_194' title='bbox 3160 1525 3432 1591; x_wconf 86' lang='grc' dir='ltr'>γενέσθαι.</span> <span class='ocrx_word' id='word_1_195' title='bbox 3456 1524 3629 1594; x_wconf 81' lang='grc' dir='ltr'>Λέγει</span> <span class='ocrx_word' id='word_1_196' title='bbox 3659 1525 3706 1577; x_wconf 85' lang='grc' dir='ltr'>δ’</span> <span class='ocrx_word' id='word_1_197' title='bbox 3726 1523 3793 1578; x_wconf 80' lang='grc' dir='ltr'>ἂν</span> 
     </span>
    </p>
   </div>
   <div class='ocr_carea' id='block_1_30' title="bbox 2196 1610 3794 1687">
    <p class='ocr_par' dir='ltr' id='par_1_30' title="bbox 2196 1610 3794 1687">
     <span class='ocr_line' id='line_1_30' title="bbox 2196 1610 3794 1687; baseline 0.004 -25"><span class='ocrx_word' id='word_1_198' title='bbox 2196 1610 2440 1680; x_wconf 75' lang='grc' dir='ltr'>βασιλεῖς</span> <span class='ocrx_word' id='word_1_199' title='bbox 2471 1611 2570 1682; x_wconf 82' lang='grc' dir='ltr'>τῆς</span> <span class='ocrx_word' id='word_1_200' title='bbox 2597 1614 2701 1684; x_wconf 79' lang='grc' dir='ltr'>γῆς</span> <span class='ocrx_word' id='word_1_201' title='bbox 2733 1613 2829 1667; x_wconf 76' lang='grc' dir='ltr'><strong>καὶ</strong></span> <span class='ocrx_word' id='word_1_202' title='bbox 2856 1614 2980 1679; x_wconf 76' lang='grc' dir='ltr'>τοὺς</span> <span class='ocrx_word' id='word_1_203' title='bbox 2997 1615 3255 1685; x_wconf 86' lang='grc' dir='ltr'>δαίμονας</span> <span class='ocrx_word' id='word_1_204' title='bbox 3281 1616 3409 1679; x_wconf 85' lang='grc' dir='ltr'>τοὺς</span> <span class='ocrx_word' id='word_1_205' title='bbox 3443 1615 3553 1671; x_wconf 85' lang='grc' dir='ltr'><strong>τῶν</strong></span> <span class='ocrx_word' id='word_1_206' title='bbox 3583 1615 3794 1687; x_wconf 82' lang='grc' dir='ltr'>χοῖκῶν</span> 
     </span>
    </p>
   </div>
   <div class='ocr_carea' id='block_1_31' title="bbox 517 1689 2084 1778">
    <p class='ocr_par' dir='ltr' id='par_1_31' title="bbox 517 1689 2084 1761">
     <span class='ocr_line' id='line_1_31' title="bbox 517 1689 2084 1761; baseline 0 -17"><span class='ocrx_word' id='word_1_207' title='bbox 517 1699 696 1756; x_wconf 83' lang='lat' dir='ltr'><strong>teme,</strong></span> <span class='ocrx_word' id='word_1_208' title='bbox 734 1689 1035 1761; x_wconf 81' lang='lat' dir='ltr'><strong>intelligere</strong></span> <span class='ocrx_word' id='word_1_209' title='bbox 1083 1691 1361 1746; x_wconf 66' lang='lat' dir='ltr'><strong>daemones</strong></span> <span class='ocrx_word' id='word_1_210' title='bbox 1391 1690 1485 1760; x_wconf 87' lang='lat' dir='ltr'><strong>qui</strong></span> <span class='ocrx_word' id='word_1_211' title='bbox 1527 1705 1710 1744; x_wconf 88' lang='lat' dir='ltr'><strong>rerum</strong></span> <span class='ocrx_word' id='word_1_212' title='bbox 1750 1698 2084 1744; x_wconf 84' lang='lat' dir='ltr'><strong>terrenarum</strong></span> 
     </span>
    </p>
   </div>
   <div class='ocr_carea' id='block_1_32' title="bbox 2190 1689 3793 1778">
    <p class='ocr_par' dir='ltr' id='par_1_32' title="bbox 2197 1698 3793 1778">
     <span class='ocr_line' id='line_1_32' title="bbox 2197 1698 3793 1778; baseline 0.007 -26"><span class='ocrx_word' id='word_1_213' title='bbox 2197 1700 2637 1770; x_wconf 78' lang='grc' dir='ltr'>βασιλεύσαντας,</span> <span class='ocrx_word' id='word_1_214' title='bbox 2668 1705 2796 1776; x_wconf 76' lang='grc' dir='ltr'>περὶ</span> <span class='ocrx_word' id='word_1_215' title='bbox 2822 1698 2897 1759; x_wconf 81' lang='grc' dir='ltr'>ὧν</span> <span class='ocrx_word' id='word_1_216' title='bbox 2927 1704 3142 1778; x_wconf 82' lang='grc' dir='ltr'>εἴρηται</span> <span class='ocrx_word' id='word_1_217' title='bbox 3165 1723 3181 1737; x_wconf 75' lang='grc' dir='ltr'><strong>ο</strong></span> <span class='ocrx_word' id='word_1_218' title='bbox 3206 1706 3610 1776; x_wconf 80' lang='grc' dir='ltr'>Παρέστησαν</span> <span class='ocrx_word' id='word_1_219' title='bbox 3646 1707 3793 1763; x_wconf 75' lang='grc' dir='ltr'><strong>πάν-</strong></span> 
     </span>
    </p>
   </div>
   <div class='ocr_carea' id='block_1_33' title="bbox 517 1780 2089 1852">
    <p class='ocr_par' dir='ltr' id='par_1_33' title="bbox 517 1780 2089 1852">
     <span class='ocr_line' id='line_1_33' title="bbox 517 1780 2089 1852; baseline 0.001 -18"><span class='ocrx_word' id='word_1_220' title='bbox 517 1780 805 1850; x_wconf 86' lang='lat' dir='ltr'><strong>imperium</strong></span> <span class='ocrx_word' id='word_1_221' title='bbox 840 1791 1151 1847; x_wconf 87' lang='lat' dir='ltr'><strong>tenuerunt,</strong></span> <span class='ocrx_word' id='word_1_222' title='bbox 1182 1782 1250 1837; x_wconf 88' lang='lat' dir='ltr'><strong>de</strong></span> <span class='ocrx_word' id='word_1_223' title='bbox 1281 1782 1482 1852; x_wconf 81' lang='lat' dir='ltr'><strong>quibus</strong></span> <span class='ocrx_word' id='word_1_224' title='bbox 1506 1782 1709 1836; x_wconf 90' lang='lat' dir='ltr'><strong>dictum</strong></span> <span class='ocrx_word' id='word_1_225' title='bbox 1739 1794 1824 1836; x_wconf 89' lang='lat' dir='ltr'><strong>est</strong></span> <span class='ocrx_word' id='word_1_226' title='bbox 1846 1781 1865 1812; x_wconf 83' lang='grc'><em>³</em></span> <span class='ocrx_word' id='word_1_227' title='bbox 1896 1798 1909 1834; x_wconf 91' lang='lat'>:</span> <span class='ocrx_word' id='word_1_228' title='bbox 1942 1783 2089 1835; x_wconf 76' lang='lat' dir='ltr'><strong>Asti-</strong></span> 
     </span>
    </p>
   </div>
   <div class='ocr_carea' id='block_1_34' title="bbox 517 1874 2091 1943">
    <p class='ocr_par' dir='ltr' id='par_1_34' title="bbox 517 1874 2091 1943">
     <span class='ocr_line' id='line_1_34' title="bbox 517 1874 2091 1943; baseline 0.001 -19"><span class='ocrx_word' id='word_1_229' title='bbox 517 1881 693 1926; x_wconf 86' lang='lat' dir='ltr'><strong>terunt</strong></span> <span class='ocrx_word' id='word_1_230' title='bbox 721 1889 861 1943; x_wconf 81' lang='lat' dir='ltr'><strong>reges</strong></span> <span class='ocrx_word' id='word_1_231' title='bbox 892 1883 1045 1928; x_wconf 71' lang='lat' dir='ltr'><strong>terra:</strong></span> <span class='ocrx_word' id='word_1_232' title='bbox 1081 1883 1130 1928; x_wconf 89' lang='lat' dir='ltr'><strong>et</strong></span> <span class='ocrx_word' id='word_1_233' title='bbox 1158 1876 1418 1943; x_wconf 76' lang='lat' dir='ltr'><strong>principes</strong></span> <span class='ocrx_word' id='word_1_234' title='bbox 1450 1885 1796 1929; x_wconf 81' lang='lat' dir='ltr'><strong>convenerunt</strong></span> <span class='ocrx_word' id='word_1_235' title='bbox 1826 1874 1881 1926; x_wconf 86' lang='lat' dir='ltr'><strong>in</strong></span> <span class='ocrx_word' id='word_1_236' title='bbox 1905 1890 2091 1938; x_wconf 86' lang='lat' dir='ltr'><strong>unum,</strong></span> 
     </span>
    </p>
   </div>
   <div class='ocr_carea' id='block_1_35' title="bbox 512 1964 2094 2038">
    <p class='ocr_par' dir='ltr' id='par_1_35' title="bbox 512 1964 2094 2038">
     <span class='ocr_line' id='line_1_35' title="bbox 512 1964 2094 2038; baseline 0.004 -21"><span class='ocrx_word' id='word_1_237' title='bbox 512 1964 762 2018; x_wconf 80' lang='lat' dir='ltr'><strong>adversus</strong></span> <span class='ocrx_word' id='word_1_238' title='bbox 814 1964 1119 2028; x_wconf 86' lang='lat' dir='ltr'><strong>Dominum,</strong></span> <span class='ocrx_word' id='word_1_239' title='bbox 1161 1975 1210 2020; x_wconf 82' lang='lat' dir='ltr'><strong>et</strong></span> <span class='ocrx_word' id='word_1_240' title='bbox 1244 1966 1494 2021; x_wconf 83' lang='lat' dir='ltr'><strong>adversus</strong></span> <span class='ocrx_word' id='word_1_241' title='bbox 1538 1965 1811 2022; x_wconf 73' lang='lat' dir='ltr'><strong>Christum</strong></span> <span class='ocrx_word' id='word_1_242' title='bbox 1852 1968 1986 2038; x_wconf 84' lang='lat' dir='ltr'><strong>ejus.</strong></span> <span class='ocrx_word' id='word_1_243' title='bbox 2020 1967 2094 2023; x_wconf 87' lang='lat' dir='ltr'><strong>De</strong></span> 
     </span>
    </p>
   </div>
   <div class='ocr_carea' id='block_1_36' title="bbox 511 2057 2093 2128">
    <p class='ocr_par' dir='ltr' id='par_1_36' title="bbox 511 2057 2093 2128">
     <span class='ocr_line' id='line_1_36' title="bbox 511 2057 2093 2128; baseline -0.001 -16"><span class='ocrx_word' id='word_1_244' title='bbox 511 2057 715 2128; x_wconf 87' lang='lat' dir='ltr'><strong>quibus</strong></span> <span class='ocrx_word' id='word_1_245' title='bbox 743 2057 968 2126; x_wconf 86' lang='lat' dir='ltr'><strong>quinam</strong></span> <span class='ocrx_word' id='word_1_246' title='bbox 1001 2066 1206 2123; x_wconf 86' lang='lat' dir='ltr'><strong>essent,</strong></span> <span class='ocrx_word' id='word_1_247' title='bbox 1233 2058 1365 2112; x_wconf 86' lang='lat' dir='ltr'><strong>illud</strong></span> <span class='ocrx_word' id='word_1_248' title='bbox 1403 2058 1609 2112; x_wconf 88' lang='lat' dir='ltr'><strong>indicat</strong></span> <span class='ocrx_word' id='word_1_249' title='bbox 1635 2058 1657 2090; x_wconf 69' lang='lat'>‘</span> <span class='ocrx_word' id='word_1_250' title='bbox 1693 2076 1709 2114; x_wconf 86' lang='lat'><strong>;</strong></span> <span class='ocrx_word' id='word_1_251' title='bbox 1738 2058 1799 2113; x_wconf 84' lang='lat' dir='ltr'><strong>Si</strong></span> <span class='ocrx_word' id='word_1_252' title='bbox 1833 2061 1970 2113; x_wconf 86' lang='lat' dir='ltr'><strong>enim</strong></span> <span class='ocrx_word' id='word_1_253' title='bbox 2000 2076 2093 2112; x_wconf 77' lang='grc' dir='ltr'><strong>σο·-</strong></span> 
     </span>
    </p>
   </div>
   <div class='ocr_carea' id='block_1_37' title="bbox 511 2147 2090 2227">
    <p class='ocr_par' dir='ltr' id='par_1_37' title="bbox 511 2147 2090 2227">
     <span class='ocr_line' id='line_1_37' title="bbox 511 2147 2090 2227; baseline -0.001 -24"><span class='ocrx_word' id='word_1_254' title='bbox 511 2150 830 2220; x_wconf 84' lang='lat' dir='ltr'><strong>gnovissent,</strong></span> <span class='ocrx_word' id='word_1_255' title='bbox 851 2162 1121 2220; x_wconf 75' lang='lat' dir='ltr'><strong>nunquam</strong></span> <span class='ocrx_word' id='word_1_256' title='bbox 1143 2147 1417 2204; x_wconf 78' lang='lat' dir='ltr'><strong>Christum</strong></span> <span class='ocrx_word' id='word_1_257' title='bbox 1446 2150 1633 2227; x_wconf 74' lang='lat' dir='ltr'><strong>gloria:</strong></span> <span class='ocrx_word' id='word_1_258' title='bbox 1665 2151 2090 2220; x_wconf 70' lang='lat' dir='ltr'><strong>cruci/ixissent;</strong></span> 
     </span>
    </p>
   </div>
   <div class='ocr_carea' id='block_1_38' title="bbox 510 2239 2091 2313">
    <p class='ocr_par' dir='ltr' id='par_1_38' title="bbox 510 2239 2091 2313">
     <span class='ocr_line' id='line_1_38' title="bbox 510 2239 2091 2313; baseline 0.001 -18"><span class='ocrx_word' id='word_1_259' title='bbox 510 2251 565 2295; x_wconf 89' lang='lat' dir='ltr'><strong>et</strong></span> <span class='ocrx_word' id='word_1_260' title='bbox 595 2239 725 2294; x_wconf 88' lang='lat' dir='ltr'><strong>illud</strong></span> <span class='ocrx_word' id='word_1_261' title='bbox 744 2241 765 2273; x_wconf 83' lang='grc'>⁸</span> <span class='ocrx_word' id='word_1_262' title='bbox 796 2258 811 2295; x_wconf 91' lang='lat'><strong>:</strong></span> <span class='ocrx_word' id='word_1_263' title='bbox 844 2239 909 2295; x_wconf 86' lang='lat' dir='ltr'><strong>Ut</strong></span> <span class='ocrx_word' id='word_1_264' title='bbox 934 2254 1332 2311; x_wconf 76' lang='lat' dir='ltr'><strong>cognosceretur</strong></span> <span class='ocrx_word' id='word_1_265' title='bbox 1358 2243 1745 2313; x_wconf 78' lang='lat' dir='ltr'><strong>principatibus</strong></span> <span class='ocrx_word' id='word_1_266' title='bbox 1778 2254 1826 2297; x_wconf 86' lang='lat' dir='ltr'><strong>et</strong></span> <span class='ocrx_word' id='word_1_267' title='bbox 1853 2252 2091 2313; x_wconf 84' lang='lat' dir='ltr'><strong>potesta-</strong></span> 
     </span>
    </p>
   </div>
   <div class='ocr_carea' id='block_1_39' title="bbox 513 2331 2091 2408">
    <p class='ocr_par' dir='ltr' id='par_1_39' title="bbox 513 2331 2091 2408">
     <span class='ocr_line' id='line_1_39' title="bbox 513 2331 2091 2408; baseline 0.003 -21"><span class='ocrx_word' id='word_1_268' title='bbox 513 2331 653 2388; x_wconf 85' lang='lat' dir='ltr'><strong>tibus</strong></span> <span class='ocrx_word' id='word_1_269' title='bbox 680 2334 735 2388; x_wconf 87' lang='lat' dir='ltr'><strong>in</strong></span> <span class='ocrx_word' id='word_1_270' title='bbox 758 2334 1054 2389; x_wconf 75' lang='lat' dir='ltr'><strong>cmlestibns</strong></span> <span class='ocrx_word' id='word_1_271' title='bbox 1076 2351 1168 2404; x_wconf 86' lang='lat' dir='ltr'><strong>per</strong></span> <span class='ocrx_word' id='word_1_272' title='bbox 1194 2333 1486 2390; x_wconf 83' lang='lat' dir='ltr'><strong>Ecclesium</strong></span> <span class='ocrx_word' id='word_1_273' title='bbox 1514 2335 1861 2407; x_wconf 77' lang='lat' dir='ltr'><strong>multiformis</strong></span> <span class='ocrx_word' id='word_1_274' title='bbox 1885 2340 2091 2408; x_wconf 83' lang='lat' dir='ltr'><strong>sapien-</strong></span> 
     </span>
    </p>
   </div>
   <div class='ocr_carea' id='block_1_40' title="bbox 512 2424 2086 2496">
    <p class='ocr_par' dir='ltr' id='par_1_40' title="bbox 512 2424 2086 2496">
     <span class='ocr_line' id='line_1_40' title="bbox 512 2424 2086 2496; baseline 0.003 -17"><span class='ocrx_word' id='word_1_275' title='bbox 512 2426 590 2479; x_wconf 86' lang='lat' dir='ltr'><strong>tia</strong></span> <span class='ocrx_word' id='word_1_276' title='bbox 643 2425 755 2478; x_wconf 88' lang='lat' dir='ltr'><strong>Dei.</strong></span> <span class='ocrx_word' id='word_1_277' title='bbox 803 2424 1184 2493; x_wconf 84' lang='lat' dir='ltr'><strong>Opinabantur</strong></span> <span class='ocrx_word' id='word_1_278' title='bbox 1220 2426 1364 2479; x_wconf 90' lang='lat' dir='ltr'><strong>enim</strong></span> <span class='ocrx_word' id='word_1_279' title='bbox 1428 2439 1708 2496; x_wconf 86' lang='lat' dir='ltr'><strong>nunquam</strong></span> <span class='ocrx_word' id='word_1_280' title='bbox 1769 2427 2086 2483; x_wconf 85' lang='lat' dir='ltr'><strong>tradendam</strong></span> 
     </span>
    </p>
   </div>
   <div class='ocr_carea' id='block_1_41' title="bbox 510 2514 2089 2587">
    <p class='ocr_par' dir='ltr' id='par_1_41' title="bbox 510 2514 2089 2587">
     <span class='ocr_line' id='line_1_41' title="bbox 510 2514 2089 2587; baseline 0 -15"><span class='ocrx_word' id='word_1_281' title='bbox 510 2530 634 2572; x_wconf 89' lang='lat' dir='ltr'><strong>esse</strong></span> <span class='ocrx_word' id='word_1_282' title='bbox 679 2514 981 2570; x_wconf 79' lang='lat' dir='ltr'><strong>Jerusalem</strong></span> <span class='ocrx_word' id='word_1_283' title='bbox 1021 2515 1078 2569; x_wconf 92' lang='lat' dir='ltr'><strong>in</strong></span> <span class='ocrx_word' id='word_1_284' title='bbox 1122 2514 1304 2581; x_wconf 85' lang='lat' dir='ltr'><strong>finem,</strong></span> <span class='ocrx_word' id='word_1_285' title='bbox 1342 2516 1674 2586; x_wconf 87' lang='lat' dir='ltr'><strong>promissum</strong></span> <span class='ocrx_word' id='word_1_286' title='bbox 1713 2517 1960 2587; x_wconf 86' lang='lat' dir='ltr'><strong>patribus</strong></span> <span class='ocrx_word' id='word_1_287' title='bbox 2004 2516 2089 2572; x_wconf 82' lang='lat' dir='ltr'><strong>fa-</strong></span> 
     </span>
    </p>
   </div>
   <div class='ocr_carea' id='block_1_42' title="bbox 510 2609 2088 2681">
    <p class='ocr_par' dir='ltr' id='par_1_42' title="bbox 510 2609 2088 2681">
     <span class='ocr_line' id='line_1_42' title="bbox 510 2609 2088 2681; baseline -0.001 -14"><span class='ocrx_word' id='word_1_288' title='bbox 510 2620 682 2677; x_wconf 87' lang='lat' dir='ltr'><strong>ctum,</strong></span> <span class='ocrx_word' id='word_1_289' title='bbox 712 2610 891 2681; x_wconf 87' lang='lat' dir='ltr'><strong>quoad</strong></span> <span class='ocrx_word' id='word_1_290' title='bbox 925 2609 1039 2664; x_wconf 67' lang='lat' dir='ltr'><strong>haec</strong></span> <span class='ocrx_word' id='word_1_291' title='bbox 1067 2625 1202 2680; x_wconf 85' lang='lat' dir='ltr'><strong>gens</strong></span> <span class='ocrx_word' id='word_1_292' title='bbox 1242 2619 1490 2665; x_wconf 86' lang='lat' dir='ltr'><strong>maneret</strong></span> <span class='ocrx_word' id='word_1_293' title='bbox 1533 2610 1858 2668; x_wconf 87' lang='lat' dir='ltr'><strong>duraturum</strong></span> <span class='ocrx_word' id='word_1_294' title='bbox 1889 2621 2088 2681; x_wconf 83' lang='lat' dir='ltr'><strong>putan-</strong></span> 
     </span>
    </p>
   </div>
   <div class='ocr_carea' id='block_1_43' title="bbox 509 2699 1492 2766">
    <p class='ocr_par' dir='ltr' id='par_1_43' title="bbox 509 2699 1492 2766">
     <span class='ocr_line' id='line_1_43' title="bbox 509 2699 1492 2766; baseline -0.003 -8"><span class='ocrx_word' id='word_1_295' title='bbox 509 2712 615 2766; x_wconf 82' lang='lat' dir='ltr'><strong>tes,</strong></span> <span class='ocrx_word' id='word_1_296' title='bbox 642 2711 697 2756; x_wconf 86' lang='lat' dir='ltr'><strong>et</strong></span> <span class='ocrx_word' id='word_1_297' title='bbox 722 2701 857 2756; x_wconf 89' lang='lat' dir='ltr'><strong>nihil</strong></span> <span class='ocrx_word' id='word_1_298' title='bbox 889 2700 957 2756; x_wconf 88' lang='lat' dir='ltr'><strong>de</strong></span> <span class='ocrx_word' id='word_1_299' title='bbox 993 2699 1213 2756; x_wconf 85' lang='lat' dir='ltr'><strong>Christo</strong></span> <span class='ocrx_word' id='word_1_300' title='bbox 1236 2700 1492 2756; x_wconf 87' lang='lat' dir='ltr'><strong>scientes.</strong></span> 
     </span>
    </p>
   </div>
   <div class='ocr_carea' id='block_1_44' title="bbox 583 2792 2084 2863">
    <p class='ocr_par' dir='ltr' id='par_1_44' title="bbox 583 2792 2084 2863">
     <span class='ocr_line' id='line_1_44' title="bbox 583 2792 2084 2863; baseline -0.001 -14"><span class='ocrx_word' id='word_1_301' title='bbox 583 2792 739 2849; x_wconf 78' lang='lat' dir='ltr'><strong>Vers.</strong></span> <span class='ocrx_word' id='word_1_302' title='bbox 775 2793 864 2848; x_wconf 70' lang='lat' dir='ltr'><strong>l3.</strong></span> <span class='ocrx_word' id='word_1_303' title='bbox 907 2792 1135 2863; x_wconf 76' lang='lat' dir='ltr'><strong>Propter</strong></span> <span class='ocrx_word' id='word_1_304' title='bbox 1166 2801 1383 2862; x_wconf 88' lang='lat' dir='ltr'><strong>peccata</strong></span> <span class='ocrx_word' id='word_1_305' title='bbox 1422 2793 1797 2862; x_wconf 85' lang='lat' dir='ltr'><strong>prophetarum</strong></span> <span class='ocrx_word' id='word_1_306' title='bbox 1821 2792 1954 2862; x_wconf 83' lang='lat' dir='ltr'><strong>ejus,</strong></span> <span class='ocrx_word' id='word_1_307' title='bbox 1980 2802 2084 2848; x_wconf 90' lang='lat' dir='ltr'><strong>etc.</strong></span> 
     </span>
    </p>
   </div>
   <div class='ocr_carea' id='block_1_45' title="bbox 508 2880 2087 2955">
    <p class='ocr_par' dir='ltr' id='par_1_45' title="bbox 508 2880 2087 2955">
     <span class='ocr_line' id='line_1_45' title="bbox 508 2880 2087 2955; baseline -0.001 -16"><span class='ocrx_word' id='word_1_308' title='bbox 508 2884 748 2955; x_wconf 75' lang='lat' dir='ltr'><strong>Sanguis</strong></span> <span class='ocrx_word' id='word_1_309' title='bbox 778 2880 963 2952; x_wconf 85' lang='lat' dir='ltr'><strong>justus</strong></span> <span class='ocrx_word' id='word_1_310' title='bbox 998 2884 1218 2953; x_wconf 88' lang='lat' dir='ltr'><strong>proprie</strong></span> <span class='ocrx_word' id='word_1_311' title='bbox 1247 2882 1551 2937; x_wconf 73' lang='lat' dir='ltr'><strong>Salvatoris</strong></span> <span class='ocrx_word' id='word_1_312' title='bbox 1587 2882 1794 2937; x_wconf 87' lang='lat' dir='ltr'><strong>Christi</strong></span> <span class='ocrx_word' id='word_1_313' title='bbox 1842 2895 1945 2946; x_wconf 85' lang='lat' dir='ltr'><strong>est,</strong></span> <span class='ocrx_word' id='word_1_314' title='bbox 1975 2899 2087 2953; x_wconf 87' lang='lat' dir='ltr'><strong>quo</strong></span> 
     </span>
    </p>
   </div>
   <div class='ocr_carea' id='block_1_46' title="bbox 505 2975 2082 3046">
    <p class='ocr_par' dir='ltr' id='par_1_46' title="bbox 505 2975 2082 3046">
     <span class='ocr_line' id='line_1_46' title="bbox 505 2975 2082 3046; baseline -0.001 -14"><span class='ocrx_word' id='word_1_315' title='bbox 505 2976 683 3032; x_wconf 83' lang='lat' dir='ltr'><strong>eﬂ&#39;uso</strong></span> <span class='ocrx_word' id='word_1_316' title='bbox 731 2976 947 3046; x_wconf 88' lang='lat' dir='ltr'><strong>penitus</strong></span> <span class='ocrx_word' id='word_1_317' title='bbox 998 2975 1341 3042; x_wconf 89' lang='lat' dir='ltr'><strong>interierunt,</strong></span> <span class='ocrx_word' id='word_1_318' title='bbox 1392 2991 1517 3030; x_wconf 87' lang='lat' dir='ltr'><strong>cum</strong></span> <span class='ocrx_word' id='word_1_319' title='bbox 1572 2975 1644 3032; x_wconf 90' lang='lat' dir='ltr'><strong>ob</strong></span> <span class='ocrx_word' id='word_1_320' title='bbox 1698 2976 2082 3045; x_wconf 85' lang='lat' dir='ltr'><strong>prophetarum</strong></span> 
     </span>
    </p>
   </div>
   <div class='ocr_carea' id='block_1_47' title="bbox 505 3066 1721 3139">
    <p class='ocr_par' dir='ltr' id='par_1_47' title="bbox 505 3066 1721 3139">
     <span class='ocr_line' id='line_1_47' title="bbox 505 3066 1721 3139; baseline -0.002 -13"><span class='ocrx_word' id='word_1_321' title='bbox 505 3069 830 3139; x_wconf 83' lang='lat' dir='ltr'><strong>sanguinem</strong></span> <span class='ocrx_word' id='word_1_322' title='bbox 866 3068 1145 3123; x_wconf 86' lang='lat' dir='ltr'><strong>moderate</strong></span> <span class='ocrx_word' id='word_1_323' title='bbox 1183 3067 1432 3138; x_wconf 76' lang='lat' dir='ltr'><strong>castigati</strong></span> <span class='ocrx_word' id='word_1_324' title='bbox 1468 3066 1721 3123; x_wconf 88' lang='lat' dir='ltr'><strong>fuissent.</strong></span> 
     </span>
    </p>
   </div>
   <div class='ocr_carea' id='block_1_48' title="bbox 582 3158 2085 3233">
    <p class='ocr_par' dir='ltr' id='par_1_48' title="bbox 582 3158 2085 3233">
     <span class='ocr_line' id='line_1_48' title="bbox 582 3158 2085 3233; baseline -0.001 -17"><span class='ocrx_word' id='word_1_325' title='bbox 582 3161 739 3217; x_wconf 81' lang='lat' dir='ltr'><strong>Vers.</strong></span> <span class='ocrx_word' id='word_1_326' title='bbox 778 3161 866 3216; x_wconf 78' lang='grc'><strong>14.</strong></span> <span class='ocrx_word' id='word_1_327' title='bbox 909 3158 1174 3215; x_wconf 87' lang='lat' dir='ltr'><strong>Commoti</strong></span> <span class='ocrx_word' id='word_1_328' title='bbox 1219 3170 1341 3214; x_wconf 84' lang='lat' dir='ltr'><strong>sunt</strong></span> <span class='ocrx_word' id='word_1_329' title='bbox 1383 3159 1565 3230; x_wconf 73' lang='lat' dir='ltr'><strong>vigiles</strong></span> <span class='ocrx_word' id='word_1_330' title='bbox 1601 3158 1741 3228; x_wconf 83' lang='lat' dir='ltr'><strong>ejus,</strong></span> <span class='ocrx_word' id='word_1_331' title='bbox 1774 3170 1879 3216; x_wconf 89' lang='lat' dir='ltr'><strong>etc.</strong></span> <span class='ocrx_word' id='word_1_332' title='bbox 1926 3160 2085 3233; x_wconf 82' lang='lat' dir='ltr'><strong>Sym-</strong></span> 
     </span>
    </p>
   </div>
   <div class='ocr_carea' id='block_1_49' title="bbox 504 3249 2081 3320">
    <p class='ocr_par' dir='ltr' id='par_1_49' title="bbox 504 3249 2081 3320">
     <span class='ocr_line' id='line_1_49' title="bbox 504 3249 2081 3320; baseline -0.001 -12"><span class='ocrx_word' id='word_1_333' title='bbox 504 3254 737 3309; x_wconf 72' lang='lat' dir='ltr'><strong>machus</strong></span> <span class='ocrx_word' id='word_1_334' title='bbox 770 3251 843 3306; x_wconf 81' lang='lat' dir='ltr'><strong>ait</strong></span> <span class='ocrx_word' id='word_1_335' title='bbox 874 3267 887 3304; x_wconf 88' lang='lat'><strong>:</strong></span> <span class='ocrx_word' id='word_1_336' title='bbox 924 3249 1210 3305; x_wconf 76' lang='lat' dir='ltr'><strong>Instabiles</strong></span> <span class='ocrx_word' id='word_1_337' title='bbox 1240 3250 1373 3320; x_wconf 78' lang='lat' dir='ltr'><strong>[acti</strong></span> <span class='ocrx_word' id='word_1_338' title='bbox 1409 3261 1555 3315; x_wconf 87' lang='lat' dir='ltr'><strong>sunt,</strong></span> <span class='ocrx_word' id='word_1_339' title='bbox 1585 3252 1712 3306; x_wconf 80' lang='lat' dir='ltr'><strong>cteci</strong></span> <span class='ocrx_word' id='word_1_340' title='bbox 1734 3252 1792 3305; x_wconf 92' lang='lat' dir='ltr'><strong>in</strong></span> <span class='ocrx_word' id='word_1_341' title='bbox 1829 3252 2081 3318; x_wconf 74' lang='lat' dir='ltr'><strong>exitibus,</strong></span> 
     </span>
    </p>
   </div>
   <div class='ocr_carea' id='block_1_50' title="bbox 502 3342 2085 3417">
    <p class='ocr_par' dir='ltr' id='par_1_50' title="bbox 502 3342 2085 3417">
     <span class='ocr_line' id='line_1_50' title="bbox 502 3342 2085 3417; baseline -0.001 -18"><span class='ocrx_word' id='word_1_342' title='bbox 502 3345 697 3417; x_wconf 82' lang='lat' dir='ltr'><strong>polluti</strong></span> <span class='ocrx_word' id='word_1_343' title='bbox 747 3354 870 3398; x_wconf 87' lang='lat' dir='ltr'><strong>sunt</strong></span> <span class='ocrx_word' id='word_1_344' title='bbox 922 3344 975 3396; x_wconf 67' lang='lat' dir='ltr'><strong>in</strong></span> <span class='ocrx_word' id='word_1_345' title='bbox 1032 3342 1307 3413; x_wconf 80' lang='lat' dir='ltr'><strong>sanguine,</strong></span> <span class='ocrx_word' id='word_1_346' title='bbox 1363 3352 1421 3395; x_wconf 92' lang='lat' dir='ltr'><strong>ut</strong></span> <span class='ocrx_word' id='word_1_347' title='bbox 1481 3358 1585 3396; x_wconf 87' lang='lat' dir='ltr'><strong>non</strong></span> <span class='ocrx_word' id='word_1_348' title='bbox 1624 3353 1831 3412; x_wconf 69' lang='lat' dir='ltr'><strong>poxsent</strong></span> <span class='ocrx_word' id='word_1_349' title='bbox 1872 3353 2085 3415; x_wconf 81' lang='lat' dir='ltr'><strong>tangere</strong></span> 
     </span>
    </p>
   </div>
   <div class='ocr_carea' id='block_1_51' title="bbox 503 3433 2085 3504">
    <p class='ocr_par' dir='ltr' id='par_1_51' title="bbox 503 3433 2085 3504">
     <span class='ocr_line' id='line_1_51' title="bbox 503 3433 2085 3504; baseline -0.001 -12"><span class='ocrx_word' id='word_1_350' title='bbox 503 3446 669 3492; x_wconf 75' lang='lat' dir='ltr'><strong>vestes</strong></span> <span class='ocrx_word' id='word_1_351' title='bbox 710 3451 912 3490; x_wconf 76' lang='lat' dir='ltr'><strong>eorum.</strong></span> <span class='ocrx_word' id='word_1_352' title='bbox 960 3433 1163 3504; x_wconf 67' lang='lat' dir='ltr'><strong>Vigiles</strong></span> <span class='ocrx_word' id='word_1_353' title='bbox 1212 3434 1495 3504; x_wconf 83' lang='lat' dir='ltr'><strong>Scriptura</strong></span> <span class='ocrx_word' id='word_1_354' title='bbox 1538 3434 1762 3504; x_wconf 80' lang='lat' dir='ltr'><strong>angelos</strong></span> <span class='ocrx_word' id='word_1_355' title='bbox 1806 3444 1983 3501; x_wconf 84' lang='lat' dir='ltr'><strong>vocat,</strong></span> <span class='ocrx_word' id='word_1_356' title='bbox 2023 3445 2085 3490; x_wconf 89' lang='lat' dir='ltr'><strong>ut</strong></span> 
     </span>
    </p>
   </div>
   <div class='ocr_carea' id='block_1_52' title="bbox 503 3525 2084 3601">
    <p class='ocr_par' dir='ltr' id='par_1_52' title="bbox 503 3525 2084 3601">
     <span class='ocr_line' id='line_1_52' title="bbox 503 3525 2084 3601; baseline -0.001 -18"><span class='ocrx_word' id='word_1_357' title='bbox 503 3529 648 3601; x_wconf 84' lang='lat' dir='ltr'><strong>apud</strong></span> <span class='ocrx_word' id='word_1_358' title='bbox 688 3526 964 3583; x_wconf 86' lang='lat' dir='ltr'><strong>Danielem</strong></span> <span class='ocrx_word' id='word_1_359' title='bbox 1006 3526 1049 3580; x_wconf 78' lang='grc'>⁸.</span> <span class='ocrx_word' id='word_1_360' title='bbox 1075 3525 1149 3581; x_wconf 78' lang='lat' dir='ltr'><strong>Hi</strong></span> <span class='ocrx_word' id='word_1_361' title='bbox 1180 3541 1310 3580; x_wconf 82' lang='lat' dir='ltr'><strong>vero</strong></span> <span class='ocrx_word' id='word_1_362' title='bbox 1343 3533 1522 3593; x_wconf 84' lang='lat' dir='ltr'><strong>erant,</strong></span> <span class='ocrx_word' id='word_1_363' title='bbox 1552 3541 1650 3595; x_wconf 89' lang='lat' dir='ltr'><strong>per</strong></span> <span class='ocrx_word' id='word_1_364' title='bbox 1677 3542 1818 3597; x_wconf 89' lang='lat' dir='ltr'><strong>quos</strong></span> <span class='ocrx_word' id='word_1_365' title='bbox 1851 3527 2084 3583; x_wconf 81' lang='lat' dir='ltr'><strong>fortasse</strong></span> 
     </span>
    </p>
   </div>
   <div class='ocr_carea' id='block_1_53' title="bbox 501 3620 2078 3693">
    <p class='ocr_par' dir='ltr' id='par_1_53' title="bbox 501 3620 2078 3693">
     <span class='ocr_line' id='line_1_53' title="bbox 501 3620 2078 3693; baseline -0.003 -13"><span class='ocrx_word' id='word_1_366' title='bbox 501 3627 589 3680; x_wconf 75' lang='lat' dir='ltr'><strong>lex</strong></span> <span class='ocrx_word' id='word_1_367' title='bbox 614 3624 779 3680; x_wconf 87' lang='lat' dir='ltr'><strong>etiam</strong></span> <span class='ocrx_word' id='word_1_368' title='bbox 815 3637 912 3693; x_wconf 81' lang='lat' dir='ltr'><strong>per</strong></span> <span class='ocrx_word' id='word_1_369' title='bbox 941 3620 1179 3692; x_wconf 67' lang='lat' dir='ltr'><strong>Moysen)</strong></span> <span class='ocrx_word' id='word_1_370' title='bbox 1217 3620 1342 3674; x_wconf 81' lang='lat' dir='ltr'><strong>data</strong></span> <span class='ocrx_word' id='word_1_371' title='bbox 1381 3628 1485 3686; x_wconf 87' lang='lat' dir='ltr'><strong>est,</strong></span> <span class='ocrx_word' id='word_1_372' title='bbox 1511 3621 1814 3675; x_wconf 84' lang='lat' dir='ltr'><strong>secundum</strong></span> <span class='ocrx_word' id='word_1_373' title='bbox 1844 3621 1976 3676; x_wconf 84' lang='lat' dir='ltr'><strong>illud</strong></span> <span class='ocrx_word' id='word_1_374' title='bbox 2009 3622 2029 3652; x_wconf 68' lang='grc'>⁷</span> <span class='ocrx_word' id='word_1_375' title='bbox 2065 3640 2078 3675; x_wconf 91' lang='lat'><strong>:</strong></span> 
     </span>
    </p>
   </div>
   <div class='ocr_carea' id='block_1_54' title="bbox 504 3709 2082 3785">
    <p class='ocr_par' dir='ltr' id='par_1_54' title="bbox 504 3709 2082 3785">
     <span class='ocr_line' id='line_1_54' title="bbox 504 3709 2082 3785; baseline -0.005 -13"><span class='ocrx_word' id='word_1_376' title='bbox 504 3717 565 3773; x_wconf 80' lang='lat' dir='ltr'><strong>Si</strong></span> <span class='ocrx_word' id='word_1_377' title='bbox 593 3717 733 3771; x_wconf 82' lang='lat' dir='ltr'><strong>enim</strong></span> <span class='ocrx_word' id='word_1_378' title='bbox 785 3731 879 3785; x_wconf 82' lang='lat' dir='ltr'><strong>per</strong></span> <span class='ocrx_word' id='word_1_379' title='bbox 929 3715 1144 3784; x_wconf 82' lang='lat' dir='ltr'><strong>angelos</strong></span> <span class='ocrx_word' id='word_1_380' title='bbox 1190 3713 1532 3781; x_wconf 82' lang='lat' dir='ltr'><strong>pronuntiata</strong></span> <span class='ocrx_word' id='word_1_381' title='bbox 1582 3710 1687 3765; x_wconf 72' lang='lat' dir='ltr'><strong>lex.</strong></span> <span class='ocrx_word' id='word_1_382' title='bbox 1735 3709 1800 3764; x_wconf 89' lang='lat' dir='ltr'><strong>Hi</strong></span> <span class='ocrx_word' id='word_1_383' title='bbox 1843 3726 2082 3780; x_wconf 89' lang='lat' dir='ltr'><strong>namque</strong></span> 
     </span>
    </p>
   </div>
   <div class='ocr_carea' id='block_1_55' title="bbox 501 3801 2079 3880">
    <p class='ocr_par' dir='ltr' id='par_1_55' title="bbox 501 3801 2079 3880">
     <span class='ocr_line' id='line_1_55' title="bbox 501 3801 2079 3880; baseline -0.004 -20"><span class='ocrx_word' id='word_1_384' title='bbox 501 3820 788 3880; x_wconf 84' lang='lat' dir='ltr'><strong>postquam</strong></span> <span class='ocrx_word' id='word_1_385' title='bbox 841 3805 895 3860; x_wconf 92' lang='lat' dir='ltr'><strong>in</strong></span> <span class='ocrx_word' id='word_1_386' title='bbox 947 3819 1013 3859; x_wconf 87' lang='lat' dir='ltr'><strong>ea</strong></span> <span class='ocrx_word' id='word_1_387' title='bbox 1063 3803 1359 3869; x_wconf 80' lang='lat' dir='ltr'><strong>divinoque</strong></span> <span class='ocrx_word' id='word_1_388' title='bbox 1404 3801 1604 3871; x_wconf 83' lang='lat' dir='ltr'><strong>templo</strong></span> <span class='ocrx_word' id='word_1_389' title='bbox 1639 3812 2079 3871; x_wconf 87' lang='lat' dir='ltr'><strong>permanserunt,</strong></span> 
     </span>
    </p>
   </div>
   <div class='ocr_carea' id='block_1_56' title="bbox 500 3891 2081 3963">
    <p class='ocr_par' dir='ltr' id='par_1_56' title="bbox 500 3891 2081 3963">
     <span class='ocr_line' id='line_1_56' title="bbox 500 3891 2081 3963; baseline -0.004 -7"><span class='ocrx_word' id='word_1_390' title='bbox 500 3900 759 3956; x_wconf 89' lang='lat' dir='ltr'><strong>commoti</strong></span> <span class='ocrx_word' id='word_1_391' title='bbox 811 3897 1081 3953; x_wconf 88' lang='lat' dir='ltr'><strong>abierunt.</strong></span> <span class='ocrx_word' id='word_1_392' title='bbox 1130 3893 1404 3963; x_wconf 84' lang='lat' dir='ltr'><strong>.Iosephus</strong></span> <span class='ocrx_word' id='word_1_393' title='bbox 1449 3894 1595 3948; x_wconf 82' lang='lat' dir='ltr'><strong>enim</strong></span> <span class='ocrx_word' id='word_1_394' title='bbox 1641 3891 1807 3948; x_wconf 81' lang='lat' dir='ltr'><strong>refert</strong></span> <span class='ocrx_word' id='word_1_395' title='bbox 1836 3895 1890 3946; x_wconf 89' lang='lat' dir='ltr'><strong>in</strong></span> <span class='ocrx_word' id='word_1_396' title='bbox 1925 3892 2081 3949; x_wconf 87' lang='lat' dir='ltr'><strong>libris</strong></span> 
     </span>
    </p>
   </div>
   <div class='ocr_carea' id='block_1_57' title="bbox 2194 1787 3790 1869">
    <p class='ocr_par' dir='ltr' id='par_1_57' title="bbox 2194 1787 3790 1869">
     <span class='ocr_line' id='line_1_57' title="bbox 2194 1787 3790 1869; baseline 0.005 -23"><span class='ocrx_word' id='word_1_397' title='bbox 2194 1810 2292 1859; x_wconf 85' lang='grc' dir='ltr'><strong>τες</strong></span> <span class='ocrx_word' id='word_1_398' title='bbox 2311 1797 2365 1847; x_wconf 79' lang='grc' dir='ltr'>οἱ</span> <span class='ocrx_word' id='word_1_399' title='bbox 2380 1794 2662 1862; x_wconf 78' lang='grc' dir='ltr'>βασιλεῖς</span> <span class='ocrx_word' id='word_1_400' title='bbox 2683 1796 2791 1864; x_wconf 80' lang='grc' dir='ltr'>τῆς</span> <span class='ocrx_word' id='word_1_401' title='bbox 2812 1796 2943 1867; x_wconf 76' lang='grc' dir='ltr'>γῆς,</span> <span class='ocrx_word' id='word_1_402' title='bbox 2966 1798 3063 1851; x_wconf 78' lang='grc' dir='ltr'><strong>καὶ</strong></span> <span class='ocrx_word' id='word_1_403' title='bbox 3084 1800 3139 1852; x_wconf 81' lang='lat' dir='ltr'><strong>ot</strong></span> <span class='ocrx_word' id='word_1_404' title='bbox 3160 1787 3447 1866; x_wconf 74' lang='grc' dir='ltr'>ἄρχοντες</span> <span class='ocrx_word' id='word_1_405' title='bbox 3469 1798 3790 1869; x_wconf 77' lang='grc' dir='ltr'><strong>συνήχθη-</strong></span> 
     </span>
    </p>
   </div>
   <div class='ocr_carea' id='block_1_58' title="bbox 2193 1886 3787 1957">
    <p class='ocr_par' dir='ltr' id='par_1_58' title="bbox 2193 1886 3787 1957">
     <span class='ocr_line' id='line_1_58' title="bbox 2193 1886 3787 1957; baseline 0.004 -18"><span class='ocrx_word' id='word_1_406' title='bbox 2193 1901 2317 1941; x_wconf 81' lang='grc' dir='ltr'>σαν</span> <span class='ocrx_word' id='word_1_407' title='bbox 2351 1886 2450 1940; x_wconf 79' lang='grc' dir='ltr'><strong>ἐπὶ</strong></span> <span class='ocrx_word' id='word_1_408' title='bbox 2496 1887 2562 1939; x_wconf 80' lang='grc' dir='ltr'>τὸ</span> <span class='ocrx_word' id='word_1_409' title='bbox 2610 1887 2780 1951; x_wconf 74' lang='grc' dir='ltr'>αὐτὸ,</span> <span class='ocrx_word' id='word_1_410' title='bbox 2811 1888 2959 1942; x_wconf 82' lang='grc' dir='ltr'>κατὰ</span> <span class='ocrx_word' id='word_1_411' title='bbox 2987 1889 3094 1943; x_wconf 88' lang='grc' dir='ltr'><strong>τοῦ</strong></span> <span class='ocrx_word' id='word_1_412' title='bbox 3120 1890 3344 1957; x_wconf 74' lang='grc' dir='ltr'>Κυρίου</span> <span class='ocrx_word' id='word_1_413' title='bbox 3370 1890 3470 1944; x_wconf 82' lang='grc' dir='ltr'>καὶ</span> <span class='ocrx_word' id='word_1_414' title='bbox 3497 1890 3652 1944; x_wconf 82' lang='grc' dir='ltr'>κατὰ</span> <span class='ocrx_word' id='word_1_415' title='bbox 3678 1891 3787 1946; x_wconf 86' lang='grc' dir='ltr'><strong>τοῦ</strong></span> 
     </span>
    </p>
   </div>
   <div class='ocr_carea' id='block_1_59' title="bbox 2192 1972 3787 2054">
    <p class='ocr_par' dir='ltr' id='par_1_59' title="bbox 2192 1972 3787 2054">
     <span class='ocr_line' id='line_1_59' title="bbox 2192 1972 3787 2054; baseline 0.004 -25"><span class='ocrx_word' id='word_1_416' title='bbox 2192 1977 2451 2045; x_wconf 81' lang='grc' dir='ltr'>Χριστοῦ</span> <span class='ocrx_word' id='word_1_417' title='bbox 2478 1979 2694 2033; x_wconf 75' lang='grc' dir='ltr'>αὐτοῦ’</span> <span class='ocrx_word' id='word_1_418' title='bbox 2727 1980 2857 2052; x_wconf 75' lang='grc' dir='ltr'>περὶ</span> <span class='ocrx_word' id='word_1_419' title='bbox 2883 1972 2957 2033; x_wconf 85' lang='grc' dir='ltr'>ὧν</span> <span class='ocrx_word' id='word_1_420' title='bbox 2989 1980 3134 2045; x_wconf 84' lang='grc' dir='ltr'>τίνες</span> <span class='ocrx_word' id='word_1_421' title='bbox 3162 1982 3299 2035; x_wconf 74' lang='grc' dir='ltr'>εἰσὶν</span> <span class='ocrx_word' id='word_1_422' title='bbox 3329 1981 3567 2054; x_wconf 79' lang='grc' dir='ltr'>ἐδήλωσε</span> <span class='ocrx_word' id='word_1_423' title='bbox 3595 1983 3682 2047; x_wconf 86' lang='grc' dir='ltr'><strong>τὸ,</strong></span> <span class='ocrx_word' id='word_1_424' title='bbox 3716 1984 3787 2037; x_wconf 81' lang='lat' dir='ltr'><strong>El</strong></span> 
     </span>
    </p>
   </div>
   <div class='ocr_carea' id='block_1_60' title="bbox 2192 2069 3784 2143">
    <p class='ocr_par' dir='ltr' id='par_1_60' title="bbox 2192 2069 3784 2143">
     <span class='ocr_line' id='line_1_60' title="bbox 2192 2069 3784 2143; baseline 0.004 -21"><span class='ocrx_word' id='word_1_425' title='bbox 2192 2069 2302 2138; x_wconf 71' lang='grc' dir='ltr'>γὰρ</span> <span class='ocrx_word' id='word_1_426' title='bbox 2347 2069 2644 2139; x_wconf 75' lang='grc' dir='ltr'><strong>ἔγνωσαν,</strong></span> <span class='ocrx_word' id='word_1_427' title='bbox 2685 2073 2798 2126; x_wconf 81' lang='grc' dir='ltr'>οὐκ</span> <span class='ocrx_word' id='word_1_428' title='bbox 2846 2072 2923 2128; x_wconf 81' lang='grc' dir='ltr'><strong>ἂν</strong></span> <span class='ocrx_word' id='word_1_429' title='bbox 2969 2073 3079 2127; x_wconf 78' lang='grc' dir='ltr'><strong>τὸν</strong></span> <span class='ocrx_word' id='word_1_430' title='bbox 3129 2074 3386 2143; x_wconf 79' lang='grc' dir='ltr'>Χριστὸν</span> <span class='ocrx_word' id='word_1_431' title='bbox 3430 2074 3543 2142; x_wconf 78' lang='grc' dir='ltr'>τῆς</span> <span class='ocrx_word' id='word_1_432' title='bbox 3592 2074 3784 2143; x_wconf 77' lang='grc' dir='ltr'>δόξης</span> 
     </span>
    </p>
   </div>
   <div class='ocr_carea' id='block_1_61' title="bbox 2190 2160 3784 2236">
    <p class='ocr_par' dir='ltr' id='par_1_61' title="bbox 2190 2160 3784 2236">
     <span class='ocr_line' id='line_1_61' title="bbox 2190 2160 3784 2236; baseline 0.004 -23"><span class='ocrx_word' id='word_1_433' title='bbox 2190 2160 2585 2230; x_wconf 77' lang='grc' dir='ltr'>ἐσταύρωσαν</span> <span class='ocrx_word' id='word_1_434' title='bbox 2604 2180 2618 2193; x_wconf 88' lang='grc'><strong>·</strong></span> <span class='ocrx_word' id='word_1_435' title='bbox 2665 2164 2760 2217; x_wconf 75' lang='grc' dir='ltr'><strong>καὶ</strong></span> <span class='ocrx_word' id='word_1_436' title='bbox 2807 2164 3021 2230; x_wconf 80' lang='grc' dir='ltr'>τὺ,Ἵνα</span> <span class='ocrx_word' id='word_1_437' title='bbox 3057 2163 3357 2236; x_wconf 70' lang='grc' dir='ltr'>γνωρισθῇ</span> <span class='ocrx_word' id='word_1_438' title='bbox 3401 2168 3530 2233; x_wconf 81' lang='grc' dir='ltr'>ταῖς</span> <span class='ocrx_word' id='word_1_439' title='bbox 3567 2164 3784 2236; x_wconf 81' lang='grc' dir='ltr'>ἀρχαῖς</span> 
     </span>
    </p>
   </div>
   <div class='ocr_carea' id='block_1_62' title="bbox 2190 2251 3780 2328">
    <p class='ocr_par' dir='ltr' id='par_1_62' title="bbox 2190 2251 3780 2328">
     <span class='ocr_line' id='line_1_62' title="bbox 2190 2251 3780 2328; baseline 0.006 -25"><span class='ocrx_word' id='word_1_440' title='bbox 2190 2251 2291 2304; x_wconf 79' lang='grc' dir='ltr'><strong>καὶ</strong></span> <span class='ocrx_word' id='word_1_441' title='bbox 2329 2252 2459 2319; x_wconf 86' lang='grc' dir='ltr'>ταῖς</span> <span class='ocrx_word' id='word_1_442' title='bbox 2504 2254 2816 2323; x_wconf 79' lang='grc' dir='ltr'>ἐξουσίαις</span> <span class='ocrx_word' id='word_1_443' title='bbox 2849 2255 2921 2309; x_wconf 78' lang='grc' dir='ltr'><em>ἐν</em></span> <span class='ocrx_word' id='word_1_444' title='bbox 2954 2256 3079 2323; x_wconf 85' lang='grc' dir='ltr'>τοῖς</span> <span class='ocrx_word' id='word_1_445' title='bbox 3107 2257 3488 2324; x_wconf 80' lang='grc' dir='ltr'>ἐπουρανίοις</span> <span class='ocrx_word' id='word_1_446' title='bbox 3527 2256 3626 2310; x_wconf 80' lang='grc' dir='ltr'><strong>διὰ</strong></span> <span class='ocrx_word' id='word_1_447' title='bbox 3668 2256 3780 2328; x_wconf 84' lang='grc' dir='ltr'>τῆς</span> 
     </span>
    </p>
   </div>
   <div class='ocr_carea' id='block_1_63' title="bbox 2203 2343 3776 2416">
    <p class='ocr_par' dir='ltr' id='par_1_63' title="bbox 2203 2343 3776 2416">
     <span class='ocr_line' id='line_1_63' title="bbox 2203 2343 3776 2416; baseline 0.004 -20"><span class='ocrx_word' id='word_1_448' title='bbox 2203 2343 2564 2412; x_wconf 81' lang='grc' dir='ltr'>Ἐκκλησίας</span> <span class='ocrx_word' id='word_1_449' title='bbox 2609 2346 2647 2413; x_wconf 77' lang='grc' dir='ltr'><em>ὴ</em></span> <span class='ocrx_word' id='word_1_450' title='bbox 2708 2348 3143 2413; x_wconf 77' lang='grc' dir='ltr'>πολυποίκιλος</span> <span class='ocrx_word' id='word_1_451' title='bbox 3185 2348 3373 2416; x_wconf 73' lang='grc' dir='ltr'>σοφία</span> <span class='ocrx_word' id='word_1_452' title='bbox 3426 2348 3532 2402; x_wconf 87' lang='grc' dir='ltr'><strong>τοῦ</strong></span> <span class='ocrx_word' id='word_1_453' title='bbox 3584 2349 3735 2403; x_wconf 83' lang='grc' dir='ltr'><strong>Θεοῦ</strong></span> <span class='ocrx_word' id='word_1_454' title='bbox 3760 2366 3776 2380; x_wconf 87' lang='grc'><strong>·</strong></span> 
     </span>
    </p>
   </div>
   <div class='ocr_carea' id='block_1_64' title="bbox 2190 2428 3772 2510">
    <p class='ocr_par' dir='ltr' id='par_1_64' title="bbox 2190 2428 3772 2510">
     <span class='ocr_line' id='line_1_64' title="bbox 2190 2428 3772 2510; baseline 0.007 -28"><span class='ocrx_word' id='word_1_455' title='bbox 2190 2428 2356 2501; x_wconf 73' lang='grc' dir='ltr'>ᾤοντο</span> <span class='ocrx_word' id='word_1_456' title='bbox 2385 2433 2494 2506; x_wconf 83' lang='grc' dir='ltr'>γὰρ</span> <span class='ocrx_word' id='word_1_457' title='bbox 2523 2436 2598 2506; x_wconf 84' lang='grc' dir='ltr'>μὴ</span> <span class='ocrx_word' id='word_1_458' title='bbox 2633 2435 3019 2506; x_wconf 83' lang='grc' dir='ltr'>παραδίδοσθαι</span> <span class='ocrx_word' id='word_1_459' title='bbox 3044 2437 3141 2509; x_wconf 80' lang='grc' dir='ltr'><strong>τὴν</strong></span> <span class='ocrx_word' id='word_1_460' title='bbox 3187 2436 3539 2510; x_wconf 79' lang='grc' dir='ltr'>Ἰερουσαλὴμ</span> <span class='ocrx_word' id='word_1_461' title='bbox 3565 2442 3645 2503; x_wconf 80' lang='grc' dir='ltr'>εἰς</span> <span class='ocrx_word' id='word_1_462' title='bbox 3677 2441 3772 2493; x_wconf 82' lang='grc' dir='ltr'>τό·</span> 
     </span>
    </p>
   </div>
   <div class='ocr_carea' id='block_1_65' title="bbox 2188 2522 3772 2603">
    <p class='ocr_par' dir='ltr' id='par_1_65' title="bbox 2188 2522 3772 2603">
     <span class='ocr_line' id='line_1_65' title="bbox 2188 2522 3772 2603; baseline 0.005 -28"><span class='ocrx_word' id='word_1_463' title='bbox 2188 2522 2280 2587; x_wconf 87' lang='grc' dir='ltr'><strong>λος</strong></span> <span class='ocrx_word' id='word_1_464' title='bbox 2313 2522 2474 2597; x_wconf 83' lang='grc' dir='ltr'>μέχρι</span> <span class='ocrx_word' id='word_1_465' title='bbox 2513 2525 2607 2579; x_wconf 81' lang='grc' dir='ltr'><strong>τοῦ</strong></span> <span class='ocrx_word' id='word_1_466' title='bbox 2640 2526 2829 2591; x_wconf 75' lang='grc' dir='ltr'>ἔθνους</span> <span class='ocrx_word' id='word_1_467' title='bbox 2860 2526 3051 2580; x_wconf 89' lang='grc' dir='ltr'>τούτου</span> <span class='ocrx_word' id='word_1_468' title='bbox 3086 2527 3191 2599; x_wconf 80' lang='grc' dir='ltr'><strong>τὴν</strong></span> <span class='ocrx_word' id='word_1_469' title='bbox 3219 2529 3355 2600; x_wconf 83' lang='grc' dir='ltr'>πρὸς</span> <span class='ocrx_word' id='word_1_470' title='bbox 3379 2532 3502 2594; x_wconf 77' lang='grc' dir='ltr'>τοὺς</span> <span class='ocrx_word' id='word_1_471' title='bbox 3527 2531 3772 2603; x_wconf 82' lang='grc' dir='ltr'>πατέρας</span> 
     </span>
    </p>
   </div>
   <div class='ocr_carea' id='block_1_66' title="bbox 2189 2613 3662 2692">
    <p class='ocr_par' dir='ltr' id='par_1_66' title="bbox 2189 2613 3662 2692">
     <span class='ocr_line' id='line_1_66' title="bbox 2189 2613 3662 2692; baseline 0.005 -27"><span class='ocrx_word' id='word_1_472' title='bbox 2189 2613 2521 2682; x_wconf 82' lang='grc' dir='ltr'>ἐπαγγελίαν</span> <span class='ocrx_word' id='word_1_473' title='bbox 2552 2615 2810 2685; x_wconf 74' lang='grc' dir='ltr'>οἰόμενοι,</span> <span class='ocrx_word' id='word_1_474' title='bbox 2835 2615 3000 2686; x_wconf 80' lang='grc' dir='ltr'>μηδὲν</span> <span class='ocrx_word' id='word_1_475' title='bbox 3026 2616 3228 2682; x_wconf 79' lang='grc' dir='ltr'>εἰδότες</span> <span class='ocrx_word' id='word_1_476' title='bbox 3252 2621 3375 2691; x_wconf 69' lang='grc' dir='ltr'>περὶ</span> <span class='ocrx_word' id='word_1_477' title='bbox 3405 2620 3662 2692; x_wconf 87' lang='grc' dir='ltr'>Χριστοῦ.</span> 
     </span>
    </p>
   </div>
   <div class='ocr_carea' id='block_1_67' title="bbox 2272 2703 3773 2782">
    <p class='ocr_par' dir='ltr' id='par_1_67' title="bbox 2272 2703 3773 2782">
     <span class='ocr_line' id='line_1_67' title="bbox 2272 2703 3773 2782; baseline 0.008 -27"><span class='ocrx_word' id='word_1_478' title='bbox 2272 2703 2369 2768; x_wconf 79' lang='grc' dir='ltr'><strong>Ἐξ</strong></span> <span class='ocrx_word' id='word_1_479' title='bbox 2411 2704 2709 2773; x_wconf 78' lang='grc' dir='ltr'>ἁμαρτιῶν</span> <span class='ocrx_word' id='word_1_480' title='bbox 2759 2707 3082 2775; x_wconf 66' lang='grc' dir='ltr'><strong>προφητῶν</strong></span> <span class='ocrx_word' id='word_1_481' title='bbox 3119 2709 3330 2776; x_wconf 81' lang='grc' dir='ltr'>αὐτῆς,</span> <span class='ocrx_word' id='word_1_482' title='bbox 3364 2711 3458 2764; x_wconf 63' lang='grc' dir='ltr'>καὶ.</span> <span class='ocrx_word' id='word_1_483' title='bbox 3507 2711 3575 2765; x_wconf 84' lang='grc' dir='ltr'>τὰ</span> <span class='ocrx_word' id='word_1_484' title='bbox 3621 2710 3773 2782; x_wconf 78' lang='grc' dir='ltr'>ἑξῆς.</span> 
     </span>
    </p>
   </div>
   <div class='ocr_carea' id='block_1_68' title="bbox 2188 2791 3772 2875">
    <p class='ocr_par' dir='ltr' id='par_1_68' title="bbox 2188 2791 3772 2875">
     <span class='ocr_line' id='line_1_68' title="bbox 2188 2791 3772 2875; baseline 0.004 -24"><span class='ocrx_word' id='word_1_485' title='bbox 2188 2791 2337 2869; x_wconf 63' lang='grc' dir='ltr'>Αἷμα</span> <span class='ocrx_word' id='word_1_486' title='bbox 2365 2796 2569 2850; x_wconf 86' lang='grc' dir='ltr'>δίκαιον</span> <span class='ocrx_word' id='word_1_487' title='bbox 2599 2797 2800 2868; x_wconf 86' lang='grc' dir='ltr'>κυρίως</span> <span class='ocrx_word' id='word_1_488' title='bbox 2834 2799 2897 2852; x_wconf 81' lang='grc' dir='ltr'>τὸ</span> <span class='ocrx_word' id='word_1_489' title='bbox 2926 2799 3020 2853; x_wconf 91' lang='grc' dir='ltr'><strong>τοῦ</strong></span> <span class='ocrx_word' id='word_1_490' title='bbox 3063 2801 3315 2872; x_wconf 79' lang='grc' dir='ltr'>Σωτῆρος</span> <span class='ocrx_word' id='word_1_491' title='bbox 3344 2802 3606 2874; x_wconf 81' lang='grc' dir='ltr'>Χριστοῦ,</span> <span class='ocrx_word' id='word_1_492' title='bbox 3638 2806 3772 2875; x_wconf 81' lang='grc' dir='ltr'>ὅπερ</span> 
     </span>
    </p>
   </div>
   <div class='ocr_carea' id='block_1_69' title="bbox 2188 2886 3771 2965">
    <p class='ocr_par' dir='ltr' id='par_1_69' title="bbox 2188 2886 3771 2965">
     <span class='ocr_line' id='line_1_69' title="bbox 2188 2886 3771 2965; baseline 0.006 -27"><span class='ocrx_word' id='word_1_493' title='bbox 2188 2886 2479 2956; x_wconf 79' lang='grc' dir='ltr'>ἐκχέαντες</span> <span class='ocrx_word' id='word_1_494' title='bbox 2504 2886 2723 2951; x_wconf 81' lang='grc' dir='ltr'>τελείως</span> <span class='ocrx_word' id='word_1_495' title='bbox 2753 2886 3052 2952; x_wconf 82' lang='grc' dir='ltr'>ἀπώλοντο,</span> <span class='ocrx_word' id='word_1_496' title='bbox 3084 2890 3177 2943; x_wconf 72' lang='grc' dir='ltr'><strong>ἐπὶ</strong></span> <span class='ocrx_word' id='word_1_497' title='bbox 3205 2893 3318 2955; x_wconf 89' lang='grc' dir='ltr'>τοῖς</span> <span class='ocrx_word' id='word_1_498' title='bbox 3343 2892 3450 2946; x_wconf 85' lang='grc' dir='ltr'><strong>τῶν</strong></span> <span class='ocrx_word' id='word_1_499' title='bbox 3477 2894 3771 2965; x_wconf 63' lang='grc' dir='ltr'>προφηιιῖη</span> 
     </span>
    </p>
   </div>
   <div class='ocr_carea' id='block_1_70' title="bbox 2191 2976 3169 3052">
    <p class='ocr_par' dir='ltr' id='par_1_70' title="bbox 2191 2976 3169 3052">
     <span class='ocr_line' id='line_1_70' title="bbox 2191 2976 3169 3052; baseline 0.009 -24"><span class='ocrx_word' id='word_1_500' title='bbox 2191 2976 2388 3048; x_wconf 79' lang='grc' dir='ltr'>αἵμασι</span> <span class='ocrx_word' id='word_1_501' title='bbox 2424 2976 2658 3051; x_wconf 82' lang='grc' dir='ltr'>μετρίως</span> <span class='ocrx_word' id='word_1_502' title='bbox 2693 2980 3169 3052; x_wconf 66' lang='grc' dir='ltr'>σωφρονιζόμενος.</span> 
     </span>
    </p>
   </div>
   <div class='ocr_carea' id='block_1_71' title="bbox 2268 3161 3774 3246">
    <p class='ocr_par' dir='ltr' id='par_1_71' title="bbox 2268 3161 3774 3246">
     <span class='ocr_line' id='line_1_71' title="bbox 2268 3161 3774 3246; baseline 0.01 -33"><span class='ocrx_word' id='word_1_503' title='bbox 2268 3161 2723 3230; x_wconf 83' lang='grc' dir='ltr'>Ἐσαλεύθησαν</span> <span class='ocrx_word' id='word_1_504' title='bbox 2744 3164 3074 3235; x_wconf 65' lang='grc' dir='ltr'>ἐπρήγοροι,</span> <span class='ocrx_word' id='word_1_505' title='bbox 3098 3183 3154 3222; x_wconf 91' lang='grc' dir='ltr'><strong>κ.</strong></span> <span class='ocrx_word' id='word_1_506' title='bbox 3181 3184 3235 3223; x_wconf 87' lang='grc' dir='ltr'><strong>τ.</strong></span> <span class='ocrx_word' id='word_1_507' title='bbox 3268 3168 3317 3224; x_wconf 80' lang='grc' dir='ltr'>ἕ.</span> <span class='ocrx_word' id='word_1_508' title='bbox 3351 3168 3647 3242; x_wconf 84' lang='grc' dir='ltr'>Σύμμαχός</span> <span class='ocrx_word' id='word_1_509' title='bbox 3670 3190 3774 3246; x_wconf 74' lang='grc' dir='ltr'><strong>φη⁶</strong></span> 
     </span>
    </p>
   </div>
   <div class='ocr_carea' id='block_1_72' title="bbox 2185 3251 3771 3330">
    <p class='ocr_par' dir='ltr' id='par_1_72' title="bbox 2185 3251 3771 3330">
     <span class='ocr_line' id='line_1_72' title="bbox 2185 3251 3771 3330; baseline 0.008 -24"><span class='ocrx_word' id='word_1_510' title='bbox 2185 3268 2297 3306; x_wconf 75' lang='grc' dir='ltr'>σινο</span> <span class='ocrx_word' id='word_1_511' title='bbox 2336 3251 2755 3309; x_wconf 83' lang='grc' dir='ltr'>Ἀκατάστατοι</span> <span class='ocrx_word' id='word_1_512' title='bbox 2796 3256 3101 3326; x_wconf 73' lang='grc' dir='ltr'>ἐγένοντο,</span> <span class='ocrx_word' id='word_1_513' title='bbox 3139 3260 3357 3329; x_wconf 75' lang='grc' dir='ltr'>τυφλοὶ</span> <span class='ocrx_word' id='word_1_514' title='bbox 3378 3262 3449 3314; x_wconf 81' lang='grc' dir='ltr'><strong>ἐν</strong></span> <span class='ocrx_word' id='word_1_515' title='bbox 3482 3262 3615 3329; x_wconf 86' lang='grc' dir='ltr'>ταῖς</span> <span class='ocrx_word' id='word_1_516' title='bbox 3638 3263 3771 3330; x_wconf 79' lang='grc' dir='ltr'><strong>ἐξό-</strong></span> 
     </span>
    </p>
   </div>
   <div class='ocr_carea' id='block_1_73' title="bbox 2182 3343 3773 3424">
    <p class='ocr_par' dir='ltr' id='par_1_73' title="bbox 2182 3343 3773 3424">
     <span class='ocr_line' id='line_1_73' title="bbox 2182 3343 3773 3424; baseline 0.008 -26"><span class='ocrx_word' id='word_1_517' title='bbox 2182 3343 2329 3413; x_wconf 84' lang='grc' dir='ltr'>δοις,</span> <span class='ocrx_word' id='word_1_518' title='bbox 2357 3346 2673 3415; x_wconf 68' lang='grc' dir='ltr'>ἐφύρασαν</span> <span class='ocrx_word' id='word_1_519' title='bbox 2692 3348 2762 3401; x_wconf 76' lang='grc' dir='ltr'><strong>ἐν</strong></span> <span class='ocrx_word' id='word_1_520' title='bbox 2782 3348 3169 3417; x_wconf 77' lang='grc' dir='ltr'>αῖματι,ὣστε</span> <span class='ocrx_word' id='word_1_521' title='bbox 3184 3351 3271 3421; x_wconf 79' lang='grc' dir='ltr'>μὴ</span> <span class='ocrx_word' id='word_1_522' title='bbox 3291 3352 3587 3408; x_wconf 78' lang='grc' dir='ltr'>δύνασθαι</span> <span class='ocrx_word' id='word_1_523' title='bbox 3613 3354 3773 3424; x_wconf 67' lang='grc' dir='ltr'><strong>ἅψαι</strong></span> 
     </span>
    </p>
   </div>
   <div class='ocr_carea' id='block_1_74' title="bbox 2182 3436 3772 3517">
    <p class='ocr_par' dir='ltr' id='par_1_74' title="bbox 2182 3436 3772 3517">
     <span class='ocr_line' id='line_1_74' title="bbox 2182 3436 3772 3517; baseline 0.008 -28"><span class='ocrx_word' id='word_1_524' title='bbox 2182 3438 2322 3489; x_wconf 83' lang='grc' dir='ltr'>σθαι</span> <span class='ocrx_word' id='word_1_525' title='bbox 2362 3436 2473 3506; x_wconf 81' lang='grc' dir='ltr'>τῆς</span> <span class='ocrx_word' id='word_1_526' title='bbox 2514 3436 2772 3506; x_wconf 81' lang='grc' dir='ltr'>ἐσθῆτος</span> <span class='ocrx_word' id='word_1_527' title='bbox 2794 3438 3010 3495; x_wconf 80' lang='grc' dir='ltr'>αὐτῶν.</span> <span class='ocrx_word' id='word_1_528' title='bbox 3028 3442 3395 3514; x_wconf 83' lang='grc' dir='ltr'>Ἐγρηγόρους</span> <span class='ocrx_word' id='word_1_529' title='bbox 3422 3444 3613 3517; x_wconf 78' lang='grc' dir='ltr'>Γραφὴ</span> <span class='ocrx_word' id='word_1_530' title='bbox 3642 3447 3772 3511; x_wconf 72' lang='grc' dir='ltr'>τοὺς</span> 
     </span>
    </p>
   </div>
   <div class='ocr_carea' id='block_1_75' title="bbox 2181 3524 3769 3607">
    <p class='ocr_par' dir='ltr' id='par_1_75' title="bbox 2181 3524 3769 3607">
     <span class='ocr_line' id='line_1_75' title="bbox 2181 3524 3769 3607; baseline 0.008 -28"><span class='ocrx_word' id='word_1_531' title='bbox 2181 3526 2450 3596; x_wconf 82' lang='grc' dir='ltr'>ἀγγέλους</span> <span class='ocrx_word' id='word_1_532' title='bbox 2479 3524 2654 3593; x_wconf 80' lang='grc' dir='ltr'>καλεῖ,</span> <span class='ocrx_word' id='word_1_533' title='bbox 2687 3529 2763 3592; x_wconf 85' lang='grc' dir='ltr'>ὼς</span> <span class='ocrx_word' id='word_1_534' title='bbox 2791 3529 2943 3602; x_wconf 81' lang='grc' dir='ltr'>παρὰ</span> <span class='ocrx_word' id='word_1_535' title='bbox 2970 3530 3049 3601; x_wconf 83' lang='grc' dir='ltr'>τῷ</span> <span class='ocrx_word' id='word_1_536' title='bbox 3085 3534 3301 3605; x_wconf 75' lang='grc' dir='ltr'>Δανιὴλ.</span> <span class='ocrx_word' id='word_1_537' title='bbox 3333 3528 3495 3588; x_wconf 74' lang='grc' dir='ltr'>Οὗτοι</span> <span class='ocrx_word' id='word_1_538' title='bbox 3526 3536 3583 3590; x_wconf 79' lang='grc' dir='ltr'><strong>δὲ</strong></span> <span class='ocrx_word' id='word_1_539' title='bbox 3603 3532 3769 3607; x_wconf 76' lang='grc' dir='ltr'>ἦσαν,</span> 
     </span>
    </p>
   </div>
   <div class='ocr_carea' id='block_1_76' title="bbox 2180 3613 3767 3698">
    <p class='ocr_par' dir='ltr' id='par_1_76' title="bbox 2180 3613 3767 3698">
     <span class='ocr_line' id='line_1_76' title="bbox 2180 3613 3767 3698; baseline 0.007 -27"><span class='ocrx_word' id='word_1_540' title='bbox 2180 3618 2246 3671; x_wconf 86' lang='grc' dir='ltr'><strong>δι’</strong></span> <span class='ocrx_word' id='word_1_541' title='bbox 2272 3613 2349 3672; x_wconf 83' lang='grc' dir='ltr'>ὧν</span> <span class='ocrx_word' id='word_1_542' title='bbox 2382 3619 2513 3683; x_wconf 77' lang='grc' dir='ltr'>ἴσως</span> <span class='ocrx_word' id='word_1_543' title='bbox 2542 3622 2637 3674; x_wconf 83' lang='grc' dir='ltr'><strong>καί</strong></span> <span class='ocrx_word' id='word_1_544' title='bbox 2663 3624 2692 3675; x_wconf 86' lang='grc' dir='ltr'><strong>ό</strong></span> <span class='ocrx_word' id='word_1_545' title='bbox 2714 3621 2801 3674; x_wconf 66' lang='grc' dir='ltr'><strong>διὰ</strong></span> <span class='ocrx_word' id='word_1_546' title='bbox 2823 3623 3104 3688; x_wconf 85' lang='grc' dir='ltr'>Μωῦσέως</span> <span class='ocrx_word' id='word_1_547' title='bbox 3135 3626 3299 3696; x_wconf 88' lang='grc' dir='ltr'>νόμος</span> <span class='ocrx_word' id='word_1_548' title='bbox 3322 3625 3479 3698; x_wconf 76' lang='grc' dir='ltr'>ἐδόθη</span> <span class='ocrx_word' id='word_1_549' title='bbox 3504 3628 3647 3681; x_wconf 83' lang='grc' dir='ltr'><strong>κατά</strong></span> <span class='ocrx_word' id='word_1_550' title='bbox 3674 3628 3737 3682; x_wconf 89' lang='grc' dir='ltr'><strong>τό</strong></span> <span class='ocrx_word' id='word_1_551' title='bbox 3754 3645 3767 3659; x_wconf 87' lang='grc'><strong>·</strong></span> 
     </span>
    </p>
   </div>
   <div class='ocr_carea' id='block_1_77' title="bbox 2181 3711 3767 3790">
    <p class='ocr_par' dir='ltr' id='par_1_77' title="bbox 2181 3711 3767 3790">
     <span class='ocr_line' id='line_1_77' title="bbox 2181 3711 3767 3790; baseline 0.008 -27"><span class='ocrx_word' id='word_1_552' title='bbox 2181 3712 2252 3763; x_wconf 82' lang='grc' dir='ltr'><strong>Εἰ</strong></span> <span class='ocrx_word' id='word_1_553' title='bbox 2281 3711 2392 3780; x_wconf 76' lang='grc' dir='ltr'>γὰρ</span> <span class='ocrx_word' id='word_1_554' title='bbox 2431 3714 2465 3765; x_wconf 85' lang='grc' dir='ltr'><em>ὀ</em></span> <span class='ocrx_word' id='word_1_555' title='bbox 2488 3711 2564 3765; x_wconf 81' lang='grc' dir='ltr'><strong>δι’</strong></span> <span class='ocrx_word' id='word_1_556' title='bbox 2594 3712 2869 3783; x_wconf 73' lang='grc' dir='ltr'>ἀγγέλων</span> <span class='ocrx_word' id='word_1_557' title='bbox 2903 3715 3188 3782; x_wconf 80' lang='grc' dir='ltr'>λαληθεὶς</span> <span class='ocrx_word' id='word_1_558' title='bbox 3212 3717 3416 3786; x_wconf 82' lang='grc' dir='ltr'>νόμος.</span> <span class='ocrx_word' id='word_1_559' title='bbox 3450 3712 3606 3772; x_wconf 76' lang='grc' dir='ltr'>Οὗτοι</span> <span class='ocrx_word' id='word_1_560' title='bbox 3635 3719 3767 3790; x_wconf 78' lang='grc' dir='ltr'>γὰρ,</span> 
     </span>
    </p>
   </div>
   <div class='ocr_carea' id='block_1_78' title="bbox 2181 3802 3770 3878">
    <p class='ocr_par' dir='ltr' id='par_1_78' title="bbox 2181 3802 3770 3878">
     <span class='ocr_line' id='line_1_78' title="bbox 2181 3802 3770 3878; baseline 0.008 -27"><span class='ocrx_word' id='word_1_561' title='bbox 2181 3802 2719 3873; x_wconf 75' lang='grc' dir='ltr'>προσκαρτεροῦντες</span> <span class='ocrx_word' id='word_1_562' title='bbox 2751 3804 2889 3876; x_wconf 80' lang='grc' dir='ltr'>αὐτῇ</span> <span class='ocrx_word' id='word_1_563' title='bbox 2922 3804 3017 3858; x_wconf 73' lang='grc' dir='ltr'><strong>καὶ</strong></span> <span class='ocrx_word' id='word_1_564' title='bbox 3050 3804 3128 3876; x_wconf 82' lang='grc' dir='ltr'>τῷ</span> <span class='ocrx_word' id='word_1_565' title='bbox 3157 3805 3286 3877; x_wconf 86' lang='grc' dir='ltr'>θείῳ</span> <span class='ocrx_word' id='word_1_566' title='bbox 3319 3807 3451 3878; x_wconf 85' lang='grc' dir='ltr'>ναῷ,</span> <span class='ocrx_word' id='word_1_567' title='bbox 3481 3807 3770 3863; x_wconf 79' lang='grc' dir='ltr'>σαλευθέν-</span> 
     </span>
    </p>
   </div>
   <div class='ocr_carea' id='block_1_79' title="bbox 2177 3894 3769 3972">
    <p class='ocr_par' dir='ltr' id='par_1_79' title="bbox 2177 3894 3769 3972">
     <span class='ocr_line' id='line_1_79' title="bbox 2177 3894 3769 3972; baseline 0.007 -27"><span class='ocrx_word' id='word_1_568' title='bbox 2177 3908 2270 3956; x_wconf 85' lang='grc' dir='ltr'><strong>τες</strong></span> <span class='ocrx_word' id='word_1_569' title='bbox 2296 3894 2656 3967; x_wconf 79' lang='grc' dir='ltr'>μετέστησαν.</span> <span class='ocrx_word' id='word_1_570' title='bbox 2675 3895 2980 3967; x_wconf 83' lang='grc' dir='ltr'>Ἰώσηππος</span> <span class='ocrx_word' id='word_1_571' title='bbox 2998 3896 3109 3970; x_wconf 83' lang='grc' dir='ltr'>γὰρ</span> <span class='ocrx_word' id='word_1_572' title='bbox 3137 3900 3196 3952; x_wconf 78' lang='grc' dir='ltr'>ἐν</span> <span class='ocrx_word' id='word_1_573' title='bbox 3216 3903 3329 3965; x_wconf 82' lang='grc' dir='ltr'>τοῖς</span> <span class='ocrx_word' id='word_1_574' title='bbox 3356 3900 3484 3972; x_wconf 81' lang='grc' dir='ltr'>περὶ</span> <span class='ocrx_word' id='word_1_575' title='bbox 3510 3900 3769 3965; x_wconf 79' lang='grc' dir='ltr'>ἁλώσεως</span> 
     </span>
    </p>
   </div>
   <div class='ocr_carea' id='block_1_80' title="bbox 499 3984 2084 4061">
    <p class='ocr_par' dir='ltr' id='par_1_80' title="bbox 499 3984 2077 4060">
     <span class='ocr_line' id='line_1_80' title="bbox 499 3984 2077 4060; baseline -0.006 -13"><span class='ocrx_word' id='word_1_576' title='bbox 499 3992 581 4047; x_wconf 76' lang='lat' dir='ltr'><strong>De</strong></span> <span class='ocrx_word' id='word_1_577' title='bbox 603 3992 905 4060; x_wconf 80' lang='lat' dir='ltr'><strong>captivitate</strong></span> <span class='ocrx_word' id='word_1_578' title='bbox 933 3990 976 4054; x_wconf 82' lang='grc'>⁸,</span> <span class='ocrx_word' id='word_1_579' title='bbox 1012 3987 1496 4044; x_wconf 84' lang='lat' dir='ltr'><strong>sacerdotes.-cnm</strong></span> <span class='ocrx_word' id='word_1_580' title='bbox 1533 3994 1695 4040; x_wconf 87' lang='lat' dir='ltr'><strong>noctu</strong></span> <span class='ocrx_word' id='word_1_581' title='bbox 1735 3985 1788 4039; x_wconf 92' lang='lat' dir='ltr'><strong>in</strong></span> <span class='ocrx_word' id='word_1_582' title='bbox 1817 3984 2077 4054; x_wconf 86' lang='lat' dir='ltr'><strong>templum</strong></span> 
     </span>
    </p>
   </div>
   <div class='ocr_carea' id='block_1_81' title="bbox 2190 3984 3770 4061">
    <p class='ocr_par' dir='ltr' id='par_1_81' title="bbox 2190 3984 3770 4061">
     <span class='ocr_line' id='line_1_81' title="bbox 2190 3984 3770 4061; baseline 0.008 -26"><span class='ocrx_word' id='word_1_583' title='bbox 2190 3984 2404 4056; x_wconf 74' lang='grc' dir='ltr'>ἱστορεῖ,</span> <span class='ocrx_word' id='word_1_584' title='bbox 2433 3985 2511 4050; x_wconf 85' lang='grc' dir='ltr'>ὼς</span> <span class='ocrx_word' id='word_1_585' title='bbox 2540 3985 2758 4058; x_wconf 85' lang='grc' dir='ltr'>νύκτωρ</span> <span class='ocrx_word' id='word_1_586' title='bbox 2782 3990 2831 4042; x_wconf 81' lang='grc' dir='ltr'>οἱ</span> <span class='ocrx_word' id='word_1_587' title='bbox 2861 3990 3046 4060; x_wconf 80' lang='grc' dir='ltr'>ἱερεῖς,</span> <span class='ocrx_word' id='word_1_588' title='bbox 3067 3989 3456 4061; x_wconf 86' lang='grc' dir='ltr'>προσελθόντες</span> <span class='ocrx_word' id='word_1_589' title='bbox 3485 3993 3565 4055; x_wconf 81' lang='grc' dir='ltr'>εἰς</span> <span class='ocrx_word' id='word_1_590' title='bbox 3593 3993 3660 4045; x_wconf 77' lang='grc' dir='ltr'>τὸ</span> <span class='ocrx_word' id='word_1_591' title='bbox 3693 3994 3770 4047; x_wconf 69' lang='grc' dir='ltr'><strong>ιε-</strong></span> 
     </span>
    </p>
   </div>
   <div class='ocr_carea' id='block_1_82' title="bbox 497 4073 2084 4154">
    <p class='ocr_par' dir='ltr' id='par_1_82' title="bbox 497 4075 2077 4142">
     <span class='ocr_line' id='line_1_82' title="bbox 497 4075 2077 4142; baseline -0.007 -3"><span class='ocrx_word' id='word_1_592' title='bbox 497 4084 780 4141; x_wconf 81' lang='lat' dir='ltr'><strong>venissent</strong></span> <span class='ocrx_word' id='word_1_593' title='bbox 839 4080 906 4136; x_wconf 89' lang='lat' dir='ltr'><strong>ad</strong></span> <span class='ocrx_word' id='word_1_594' title='bbox 958 4079 1281 4141; x_wconf 84' lang='lat' dir='ltr'><strong>ministeria,</strong></span> <span class='ocrx_word' id='word_1_595' title='bbox 1341 4085 1400 4132; x_wconf 84' lang='lat' dir='ltr'><strong>ut</strong></span> <span class='ocrx_word' id='word_1_596' title='bbox 1445 4091 1571 4132; x_wconf 87' lang='lat' dir='ltr'><strong>mos</strong></span> <span class='ocrx_word' id='word_1_597' title='bbox 1623 4087 1760 4142; x_wconf 89' lang='lat' dir='ltr'><strong>erat,</strong></span> <span class='ocrx_word' id='word_1_598' title='bbox 1802 4075 2077 4142; x_wconf 84' lang='lat' dir='ltr'><strong>obeunda,</strong></span> 
     </span>
    </p>
   </div>
   <div class='ocr_carea' id='block_1_83' title="bbox 2190 4073 3764 4154">
    <p class='ocr_par' dir='ltr' id='par_1_83' title="bbox 2190 4073 3764 4154">
     <span class='ocr_line' id='line_1_83' title="bbox 2190 4073 3764 4154; baseline 0.004 -25"><span class='ocrx_word' id='word_1_599' title='bbox 2190 4073 2296 4145; x_wconf 71' lang='grc' dir='ltr'>ρον,</span> <span class='ocrx_word' id='word_1_600' title='bbox 2330 4075 2521 4150; x_wconf 84' lang='grc' dir='ltr'>ὥσπερ</span> <span class='ocrx_word' id='word_1_601' title='bbox 2564 4079 2754 4143; x_wconf 80' lang='grc' dir='ltr'>αὐτοῖς</span> <span class='ocrx_word' id='word_1_602' title='bbox 2793 4079 2912 4142; x_wconf 79' lang='grc' dir='ltr'>ἔθος</span> <span class='ocrx_word' id='word_1_603' title='bbox 2950 4075 3040 4151; x_wconf 81' lang='grc' dir='ltr'>ἦν,</span> <span class='ocrx_word' id='word_1_604' title='bbox 3074 4082 3212 4152; x_wconf 77' lang='grc' dir='ltr'>πρὸς</span> <span class='ocrx_word' id='word_1_605' title='bbox 3254 4083 3355 4146; x_wconf 84' lang='grc' dir='ltr'>τὰς</span> <span class='ocrx_word' id='word_1_606' title='bbox 3399 4082 3764 4154; x_wconf 84' lang='grc' dir='ltr'>λειτουργίας,</span> 
     </span>
    </p>
   </div>
   <div class='ocr_carea' id='block_1_84' title="bbox 499 4168 2084 4252">
    <p class='ocr_par' dir='ltr' id='par_1_84' title="bbox 499 4168 2076 4252">
     <span class='ocr_line' id='line_1_84' title="bbox 499 4168 2076 4252; baseline -0.009 -17"><span class='ocrx_word' id='word_1_607' title='bbox 499 4181 679 4252; x_wconf 88' lang='lat' dir='ltr'><strong>primo</strong></span> <span class='ocrx_word' id='word_1_608' title='bbox 699 4176 916 4248; x_wconf 85' lang='lat' dir='ltr'><strong>quidem</strong></span> <span class='ocrx_word' id='word_1_609' title='bbox 938 4174 1361 4232; x_wconf 86' lang='lat' dir='ltr'><strong>commotionem</strong></span> <span class='ocrx_word' id='word_1_610' title='bbox 1379 4188 1408 4226; x_wconf 89' lang='lat' dir='ltr'><strong>a</strong></span> <span class='ocrx_word' id='word_1_611' title='bbox 1432 4186 1490 4227; x_wconf 83' lang='lat' dir='ltr'><strong>se</strong></span> <span class='ocrx_word' id='word_1_612' title='bbox 1514 4177 1823 4241; x_wconf 77' lang='lat' dir='ltr'><strong>perceptam</strong></span> <span class='ocrx_word' id='word_1_613' title='bbox 1850 4168 2076 4233; x_wconf 77' lang='lat' dir='ltr'><strong>dixisse,</strong></span> 
     </span>
    </p>
   </div>
   <div class='ocr_carea' id='block_1_85' title="bbox 2190 4168 3766 4252">
    <p class='ocr_par' dir='ltr' id='par_1_85' title="bbox 2190 4170 3766 4248">
     <span class='ocr_line' id='line_1_85' title="bbox 2190 4170 3766 4248; baseline 0.004 -23"><span class='ocrx_word' id='word_1_614' title='bbox 2190 4171 2394 4242; x_wconf 72' lang='grc' dir='ltr'>πρῶτον</span> <span class='ocrx_word' id='word_1_615' title='bbox 2435 4171 2534 4243; x_wconf 73' lang='grc' dir='ltr'><strong>μὲν</strong></span> <span class='ocrx_word' id='word_1_616' title='bbox 2560 4172 2828 4242; x_wconf 86' lang='grc' dir='ltr'>κινήσεως</span> <span class='ocrx_word' id='word_1_617' title='bbox 2846 4170 3052 4241; x_wconf 71' lang='grc' dir='ltr'>ἔφασαν</span> <span class='ocrx_word' id='word_1_618' title='bbox 3076 4172 3589 4246; x_wconf 78' lang='grc' dir='ltr'>ἀντιλαμϐάνεσθαι,</span> <span class='ocrx_word' id='word_1_619' title='bbox 3621 4174 3766 4248; x_wconf 68' lang='grc' dir='ltr'>μετὰ</span> 
     </span>
    </p>
   </div>
   <div class='ocr_carea' id='block_1_86' title="bbox 497 4257 2084 4334">
    <p class='ocr_par' dir='ltr' id='par_1_86' title="bbox 497 4257 2076 4334">
     <span class='ocr_line' id='line_1_86' title="bbox 497 4257 2076 4334; baseline -0.01 -6"><span class='ocrx_word' id='word_1_620' title='bbox 497 4271 696 4328; x_wconf 88' lang='lat' dir='ltr'><strong>deinde</strong></span> <span class='ocrx_word' id='word_1_621' title='bbox 736 4283 925 4325; x_wconf 83' lang='lat' dir='ltr'><strong>vocem</strong></span> <span class='ocrx_word' id='word_1_622' title='bbox 957 4284 987 4321; x_wconf 89' lang='lat' dir='ltr'><strong>a</strong></span> <span class='ocrx_word' id='word_1_623' title='bbox 1034 4265 1219 4320; x_wconf 80' lang='lat' dir='ltr'><strong>multis</strong></span> <span class='ocrx_word' id='word_1_624' title='bbox 1296 4263 1560 4334; x_wconf 78' lang='lat' dir='ltr'><strong>prolatam</strong></span> <span class='ocrx_word' id='word_1_625' title='bbox 1612 4261 1876 4315; x_wconf 89' lang='lat' dir='ltr'><strong>audisse:</strong></span> <span class='ocrx_word' id='word_1_626' title='bbox 1916 4257 2076 4312; x_wconf 81' lang='lat' dir='ltr'><strong>Rece-</strong></span> 
     </span>
    </p>
   </div>
   <div class='ocr_carea' id='block_1_87' title="bbox 2190 4257 3758 4334">
    <p class='ocr_par' dir='ltr' id='par_1_87' title="bbox 2190 4262 3758 4334">
     <span class='ocr_line' id='line_1_87' title="bbox 2190 4262 3758 4334; baseline 0.004 -18"><span class='ocrx_word' id='word_1_627' title='bbox 2190 4262 2234 4316; x_wconf 65' lang='lat' dir='ltr'><strong>5s</strong></span> <span class='ocrx_word' id='word_1_628' title='bbox 2271 4263 2442 4316; x_wconf 88' lang='grc' dir='ltr'>ταῦτα</span> <span class='ocrx_word' id='word_1_629' title='bbox 2485 4263 2668 4334; x_wconf 81' lang='grc' dir='ltr'>φωνῆς</span> <span class='ocrx_word' id='word_1_630' title='bbox 2709 4262 2931 4334; x_wconf 84' lang='grc' dir='ltr'>ἁθρόας,</span> <span class='ocrx_word' id='word_1_631' title='bbox 2961 4264 3409 4334; x_wconf 79' lang='grc' dir='ltr'>Μεταόαίνωμεν</span> <span class='ocrx_word' id='word_1_632' title='bbox 3440 4265 3725 4321; x_wconf 64' lang='grc' dir='ltr'>ἐντεῦθεν</span> <span class='ocrx_word' id='word_1_633' title='bbox 3741 4282 3758 4300; x_wconf 81' lang='grc'><em>’</em></span> 
     </span>
    </p>
   </div>
   <div class='ocr_carea' id='block_1_88' title="bbox 496 4348 2084 4427">
    <p class='ocr_par' dir='ltr' id='par_1_88' title="bbox 496 4348 2074 4427">
     <span class='ocr_line' id='line_1_88' title="bbox 496 4348 2074 4427; baseline -0.011 -9"><span class='ocrx_word' id='word_1_634' title='bbox 496 4364 687 4418; x_wconf 81' lang='lat' dir='ltr'><strong>damus</strong></span> <span class='ocrx_word' id='word_1_635' title='bbox 729 4360 885 4423; x_wconf 81' lang='lat' dir='ltr'><strong>hinc;</strong></span> <span class='ocrx_word' id='word_1_636' title='bbox 908 4352 1167 4427; x_wconf 85' lang='lat' dir='ltr'><strong>quando,</strong></span> <span class='ocrx_word' id='word_1_637' title='bbox 1209 4364 1269 4408; x_wconf 90' lang='lat' dir='ltr'><strong>ut</strong></span> <span class='ocrx_word' id='word_1_638' title='bbox 1306 4353 1673 4424; x_wconf 76' lang='lat' dir='ltr'><strong>Symmachus</strong></span> <span class='ocrx_word' id='word_1_639' title='bbox 1710 4350 1955 4420; x_wconf 79' lang='lat' dir='ltr'><strong>exponit,</strong></span> <span class='ocrx_word' id='word_1_640' title='bbox 1986 4348 2074 4402; x_wconf 84' lang='lat' dir='ltr'><strong>in-</strong></span> 
     </span>
    </p>
   </div>
   <div class='ocr_carea' id='block_1_89' title="bbox 2190 4348 3761 4427">
    <p class='ocr_par' dir='ltr' id='par_1_89' title="bbox 2190 4350 3761 4424">
     <span class='ocr_line' id='line_1_89' title="bbox 2190 4350 3761 4424; baseline 0.003 -19"><span class='ocrx_word' id='word_1_641' title='bbox 2190 4352 2266 4405; x_wconf 75' lang='grc' dir='ltr'>Ξτε</span> <span class='ocrx_word' id='word_1_642' title='bbox 2306 4353 2401 4406; x_wconf 77' lang='grc' dir='ltr'><strong>καὶ</strong></span> <span class='ocrx_word' id='word_1_643' title='bbox 2451 4350 2595 4405; x_wconf 85' lang='grc' dir='ltr'><strong>κατά</strong></span> <span class='ocrx_word' id='word_1_644' title='bbox 2634 4351 2928 4422; x_wconf 83' lang='grc' dir='ltr'>Σύμμαχον</span> <span class='ocrx_word' id='word_1_645' title='bbox 2962 4352 3361 4406; x_wconf 81' lang='grc' dir='ltr'>ἀκατάστατοι</span> <span class='ocrx_word' id='word_1_646' title='bbox 3401 4354 3501 4408; x_wconf 76' lang='grc' dir='ltr'><strong>καὶ</strong></span> <span class='ocrx_word' id='word_1_647' title='bbox 3537 4353 3761 4424; x_wconf 84' lang='grc' dir='ltr'>ἀλῆται</span> 
     </span>
    </p>
   </div>
   <div class='ocr_carea' id='block_1_90' title="bbox 496 4431 2084 4518">
    <p class='ocr_par' dir='ltr' id='par_1_90' title="bbox 496 4440 2068 4518">
     <span class='ocr_line' id='line_1_90' title="bbox 496 4440 2068 4518; baseline -0.01 -8"><span class='ocrx_word' id='word_1_648' title='bbox 496 4454 713 4510; x_wconf 78' lang='lat' dir='ltr'><strong>stabiles</strong></span> <span class='ocrx_word' id='word_1_649' title='bbox 748 4459 1086 4518; x_wconf 84' lang='lat' dir='ltr'><strong>errantesque</strong></span> <span class='ocrx_word' id='word_1_650' title='bbox 1124 4447 1256 4516; x_wconf 74' lang='lat' dir='ltr'><strong>facti</strong></span> <span class='ocrx_word' id='word_1_651' title='bbox 1291 4453 1412 4499; x_wconf 88' lang='lat' dir='ltr'><strong>sunt</strong></span> <span class='ocrx_word' id='word_1_652' title='bbox 1448 4460 1511 4497; x_wconf 89' lang='lat' dir='ltr'><strong>ac</strong></span> <span class='ocrx_word' id='word_1_653' title='bbox 1552 4444 1677 4498; x_wconf 67' lang='lat' dir='ltr'><strong>circi</strong></span> <span class='ocrx_word' id='word_1_654' title='bbox 1720 4443 1778 4496; x_wconf 84' lang='lat' dir='ltr'><strong>in</strong></span> <span class='ocrx_word' id='word_1_655' title='bbox 1816 4440 2068 4496; x_wconf 61' lang='lat' dir='ltr'><strong>exitibus.</strong></span> 
     </span>
    </p>
   </div>
   <div class='ocr_carea' id='block_1_91' title="bbox 2190 4431 3760 4518">
    <p class='ocr_par' dir='ltr' id='par_1_91' title="bbox 2190 4441 3760 4514">
     <span class='ocr_line' id='line_1_91' title="bbox 2190 4441 3760 4514; baseline 0.001 -16"><span class='ocrx_word' id='word_1_656' title='bbox 2190 4444 2456 4514; x_wconf 60' lang='lat' dir='ltr'><strong>moram</strong></span> <span class='ocrx_word' id='word_1_657' title='bbox 2500 4442 2598 4496; x_wconf 76' lang='grc' dir='ltr'>καὶ</span> <span class='ocrx_word' id='word_1_658' title='bbox 2642 4441 2878 4511; x_wconf 74' lang='grc' dir='ltr'>τυφλοὶ,</span> <span class='ocrx_word' id='word_1_659' title='bbox 2919 4442 3103 4512; x_wconf 76' lang='grc' dir='ltr'>φησὶν,</span> <span class='ocrx_word' id='word_1_660' title='bbox 3129 4443 3200 4496; x_wconf 83' lang='grc' dir='ltr'><strong>ἐν</strong></span> <span class='ocrx_word' id='word_1_661' title='bbox 3240 4442 3370 4510; x_wconf 82' lang='grc' dir='ltr'>ταῖς</span> <span class='ocrx_word' id='word_1_662' title='bbox 3401 4444 3665 4512; x_wconf 75' lang='grc' dir='ltr'><strong>ἐξόδοις·</strong></span> <span class='ocrx_word' id='word_1_663' title='bbox 3696 4447 3760 4500; x_wconf 81' lang='grc' dir='ltr'>οὐ</span> 
     </span>
    </p>
   </div>
   <div class='ocr_carea' id='block_1_92' title="bbox 496 4536 2073 4605">
    <p class='ocr_par' dir='ltr' id='par_1_92' title="bbox 496 4536 2073 4605">
     <span class='ocr_line' id='line_1_92' title="bbox 496 4536 2073 4605; baseline -0.011 -4"><span class='ocrx_word' id='word_1_664' title='bbox 496 4544 615 4600; x_wconf 86' lang='lat' dir='ltr'><strong>Non</strong></span> <span class='ocrx_word' id='word_1_665' title='bbox 653 4543 799 4600; x_wconf 88' lang='lat' dir='ltr'><strong>enim</strong></span> <span class='ocrx_word' id='word_1_666' title='bbox 825 4549 945 4597; x_wconf 90' lang='lat' dir='ltr'><strong>erat</strong></span> <span class='ocrx_word' id='word_1_667' title='bbox 972 4538 1113 4593; x_wconf 83' lang='lat' dir='ltr'><strong>visio</strong></span> <span class='ocrx_word' id='word_1_668' title='bbox 1136 4536 1500 4605; x_wconf 85' lang='lat' dir='ltr'><strong>distinguens,</strong></span> <span class='ocrx_word' id='word_1_669' title='bbox 1533 4549 1640 4587; x_wconf 91' lang='lat' dir='ltr'><strong>non</strong></span> <span class='ocrx_word' id='word_1_670' title='bbox 1671 4549 1785 4598; x_wconf 72' lang='lat' dir='ltr'><strong>rex,</strong></span> <span class='ocrx_word' id='word_1_671' title='bbox 1812 4548 1918 4588; x_wconf 90' lang='lat' dir='ltr'><strong>non</strong></span> <span class='ocrx_word' id='word_1_672' title='bbox 1944 4548 2073 4601; x_wconf 86' lang='lat' dir='ltr'><strong>pro-</strong></span> 
     </span>
    </p>
   </div>
   <div class='ocr_carea' id='block_1_93' title="bbox 498 4625 2075 4708">
    <p class='ocr_par' dir='ltr' id='par_1_93' title="bbox 498 4625 2075 4708">
     <span class='ocr_line' id='line_1_93' title="bbox 498 4625 2075 4708; baseline -0.01 -17"><span class='ocrx_word' id='word_1_673' title='bbox 498 4639 683 4708; x_wconf 89' lang='lat' dir='ltr'><strong>pheta,</strong></span> <span class='ocrx_word' id='word_1_674' title='bbox 708 4651 817 4691; x_wconf 90' lang='lat' dir='ltr'><strong>non</strong></span> <span class='ocrx_word' id='word_1_675' title='bbox 844 4635 989 4698; x_wconf 79' lang='lat' dir='ltr'><strong>dux;</strong></span> <span class='ocrx_word' id='word_1_676' title='bbox 1013 4630 1330 4687; x_wconf 88' lang='lat' dir='ltr'><strong>defecerunt</strong></span> <span class='ocrx_word' id='word_1_677' title='bbox 1353 4627 1499 4682; x_wconf 88' lang='lat' dir='ltr'><strong>enim</strong></span> <span class='ocrx_word' id='word_1_678' title='bbox 1531 4625 1624 4681; x_wconf 87' lang='lat' dir='ltr'><strong>ubi</strong></span> <span class='ocrx_word' id='word_1_679' title='bbox 1658 4625 1951 4682; x_wconf 64' lang='lat' dir='ltr'><strong>is&#39;advenit</strong></span> <span class='ocrx_word' id='word_1_680' title='bbox 1988 4626 2075 4677; x_wconf 79' lang='lat' dir='ltr'><strong>cui</strong></span> 
     </span>
    </p>
   </div>
   <div class='ocr_carea' id='block_1_94' title="bbox 396 4718 1861 4796">
    <p class='ocr_par' dir='ltr' id='par_1_94' title="bbox 396 4718 1861 4796">
     <span class='ocr_line' id='line_1_94' title="bbox 396 4718 1861 4796; baseline -0.008 -14"><span class='ocrx_word' id='word_1_681' title='bbox 396 4746 399 4749; x_wconf 93' lang='grc'>·</span> <span class='ocrx_word' id='word_1_682' title='bbox 501 4729 729 4796; x_wconf 80' lang='lat' dir='ltr'><strong>reposita</strong></span> <span class='ocrx_word' id='word_1_683' title='bbox 751 4736 924 4791; x_wconf 90' lang='lat' dir='ltr'><strong>erant,</strong></span> <span class='ocrx_word' id='word_1_684' title='bbox 955 4726 1045 4796; x_wconf 89' lang='lat' dir='ltr'><strong>qui</strong></span> <span class='ocrx_word' id='word_1_685' title='bbox 1079 4731 1192 4778; x_wconf 90' lang='lat' dir='ltr'><strong>erat</strong></span> <span class='ocrx_word' id='word_1_686' title='bbox 1222 4719 1540 4790; x_wconf 74' lang='lat' dir='ltr'><strong>exspectatio</strong></span> <span class='ocrx_word' id='word_1_687' title='bbox 1565 4719 1795 4790; x_wconf 84' lang='lat' dir='ltr'><strong>gentium</strong></span> <span class='ocrx_word' id='word_1_688' title='bbox 1817 4718 1861 4771; x_wconf 80' lang='lat'><strong>’.</strong></span> 
     </span>
    </p>
   </div>
   <div class='ocr_carea' id='block_1_95' title="bbox 573 4807 2073 4879">
    <p class='ocr_par' dir='ltr' id='par_1_95' title="bbox 573 4807 2073 4879">
     <span class='ocr_line' id='line_1_95' title="bbox 573 4807 2073 4879; baseline -0.01 -6"><span class='ocrx_word' id='word_1_689' title='bbox 573 4817 727 4874; x_wconf 68' lang='grc' dir='ltr'>νοτε.</span> <span class='ocrx_word' id='word_1_690' title='bbox 764 4817 851 4870; x_wconf 82' lang='grc'><strong>15.</strong></span> <span class='ocrx_word' id='word_1_691' title='bbox 888 4815 1129 4870; x_wconf 86' lang='lat' dir='ltr'><strong>Recedite</strong></span> <span class='ocrx_word' id='word_1_692' title='bbox 1173 4812 1237 4866; x_wconf 91' lang='lat' dir='ltr'><strong>ab</strong></span> <span class='ocrx_word' id='word_1_693' title='bbox 1266 4810 1574 4866; x_wconf 87' lang='lat' dir='ltr'><strong>immundis.</strong></span> <span class='ocrx_word' id='word_1_694' title='bbox 1601 4807 1880 4879; x_wconf 83' lang='lat' dir='ltr'><strong>Apostolis</strong></span> <span class='ocrx_word' id='word_1_695' title='bbox 1918 4820 2073 4859; x_wconf 86' lang='lat' dir='ltr'><strong>man-</strong></span> 
     </span>
    </p>
   </div>
   <div class='ocr_carea' id='block_1_96' title="bbox 493 4898 2071 4974">
    <p class='ocr_par' dir='ltr' id='par_1_96' title="bbox 493 4898 2071 4974">
     <span class='ocr_line' id='line_1_96' title="bbox 493 4898 2071 4974; baseline -0.01 -7"><span class='ocrx_word' id='word_1_696' title='bbox 493 4912 591 4967; x_wconf 80' lang='lat' dir='ltr'><strong>dat</strong></span> <span class='ocrx_word' id='word_1_697' title='bbox 635 4924 666 4964; x_wconf 89' lang='lat' dir='ltr'><strong>e</strong></span> <span class='ocrx_word' id='word_1_698' title='bbox 705 4907 884 4963; x_wconf 90' lang='lat' dir='ltr'><strong>medio</strong></span> <span class='ocrx_word' id='word_1_699' title='bbox 933 4906 1249 4961; x_wconf 69' lang='lat' dir='ltr'><strong>Judaeorum</strong></span> <span class='ocrx_word' id='word_1_700' title='bbox 1309 4903 1498 4974; x_wconf 85' lang='lat' dir='ltr'><strong>fugere</strong></span> <span class='ocrx_word' id='word_1_701' title='bbox 1544 4900 1748 4956; x_wconf 84' lang='lat' dir='ltr'><strong>Christi</strong></span> <span class='ocrx_word' id='word_1_702' title='bbox 1805 4898 2071 4968; x_wconf 78' lang='lat' dir='ltr'><strong>sanguine</strong></span> 
     </span>
    </p>
   </div>
   <div class='ocr_carea' id='block_1_97' title="bbox 494 4991 2072 5075">
    <p class='ocr_par' dir='ltr' id='par_1_97' title="bbox 494 4991 2072 5075">
     <span class='ocr_line' id='line_1_97' title="bbox 494 4991 2072 5075; baseline -0.01 -17"><span class='ocrx_word' id='word_1_703' title='bbox 494 5002 853 5075; x_wconf 79' lang='lat' dir='ltr'><strong>pollutarum.</strong></span> <span class='ocrx_word' id='word_1_704' title='bbox 884 4996 1085 5054; x_wconf 84' lang='lat' dir='ltr'><strong>Eorum</strong></span> <span class='ocrx_word' id='word_1_705' title='bbox 1108 5010 1280 5067; x_wconf 85' lang='lat' dir='ltr'><strong>porro</strong></span> <span class='ocrx_word' id='word_1_706' title='bbox 1304 4995 1646 5051; x_wconf 82' lang='lat' dir='ltr'><strong>vocationem</strong></span> <span class='ocrx_word' id='word_1_707' title='bbox 1681 4991 1888 5060; x_wconf 80' lang='lat' dir='ltr'><strong>angelis</strong></span> <span class='ocrx_word' id='word_1_708' title='bbox 1921 5004 2072 5044; x_wconf 81' lang='lat' dir='ltr'><strong>com-</strong></span> 
     </span>
    </p>
   </div>
   <div class='ocr_carea' id='block_1_98' title="bbox 493 5083 2070 5157">
    <p class='ocr_par' dir='ltr' id='par_1_98' title="bbox 493 5083 2070 5157">
     <span class='ocr_line' id='line_1_98' title="bbox 493 5083 2070 5157; baseline -0.01 -5"><span class='ocrx_word' id='word_1_709' title='bbox 493 5095 647 5152; x_wconf 85' lang='lat' dir='ltr'><strong>misit</strong></span> <span class='ocrx_word' id='word_1_710' title='bbox 681 5111 695 5149; x_wconf 90' lang='lat'>:</span> <span class='ocrx_word' id='word_1_711' title='bbox 730 5091 835 5148; x_wconf 86' lang='lat' dir='ltr'><strong>nisi</strong></span> <span class='ocrx_word' id='word_1_712' title='bbox 865 5090 1097 5146; x_wconf 82' lang='lat' dir='ltr'><strong>velimus</strong></span> <span class='ocrx_word' id='word_1_713' title='bbox 1123 5089 1326 5155; x_wconf 85' lang='lat' dir='ltr'><strong>dicere,</strong></span> <span class='ocrx_word' id='word_1_714' title='bbox 1378 5086 1525 5157; x_wconf 89' lang='lat' dir='ltr'><strong>quod</strong></span> <span class='ocrx_word' id='word_1_715' title='bbox 1572 5083 1835 5154; x_wconf 86' lang='lat' dir='ltr'><strong>apostolis</strong></span> <span class='ocrx_word' id='word_1_716' title='bbox 1880 5083 2070 5152; x_wconf 65' lang='lat' dir='ltr'><strong>praeci-</strong></span> 
     </span>
    </p>
   </div>
   <div class='ocr_carea' id='block_1_99' title="bbox 493 5171 2073 5258">
    <p class='ocr_par' dir='ltr' id='par_1_99' title="bbox 493 5171 2073 5258">
     <span class='ocr_line' id='line_1_99' title="bbox 493 5171 2073 5258; baseline -0.011 -16"><span class='ocrx_word' id='word_1_717' title='bbox 493 5188 624 5258; x_wconf 82' lang='lat' dir='ltr'><strong>piat,</strong></span> <span class='ocrx_word' id='word_1_718' title='bbox 656 5190 718 5239; x_wconf 90' lang='lat' dir='ltr'><strong>ut</strong></span> <span class='ocrx_word' id='word_1_719' title='bbox 756 5179 1071 5238; x_wconf 87' lang='lat' dir='ltr'><strong>immundos</strong></span> <span class='ocrx_word' id='word_1_720' title='bbox 1119 5178 1186 5233; x_wconf 86' lang='lat' dir='ltr'><strong>ad</strong></span> <span class='ocrx_word' id='word_1_721' title='bbox 1231 5174 1608 5249; x_wconf 79' lang='lat' dir='ltr'><strong>paenitentiam</strong></span> <span class='ocrx_word' id='word_1_722' title='bbox 1654 5180 1876 5235; x_wconf 65' lang='lat' dir='ltr'><strong>vocent;</strong></span> <span class='ocrx_word' id='word_1_723' title='bbox 1921 5171 2073 5240; x_wconf 86' lang='lat' dir='ltr'><strong>quod</strong></span> 
     </span>
    </p>
   </div>
   <div class='ocr_carea' id='block_1_100' title="bbox 495 5263 2069 5349">
    <p class='ocr_par' dir='ltr' id='par_1_100' title="bbox 495 5263 2069 5349">
     <span class='ocr_line' id='line_1_100' title="bbox 495 5263 2069 5349; baseline -0.013 -15"><span class='ocrx_word' id='word_1_724' title='bbox 495 5281 683 5349; x_wconf 75' lang='lat' dir='ltr'><strong>utique</strong></span> <span class='ocrx_word' id='word_1_725' title='bbox 719 5275 986 5339; x_wconf 84' lang='lat' dir='ltr'><strong>fecerunt,</strong></span> <span class='ocrx_word' id='word_1_726' title='bbox 1011 5286 1134 5328; x_wconf 89' lang='lat' dir='ltr'><strong>cum</strong></span> <span class='ocrx_word' id='word_1_727' title='bbox 1176 5271 1434 5325; x_wconf 78' lang='lat' dir='ltr'><strong>dixerunt</strong></span> <span class='ocrx_word' id='word_1_728' title='bbox 1462 5266 1505 5298; x_wconf 83' lang='grc'>¹⁰</span> <span class='ocrx_word' id='word_1_729' title='bbox 1543 5283 1557 5319; x_wconf 92' lang='lat'><strong>:</strong></span> <span class='ocrx_word' id='word_1_730' title='bbox 1601 5263 1757 5318; x_wconf 82' lang='lat' dir='ltr'><strong>Vobis</strong></span> <span class='ocrx_word' id='word_1_731' title='bbox 1799 5263 2069 5332; x_wconf 84' lang='lat' dir='ltr'><strong>oportebat</strong></span> 
     </span>
    </p>
   </div>
   <div class='ocr_carea' id='block_1_101' title="bbox 491 5353 2070 5439">
    <p class='ocr_par' dir='ltr' id='par_1_101' title="bbox 491 5353 2070 5439">
     <span class='ocr_line' id='line_1_101' title="bbox 491 5353 2070 5439; baseline -0.011 -16"><span class='ocrx_word' id='word_1_732' title='bbox 491 5372 721 5439; x_wconf 68' lang='lat' dir='ltr'><strong>primum</strong></span> <span class='ocrx_word' id='word_1_733' title='bbox 761 5365 974 5421; x_wconf 81' lang='lat' dir='ltr'><strong>verbum</strong></span> <span class='ocrx_word' id='word_1_734' title='bbox 1017 5360 1111 5417; x_wconf 86' lang='lat' dir='ltr'><strong>Dei</strong></span> <span class='ocrx_word' id='word_1_735' title='bbox 1144 5358 1493 5422; x_wconf 83' lang='lat' dir='ltr'><strong>annuntiari;</strong></span> <span class='ocrx_word' id='word_1_736' title='bbox 1526 5355 1637 5410; x_wconf 81' lang='lat' dir='ltr'><strong>illis</strong></span> <span class='ocrx_word' id='word_1_737' title='bbox 1667 5367 1796 5408; x_wconf 83' lang='lat' dir='ltr'><strong>vero</strong></span> <span class='ocrx_word' id='word_1_738' title='bbox 1837 5353 2070 5407; x_wconf 80' lang='lat' dir='ltr'><strong>nolenti-</strong></span> 
     </span>
    </p>
   </div>
   <div class='ocr_carea' id='block_1_102' title="bbox 493 5445 2063 5530">
    <p class='ocr_par' dir='ltr' id='par_1_102' title="bbox 493 5445 2063 5530">
     <span class='ocr_line' id='line_1_102' title="bbox 493 5445 2063 5530; baseline -0.01 -16"><span class='ocrx_word' id='word_1_739' title='bbox 493 5459 597 5516; x_wconf 87' lang='lat' dir='ltr'><strong>bus</strong></span> <span class='ocrx_word' id='word_1_740' title='bbox 628 5460 818 5530; x_wconf 78' lang='lat' dir='ltr'><strong>lugere</strong></span> <span class='ocrx_word' id='word_1_741' title='bbox 851 5457 1029 5529; x_wconf 82' lang='lat' dir='ltr'><strong>jubet.</strong></span> <span class='ocrx_word' id='word_1_742' title='bbox 1077 5452 1218 5523; x_wconf 84' lang='lat' dir='ltr'><strong>Ergo</strong></span> <span class='ocrx_word' id='word_1_743' title='bbox 1256 5450 1569 5508; x_wconf 85' lang='lat' dir='ltr'><strong>nolentibus</strong></span> <span class='ocrx_word' id='word_1_744' title='bbox 1619 5446 1727 5502; x_wconf 88' lang='lat' dir='ltr'><strong>illis</strong></span> <span class='ocrx_word' id='word_1_745' title='bbox 1758 5445 1949 5500; x_wconf 83' lang='lat' dir='ltr'><strong>dicunt</strong></span> <span class='ocrx_word' id='word_1_746' title='bbox 1978 5446 2018 5477; x_wconf 84' lang='lat'>“</span> <span class='ocrx_word' id='word_1_747' title='bbox 2050 5463 2063 5500; x_wconf 89' lang='lat'><strong>:</strong></span> 
     </span>
    </p>
   </div>
   <div class='ocr_carea' id='block_1_103' title="bbox 498 5546 1335 5616">
    <p class='ocr_par' dir='ltr' id='par_1_103' title="bbox 498 5546 1335 5616">
     <span class='ocr_line' id='line_1_103' title="bbox 498 5546 1335 5616; baseline -0.005 -16"><span class='ocrx_word' id='word_1_748' title='bbox 498 5548 630 5604; x_wconf 75' lang='lat' dir='ltr'><strong>Ecce</strong></span> <span class='ocrx_word' id='word_1_749' title='bbox 662 5550 1017 5605; x_wconf 73' lang='lat' dir='ltr'><strong>convertimur</strong></span> <span class='ocrx_word' id='word_1_750' title='bbox 1045 5546 1114 5600; x_wconf 83' lang='lat' dir='ltr'><strong>ad</strong></span> <span class='ocrx_word' id='word_1_751' title='bbox 1139 5553 1335 5616; x_wconf 80' lang='lat' dir='ltr'><strong>gentes.</strong></span> 
     </span>
    </p>
   </div>
   <div class='ocr_carea' id='block_1_104' title="bbox 2174 4529 3758 4609">
    <p class='ocr_par' dir='ltr' id='par_1_104' title="bbox 2174 4529 3758 4609">
     <span class='ocr_line' id='line_1_104' title="bbox 2174 4529 3758 4609; baseline 0.001 -23"><span class='ocrx_word' id='word_1_752' title='bbox 2174 4532 2283 4603; x_wconf 78' lang='grc' dir='ltr'>γὰρ</span> <span class='ocrx_word' id='word_1_753' title='bbox 2310 4529 2379 4604; x_wconf 80' lang='grc' dir='ltr'>ἦν</span> <span class='ocrx_word' id='word_1_754' title='bbox 2409 4533 2598 4604; x_wconf 84' lang='grc' dir='ltr'>ὅρασις</span> <span class='ocrx_word' id='word_1_755' title='bbox 2628 4531 3033 4598; x_wconf 81' lang='grc' dir='ltr'>διαστέλλουσα,</span> <span class='ocrx_word' id='word_1_756' title='bbox 3058 4534 3119 4586; x_wconf 82' lang='grc' dir='ltr'><strong>ού</strong></span> <span class='ocrx_word' id='word_1_757' title='bbox 3156 4533 3425 4603; x_wconf 79' lang='grc' dir='ltr'>βασιλεὺς,</span> <span class='ocrx_word' id='word_1_758' title='bbox 3446 4536 3507 4589; x_wconf 85' lang='grc' dir='ltr'><strong>οὐ</strong></span> <span class='ocrx_word' id='word_1_759' title='bbox 3540 4539 3758 4609; x_wconf 75' lang='grc' dir='ltr'>προφή-</span> 
     </span>
    </p>
   </div>
   <div class='ocr_carea' id='block_1_105' title="bbox 2172 4622 3760 4699">
    <p class='ocr_par' dir='ltr' id='par_1_105' title="bbox 2172 4622 3760 4699">
     <span class='ocr_line' id='line_1_105' title="bbox 2172 4622 3760 4699; baseline 0.004 -23"><span class='ocrx_word' id='word_1_760' title='bbox 2172 4641 2292 4695; x_wconf 84' lang='grc' dir='ltr'>της,</span> <span class='ocrx_word' id='word_1_761' title='bbox 2321 4622 2442 4676; x_wconf 80' lang='grc' dir='ltr'>οὐδὲ</span> <span class='ocrx_word' id='word_1_762' title='bbox 2468 4622 2766 4694; x_wconf 74' lang='grc' dir='ltr'>ἡγούμενος</span> <span class='ocrx_word' id='word_1_763' title='bbox 2785 4641 2798 4653; x_wconf 88' lang='grc'><strong>-</strong></span> <span class='ocrx_word' id='word_1_764' title='bbox 2824 4623 3068 4688; x_wconf 76' lang='grc' dir='ltr'>ἐξέλιπον</span> <span class='ocrx_word' id='word_1_765' title='bbox 3097 4624 3226 4697; x_wconf 78' lang='grc' dir='ltr'>γὰρ,</span> <span class='ocrx_word' id='word_1_766' title='bbox 3262 4626 3384 4680; x_wconf 77' lang='grc' dir='ltr'>ἐπεὶ</span> <span class='ocrx_word' id='word_1_767' title='bbox 3425 4628 3760 4699; x_wconf 85' lang='grc' dir='ltr'>παρεγένετο</span> 
     </span>
    </p>
   </div>
   <div class='ocr_carea' id='block_1_106' title="bbox 2172 4708 3328 4784">
    <p class='ocr_par' dir='ltr' id='par_1_106' title="bbox 2172 4708 3328 4784">
     <span class='ocr_line' id='line_1_106' title="bbox 2172 4708 3328 4784; baseline 0.003 -17"><span class='ocrx_word' id='word_1_768' title='bbox 2172 4708 2221 4781; x_wconf 82' lang='grc' dir='ltr'>ᾧ</span> <span class='ocrx_word' id='word_1_769' title='bbox 2246 4713 2543 4777; x_wconf 79' lang='grc' dir='ltr'>ἀπέκειτο,</span> <span class='ocrx_word' id='word_1_770' title='bbox 2572 4713 2639 4780; x_wconf 84' lang='grc' dir='ltr'>ὃς</span> <span class='ocrx_word' id='word_1_771' title='bbox 2658 4709 2737 4784; x_wconf 79' lang='grc' dir='ltr'><strong>ἦν</strong></span> <span class='ocrx_word' id='word_1_772' title='bbox 2766 4715 3098 4783; x_wconf 78' lang='grc' dir='ltr'>προσδοκία</span> <span class='ocrx_word' id='word_1_773' title='bbox 3117 4715 3328 4771; x_wconf 76' lang='grc' dir='ltr'><strong>ἐθνῶν.</strong></span> 
     </span>
    </p>
   </div>
   <div class='ocr_carea' id='block_1_107' title="bbox 2257 4805 3757 4875">
    <p class='ocr_par' dir='ltr' id='par_1_107' title="bbox 2257 4805 3757 4875">
     <span class='ocr_line' id='line_1_107' title="bbox 2257 4805 3757 4875; baseline 0.005 -14"><span class='ocrx_word' id='word_1_774' title='bbox 2257 4806 2572 4874; x_wconf 76' lang='grc' dir='ltr'>Ἀπόστητε</span> <span class='ocrx_word' id='word_1_775' title='bbox 2598 4805 2961 4873; x_wconf 76' lang='grc' dir='ltr'>ἀκαθάρτων.</span> <span class='ocrx_word' id='word_1_776' title='bbox 3003 4808 3128 4873; x_wconf 85' lang='grc' dir='ltr'>Τοῖς</span> <span class='ocrx_word' id='word_1_777' title='bbox 3165 4811 3485 4875; x_wconf 80' lang='grc' dir='ltr'>ἀποστόλοις</span> <span class='ocrx_word' id='word_1_778' title='bbox 3516 4813 3757 4867; x_wconf 71' lang='grc' dir='ltr'>ἐντέλλε-</span> 
     </span>
    </p>
   </div>
   <div class='ocr_carea' id='block_1_108' title="bbox 2177 4898 3754 4976">
    <p class='ocr_par' dir='ltr' id='par_1_108' title="bbox 2177 4898 3754 4976">
     <span class='ocr_line' id='line_1_108' title="bbox 2177 4898 3754 4976; baseline 0.005 -23"><span class='ocrx_word' id='word_1_779' title='bbox 2177 4917 2266 4953; x_wconf 88' lang='grc' dir='ltr'><strong>ται</strong></span> <span class='ocrx_word' id='word_1_780' title='bbox 2319 4900 2382 4952; x_wconf 80' lang='grc' dir='ltr'>ὲκ</span> <span class='ocrx_word' id='word_1_781' title='bbox 2435 4898 2598 4969; x_wconf 80' lang='grc' dir='ltr'>μέσου</span> <span class='ocrx_word' id='word_1_782' title='bbox 2639 4898 2747 4951; x_wconf 87' lang='grc' dir='ltr'><strong>τῶν</strong></span> <span class='ocrx_word' id='word_1_783' title='bbox 2790 4898 3057 4954; x_wconf 82' lang='grc' dir='ltr'>Ἰουδαίων</span> <span class='ocrx_word' id='word_1_784' title='bbox 3098 4905 3289 4970; x_wconf 78' lang='grc' dir='ltr'>φυγεῖν</span> <span class='ocrx_word' id='word_1_785' title='bbox 3325 4902 3417 4956; x_wconf 81' lang='grc' dir='ltr'>ἐπὶ</span> <span class='ocrx_word' id='word_1_786' title='bbox 3448 4903 3526 4974; x_wconf 82' lang='grc' dir='ltr'>τῷ</span> <span class='ocrx_word' id='word_1_787' title='bbox 3562 4906 3754 4976; x_wconf 77' lang='grc' dir='ltr'>αἵματι</span> 
     </span>
    </p>
   </div>
   <div class='ocr_carea' id='block_1_109' title="bbox 2182 4988 3755 5064">
    <p class='ocr_par' dir='ltr' id='par_1_109' title="bbox 2182 4988 3755 5064">
     <span class='ocr_line' id='line_1_109' title="bbox 2182 4988 3755 5064; baseline 0.004 -21"><span class='ocrx_word' id='word_1_788' title='bbox 2182 4989 2549 5062; x_wconf 84' lang='grc' dir='ltr'>μολυνθέντων</span> <span class='ocrx_word' id='word_1_789' title='bbox 2590 4988 2845 5060; x_wconf 80' lang='grc' dir='ltr'>Χριστοῦ.</span> <span class='ocrx_word' id='word_1_790' title='bbox 2870 4991 2981 5061; x_wconf 85' lang='grc' dir='ltr'><strong>Τὴν</strong></span> <span class='ocrx_word' id='word_1_791' title='bbox 3004 4991 3062 5044; x_wconf 85' lang='grc' dir='ltr'><strong>δὲ</strong></span> <span class='ocrx_word' id='word_1_792' title='bbox 3090 4991 3280 5064; x_wconf 80' lang='grc' dir='ltr'>κλῆσιν</span> <span class='ocrx_word' id='word_1_793' title='bbox 3317 4993 3495 5047; x_wconf 80' lang='grc' dir='ltr'>αὐτῶν</span> <span class='ocrx_word' id='word_1_794' title='bbox 3523 4997 3617 5050; x_wconf 79' lang='grc' dir='ltr'><strong>καὶ</strong></span> <span class='ocrx_word' id='word_1_795' title='bbox 3641 5001 3755 5063; x_wconf 82' lang='grc' dir='ltr'>τοῖς</span> 
     </span>
    </p>
   </div>
   <div class='ocr_carea' id='block_1_110' title="bbox 2178 5078 3752 5152">
    <p class='ocr_par' dir='ltr' id='par_1_110' title="bbox 2178 5078 3752 5152">
     <span class='ocr_line' id='line_1_110' title="bbox 2178 5078 3752 5152; baseline 0.004 -18"><span class='ocrx_word' id='word_1_796' title='bbox 2178 5080 2430 5149; x_wconf 78' lang='grc' dir='ltr'>ἀγγέλοις</span> <span class='ocrx_word' id='word_1_797' title='bbox 2461 5078 2778 5150; x_wconf 72' lang='grc' dir='ltr'>ἐπέτρεψεν.</span> <span class='ocrx_word' id='word_1_798' title='bbox 2817 5080 2879 5132; x_wconf 86' lang='grc' dir='ltr'><strong>Εἰ</strong></span> <span class='ocrx_word' id='word_1_799' title='bbox 2911 5081 2984 5151; x_wconf 85' lang='grc' dir='ltr'>μὴ</span> <span class='ocrx_word' id='word_1_800' title='bbox 3015 5081 3122 5152; x_wconf 84' lang='grc' dir='ltr'><strong>ἀρα</strong></span> <span class='ocrx_word' id='word_1_801' title='bbox 3151 5084 3261 5147; x_wconf 81' lang='grc' dir='ltr'>τοῖς</span> <span class='ocrx_word' id='word_1_802' title='bbox 3306 5084 3623 5149; x_wconf 81' lang='grc' dir='ltr'>ἀποστόλοις</span> <span class='ocrx_word' id='word_1_803' title='bbox 3654 5104 3752 5140; x_wconf 87' lang='grc' dir='ltr'>κα-</span> 
     </span>
    </p>
   </div>
   <div class='ocr_carea' id='block_1_111' title="bbox 2177 5171 3750 5244">
    <p class='ocr_par' dir='ltr' id='par_1_111' title="bbox 2177 5171 3750 5244">
     <span class='ocr_line' id='line_1_111' title="bbox 2177 5171 3750 5244; baseline 0.004 -19"><span class='ocrx_word' id='word_1_804' title='bbox 2177 5171 2288 5225; x_wconf 81' lang='grc' dir='ltr'>λεῖν</span> <span class='ocrx_word' id='word_1_805' title='bbox 2321 5173 2401 5234; x_wconf 82' lang='grc' dir='ltr'><strong>είς</strong></span> <span class='ocrx_word' id='word_1_806' title='bbox 2433 5171 2717 5241; x_wconf 77' lang='grc' dir='ltr'>μετάνοιαν</span> <span class='ocrx_word' id='word_1_807' title='bbox 2752 5171 2947 5236; x_wconf 79' lang='grc' dir='ltr'>αὐτοὺς</span> <span class='ocrx_word' id='word_1_808' title='bbox 2977 5173 3105 5235; x_wconf 79' lang='grc' dir='ltr'>τοὺς</span> <span class='ocrx_word' id='word_1_809' title='bbox 3130 5172 3469 5244; x_wconf 81' lang='grc' dir='ltr'>ἀκαθάρτους</span> <span class='ocrx_word' id='word_1_810' title='bbox 3502 5176 3750 5232; x_wconf 78' lang='grc' dir='ltr'>κελεύειο</span> 
     </span>
    </p>
   </div>
   <div class='ocr_carea' id='block_1_112' title="bbox 2174 5261 3753 5339">
    <p class='ocr_par' dir='ltr' id='par_1_112' title="bbox 2174 5261 3753 5339">
     <span class='ocr_line' id='line_1_112' title="bbox 2174 5261 3753 5339; baseline 0.003 -21"><span class='ocrx_word' id='word_1_811' title='bbox 2174 5265 2314 5335; x_wconf 85' lang='grc' dir='ltr'>ὅπερ</span> <span class='ocrx_word' id='word_1_812' title='bbox 2341 5263 2601 5334; x_wconf 77' lang='grc' dir='ltr'>ἐποίησαν</span> <span class='ocrx_word' id='word_1_813' title='bbox 2629 5263 2873 5326; x_wconf 80' lang='grc' dir='ltr'>εἰπόντες</span> <span class='ocrx_word' id='word_1_814' title='bbox 2890 5279 2903 5293; x_wconf 77' lang='grc' dir='ltr'><strong>ο</strong></span> <span class='ocrx_word' id='word_1_815' title='bbox 2953 5263 3110 5332; x_wconf 78' lang='grc' dir='ltr'><strong>Ὑμῖν</strong></span> <span class='ocrx_word' id='word_1_816' title='bbox 3140 5261 3220 5335; x_wconf 76' lang='grc' dir='ltr'><strong>ἦν</strong></span> <span class='ocrx_word' id='word_1_817' title='bbox 3244 5266 3577 5333; x_wconf 70' lang='grc' dir='ltr'>ἀναγκαῖον</span> <span class='ocrx_word' id='word_1_818' title='bbox 3599 5269 3753 5339; x_wconf 83' lang='grc' dir='ltr'>πρῶ-</span> 
     </span>
    </p>
   </div>
   <div class='ocr_carea' id='block_1_113' title="bbox 2174 5352 3746 5429">
    <p class='ocr_par' dir='ltr' id='par_1_113' title="bbox 2174 5352 3746 5429">
     <span class='ocr_line' id='line_1_113' title="bbox 2174 5352 3746 5429; baseline 0.004 -21"><span class='ocrx_word' id='word_1_819' title='bbox 2174 5372 2281 5411; x_wconf 74' lang='grc' dir='ltr'>τον</span> <span class='ocrx_word' id='word_1_820' title='bbox 2327 5352 2669 5422; x_wconf 76' lang='grc' dir='ltr'>λαληθῆναι</span> <span class='ocrx_word' id='word_1_821' title='bbox 2724 5355 2830 5407; x_wconf 82' lang='grc' dir='ltr'><strong>τὸν</strong></span> <span class='ocrx_word' id='word_1_822' title='bbox 2876 5356 3093 5423; x_wconf 77' lang='grc' dir='ltr'>λόγον·</span> <span class='ocrx_word' id='word_1_823' title='bbox 3150 5357 3227 5427; x_wconf 82' lang='grc' dir='ltr'>μὴ</span> <span class='ocrx_word' id='word_1_824' title='bbox 3283 5356 3620 5429; x_wconf 75' lang='grc' dir='ltr'>βουλομένων</span> <span class='ocrx_word' id='word_1_825' title='bbox 3671 5361 3746 5425; x_wconf 83' lang='grc' dir='ltr'><strong>δὲ,</strong></span> 
     </span>
    </p>
   </div>
   <div class='ocr_carea' id='block_1_114' title="bbox 2173 5444 3745 5519">
    <p class='ocr_par' dir='ltr' id='par_1_114' title="bbox 2173 5444 3745 5519">
     <span class='ocr_line' id='line_1_114' title="bbox 2173 5444 3745 5519; baseline 0.003 -19"><span class='ocrx_word' id='word_1_826' title='bbox 2173 5446 2498 5517; x_wconf 81' lang='grc' dir='ltr'>προστάττει</span> <span class='ocrx_word' id='word_1_827' title='bbox 2542 5447 2730 5514; x_wconf 78' lang='grc' dir='ltr'>φυγεῖν</span> <span class='ocrx_word' id='word_1_828' title='bbox 2750 5461 2763 5474; x_wconf 81' lang='grc'><em>’</em></span> <span class='ocrx_word' id='word_1_829' title='bbox 2811 5444 2890 5498; x_wconf 81' lang='grc' dir='ltr'><strong>διό</strong></span> <span class='ocrx_word' id='word_1_830' title='bbox 2923 5462 3102 5514; x_wconf 77' lang='grc' dir='ltr'>φασιν,</span> <span class='ocrx_word' id='word_1_831' title='bbox 3131 5447 3208 5510; x_wconf 85' lang='grc' dir='ltr'>ὼς</span> <span class='ocrx_word' id='word_1_832' title='bbox 3237 5449 3312 5519; x_wconf 85' lang='grc' dir='ltr'>μὴ</span> <span class='ocrx_word' id='word_1_833' title='bbox 3341 5448 3621 5518; x_wconf 71' lang='grc' dir='ltr'>θελόντων,</span> <span class='ocrx_word' id='word_1_834' title='bbox 3654 5452 3745 5506; x_wconf 89' lang='grc' dir='ltr'>τό·</span> 
     </span>
    </p>
   </div>
   <div class='ocr_carea' id='block_1_115' title="bbox 2186 5533 3134 5603">
    <p class='ocr_par' dir='ltr' id='par_1_115' title="bbox 2186 5533 3134 5603">
     <span class='ocr_line' id='line_1_115' title="bbox 2186 5533 3134 5603; baseline -0.001 -14"><span class='ocrx_word' id='word_1_835' title='bbox 2186 5533 2331 5589; x_wconf 80' lang='grc' dir='ltr'><em>Ἰδοὺ</em></span> <span class='ocrx_word' id='word_1_836' title='bbox 2360 5533 2733 5603; x_wconf 62' lang='grc' dir='ltr'>στρεφόμεθα</span> <span class='ocrx_word' id='word_1_837' title='bbox 2761 5534 2850 5600; x_wconf 70' lang='grc' dir='ltr'><strong>εἰς</strong></span> <span class='ocrx_word' id='word_1_838' title='bbox 2872 5533 2945 5587; x_wconf 86' lang='grc' dir='ltr'>τὰ</span> <span class='ocrx_word' id='word_1_839' title='bbox 2967 5534 3134 5602; x_wconf 76' lang='grc' dir='ltr'>ἔθνη.</span> 
     </span>
    </p>
   </div>
   <div class='ocr_carea' id='block_1_116' title="bbox 565 5648 3743 5733">
    <p class='ocr_par' dir='ltr' id='par_1_116' title="bbox 565 5648 3743 5733">
     <span class='ocr_line' id='line_1_116' title="bbox 565 5648 3743 5733; baseline -0.002 -20"><span class='ocrx_word' id='word_1_840' title='bbox 565 5660 729 5733; x_wconf 81' lang='lat' dir='ltr'><strong>&quot;lib.</strong></span> <span class='ocrx_word' id='word_1_841' title='bbox 757 5679 841 5733; x_wconf 61' lang='grc' dir='ltr'>ιιι.</span> <span class='ocrx_word' id='word_1_842' title='bbox 857 5658 933 5715; x_wconf 88' lang='lat' dir='ltr'><strong>De</strong></span> <span class='ocrx_word' id='word_1_843' title='bbox 960 5659 1187 5733; x_wconf 36' lang='lat' dir='ltr'><strong>captis”</strong></span> <span class='ocrx_word' id='word_1_844' title='bbox 1221 5672 1275 5733; x_wconf 69' lang='lat' dir='ltr'><strong>c1</strong></span> <span class='ocrx_word' id='word_1_845' title='bbox 1298 5657 1401 5733; x_wconf 48' lang='grc' dir='ltr'><strong>ᾖ).-</strong></span> <span class='ocrx_word' id='word_1_846' title='bbox 1471 5654 1486 5684; x_wconf 83' lang='grc'>¹</span> <span class='ocrx_word' id='word_1_847' title='bbox 1524 5652 1902 5733; x_wconf 62' lang='lat' dir='ltr'><strong>lli_Reg._Xiv,</strong></span> <span class='ocrx_word' id='word_1_848' title='bbox 2103 5654 2124 5684; x_wconf 72' lang='grc'>³</span> <span class='ocrx_word' id='word_1_849' title='bbox 2219 5650 2521 5733; x_wconf 79' lang='lat' dir='ltr'><strong>Paral.__xtt,</strong></span> <span class='ocrx_word' id='word_1_850' title='bbox 2548 5651 2644 5733; x_wconf 50' lang='lat' dir='ltr'><strong>n9.“</strong></span> <span class='ocrx_word' id='word_1_851' title='bbox 2665 5648 2849 5704; x_wconf 72' lang='lat' dir='ltr'><strong>’Psal.</strong></span> <span class='ocrx_word' id='word_1_852' title='bbox 2871 5664 2933 5716; x_wconf 88' lang='grc' dir='ltr'><strong>ιι,</strong></span> <span class='ocrx_word' id='word_1_853' title='bbox 2955 5651 3049 5733; x_wconf 60' lang='grc' dir='ltr'><strong>2.Δ</strong></span> <span class='ocrx_word' id='word_1_854' title='bbox 3141 5648 3182 5733; x_wconf 85' lang='grc'><strong>11</strong></span> <span class='ocrx_word' id='word_1_855' title='bbox 3204 5649 3333 5706; x_wconf 79' lang='lat' dir='ltr'><strong>Cur.</strong></span> <span class='ocrx_word' id='word_1_856' title='bbox 3356 5652 3483 5733; x_wconf 44' lang='lat'><strong>&quot;,3.</strong></span> <span class='ocrx_word' id='word_1_857' title='bbox 3609 5653 3743 5733; x_wconf 64' lang='lat' dir='ltr'><strong>Eph.</strong></span> 
     </span>
    </p>
   </div>
   <div class='ocr_carea' id='block_1_117' title="bbox 494 5719 2084 5811">
    <p class='ocr_par' dir='ltr' id='par_1_117' title="bbox 494 5719 2084 5811">
     <span class='ocr_line' id='line_1_117' title="bbox 494 5719 2084 5811; baseline -0.001 -33"><span class='ocrx_word' id='word_1_858' title='bbox 494 5740 577 5787; x_wconf 81' lang='grc' dir='ltr'>ιιι.</span> <span class='ocrx_word' id='word_1_859' title='bbox 613 5732 689 5785; x_wconf 84' lang='grc' dir='ltr'><strong>ιυ.</strong></span> <span class='ocrx_word' id='word_1_860' title='bbox 757 5732 777 5762; x_wconf 82' lang='grc'>⁸</span> <span class='ocrx_word' id='word_1_861' title='bbox 815 5730 950 5783; x_wconf 85' lang='lat' dir='ltr'><strong>Dan.</strong></span> <span class='ocrx_word' id='word_1_862' title='bbox 989 5719 1061 5793; x_wconf 70' lang='grc' dir='ltr'>υἱ,</span> <span class='ocrx_word' id='word_1_863' title='bbox 1095 5719 1181 5779; x_wconf 83' lang='grc'><strong>10.</strong></span> <span class='ocrx_word' id='word_1_864' title='bbox 1256 5728 1275 5755; x_wconf 87' lang='grc'><strong>⁷</strong></span> <span class='ocrx_word' id='word_1_865' title='bbox 1310 5722 1471 5775; x_wconf 82' lang='lat' dir='ltr'><strong>Hebr.</strong></span> <span class='ocrx_word' id='word_1_866' title='bbox 1508 5739 1545 5787; x_wconf 86' lang='grc' dir='ltr'><strong>ι,</strong></span> <span class='ocrx_word' id='word_1_867' title='bbox 1578 5724 1634 5774; x_wconf 68' lang='grc'>2.</span> <span class='ocrx_word' id='word_1_868' title='bbox 1675 5719 1820 5775; x_wconf 48' lang='lat' dir='ltr'><strong>8&#39;lib.</strong></span> <span class='ocrx_word' id='word_1_869' title='bbox 1852 5740 1902 5776; x_wconf 71' lang='grc' dir='ltr'>γι</span> <span class='ocrx_word' id='word_1_870' title='bbox 1938 5722 2010 5776; x_wconf 86' lang='lat' dir='ltr'><strong>De</strong></span> <span class='ocrx_word' id='word_1_871' title='bbox 2046 5738 2084 5811; x_wconf 82' lang='lat' dir='ltr'><strong>e:</strong></span> 
     </span>
    </p>
   </div>
   <div class='ocr_carea' id='block_1_118' title="bbox 2190 5719 3743 5811">
    <p class='ocr_par' dir='ltr' id='par_1_118' title="bbox 2194 5719 3743 5790">
     <span class='ocr_line' id='line_1_118' title="bbox 2194 5719 3743 5790; baseline -0.001 -15"><span class='ocrx_word' id='word_1_872' title='bbox 2194 5739 2269 5790; x_wconf 83' lang='lat' dir='ltr'><strong>v.,</strong></span> <span class='ocrx_word' id='word_1_873' title='bbox 2302 5737 2350 5775; x_wconf 74' lang='grc' dir='ltr'>(ε.</span> <span class='ocrx_word' id='word_1_874' title='bbox 2384 5721 2469 5774; x_wconf 77' lang='grc'><strong>51.</strong></span> <span class='ocrx_word' id='word_1_875' title='bbox 2549 5722 2570 5751; x_wconf 67' lang='grc' dir='ltr'><strong>θ</strong></span> <span class='ocrx_word' id='word_1_876' title='bbox 2607 5719 2740 5773; x_wconf 72' lang='lat' dir='ltr'><strong>Gen.</strong></span> <span class='ocrx_word' id='word_1_877' title='bbox 2784 5736 2927 5774; x_wconf 66' lang='lat' dir='ltr'><strong>MJK.</strong></span> <span class='ocrx_word' id='word_1_878' title='bbox 3007 5721 3049 5752; x_wconf 83' lang='grc'><strong>¹⁰</strong></span> <span class='ocrx_word' id='word_1_879' title='bbox 3081 5721 3204 5774; x_wconf 79' lang='lat' dir='ltr'><strong>Act.</strong></span> <span class='ocrx_word' id='word_1_880' title='bbox 3241 5737 3361 5786; x_wconf 74' lang='lat' dir='ltr'><strong>xm,</strong></span> <span class='ocrx_word' id='word_1_881' title='bbox 3404 5722 3492 5775; x_wconf 73' lang='grc'><strong>46.</strong></span> <span class='ocrx_word' id='word_1_882' title='bbox 3538 5723 3577 5753; x_wconf 83' lang='grc'>¹¹</span> <span class='ocrx_word' id='word_1_883' title='bbox 3613 5719 3743 5777; x_wconf 56' lang='lat' dir='ltr'><strong>illiti.</strong></span> 
     </span>
    </p>
   </div>
  </div>
