4070 6296
276 417 380 474 657

1510 416 1818 474 SELECTA
1858 414 1922 469 IN
1965 412 2309 468 TIHUSNOS.

3417 404 3524 458 658

346 536 467 590 ὀτι
494 537 863 606 ἀνήρθησαν,
894 539 993 595 καί
1023 557 1086 609 γε
1107 522 1552 607 ἐσιιλεύθηοάν.
1596 538 1757 607 Δηλοί
1786 535 1838 589 δὲ

2018 531 2160 597 Quia
2197 530 2439 584 succensi
2477 538 2618 590 sunt,
2687 543 2838 596 usque
2875 527 3032 579 etiam
3079 526 3322 600 coniurati
3354 522 3521 594 359

276 627 339 682 τὸ
363 628 477 698 μὲν,
496 627 870 696 (imissa/war,
889 629 949 683 τὸ
976 631 1074 701 τῆς
1102 630 1353 696 ἁλώσεως
1384 630 1513 703 πῦρ,
1531 630 1593 682 τὸ
1610 630 1688 694 δὲ,
1709 629 1845 681 ἐστι·

281 720 592 786 λεύθ-ησιιν,
630 720 729 791 τὴν
758 722 838 784 είς
866 721 1107 775 δουλείαν
1150 722 1506 794 μετάστασινσ
1550 722 1612 775 τὸ
1657 722 1736 787 δὲ,
1771 723 1843 776 οὐ

274 808 359 879 μὴ
382 807 725 876 προσθῶσιν
750 810 856 865 τοῦ
881 813 1208 881 παροικεῖν,
1240 814 1322 867 ὅτι
1344 814 1561 885 διηνεκῆ
1587 814 1844 884 σχήσουσι

280 897 575 969 παροικίαν,
607 900 865 975 δευτέρας
896 904 1092 975 μηκέτι
1119 905 1381 976 δεόμενοι.

332 1084 669 1150 Πρόσωπον
695 1087 918 1155 Κυρίου
937 1089 1111 1158 μερὶς
1141 1089 1359 1145 αὐτῶν.
1395 1088 1507 1161 Τὴν
1539 1088 1690 1161 παρὰ
1712 1090 1846 1158 Χρι-

266 1174 389 1228 στοῦ
421 1178 695 1248 τιμωρίαν
719 1178 893 1249 δηλοῑ”
924 1179 1075 1251 λέγει
1099 1180 1208 1253 γὰρ
1239 1184 1267 1236 ὁ
1288 1182 1450 1235 Δαυῖδ
1470 1196 1485 1211 ’
1515 1182 1846 1250 Πρόσωπον

261 1263 330 1318 δὲ
358 1268 580 1334 Κυρίου
618 1270 716 1325 ἐπὶ
747 1273 1071 1340 ποιοῦντας
1099 1273 1274 1328 κακά.
1321 1275 1436 1329 Οὐκ
1464 1273 1847 1329 ὲπιύλέπονται

261 1354 318 1409 δὲ
352 1357 482 1430 παρ’
514 1360 702 1426 αὐτοῦ,
733 1362 984 1435 μένοντες
1014 1365 1150 1438 ὅπερ
1183 1365 1349 1419 εἰσίνο
1382 1365 1531 1421 ὅταν
1570 1367 1681 1437 γὰρ
1717 1369 1844 1420 εἰσ-

259 1444 407 1516 έλθῃ
437 1448 505 1502 τὸ
530 1450 822 1522 πλήρωμα
842 1453 959 1508 τῶν
983 1455 1196 1522 ἐθνῶν,
1221 1455 1340 1523 πᾶς
1371 1457 1621 1526 Ἰσραὴλ
1652 1455 1846 1524 σωθή-

257 1549 449 1602 σεται,
516 1540 613 1593 καὶ
672 1540 858 1595 λοιπὸν
904 1541 980 1608 ώς
1030 1545 1217 1608 πιστὸς
1262 1544 1631 1599 ὲπιὸλέπεται.
1681 1546 1744 1599 Εἰ
1789 1546 1846 1601 δὲ

258 1627 523 1697 γράφοιτο
546 1630 717 1700 μερίς
745 1632 964 1699 αὐτῶν,
997 1635 1174 1708 δῆλον,
1200 1637 1282 1693 ὅτι
1311 1636 1559 1704 ἐξιόντων
1586 1639 1651 1690 ἐκ
1679 1637 1844 1708 μέσου

257 1716 440 1786 φησίν.
477 1720 617 1792 Περὶ
639 1721 695 1774 δὲ
715 1721 825 1777 τῶν
858 1722 1131 1796 πολεμίων
1158 1726 1219 1780 τό
1237 1743 1252 1757 ·
1284 1727 1616 1795 Πρόσωπον
1642 1726 1847 1796 ἱερέων

254 1805 365 1859 οὐκ
390 1806 618 1863 ἔλαϐον
633 1826 649 1841 ⁶
684 1812 893 1878 πάντας
918 1815 1026 1887 γὰρ
1052 1817 1361 1890 ἀπήγαγον.

324 1990 449 2045 Ἕτι
484 1992 675 2050 ὄντων
697 1996 883 2067 ἡμῶν,
917 2019 971 2055 κ.
1008 2019 1060 2056 τ.
1100 2001 1148 2055 ἓ.
1178 2003 1315 2057 Ὑπὸ
1344 2004 1450 2058 τῶν
1480 2005 1843 2076 αἰχμαλώτων

247 2077 279 2131 ό
309 2078 472 2148 λόγος
498 2080 636 2137 εἶναι
664 2085 833 2154 δοκεῖ,
871 2091 1270 2160 μετανοούντων
1299 2094 1386 2164 ἐφ’
1410 2090 1494 2159 οἷς
1523 2097 1843 2164 Αἰγυπτίοις

249 2169 344 2222 καὶ¹
391 2172 704 2245 Ἀσσυρίοις
741 2177 879 2249 πρὸς
913 2179 1168 2253 βοήθειαν
1208 2184 1570 2255 ὲπερείδοντο.
1608 2186 1836 2255 Λέγοιτο

246 2259 295 2312 δ’
329 2260 400 2315 ἂν
429 2263 743 2330 ἀκολούθως
775 2269 880 2322 ὑπὸ
911 2270 1020 2324 τῶν
1060 2274 1126 2327 ὲκ
1167 2276 1471 2347 περιτομῆς
1519 2279 1846 2332 πιστευσάν-

246 2366 393 2405 των*
430 2353 775 2428 ὲξελίπομεν,
808 2361 896 2416 διὰ
935 2363 1100 2435 κενῆς
1147 2368 1227 2431 εἰς
1275 2366 1367 2420 τὸν
1406 2368 1570 2439 νόμον
1602 2368 1846 2434 ἐλπίζον-

245 2456 373 2507 τεςο
426 2445 494 2498 Ὅ
526 2451 635 2517 γὰρ
671 2452 855 2520 νόμος
879 2453 1047 2515 σώζει
1083 2457 1324 2523 οὐδένα,
1356 2459 1604 2530 καθάπερ
1638 2456 1789 2515 εἶπεν
1816 2462 1846 2515 ό

248 2530 490 2600 Παῦλος.
520 2540 729 2596 Οὐκοῦν
757 2545 877 2598 οὐδὲ
904 2548 952 2600 oi
983 2549 1280 2619 ἠρτημένοι
1318 2551 1414 2604 τοῦ
1446 2551 1611 2624 νόμου
1648 2552 1846 2625 βοηθῆ-

253 2642 345 2680 σαι
379 2629 522 2699 μετά
549 2630 645 2702 τὴν
673 2634 831 2706 χάριν
855 2635 1190 2709 δυνήσονται.

341 2722 788 2795 Ἐθηρεὺσαμεν
806 2731 1055 2798 μικροὺς
1084 2731 1267 2802 ἡμῶν.
1321 2735 1457 2788 Ὑπὸ
1479 2736 1587 2808 γὰρ
1617 2735 1710 2790 τοῦ
1741 2738 1849 2790 Σω-

253 2810 417 2881 τῆρος
465 2813 638 2879 ἁλιεῖς
682 2818 984 2891 ἀνθρώπων
1031 2824 1446 2897 ἀποδειχθέντες
1495 2830 1544 2882 οἱ
1605 2830 1845 2902 μαθηταὶ

253 2904 518 2976 ἐθήρευον
558 2909 844 2976 Ἰουδαίους
867 2917 988 2978 ταῖς
1005 2917 1167 2987 φρεσὶ
1196 2919 1442 2989 νηπίους,
1470 2921 1544 2991 μὴ
1577 2922 1676 2992 τὴν
1704 2924 1842 2977 πλα-

252 2996 402 3046 τεῖαν
437 2997 536 3047 καὶ
585 2997 896 3071 εὐρύχωρον
943 3002 1051 3056 τῶν
1109 3004 1360 3075 πατέρων
1402 3006 1638 3076 βαδίζειν
1687 3008 1837 3062 όδόν’

253 3080 460 3153 οὕσπερ
493 3083 562 3155 δὴ
597 3088 690 3140 καὶ
720 3091 748 3142 ό
775 3089 964 3163 Σωτὴρ
995 3092 1314 3164 ὑπῃνίττετο
1335 3094 1509 3164 λέγων
1529 3112 1542 3126 ·
1596 3094 1843 3150 Ἐἀσατε

250 3174 323 3229 τὰ
357 3177 577 3234 παιδία
606 3180 805 3235 ἐλθεῖν
837 3183 991 3252 πρὸς
1015 3184 1113 3254 μέ.

318 3267 556 3338 Κοῦφοι
576 3270 853 3340 ἐγένοντο
865 3278 919 3329 οἱ
934 3276 1249 3345 διώκοντες
1275 3277 1434 3347 ἡμᾶς
1458 3278 1609 3348 ὑπὲρ
1625 3279 1839 3347 ἀετοὺς

246 3361 539 3428 οὐρανοῦ.
605 3364 828 3437 Ἱστορεῖ
854 3367 961 3441 γὰρ
1005 3368 1330 3440 Ἰώσηππος,
1367 3371 1445 3435 ὡς
1475 3371 1596 3425 οὐδὲ
1640 3372 1708 3426 τὰ
1734 3372 1837 3444 ὅρη

240 3450 372 3515 τοὺς
404 3452 720 3522 φεύγοντας
750 3455 1025 3512 διέσωσεν.
1071 3460 1217 3514 Ἐκεῖ
1254 3460 1435 3515 τοίνυν
1462 3462 1608 3532 ἡμᾶς
1652 3460 1838 3515 ’ἐλκον-

248 3558 339 3608 τες
389 3545 656 3615 ἥπτοντο,
710 3547 874 3618 ἧγουν
933 3549 1069 3621 πρὸς
1126 3549 1282 3623 δίκην
1338 3550 1654 3623 ἀνήφθησαν
1714 3551 1835 3605 καθ’

247 3634 422 3706 ἡμῶν.
481 3638 681 3691 Νοοῖτο
730 3637 775 3691 δ’
803 3638 870 3693 ἂν
919 3641 1010 3694 καὶ
1061 3642 1190 3712 περὶ
1233 3640 1343 3695 τῶν
1379 3641 1712 3707 ἀποστόλων,
1760 3636 1837 3697 ὧν

248 3724 608 3799 ἀνεκαινίσθη
639 3730 720 3796 ὡς
746 3731 924 3786 ἀετοῦ
950 3733 988 3801 ἡ
1020 3734 1250 3800 νεότης.

315 3822 573 3890 Πνεῦμα
584 3822 908 3891 προσώπου
925 3823 1112 3894 ἡμῶν,
1134 3843 1188 3879 κ.
1208 3844 1257 3879 τ.
1282 3825 1325 3878 ἔ.
1347 3826 1502 3890 Τινὲς
1518 3827 1746 3897 ἔφασαν,
1760 3827 1838 3893 ὡς

248 3908 306 3964 ὲν
332 3916 443 3977 τοῖς
476 3911 781 3983 ἐξαιρέτοις
815 3916 1237 3987 διαφανέστερον
1259 3916 1349 3971 τὸν
1389 3919 1598 3973 Ἰωσίαν
1624 3920 1832 3992 θρηνεῖ.

255 4003 530 4070 Ἥλπιζον
547 4004 656 4078 γὰρ
673 4006 762 4060 διά
788 4008 888 4079 τῆς
917 4009 1081 4062 αύτοῦ
1117 4010 1431 4075 θεοσεϐείας
1466 4013 1837 4084 ἀνασταθῆναι

249 4094 346 4167 τὴν
374 4095 741 4169 Ἰερουσαλὴμ
756 4098 815 4151 ὲν
839 4098 988 4168 μέσῳ
1006 4099 1174 4153 ἐθνῶν
1190 4100 1270 4164 είς
1283 4100 1440 4166 δόξαν
1456 4118 1470 4132 ο
1489 4103 1548 4156 ὲν
1564 4103 1713 4175 μέσῳ
1727 4104 1836 4176 γὰρ

250 4182 414 4239 ἐθνῶν
436 4187 471 4257 ή
516 4183 870 4257 Ἰερουσαλήμ
888 4201 902 4217 ο
921 4185 1088 4250 τύπος
1116 4187 1173 4240 δὲ
1201 4182 1375 4255 οὗτος,
1400 4192 1552 4258 φασὶ,
1571 4192 1833 4261 Χριστοῦ,

250 4273 336 4329 διὰ
350 4276 447 4341 τάς
475 4275 712 4346 ἀνομίας
727 4277 1002 4349 τεθνηκὼς
1028 4279 1122 4333 τοῦ
1151 4279 1304 4346 λαοῦ,
1324 4282 1497 4336 καίτοι
1514 4282 1615 4336 οὐκ
1631 4284 1691 4339 ὲν
1714 4285 1835 4349 ταῖς

250 4366 343 4420 τοῦ
367 4367 504 4421 λαοῦ
539 4366 841 4440 συνελήφθη
890 4369 1227 4443 διαφθοραῖς,
1266 4371 1382 4427 ἀλλ’
1413 4373 1490 4437 ὡς
1519 4373 1835 4448 ἀπαγορεύ-

252 4472 443 4523 σαντος
493 4457 590 4511 τοῦ
638 4460 919 4531 προφήτου
961 4464 1296 4535 συναντήσας
1352 4464 1548 4535 Νεχαὼ
1600 4466 1831 4538 Φαραὼ,

1946 634 2090 678 sunt.
2122 622 2319 688 Verbo,
2363 610 2599 675 succensi
2632 632 2776 685 sunt,
2819 618 3155 687 signiﬁcatur
3186 615 3519 686 captivitatis

1946 715 2305 778 incendium;
2336 714 2506 768 verbo
2546 720 2751 775 autem,
2785 709 3032 762 commoti
3079 715 3221 769 sunt,
3255 706 3521 761 transitus

1946 807 2013 862 ad
2046 807 2384 863 servitutem.
2411 804 2546 859 Illud
2581 810 2784 868 autem,
2817 816 2919 853 non
2947 799 3140 852 addent
3165 796 3429 861 habitare,
3452 795 3520 852 si-

1946 900 2168 971 gnitleat
2202 912 2494 968 perennem
2521 895 2635 951 fore
2669 908 2859 948 eorum
2884 891 3200 951 ineolatum,
3227 904 3328 944 nec
3346 889 3520 945 altero

1946 1005 2086 1045 ODIIS
2112 1006 2254 1045 esse.

2021 1007 2086 1045 ns
2112 1006 2254 1045 esse.

1983 1006 2189 1137 pVers.
2222 1080 2313 1135 l6.
2365 1078 2547 1133 Facies
2594 1076 2805 1130 Domini
2847 1090 2978 1144 pars
3012 1087 3214 1128 eorum.
3248 1066 3448 1125 Ρωιιεε
3487 1082 3519 1123 a

1945 1175 2169 1230 Christo
2219 1180 2467 1241 sumptas
2502 1169 2775 1241 signiﬁcat
2814 1186 2828 1221 :
2879 1166 2953 1220 ait
2997 1162 3198 1234 quippe
3231 1159 3398 1214 David
3430 1158 3520 1214 “z

1952 1264 2145 1319 Facies
2171 1272 2347 1317 autem
2374 1262 2592 1316 Domini
2612 1275 2769 1331 super
2802 1259 3053 1329 facientes
3090 1253 3254 1308 mola.
3281 1250 3398 1306 Non
3432 1264 3523 1305 re-

1945 1358 2255 1428 spiciuntur
2299 1356 2369 1410 ab
2398 1370 2487 1419 eo,
2544 1354 2675 1408 dum
2723 1361 2949 1407 martem
3003 1351 3148 1418 quod
3196 1355 3354 1412 sunt;
3402 1358 3523 1398 cum

1944 1449 2082 1502 enim
2111 1445 2386 1501 intraverit
2434 1443 2707 1514 plenitudo
2729 1442 2982 1512 gerlium,
3010 1449 3140 1493 tunc
3158 1437 3328 1490 omnis
3349 1431 3524 1490 Israel

1946 1537 2245 1592 salvabitur
2283 1535 2354 1602 ¹⁸,
2383 1543 2613 1602 tumque
2642 1541 2703 1587 ut
2730 1532 2915 1587 ﬁdelis
2934 1528 3243 1599 respicitur.
3286 1526 3349 1582 Si
3394 1539 3524 1582 vero

1944 1629 2219 1686 scribatur
2245 1643 2367 1697 pars
2395 1641 2599 1690 eorum,
2630 1625 2685 1679 1d
2718 1637 2850 1679 sane
2876 1622 2955 1677 ait
2977 1622 3046 1677 de
3065 1619 3474 1692 egredientibus
3492 1634 3528 1675 ε

1948 1721 2148 1777 medio.
2183 1718 2256 1774 De
2287 1718 2537 1773 hostibus
2572 1730 2705 1772 vero
2748 1714 3155 1784 intelligendum
3188 1711 3323 1768 illud
3359 1729 3374 1766 :
3414 1708 3527 1766 Fa-

1947 1815 2079 1869 ciem
2122 1812 2457 1867 sacerdotum
2490 1825 2594 1864 non
2622 1816 2966 1878 acceperunt;
3014 1820 3204 1862 omnes
3243 1805 3388 1860 enim
3423 1804 3522 1860 ab-

1869 1882 1914 1938 B
1941 1904 2237 1960 duxerunt.

2016 1995 2173 2049 Vers.
2212 1992 2298 2045 17.
2337 1990 2471 2046 Cum
2517 1989 2690 2044 adhuc
2735 1987 3160 2050 subsisteremus,
3203 1995 3309 2042 etc.
3354 1986 3401 2039 A
3427 2000 3524 2040 ca~
3642 2020 3647 2023 -

1943 2085 2113 2156 ptivis
2147 2086 2264 2139 haec
2305 2083 2414 2139 dici
2462 2081 2717 2136 videntur
2759 2079 3078 2150 paenitentia
3109 2078 3324 2144 ductis,
3374 2078 3521 2148 quod

1946 2176 2327 2249 Egyptiorum
2360 2172 2823 2244 Assyriorumque
2863 2169 3085 2225 auxiliis
3116 2168 3366 2225 ﬁderent.
3407 2167 3525 2223 Dici

1946 2270 2062 2324 haec
2099 2274 2223 2337 apte
2257 2250 2590 2336 possuut'ab
2617 2261 2686 2317 iis
2721 2259 2816 2332 qui
2840 2275 2873 2316 e
2901 2259 3320 2316 circumcisione
3348 2258 3528 2314 credi-

1943 2359 2144 2414 derunt
2169 2374 2183 2410 :
2207 2354 2509 2411 defecimus
2538 2352 2743 2408 frustra
2773 2351 2827 2405 in
2857 2351 3031 2422 legem
3060 2358 3344 2422 sperantes
3371 2368 3386 2405 :
3414 2349 3528 2406 Lee:

1944 2450 2085 2506 enim
2108 2450 2366 2505 neminem
2397 2447 2592 2511 salvat,
2621 2452 2680 2500 ut
2703 2442 2782 2498 ait
2804 2441 3010 2498 Paulus
3040 2443 3105 2498 ιδ.
3136 2441 3249 2499 Nec
3289 2442 3367 2497 illi
3394 2458 3526 2513 ergo

1945 2543 2038 2614 qui
2077 2558 2109 2597 a
2159 2543 2273 2613 lege
2317 2541 2572 2612 pendent,
2620 2535 2888 2593 auxilium
2939 2536 3082 2593 ferre
3123 2544 3249 2605 post
3292 2537 3522 2607 gratiam

1945 2645 2220 2708 poterunt.

2027 2728 2214 2784 Veneti
2240 2745 2423 2783 sumus
2448 2728 2697 2799 parvulos
2721 2737 2952 2783 nostros.
2990 2726 3137 2781 Facti
3168 2725 3315 2781 enim
3344 2740 3375 2780 a
3403 2724 3526 2780 Salo

1942 2828 2133 2875 vatore
2157 2819 2411 2890 discipuli
2438 2819 2737 2888 piscatores
2759 2817 3067 2885 hominum,
3100 2815 3320 2873 Iudaeos
3344 2824 3526 2873 mente

1943 2910 2202 2983 parvulos
2230 2910 2590 2975 venabantur,
2624 2924 2693 2965 ne
2723 2924 2820 2979 per
2855 2908 3018 2962 latam
3049 2908 3402 2983 amplamquc
3427 2921 3527 2978 pa—

1943 3009 2091 3056 trum
2122 3001 2265 3055 viam
2302 2999 2485 3055 irent:
2520 3012 2662 3068 quos
2696 2998 2861 3053 etiam
2907 2996 3158 3053 Salvator
3201 2996 3524 3053 subindiea-

1944 3093 2038 3149 bat
2064 3093 2174 3149 illis
2199 3090 2381 3148 verbis
2404 3092 2447 3125 ³⁸
2481 3111 2496 3147 :
2529 3090 2701 3147 Sinite
2725 3092 2971 3164 parrulos
3002 3092 3173 3147 venire
3194 3091 3264 3145 ad
3298 3107 3402 3147 met

2013 3275 2171 3333 Vers.
2204 3277 2291 3333 l9.
2327 3275 2484 3332 Leues
2525 3277 2659 3347 facti
2682 3287 2805 3333 sunt
2837 3288 3190 3348 persecutores
3220 3279 3389 3334 nostri
3429 3295 3526 3334 str-

1939 3381 2033 3436 per
2058 3367 2268 3438 aquilas
2302 3367 2440 3422 rati.
2476 3366 2665 3424 Tradit
2704 3370 2850 3424 enim
2883 3369 3154 3440 .Iosephus
3198 3387 3267 3426 ne
3310 3379 3524 3428 montes

1940 3458 2161 3527 quidem
2196 3457 2533 3529 fugientibus
2571 3460 2867 3530 profuisse.
2901 3460 3032 3517 Illuc
3064 3462 3232 3533 igitur
3266 3478 3368 3519 nos
3411 3472 3523 3517 tra-

1940 3547 2132 3605 hentes
2159 3549 2618 3616 accendebantur,
2651 3552 2756 3606 hoc
2792 3561 2895 3617 est,
2929 3552 3147 3609 accensi
3178 3554 3389 3609 suntin
3417 3568 3520 3609 nos

1939 3637 2008 3693 ad
2033 3652 2224 3708 pcenas
2258 3639 2575 3711 exigendas.
2623 3639 2965 3712 lntelligatur
2994 3642 3160 3696 etiam
3191 3645 3259 3695 de
3294 3648 3520 3711 aposto-

1935 3728 2027 3794 lis,
2058 3744 2293 3800 quorum
2322 3731 2460 3785 sicut
2491 3730 2686 3801 aquilae
2709 3739 2967 3786 renovata
2996 3739 3093 3787 est'
3098 3730 3349 3800 juventus
3370 3730 3434 3783 “;

2010 3819 2167 3876 Vers.
2226 3819 2318 3876 20.
2373 3821 2605 3893 Spiritus
2650 3821 2810 3892 faciei
2864 3832 3083 3889 nostra,
3123 3829 3233 3878 etc.
3280 3820 3522 3889 Quidam

1936 3911 2213 3979 dixerunt,
2242 3913 2384 3967 inter
2410 3912 2718 3983 praecipuos
2745 3912 2950 3968 clarius
2976 3912 3066 3968 hic
3091 3910 3298 3968 Josiam
3328 3912 3520 3985 deplo-

1937 4005 2073 4061 rari.
2105 4003 2408 4075 Sperabam
2428 4006 2575 4060 enim
2600 4004 2748 4061 illius
2778 4004 2979 4075 pietate
3002 4006 3367 4063 extollendam
3387 4020 3516 4064 esse

1934 4095 2317 4153 Jerusalemin
2353 4096 2533 4152 medio
2557 4095 2799 4167 gentium
2831 4096 2901 4152 ad
2933 4097 3200 4169 gloriam:
3239 4099 3294 4154 in
3328 4099 3525 4155 medio-

1935 4204 2175 4259 namque
2208 4188 2453 4258 gentium
2498 4185 2799 4243 Jerusalem
2835 4196 2945 4253 est;
2979 4197 3166 4260 typum
3198 4205 3331 4246 vero
3370 4191 3516 4246 hunc

1933 4279 2139 4336 Christi
2179 4279 2352 4334 fuisse
2400 4286 2679 4346 asserunt,
2720 4293 2846 4334 eum
2880 4295 2981 4350 pro
3014 4279 3301 4350 iniquitate
3326 4282 3514 4353 pepuli

1933 4372 2007 4427 sit
2034 4381 2303 4436 mortuus,
2339 4379 2394 4427 et
2415 4378 2597 4427 tamen
2632 4371 2687 4427 in
2719 4372 3162 4443 corruptionibus
3189 4374 3373 4445 populi
3404 4389 3515 4429 non

1936 4463 2332 4534 deprehensus,
2367 4462 2459 4518 sed
2487 4463 2616 4533 quia
2658 4463 2982 4534 prohibente
3010 4466 3274 4537 propheta
3311 4481 3523 4523 occur--~

252 4550 452 4625 καίπερ
492 4552 633 4623 πρὸς
665 4552 827 4606 αὐτὸν
858 4553 958 4608 οὐκ
997 4555 1232 4610 ἐθέλοντι
1276 4557 1635 4629 μαχέσασθαι.
1676 4560 1835 4615 Κατά

1943 4555 2014 4610 rit
2044 4554 2263 4610 t‘tecbao
2290 4538 2587 4621 Pharaoni:
2618 4556 2746 4613 licet
2775 4558 2981 4613 nolenti
3012 4573 3255 4629 pugnare
3275 4573 3402 4614 cum
3422 4575 3511 4615 eo.

253 4642 429 4698 τοίνυν
452 4644 555 4697 τὸν
588 4641 732 4696 θεῖον
763 4645 1079 4711 ἀπόστολον,
1123 4647 1407 4720 κάλυμμα
1434 4651 1512 4717 τῷ
1536 4652 1834 4721 προσώπῳ

256 4734 358 4788 τῶν
381 4737 653 4791 Ἰουδαίων
684 4738 989 4806 ἐπίκειται,
1024 4742 1320 4809 Μωυσέως
1345 4745 1831 4818 ἀναγινωσκομέ-

256 4844 393 4883 νου·
425 4831 526 4883 ἐὰν
550 4830 606 4883 δὲ
631 4832 934 4903 ἐπιστραφῇ
965 4833 1102 4903 πρὸς
1141 4835 1363 4908 Κύριον,
1397 4841 1833 4911 περιαιρεῖταιτὸ

260 4919 522 4993 κάλυμμα
536 4938 549 4950 ·
564 4922 610 4974 πό
625 4921 682 4974 δὲ
708 4922 911 4993 Κύριος
924 4923 987 4976 τὺ
1008 4924 1223 4995 πνεῦμά
1238 4929 1372 4981 ἐστι.
1390 4929 1488 4982 Διά
1510 4929 1568 4983 δὲ
1583 4930 1678 4985 τοῦ
1698 4949 1833 5005 προ-

259 5013 424 5084 φήτου
459 5012 624 5087 ῥητὸν
656 5015 873 5085 πνεῦμα
901 5015 1051 5085 λέγει
1077 5015 1167 5070 τὸν
1193 5018 1418 5092 Κύριον.
1448 5017 1548 5087 Οἷς
1581 5018 1677 5077 οὖν
1708 5023 1830 5078 ἐπί-

254 5117 432 5157 κειται
468 5103 754 5177 κάλυμμα,
789 5106 890 5159 οὐκ
931 5104 997 5159 ἂν
1031 5106 1266 5162 εῐποιενο
1312 5112 1555 5181 Πνεῦμα
1598 5113 1831 5182 προσώ-

254 5206 374 5248 που
393 5195 567 5264 ἡμῶν
589 5195 844 5264 Χριστὸς
878 5198 1113 5267 Κύριος,
1148 5198 1262 5251 ἀλλ’
1290 5201 1340 5253 oi
1373 5201 1829 5275 ἀνακεκαλυμμέ-

257 5298 333 5353 νῳ
360 5284 637 5357 προσώπῳ
662 5287 742 5351 είς
771 5286 928 5352 δόξαν
961 5288 1168 5360 Κυρίου
1199 5290 1715 5362 κατοπτριζόμενοι,
1753 5286 1830 5349 ὧν

253 5371 342 5426 ἀεὶ
371 5376 477 5447 πρὸ
503 5374 610 5428 τῶν
641 5377 741 5448 τῆς
770 5377 1007 5443 διανοίας
1036 5378 1326 5451 ὀφθαλμῶν
1353 5381 1502 5434 ἐστιν
1528 5383 1556 5435 ό
1594 5381 1828 5455 Κύριος*

254 5463 331 5529 ώς
360 5465 535 5538 δῆλον,
561 5469 644 5523 ὅτι
676 5469 738 5523 τὸ
769 5470 1073 5541 ἐνεργῆσαν
1099 5472 1159 5523 ὲν
1187 5472 1300 5535 τοῖς
1330 5473 1637 5543 προφήταις
1670 5474 1832 5530 πνεῦ-

260 5568 338 5623 μα
367 5552 439 5627 ἦν
466 5559 494 5611 ό
521 5558 775 5630 Χριστὸς,
802 5558 863 5624 ὃς
910 5562 1002 5616 καὶ
1032 5561 1452 5635 ἐνανθρωπήσας
1497 5565 1683 5635 φησὶν,
1711 5568 1831 5622 Αὐ-

256 5641 360 5710 τὸς
393 5649 427 5700 ό
456 5648 664 5704 λαλῶν
689 5649 946 5721 πάρειμι,
981 5652 1141 5718 αὐτὸς
1188 5652 1269 5709 ὢν
1303 5652 1539 5726 πνεῦμα,
1584 5657 1677 5709 καὶ
1719 5657 1834 5712 Κύ-

331 5758 373 5791 ¹¹
403 5758 546 5836 lfsal.
572 5765 883 5836 nstin“.
963 5766 1005 5799 ⁸³
1028 5766 1184 5823 Rom.
1218 5785 1294 5836 χι,
1327 5769 1417 5825 25.

260 5826 348 5882 ﬂ.
426 5830 467 5862 "
496 5831 603 5888 Isa.
637 5826 812 5899 1.11.6.

1518 5769 1558 5801 ”
1587 5768 1704 5826 Gal.
1745 5787 1826 5840 Ill,
1856 5772 1939 5829 li.

1941 4645 2130 4717 Itaque
2177 4645 2477 4702 secundum
2515 4646 2760 4703 divinum
2807 4649 3129 4719 Apostolum
3169 4651 3234 4718 ⁸⁷,
3286 4650 3533 4709 relatum.

1939 4740 2167 4810 positum
2189 4746 2267 4792 est
2289 4755 2445 4809 super
2469 4740 2662 4809 faciem
2689 4739 3023 4806 Iudaeorum,
3051 4742 3181 4796 dum
3207 4743 3412 4814 Moyses
3438 4744 3516 4800 le-

1938 4831 2116 4901 gitur;
2151 4830 2297 4900 quod
2331 4830 2377 4885 si
2411 4846 2712 4888 conversus
2744 4831 2913 4888 fuerit
2950 4832 3018 4887 ad
3061 4831 3374 4903 Dominum,
3414 4852 3515 4891 au-

1937 4914 2111 4976 fertur
2150 4921 2431 4988 velamen;
2485 4920 2755 4978 Dominus
2802 4938 2932 4980 vero
2983 4925 3210 4995 spiritus
3248 4937 3353 4984 est.
3411 4925 3513 4984 Hic

1937 5012 2199 5083 propheta
2249 5012 2501 5081 spiritum
2533 5013 2667 5070 dicit
2696 5013 3011 5072 Dominum.
3048 5016 3093 5073 li
3119 5018 3282 5089 igitur
3310 5019 3514 5090 quibus

1937 5103 2183 5159 velamen
2231 5105 2638 5175 superpositum
2686 5119 2791 5175 est,
2836 5108 3018 5165 dicere
3069 5125 3181 5166 non
3243 5121 3510 5182 possunt,

1935 5197 2156 5266 spiritus
2186 5199 2292 5252 oris
2319 5200 2487 5253 nostri
2515 5198 2758 5256 Christus
2785 5200 3084 5267 Dominus;
3109 5203 3202 5259 sed
3232 5204 3327 5274 qui
3358 5220 3511 5260 reve-

1935 5291 2043 5347 lata
2095 5289 2235 5346 facie
2286 5292 2513 5363 gloriam
2569 5291 2785 5348 Domini
2842 5295 3214 5362 speculantur,
3272 5311 3508 5366 quorum

1934 5397 2150 5452 semper
2176 5398 2289 5453 pra:
2318 5384 2496 5440 oculis
2524 5383 2725 5440 mentis
2749 5393 2832 5440 est
2860 5385 3146 5443 Dominus.
3177 5384 3314 5441 Nam
3342 5389 3512 5459 spiri-

1933 5484 2048 5531 tum
2100 5475 2195 5546 qui
2238 5474 2404 5547 350
2447 5484 2707 5546 Operatus
2754 5487 2839 5533 est
2892 5477 2948 5532 in
2994 5477 3296 5549 prophetis,
3341 5480 3511 5551 liquet

1932 5567 2215 5624 Christum
2244 5568 2435 5635 fuisse,
2466 5568 2561 5639 qui
2586 5569 2751 5624 etiam
2780 5568 2948 5624 homo
2975 5567 3151 5625 factus
3178 5569 3318 5624 ait"
3342 5589 3357 5627 :
3387 5570 3512 5643 Ipse

1931 5659 2023 5731 qui
2052 5659 2306 5731 loquebar
2345 5659 2535 5717 adsum
2564 5673 2583 5713 :
2614 5675 2738 5715 cum
2779 5660 2895 5732 ipse
2923 5659 2997 5716 sit
3031 5663 3278 5734 spiritus,
3314 5674 3371 5721 et
3399 5663 3510 5722 Do-

2057 5776 2100 5810 “
2130 5775 2321 5837 Matth.
2353 5793 2437 5845 ιν,
2457 5773 2541 5832 19.
2655 5772 2699 5805 ¹⁶
2726 5772 2818 5831 Ps.
2846 5789 2941 5841 cu,
2968 5774 3021 5831 5.
3135 5778 3176 5809 ³⁷
3204 5773 3513 5847 “Camn,
