4070 6296
575 358 703 446 ⁵639

1918 379 1927 392 “
2015 368 2361 428 ORIGENES
2432 386 2449 397 ‘

3726 371 3829 430 6‘50

591 505 796 567 minus,
823 509 876 557 et
901 500 1172 556 Christus.
1209 495 1364 550 llunc
1390 504 1760 563 conceperunt
1784 491 1879 562 qui
1917 490 2133 561 primun

2256 503 2391 558 ριος,
2424 486 2517 539 καὶ
2543 486 2795 557 Χριστός.
2834 485 3033 539 Τοῦτον
3078 484 3364 540 συνέλαϐον
3407 486 3456 539 οἱ
3485 484 3826 559 διαφθείραν-

591 594 647 646 in
696 590 890 660 scipsis
941 588 1156 659 pietatis
1211 586 1420 641 semina
1475 591 1853 656 corruperant.
1906 580 2011 635 Sed
2054 594 2157 634 nos

580 681 863 751 prophetae
904 693 1013 734 non
1058 678 1223 731 alium
1270 691 1391 731 esse
1432 675 1809 730 existimantes
1841 670 2012 726 nostri
2044 670 2155 729 oris

588 769 858 839 spiritum,
891 776 1014 838 post
1044 777 1286 823 nostram
1319 766 1730 834 conceptionem
1763 763 1972 818 nullum
2015 762 2155 815 inter

586 861 735 930 ipsos
767 861 1003 931 amplius
1046 861 1224 915 locum
1273 860 1558 925 habentes,
1604 858 1708 913 sub
1746 856 1920 927 gratia
1949 852 2153 910 Christi

585 952 837 1023 tegimur,
886 968 995 1007 non
1043 952 1155 1021 jam
1202 951 1343 1019 apud
1387 948 1629 1015 Iudaeos,
1668 946 1765 1004 sed
1812 946 1866 1002 in
1897 945 2153 1002 omnibus

583 1042 859 1113 gentibus,
900 1043 1123 1112 quando
1168 1043 1409 1096 ablatum
1440 1055 1670 1112 regnum
1720 1037 1815 1093 Dei
1848 1036 2050 1093 abillis
2082 1035 2153 1090 ob

581 1142 856 1201 patratum
894 1131 1108 1188 facinus
1137 1132 1194 1187 in
1223 1130 1503 1187 Christum
1542 1130 1727 1183 datum
1754 1135 1840 1184 est
1876 1125 2148 1197 gentibus.

581 1221 727 1279 Ecce
750 1212 896 1277 enim
928 1224 1121 1278 vivunt
1160 1221 1303 1276 inter
1329 1234 1434 1275 nos
1472 1220 1750 1289 prophetae
1778 1218 2067 1287 loquentes
2095 1223 2152 1270 et

581 1315 943 1384 praedicantes
990 1314 1058 1370 de
1098 1313 1213 1378 illo,
1263 1312 1358 1369 sed
1391 1326 1500 1367 non
1544 1310 1781 1380 amplius
1813 1308 1956 1379 apud
1989 1308 2147 1375 illos,

579 1404 684 1475 qui
703 1403 771 1458 ad
798 1404 913 1459 haec
941 1418 1114 1474 usque
1139 1412 1384 1471 tempora
1410 1398 1527 1457 suis
1552 1415 1680 1456 eum
1705 1397 2151 1468 corruptionibua

2256 594 2348 642 τες
2397 579 2612 648 πρῶτον
2658 578 2716 632 ὲν
2766 579 2978 642 ἑαυτοῖς
3004 578 3103 649 τῆς
3154 577 3462 641 θεοσεϐείας
3513 578 3824 649 σπέρματα.

2269 667 2405 722 Ἀλλ’
2452 670 2614 740 ήμείς
2659 672 2708 723 οἰ
2761 671 3036 742 προφῆται
3079 670 3181 723 οὐκ
3230 669 3389 724 ἄλλον
3428 672 3720 742 ἡγούμενοι
3769 671 3829 726 τὸ

2252 760 2470 832 πνεῦμα
2500 762 2594 816 τοῦ
2626 761 2919 833 προσώπου
2936 762 3114 834 ἡμῶν,
3151 761 3287 833 μετὰ
3316 763 3416 834 τὴν
3447 763 3606 834 ήμῶν
3641 762 3827 835 σύλληο

2253 850 2346 920 ψιν
2377 853 2573 923 μηκέτι
2603 853 2766 908 τόπον
2800 852 3014 929 ἔχοντες
3040 855 3098 907 ὲν
3127 854 3331 918 αὐτοῖς,
3356 854 3462 907 ὑπὸ
3487 856 3553 925 τῇ
3582 853 3678 907 τοῦ
3701 856 3828 926 Χρι-

2255 942 2382 996 στοῦ
2402 944 2584 1016 χάριτι
2613 945 2964 1017 σκιαζόμεθα,
2990 946 3174 999 οὐκέτι
3198 946 3350 1018 παρὰ
3395 946 3690 1011 Ἰουδαίοις,
3712 947 3825 1000 ἀλλ’

2253 1037 2311 1088 ὲν
2355 1035 2498 1100 ὅλοις
2528 1037 2643 1098 τοῖς
2691 1034 2921 1100 ἔθνεσιν,
2957 1037 3044 1089 ὅτε
3089 1035 3317 1108 ἀρθεῖσα
3428 1036 3679 1108 βασιλεία
3728 1034 3826 1089 τοῦ

2251 1123 2386 1177 Θεοῦ
2426 1125 2520 1178 ἀπ’
2549 1124 2732 1181 αὐτῶν
2768 1125 2859 1179 διὰ
2897 1126 2958 1180 τὸ
3002 1126 3143 1181 κατὰ
3172 1125 3264 1181 τοῦ
3306 1125 3541 1199 Χριστοῦ
3572 1126 3827 1200 τόλμημα

2244 1215 2404 1287 ἐδόθη
2446 1219 2558 1280 τοῖς
2584 1216 2812 1272 ἔθνεσιν.
2862 1217 2991 1272 Ἰδοὺ
3022 1217 3132 1289 γάρ
3160 1218 3325 1283 ζῶσιν
3357 1220 3414 1273 ὲν
3441 1220 3575 1290 ἡμῖν
3603 1220 3653 1273 οἱ
3698 1236 3828 1290 προν

2250 1307 2417 1377 φῆται
2441 1346 2457 1374 ,
2522 1307 2808 1373 λαλοῦντες
2872 1309 3001 1380 περὶ
3056 1310 3220 1365 αὐτοῦ
3277 1311 3372 1365 καὶ
3420 1306 3824 1382 κηρύσσοντες,

2249 1397 2363 1450 ἀλλ’
2389 1397 2570 1451 οὐκέτι
2596 1398 2726 1470 παρ’
2754 1397 3001 1465 ἐκείνοις,
3032 1401 3144 1464 τοῖς
3169 1398 3248 1455 ἐτι
3279 1399 3373 1459 καὶ
3402 1399 3497 1454 νῦν
3527 1400 3689 1455 αὐτὸν
3705 1404 3822 1467 ταῖς

578 1495 941 1559 circumdant,
977 1504 1033 1550 et
1066 1494 1308 1565 quotidie
1350 1492 1746 1562 blasphemant.
1782 1492 1976 1562 Aquila
2019 1506 2133 1548 verr

2248 1487 2457 1542 ἑαυτῶν
2484 1488 2801 1563 διαφθοραῖς
2831 1489 3268 1562 περιϐάλλουσιν,
3287 1491 3558 1564 ὁσημέραι
3580 1491 3827 1563 βλασφη--

558 1588 830 1653 ‘reddidit,
865 1590 1084 1658 spiritus
1128 1590 1338 1643 narium
1369 1595 1705 1654 nostrarum;
1750 1588 2133 1660 Symmachus,

2251 1579 2476 1651 μοῦντες
2500 1579 2681 1636 αὐτόν.
2730 1580 2788 1633 'O
2815 1581 2873 1634 δὲ
2909 1580 3137 1645 Ἀκύλας
3167 1581 3294 1654 ἔφη,
3341 1583 3578 1651 πνεῦμα
3594 1583 3825 1652 μυκτήο

579 1681 740 1747 ﬂatus
784 1681 995 1734 uarium
1039 1692 1360 1735 nostrarum.
1406 1681 1538 1737 Nam
1572 1683 1664 1753 qui
1708 1681 1878 1736 Deum
1925 1690 2133 1748 amant,

2238 1688 2364 1738 ρων
2390 1670 2582 1741 ήμῶνο
2628 1671 2923 1745 Σύμμαχος
2955 1673 3036 1738 δὲ,
3084 1672 3242 1741 πνοὴ
3273 1674 3597 1742 μυκτήρων
3630 1674 3817 1744 ἡμῶν.

579 1784 791 1840 semper
817 1771 1094 1827 Christum
1126 1774 1357 1842 spirant,
1394 1789 1507 1845 prae
1534 1774 1712 1830 oculis
1751 1774 1904 1828 illum
1932 1774 2133 1829 haben-

2248 1761 2312 1813 υἱ
2345 1762 2453 1831 γὰρ
2484 1760 2751 1832 θεοφιλεῖς
2793 1762 2882 1819 διὰ
2925 1764 3125 1827 παντὸς
3155 1763 3388 1834 Χριστὸν
3431 1763 3817 1833 ἀναπνέουσιν,

578 1873 685 1915 tes.
722 1859 854 1916 Illud
877 1876 1042 1930 porro
1071 1864 1349 1918 sciendum
1378 1874 1482 1931 est,
1523 1864 1670 1936 quod
1699 1865 1843 1919 sicut
1869 1864 2133 1932 Christus,

2252 1854 2354 1925 πρὸ
2381 1853 2672 1925 ὀφθαλμῶν
2704 1854 2865 1908 αὐτὸν
2896 1853 3131 1925 ἔχοντες.
3176 1853 3371 1909 Ἰστέον
3394 1855 3471 1919 δὲ,
3499 1856 3605 1921 ὅτι,
3633 1855 3819 1929 ῶσπερ

575 1948 801 2016 spiritus
827 1964 950 2004 cum
1001 1951 1090 2015 sit,
1144 1952 1357 2010 locutus
1404 1963 1490 2010 est
1533 1955 1589 2009 in
1633 1954 1934 2024 prophetis,
1980 1954 2052 2007 ita
2091 1963 2133 2009 el

2252 1947 2280 1998 ὁ
2310 1945 2545 2016 Χριστὸς
2578 1946 2795 2018 πνεῦμα
2832 1944 2907 2000 ῶν
2935 1948 2993 2000 ὲν
3030 1948 3141 2010 τοῖς
3172 1947 3477 2018 προφήταις
3522 1946 3819 2019 ἐλάλησεν,

577 2036 751 2091 Pater.
785 2039 875 2092 Ait
901 2040 1046 2094 enim
1077 2039 1281 2099 Paulus
1314 2044 1368 2098 in
1403 2043 1645 2113 Epistola
1679 2043 1748 2098 ad
1778 2040 2036 2097 Hebraeos
2055 2044 2097 2077 ί⁹
2124 2061 2138 2097 :

581 2126 873 2198 Multifarie
899 2131 1182 2202 multisque
1208 2134 1375 2195 modis
1400 2134 1526 2187 olim
1548 2133 1689 2188 Deus
1717 2132 1922 2187 locutus
1947 2134 1998 2187 iu
2018 2149 2144 2201 pro-

571 2219 763 2285 phetis,
786 2221 842 2272 in
876 2219 1077 2276 ultimis
1117 2223 1297 2278 diebus
1330 2224 1534 2280 locutus
1562 2210 1654 2279 ἐει
1689 2224 1836 2278 nobis
1866 2225 1921 2277 in
1961 2222 2138 2290 Filio;

568 2309 821 2363 s‘militer
856 2318 911 2364 et
937 2312 1173 2381 Spiritus
1195 2323 1446 2381 sanctus;
1465 2316 1540 2369 ait
1560 2316 1759 2386 quippe
1785 2314 2033 2371 Salvator
2049 2315 2093 2347 ²⁰
2119 2333 2134 2369 :

545 2397 722 2453 'Rssts
761 2400 895 2455 dixit
919 2403 976 2457 in
1003 2402 1155 2459 Isaia
1182 2403 1415 2475 Spiritus
1434 2415 1648 2461 sanctus
1675 2422 1695 2460 :
1725 2407 1926 2467 Audita
1955 2408 2133 2463 audiev

569 2489 659 2553 tis,
684 2501 732 2544 et
761 2508 867 2545 non
905 2493 1232 2565 intelligetis.
1261 2496 1329 2551 Et
1359 2497 1415 2552 in
1455 2495 1695 2567 Epistola
1725 2498 1791 2551 ad
1821 2497 2135 2557 Corinthios

564 2580 767 2638 Paulus
810 2588 1145 2642 enumeratis
1189 2587 1371 2656 donis,
1404 2589 1459 2643 in
1488 2590 1685 2659 quibus
1714 2600 1799 2645 est
1824 2591 2129 2660 prophetia,

564 2672 748 2728 subdit
768 2675 854 2729 ἐς
892 2674 1020 2732 llam
1057 2693 1176 2732 vero
1220 2679 1398 2735 omnia
1440 2690 1688 2749 operatur
1718 2697 1853 2734 unus
1918 2690 1967 2736 et
1998 2664 2134 2736 idem

561 2765 803 2832 spiritus,
847 2778 1106 2834 praestans
1160 2771 1440 2836 unicuique
1485 2771 1622 2827 sicut
1672 2770 1817 2834 vult,
1869 2774 1974 2827 hoc
2023 2780 2128 2837 est,

561 2857 780 2926 propria
829 2866 1118 2926 potestate,
1169 2876 1278 2914 non
1333 2861 1620 2917 serviliter.
1668 2860 1879 2918 Poteris
1911 2877 2130 2934 quoque

560 2943 743 3000 dicere
785 2948 1040 3017 spiritum
1071 2949 1185 3006 oris
1211 2950 1513 3016 Christum,
1544 2953 1637 3022 qui
1668 2952 1824 3011 nobis
1854 2953 2125 3024 spiritum,

561 3035 616 3090 id
663 3043 748 3092 est
792 3038 1019 3107 gratiam
1070 3042 1363 3111 prophetiae
1412 3042 1637 3114 largitus
1676 3053 1778 3101 est.
1823 3042 1949 3103 Hice
1979 3045 2127 3111 enim

562 3125 948 3195 prophetarum
977 3128 1145 3187 facies
1173 3141 1288 3200 est;
1318 3134 1543 3204 spiritus
1577 3149 1707 3189 vero
1735 3135 1962 3203 donum,
2002 3152 2126 3190 um-
2153 3169 2197 3229 ο

536 3222 656 3275 -bra
687 3222 771 3282 lex
813 3240 827 3276 :
866 3221 1116 3281 Umbram
1161 3225 1361 3294 quippe
1408 3225 1712 3296 futurarum
1751 3228 2004 3282 bonarum
2044 3228 2131 3284 lea;

559 3311 791 3369 cantiuet
814 3313 880 3366 ".
908 3312 1171 3371 Vixerunt
1198 3314 1383 3384 itaque
1407 3315 1463 3375 in
1490 3317 1650 3379 nobis
1680 3318 1971 3388 prOphetae,
1994 3328 2048 3374 et
2073 3319 2128 3375 in

560 3401 694 3472 legis
720 3403 932 3463 umbra.
964 3404 1176 3465 Donum
1200 3421 1329 3478 ergo
1356 3409 1728 3481 propheticum
1746 3410 1812 3464 ad
1829 3410 1975 3480 quod
2002 3411 2128 3467 uni-

558 3506 732 3551 versae
779 3492 952 3555 tendit
1004 3494 1184 3551 exitus
1229 3497 1548 3567 prophetiae,
1599 3498 1852 3554 Christus
1884 3509 1987 3566 est,
2028 3501 2129 3556 hoc

558 3592 663 3647 ist,
717 3600 750 3639 a
798 3584 1036 3641 Christo.
1094 3584 1248 3648 Finis
1291 3588 1429 3649 enim
1481 3588 1609 3659 legis
1657 3600 1707 3647 et
1754 3591 2126 3662 prapltetarutu

559 3673 803 3729 Christus
828 3674 893 3728 ’³.
929 3673 1047 3735 Dici
1084 3675 1246 3739 etiam
1278 3687 1452 3746 potest
1479 3682 1547 3734 ex‘
1587 3693 1819 3750 persona
1851 3682 2123 3751 apostolo-

558 3780 679 3821 rutn
710 3764 1062 3839 ﬁdeliumque
1085 3766 1130 3796 “
1160 3783 1173 3821 :
1203 3764 1271 3825 In
1313 3768 1426 3837 ipso
1462 3769 1602 3822 enim
1639 3770 1854 3833 vivimus
1888 3783 1935 3835 et
1955 3787 2126 3833 move<

535 3863 673 3904 .mur
692 3858 742 3901 et
766 3866 981 3916 sumus;
1011 3855 1097 3906 cui
1122 3852 1375 3922 diximus,
1404 3856 1460 3911 in
1485 3855 1673 3910 umbra
1701 3857 1847 3912 illius
1870 3860 2121 3925 vivemus,

557 3939 660 3995 hoc
687 3951 792 4009 est,
823 3944 891 3998 ad
933 3944 1293 4004 imitationem
1325 3949 1467 4020 ejus.
1519 3951 1748 4008 Divinus
1793 3953 1939 4015 enim
1978 3953 2124 4026 Apol-

542 4032 726 4086 .stolus
778 4033 856 4101 ait
877 4036 922 4067 ’³
962 4055 977 4091 :
1014 4036 1320 4107 Imitatores
1368 4042 1470 4101 mei
1517 4053 1703 4109 estote,
1750 4044 1888 4099 sicut
1934 4053 1984 4099 et
2029 4060 2122 4115 ευρ

556 4121 770 4178 Christi.

626 4325 781 4395 νοτε.
817 4328 910 4382 21.
952 4330 1133 4384 Gaude
1159 4342 1207 4386 et
1233 4334 1435 4402 laetare,
1466 4337 1584 4405 ﬁlia
1619 4336 1895 4395 Idumam.
1926 4339 2121 4396 Sermo

2242 2034 2384 2088 οὕτω
2412 2036 2505 2089 καὶ
2538 2035 2567 2088 ὁ
2598 2037 2808 2107 Πατήρ.
2845 2036 3008 2103 Λέγει
3037 2035 3144 2107 γὰρ
3176 2036 3234 2090 ὲν
3266 2038 3332 2107 τῇ
3361 2035 3499 2107 πρὸς
3537 2037 3821 2108 Ἐϐραίους

2240 2129 2268 2182 ὁ
2298 2126 2533 2190 Παῦλοςο
2585 2126 2938 2196 Πολυμερῶς
2986 2126 3082 2181 καὶ
3133 2125 3518 2193 πολυτρόπως
3563 2125 3747 2180 πάλαι
3780 2128 3816 2182 ό

2242 2218 2386 2283 Θεὸς
2429 2217 2711 2286 λαλήσας
2739 2218 2808 2272 ὲν
2854 2217 2978 2284 τοῖς
3029 2214 3380 2285 προφήταις,
3422 2215 3515 2270 ἐπ’
3546 2216 3818 2286 ἐσχάτων

2238 2309 2354 2363 τῶν
2380 2308 2612 2379 ἡμερῶν
2647 2308 2950 2378 ἐλάλησεν
2979 2308 3122 2378 ἡμῖν
3147 2307 3217 2360 ἐν
3248 2307 3355 2372 ne
3372 2323 3387 2338 ’
3427 2306 3601 2371 οὕτως
3626 2308 3683 2360 δὲ
3724 2306 3814 2363 καὶ

2234 2401 2296 2454 τὸ
2347 2400 2569 2471 Πνεῦμα
2616 2401 2677 2454 τὸ
2722 2400 2905 2470 ἅγιον·
2960 2399 3094 2469 φησὶ
3139 2397 3246 2469 γὰρ
3277 2399 3305 2451 ὁ
3349 2398 3569 2469 Σωτήρ’
3600 2396 3814 2464 Καλῶς

2234 2488 2402 2545 εἶπεν
2430 2491 2500 2547 ἐν
2531 2492 2737 2561 Ἡσαΐᾳ
2757 2491 2822 2544 τὸ
2852 2491 3095 2560 Πνεῦμα
3122 2489 3187 2543 τὸ
3214 2489 3415 2559 ἅγιον⁸
3451 2486 3615 2556 Ἁκοῇ
3633 2488 3811 2541 ἀκού·
3920 2485 3935 2502 ”

2233 2585 2501 2647 ostentui
2537 2587 2608 2638 οὐ
2628 2583 2714 2654 μὴ
2739 2583 2988 2652 συνῆτε.
3036 2584 3124 2636 Ἐν
3153 2583 3209 2635 δὲ
3238 2585 3304 2653 τῇ
3336 2581 3466 2653 πρὸς
3491 2579 3811 2652 Κορινθίους

2233 2675 2262 2733 ὁ
2295 2674 2504 2739 Παῦλος
2533 2675 2700 2728 εἰπὼν
2728 2675 2797 2728 τὰ
2844 2675 3176 2746 χαρίσματα,
3213 2675 3268 2726 ὲν
3299 2668 3381 2737 οἷς
3428 2674 3573 2725 ὲστιν
3597 2674 3632 2743 ἡ
3680 2688 3813 2742 προ-

2233 2768 2450 2837 φητεία,
2492 2767 2660 2835 φησί·
2702 2786 2720 2819 ι
2763 2767 2953 2822 Ταῦτα
2987 2766 3055 2820 δὲ
3097 2766 3295 2845 πάντα
3339 2764 3567 2835 ἐνεργεῖ
3608 2764 3679 2818 ἐν
3716 2763 3811 2817 καὶ

2229 2857 2296 2910 τὸ
2329 2857 2474 2912 αὐτὸ
2506 2858 2760 2929 πνεῦμα,
2807 2859 3109 2929 χορηγοῦν
3149 2859 3385 2922 ἑκάστῳ
3430 2857 3625 2924 καθὼς
3662 2856 3808 2922 ,ϐοὐ-

2227 2952 2424 3005 λεταν
2456 2950 2733 3005 τουτέστιν
2760 2950 3115 3019 αύθεντικῶς,
3145 2952 3206 3005 οὐ
3232 2950 3512 3014 δουλικῶς.
3540 2950 3733 3019 Λέγοις
3762 2933 3807 3003 δ’

2227 3040 2294 3093 ἂν
2310 3039 2527 3110 πνεῦμα
2547 3039 2840 3111 προσώπου
2871 3041 3125 3113 Χριστὸν,
3154 3041 3246 3095 τὸν
3265 3040 3654 3113 δωρησάμενον
3682 3041 3807 3112 ήμῖν

2229 3131 2290 3184 τὸ
2317 3132 2532 3203 πνεῦμα
2552 3133 2651 3203 τῆς
2671 3132 3025 3206 προφητείας.
3044 3132 3191 3204 Αὕτη
3209 3133 3316 3206 γὰρ
3330 3133 3628 3206 προφητῶν
3644 3133 3805 3206 πρόσ-

2228 3241 2398 3290 ωπον,
2424 3225 2644 3296 πνεῦμα
2658 3225 2715 3278 δὲ
2750 3224 3019 3297 χάρισμα,
3044 3225 3172 3280 σκιά
3188 3224 3245 3279 δὲ
3258 3229 3286 3280 ὸ
3299 3226 3463 3298 νόμος
3480 3226 3687 3281 ’Σκιάν
3700 3225 3804 3298 γὰρ

2230 3313 2353 3383 ἔχει
2383 3316 2416 3368 ὀ
2438 3315 2621 3383 νόμος
2643 3313 2762 3367 τῶν
2784 3314 3137 3383 μελλόντων
3167 3312 3424 3385 ἀγαθῶν.
3459 3314 3700 3386 Ἔζησαν
3715 3310 3804 3375 οὖν

2229 3405 2286 3458 ὲν
2309 3406 2440 3475 ἡμῖν
2467 3406 2518 3457 οι
2564 3405 2842 3475 προφῆται
2889 3404 2984 3463 καὶ
3019 3406 3077 3458 ὲν
3109 3408 3174 3479 τῇ
3221 3404 3315 3460 τοῦ
3344 3406 3507 3477 νόμου
3539 3407 3686 3477 σκιᾷ.
3733 3404 3804 3461 Τὸ

2225 3490 2320 3549 οὖν
2356 3497 2601 3571 χάρισμα
2637 3495 2699 3549 τὸ
2740 3496 3098 3568 προφητικὸν,
3136 3497 3273 3568 πρὸς
3317 3497 3345 3550 ὃ
3392 3497 3578 3566 βλέπει
3630 3498 3803 3567 πάσης

2226 3587 2325 3658 τῆς
2358 3587 2690 3660 προφητείας
2727 3590 2761 3658 ἡ
2794 3588 3035 3653 ἔκϐασις,
3082 3588 3314 3660 Χριστός
3353 3590 3500 3649 ἐστι,
3529 3588 3800 3643 τουτέστιν

2225 3677 2331 3729 ἀπὸ
2382 3678 2640 3747 Χριστοῦ.
2680 3678 2859 3745 Τέλος
2904 3679 3015 3749 γὰρ
3062 3680 3251 3749 νόμου
3281 3679 3378 3732 καὶ
3418 3678 3736 3749 προφητῶν
3768 3681 3800 3739 ό

2224 3770 2495 3837 Χριστός.
2543 3769 2763 3841 Ῥηθείη
2791 3771 2849 3823 δὲ
2890 3770 2983 3824 καὶ
3011 3772 3076 3824 ὲκ
3109 3768 3402 3842 προσώπου
3434 3770 3546 3825 τῶν
3581 3769 3801 3824 ἀποστό-

2222 3857 2329 3917 λων
2369 3860 2464 3915 καὶ
2494 3860 2602 3916 τῶν
2632 3861 2837 3915 πιστῶν
2860 3878 2873 3891 ·
2925 3862 3021 3915 Ἐν
3048 3861 3208 3927 αὐτῷ
3235 3862 3344 3933 γὰρ
3366 3861 3550 3931 ζῶμεν
3575 3864 3673 3917 καί
3713 3880 3799 3917 κι-

2221 3952 2483 4021 νούμεθα
2506 3954 2604 4007 καὶ
2628 3952 2818 4022 ἐσμέν
2835 3970 2849 3984 ο
2879 3945 2928 4019 ᾦ
2956 3953 3221 4023 εἵπομεν,
3251 3954 3321 4007 ἐν
3342 3953 3416 4022 τῇ
3444 3954 3589 4021 σκιᾷ
3617 3951 3799 4008 αὐτοῦ

2224 4041 2536 4114 ζὴσόμεθιι,
2565 4046 2814 4103 τουτέστι
2844 4045 2986 4101 κατὰ
3019 4047 3249 4118 μίμησιν
3289 4045 3484 4100 αύτοῦο
3513 4047 3661 4117 λέγει
3693 4048 3796 4117 γὰρ

2220 4137 2249 4188 ὁ
2277 4134 2416 4200 θεῖος
2460 4137 2807 4202 ’Δπόστολος·
2836 4137 3097 4207 Μιμηται
3135 4154 3255 4207 μου
3297 4137 3558 4207 γίνεσθε,
3609 4135 3799 4203 καθὼς

2222 4231 2384 4307 κάγὼ
2420 4231 2699 4300 Χριστοῦ.

2289 4343 2464 4413 Χαῖρε
2493 4344 2593 4400 καὶ
2631 4345 2978 4414 εὐφραίνου,
3025 4343 3277 4413 θύγατερ
3348 4342 3692 4413 Ἰδουμαίας.
3739 4342 3796 4398 '0

554 4418 641 4472 hic
675 4417 744 4472 ad
781 4433 876 4472 eos
905 4428 992 4474 est
1017 4421 1111 4488 qui
1141 4437 1207 4475 ex
1236 4438 1436 4491 genere
1467 4437 1596 4481 sunt
1621 4427 1791 4484 Edom
1823 4431 1938 4486 sive
1975 4431 2115 4488 Esau

2233 4436 2377 4505 λόγος
2423 4437 2559 4510 πρὸς
2602 4438 2728 4499 τοὺς
2772 4435 2833 4501 ἐξ
2868 4435 3045 4507 Ἐδὼμ
3087 4435 3183 4490 καὶ
3232 4435 3402 4491 Ἠσαῦ
3442 4435 3540 4490 τοῦ
3568 4435 3792 4505 ἀδελφοῦ

550 4508 737 4564 fratris
780 4508 971 4575 Iacob,
1017 4512 1396 4582 malorumque
1444 4512 1549 4571 illis
1590 4520 1801 4587 copiam
1851 4523 2114 4590 praedicit.

2237 4496 2481 4590 Ἰακὼϐ,⁸
2502 4496 2830 4609 ὑπερϐολὴν*
2858 4496 3039 4592 αὐτοίς
3115 4526 3533 4598 προσαγορεύων
3575 4496 3790 4582 κακῶν

554 4599 664 4656 Hoc
688 4603 893 4672 quippe
921 4613 1022 4671 est,
1054 4602 1394 4659 iuebriaberis
1428 4617 1479 4660 et
1516 4608 1785 4676 eifundcs;
1828 4613 1895 4667 de
1920 4615 2118 4682 quibus

551 4698 603 4743 et
654 4690 815 4745 David
854 4692 1029 4761 inquit
1052 4692 1135 4747 ’σε
1192 4692 1525 4762 Recordare,
1578 4698 1832 4765 Domine,
1881 4703 2118 4770 ﬁliorum

557 4782 743 4848 Edam,
769 4786 820 4837 in
842 4787 926 4840 die
953 4786 1269 4852 Jerusalem,
1296 4792 1386 4859 qui
1416 4791 1598 4844 dicunt
1621 4808 1640 4845 :
1672 4793 1976 4861 Eainanite,
1996 4799 2114 4851 exi-

552 4873 731 4939 nanita
758 4890 919 4943 usque
943 4877 1012 4928 ad
1051 4877 1455 4945 fundamentum
1480 4881 1533 4934 in
1564 4898 1648 4937 ea.
1676 4880 1813 4937 Nam
1842 4900 1967 4939 cum
2002 4886 2116 4942 fra-

528 4972 660 5018 tres
686 4962 843 5035 351
887 4973 1069 5020 essent
1105 4975 1267 5034 atque
1295 4967 1477 5032 vicini,
1511 4968 1716 5024 avitum
1759 4969 1944 5025 odium
1996 4987 2116 5027 ser-

531 5061 764 5120 ,varunt.
796 5052 1091 5122 Postquam
1110 5063 1290 5110 autem
1318 5058 1385 5112 de
1413 5058 1630 5114 Christo
1648 5060 1862 5116 locutus
1883 5072 1988 5126 est,
2014 5064 2114 5122 hu-

528 5143 633 5210 .jus
682 5159 899 5214 quoque
948 5155 1308 5213 opportunam
1369 5151 1693 5206 mentionem
1751 5152 1910 5220 fecit;
1966 5156 2110 5215 illam

493 5282 499 5289 .
543 5235 742 5305 quippe
770 5251 891 5305 quae
917 5237 1215 5305 appellatur
1238 5247 1469 5306 terrena,
1491 5256 1785 5299 eversurus
1812 5254 1932 5299 erat
1951 5247 2113 5303 Chri-

545 5335 662 5379 stus
696 5327 969 5382 cozlestcm
1017 5327 1285 5391 facturus.
1318 5329 1503 5387 Virtus
1531 5348 1765 5402 namque
1792 5343 1848 5388 et
1877 5338 2115 5407 cognitio

546 5415 653 5469 vim
683 5417 955 5481 minarum
984 5419 1232 5483 obtinent
1264 5422 1317 5477 in
1350 5436 1447 5479 eos
1475 5423 1567 5493 qui
1599 5424 1891 5495 voluptatis
1927 5410 2116 5489 amore

618 5652 660 5686 "
684 5651 842 5709 llebr.
878 5673 917 5719 ι,
968 5660 986 5710 1
1000 5693 1016 5711 .

549 5734 676 5782 nn,
724 5725 824 5781 28..
888 5729 931 5757 "‘
978 5726 1147 5781 ICor.
1187 5745 1263 5784 ιι.
1312 5732 1378 5784 1.’
1437 5733 1479 5762 ²⁶
1506 5725 1647 5798 Psal.
1683 5725 1901 5805 cxxxvi,
1934 5739 1983 5791 7.

2222 4618 2382 4673 τοῦτο
2423 4619 2530 4687 γὰρ
2576 4619 2656 4683 τὸ,
2683 4617 3044 4688 μεθυσθήσῃ
3092 4619 3189 4672 καὶ
3221 4616 3503 4686 ἁποχεῖςο
3549 4620 3679 4690 περὶ
3720 4611 3795 4674 ὧν

2223 4726 2355 4780 φησι
2376 4710 2469 4765 καὶ
2484 4710 2647 4762 Δαυῖδ
2662 4727 2674 4740 ·
2699 4709 3028 4778 Μνήσθητι,
3049 4710 3244 4777 Κύριε,
3265 4708 3383 4762 τῶν
3409 4707 3557 4770 υἱῶν
3586 4709 3791 4780 Ἐδὼμ,

2222 4799 2337 4869 τὴν
2361 4799 2586 4868 ἡμέραν
2626 4800 3032 4869 Ἰερουσαλὴμ,
3058 4800 3175 4854 τῶν
3214 4802 3546 4870 λεγόντων-ο
3596 4802 3792 4856 Ἐκκε-

2218 4891 2415 4955 νοῦτε,
2443 4891 2761 4951 ἐκκενοῦτε
2787 4891 2901 4959 ἓως
2924 4890 3043 4945 τῶν
3066 4892 3356 4961 θεμελίων
3379 4890 3589 4960 αὐτῆς.
3618 4892 3794 4947 ’Δδελ-

2218 4983 2308 5052 φοὶ
2333 4983 2441 5054 γὰρ
2463 4983 2614 5048 ὄντες
2645 4983 2739 5037 καὶ
2766 4983 3004 5052 γείτονες
3030 4984 3092 5037 τὸ
3119 4985 3437 5055 προγονικὸν
3468 4984 3792 5054 διεφύλαξαν

2220 5079 2392 5145 μῖσος.
2422 5076 2560 5147 Περὶ
2589 5075 2645 5128 δὲ
2676 5075 2911 5145 Χριστοῦ
2948 5077 3147 5145 φήσας,
3183 5078 3263 5139 εἰς
3296 5074 3488 5147 καιρὸν
3528 5076 3621 5130 καὶ
3655 5076 3789 5130 ταύ-

2213 5179 2316 5233 της
2363 5162 2630 5234 ἐμνήσθη.
2701 5163 2812 5234 Τὴν
2856 5163 2966 5235 γὰρ
3005 5165 3194 5234 γήϊνον
3247 5165 3790 5238 προσαγορευομένην

2221 5253 2439 5324 πορθεῖν
2474 5253 2696 5325 ἔμελλεν
2738 5256 2767 5307 ὁ
2806 5254 3062 5326 Χριστὸς,
3108 5254 3359 5329 οὐράνιον
3399 5256 3787 5327 ἐργαζόμενος.

2232 5345 2603 5416 Ἀπειλητικδν
2626 5347 2735 5416 γὰρ
2762 5349 2795 5416 ή
2838 5347 3006 5418 ἀρετή
3035 5363 3102 5399 τε
3125 5347 3216 5401 καὶ
3240 5346 3442 5415 γνῶσις
3488 5347 3625 5419 πρὸς
3663 5349 3786 5413 τοὺς

2220 5433 2630 5506 φιληδονοῦντας
2657 5436 2887 5500 πλάναις
2929 5436 3023 5490 καὶ
3069 5435 3293 5517 μέθαις·
3326 5430 3401 5491 ὧν
3443 5437 3582 5510 μέθη
3615 5439 3717 5510 μὲν
3751 5439 3786 5511 ἠ

1155 5661 1339 5750 illatth‘.
1364 5663 1769 5750 .Xlll‘,'l‘i;IIS:li.
1798 5683 1872 5729 vr,
1907 5670 1965 5750 9_.
2039 5670 2124 5726 "l
2157 5674 2283 5730 Cor.
2322 5692 2418 5744 xit,
2458 5678 2540 5733 ll.
2619 5679 2662 5710 ²²
2696 5675 2857 5732 Hebr.
2894 5695 2946 5742 χ,
2986 5679 3035 5732 ί.
3115 5682 3160 5714 ³³
3187 5678 3345 5737 Rern.
3384 5683 3510 5750 x,d.
3587 5686 3634 5717 “
3659 5685 3774 5742 Act.
