4070 6296
527 373 643 433 663.

526 527 1259 560 μὴ...-

1692 388 2020 447 ORIGENIS
2060 393 2123 447 IN
2162 394 2600 455 EZECHIELEM

1261 549 3398 588 Ἢ

1214 695 1591 839 ΑΠΟ
1687 711 2026 839 ΤΩΝ
2111 716 3058 855 ΩΡΙΓΕΝΟΥΣ

1569 951 1787 1065 ,ΕΙΣ
1858 953 2085 1039 TON
2157 954 2721 1047 IEZEKIHA.
3335 969 3376 1010 ε

765 1194 929 1293 EX
997 1201 1584 1301 ORIGENIS
1671 1213 2609 1316 COMMENTARIIS
2685 1230 2810 1319 IN
2884 1170 3524 1325 EZECHIEL.

659 1501 706 1554 Ε
736 1503 842 1556 XX
884 1514 1024 1558 tomo
1057 1506 1571 1567 Commentariorum
1609 1517 1661 1569 in
1702 1515 1960 1574 Ezechiel.

592 1591 719 1647 [hec
742 1593 871 1647 dicit
896 1594 1150 1650 Dominus
1178 1597 1435 1654 Dominus
1455 1617 1473 1654 :
1496 1601 1607 1673 Ego
1623 1604 1926 1672 dijudicabo
1959 1608 2094 1661 inter

513 1698 671 1754 pecus
696 1696 744 1740 et
775 1702 951 1755 pecus,
1012 1689 1203 1743 arietes
1239 1700 1287 1743 et
1318 1691 1511 1747 hircos.
1560 1697 1744 1749 Annon
1777 1699 1909 1750 satis
1951 1700 2091 1753 vobis

516 1777 652 1845 quod
678 1778 954 1846 pulchrum
974 1796 1231 1849 pascuum
1261 1784 1721 1853 depascebamini?
1748 1786 1818 1841 Et
1842 1791 2090 1860 reliquias

513 1868 695 1937 pabuli
727 1871 1113 1938 proculcabatis
1159 1873 1375 1942 pedibus
1416 1879 1621 1942 vestris,
1668 1889 1717 1933 et
1747 1880 2091 1948 purissimam

516 1979 711 2031 aquam
743 1963 1019 2027 bibebatis,
1043 1976 1090 2018 et
1121 1966 1382 2037 reliquam
1404 1969 1622 2038 pedibus
1655 1973 1840 2026 vestris
1875 1986 2091 2029 contur—

516 2052 757 2119 babatis;
783 2063 839 2108 et
869 2071 985 2109 oves
1021 2073 1169 2121 mete,
1204 2075 1323 2129 quin
1352 2062 1661 2130 proculcata
1689 2074 1842 2119 erant
1870 2066 2089 2136 pedibus

512 2147 722 2213 vestris,
760 2147 1196 2216 depascebantur,
1256 2168 1450 2222 aquam
1491 2156 1711 2222 pedibus
1749 2159 1932 2213 vestris
1970 2169 2087 2213 tur-

513 2241 695 2295 batam
732 2241 979 2298 bibebant
1004 2246 1069 2300 ".

513 2422 828 2496 (Postquam
854 2427 927 2511 de
942 2431 1224 2511 pecudibus
1246 2443 1295 2486 et
1328 2435 1962 2511 arietibusoetpeeudibus
1997 2456 2085 2493 ca-

580 2512 806 2579 prarum.
846 2500 1074 2579 ostendit
1112 2499 1381 2579 Origenes,
1430 2499 1608 2559 solere
1638 2499 1972 2577 scripturam
1995 2526 2087 2579 pe-

582 2565 734 2620 cudis
788 2568 1055 2648 interdum
1089 2565 1261 2626 vocent
1291 2565 1580 2646 degenere
1625 2565 1908 2648 caprarum
1933 2565 2087 2634 usur-

579 2652 728 2703 pare,
751 2637 903 2690 addit
920 2638 972 2709 :)

582 2727 724 2795 Ouid
749 2728 912 2799 igitur
940 2732 992 2786 in
1019 2732 1104 2787 his
1131 2732 1484 2803 signiﬁcetur,
1515 2752 1613 2808 age
1640 2753 1738 2808 pro
1768 2739 1975 2797 viribus
2003 2743 2086 2797 in-

511 2821 812 2888 quiralnus.
849 2820 1042 2885 Omne,
1078 2824 1333 2891 arbitror,
1364 2825 1567 2881 bonum
1601 2843 1861 2897 pascuum
1892 2842 1945 2886 et
1966 2847 2085 2886 om-

512 2927 598 2966 ms
635 2928 775 2981 aqua
809 2913 1055 2982 collecta,
1099 2918 1355 2974 universa
1407 2929 1537 2975 sunt
1589 2931 1902 2978 sanctarum
1939 2922 2088 2979 Scri-

511 3014 795 3072 ptus-arum
830 3008 1076 3064 oracula.
1113 3007 1318 3073 Deinde
1350 3014 1476 3082 quia
1508 3016 1755 3071 nonnulli
1788 3019 2032 3087 quaedam
2056 3035 2088 3076 e

513 3092 810 3163 Scripturis
859 3108 1156 3154 secernunt
1188 3109 1248 3155 ut
1280 3102 1466 3167 utilia,
1512 3105 1762 3174 quaedam
1799 3108 2084 3179 rejiciunt,

511 3196 573 3240 ut
625 3203 733 3242 non
786 3188 1070 3256 salutaria,
1132 3191 1167 3246 ii
1217 3202 1347 3248 sunt
1392 3194 1485 3264 qui
1533 3205 1824 3267 postquam
1875 3200 2086 3270 depasti

510 3286 639 3331 sunt
688 3293 965 3333 alumnum
1025 3295 1215 3336 eorum
1261 3300 1383 3352 quae
1426 3286 1748 3357 selegcrant,
1798 3305 2081 3359 pascuum,

510 3376 566 3420 et
626 3368 880 3422 biberunt
949 3386 1148 3441 aquam
1208 3374 1530 3443 collectam,
1595 3394 1758 3449 quam
1824 3384 2086 3452 optimam

511 3473 634 3513 esse
714 3460 963 3516 arbitrati
1043 3473 1207 3531 sunt,
1285 3466 1544 3538 reliquias
1623 3473 1891 3541 pastionis
1962 3492 2088 3547 pro-

512 3550 730 3605 culcant
768 3590 783 3615 ,
871 3562 925 3608 et
1010 3556 1280 3626 reliquam
1364 3575 1561 3630 aquam
1661 3564 1889 3634 pedibus
1971 3571 2086 3627 suis

511 3641 671 3712 353
700 3644 941 3700 turbant.
985 3645 1309 3716 Hujusmodi
1337 3662 1466 3706 sunt
1496 3656 1587 3723 qui
1615 3654 1826 3712 Novum
1857 3660 2086 3731 eligunt,

512 3733 682 3788 Vetus
703 3737 991 3806 reprobant
1017 3738 1445 3810 Testamentum,
1482 3754 1538 3799 et
1568 3749 1662 3816 qui
1697 3764 1763 3803 ex
1817 3754 2087 3810 veteribus

514 3824 812 3896 Scripturis
860 3830 996 3886 alias
1047 3847 1077 3886 a
1120 3833 1390 3890 diviniore
1428 3839 1666 3907 potentia
1708 3856 1829 3897 esse
1874 3844 2083 3913 dicunt,

511 3918 649 3974 alias
679 3921 746 3974 ab
777 3920 1052 3978 inferiore.
1084 3923 1342 3996 Proprias
1382 3938 1562 3984 autem
1605 3946 1736 3987 oves
1763 3935 2088 4004 'pronuntiat

510 4021 698 4080 pastor
717 4028 832 4078 eos,
860 4015 954 4083 qui
981 4030 1088 4071 non
1121 4029 1500 4086 contemnunt,
1524 4034 1650 4092 qua:
1676 4023 1893 4081 illorum
1939 4029 2085 4098 pedi-

510 4103 614 4159 bus
641 4106 947 4175 proculcata
973 4118 1121 4177 sunt,
1146 4126 1321 4182 neque
1341 4113 1648 4184 despiciunt
1672 4131 1866 4187 aquam
1892 4119 2087 4189 rejicu-

508 4194 682 4250 laruln
713 4197 917 4266 ovium,
938 4199 1207 4257 hircorum
1224 4213 1277 4259 et
1306 4204 1588 4262 hmdorum
1626 4210 1852 4278 pedibus
1873 4220 2087 4281 pertur-
2111 4244 2153 4301 ρ

511 4287 713 4341 batam.
745 4286 1047 4344 Noluerunt
1074 4292 1218 4345 enim
1237 4308 1358 4348 esse
1384 4296 1617 4364 pecudes
1641 4297 1874 4352 arietum
1903 4300 2080 4371 digna:

506 4378 737 4432 dextris.
764 4377 876 4432 Nos
907 4378 1073 4447 igitur
1098 4382 1191 4449 qui
1222 4391 1475 4451 optamus
1499 4400 1620 4440 esse.
1651 4401 1781 4442 oves
1822 4391 2075 4457 pastoris,

507 4486 787 4540 nunquam
815 4469 1090 4539 fugiamus
1121 4473 1267 4540 pasci
1297 4475 1460 4528 etiam
1489 4475 1555 4532 iis
1577 4495 1696 4546 quae
1727 4481 1889 4535 verbo
1921 4492 2080 4538 tenus

505 4563 561 4637 in
587 4561 888 4631 Scripturis
920 4561 1222 4629 dissonant,
1249 4573 1305 4618 et
1325 4576 1542 4634 prapter
1563 4568 1852 4625 locutionis
1874 4572 2080 4628 discre-

504 4653 745 4720 pantiam
795 4652 1187 4721 proculcantur
1236 4653 1304 4708 ab
1344 4654 1411 4709 iis
1455 4655 1547 4724 qui
1598 4673 1698 4713 nec
1738 4662 1934 4716 volunt
1980 4679 2079 4718 nec

504 4751 735 4810 possunt
768 4752 881 4797 tota
914 4745 1163 4811 pastione
1198 4744 1297 4799 uti.
1329 4742 1431 4801 Sed
1465 4745 1564 4801 etsi
1595 4748 1666 4802 sit
1692 4749 1893 4818 aliquid
1923 4767 2078 4822 aqua:

506 4831 735 4901 pedibus
760 4835 976 4889 illorum
1007 4839 1411 4904 conturbatum,
1451 4838 1545 4909 qui
1592 4840 1888 4900 horrendas
1919 4845 2078 4901 dubi-

505 4920 739 4975 tationes
780 4921 1077 4990 purissimo
1123 4929 1361 4982 sermoni
1416 4928 1711 4999 Scriptura:
1759 4933 2073 4992 immiscue-

505 5021 654 5074 runt,
687 5028 774 5074 nc,
804 5024 1020 5082 pr0pter
1042 5031 1135 5073 eas
1179 5034 1317 5089 quas
1365 5022 1565 5079 divinis
1610 5025 1790 5082 verbis
1822 5027 2075 5085 invexere

502 5106 714 5175 turbas,
747 5116 1061 5166 avertamur
1089 5125 1118 5165 a
1157 5111 1390 5169 bibendo
1415 5115 1468 5169 id
1494 5119 1655 5171 etiam
1704 5119 1846 5188 quod
1880 5136 2072 5176 eorum

499 5198 734 5268 pedibus
766 5199 1042 5255 turbatum
1075 5211 1178 5258 est.
1208 5202 1275 5258 Et
1299 5206 1524 5261 observa
1557 5207 1862 5279 diligenter,
1887 5212 1951 5265 ad
1977 5228 2073 5270 eos

498 5289 592 5358 (ιιιί
629 5303 826 5360 aquam
863 5291 1218 5348 turbaverunt
1242 5304 1295 5350 et
1323 5297 1628 5365 pastioncm
1658 5301 2069 5369 conculcarunt.

500 5388 757 5449 tanquam
782 5381 848 5435 de
874 5381 1191 5441 melioribus
1217 5386 1320 5441 dici
1350 5406 1361 5441 :
1391 5386 1457 5442 Et
1479 5405 1594 5443 oves
1617 5407 1747 5445 mea:
1766 5394 2074 5461 proculcata

499 5469 714 5534 pedibus
743 5471 929 5524 vestris
950 5470 1384 5541 depascebantur,
1418 5487 1468 5530 et
1501 5494 1695 5548 aquam
1725 5480 1943 5548 pedibus
1992 5498 2074 5536 ve-

499 5562 622 5615 stris
652 5561 919 5620 turbatam
939 5563 1217 5619 habebant.
1252 5564 1354 5622 Sed
1390 5584 1565 5638 nequc
1595 5585 1834 5641 unquam
1862 5574 2068 5643 pastio-

501 5665 621 5705 nem
657 5651 1024 5721 propheticum
1054 5659 1443 5715 conculcemus
1488 5678 1589 5716 nos
1612 5701 1627 5727 ,
1662 5678 1837 5735 neque
1870 5683 2068 5738 aquam

570 5787 611 5818 ²⁹
638 5783 812 5840 Bacch
868 5804 1055 5857 xxxiv,
1094 5792 1154 5845 l7
1187 5802 1237 5847 et
1274 5810 1389 5864 seq.

2380 1527 2479 1581 Ἐκ
2508 1529 2610 1582 τοῦ
2638 1528 2686 1581 κ’
2719 1530 2898 1599 τόμου
2927 1529 3046 1584 τῶν
3071 1535 3160 1597 εἰς
3180 1531 3289 1585 τὸν
3321 1531 3615 1601 Ἰεζεκιήλ.

2276 1616 2420 1671 Τάδε
2447 1618 2610 1688 λέγει
2638 1621 2852 1689 Κύριος
2882 1623 3095 1691 Κύριος
3112 1639 3126 1653 °
3174 1622 3320 1678 ἰδοὺ
3336 1623 3451 1695 ἐγὼ
3480 1626 3794 1696 ἀνακρινῶ

2197 1708 2506 1778 ἀναμέσον
2529 1712 2826 1779 προϐάτου
2849 1714 2946 1768 καί
2970 1713 3287 1782 προϐάτου,
3320 1714 3501 1784 κριῶν
3520 1718 3620 1771 καὶ
3643 1719 3788 1788 τρά-

2197 1818 2336 1867 γων.
2370 1803 2479 1856 Καὶ
2506 1805 2621 1873 οὐχ
2650 1804 2861 1858 ἱκανὸν
2886 1805 3049 1875 ὑμῖν,
3079 1804 3169 1859 ὅτι
3195 1805 3313 1874 τὴν
3348 1806 3551 1876 καλὴν
3579 1809 3786 1880 νομὴν

2196 1893 2481 1964 ἐνέμεσθε
2493 1911 2513 1959 ;
2544 1896 2656 1951 Καὶ
2686 1897 2762 1951 τὰ
2793 1896 3127 1952 κατάλοιπα
3156 1896 3268 1965 τῆς
3299 1897 3492 1968 νομῆς
3521 1917 3783 1956 κατεπα-

2195 1985 2347 2041 τεῗτε
2379 1987 2504 2055 τοῖς
2533 1988 2718 2043 ποσίν
2742 1989 2941 2059 ὑμῶν’
2972 1989 3074 2043 καί
3107 1988 3173 2043 τὸ
3198 1991 3575 2060 καθεστηκὸς
3618 1991 3780 2062 ὕδωρ

2193 2077 2447 2145 ἐπίνετε,
2474 2079 2573 2134 καί
2605 2079 2674 2133 τὸ
2703 2080 2920 2135 λοιπὸν
2948 2080 3074 2147 τοῖς
3096 2080 3282 2135 ποσὶν
3308 2080 3480 2151 ὑμῶν
3525 2081 3782 2152 ἐταράσ-

2198 2184 2339 2224 σετε
2362 2209 2377 2234 ,
2419 2170 2520 2224 καί
2559 2171 2631 2226 τὰ
2663 2169 2930 2239 πρόϐατά
2946 2189 3066 2240 μου
3087 2170 3161 2224 τὰ
3184 2170 3505 2241 πατήματα
3536 2169 3658 2225 τῶν
3674 2185 3783 2225 πο-

2195 2261 2317 2315 δῶν
2341 2260 2510 2332 ὑμῶν
2529 2262 2835 2332 ἐνέμοντο,
2880 2263 2978 2317 καὶ
3022 2262 3089 2316 τὸ
3138 2262 3580 2333 τεταραγμένον
3620 2262 3778 2330 ὕδωρ

2192 2351 2311 2406 ὑπὸ
2341 2351 2462 2407 τῶν
2488 2353 2689 2407 ποδῶν
2718 2352 2886 2423 ὑμῶν
2901 2353 3129 2408 ἔπινον.

2194 2445 2385 2516 (Μετὰ,
2413 2445 2481 2500 τὸ
2534 2445 2917 2516 παραστῆσαι
2974 2446 3105 2516 περὶ
3160 2446 3288 2516 τῶν
3323 2444 3631 2516 προϐάτων
3667 2444 3769 2501 καὶ

2262 2515 2465 2594 κριῶν,
2514 2514 2621 2594 ναί
2648 2514 3124 2594 ,περίζπροὸἁτων
3159 2514 3388 2594 αίγῶν,-
3398 2515 3486 2594 ὅτι
3503 2516 3770 2594 σύνηθες

2216 2648 2219 2651 η
2261 2585 2337 2655 τῇ
2363 2586 2576 2656 Γραφῇ
2600 2586 2666 2640 τὸ
2696 2585 2996 2655 πρόϐατον
3024 2586 3122 2640 καὶ
3153 2585 3253 2639 ἐπὶ
3284 2585 3391 2656 τοῦ
3414 2586 3627 2656 γένους
3647 2585 3769 2639 τῶν

2262 2655 2445 2726 αἰγῶν
2469 2655 2595 2711 ἔσθ’
2623 2657 2723 2711 ὅτε
2751 2656 3023 2723 τάσσειν,
3061 2655 3370 2726 ἐπιφέρει.)

2262 2746 2328 2798 Τί
2355 2742 2447 2800 οὖν
2472 2748 2619 2800 ἐστιν
2648 2747 2677 2799 ὃ
2705 2748 2801 2800 καὶ
2823 2750 2881 2800 ἐν
2902 2746 3111 2810 τούτοις
3136 2747 3458 2808 αἰνίσσεται,
3478 2745 3611 2816 φέρε
3632 2743 3775 2798 κατὰ

2189 2835 2418 2909 δύναμιν
2442 2836 2802 2908 ἐξετάσωμεν.
2829 2839 2987 2892 Πᾶσα
3013 2837 3128 2910 μὲν,
3160 2833 3333 2909 οἶμαι,
3358 2836 3498 2909 καλὴ
3521 2837 3661 2909 νομὴ
3677 2836 3773 2892 καὶ

2188 2930 2297 2982 πᾶν
2324 2928 2385 2981 τὸ
2423 2928 2754 3000 καθεστηκὸς
2787 2929 2931 3000 ὕδωρ
2970 2929 3040 2983 τὰ
3068 2929 3164 2983 ὅλα
3204 2929 3362 2999 λόγιά
3391 2932 3508 2983 ἐστι
3540 2929 3649 2983 τῶν
3686 2930 3761 2983 ἱε-

2190 3020 2299 3093 ρῶν
2318 3021 2681 3093 γραμμάτων.
2707 3017 2819 3074 Εἶτ’
2848 3022 2970 3075 ἐπεί
2998 3039 3142 3085 τινες
3163 3022 3232 3075 τὰ
3266 3024 3370 3093 μὲν
3395 3020 3504 3075 τῶν
3527 3038 3773 3094 γεγραμ-

2190 3114 2366 3185 μένων
2397 3112 2738 3184 ἐγκρίνουσιν
2771 3113 2847 3177 ὡς
2885 3114 3153 3185 ὠφέλιμα,
3185 3113 3305 3167 τινὰ
3330 3113 3386 3166 δὲ
3432 3112 3770 3183 ἀποδοκιμά-

2186 3203 2369 3268 ζουσιν
2405 3204 2481 3268 ὡς
2510 3204 2570 3258 ού
2604 3205 2871 3276 σωτήρια,
2910 3197 3057 3258 οὗτοι
3102 3204 3169 3258 ἂν
3195 3198 3304 3257 εἷεν
3334 3205 3383 3256 οἱ
3428 3202 3566 3275 μετὰ
3595 3202 3659 3256 τὸ
3686 3218 3771 3257 νε-

2185 3293 2451 3366 νεμῆσθαι
2494 3295 2594 3367 τὴν
2630 3294 2800 3367 καλὴν
2830 3287 2907 3348 ὧν
2957 3295 3268 3362 ἐξελέξαντο
3314 3295 3509 3367 νομὴν,
3544 3296 3641 3348 καὶ⁵
3674 3311 3772 3348 πε-

2186 3386 2426 3439 πωκέναι
2457 3386 2519 3439 τὸ
2568 3386 2905 3458 καθεστηκὸς
2956 3377 3019 3439 οὗ
3068 3386 3288 3458 ἔκριναν
3320 3381 3461 3441 εἶναι
3499 3385 3769 3456 βελτίονος

2187 3476 2398 3542 ὓδατος,
2429 3478 2492 3531 τὸ
2522 3478 2707 3531 λοιπὸν
2738 3477 2842 3548 τῆς
2873 3478 3048 3549 νομῆς
3077 3478 3518 3542 καταπατοῦντες
3536 3516 3550 3542 ,
3587 3478 3685 3532 καὶ
3708 3479 3768 3532 τὸ

2184 3570 2368 3624 λοιπὸν
2403 3570 2545 3643 ὕδωρ
2576 3573 2691 3634 τοῖς
2722 3570 2878 3625 ποσὶν
2908 3569 3116 3624 ἑαυτῶν
3146 3570 3529 3642 ταράσσοντες.
3578 3569 3766 3624 Τοιοῦ-

2183 3680 2268 3716 τοι
2298 3663 2356 3717 δέ
2396 3665 2534 3717 εἰσιν
2564 3663 2616 3715 οἵ
2637 3680 2698 3718 τε
2715 3663 2813 3735 τὴν
2859 3662 2956 3733 μὲν
2993 3660 3203 3733 Καινὴν
3244 3662 3618 3732 ἐγκρίνοντες,
3668 3662 3765 3734 τὴν

2185 3753 2244 3806 δὲ
2272 3754 2514 3808 Παλαιὰν
2550 3753 3042 3825 ἀποδοκιμάζοντες
3077 3752 3371 3825 Διαθήκην,
3412 3753 3508 3807 καὶ
3552 3754 3603 3806 οί
3654 3753 3765 3807 τῶν

2187 3845 2434 3899 παλαιῶν
2461 3844 2811 3919 Γραμμάτων
2842 3843 2909 3897 τὰ
2936 3844 3034 3914 μὲν
3066 3841 3176 3896 ἀπὸ
3212 3842 3488 3915 θειοτέρας
3514 3843 3765 3912 λέγοντες

2184 3930 2324 3989 εἶναι
2350 3934 2627 4005 δυνάμεως
2666 3934 2760 3988 καὶ
2791 3934 2887 4005 τῆς
2915 3933 3195 3997 ἀνωτάτω,
3226 3932 3296 3987 τὰ
3331 3932 3389 3986 δὲ
3412 3932 3522 3986 ἀπὸ
3550 3933 3767 3987 ὑποδεε-

2186 4027 2403 4099 στέρας.
2422 4027 2675 4098 Πρόὸατα
2689 4025 2747 4079 δὲ
2776 4025 2883 4078 ῐδια
2896 4023 3218 4096 ἀναγορεύει
3250 4025 3279 4077 δ
3307 4024 3514 4095 ποιμὴν
3528 4026 3657 4088 τοὺς
3686 4026 3761 4098 μὴ

2186 4118 2669 4190 ὑπερηφανοῦντας
2699 4116 2766 4171 τὰ
2802 4120 3100 4189 πατήματα
3141 4117 3250 4171 τῶν
3283 4116 3458 4170 ποδῶν
3501 4116 3759 4182 ἐκείνων,

2185 4209 2280 4263 καὶ
2314 4208 2388 4280 μὴ
2417 4208 2828 4277 ἐξουθενοῦντας
2860 4209 2929 4262 τὰ
2962 4211 3259 4282 πατήματα
3300 4208 3406 4262 τῶν
3444 4208 3619 4264 ποδῶν
3650 4209 3761 4262 τῶν

2182 4299 2397 4370 ψεκτῶν
2432 4300 2738 4371 προϐάτων,
2771 4301 2989 4371 τράγων
3017 4301 3110 4354 καὶ
3137 4300 3342 4371 ἐρίφων
3362 4316 3375 4330 ’
3407 4300 3469 4353 οὐ
3502 4298 3611 4368 γὰρ
3640 4298 3762 4352 tot.

2180 4390 2349 4461 λησαν
2375 4388 2513 4446 εἶναι
2542 4392 2791 4464 πρόϐατα
2817 4390 2987 4461 κριῶν
3016 4390 3141 4455 ἄξια
3171 4389 3280 4443 τῶν
3305 4389 3515 4455 δεξιῶν.
3569 4390 3758 4461 Ἡμεῖς

2179 4480 2270 4536 οὖν
2302 4483 2582 4554 εὐχόμενοι
2615 4478 2752 4537 εἶναι
2779 4481 3023 4554 πρόϐατα
3054 4481 3147 4535 τοῦ
3171 4481 3448 4552 ποιμένος,
3487 4481 3756 4553 μηδέποτε

2181 4573 2468 4645 φεύγωμεν
2502 4573 2830 4644 νεμεσθῆναι
2865 4574 2955 4627 καὶ
3004 4573 3072 4626 τὰ
3116 4572 3345 4626 αὐτόθεν
3377 4573 3501 4626 ὅσον
3548 4573 3643 4626 ἐπὶ
3679 4572 3756 4643 τῷ

2181 4662 2328 4735 ρητῷ
2389 4665 2799 4735 ἀπεμφαίνοντα
2857 4665 2964 4718 τῶν
3019 4665 3250 4737 Γραφῶν
3273 4705 3288 4728 ,
3350 4665 3445 4718 καὶ
3505 4664 3595 4719 διὰ
3657 4665 3756 4738 τὴν

2177 4755 2494 4826 ἀπέμφασιν
2556 4756 2657 4825 τῆς
2722 4755 2918 4822 λέξεως
2979 4756 3292 4828 πατούμενα
3343 4757 3449 4813 ὑπὸ
3510 4757 3622 4812 τῶν
3678 4758 3751 4829 μὴ

2175 4847 2507 4917 δυναμένων,
2547 4847 2680 4918 μηδὲ
2723 4847 2984 4902 θελόντων
3014 4848 3248 4920 χρῆσθαι
3279 4848 3429 4921 πάσῃ
3474 4851 3541 4921 τῇ
3589 4852 3749 4921 νομῇ.

2189 4936 2349 4991 Ἀλλὰ
2378 4939 2481 4991 κᾶν
2576 4956 2628 4992 τι
2662 4938 2806 5011 ὕδωρ
2845 4939 2951 4993 ὑπὸ
2974 4940 3083 4995 τῶν
3117 4941 3294 4995 ποδῶν
3341 4942 3564 4995 ἐκείνων
3603 4959 3754 4996 τετα-

2179 5028 2466 5100 ραγμένον,
2501 5029 2876 5101 ἁναμιξάντων
2904 5031 2983 5103 τῷ
3019 5031 3244 5105 καθαρῷ
3285 5031 3429 5104 λόγῳ
3470 5033 3572 5104 τῆς
3614 5033 3753 5104 Γρα-

2176 5120 2285 5191 φῆς
2326 5119 2641 5191 δυσφήμους
2672 5123 3065 5195 ἐπαπορήσεις,
3103 5123 3177 5196 μὴ
3220 5124 3657 5196 ἀποτρεπὼμεθα
3682 5127 3749 5180 δι’

2173 5210 2240 5280 ἢν
2281 5212 2612 5282 πεποιήκασι
2640 5212 2717 5284 τῷ
2759 5214 2903 5284 λόγῳ
2943 5216 3191 5289 ταραχὴν
3219 5215 3395 5269 πίνειν
3440 5216 3615 5271 καὶτὸ
3646 5216 3751 5270 ὑπὸ

2173 5302 2280 5357 τῶν
2305 5303 2477 5357 ποδῶν
2499 5305 2677 5358 αὐτῶν
2698 5307 3122 5379 τεταραγμένον.
3155 5309 3263 5363 Καὶ
3284 5309 3439 5381 τήρει
3465 5325 3530 5378 γε
3558 5311 3749 5382 ἐπιμε-

2172 5395 2278 5459 λῶς
2309 5396 2391 5449 ὅτι
2421 5398 2555 5469 πρὸς
2586 5399 2713 5462 τοὺς
2744 5398 3087 5471 ταράξαντας
3135 5401 3196 5454 τὸ
3250 5400 3395 5476 ὕδωρ
3432 5402 3530 5455 καὶ.
3574 5403 3747 5472 πατή-

2176 5503 2374 5550 σαντας
2402 5486 2501 5558 τὴν
2536 5488 2703 5561 νομὴν
2727 5489 2944 5558 λέγεται
2976 5492 3054 5554 ὡς
3077 5493 3204 5563 περὶ
3236 5492 3594 5563 κρειττόνωνο
3641 5491 3747 5546 Καὶ

2178 5579 2249 5633 τὰ
2283 5578 2544 5647 πρόϐατὰ
2577 5598 2696 5650 μου
2723 5581 2793 5637 τὰ
2824 5582 3141 5654 πατήματα
3185 5582 3304 5636 τῶν
3342 5582 3545 5637 ποδῶν
3583 5581 3749 5653 ὑμῶν

2178 5669 2480 5741 ἐνέμοντο,
2531 5672 2627 5727 καὶ
2678 5673 2741 5727 τὸ
2801 5673 3228 5745 τεταραγμένον
3270 5672 3424 5744 ὕδωρ
3468 5672 3585 5728 ὑπὸ
3633 5673 3749 5728 τῶν

2970 5938 2977 5943 μ
3002 5931 3057 5941 -ο
