4070 6296
496 382 597 436 667
1675 342 2002 442 ORlGENlS
2041 381 2110 436 lN
2148 378 2583 438 EZEtllllELEbl
3660 382 3781 440 ess

499 515 674 571 usque
709 503 963 571 perducta
992 502 1062 558 sit
1107 520 1121 557 :
1155 503 1313 573 pauci
1348 513 1529 559 tamen
1557 505 1692 575 justi
1718 506 1813 576 qui
1833 514 1989 561 erant
2018 503 2072 558 in
2102 506 2149 562 Α
2180 501 2425 559 Ezechiel
2458 515 2598 557 unus
2625 514 2691 555 ex
2721 499 2803 555 eis
2830 497 2953 566 fuit,
2987 506 3044 554 et
3078 497 3376 554 Zacharias
3406 497 3552 555 ﬁlius
3589 497 3765 555 Bara-

496 594 722 663 pop'ulo,
748 610 852 647 non
888 596 959 648 oh
987 596 1201 665 culpam
1226 613 1381 652 suam
1423 600 1807 654 sustinuerunt
1842 599 2072 669 eaptivi-
2174 594 2313 651 ehia’
2350 591 2679 661 captivitatis
2719 599 2964 661 tempore
3011 592 3116 648 sub
3164 591 3325 645 Dario
3374 605 3502 661 rege
3539 591 3762 647 cecinit.

496 692 662 740 luem
690 722 705 748 ,
740 685 832 739 sed
870 685 941 739 ob
985 686 1035 741 id
1081 702 1149 742 ne
1187 698 1502 759 peccatores
1540 690 1634 759 qui
1676 689 1892 746 fueram
1937 690 2072 760 iugo
2173 683 2524 737 Inveniemus
2565 681 2729 736 etiam
2775 680 3068 753 Aggasum.
3110 680 3421 750 multosque
3462 680 3602 736 alios
3636 696 3764 751 pro-

493 772 820 843 captivitatis
850 776 1119 844 oppressi,
1161 778 1387 833 omnino
1424 780 1730 834 subsidium
1765 795 1872 834 non
1906 780 2071 835 habe-
2174 775 2453 845 plietarum
2506 771 2701 827 iisdem
2744 771 3100 842 prophetasse
3147 771 3506 839 temporibus,
3537 786 3605 826 es
3638 772 3760 842 qui-

494 876 632 921 rent.
659 863 953 935 Fingamus
980 869 1180 940 quippe
1209 872 1589 940 peccatoribus
1631 872 1683 926 in
1715 872 2068 944 Babyloniam
2172 864 2275 919 bus
2319 861 2598 915 indicatur
2633 861 2803 916 Deum
2847 876 2956 916 non
2998 861 3380 915 tantummodo
3412 861 3609 931 punire
3637 877 3759 931 pec-

495 956 764 1019 abductis,
788 958 970 1025 justos
1001 959 1054 1015 in
1089 962 1330 1032 antiquis
1361 962 1561 1019 ﬁnibus
1594 964 1885 1028 resedisse;
1909 963 2071 1017 [iebat
2171 963 2391 1019 cantes.
2421 970 2612 1010 verum
2649 963 2705 1009 et
2734 954 3166 1010 misericordiam
3202 955 3432 1010 miscere
3457 956 3758 1024 suppliciis-

495 1053 554 1098 nt
585 1059 861 1115 nunquam
891 1057 1207 1116 peccatores
1246 1052 1544 1106 remedium
1574 1060 2063 1122 consequerentur.

494 1132 771 1203 Disposuit
801 1136 964 1205 igitur
995 1139 1237 1194 clemens
1267 1150 1323 1195 et
1361 1140 1647 1212 benignus,
1688 1151 1745 1196 et
1781 1141 2071 1197 hominum

491 1235 703 1279 amator
730 1225 875 1281 Deus
896 1226 1042 1282 inter
1068 1230 1332 1300 supplicia
1360 1231 1565 1301 quibus
1604 1242 1918 1302 peccatores
1968 1247 2072 1302 pur

490 1315 589 1380 nit,
621 1316 783 1371 etiam
825 1318 1152 1375 visitationis
1197 1337 1312 1377 sua:
1353 1324 1586 1378 miseere
1623 1326 1905 1394 pietatem,
1973 1336 2075 1378 nec

487 1401 847 1459 immoderata
880 1421 1040 1474 paina
1084 1408 1313 1465 miseros
1352 1425 1617 1480 premere.
1659 1413 1890 1483 Semper
1947 1412 2085 1468 talis~

487 1501 572 1546 est
595 1492 738 1548 Deus
774 1506 976 1562 noster,
1006 1501 1285 1555 excruciat
1313 1512 1592 1571 nocentes,
1619 1505 1712 1560 sed
1743 1504 1910 1576 quasi
1948 1504 2075 1573 pius

490 1592 641 1652 pater
690 1587 975 1642 tormentis
1019 1590 1364 1646 clementiam
1414 1595 1605 1649 sociat.
1661 1592 1718 1650 Si
1771 1606 1953 1650 autem
1988 1596 2074 1651 vis

2176 1043 2335 1111 Quod
2361 1044 2408 1100 si
2440 1043 2684 1104 dubitas.
2721 1045 2850 1100 audi
2881 1059 3064 1109 voces,
3103 1055 3375 1101 tormenta
3411 1046 3763 1115 patientium,

2174 1136 2454 1207 quomodo
2482 1139 2739 1192 sacratim
2762 1146 2812 1192 et
2846 1136 2899 1190 in
2923 1137 3254 1193 cruciatibus
3280 1138 3394 1194 suis
3416 1137 3760 1193 clementiam

2175 1229 2272 1283 Dei
2304 1229 2634 1299 eloquamur
2657 1229 2703 1261 ³⁸
2729 1246 2744 1284 :
2771 1228 2987 1285 Cibabis
3015 1246 3110 1285 nos
3138 1247 3270 1300 pane
3297 1230 3679 1302 lacrgntarum,
3708 1242 3760 1286 et

2172 1322 2379 1391 potabis
2412 1337 2508 1375 nos
2536 1322 2592 1375 in
2623 1320 2875 1392 lacrumis
2898 1331 2949 1377 et
2974 1323 3033 1377 in
3065 1339 3330 1377 mensura.
3359 1321 3477 1378 Non
3503 1323 3580 1377 ait
3605 1321 3765 1378 indif-

2176 1414 2410 1469 ferenter
2434 1412 2491 1465 in
2514 1412 2791 1482 lacrgmis,
2826 1412 2920 1468 sed
2952 1414 3009 1466 in
3038 1414 3289 1482 lacryntis
3314 1420 3365 1467 et
3396 1413 3451 1466 in
3493 1429 3761 1469 mensura.

2173 1503 2545 1560 Misericordia
2578 1504 2783 1574 quippe
2818 1502 2911 1558 Dei
2952 1502 3006 1557 in
3046 1504 3306 1572 pondere.
3361 1503 3420 1559 Si
3459 1520 3566 1559 non
3609 1514 3760 1561 esset

2174 1594 2305 1649 utile
2362 1594 2711 1649 conversioni
2770 1594 3113 1663 peccantium
3168 1594 3429 1650 adhibere
3486 1604 3758 1650 tormenta

488 1688 788 1745 agnoscere
808 1694 929 1733 vera
954 1694 1080 1734 esse
1106 1697 1231 1750 quae
1254 1683 1512 1752 dicimus,
1542 1686 1670 1740 ride
1694 1687 1825 1756 quid
1856 1687 2075 1743 accide-
2172 1687 2547 1755 peccantibus,
2585 1703 2868 1756 nunquam
2899 1688 3218 1744 misericors
3244 1698 3300 1743 et
3325 1688 3597 1759 benignus
3621 1688 3765 1745 Deus

488 1760 561 1814 rit
587 1760 640 1814 in
675 1762 909 1835 Egypto
934 1781 964 1820 a
995 1764 1155 1823 fame.
1186 1770 1244 1824 Si
1295 1773 1554 1828 voluisset
1598 1774 1908 1831 interﬁcere
1947 1787 2070 1830 tan-
2104 1843 2142 1851 _
2174 1779 2352 1848 poenis
2389 1779 2595 1834 scelera
2637 1781 2895 1849 puniret:
2927 1780 3023 1835 sed
3050 1780 3208 1851 quasi
3252 1779 3763 1851 indulgentissimus

492 1858 608 1941 tum
658 1850 965 1925 Egyptios,
1011 1868 1065 1912 et
1111 1860 1307 1929 punire
1351 1863 1630 1919 cruciatos
1669 1865 1722 1918 in
1768 1867 2071 1934 septennali
2103 1843 2146 1898 Β
2175 1843 2328 1940 pater
2357 1869 2429 1924 ob
2458 1871 2565 1926 hoc
2592 1843 2819 1941 corripit
2844 1869 3040 1937 lilium,
3068 1843 3131 1923 ut
3150 1843 3604 1938 erudiat;vquasi
3636 1884 3765 1939 pro-

490 1940 655 2034 fante,
684 1941 904 2034 fecisset
926 1947 1111 2018 utique
1137 1953 1280 2021 quod
1311 1954 1561 2009 voluerat
1600 1972 1612 2008 :
1659 1964 1713 2010 et
1758 1972 1938 2027 neque
1971 1955 2065 2011 Jo-
2173 1958 2585 2019 videntissimus
2619 1940 2878 2034 magister
2912 1965 2987 2020 ita
3034 1963 3324 2020 severitate
3366 1960 3566 2017 frontis
3598 1963 3766 2019 lasci-

488 2033 619 2101 seph
646 2034 699 2127 in
733 2032 1024 2106 [Egyptum
1049 2039 1441 2110 descendisset,
1469 2061 1574 2101 nec
1599 2044 1815 2101 Pharao
1846 2048 2074 2104 vidisset
2171 2071 2299 2110 vum
2325 2055 2653 2124 discipulum
2678 2032 2928 2127 castigat,
2973 2072 3040 2112 ne
3068 2055 3242 2110 amari
3280 2069 3338 2110 se
3360 2054 3608 2110 sentiens
3634 2070 3761 2123 per-

487 2126 758 2219 soni'ﬁﬂ'
785 2127 853 2183 de
882 2129 966 2186 his
994 2148 1116 2201 (1⁸³³⁵⁵
1142 2133 1381 2206 Egypt"
1414 2135 1637 2192 fueram
1658 2147 1943 2207 ενθηίυΐδν
1970 2156 2072 2197 nec
2170 2155 2278 2202 eat.
2333 2145 2471 2202 Vide
2521 2126 2868 2204 Salomonem
2949 2147 3415 2219 sapientissimum
3472 2147 3758 2211 omnium,

485 2216 597 2282 regi
629 2217 822 2311 ruisset
854 2232 1133 2277 ostensum
1163 2240 1194 2278 a
1232 2226 1478 2296 principe
1521 2230 1862 2285 vinariorum
1889 2269 1904 2297 ,
1947 2247 2072 2290 esse
2171 2241 2300 2311 quid
2349 2241 2417 2295 de
2462 2238 2555 2296 Dei
2597 2216 3039 2311 correptiouihus
3089 2239 3416 2309 suspicetur.
3465 2237 3598 2304 Fili,
3650 2237 3762 2293 noli

487 2309 775 2375 quemdam
822 2313 919 2381 qui
975 2316 1147 2384 possit
1200 2320 1312 2389 regi
1364 2323 1643 2377 somnium
1697 2324 2066 2395 interpretari.

490 2398 644 2454 Nunc
674 2416 822 2470 vero,
865 2412 924 2459 ut
959 2407 1171 2474 cernis,
1220 2408 1363 2466 Deu‘s
1408 2410 1649 2481 ﬂagellat
1683 2418 1841 2486 quasi
1892 2427 2067 2488 pater,

489 2489 666 2558 parcit
690 2501 872 2548 autem
900 2510 1009 2550 non
1038 2498 1219 2554 solum
1247 2500 1433 2564 lsrael,
1456 2518 1651 2558 verum
1685 2516 1741 2560 et
1771 2506 2066 2580 Aﬁgyptﬁs,

486 2597 611 2638 cum
639 2584 804 2640 alieni
831 2587 942 2644 sint
971 2590 1041 2645 ab
1071 2606 1158 2656 eo,
1190 2602 1413 2664 propter
1433 2597 1715 2667 prepriam
1745 2612 2066 2657 mansuetu-

485 2672 689 2731 dinem.
725 2676 793 2732 Et
831 2681 1181 2739 manifestum
1217 2694 1327 2752 est,
1359 2688 1493 2758 quia
1533 2691 1658 2745 boui
1687 2691 1781 2747 Dei
1811 2710 1951 2764 opus
1973 2712 2069 2752 su-

485 2779 584 2834 per
613 2781 710 2824 eos
742 2784 1081 2842 exerceatur,
1108 2777 1238 2832 dum
1265 2777 1472 2850 .Ioseph
1503 2782 1868 2854 descenditin
1899 2786 2068 2860 Aﬁgy-

485 2867 660 2926 ptum,
687 2861 816 2918 dum
847 2863 1059 2923 Pharao
1096 2870 1328 2928 somniis
1359 2873 1715 2941 admouetur,
1743 2878 1875 2934 dum
1916 2882 2068 2950 prin-

2168 2348 2279 2387 esse
2328 2333 2690 2402 pusillanimis
2741 2334 2794 2386 in
2845 2334 3134 2403 disciplina
3182 2332 3297 2396 Dei,
3342 2347 3503 2401 neque
3534 2330 3759 2399 deﬁcias

2166 2433 2441 2492 correptus
2471 2423 2536 2476 ab
2566 2440 2646 2477 eo.
2682 2423 2851 2488 Quem
2887 2425 3025 2477 enint
3054 2423 3231 2493 diligit
3276 2421 3551 2486 Dominus,
3582 2421 3757 2474 corri-

2169 2517 2267 2586 pit,
2322 2514 2561 2585 ﬂagellat
2605 2525 2780 2568 autent
2818 2531 3026 2569 onmem
3073 2514 3243 2583 ﬁlium
3284 2528 3435 2583 quem
3471 2512 3751 2574 recipit".

2168 2608 2362 2663 Nullus
2389 2615 2477 2661 est
2505 2606 2685 2669 enim,
2723 2606 2901 2676 inquit
2944 2605 3263 2675 Apostolus,
3290 2604 3456 2668 illius,
3495 2604 3592 2673 qui
3622 2618 3755 2660 etim

2168 2697 2472 2767 peccaverit
2505 2711 2614 2750 non
2644 2694 2947 2765 ﬂagelletur
2971 2710 3004 2749 ει
3038 2703 3210 2764 patre.
3246 2693 3312 2748 Et
3347 2694 3415 2749 ad
3449 2695 3558 2749 hoc
3592 2696 3763 2750 mira-

2168 2789 2347 2844 biliter
2377 2787 2601 2846 addidit.
2633 2787 2824 2843 dicens
2850 2787 2932 2842 "z
2969 2786 3034 2841 In
3083 2787 3375 2857 disciplina
3413 2801 3756 2857 perseverare.

2170 2879 2445 2950 Tanquam
2477 2878 2607 2949 ﬁliis
2643 2878 2786 2932 vobis
2815 2879 2969 2948 o/fert
3003 2895 3058 2933 se
3089 2879 3247 2933 Deus.
3281 2878 3413 2943 Quis
3438 2879 3580 2932 enim
3609 2878 3760 2948 [ilius

484 2962 612 3048 ceps
643 2951 757 3006 vini
785 2953 1134 3024 interpretem
1159 2961 1386 3029 indicat,
1415 2964 1549 3020 dum
1583 2966 1851 3039 interpres
1886 2971 2067 3027 disse-
2166 2989 2320 3043 quem
2353 2987 2454 3025 non
2485 2969 2708 3039 corripit
2737 2971 2931 3038 pater?
2974 2969 3129 3036 Quod
3157 2969 3204 3023 si
3230 2979 3386 3023 extra
3413 2968 3760 3038 disciplinam

485 3047 558 3094 rtt
586 3057 733 3108 vasa,
764 3054 928 3115 atque
954 3047 1030 3104 ita
1066 3051 1333 3111 ubertatis
1362 3063 1611 3128 tempore
1645 3059 1893 3131 frugibus
1931 3078 2065 3119 conv
2165 3064 2313 3127 estis,
2356 3061 2508 3131 cujus
2539 3060 2825 3130 participes
2867 3057 2997 3129 {acti
3039 3068 3163 3114 sunt
3210 3074 3409 3125 omnes,
3445 3058 3680 3113 adulteri
3710 3067 3761 3113 ct

486 3138 724 3230 gregalis
754 3143 1071 3208 posterioris
1093 3144 1254 3202 laniis
1281 3151 1511 3217 penuria
1529 3154 1786 3209 vincitur.
1806 3154 2063 3227 Equibus
2090 3173 2132 3230 ο
2167 3167 2271 3204 non
2295 3151 2401 3221 ﬁlii
2426 3150 2576 3205 estis.
2608 3147 2713 3204 Sed
2749 3148 2822 3205 sit
2849 3147 3078 3203 forsitan
3116 3147 3336 3218 aliquis,
3379 3147 3473 3218 qui
3508 3147 3626 3217 ipso
3662 3165 3761 3202 no-

484 3227 740 3284 omnibus
780 3232 1128 3301 perspicuum
1162 3245 1280 3304 est,
1331 3253 1444 3294 non
1475 3257 1599 3297 esse
1647 3243 2061 3303 immoderatam

486 3319 646 3387 iram,
681 3337 803 3392 quae
843 3325 913 3380 ab
947 3327 1214 3385 haereticis
1236 3331 1290 3384 in
1326 3331 1587 3391 Creatore
1626 3341 2060 3409 reprehenditur.

486 3409 807 3470 Poteramus
828 3418 1045 3482 quidem
1072 3421 1274 3478 multas
1298 3422 1560 3482 historias
1585 3437 1830 3485 retexere
1857 3431 1926 3487 ad
1951 3432 2067 3489 huic

489 3501 770 3575 probanda
799 3521 919 3575 qua:
951 3507 1061 3562 dixi
1102 3528 1115 3564 :
1150 3511 1243 3566 sed
1276 3527 1347 3567 ne
1373 3513 1563 3571 videar
1595 3534 1626 3573 a
1659 3522 1945 3591 proposito
1979 3539 2065 3578 re-

488 3597 713 3670 cedere,
763 3601 1144 3669 compendium
1198 3604 1342 3660 facio
1381 3612 1673 3666 sermonis.
1720 3610 2061 3685 Propositum

488 3687 686 3757 quippe
718 3690 847 3745 mihi
877 3700 961 3747 est
980 3696 1271 3764 explanare
1295 3698 1361 3752 de
1389 3716 1479 3768 eo,
1510 3704 1654 3772 quod
1691 3716 1911 3775 propter
1936 3724 2069 3777 pec-

485 3789 607 3855 cata
643 3799 739 3838 sua
773 3785 1021 3855 captivus
1044 3788 1312 3845 adductus
1340 3791 1411 3847 sit
1443 3796 1675 3863 populus
1707 3795 1889 3854 Israel.

558 3875 611 3928 2.
656 3874 719 3929 Ει
742 3892 808 3931 ne
836 3878 974 3933 forte
1002 3881 1203 3950 aliquis
1229 3882 1519 3939 arbitretur
1554 3898 1869 3956 peccatores
1898 3906 1929 3946 a
1954 3891 2065 3947 Deo

486 3966 712 4022 traditos
740 3968 809 4022 ab
839 3984 905 4023 eo
934 3970 1162 4027 ulterius
1195 3987 1302 4028 non
1342 3975 1674 4044 gubernari,
1722 3987 1779 4034 ct
1808 3982 1975 4036 semel
2008 3982 2060 4037 in

484 4059 850 4127 captivitatem
886 4062 1134 4119 redactos
1167 4064 1311 4119 ultra
1340 4066 1809 4137 dispensationem
1846 4073 1967 4143 ejus
2011 4085 2066 4129 et

484 4151 912 4206 misericordiam
955 4169 1062 4210 non
1104 4156 1321 4222 mereri,
1369 4169 1691 4227 praesentem
1726 4163 1905 4217 locum
1939 4165 2065 4219 dili-

485 4244 698 4314 gentius
740 4245 1171 4326 consideremus.
1210 4248 1403 4306 Daniel
1447 4267 1555 4307 non
1609 4254 1874 4324 peccavit,
1914 4256 2053 4312 Aua-

484 4336 626 4400 nias,
654 4337 901 4406 Azarias,
950 4332 1134 4398 Misael
1164 4360 1194 4398 a
1224 4355 1446 4413 peccato
1492 4347 1766 4401 immunes
1817 4345 2061 4412 fuerunt,

480 4439 535 4486 et
563 4440 739 4486 tamen
773 4434 971 4501 captivi
999 4435 1172 4491 ell‘ecti
1203 4449 1350 4503 sunt,
1398 4448 1457 4493 ut
1485 4438 1558 4493 ibi
1588 4440 1750 4508 positi
1785 4439 2062 4509 captivum

2165 3240 2314 3296 mine
2366 3239 2461 3294 ira:
2513 3236 2756 3294 oil'ensus
2811 3236 3135 3292 criminetur
3186 3253 3308 3292 eam
3365 3236 3420 3291 in
3471 3235 3604 3291 Deo.
3654 3236 3760 3293 Cui

2165 3329 2636 3401 respondebimus,
2672 3344 2780 3383 non
2815 3336 2924 3382 tam
2956 3328 3093 3382 iram
3121 3343 3245 3384 esse
3274 3329 3411 3383 iram
3454 3318 3548 3383 Dei
3591 3343 3757 3399 quam

2167 3422 2535 3477 necessariam
2571 3420 3058 3491 dispensationem.
3112 3419 3255 3475 Audi
3307 3420 3453 3491 quod
3498 3420 3569 3476 sit
3617 3435 3761 3490 opus

2166 3513 2261 3570 ira:
2312 3513 2406 3568 Dei
2456 3531 2468 3567 :
2510 3521 2571 3568 ut
2621 3520 2835 3584 arguat,
2870 3522 2931 3567 ut
2974 3512 3233 3582 corrigat,
3281 3521 3342 3568 ut
3382 3512 3635 3569 emendet
3668 3512 3757 3568 ”:

2166 3605 2409 3668 Domine,
2457 3621 2519 3659 ne
2558 3605 2614 3657 in
2653 3605 2735 3657 ira
2770 3613 2862 3656 tua
2898 3620 3095 3674 arguas
3127 3620 3228 3670 me,
3275 3620 3436 3674 neque
3476 3605 3532 3657 in
3577 3604 3762 3674 furore

2167 3706 2255 3750 tuo
2273 3697 2529 3765 corripias
2552 3711 2650 3749 me.
2668 3693 2828 3765 355
2849 3693 2952 3761 Qui
2975 3696 3088 3750 haec
3107 3695 3366 3765 loquitttr,
3384 3694 3489 3751 scit
3518 3693 3756 3752 furorem

2166 3788 2259 3843 Dei
2310 3803 2417 3842 non
2463 3803 2585 3843 esse
2635 3786 2881 3840 inutilem
2931 3786 2998 3840 ad
3048 3786 3375 3841 sanitatem:
3406 3785 3499 3842 sed
3547 3787 3613 3841 ad
3652 3786 3761 3843 hoc

2166 3877 2433 3941 adhiberi,
2467 3886 2527 3932 ut
2569 3887 2722 3932 curet
2758 3885 3108 3947 :egrotantes,
3144 3884 3202 3931 ut
3241 3876 3494 3931 emendet
3527 3892 3622 3933 eos
3658 3878 3756 3948 qui

2168 3986 2473 4026 sermonem
2514 3969 2634 4040 ejus
2681 3969 2873 4024 audire
2918 3977 3380 4037 contempserunt.
3419 3967 3623 4024 Idcirco
3655 3984 3758 4023 nec

2163 4061 2487 4131 deprecatur
2514 4076 2583 4114 ne
2626 4059 2827 4114 talibus
2860 4059 3117 4114 remediis
3154 4060 3495 4124 emendetur,
3528 4076 3597 4114 ne
3624 4074 3754 4114 cum

2164 4153 2365 4223 poenali
2403 4152 2609 4207 medela
2639 4152 2865 4220 recipiat
2901 4152 3188 4221 pristinam
3236 4152 3561 4219 sanitatem;
3589 4153 3756 4222 quasi

2165 4245 2210 4300 si
2243 4260 2432 4299 servus
2461 4243 2577 4313 jam
2620 4243 2763 4299 inter
2793 4243 3003 4312 ﬂagella
3045 4241 3278 4313 positus,
3316 4242 3595 4296 dominum
3628 4259 3755 4313 pre-

2164 4342 2339 4398 cetur,
2394 4334 2780 4403 repromittens
2831 4333 2880 4387 ei
2934 4344 2997 4388 se‘
3040 4333 3304 4402 imperata
3358 4331 3650 4397 facturum,
3698 4344 3757 4391 et

2138 4422 2348 4489 dicat:
2386 4422 2623 4486 Dontine,
2666 4440 2728 4477 ne
2766 4424 2821 4477 in
2855 4423 2938 4477 ira
2978 4433 3070 4477 tua
3115 4439 3309 4493 arguas
3352 4440 3453 4491 me,
3494 4441 3653 4494 neque
3695 4427 3755 4481 in

481 4524 739 4593 populum
768 4527 1204 4590 consolarentur,
1234 4537 1290 4583 et
1322 4545 1417 4599 per
1440 4530 1873 4585 exhortationem
1912 4532 2063 4587 vocis

2168 4516 2253 4569 ira
2286 4525 2375 4569 tua
2410 4517 2666 4586 corripias
2707 4533 2810 4571 me.
2854 4515 3051 4571 Omnia
3097 4534 3221 4587 qua:
3271 4515 3364 4570 Dei
3415 4526 3562 4580 sunt,
3606 4517 3753 4574 bona

481 4622 594 4663 suae
626 4611 950 4679 ptenitentes
978 4611 1031 4667 in
1061 4612 1364 4670 Jerusalem
1393 4617 1742 4672 restituerent
1769 4619 2063 4688 castigatos

481 4712 583 4767 pro
625 4707 887 4770 tempore.
944 4702 1297 4774 Septuaginta
1335 4705 1534 4774 quippe
1577 4705 1737 4759 annis
1782 4707 2061 4763 servitutis

483 4792 747 4858 supplicia
783 4796 1175 4863 pependerunt,
1214 4810 1279 4852 ac
1314 4796 1395 4852 sic
1424 4795 1616 4851 deinde
1642 4795 1697 4851 in
1739 4797 1897 4853 sedes
1935 4812 2060 4867 pro—

484 4880 632 4950 prias
663 4883 861 4935 reversi
892 4893 1039 4950 sunt,
1073 4885 1199 4955 quia
1222 4896 1444 4941 sanctus
1465 4885 1851 4955 prophetarum
1878 4903 2063 4944 sermo

479 4974 720 5041 deiectos
753 4974 967 5031 animos
992 4975 1388 5035 sublevaverat.
1421 4976 1625 5035 Verum
1656 4996 1766 5036 non
1804 4981 1982 5038 solum
2025 4982 2062 5038 ii

476 5071 717 5136 quatuor
742 5062 797 5118 in
835 5066 1145 5135 captivitate
1190 5070 1467 5141 propheta:
1499 5071 1852 5137 exstiterunt,
1878 5070 1973 5127 sed
2011 5079 2067 5127 et

2172 4615 2318 4668 sunt,
2346 4616 2399 4659 ct
2428 4622 2703 4660 merentur
2734 4607 2958 4676 corripi.
2991 4607 3255 4663 Ausculta
3299 4607 3393 4677 qui
3432 4608 3580 4663 dicat
3610 4626 3624 4663 :
3653 4607 3754 4663 Ar-

2166 4712 2326 4767 guam
2352 4711 2438 4749 eos
2463 4696 2520 4749 in
2548 4696 2738 4750 auditu
2763 4698 3027 4768 angustia:
3053 4714 3255 4754 eorum.
3286 4696 3409 4754 Ideo
3437 4697 3753 4757 audivimus

2165 4804 2228 4845 ea
2281 4803 2404 4858 quae
2448 4789 2516 4843 de
2571 4790 2918 4846 tribulatione
2964 4800 3129 4858 sunt,
3177 4802 3235 4846 ut
3267 4792 3640 4849 emendemur.
3688 4794 3749 4851 In

2167 4879 2470 4935 maledictis
2503 4895 2722 4951 quoque
2750 4880 2974 4938 Levitici
3010 4883 3276 4953 scriptum
3304 4895 3387 4941 est
3408 4885 3493 4939 ’δε
3528 4883 3589 4940 Si
3624 4895 3745 4957 post

2162 4972 2269 5027 ista
2309 4986 2413 5024 non
2447 4969 2758 5040 obedierint,
2792 4988 2954 5044 neque
2998 4976 3234 5030 conversi
3276 4975 3475 5046 fuerint
3528 4976 3599 5030 ad
3644 4993 3745 5043 me,

2165 5077 2428 5133 apponam
2454 5063 2531 5118 eis
2567 5061 2755 5134 plagas
2792 5071 2990 5134 septem
3014 5081 3171 5135 super
3193 5077 3411 5136 peccata
3452 5083 3651 5124 eorum.
3683 5065 3746 5124 Si

549 5205 596 5238 ³⁸
625 5205 771 5261 Psal.
797 5222 981 5270 usus.
1010 5206 1063 5262 6.
1141 5208 1183 5241 ³¹
1212 5206 1373 5265 Prov.
1402 5225 1489 5277 tu,
1530 5211 1621 5275 ll,
1666 5218 1721 5265 et
1759 5206 1925 5265 Hebr.
1961 5225 2065 5276 Ill,
2100 5208 2158 5277 2,
2182 5209 2236 5275 5,
2266 5208 2320 5263 6.
2400 5207 2443 5239 ³²
2474 5204 2639 5263 llehr.
2672 5223 2768 5275 xu,
2800 5203 2853 5273 7,
2878 5206 2934 5265 8.
3012 5207 3058 5239 ³³
3082 5205 3225 5264 Psal.
3257 5224 3331 5271 vr,
3359 5207 3414 5263 Ξ.
3492 5206 3539 5240 ³⁵
3567 5204 3740 5263 Levit.

478 5291 632 5342 uri,
655 5277 746 5345 27,
773 5278 864 5335 28.

477 5411 561 5472 ina
583 5396 1011 5472 est,Zacltarias,
1031 5400 1256 5472 Aggaaus
1283 5411 1332 5457 et
1359 5398 1579 5457 similes;
1608 5400 1674 5457 Et
1689 5402 1853 5472 paulo
1883 5409 2008 5471 post
2034 5419 2049 5456 :

477 5467 614 5521 Deus
644 5485 770 5543 cunt
801 5469 964 5543 lienus
998 5467 1173 5543 siuet
1206 5474 1415 5543 quando
1447 5467 1743 5542 peccatores
1781 5467 1956 5543 punit,
2006 5482 2057 5526 et

475 5541 685 5612 quando
712 5541 875 5595 tradit
905 5542 961 5597 in
983 5541 1341 5612 captivitatem
1366 5541 1455 5597 eos
1481 5543 1570 5612 qui
1598 5541 1815 5612 propter
1837 5551 2053 5612 peccata

477 5607 529 5659 in
554 5616 694 5683 terra
720 5622 902 5665 sancta
922 5607 1155 5683 essenon
1174 5623 1391 5681 possunt
1417 5607 1709 5683 (contraria
1732 5607 1869 5666 enim
1894 5611 2055 5666 simul

477 5680 758 5754 consistere
786 5681 1064 5754 nequeunt)
1093 5680 1372 5754 prop/telas
1402 5680 1506 5736 una
1535 5684 1695 5736 mittit
1723 5726 1737 5747 ,
1771 5699 1831 5737 ne
1870 5698 2054 5754 pectit?-

479 5754 619 5819 tores
657 5750 711 5797 in
747 5750 1103 5813 captivitatem
1149 5750 1366 5819 abducti
1402 5754 1545 5805 omni
1590 5768 1806 5819 prorsus
1846 5752 2050 5804 auxilio

479 5814 857 5871 destituuntur.
890 5820 1022 5871 Cum
1045 5820 1180 5873 c'nint
1204 5818 1400 5872 idcirco
1428 5814 1653 5875 ducti'in
1692 5822 2053 5890 captivitatem

2158 5400 2401 5471 fuissent,
2434 5403 2573 5470 quod
2603 5408 2817 5470 peccato
2845 5407 3175 5471 tenerentur,
3209 5399 3256 5453 si
3290 5395 3430 5467 justi
3476 5399 3623 5471 apud
3651 5412 3741 5471 eos

2160 5466 2263 5523 non
2289 5466 2531 5537 fuissent,
2558 5466 2705 5523 nulla
2727 5471 3091 5537 peccatoribus
3119 5466 3306 5538 fuisset
3333 5466 3560 5523 curatio.
3594 5466 3739 5538 Ine/'-

2158 5539 2339 5609 fabilis
2369 5555 2491 5609 ergo
2523 5539 2803 5593 cltaritatis
2832 5539 2976 5593 istud
3000 5550 3077 5594 est
3117 5554 3136 5592 :
3176 5555 3275 5592 non
3313 5538 3452 5592 enim
3486 5539 3743 5594 absolute

2156 5610 2483 5663 derelictioni
2510 5611 2671 5662 tradit
2701 5619 3019 5677 peccatores,
3051 5611 3142 5663 sed
3165 5610 3344 5663 visitet
3374 5623 3461 5661 eos
3490 5623 3583 5676 per
3612 5624 3739 5662 san-

2156 5690 2266 5733 ctos
2289 5696 2431 5744 suos,
2459 5679 2523 5732 de
2542 5680 2728 5748 quibus
2756 5680 2895 5733 dixit
2922 5696 2939 5731 :
2973 5700 2993 5732 ί
3044 5679 3140 5734 Vos
3172 5680 3299 5733 estis
3331 5678 3427 5748 (ua:
3466 5678 3652 5731 mundi
3687 5686 3740 5732 et

2154 5750 2239 5804 sal
2276 5761 2467 5813 terrai;
2514 5769 2531 5800 ι
2556 5747 2712 5819 quod
2752 5764 2855 5819 non
2891 5750 3061 5819 solum
3100 5751 3171 5803 ad
3211 5747 3476 5819 apostolos
3512 5757 3733 5818 spectat,

2154 5821 2244 5873 sed
2282 5829 2331 5874 et
2367 5820 2435 5874 ad
2472 5836 2557 5873 eos
2598 5818 2687 5889 qui
2726 5818 2831 5873 illis
2868 5818 3067 5874 similes
3105 5829 3245 5874 sunt.
