4070 6296
273 359 391 418 669

1731 353 2018 411 llOMlLlA
2055 353 2095 411 1.

3452 360 3558 418 670

275 491 469 536 autem
496 489 620 550 post
654 479 761 534 lucc
790 480 1024 532 conversi
1054 493 1154 531 non
1186 477 1405 547 fuerint,
1449 478 1733 532 emendabo
1761 494 1869 532 eos.
1904 493 1947 548 Α
1977 494 2167 532 nteant.
2198 476 2392 546 lgneus
2417 485 2502 534 est
2531 494 2563 533 a
2591 478 2813 535 renibus
2841 493 3016 546 usque
3049 477 3117 532 ad
3144 479 3401 534 deorsum
3443 475 3554 532 Do-

277 566 486 625 Omnia
505 568 600 624 Dei
625 584 743 637 quae
772 568 1024 622 videntur
1048 582 1233 621 amara
1261 583 1406 632 esse,
1433 567 1486 620 in
1513 567 1870 622 eruditionem

277 670 337 717 et
367 658 613 722 remedia
644 658 956 728 proﬁciunt.
1000 658 1242 714 Medicus
1283 667 1366 712 est
1404 657 1568 725 Deus,
1599 667 1754 727 pater
1793 666 1878 713 est

273 749 444 813 Deus,
474 749 737 805 dominus
771 758 858 804 est
898 764 1004 803 non
1035 764 1214 818 asper,
1251 749 1344 804 sed
1391 748 1527 803 lenis
1566 758 1649 803 εει
1695 749 1875 802 domi»

268 855 401 895 nus.
432 838 494 894 Si
531 841 756 896 veneris
796 841 865 895 ad
911 855 1007 896 eos
1045 841 1138 910 qui
1187 840 1359 910 puniti
1402 849 1531 896 sunt
1576 840 1875 895 secundum

267 932 497 1002 eloquia
529 932 969 1003 Scri-pturarum,
999 947 1269 1002 compone
1297 931 1610 1001 Scriptnras
1639 929 1884 1000 Scriptu-

266 1023 370 1088 ris,
401 1030 465 1076 ut
495 1031 558 1077 et
582 1032 636 1078 te
649 1023 945 1093 Apostolus
969 1023 1148 1086 docet,
1166 1031 1216 1077 et
1233 1021 1534 1077 videbisibi
1560 1021 1879 1076 dulcissima

262 1126 416 1179 esse,
454 1113 560 1168 ubi
594 1113 943 1170 amarissima
979 1114 1386 1169 existimantur.
1412 1111 1688 1182 Scriptum
1714 1113 1880 1167 estin

264 1206 549 1275 propheta
582 1225 596 1260 :
641 1205 765 1260 Non
812 1207 1049 1261 vindicat
1093 1206 1172 1259 bis
1210 1207 1265 1259 in
1300 1206 1530 1273 idipsum
1569 1204 1627 1258 in
1653 1203 1879 1273 judicio.

266 1294 602 1353 vindicavit
635 1300 803 1354 semel
834 1301 887 1353 in
913 1299 1121 1369 judicio
1148 1314 1241 1367 per
1271 1297 1559 1361 diluvium,
1588 1297 1884 1351 vindicavit

268 1389 445 1442 semel
500 1389 558 1442 in
608 1390 818 1461 judicio
865 1404 1030 1460 super
1082 1389 1376 1444 Sodomam
1402 1400 1454 1446 et
1482 1389 1881 1451 Gomorrham,

1976 569 2178 623 minus.
2219 568 2598 637 Generationis
2624 570 2770 624 enim
2796 577 2850 623 et
2878 568 3121 624 libidinis
3146 584 3308 638 apera
3347 568 3552 634 gehen-

1976 675 2061 714 nze
2104 659 2386 730 suppliciis
2436 660 2828 730 corripiuntur.
2878 658 3075 729 lgneus
3121 669 3205 714 est
3246 658 3412 723 Deus,
3456 659 3551 714 sed

1977 767 2087 805 non
2115 762 2265 807 totus
2286 759 2371 808 est
2404 753 2618 822 igneus.
2649 751 2945 822 Superiora
2972 751 3096 820 ejus
3117 751 3379 806 electrum
3406 760 3556 805 sunt.

1979 842 2252 900 Electrum
2287 860 2394 899 non
2434 845 2610 901 solum
2651 853 2899 916 argento,
2935 859 3124 899 verum
3168 854 3225 898 et
3254 856 3391 897 auro
3436 857 3557 912 pre-

1978 936 2176 991 tiosius
2212 945 2313 992 est.
2350 935 2625 991 Electrum
2670 944 2857 991 autem
2905 950 3005 1005 pro
3044 933 3296 1002 exemplo
3335 932 3563 1002 fulgoris

1979 1022 2261 1095 Scriptura
2290 1026 2491 1096 posuit,
2522 1040 2629 1080 non
2664 1024 2810 1095 quod
2845 1024 2988 1080 Deus
3022 1040 3145 1080 vere
3173 1025 3434 1079 electrum
3470 1022 3562 1079 sit.

1980 1114 2046 1170 Et
2072 1118 2349 1186 quomodo
2377 1133 2486 1172 non
2517 1125 2600 1173 est
2633 1118 2739 1172 tale
2768 1117 3030 1172 electrum
3064 1116 3209 1172 Deus
3237 1116 3399 1186 quale
3426 1115 3565 1169 vide-

1980 1208 2144 1265 batur
2171 1225 2186 1262 :
2214 1209 2295 1264 sic
2321 1224 2429 1264 non
2455 1218 2540 1264 est
2572 1208 2697 1264 talis
2717 1208 2858 1279 ignis
2886 1208 3065 1279 qualis
3089 1224 3119 1263 a
3144 1208 3370 1264 renibus
3393 1218 3566 1276 usque

1982 1301 2052 1358 ad
2084 1301 2283 1372 pedum
2314 1302 2477 1357 linem
2526 1302 2801 1372 apparuit.
2854 1301 2998 1372 Ignis
3040 1300 3143 1355 iste
3183 1298 3477 1362 consumit,
3510 1307 3566 1355 et

1983 1409 2093 1448 non
2128 1400 2212 1449 est
2236 1394 2547 1463 appositum
2581 1394 2711 1463 quid
2763 1401 3072 1453 consumat,
3122 1401 3179 1444 nt
3220 1399 3275 1442 tu
3315 1403 3565 1458 quaerens

267 1480 588 1536 vindicavit
640 1482 808 1537 semel
862 1482 915 1535 in
968 1481 1179 1551 judicio
1234 1497 1402 1552 super
1453 1481 1770 1552 Egyptum,
1829 1489 1885 1534 et
1982 1483 2225 1552 reperias
2250 1483 2380 1553 quid
2412 1482 2485 1538 sit
2511 1483 2642 1538 illud
2673 1482 2816 1552 quod
2845 1497 2877 1536 a
2911 1480 3004 1533 Dei
3035 1480 3157 1550 igne
3201 1477 3561 1534 consumitur.

270 1584 546 1629 sexcenta
600 1574 773 1628 millia
808 1573 1199 1629 lsraelitarum.
1235 1571 1354 1628 Noli
1390 1574 1707 1629 existimare
1736 1571 1884 1642 quod
1986 1573 2128 1629 Deus
2158 1585 2338 1628 noster
2361 1574 2497 1645 ignis
2532 1589 2842 1628 consumens
2885 1582 2964 1626 est
2992 1572 3058 1624 ⁴⁰.
3107 1571 3246 1638 Quid
3292 1571 3569 1626 consumit

270 1664 392 1719 haec
434 1665 583 1720 ultio
624 1680 786 1735 pugna
827 1650 1033 1720 tantum
1073 1663 1239 1720 fuerit
1281 1664 1679 1734 peccatoribus,
1726 1662 1886 1734 quasi
1988 1664 2130 1736 ignis
2162 1664 2298 1721 iste?
2332 1663 2452 1718 Non
2483 1665 2629 1735 ligna
2669 1679 2792 1733 qua:
2824 1663 3124 1727 cernimus,
3158 1675 3266 1714 non
3292 1659 3569 1715 sensibile

266 1763 400 1823 post
432 1764 676 1810 mortem
705 1764 760 1810 et
792 1754 1059 1826 supplicia
1103 1756 1302 1810 iterum
1347 1771 1379 1810 a
1426 1755 1692 1825 supplicio
1732 1754 1886 1810 exci~
1990 1754 2199 1822 fenum,
2242 1771 2351 1810 non
2405 1755 2662 1824 stipulam
2694 1768 2817 1823 quae
2865 1753 3102 1816 videtur,
3144 1749 3241 1806 sed
3284 1749 3329 1805 si
3379 1762 3571 1818 super-

270 1845 470 1912 piendi
512 1846 650 1902 sint.
693 1845 877 1903 Puniti
905 1856 1037 1902 sunt
1084 1847 1139 1901 in
1193 1847 1444 1917 praesenti
1491 1864 1560 1903 ne
1606 1849 1659 1902 in
1705 1849 1888 1905 futuro
1923 1841 2343 1906 Bzediilcaveris
2375 1846 2733 1903 fundamento
2766 1843 2896 1900 Jesu
2941 1843 3143 1899 Christi
3167 1856 3333 1911 opera
3364 1838 3567 1910 peccati

264 1936 485 2006 iugiter
532 1939 880 2008 punirentur.
921 1939 1094 1995 Cerne
1129 1955 1419 2010 pauperem
1462 1940 1518 1995 in
1562 1939 1874 2011 Evangelio,
1978 1942 2331 2012 ligna,opera
2350 1939 2556 2003 peccati
2574 1937 2964 2006 ienum,opera
2982 1931 3461 2005 peccatiinieriora
3480 1922 3578 1987 sti-

260 2033 556 2103 "squalore
581 2042 636 2088 et
659 2033 888 2103 penuria
917 2033 1205 2103 premitur,
1240 2041 1297 2087 et
1324 2040 1509 2103 postea
1552 2033 1606 2088 in
1645 2033 1880 2087 Abrahze
1980 2030 2872 2105 palam,venitignis,etuuiversa
2891 2029 2993 2084 ista
3016 2027 3312 2082 examinat.
3332 2024 3468 2092 Quis
3487 2033 3573 2079 est

270 2124 411 2179 sinu
452 2124 779 2193 requiescit.
811 2122 1035 2194 Recepit
1059 2124 1200 2178 mala
1232 2138 1333 2178 sua
1364 2123 1418 2177 in
1447 2123 1556 2177 vita
1581 2138 1700 2178 sua.
1729 2121 1882 2177 Unde
1981 2127 2085 2181 iste
2101 2124 2243 2196 ignis
2259 2139 2420 2194 quem
2433 2122 2516 2177 lex
2532 2121 2808 2192 praedicat,
2831 2129 2883 2174 et
2905 2120 3247 2190 evangelium
3264 2133 3373 2173 non
3401 2114 3565 2171 tacet?

273 2216 400 2271 scis
439 2230 516 2269 an
548 2214 851 2283 receperint
874 2215 1006 2284 quin
1037 2216 1091 2269 in
1121 2215 1329 2271 diluvio
1357 2225 1487 2270 sunt
1510 2215 1707 2278 necati,
1740 2214 1884 2270 mala
1987 2217 2411 2289 Uniuscujusquc
2438 2235 2566 2288 opus
2600 2217 2754 2288 quale
2782 2217 2874 2283 sit,
2894 2216 3028 2285 ignis
3065 2212 3307 2284 probabit
3325 2210 3394 2266 “.
3427 2209 3564 2276 Quis

272 2323 390 2363 sua
427 2308 489 2362 in
523 2308 669 2365 vita?
700 2306 852 2363 Unde
882 2311 1023 2363 nosti
1066 2321 1324 2363 utrumne
1357 2309 1606 2363 restituta
1640 2308 1751 2363 sint
1783 2308 1886 2361 So-
1983 2311 2384 2382 cst,Apostole,
2416 2311 2560 2382 ignis
2576 2307 2780 2378 istequi
2798 2306 3173 2377 probatOpera
3195 2299 3572 2367 nostraiQuis

277 2400 476 2455 doma:
532 2409 587 2454 et
635 2399 958 2455 Gomorrha:
1004 2401 1143 2454 mala
1192 2414 1292 2456 sua
1333 2400 1390 2457 in
1430 2399 1540 2454 vita
1581 2399 1721 2456 sua?
1744 2399 1887 2453 Audi
1984 2411 2073 2460 est.
2094 2403 2238 2473 ignis
2264 2402 2374 2457 iste
2399 2402 2480 2457 sic
2510 2401 2749 2471 sapiens,
2775 2407 2833 2453 ut
2855 2396 3128 2452 custodiat
3149 2408 3342 2448 aurum
3367 2406 3573 2456 meum,

280 2492 679 2547 testimonium
716 2491 1148 2561 Scripturarum.
1186 2492 1269 2546 vis
1302 2488 1638 2546 Testamenti
1678 2490 1888 2548 Veteris
1985 2503 2051 2554 ut
2070 2503 2356 2566 argentum
2382 2509 2564 2549 meum
2589 2492 2932 2562 splendidius
2959 2487 3232 2552 ostendat,
3262 2492 3322 2539 ιιι
3346 2484 3575 2538 ἱΙιίπεευηι

284 2584 676 2639 testimonium
699 2583 952 2639 discere?
985 2581 1079 2638 Vis
1108 2580 1242 2637 Novi
1280 2581 1536 2637 edoceri?
1567 2580 1891 2637 Restituetur
1992 2586 2266 2657 relinquat
2286 2600 2410 2641 eum
2444 2584 2539 2655 qui
2569 2584 2625 2639 in
2652 2599 2741 2640 me
2767 2592 2852 2640 est
2883 2581 3117 2651 lapidem
3168 2575 3491 2648 pretiosum,
3518 2581 3578 2627 ut

286 2677 536 2732 Sodoma
574 2678 629 2730 in
677 2677 995 2747 antiquum;
1039 2692 1093 2729 et
1127 2676 1306 2731 adhuc
1332 2676 1551 2731 dubitas
1596 2691 1665 2730 an
1713 2675 1890 2731 bonus
1990 2677 2135 2733 mala
2180 2684 2390 2731 tantum
2442 2682 2734 2730 consumat
2775 2689 2898 2743 quae
2929 2670 3054 2734 feci,
3090 2683 3210 2738 (pne
3240 2663 3577 2735 supcraediﬁ-

285 2769 362 2824 sit
416 2768 692 2824 Dominus
735 2769 969 2839 puniens
1015 2766 1363 2825 Sodomitas?
1414 2767 1762 2822 Tolerabilius
1790 2768 1891 2822 erit
1990 2769 2109 2824 cavi
2141 2768 2311 2839 ligna,
2349 2767 2558 2832 fenum,
2594 2763 2895 2836 stipulam?
2944 2762 3081 2830 Quis
3129 2768 3214 2815 est
3257 2756 3359 2812 iste
3404 2752 3577 2825 ignis!

288 2872 456 2914 terrw
487 2858 842 2915 Sodomorum
867 2868 917 2913 et
943 2858 1409 2914 Gomorrhworum
1438 2858 1493 2913 in
1515 2859 1600 2914 die
1617 2858 1891 2928 iudicii”,
1995 2861 2178 2933 Ignem
2219 2861 2335 2921 ueni
2378 2862 2587 2915 mittere
2630 2873 2788 2923 super
2827 2866 3043 2920 terram,
3079 2863 3125 2908 ct
3163 2865 3323 2923 quam
3361 2845 3476 2903 volo
3518 2853 3576 2899 ut

284 2949 424 3006 dicit
459 2950 733 3006 Dominus
764 2950 1034 3006 miserans
1062 2949 1400 3006 Sodomitas.
1450 2949 1726 3022 Benignus
1762 2965 1894 3021 ergo
1995 2957 2319 3012 accendatur
2350 2956 2417 3007 ι’.
2449 2953 2610 3009 Jesus
2655 2951 2910 3007 Christus
2963 2947 3114 3011 dicit,
3148 2959 3308 3016 quam
3354 2939 3470 2996 uolo
3518 2945 3579 2992 ut

278 3055 368 3100 est
398 3044 583 3110 Deus,
614 3045 854 3101 clemens
882 3043 1160 3100 est'Deus.
1205 3042 1382 3100 Solem
1409 3061 1562 3098 suum
1591 3060 1718 3102 vere
1759 3046 1894 3100 oriri
1986 3048 2103 3118 jam
2119 3046 2459 3102 accendatur.
2488 3045 2672 3099 Bonus
2693 3041 2841 3098 enim
2868 3051 2972 3105 est,
2987 3048 3040 3093 et
3056 3037 3348 3105 novitqtna
3370 3032 3416 3088 si
3440 3029 3582 3101 ignis

281 3136 605 3207 facitsmper
618 3137 779 3191 bonos
794 3146 843 3190 et
868 3137 1035 3192 malos
1066 3153 1086 3191 :
1108 3147 1156 3192 et
1171 3136 1308 3207 pluit
1329 3152 1455 3191 vere
1471 3153 1628 3206 super
1639 3137 1814 3207 justas
1843 3146 1892 3192 et
1922 3186 1962 3207 η
1997 3138 2100 3194 iste
2132 3136 2296 3193 fuerit
2327 3150 2612 3200 accensus,
2649 3131 2854 3187 malitia
2884 3136 3262 3186 consumatur.
3302 3123 3578 3192 Scriptum

278 3230 534 3299 injustas
560 3230 626 3293 δι’,
664 3246 771 3284 non
810 3230 985 3285 solum
1029 3230 1177 3284 hunc
1219 3244 1380 3298 quem
1413 3228 1586 3284 oculis
1617 3229 1895 3285 cernimus
1920 3214 1964 3244 ’³
1997 3239 2082 3287 εει
2109 3231 2162 3286 in
2188 3230 2504 3302 prophetis:
2535 3224 2903 3296 Sanctiﬁcavit
2948 3238 3067 3277 eum
3096 3220 3154 3274 in
3196 3219 3305 3289 igni
3345 3214 3581 3279 ardenti,

285 3324 500 3388 solem,
524 3322 615 3377 sed
635 3331 689 3377 et
711 3322 865 3376 illum
899 3322 1069 3377 solem
1083 3321 1176 3391 qui
1196 3320 1372 3377 oculis
1390 3320 1589 3376 mentis
1610 3320 1893 3391 aspicitur.
1994 3334 2045 3379 et
2071 3324 2272 3379 voravit
2294 3334 2550 3392 tanquam
2577 3320 2756 3390 feriunt
2780 3317 2993 3372 silvam.
3017 3313 3085 3368 Et
3129 3324 3344 3367 rursum
3371 3325 3386 3363 :
3416 3306 3586 3361 Emit-

289 3414 400 3483 Ιίεο
433 3413 631 3467 malus
666 3427 837 3478 eram.
864 3420 919 3466 el
941 3420 1095 3468 01⁵1118
1122 3419 1207 3467 εει
1249 3411 1383 3465 mihi
1408 3412 1493 3467 601
1514 3410 1755 3481 iustitiae-
1782 3409 1897 3482 Ego
1965 3469 1971 3474 .
1998 3417 2062 3471 tit
2089 3414 2345 3469 Dominus
2378 3412 2612 3474 Sabaoth
2635 3413 2688 3465 in
2715 3420 2861 3465 tuum
2903 3411 3152 3461 honorent
3185 3399 3580 3464 contumeliam,

282 3504 668 3568 ‘maluseram,
692 3503 910 3558 etvenit
925 3518 1090 3574 super
1107 3518 1193 3558 me
1208 3503 1392 3574 pluvia
1408 3503 1654 3572 justitim.
1675 3503 1897 3561 Bonitas
1995 3515 2048 3562 et
2080 3507 2135 3559 in
2179 3516 2326 3559 tuam
2353 3505 2578 3577 gloriam
2622 3503 2761 3574 ignis
2797 3501 2989 3555 ardens
3031 3495 3356 3561 accenditur,
3390 3491 3443 3550 id
3480 3494 3581 3560 est,

281 3592 386 3650 κυεῖ
428 3602 531 3649 est
561 3594 725 3653 etiam
758 3595 812 3648 in
849 3593 937 3649 his
965 3609 1088 3663 quae
1115 3610 1301 3649 ainara
1330 3595 1733 3651 existimantur.
1994 3608 2057 3654 ut
2094 3606 2149 3652 tu
2190 3596 2535 3668 gloriﬁceris,
2566 3594 2835 3649 emittitur
2862 3591 3003 3663 ignis
3036 3591 3092 3644 in
3132 3604 3296 3659 opera
3336 3594 3584 3656 peccato-

361 3687 416 3741 5.
477 3686 646 3756 igitur
679 3686 732 3740 in
766 3686 985 3742 civitate
1019 3686 1353 3742 constitutus
1397 3696 1477 3743 est
1528 3687 1813 3757 propheta,
1844 3695 1899 3744 ει
1998 3704 2123 3745 rum
2163 3698 2406 3743 tuorum.
2439 3685 2534 3742 Vis
2574 3685 2756 3741 adhuc
2801 3700 2832 3739 a
2876 3682 3139 3754 propheta
3181 3680 3415 3743 discere,
3452 3674 3583 3745 quia

294 3794 475 3835 cerne
508 3795 631 3849 qua:
672 3778 877 3843 videat,
927 3793 997 3834 ne
1036 3778 1254 3834 dolores
1301 3778 1499 3834 sentiat
1545 3778 1895 3849 captivitatis,
1999 3788 2273 3839 tormenta
2310 3778 2439 3834 boni
2469 3775 2563 3836 Dei
2601 3775 2713 3832 sint
2750 3774 2815 3829 ad
2852 3773 3139 3829 utilitatem
3163 3783 3353 3824 eorum
3394 3766 3488 3837 qui
3517 3780 3583 3821 ea

295 3872 568 3927 deorsum
595 3870 743 3926 videt
776 3870 1015 3933 labores,
1050 3869 1144 3925 sed
1174 3884 1396 3925 sursum
1427 3870 1647 3925 elevans
1684 3870 1895 3938 oculos,

299 3975 530 4035 apertos
552 3964 783 4034 suspicit
808 3964 1000 4027 caelos,
1027 3963 1204 4018 cernit
1230 3963 1332 4018 sibi
1365 3973 1604 4019 reserata
1632 3964 1896 4032 coelestia,

300 4058 457 4114 videt
484 4056 898 4112 similitudinem
940 4055 1128 4126 gloria:
1176 4053 1292 4119 Dei,
1325 4055 1471 4110 videt
1510 4064 1747 4125 quatuor
1775 4055 1898 4110 ani-

292 4151 498 4211 "utalia,
545 4147 613 4203 de
655 4147 856 4217 quibus
890 4146 1102 4201 multus
1127 4159 1310 4200 sermo
1356 4154 1411 4201 et
1450 4146 1683 4201 diﬂicilis
1730 4148 1901 4202 inter-
1997 4163 2054 4208 et
2087 4152 2143 4206 in
2174 4150 2414 4205 medium
2446 4161 2555 4200 non
2596 4142 2861 4215 proferre,
2910 4140 3005 4196 sed
3057 4137 3296 4195 haeretici
3337 4152 3438 4192 nos
3479 4136 3585 4190 im-

306 4240 546 4310 Pl‘elalio
575 4238 745 4293 εει³⁷ο
780 4236 971 4291 cem“
1000 4234 1247 4305 aurigam
1291 4246 1529 4305 (Ιυθωοΐ
1556 4235 1897 4291 αηίιηαιίιιωο
2000 4245 2230 4314 pellunt,
2278 4251 2342 4296 ut
2385 4238 2608 4296 celanda
2658 4235 2951 4293 efferamus
2994 4233 3048 4287 in
3091 4231 3414 4302 publicum:
3454 4227 3582 4298 quia

304 4331 500 4387 Cernit
526 4339 674 4385 rotas
699 4344 759 4384 se
784 4328 1016 4383 invicem
1047 4327 1415 4383 continentes.
1439 4327 1642 4398 Auriga
1664 4334 1901 4398 quatuor
2000 4345 2143 4392 tecta
2173 4341 2303 4390 sunt
2322 4332 2522 4388 utiliter
2539 4327 2684 4400 apud
2713 4343 2831 4391 eos,
2863 4325 2956 4394 qui
2981 4323 3164 4378 adhuc
3192 4321 3399 4392 parvuli
3427 4320 3584 4389 juxta

298 4424 634 4479 animalium
679 4437 790 4477 non
827 4429 974 4477 totus
1003 4429 1088 4478 est
1129 4421 1343 4493 igneus,
1392 4420 1486 4476 sed
1530 4419 1836 4491 pubetenus
1867 4435 1888 4473 ει

2002 4429 2199 4485 animae
2243 4433 2459 4482 aetatem
2503 4429 2653 4488 sunt,
2685 4419 2779 4490 qui
2826 4426 2973 4473 metu
3023 4415 3267 4486 indigent
3296 4413 3587 4483 magistro-

309 4516 563 4585 pedibus,
597 4524 652 4569 et
688 4514 884 4569 exinde
915 4528 1093 4583 usque
1139 4514 1205 4568 ad
1254 4528 1528 4569 summum
1565 4513 1752 4568 electri
1792 4512 1888 4566 iul-

2002 4536 2148 4586 rum,
2184 4517 2349 4573 minis
2376 4522 2433 4573 et
2464 4512 2770 4571 terroribus
2794 4507 3126 4580 corripiendi
3156 4514 3316 4572 sunt,
3362 4516 3423 4561 ut
3458 4520 3588 4575 pos-

313 4626 444 4678 gare
473 4608 677 4663 rutilat.
711 4605 829 4661 Non
860 4607 1006 4661 enim
1033 4607 1211 4673 solum
1239 4614 1506 4661 tormenta
1532 4605 1694 4660 habet
1716 4605 1894 4662 Deus:
2003 4613 2117 4668 sint
2143 4607 2406 4679 consequi
2445 4606 2747 4663 bonitatem
2768 4647 2782 4670 ,
2811 4611 2872 4657 ut
2911 4617 3008 4672 per
3050 4614 3237 4655 amara
3275 4597 3515 4655 remedia
3553 4612 3585 4652 a

314 4711 446 4756 sunt
478 4701 532 4755 in
566 4715 632 4755 co
673 4698 836 4754 etiam
881 4698 1179 4769 refrigeria.
1224 4697 1384 4752 Punit
1432 4706 1767 4766 peccatores,
1803 4697 1888 4753 sed

2005 4705 2321 4762 vulneribus
2349 4710 2694 4772 peccatorum
2724 4694 3021 4766 aliquando
3047 4691 3334 4747 desistant.
3360 4689 3588 4761 Semper

315 4808 489 4863 perea
506 4790 1379 4863 ministeria356quaedeorsum
1396 4798 1542 4844 sunt.
1559 4788 1900 4859 Nequeenim
2000 4797 2150 4855 enim
2195 4800 2537 4850 sacramenta
2585 4788 2680 4843 Dei
2734 4794 2956 4856 propter
3002 4783 3260 4854 parvulos
3307 4781 3586 4838 auditores

319 4886 581 4955 propheta
616 4885 795 4955 ignem
829 4884 965 4938 vidit
994 4883 1048 4937 in
1083 4883 1280 4952 capite,
1313 4882 1487 4936 autin
1520 4882 1605 4936 his
1634 4881 1897 4939 membris
2005 4885 2368 4944 velaminibus
2414 4879 2743 4953 quibusdam
2787 4877 3130 4947 operiuntur.
3178 4873 3353 4940 Quam
3394 4889 3587 4944 ntagna

1997 3874 2273 3929 sustinent
2304 3868 2644 3926 constituta?
2672 3865 2934 3922 Ausculta
2972 3861 3225 3941 eumdem
3260 3859 3582 3931 prophetam

1997 3965 2268 4020 dicentem
2294 3962 2341 3995 ⁸³
2366 3975 2382 4016 :
2414 3959 2592 4015 Habes
2619 3961 2867 4013 carbones
2890 3956 3045 4026 ignis,
3069 3952 3269 4008 sedebis
3298 3966 3454 4021 super
3472 3965 3580 4015 eos,

1998 4061 2040 4114 ii
2070 4066 2225 4114 erunt
2259 4056 2355 4110 tibi
2395 4052 2687 4123 adjutorio.
2726 4048 2854 4104 Haec
2900 4045 3189 4117 oportebat
3226 4043 3581 4109 abscondere,

322 4991 439 5043 quae
465 4991 496 5029 a
545 4974 855 5029 lumborum
893 4973 1130 5027 conlinio
1174 4973 1240 5026 ad
1283 4988 1495 5027 summa
1537 4979 1896 5041 consurgunt.

284 5065 516 5138 "lgneus
545 5075 630 5122 est
660 5064 943 5127 Dominus,
972 5062 1067 5118 sed
1095 5079 1128 5118 a
1158 5063 1381 5117 renibus
1420 5077 1592 5132 usque
1616 5062 1683 5116 ad
1713 5060 1897 5132 pedes,

324 5166 383 5212 ut
428 5159 765 5214 demonstret
813 5157 910 5210 eos
959 5154 1053 5225 qui
1112 5154 1166 5209 in
1224 5155 1573 5225 generatione
1610 5161 1901 5209 versantur

326 5248 447 5319 igne
478 5247 744 5318 indigere.
782 5244 949 5301 Renis
987 5244 1189 5315 quippe
1222 5244 1400 5301 coitus
1439 5242 1767 5313 signiﬁcatio
1793 5252 1898 5300 est.

322 5340 515 5395 Adhuc
570 5339 625 5393 in
675 5338 878 5393 lumbis
930 5337 1204 5392 Abraham
1265 5336 1438 5405 patris
1487 5346 1606 5391 erat
1655 5336 1784 5392 Levi
1831 5336 1900 5403 ³⁸,

323 5432 544 5501 quando
576 5431 626 5485 ei
660 5431 902 5485 occurrit
932 5428 1348 5485 Melchisedech.
1386 5427 1452 5481 Et
1487 5429 1540 5481 in
1578 5429 1789 5498 psalmo
1818 5428 1900 5483 di—

318 5523 573 5578 catur":
608 5524 682 5577 De
736 5522 912 5591 {ructu
952 5521 1117 5578 lumbi
1162 5524 1237 5577 tui
1283 5537 1475 5592 ponam
1519 5537 1672 5590 super
1727 5523 1899 5575 sedem

2007 4975 2292 5030 multitudo
2322 4972 2616 5028 dulcedinis
2657 4979 2782 5038 tum,
2801 4968 3044 5036 Domine,
3070 4984 3229 5039 quam
3262 4964 3584 5021 abscondisti

2006 5067 2308 5124 timentibus
2341 5076 2389 5121 te
2407 5066 2474 5121 ιι.
2508 5063 2666 5134 Legis
2691 5072 2744 5117 et
2772 5062 3159 5133 pr0phetarum
3185 5059 3328 5115 Deus
3357 5058 3574 5112 abscon-

2006 5161 2088 5217 dit
2134 5158 2534 5215 multitudinem
2585 5154 2844 5210 bonitatis
2894 5167 3008 5207 sute
3054 5166 3161 5205 non
3212 5146 3582 5219 diligentibus,

2006 5252 2101 5309 sed
2128 5250 2444 5307 timentibus
2472 5262 2551 5303 se.
2580 5245 2799 5301 Parvuli
2834 5244 3034 5315 quippe
3060 5252 3188 5299 sunt
3224 5254 3325 5294 nec
3356 5247 3586 5309 possunt

2005 5357 2130 5398 cum
2161 5341 2533 5397 emolumento
2564 5354 2669 5394 suo
2705 5319 2916 5393 discere
2947 5334 3095 5405 quod
3127 5338 3378 5386 amentur
3420 5346 3451 5384 a
3491 5345 3585 5399 pae-

2006 5441 2111 5496 tre,
2152 5450 2220 5488 ne
2256 5433 2651 5495 dissolvantur,
2698 5444 2767 5484 ne
2808 5427 3109 5498 despiciant
3140 5423 3437 5480 bonitatem
3465 5422 3583 5479 Dei.

2004 5528 2347 5598 Quapropter
2407 5539 2533 5581 cum
2585 5523 2824 5578 audieris
2883 5521 2952 5578 de
2998 5517 3184 5591 populi
3234 5515 3583 5587 captivitate.

2306 5650 2336 5671 ’-

399 5711 444 5781 ³ί⁸
470 5710 666 5781 Matth.
701 5710 875 5781 3&5.
918 5758 933 5781 _.
966 5712 1010 5781 f‘
1044 5711 1233 5765 Matth.
1267 5727 1322 5773 ν,
1356 5710 1445 5769 45.
1488 5760 1493 5763 .
1526 5710 1807 5781 7'77Ezcch.
1837 5729 1871 5766 ι.

1991 5712 2030 5746 ³⁸
2053 5711 2213 5769 Hebr.
2242 5728 2338 5766 vn.
2436 5711 2481 5743 ”
2515 5708 2657 5781 Rsal.
2688 5722 2873 5781 enim,
2918 5707 3006 5764 11.
3082 5671 3085 5675 Ι
3116 5706 3161 5740 δ’
3185 5703 3344 5765 Hebr.
3372 5719 3468 5774 xtl,
3493 5705 3585 5761 29.

332 5781 373 5813 ⁸¹
412 5780 584 5836 lCor.
611 5784 694 5844 tu,
733 5779 814 5834 15.
892 5778 936 5812 ⁸⁵
964 5779 1095 5836 Luc.
1124 5794 1223 5850 xu,
1279 5784 1365 5839 49.

1521 5780 1564 5813 "
1592 5780 1697 5836 lsa.
1735 5798 1900 5852 XLvtt,
1942 5783 2026 5857 ii,
2061 5785 2148 5842 15.
2224 5783 2271 5817 ν*
2302 5781 2446 5841 Psal.
2478 5780 2607 5849 ω,
2638 5780 2728 5836 20.
