4070 6296
246 367 371 430 (διδ

1741 372 2029 430 llOMlLIA
2066 374 2107 429 l.

3462 377 3571 433 674

247 489 383 543 vult
414 506 551 561 quae
577 490 976 562 exposuimus,
1022 489 1176 560 quasi
1230 490 1571 561 prophetiam
1614 491 1877 559 recipere,
1909 494 1954 549 Α
1981 487 2362 542 :rimumsuum
2400 490 2646 545 tribulat.
2680 488 2806 545 llaec
2832 489 3036 544 idcirco
3074 500 3374 546 memorata
3418 504 3570 556 sunt,

247 594 523 650 quaeram
554 582 630 637 ab
652 599 719 636 eo
746 598 846 637 cur
876 583 1140 652 scriptum
1173 589 1257 637 est
1307 583 1362 635 in
1414 581 1696 636 tricesimo
1732 596 1876 633 antro

246 673 386 731 vltze
414 673 735 728 Ezechielis
761 683 976 744 apertos
1003 673 1176 729 fuisse
1202 675 1395 739 ewlos,
1426 682 1479 727 et
1512 672 1713 727 vidisse
1748 688 1873 726 eum

244 778 351 818 eas
398 765 666 820 visiones
701 781 822 835 qua:
863 768 915 820 in
954 767 1094 821 libro
1142 767 1260 836 ejus
1312 766 1681 819 continuentur.
1734 763 1874 831 Quid

241 853 389 906 mihi
426 855 678 922 prodest
699 872 968 911 annorum
997 871 1279 918 numerus,
1300 856 1403 909 nisi
1430 855 1552 918 hoe,
1589 864 1649 908 ut
1665 856 1874 908 discant

241 944 554 1000 tricesimo
591 963 747 1003 anno
772 959 823 1004 et
843 949 1107 1004 Salvatori
1133 959 1185 1003 et
1211 950 1487 1019 prophetae
1508 951 1678 1005 cados
1704 949 1875 1005 fuisse

240 1046 570 1104 reseratas,
612 1049 673 1094 et
715 1041 1049 1109 spiritalibus
1087 1042 1347 1110 spiritalia
1382 1056 1745 1111 comparans,
1782 1059 1874 1097 eo-

240 1140 529 1194 gnoscam
569 1130 831 1183 universa
864 1146 986 1200 qua:
1020 1131 1219 1200 scripta
1260 1133 1421 1192 sunt',
1458 1132 1702 1199 ejusdem
1752 1147 1874 1185 esse

242 1216 341 1272 Dei
379 1222 741 1276 sermones?
765 1221 976 1291 Quippe
1011 1222 1165 1275 verba
1191 1222 1509 1290 sapientium
1546 1232 1605 1275 ut
1644 1223 1870 1287 stimuli,

236 1318 287 1362 et
325 1312 502 1379 quasi
538 1312 690 1367 claui
710 1313 765 1367 in
796 1314 964 1367 altam
991 1314 1212 1382 conﬁxi,
1242 1314 1368 1383 quia
1404 1314 1873 1383 compungentibus

237 1404 363 1456 dati
393 1413 532 1458 sunt
560 1423 598 1459 α
633 1419 845 1475 pastore
867 1421 970 1459 uno
1008 1405 1076 1457 ³³.
1119 1405 1229 1476 Ego
1260 1415 1313 1460 et
1345 1406 1447 1461 hoc
1479 1407 1623 1476 quod
1674 1406 1874 1460 dicitur

234 1495 297 1547 in
331 1507 549 1565 quarto
578 1513 760 1551 mense
792 1499 977 1567 quinta
1003 1498 1215 1562 mensis,
1259 1498 1413 1568 juxta
1458 1498 1870 1567 possibi!itatem

239 1603 457 1643 sensus
491 1589 612 1643 mei
658 1588 1027 1659 investigatis,
1064 1604 1256 1658 precor
1292 1605 1323 1643 a
1371 1589 1482 1643 Deo
1529 1600 1587 1644 ut
1631 1590 1867 1660 idipsum

238 1678 467 1746 possim
509 1679 825 1748 intelligere
857 1678 999 1748 quod
1030 1677 1435 1749 Scripturarum
1468 1681 1589 1751 ejus
1619 1681 1871 1751 congruit

240 1768 567 1825 voluntati.
627 1769 815 1826 Novus
867 1785 1046 1825 annus
1096 1770 1344 1826 imminet
1381 1772 1495 1842 jam
1542 1772 1778 1838 Judtcis,
1816 1785 1870 1829 et

240 1860 478 1931 primus
536 1862 752 1919 mensis
799 1864 941 1934 apud
986 1878 1083 1918 eos
1129 1878 1158 1918 a
1200 1865 1325 1919 novi
1365 1866 1492 1920 anni
1547 1877 1868 1922 numeratur

242 1954 522 2010 exordio.
562 1956 759 2026 Agitur
788 1965 969 2009 autem
996 1952 1207 2009 Pascha
1235 1956 1301 2009 de
1325 1972 1553 2012 numero
1572 1958 1692 2012 novi
1716 1960 1867 2017 anni.

247 2040 623 2112 Principium
656 2047 913 2099 mensium
938 2046 1038 2098 iste
1065 2045 1208 2099 vobis
1247 2048 1345 2100 erit
1377 2049 1430 2101 in
1479 2047 1741 2103 mensibus
1774 2066 1871 2105 an-

241 2130 301 2183 ni
332 2132 409 2186 ⁸⁸.
447 2135 544 2188 Ab
585 2135 690 2189 hoc
722 2149 868 2188 anno
904 2150 1130 2190 numera
1167 2136 1298 2189 mihi
1321 2146 1575 2205 quartum
1601 2154 1867 2208 mensem,

241 2231 301 2277 et
324 2222 600 2294 intellige
629 2225 963 2294 baptizatum
993 2222 1179 2278 Jesum
1211 2226 1263 2279 in
1296 2236 1493 2295 quarto
1525 2245 1713 2284 mense
1742 2233 1869 2287 novi

241 2314 416 2369 anni.
454 2313 548 2370 Eo
576 2316 720 2369 enim
757 2330 944 2370 mense
967 2316 1058 2385 qui
1093 2318 1234 2386 apud
1267 2315 1543 2375 Romanos
1574 2319 1869 2378 Ianuarius

244 2415 654 2477 nuncupatur,
685 2407 1017 2478 baptismum
1046 2407 1260 2465 Domini
1290 2410 1494 2466 factum
1521 2427 1644 2468 esse
1667 2428 1870 2486 cogno-

245 2499 505 2566 scimus,
542 2501 635 2570 qui
665 2508 751 2555 est
782 2503 989 2557 mensis
1009 2512 1240 2572 quartus
1270 2503 1340 2557 ab
1369 2519 1516 2558 anno
1550 2506 1867 2576 novojuxla

248 2593 723 2661 supputationem
757 2589 1131 2646 Hebraeorum.
1162 2591 1227 2647 Et
1249 2594 1377 2664 quia
1400 2594 1467 2649 de
1493 2603 1731 2665 quatuor
1757 2598 1869 2651 ele-

252 2682 474 2739 mentis
501 2683 696 2737 mundi
726 2683 1036 2739 subsistens
1073 2697 1275 2754 corpus
1302 2695 1700 2756 assumpserat,
1728 2687 1869 2743 reei-

247 2776 419 2845 piens
463 2775 640 2831 etiam
675 2790 871 2831 sensus
912 2777 1223 2837 humanos,
1274 2778 1397 2831 ideo
1441 2776 1669 2833 l'orsitan
1709 2790 1764 2834 et
1810 2785 1864 2835 in

249 2877 459 2938 quarto
490 2882 711 2933 mense,
738 2877 790 2923 et
838 2868 893 2923 in
933 2869 1129 2939 quinto
1171 2868 1258 2923 die
1288 2869 1493 2925 mensis
1519 2879 1604 2925 est
1632 2870 1864 2927 intuitus

250 2960 576 3016 visionem.

226 3106 239 3113 Ὦ
322 3051 381 3107 5.
420 3050 501 3104 Et
532 3067 626 3121 ego
653 3067 795 3105 eram
821 3052 874 3105 in
907 3051 1078 3106 medio
1100 3051 1447 3120 captivitatis.
1477 3049 1705 3107 Videtur
1727 3051 1860 3106 mihi

252 3144 535 3208 ἱιυιιὶςῶς
555 3145 759 3199 dictum
790 3162 803 3198 :
839 3142 909 3197 Et
933 3159 1024 3214 ego
1054 3159 1199 3197 cram
1226 3144 1282 3196 in
1307 3143 1479 3197 medio
1507 3145 1856 3213 captivitatis.
1888 3164 1931 3222 ο

253 3236 323 3293 Et
349 3253 457 3308 ego
496 3256 517 3292 :
546 3237 703 3308 quasi
730 3237 775 3291 si
800 3237 946 3291 dicat
965 3236 1123 3306 juxta
1153 3235 1442 3290 historiam
1473 3237 1692 3307 quidem
1729 3252 1860 3307 pro-

254 3328 444 3398 pheta,
476 3337 540 3382 et
570 3344 672 3399 ego
711 3327 805 3398 qui
853 3341 961 3381 non
1002 3327 1230 3382 tenebar
1270 3327 1324 3381 in
1364 3329 1602 3398 peccatis
1649 3328 1858 3398 p0puli,

254 3435 407 3476 eram
447 3424 517 3475 in
544 3420 722 3476 medio
751 3420 1081 3490 captivitatis
1119 3438 1133 3474 :
1157 3419 1312 3489 juxta
1338 3420 1647 3490 allegoriam
1678 3431 1858 3475 autem

254 3510 549 3578 Christus,
585 3521 638 3568 et
669 3527 772 3583 ego
794 3510 917 3566 veni
948 3511 1004 3565 in
1035 3512 1214 3566 locum
1243 3511 1596 3581 captivitatis.
1631 3513 1755 3567 veni
1792 3512 1860 3566 ad

258 3619 355 3658 eos
380 3605 563 3667 lines,
591 3604 682 3657 ubi
712 3603 879 3669 servi,
909 3600 999 3657 ubi
1024 3602 1221 3671 captivi
1243 3602 1647 3658 detinebantur.
1682 3602 1862 3658 Habes

260 3696 588 3753 istiusmodi
619 3694 919 3749 Salvatoris
946 3696 1120 3749 nostri
1149 3709 1315 3749 voces
1348 3694 1403 3749 in
1436 3695 1734 3766 prophetis,
1772 3696 1859 3751 in-

259 3789 552 3862 dignantis
582 3788 710 3860 quia
745 3803 851 3843 non
898 3787 1167 3842 faciamus
1204 3785 1372 3857 358
1412 3786 1663 3842 homines
1697 3787 1858 3857 digna

262 3879 681 3950 dispensatione
705 3878 847 3949 ejus,
878 3885 933 3933 et
955 3878 1189 3932 maxime
1217 3892 1318 3932 nos
1345 3877 1438 3947 qui
1467 3877 1519 3931 in
1546 3892 1671 3931 eum
1700 3887 1854 3947 puta-

265 3987 388 4028 mur
412 3974 663 4028 credere.
690 3970 831 4025 Dicit
852 3970 1053 4040 quippe
1080 3969 1147 4024 ad
1166 3968 1381 4023 Patrem
1411 3984 1572 4025 suum
1602 3969 1649 4001 ⁸⁶
1679 3988 1692 4023 :
1725 3968 1859 4034 Qua:

263 4066 485 4122 utifitas
518 4065 573 4118 in
602 4064 859 4133 sanguine
885 4078 1018 4127 meo,
1042 4061 1169 4115 dum
1199 4061 1455 4115 descendo
1477 4062 1531 4114 in
1560 4061 1858 4128 corruptio-

267 4163 417 4217 nem?
454 4156 715 4229 Nunquid
740 4154 1082 4227 conﬁtebitur
1115 4154 1212 4209 tibi
1238 4155 1433 4225 pulvis,
1457 4164 1551 4209 aut
1577 4156 1859 4209 narrantia-

269 4250 343 4307 ln't
375 4253 659 4308 ueritatem
682 4250 859 4304 tuam?
890 4247 1118 4303 Invenio
1141 4262 1361 4319 quoque
1387 4257 1442 4303 et
1468 4247 1632 4303 aliam
1669 4246 1857 4302 istius-

271 4342 419 4397 modi
454 4356 668 4404 vocem,
692 4355 815 4410 qua:
842 4354 909 4394 ex
934 4337 1234 4393 Salvatoris
1258 4338 1429 4394 nostri
1461 4351 1692 4408 persona
1720 4337 1857 4392 dici-

272 4439 357 4487 tur
380 4448 488 4504 per
516 4433 837 4505 prephetam
869 4440 1201 4503 quzerentem
1234 4430 1449 4487 animas
1480 4432 1667 4502 plenas
1690 4430 1854 4501 justi-

273 4523 376 4590 tia:,
405 4523 598 4593 plenas
625 4538 886 4578 sensuum
924 4522 1259 4589 divinorum,
1304 4522 1492 4593 plenas
1534 4528 1849 4576 sanctorum
1884 4495 1928 4553 D

273 4609 574 4679 fructuum,
601 4623 656 4670 et
684 4622 991 4684 quaerentes
1027 4613 1271 4669 veritatis
1302 4627 1465 4668 veros
1501 4611 1713 4678 botros,
1757 4613 1849 4668 sed

273 4703 636 4761 imenientem
661 4705 928 4776 plurimos
960 4715 1273 4775 peccatores
1295 4714 1351 4758 et
1372 4702 1643 4759 inferaces
1680 4705 1854 4759 bono-

273 4808 415 4858 rum.
441 4805 497 4851 et
518 4796 723 4851 idcirco
748 4795 1016 4850 dicentem
1042 4795 1089 4827 "
1128 4814 1141 4849 :
1176 4793 1294 4849 Heu
1336 4795 1464 4848 mihi
1498 4796 1625 4866 quia
1674 4795 1850 4864 factas

272 4894 385 4934 sum
408 4884 545 4935 sicut
574 4883 664 4952 qui
690 4881 892 4952 colligit
928 4883 1180 4951 stipulam
1206 4884 1260 4936 in
1297 4899 1481 4947 messe,
1513 4894 1563 4937 et
1586 4884 1723 4937 sicut
1763 4900 1853 4938 ra-

275 4986 440 5028 cemos
467 4974 524 5027 in
552 4975 836 5041 vindemia,
860 4973 930 5028 ad
953 4991 1111 5044 quam
1140 4992 1243 5028 non
1284 4978 1513 5041 supersit
1554 4979 1735 5032 botrus
1781 4978 1850 5031 ad

273 5067 702 5121 manducandum
723 5067 1013 5135 primitiva.
1040 5065 1153 5121 Heu
1181 5068 1335 5120 mihi.
1359 5068 1514 5134 Quod
1538 5070 1739 5124 dicitur
1755 5070 1853 5124 [tea

275 5159 421 5225 mihi,
463 5176 574 5213 nou
610 5169 695 5215 est
720 5157 1069 5230 primogeniti
1099 5159 1268 5213 totius
1298 5169 1581 5221 creaturas,
1614 5176 1723 5214 non
1770 5169 1855 5217 est

275 5248 575 5307 divinitatis
598 5267 723 5318 vox,
756 5252 849 5307 sed
881 5252 1133 5306 humana:
1157 5251 1357 5305 anima:
1375 5267 1537 5320 quam
1574 5254 1811 5323 suscepit
1835 5273 1849 5309 :

274 5345 415 5399 unde
439 5343 604 5400 infert
632 5345 677 5379 ⁸⁸
706 5356 721 5399 :‘
754 5338 887 5399 Heu
922 5343 1049 5397 mihi
1075 5384 1089 5408 ,
1131 5343 1314 5396 anima
1359 5359 1492 5405 utea,
1528 5345 1655 5413 quia
1698 5346 1853 5412 periit

272 5444 589 5492 t'erertensa
629 5446 790 5501 terra,
826 5447 873 5490 et
905 5436 996 5507 qui
1037 5435 1270 5504 corrigat
1303 5435 1443 5489 inter
1480 5434 1710 5490 homines
1746 5454 1852 5491 non

274 5535 370 5582 est.
411 5524 604 5582 Omnes
631 5529 683 5582 in
706 5527 962 5598 sanguine
983 5525 1324 5595 judicantur,
1352 5525 1705 5594 unusquisque
1730 5542 1856 5594 pro-

920 5735 969 5768 "
996 5732 1171 5789 Exod.
1209 5748 1307 5790 xlv.
1342 5731 1399 5786 2.

340 5735 389 5769 ”
415 5734 597 5791 Eccle.
631 5752 730 5802 xu,
758 5737 845 5792 ll.
920 5735 969 5768 "
996 5734 1171 5789 Exod.
1209 5748 1298 5788 xv.

348 5804 452 5863 lsa.
501 5820 646 5875 xttv,
689 5806 744 5861 4.
853 5806 896 5839 ⁶¹
928 5804 1129 5876 Ephes.
1157 5819 1229 5869 tv,
1264 5802 1298 5857 8

281 5802 324 5840 '°
348 5804 452 5863 lsa.
501 5820 646 5875 xttv,
689 5806 744 5861 4.

1906 1831 1945 1885 Β

1480 5730 1528 5762 ⁸⁵
1551 5728 1698 5786 Psal.
1735 5747 1883 5796 χχιχ,
1915 5734 2001 5788 l0.
2073 5733 2118 5766 "’
2150 5730 2315 5788 Mich.
2350 5746 2449 5797 vn,
2477 5732 2529 5787 Ι.

1397 5802 1441 5835 ⁶²
1472 5798 1664 5857 Matth.
1701 5818 1854 5871 χχιιι,
1894 5804 1979 5859 l0.

1978 580 2105 648 quia
2134 580 2207 634 ait
2242 581 2530 650 prophetes
2553 586 2578 637 ':
2618 581 2686 635 Et
2712 598 2804 652 ego
2830 598 2975 636 erant
3005 583 3061 635 in
3089 583 3258 637 medio
3284 586 3573 652 captivita-

1980 672 2046 723 tis
2060 670 2222 739 juxta
2246 673 2443 740 ﬂumen
2472 673 2702 738 Cltobar,
2736 673 2883 743 quod
2920 672 3306 743 interpretatur
3330 678 3572 745 gravitu-

1978 760 2066 814 do.
2099 761 2293 817 Gravis
2324 772 2506 818 autent
2535 774 2619 818 est
2651 764 2814 833 hujus
2845 764 3029 819 saeculi
3060 762 3286 829 ﬂuvius,
3335 765 3480 820 sicut
3515 773 3572 823 et

1978 853 2105 906 alibi
2139 864 2353 909 sacrate
2372 855 2592 911 dicitur.
2628 855 2870 925 Etjuxta
2905 856 3181 925 simplices
3209 872 3431 928 quoque
3489 859 3573 913 hi-

1976 943 2201 997 storiam
2260 946 2712 1016 cxplicat:juxta
2764 964 2860 1003 eos
2934 964 3064 1002 vero
3108 949 3201 1018 qui
3254 950 3572 1018 spiritaliter

1979 1032 2292 1104 Scripturas
2317 1039 2567 1101 audiunt,
2596 1040 2662 1092 de
2682 1040 2864 1093 anima
2896 1039 3188 1110 signiﬁcat,
3219 1057 3340 1109 qua:
3370 1041 3422 1095 in
3448 1044 3572 1097 vitae

1979 1128 2139 1182 istius
2174 1130 2426 1184 inciderit
2471 1132 2740 1186 turbines.
2789 1130 2961 1201 Super
2997 1132 3224 1201 flumina
3275 1132 3568 1202 Babylonis

1978 1219 2051 1272 ibi
2077 1220 2307 1272 sedimus
2346 1231 2396 1272 et
2438 1222 2679 1289 ﬂeuimus
2715 1220 2842 1274 dum
2886 1224 3285 1275 recordaremur
3332 1221 3482 1287 Sion,
3512 1224 3568 1277 in

1975 1308 2232 1363 salicibus
2271 1312 2324 1363 in
2359 1312 2528 1364 medio
2562 1313 2675 1381 ejus
2712 1312 3079 1381 suspendimus
3118 1330 3317 1381 organa
3358 1325 3565 1382 nostra,

1974 1401 2100 1469 quia
2135 1400 2248 1454 illic
2282 1402 2742 1471 interrogaverunt
2786 1420 2879 1457 nos
2910 1405 3001 1473 qui
3037 1407 3271 1475 captivos
3298 1408 3567 1462 duxerunt

1976 1508 2090 1555 nos,
2120 1493 2273 1546 verba
2301 1496 2631 1547 canticorum
2655 1496 2725 1548 ‘9.
2750 1498 2823 1549 Ita
2848 1500 2976 1549 sunt
3000 1495 3221 1551 [lumina
3251 1499 3564 1570 Babylonis,
3600 1545 3605 1549 .

1969 1583 2124 1652 juxta
2159 1600 2281 1653 quae
2324 1586 2576 1640 sedentes
2615 1594 2669 1640 et
2719 1587 3134 1641 reminiscentes
3168 1590 3356 1657 patria:
3398 1594 3567 1646 etule-

1974 1678 2094 1742 stis,
2130 1678 2315 1748 lugent
2345 1688 2508 1747 atque
2533 1679 2838 1748 deplorant,
2871 1680 2961 1734 ubi
2988 1681 3333 1750 suspendunt
3357 1698 3559 1754 organa

1974 1784 2093 1831 sua,
2148 1768 2203 1821 in
2238 1769 2502 1824 salicibus
2557 1769 2691 1840 legis
2732 1780 2785 1824 et
2826 1772 3210 1842 mysteriorum
3253 1770 3371 1827 Dei.
3416 1774 3565 1831 Scri-

1975 1869 2124 1930 ptum
2157 1869 2242 1916 est
2281 1863 2336 1916 in
2383 1863 2624 1932 quodam
2661 1863 2829 1927 libro,
2875 1863 3005 1933 quia
3055 1865 3319 1935 salignam
3368 1881 3563 1923 omnes

1972 1952 2257 2007 credentes
2282 1954 2556 2023 accipiant
2588 1968 2870 2008 coronam.
2900 1952 2968 2007 Et
2995 1954 3048 2008 in
3078 1953 3214 2009 lsaia
3244 1955 3448 2011 dicitur
3469 1958 3517 1990 ‘°
3543 1974 3559 2014 :

1975 2040 2192 2097 Orietur
2210 2043 2362 2113 quasi
2390 2045 2446 2095 in
2473 2043 2644 2095 ntedio
2681 2059 2833 2113 aqua:
2880 2044 3095 2112 fenum,
3138 2053 3186 2098 et
3219 2045 3363 2099 salix
3405 2062 3567 2115 super

1971 2150 2168 2202 aquam
2196 2136 2470 2203 ﬂuentem.
2502 2133 2567 2186 Et
2601 2136 2654 2188 in
2684 2136 3031 2190 solemnitate
3064 2133 3180 2201 Dei,
3217 2137 3440 2205 quando
3470 2146 3558 2192 ta-

1973 2223 2263 2278 bx'rnacula
2291 2225 2412 2294 ejus
2448 2237 2872 2295 componuntur,
2903 2226 3143 2294 salignos
3167 2241 3353 2282 ramos
3383 2227 3438 2282 in
3478 2237 3564 2283 ta-

1972 2312 2394 2369 bernaculorum
2429 2314 2629 2369 lixione
2657 2317 3021 2370 constituunt.

2040 2405 2095 2459 6.
2131 2404 2298 2459 Secus
2317 2407 2540 2475 ﬂuvium
2565 2404 2794 2461 Chobar.
2830 2404 3001 2461 Secus
3028 2407 3228 2463 ﬂumen
3262 2408 3561 2480 istud'gra-

1972 2496 2259 2552 vissimum
2291 2498 2500 2552 saeculi.
2540 2496 2609 2550 Et
2634 2498 2807 2574 aperti
2840 2510 2962 2552 sunt
3007 2499 3144 2553 caeli.
3187 2500 3372 2555 Clausi
3400 2510 3559 2556 erant

1970 2590 2116 2657 creti,
2141 2599 2196 2643 et
2220 2589 2289 2644 ad
2323 2592 2618 2644 adventum
2645 2589 2848 2644 Christi
2874 2592 3047 2660 aperti
3069 2600 3218 2654 sunt,
3249 2600 3306 2644 ut
3342 2608 3557 2646 resera-

1970 2681 2040 2735 tis
2066 2680 2175 2734 illis
2201 2679 2410 2735 veniret
2443 2695 2609 2750 super
2637 2695 2764 2734 eum
2798 2680 3039 2750 Spiritus
3074 2692 3299 2738 sanctus
3328 2684 3383 2738 in
3427 2699 3555 2754 spe-

1967 2773 2051 2826 cie
2096 2772 2386 2827 columba.
2405 2769 2592 2842 Neque
2624 2773 2769 2828 enim
2804 2783 3020 2842 poterat
3038 2774 3105 2829 ad
3141 2789 3243 2830 nos
3273 2790 3554 2832 commea-

1966 2876 2025 2915 re
2072 2861 2177 2916 nisi
2220 2862 2454 2931 primum
2479 2861 2547 2915 ad
2596 2878 2711 2917 suae
2744 2872 2954 2918 natura;
2979 2873 3290 2919 consortem
3321 2866 3555 2921 descen-

1965 2954 2156 3010 disset.
2186 2954 2434 3009 Ascendit
2464 2953 2626 3010 Jesus
2660 2956 2714 3008 in
2754 2955 2946 3023 altum,
2973 2958 3236 3026 captivam
3265 2959 3420 3013 duxit
3457 2976 3556 3013 ca-

1964 3046 2284 3115 ptivitatem,
2309 3047 2510 3113 accepit
2534 3048 2675 3101 dona
2699 3047 2754 3100 in
2779 3048 3103 3104 hominibus.
3135 3048 3242 3113 Qui
3265 3050 3555 3121 descendit,

1964 3139 2076 3208 ipse
2101 3146 2178 3192 est
2207 3138 2299 3208 qui
2346 3138 2583 3190 ascendit
2614 3153 2773 3207 super
2805 3154 2982 3192 omnes
3020 3139 3175 3193 carlos
3210 3153 3265 3193 ut
3314 3141 3555 3212 impleret

1964 3232 2160 3285 omnia.
2196 3230 2265 3282 Et
2290 3231 2401 3300 ipse
2425 3231 2571 3284 dedit
2606 3231 2741 3285 alios
2765 3232 3055 3300 apostolos,
3082 3232 3220 3287 alios
3244 3235 3552 3304 prophetas,

1963 3323 2098 3376 alios
2117 3322 2488 3393 evangelistas,
2520 3322 2659 3376 alios
2691 3332 2931 3392 pastores
2956 3334 3005 3378 et
3040 3326 3321 3396 magistros
3356 3328 3411 3381 in
3433 3343 3559 3397 per-

1962 3415 2240 3486 fectionem
2268 3426 2573 3470 sanctorum
2612 3414 2677 3469 ".

2037 3507 2087 3561 7.
2129 3508 2314 3577 Aperti
2359 3515 2481 3561 sunt
2517 3507 2656 3562 cali.
2696 3505 2815 3562 Non
2867 3506 3067 3563 suﬂicit
3114 3524 3285 3564 unum
3349 3521 3553 3566 emtum

1962 3599 2161 3668 aperiri
2196 3617 2210 3653 :
2249 3599 2570 3669 aperiuntur
2602 3598 2847 3668 plurimi,
2881 3609 2940 3653 ut
2971 3600 3308 3655 descendant
3334 3616 3442 3653 non
3478 3601 3551 3656 ab

1962 3705 2094 3756 uno,
2126 3690 2222 3745 sed
2254 3691 2324 3745 ab
2362 3689 2621 3744 erunibus
2651 3690 2806 3745 ctnlis
2844 3692 3024 3761 angeli
3057 3693 3124 3746 ad
3164 3707 3261 3746 eos
3299 3692 3393 3760 qui
3435 3692 3549 3746 sal-

1961 3782 2125 3836 vandi
2155 3790 2303 3837 sunt.
2338 3781 2529 3852 Angeli
2564 3783 2657 3852 qui
2686 3782 3052 3837 ascendebant
3076 3792 3132 3837 et
3152 3782 3553 3838 descendebant

1961 3889 2127 3944 super
2155 3872 2355 3928 Filium
2384 3873 2652 3940 hominis,
2689 3881 2744 3928 et
2779 3882 3133 3929 accesserunt
3175 3873 3239 3927 ad
3281 3886 3405 3925 eum
3427 3910 3447 3937 ,
3494 3883 3549 3928 et

1960 3965 2348 4021 ministrabant
2375 3964 2449 4019 ei.
2481 3963 2891 4020 Descenderunt
2933 3974 3116 4019 autem
3150 3966 3326 4034 angeli
3354 4003 3367 4023 ,
3419 3964 3551 4034 quia

1960 4059 2113 4129 prior
2161 4058 2516 4113 descenderat
2573 4055 2828 4111 Christus
2872 4066 3177 4113 metuentes
3214 4057 3550 4115 deSiendere

1958 4150 2277 4220 priusquam
2328 4146 2597 4202 Dominus
2636 4146 2897 4201 virtutum
2947 4148 3193 4202 omnium
3253 4161 3551 4220 rerumque

1959 4239 2296 4311 praeciperet.
2330 4238 2563 4306 Quando
2596 4245 2778 4292 autem
2814 4238 3064 4293 viderunt
3100 4240 3398 4309 principem
3442 4241 3548 4294 mi-

1896 4348 1899 4351 '
1958 4332 2090 4387 lilia!
2116 4330 2355 4387 cmlestis
2388 4330 2442 4385 in
2475 4329 2826 4386 terrestribus
2850 4329 2987 4385 locis
3018 4331 3374 4396 commorari,
3418 4341 3550 4386 tunc

1957 4440 2053 4496 per
2081 4433 2323 4495 apertam
2354 4424 2499 4478 viam
2527 4423 2762 4494 ingressi
2792 4433 2921 4478 sunt
2943 4432 3234 4493 sequentes
3263 4423 3546 4478 dominum

1964 4531 2152 4582 suum,
2180 4524 2234 4570 et
2269 4525 2520 4586 parentes
2553 4516 2813 4571 voluntati
2851 4516 2973 4586 ejus
3009 4515 3100 4585 qui
3146 4514 3425 4570 distribuit
3451 4530 3550 4570 eos

1963 4610 2218 4665 custodes
2245 4610 2580 4664 credentium
2616 4609 2823 4663 nomini
2857 4623 2981 4663 suo.
3016 4608 3096 4663 Tu
3147 4609 3261 4663 beri
3296 4608 3399 4664 sub
3427 4608 3569 4665 (ιω-σν

1961 4700 2150 4754 mouio
2177 4715 2323 4765 eras,
2355 4698 2518 4753 hodie
2553 4700 2655 4754 sub
2680 4700 2892 4770 angelo.
2930 4697 3128 4762 Nolite,
3161 4699 3337 4768 inquit
3362 4697 3577 4753 Domi--

1960 4809 2065 4848 nus
2098 4795 2495 4859 ",contemnere
2520 4807 2684 4845 unum
2712 4792 2777 4845 de
2807 4791 3040 4845 minimis
3067 4791 3188 4845 istis
3212 4791 3305 4862 qui
3332 4800 3462 4848 sunt
3489 4793 3543 4848 in

1957 4883 2223 4940 Ecclesia.
2254 4884 2420 4937 Amen
2453 4884 2592 4937 enim
2618 4883 2737 4937 dico
2765 4882 2908 4938 vobis
2926 4886 2948 4951 ,'
2983 4884 3107 4955 quia
3144 4884 3318 4957 angeli
3362 4901 3546 4940 eorum

1955 4993 2047 5047 per
2062 4977 2239 5031 omnia
2262 4978 2434 5031 vident
2463 4976 2653 5044 facient
2683 4974 2864 5029 Patris
2888 4977 2980 5046 qui
3004 4984 3082 5031 est
3106 4975 3162 5030 in
3186 4976 3349 5031 cwlis.
3374 4975 3550 5032 Obsc-

1956 5077 2197 5140 quuntur
2232 5067 2392 5123 saluti
2431 5075 2535 5120 tua:
2560 5066 2759 5136 angeli,
2797 5068 3044 5123 concessi
3079 5076 3210 5124 sunt
3257 5068 3323 5122 ad
3371 5068 3544 5122 mini-

1956 5162 2183 5216 sterium
2216 5158 2339 5213 Filii
2372 5156 2488 5224 Dei,
2525 5165 2580 5211 et
2605 5158 2795 5212 dicunt
2820 5159 2961 5214 inter
2996 5175 3056 5215 se
3086 5180 3099 5215 :
3128 5161 3173 5215 si
3202 5161 3292 5213 ille
3316 5160 3545 5213 descen-

1957 5251 2064 5316 dit,
2094 5257 2149 5304 et
2176 5248 2461 5304 descendit
2498 5247 2552 5302 in
2580 5263 2815 5317 corpus,
2860 5250 2904 5304 si
2940 5250 3156 5305 mortali
3207 5249 3430 5303 indutus
3458 5255 3543 5301 est

1957 5355 2144 5405 carne,
2177 5349 2231 5395 et
2257 5339 2519 5395 sustinuit
2551 5354 2792 5403 crucem,
2824 5348 2879 5395 et
2910 5356 3007 5409 pro
3034 5339 3350 5395 hominibus
3394 5353 3545 5392 mor-

1957 5444 2089 5488 tuus
2115 5440 2220 5496 est,
2248 5431 2378 5498 quid
2412 5446 2512 5486 nos
2545 5431 2918 5501 quiescimus?
2964 5432 3093 5501 quid
3126 5429 3403 5502 parcimus
3434 5442 3540 5483 no-

1958 5526 2068 5581 bis?
2097 5523 2194 5579 Eia
2226 5538 2420 5579 omnes
2450 5524 2627 5595 angeli
2659 5523 3055 5580 descendamus
3081 5539 3111 5578 e
3139 5522 3303 5578 cmlo.
3335 5520 3458 5575 ldco
3484 5525 3543 5575 et

2604 5733 2650 5765 ⁸⁸
2687 5731 2818 5786 ibid.
2842 5731 2896 5785 2.
2975 5731 3020 5762 ⁶⁹
3057 5729 3199 5787 Psal.
3236 5745 3455 5797 cum,
3481 5731 3537 5788 Ι.
