4070 6296
513 338 622 393 675

1713 341 1872 397 ORIG
1883 341 2041 397 ENIS
2077 339 2145 395 1N
2181 339 2615 396 EZECHIELEM

3661 340 3785 396 676
3820 361 3829 365 '

515 453 809 509 mtdtitudo
839 454 1041 509 militiae
1076 452 1312 508 cmlcstis
1332 463 1448 508 erat
1472 442 1819 509 laudantium.
1844 467 1897 510 et
1921 457 2086 527 εισι-ἱ·
2119 466 2159 516 Λ
2190 457 2408 524 quidam
2440 455 2512 509 dii
2548 454 2703 517 estis,
2740 452 3031 523 et‘quidam
3058 470 3164 509 non
3191 454 3322 511 estis
3348 473 3363 522 ;
3398 471 3612 521 verum,
3644 471 3784 511 om-

515 543 795 600 licantium
830 545 1019 607 Deum,
1043 545 1261 613 quando
1294 554 1453 597 natus
1481 556 1566 599 est
1584 545 1855 601 Christus.
1883 547 2079 602 Otnnia

514 634 722 704 angelis
751 633 904 702 plena
928 642 1074 694 sunt;
1112 633 1259 697 veni,
1299 634 1518 702 angcle,
1575 636 1792 704 suscipe
1826 652 2079 691 sermone

513 738 833 781 (universum
862 725 929 777 ah
953 738 1141 778 errore
1170 725 1421 794 pristino,
1451 741 1482 778 a
1512 726 1758 780 doctrina
1783 727 2080 781 daemonio-

511 831 651 881 rum,
680 815 749 869 ah
778 816 1062 884 iniquitate
1090 815 1144 869 in
1179 817 1349 870 altum
1373 817 1629 886 loquente
1658 837 1672 871 :
1696 826 1750 873 et
1777 820 2080 889 suscipiens

508 920 630 959 eum
666 906 821 972 quasi
858 905 1101 961 medicus
1146 906 1323 961 bonus
1365 906 1594 961 confove
1637 917 1800 978 atque
1834 910 2085 964 institue:

506 997 765 1066 parvulus
790 1007 898 1054 est.
932 996 1093 1051 hodie
1136 998 1379 1051 nascitur
1411 1013 1579 1052 senex
1628 1012 2021 1066 repuerasccns
2060 998 2102 1057 εΔ

503 1100 557 1143 et
584 1088 802 1157 suscipe
833 1087 1077 1141 tribuens
1107 1087 1153 1141 ei
1186 1088 1514 1156 baptismum
1556 1088 1809 1143 secundae
1852 1105 2076 1161 regene-

503 1179 750 1240 rationis.
787 1187 842 1232 et
883 1178 1090 1232 advoca
1120 1178 1216 1232 tibi
1244 1179 1382 1232 alios
1415 1180 1596 1233 socios
1638 1179 1925 1235 ministerii
1976 1183 2075 1247 tui,

503 1279 565 1324 ut
607 1268 787 1323 cuncti
838 1269 1041 1338 pariter
1071 1283 1167 1323 eos
1215 1269 1309 1336 qui
1354 1269 1649 1338 aliquando
1683 1271 1892 1340 decepti
1925 1280 2074 1335 sunt,

498 1361 760 1416 erudiatis
783 1362 849 1415 ad
874 1362 1054 1414 tidem.
1084 1360 1347 1414 Gaudium
1369 1364 1507 1415 enim
1529 1373 1606 1417 est
1640 1363 1817 1432 majus
1841 1365 1897 1419 in
1928 1367 2073 1420 ctelis

498 1468 654 1520 super
681 1467 844 1505 unum
873 1461 1196 1521 peccatoren:
1227 1453 1585 1520 paenitentiam
1613 1462 1849 1524 agentem
1868 1494 1884 1515 .
1916 1469 2076 1522 quam

499 1559 663 1609 supra
709 1544 997 1612 nonaginta
1034 1558 1213 1596 norem
1238 1542 1414 1611 justas
1454 1543 1644 1614 quibus
1686 1560 1791 1599 non
1825 1553 1903 1599 est
1945 1562 2073 1615 opus

500 1636 807 1703 paenitentia
833 1635 899 1690 “.
936 1635 1181 1689 Exsultat
1216 1635 1394 1688 omnis
1433 1644 1681 1690 creatura
1709 1679 1724 1702 ,
1772 1638 2075 1693 collaetatur

500 1737 557 1780 et
583 1726 859 1795 applaudit
881 1726 965 1781 his
998 1726 1091 1796 qui
1121 1725 1369 1781 salvandi
1398 1734 1545 1781 sunt.
1579 1725 1715 1782 Nam
1751 1729 2073 1796 exspectatio

498 1829 758 1873 creatura:
794 1818 1157 1872 reuelationem
1192 1819 1423 1875 ﬁliorum
1470 1819 1563 1873 Dei
1601 1829 1863 1887 exspectat
1903 1821 1969 1874 “.
2006 1818 2071 1874 Et

500 1912 629 1967 licet
650 1912 823 1966 nolint
842 1912 880 1967 ii
904 1912 996 1982 qui
1022 1910 1333 1981 Scripturas
1356 1913 1685 1982 apostolicas
1710 1912 2070 1981 interpolave-

499 2013 624 2058 runt
658 2005 962 2060 istiusmodi
1001 2019 1280 2060 sermones
1313 2004 1492 2061 inesse
1538 2005 1690 2060 libris
1716 2019 1908 2060 eorum
1947 2005 2071 2074 qui-

496 2096 599 2149 bus
625 2095 797 2165 possit
820 2103 1032 2150 creator
1056 2095 1309 2150 Christus
1334 2096 1646 2166 approbari,
1673 2104 1954 2164 exspectat
1987 2103 2069 2150 ta-

498 2203 621 2242 men
652 2189 830 2244 omnis
850 2198 1098 2243 creatura
1136 2189 1276 2243 tilias
1310 2188 1425 2249 Dei,
1459 2187 1677 2258 quando
1712 2188 2008 2243 liberentur
2038 2203 2067 2242 a

494 2279 714 2346 delicto,
747 2281 966 2351 quando
988 2280 1307 2336 auferantur
1332 2281 1399 2335 de
1421 2279 1609 2334 Zabuli
1637 2295 1824 2342 manu,
1847 2279 2068 2349 quando

496 2383 885 2444 regenerentur
908 2388 938 2428 a
963 2373 1209 2429 Christo.
1248 2372 1448 2428 Verum
1477 2371 1591 2443 jam
1625 2381 1842 2442 tempus
1872 2380 1974 2435 est,
2008 2380 2068 2425 ut

494 2465 561 2519 de
586 2465 833 2534 praesenti
865 2464 985 2519 loco
1037 2466 1215 2534 aliqua
1269 2474 1576 2535 tangamus.
1611 2461 1757 2517 Vidit
1794 2463 2064 2532 propheta

495 2566 602 2605 non
631 2552 928 2615 visionem,
974 2554 1066 2607 sed
1114 2553 1353 2607 visiones
1397 2551 1512 2606 Dei.
1559 2551 1738 2618 Quare
1782 2568 1890 2606 non
1933 2552 2066 2606 vidit

498 2653 708 2700 unam,
765 2641 858 2693 sed
919 2640 1185 2708 plurimas
1243 2640 1523 2695 visiones?
1571 2640 1711 2695 Audi
1773 2640 2063 2697 Dominum

493 2731 831 2800 pollicentem
860 2742 1031 2802 atque
1044 2734 1311 2789 dicentem
1348 2752 1361 2787 :
1396 2733 1507 2806 Ego
1534 2736 1756 2790 risiones
1801 2736 2064 2806 multipli-

490 2824 607 2877 cari
638 2825 705 2877 ⁸³.

536 2915 615 2969 -8.
652 2915 858 2981 Quinta
900 2918 1112 2971 mensis.
1145 2916 1246 2972 Hie
1274 2933 1453 2974 annus
1475 2919 1699 2988 quintus
1733 2921 2064 2991 captivitatis

493 3008 639 3077 regis
670 3007 935 3062 Joachim.
966 3006 1266 3063 Tricesi‘mo
1303 3024 1449 3064 anno
1476 3011 1655 3065 artatis
1682 3007 1982 3068 Ezechielis
2011 3020 2066 3068 et

2185 562 2280 600 nos
2310 546 2382 600 dii
2420 546 2576 599 estis.
2609 540 2875 599 Similem
2931 546 3302 613 peccaveritis,
3342 548 3589 602 ausculta
3625 547 3781 618 quid

2181 639 2465 707 Sequitur:
2510 637 2609 691 Vos
2635 653 2758 694 vero
2797 646 2854 690 ut
2904 639 3139 691 Immines
3173 641 3487 693 moriemini.
3520 639 3640 694 Non
3685 649 3782 697 est

2183 728 2297 782 haec
2319 730 2478 798 culpa
2532 729 2780 782 vocantis
2828 729 2892 782 ad
2951 730 3206 795 salutem,
3274 746 3379 783 non
3441 731 3559 799 ipse
3590 746 3775 785 causa

2183 819 2376 872 mortis
2403 819 2497 887 qui
2535 818 2723 872 invitat
2757 818 2822 871 ad
2877 819 3237 882 divinitatem,
3293 828 3348 873 et
3390 820 3458 874 ad
3518 821 3777 877 caelestis

2182 918 2392 963 naturae
2424 909 2794 977 adoptionem,
2830 910 2921 963 sed
2961 910 3013 963 in
3049 919 3237 964 nostro
3287 920 3526 980 peccato,
3583 922 3639 967 et
3707 913 3773 966 in

2178 1010 2370 1053 nostro
2401 1000 2604 1055 scelere
2645 1000 2893 1055 consistit
2946 1001 3089 1069 quod
3136 1001 3377 1056 dicitur:
3420 1000 3521 1055 Vos
3577 1012 3770 1057 autem

2179 1099 2237 1143 ut
2263 1090 2496 1143 homines
2525 1090 2841 1155 moriemini,
2893 1100 2942 1143 et
2985 1091 3139 1159 quasi
3169 1107 3302 1145 unus
3329 1091 3393 1144 tle
3428 1092 3769 1162 principibus

2178 1181 2399 1235 cadetis.
2433 1180 2584 1234 Multi
2612 1181 2889 1250 principes
2923 1191 3100 1244 erant,
3149 1192 3205 1237 ct
3239 1198 3381 1237 unus
3410 1199 3472 1237 es
3516 1185 3598 1238 eis
3627 1199 3763 1238 ror—

2178 1272 2309 1334 ruit,
2339 1273 2404 1328 de
2427 1288 2538 1341 quo
2558 1282 2614 1326 et
2642 1273 2693 1325 in
2731 1271 2932 1327 Gcttesi
2972 1274 3232 1328 scribitur
3261 1275 3305 1306 "’
3345 1293 3361 1328 :
3404 1274 3537 1329 Ecce
3578 1276 3761 1333 Adon:

2176 1366 2351 1435 factus
2385 1375 2486 1428 est,
2522 1379 2628 1418 non
2655 1364 2810 1433 quasi
2838 1379 2960 1427 nos,
2986 1365 3078 1419 sed
3114 1367 3268 1435 quasi
3318 1382 3454 1421 unus
3482 1382 3549 1420 ea:
3577 1368 3757 1421 nobis.

2177 1455 2316 1527 Ergo
2342 1457 2562 1527 quando
2588 1456 2831 1526 peccavit
2861 1455 3056 1512 Adam.
3085 1465 3215 1513 tunc
3257 1461 3434 1514 lactus
3464 1468 3552 1514 cst
3588 1459 3754 1530 (ιιιωεί

2177 1564 2341 1605 unus.

2247 1641 2334 1696 10.
2369 1641 2438 1695 Ει
2464 1641 2637 1711 [actus
2666 1649 2743 1695 est
2765 1655 2935 1694 sermo
2962 1638 3174 1694 Domini
3213 1641 3283 1695 ad
3316 1641 3644 1697 Ezechiele»:
3674 1644 3748 1712 fi-

2176 1731 2304 1786 liun:
2341 1733 2496 1787 Buzi.
2547 1732 2770 1788 Etiamsi
2798 1734 2865 1790 de
2893 1733 3173 1790 Salvatore
3204 1735 3316 1788 lta-c
3337 1735 3480 1789 dicta
3509 1736 3749 1789 voluens

2175 1822 2498 1892 intelligere,
2529 1840 2597 1878 ne
2622 1826 2836 1890 timeas,
2874 1824 3035 1878 habet
3062 1836 3115 1879 et
3159 1824 3239 1879 sic
3290 1823 3548 1891 allegoria
3590 1823 3747 1877 intel-

2172 1912 2374 1968 lectum
2396 1928 2556 1969 suum
2585 1932 2598 1968 :
2634 1916 2781 1970 venit
2805 1930 2987 1971 sermo
3020 1914 3235 1969 Domini
3288 1915 3355 1968 ad
3396 1929 3520 1969 eum
3554 1914 3648 1987 qui
3674 1909 3746 1968 de

2170 2003 2377 2073 virgine
2406 2004 2750 2069 nascebatur,
2782 2006 2835 2061 id
2867 2014 2950 2060 est
2974 2005 3270 2070 hominem,
3294 2020 3475 2060 sermo
3528 2019 3744 2074 semper

2170 2091 2224 2145 in
2248 2090 2406 2145 Patre
2434 2107 2661 2148 manens
2691 2115 2702 2148 :
2744 2103 2803 2148 ut
2834 2095 3024 2149 tierent
3052 2102 3280 2164 utraque
3312 2110 3506 2159 unum,
3535 2104 3589 2151 et
3615 2110 3744 2148 con-

2170 2184 2472 2239 sociaretur
2503 2185 2688 2251 homo,
2715 2201 2880 2256 quem
2912 2186 2983 2241 ob
3041 2195 3444 2241 sacramentum
3499 2196 3553 2241 et
3586 2186 3733 2241 salu-

2169 2281 2276 2328 tem
2314 2274 2582 2330 universa:
2611 2277 2967 2332 humanitatis
3013 2277 3281 2342 indueret,
3308 2276 3575 2331 divinitati
3616 2277 3732 2345 ejus

2167 2374 2221 2420 et
2257 2376 2466 2423 natura:
2492 2369 2757 2441 unigeniti
2808 2369 2925 2425 Dei.
2967 2369 3169 2425 Factus
3212 2380 3292 2423 est
3323 2385 3493 2423 sermo
3527 2369 3732 2422 Domint

2168 2458 2239 2512 ad
2291 2458 2622 2514 Ezechiele»:
2669 2460 2844 2530 ﬁlium
2908 2460 3075 2528 Buzi,
3123 2460 3443 2514 sacerdotem
3495 2460 3547 2513 in
3589 2473 3727 2514 terra

2167 2551 2560 2609 Chaldteorum.
2603 2552 2841 2609 Chaldaei
2892 2554 2960 2609 de
3028 2553 3344 2610 coelestibus
3412 2554 3724 2622 disputant;

2165 2642 2400 2699 Chaldaei
2429 2645 2737 2700 nativitates
2762 2645 3042 2699 hominum
3065 2644 3480 2699 ratiocinantur.
3502 2644 3562 2697 In
3590 2655 3729 2698 terra

2166 2735 2564 2792 Chaldaeorum.
2602 2736 2770 2804 Quasi
2821 2737 2866 2793 si
2917 2737 3084 2803 dicat,
3119 2750 3307 2791 eorum
3363 2736 3454 2805 qui
3485 2742 3735 2789 asserunt

2166 2827 2361 2893 fatum,
2393 2843 2581 2884 eorum
2643 2828 2738 2898 qui
2791 2843 2990 2885 causas
3027 2828 3400 2883 universitatis
3458 2836 3728 2881 astrorum

2166 2911 2727 2977 circuitu'vindicant.
2797 2917 2902 2974 Iste
2960 2934 3093 2989 ergo
3151 2935 3297 2974 nunc
3340 2934 3516 2981 error,
3550 2927 3604 2972 ct
3633 2917 3731 2973 ista

2167 3013 2365 3068 mentis
2394 3012 2721 3082 perversitas
2744 3010 3043 3080 figuraliter
3077 3010 3132 3064 in
3165 3009 3543 3065 Chaldtcorum
3592 3017 3728 3065 terra

494 3100 683 3167 quinto
702 3099 1029 3168 captivitatis
1049 3097 1318 3165 .loachim,
1340 3100 1600 3170 propheta
1623 3103 1857 3157 mittitur
1878 3103 1946 3158 ad
1966 3089 2063 3158 Ju-
2089 3115 2131 3172 ο
2167 3104 2522 3176 signiﬁcatur.
2581 3102 2648 3156 In
2720 3111 2863 3157 terra
2912 3101 3282 3156 Chaldaeorum
3338 3118 3485 3156 secus
3541 3102 3730 3170 [lumen

494 3186 658 3243 dasos.
685 3186 801 3243 Non
825 3190 1071 3259 despexit
1089 3190 1554 3247 clementissimus
1577 3202 1748 3262 pater,
1770 3208 1872 3250 nec
1900 3195 2062 3266 longo

490 3290 735 3350 tempore
767 3281 1216 3336 incommonitum
1246 3282 1504 3352 populum
1536 3283 1843 3354 dereliquit.
1891 3284 2060 3351 Quin-

488 3378 578 3425 tus
603 3379 687 3425 cst
713 3385 910 3426 annus.
930 3368 1203 3436 Quantum
1240 3371 1500 3439 temporis
1531 3371 1863 3427 intercessit?
1885 3372 2054 3438 Quin-

492 3475 599 3533 que
645 3461 774 3515 anni
830 3460 1243 3517 interﬂuxerunt
1287 3476 1353 3516 ex
1396 3476 1506 3531 quo
1545 3463 1739 3533 captivi
1794 3466 2093 3520 serviunt.’

499 3551 694 3607 Statim
721 3551 1003 3618 descendit
1049 3551 1287 3621 Spiritus
1329 3560 1594 3616 sanctus,
1639 3554 1803 3625 359
1851 3556 2063 3625 aperuit

489 3646 679 3709 oculos,
714 3653 774 3700 ut
794 3645 851 3701 hi
882 3646 974 3716 qui
1009 3646 1348 3716 captivitatis
1372 3646 1504 3716 jugo
1532 3650 1937 3717 premebantur,
1981 3649 2061 3703 vi-

488 3735 684 3793 derent
731 3751 793 3791 ea
844 3751 966 3806 qua:
1013 3736 1336 3791 videbantur
1395 3752 1425 3790 a
1491 3742 1773 3806 propheta.
1841 3737 2061 3794 Dicente

491 3827 690 3897 quippe
716 3843 783 3883 eo
823 3847 836 3881 :
892 3828 957 3881 Et
989 3829 1159 3898 aperti
1188 3838 1308 3883 sunt
1341 3828 1491 3892 caeli,
1534 3830 1769 3899 quodam
1804 3830 1966 3885 modo
2007 3840 2062 3885 et

489 3917 597 3988 ipsi
630 3919 979 3974 intuebantur
1006 3921 1182 3976 oculis
1211 3920 1391 3976 cordis
1420 3935 1542 3990 qua:
1572 3920 1661 3975 ille
1695 3921 1859 3976 etiam
1887 3923 2073 3978 oculis.

489 4010 674 4066 carnis
695 4023 1000 4079 aschcrat.

560 4099 615 4156 9.
653 4099 722 4159 Et
757 4100 930 4170 factus
950 4110 1027 4156 est
1047 4118 1218 4157 sermo
1256 4100 1472 4157 Domini
1513 4101 1583 4156 ad
1634 4100 1958 4156 Ezechielem
1996 4102 2063 4170 [i-

489 4191 623 4246 lium
667 4191 803 4246 Buzi
836 4192 1181 4248 sacerdotem.
1226 4192 1419 4249 Sermo
1465 4192 1679 4249 Domini
1708 4193 1799 4264 qui
1829 4193 1880 4247 in
1912 4194 2062 4263 priu-

488 4285 632 4353 cipio
663 4293 779 4341 erat
800 4286 944 4356 apud
972 4284 1141 4340 Deum
1174 4284 1389 4342 Patrem
1423 4287 1564 4343 Deus
1599 4285 2058 4349 Verbum,scrmo

487 4372 581 4441 qui
611 4372 893 4428 credentes
917 4372 1082 4427 efﬁcit
1119 4373 1270 4428 deos.
1320 4374 1381 4429 Si
1430 4375 1575 4429 enim
1614 4375 1753 4429 dixit
1777 4375 1901 4430 illos
1928 4375 2061 4430 deos

2167 3194 2396 3250 Chobar.
2431 3193 2497 3248 Et
2520 3194 2667 3263 facta
2685 3201 2762 3247 est
2812 3192 2925 3246 illic
2944 3209 3100 3261 super
3141 3207 3220 3247 me
3261 3209 3448 3247 manus
3504 3194 3726 3246 Domini.

2167 3288 2231 3342 Et
2269 3303 2450 3344 sermo
2479 3286 2694 3340 Domini
2728 3284 2906 3340 factus
2930 3296 3017 3339 est
3066 3283 3131 3339 ad
3174 3283 3515 3353 prophetam,
3541 3291 3592 3338 et
3621 3298 3732 3336 ma-

2164 3394 2270 3434 nus
2293 3388 2425 3433 utet
2452 3376 2609 3432 factis
2641 3384 2931 3431 ornaretur
2952 3382 3011 3429 et
3037 3374 3237 3429 verbis.
3273 3374 3347 3427 Et
3365 3376 3471 3428 ridi
3490 3376 3725 3429 visiones.

2163 3470 2359 3540 Aliqua
2388 3467 2772 3538 perstringam,
2807 3474 2863 3521 et
2883 3466 3009 3521 licet
3056 3480 3156 3535 pro
3183 3466 3432 3536 angustia
3472 3467 3729 3536 temporis

2160 3575 2224 3615 ea
2296 3574 2418 3628 quae
2487 3558 2643 3622 dixi,
2708 3557 2921 3627 possint
2995 3556 3272 3620 sullicere,
3330 3566 3508 3613 tamen
3570 3560 3727 3613 etiam

2160 3652 2227 3705 de
2266 3659 2378 3704 toto
2416 3661 2644 3718 corpore
2671 3644 2896 3699 visionis
2918 3659 3133 3699 summa
3166 3660 3395 3714 quasque
3426 3644 3628 3700 libabo.

2233 3742 2319 3794 ll.
2355 3739 2423 3793 Et
2454 3739 2584 3803 vidi,
2631 3746 2680 3791 et
2709 3751 2826 3790 ecce
2846 3735 3065 3805 spiritus
3122 3752 3337 3805 surgens
3378 3724 3616 3790 pariebat
3664 3737 3726 3790 ab

2166 3830 2447 3901 Aquilone.
2500 3828 2791 3898 Diligenter
2854 3826 3139 3881 considera
3203 3842 3382 3881 rerum
3442 3842 3724 3881 numerum
3786 3816 3789 3817 ⁷

2163 3938 2286 3992 quae
2304 3923 2602 3976 dicuntur:
2648 3920 2874 3989 spiritus
2906 3934 3137 3989 surgens
3181 3934 3296 3973 sure
3356 3917 3610 3973 auferens
3642 3933 3729 3971 vc—

2162 4011 2344 4066 nicbat
2378 4010 2446 4065 ab
2484 4009 2772 4080 Aquilone,
2802 4024 2929 4065 ecce
2954 4023 3060 4062 una
3102 4023 3209 4063 res.
3261 4007 3326 4061 Et
3356 4010 3513 4062 nubes
3543 4025 3727 4079 magna
3781 3994 3799 4007 ’

2159 4110 2274 4157 erat
2305 4101 2361 4155 in
2380 4116 2460 4166 eo,
2505 4114 2630 4155 cccc
2661 4100 2800 4154 duae.
2847 4098 2911 4152 Et
2935 4097 3180 4166 splendor
3225 4098 3281 4152 in
3320 4100 3545 4152 circuitu
3579 4099 3739 4169 ejus,

2160 4208 2288 4249 ecce
2335 4205 2464 4248 tres.
2499 4190 2570 4245 Et
2599 4191 2735 4261 ignis
2769 4188 3052 4258 refulgens,
3099 4203 3227 4242 ecce
3275 4198 3529 4257 quatuor.
3571 4186 3638 4241 Et
3674 4189 3727 4242 in

2162 4285 2334 4339 medio
2363 4283 2476 4353 ejus
2506 4284 2645 4336 sicut
2686 4284 2816 4336 visio
2864 4281 3041 4335 electri
3080 4281 3138 4334 in
3191 4281 3361 4334 medio
3401 4280 3558 4350 ignis,
3603 4295 3728 4333 cere.

2163 4372 2426 4442 quinque.
2463 4370 2527 4423 Et
2561 4370 2737 4423 lumen
2762 4370 2817 4423 in
2841 4384 2921 4435 eo,
2950 4382 3076 4423 ecce
3103 4382 3219 4422 sex.
3254 4364 3384 4422 Post
3431 4368 3545 4422 lucc
3581 4367 3729 4423 simi-

488 4462 555 4516 ad
588 4477 728 4531 quos
750 4475 932 4517 sermo
966 4459 1061 4515 Dei
1121 4460 1298 4516 factus
1343 4472 1447 4527 est,
1474 4474 1529 4517 et
1581 4479 1689 4518 non
1717 4472 1894 4534 potest
1923 4464 2058 4519 solvi
2091 4469 2135 4525 D
2163 4460 2333 4514 litndo
2377 4468 2604 4530 quatuor
2654 4458 2988 4522 aninmlium,
3022 4468 3072 4511 et
3127 4458 3257 4510 visio
3299 4474 3498 4522 eorum,
3529 4468 3579 4511 et
3605 4473 3728 4510 nar-

491 4549 791 4621 Scriptura,
822 4548 892 4604 ad
921 4562 1282 4621 quoscunque
1305 4564 1485 4606 sermo
1512 4551 1607 4606 Dei
1639 4551 1815 4607 factus
1836 4562 1939 4617 est,
1979 4553 2062 4607 fa-
2108 4624 2112 4629 ῃ

489 4642 562 4702 eti
591 4653 720 4702 sunt
749 4640 847 4699 dii.
883 4639 1134 4696 Ezechiel
1165 4654 1386 4711 quoque
1431 4640 1566 4697 deus
1589 4641 1711 4709 fuit,
1734 4643 1860 4712 quia
1886 4642 2058 4699 lactus

490 4745 576 4801 est
597 4749 777 4801 sermo
808 4732 901 4797 Dei
927 4731 997 4797 ad
1016 4746 1164 4796 eum.
1219 4729 1333 4810 Ego
1386 4731 1502 4793 disi
1530 4748 1548 4791 .-
1583 4731 1672 4789 Dii
1702 4732 1850 4801 estis,
1881 4741 1931 4790 et
1957 4732 2060 4804 ﬁlii

393 4872 401 4879 -
492 4831 762 4890 Altissimi
785 4848 981 4887 omnes.
1019 4830 1121 4886 Vos
1144 4843 1261 4886 vero
1284 4835 1342 4884 ut
1374 4826 1608 4882 homines
1643 4825 1961 4894 moriemini,
2010 4837 2061 4881 et

492 4927 648 4999 quasi
673 4936 808 4979 unus
833 4942 897 4980 ea:
928 4923 1250 4997 principibus
1277 4921 1478 4976 cadetis
1533 4921 1597 4975 ⁸⁸.
1637 4919 1735 4977 Ubi
1764 4920 1972 4975 habetis
2004 4920 2057 4973 in

492 5016 647 5070 Nero
669 5011 1013 5067 Testamento
1057 5009 1363 5066 istiusmodi
1423 5009 1941 5079 repromissionem?
2001 5007 2058 5063 Si

491 5113 707 5178 Oportet
734 5105 1090 5161 instrumenta
1124 5101 1474 5172 distinguere,
1528 5111 1581 5157 et
1607 5100 1789 5155 dicere
1821 5100 1959 5155 inter
2002 5116 2062 5156 se

492 5199 821 5258 dissidentes
873 5197 1026 5261 deos,
1074 5195 1219 5266 quod
1276 5194 1495 5264 quidem
1551 5192 1704 5247 nefas
1751 5200 1836 5248 est
1897 5192 2060 5246 etiam

493 5292 784 5364 suspicari,
817 5290 909 5347 sed
937 5289 1090 5359 juxta
1148 5287 1466 5342 abusionem
1502 5285 1759 5352 dicimus,
1800 5285 2061 5339 audacter

494 5383 739 5454 profecto
771 5382 972 5441 dicam.
1013 5378 1183 5433 multo
1227 5374 1486 5445 majorem
1540 5375 1593 5429 in
1650 5373 1827 5429 Veteri
1875 5373 2064 5429 Testa-

497 5484 683 5533 mento
714 5473 930 5530 ostendi
992 5468 1387 5526 humanitatem
1441 5482 1605 5538 quam
1661 5467 1716 5523 in
1750 5465 1919 5522 Novo.
1938 5461 2064 5537 'Ego

499 5565 656 5620 dixi:
685 5563 773 5620 Dii
801 5565 927 5621 estis
957 5573 1004 5619 et
1064 5561 1165 5633 ﬁlii
1220 5557 1481 5612 Altissimi
1525 5575 1722 5615 omnes.
1771 5557 1893 5614 Non
1938 5559 2012 5614 ait
2048 5578 2059 5613 :

573 5742 620 5777 ⁴³
648 5745 778 5807 Luc.
809 5763 897 5810 xv,
933 5747 985 5801 7.
1063 5746 1107 5781 ³³
1136 5745 1293 5797 ltum.
1326 5724 1444 5809 vin,
1472 5740 1560 5792 19.
1635 5737 1677 5768 ⁸⁸
1707 5734 1865 5791 Osce.
1897 5750 1995 5788 xu.
2075 5733 2119 5765 ⁸⁸
2152 5730 2294 5786 Psal.
2330 5745 2517 5798 Lxxxt,
2551 5729 2604 5794 6,
2635 5716 2695 5783 7.?

2161 4551 2298 4604 ratio
2324 4550 2538 4604 uisionis
2560 4589 2575 4614 ,
2605 4564 2731 4603 ecce
2755 4556 2982 4617 septem.
3012 4544 3082 4600 Et
3135 4548 3188 4601 in
3221 4549 3388 4602 medio
3415 4549 3728 4602 animalium

2158 4639 2312 4709 quasi
2343 4636 2592 4691 carbones
2618 4636 2773 4705 ignis,
2796 4652 2922 4692 ecce
2952 4646 3097 4693 octo.
3130 4635 3262 4704 Quis
3291 4646 3473 4704 potest
3498 4638 3599 4692 ista
3629 4642 3730 4691 mi-

2162 4729 2394 4786 nutatim
2428 4727 2734 4796 exponere?
2758 4727 2892 4793 Quis
2930 4728 3002 4782 ita
3034 4737 3118 4782 est
3165 4743 3335 4797 capax
3365 4727 3589 4797 spiritus
3612 4726 3749 4791 Dei,

2161 4834 2223 4883 ut
2249 4806 2365 4877 haec
2391 4829 2733 4876 sacramenta
2761 4818 3053 4874 dilucidet?
3102 4818 3399 4889 Oportebat
3447 4828 3731 4874 accusato-

2162 4932 2250 4972 res
2271 4913 2553 4971 Creatoris
2608 4921 2662 4967 ct
2687 4910 2778 4967 Dei
2828 4912 3216 4981 prophetarum
3267 4912 3502 4981 primum
3538 4911 3732 4966 intelli-

2161 5024 2286 5079 gere
2305 5022 2427 5077 qua:
2458 5004 2714 5061 dicuntur
2733 5019 2763 5057 a
2789 5004 3085 5073 prophetis,
3129 5014 3184 5058 et
3210 5012 3395 5073 postea
3428 5000 3727 5058 criminari.
3784 4998 3789 5075 ρ

2160 5101 2265 5168 Qui
2292 5101 2438 5154 enim
2471 5113 2599 5153 vere
2627 5108 2882 5165 accusat,
2918 5114 2982 5154 ea
3012 5097 3171 5152 debet
3191 5109 3450 5150 accusare
3473 5109 3595 5163 quae
3628 5107 3729 5146 no-
3768 5094 3783 5169 λ

2162 5195 2261 5248 vit.
2297 5192 2354 5246 Si
2382 5206 2515 5245 vero
2550 5190 2787 5245 haeretici
2830 5205 2897 5244 ne
2953 5204 3123 5259 prope
3177 5187 3395 5256 quidem
3426 5193 3554 5239 sunt
3577 5180 3733 5238 intel-

2164 5283 2328 5340 lectui
2367 5283 2571 5348 divino,
2595 5281 2870 5352 quomodo
2892 5279 3284 5334 rationabiliter
3304 5285 3565 5332 accusant
3587 5273 3733 5345 quod

2165 5390 2263 5430 eos
2298 5373 2509 5429 nescire
2537 5371 2946 5427 convincimus?
2993 5370 3213 5424 Discant
3261 5368 3385 5437 quis
3427 5367 3481 5420 in
3515 5367 3621 5420 hac
3656 5363 3736 5417 vi-

2165 5466 2321 5520 sione
2350 5463 2422 5519 sit
2451 5476 2666 5516 sensus.
2699 5459 2940 5514 Primum
2963 5468 3185 5527 apparet
3204 5455 3428 5525 spiritus
3456 5451 3732 5508 auferens.

2174 5554 2429 5609 Secundo
2465 5552 2634 5607 nubes
2667 5566 2858 5621 magna
2890 5549 2944 5603 in
2989 5548 3181 5618 spiritu
3225 5545 3522 5602 auferente.
3555 5541 3739 5600 Tertio
3782 5546 3787 5551 '

2774 5728 2815 5760 "
2848 5726 2982 5782 Gen.
3030 5742 3112 5793 tu,
3149 5727 3237 5780 22.
