4070 6296
404 348 522 407 (177

1855 341 2135 397 ιιυιιιιιΑ
2170 341 2210 397 l.

3556 352 3661 410 ατε

410 466 679 537 splendor
728 467 782 519 in
830 462 1067 518 circuitu
1112 462 1338 533 spiritus
1403 462 1719 518 auferentis.
1782 460 1987 528 Quarto
2016 460 2060 515 A
2089 464 2328 510 aestuans
2357 456 2573 510 animus
2595 465 2679 511 est
2708 456 2939 521 loeutus,
2960 465 3011 512 et
3034 458 3315 530 ambigens
3334 476 3455 532 qua:
3476 462 3656 526 sileat.
3680 504 3687 515 .

411 557 567 627 ignis
587 557 875 625 refulgens.
919 553 1124 619 Quinto
1170 555 1224 608 in
1281 555 1460 609 medio
1506 554 1626 624 ejus
1675 553 1817 609 sicut
1848 552 1987 607 visio

409 647 627 715 electri,
660 647 803 702 haud
835 646 1064 701 dubium
1112 645 1244 715 quin
1275 645 1329 699 in
1384 647 1564 701 medio
1609 645 1769 716 ignis.
1821 643 1989 699 Sexto

415 739 675 810 splendor
695 738 749 791 in
781 738 972 793 eodem
996 739 1222 794 electro.
1276 739 1554 794 Confiteor
1582 738 1811 792 libenter
1838 752 1867 791 a
1896 752 1987 792 sa-

411 831 596 900 piente
615 837 673 885 et
704 829 850 884 ﬁdeli
880 830 1000 885 viro
1032 831 1233 887 dictam
1279 832 1629 892 sententiam,
1651 845 1813 899 quam
1849 846 1989 899 saepe

411 920 655 990 suscipio
681 937 697 986 ;
727 921 795 975 de
818 920 931 976 Deo
960 930 1017 976 et
1044 939 1170 978 vere
1200 923 1383 977 dicere
1415 922 1716 991 periculum
1750 931 1853 977 est.
1880 921 1993 987 Ne-q

408 1026 517 1081 que
542 1011 690 1065 enim
715 1027 778 1066 ea
816 1021 1024 1067 tantum
1069 1013 1374 1082 periculosa
1431 1022 1708 1083 suntquae
1748 1012 1885 1070 falsa
1918 1016 1987 1070 de

408 1117 476 1157 eo
497 1102 761 1157 dicuntur
793 1122 807 1157 :
841 1104 933 1158 sed
963 1103 1127 1158 etiam
1156 1119 1278 1174 quae
1309 1119 1435 1159 vera
1480 1112 1627 1171 sunt,
1661 1113 1715 1161 et
1743 1122 1855 1161 non
1887 1122 1988 1176 op~

412 1200 649 1262 portune
676 1193 1051 1262 proferuntur,
1098 1194 1298 1249 dicenti
1353 1195 1654 1263 perieulum
1705 1204 1985 1266 generant.

411 1282 703 1353 Margarita
732 1300 856 1339 vera
885 1295 987 1353 est,
1030 1286 1125 1342 sed
1152 1287 1196 1342 si
1224 1301 1498 1355 perverse,
1529 1286 1824 1344 discrimen
1868 1289 1989 1359 ejus

408 1384 496 1429 est
528 1376 674 1446 quod
700 1376 833 1431 dicit
864 1378 1092 1446 pedibus
1116 1393 1332 1434 eorum.
1360 1375 1426 1432 Et
1453 1387 1509 1434 nt
1554 1379 1708 1449 juxta
1738 1396 1837 1436 nos
1883 1382 1987 1436 ali-

406 1467 553 1535 quod
581 1482 849 1536 ponamus
885 1470 1218 1540 exemplum,
1246 1472 1596 1527 eollectiones
1624 1474 1741 1528 ista:
1766 1487 1875 1527 non
1896 1488 1989 1528 so-

409 1558 521 1612 lum
547 1556 603 1612 in
627 1557 796 1625 Elia,
821 1576 930 1616 non
964 1570 1172 1617 tantum
1195 1562 1403 1627 Bonus,
1418 1578 1526 1619 non
1558 1564 1610 1618 in
1636 1563 1984 1629 Alexandria,

406 1650 500 1704 sed
534 1650 587 1703 in
617 1650 766 1704 onmi
793 1652 962 1707 semel
1004 1654 1138 1708 orbe
1164 1654 1577 1710 similitudinem
1626 1654 1869 1710 referunt
1895 1668 1986 1709 sa-

404 1754 578 1812 genze,
603 1757 726 1811 quae
751 1757 818 1796 ex
850 1744 1001 1799 omni
1039 1761 1238 1815 genere
1264 1745 1495 1816 piscium
1528 1746 1691 1814 capit.
1717 1743 1833 1798 Non
1867 1759 1987 1815 pos-

413 1840 546 1885 sunt
573 1832 829 1886 universa
859 1832 1003 1887 bona
1040 1849 1164 1889 esse
1184 1850 1307 1905 quae
1335 1835 1584 1890 incidunt
1613 1836 1667 1889 in
1696 1850 1840 1890 eam.
1894 1832 1986 1887 Ait

408 1921 609 1991 quippe
641 1921 890 1977 Salvator
923 1923 969 1960 ⁸⁸
1003 1942 1017 1978 :
1058 1923 1191 1978 Cum
1236 1926 1586 1991 extraxerint,
1618 1935 1668 1979 et
1712 1941 1860 1979 secus
1896 1923 1987 1977 lit-

407 2021 491 2069 tus
514 2014 764 2076 sederint,
795 2014 985 2084 eligant
1017 2014 1153 2068 bona
1179 2015 1389 2087 quidem
1435 2017 1492 2070 in
1537 2032 1662 2070 vasa
1696 2031 1816 2076 sua,
1840 2014 1986 2067 mala

404 2118 524 2159 vero
544 2103 712 2173 '[oras
743 2106 1047 2175 projicient.
1078 2105 1306 2176 Oportet
1333 2122 1462 2177 ergo
1487 2106 1541 2160 in
1595 2121 1793 2175 sagena
1820 2106 1987 2159 totius

407 2192 664 2251 Ecclesiae
694 2211 817 2253 esse
863 2207 921 2252 et
974 2198 1117 2251 bona
1147 2207 1201 2252 et
1251 2199 1414 2253 mala.
1451 2198 1508 2252 Si
1564 2197 1678 2267 jam
1730 2197 1984 2252 universa

414 2287 614 2341 munda
648 2297 796 2355 sunt,
822 2288 950 2359 quid
978 2288 1410 2357 derelinquimus
1443 2288 1495 2342 in
1524 2288 1729 2358 judicio
1757 2287 1851 2341 Dei
1874 2288 1897 2342 ?
1921 2288 1989 2342 Et

403 2373 559 2445 juxta
588 2377 750 2432 aliam
774 2378 1110 2447 parabolam,
1160 2388 1214 2433 et
1249 2376 1582 2432 frumentum
1633 2387 1687 2432 et
1725 2379 1890 2447 paleae
1929 2378 1989 2433 in

407 2480 532 2520 area
557 2469 926 2534 continentur,
953 2484 1076 2523 cum
1103 2466 1445 2524 frumentum
1461 2476 1674 2523 tantum
1705 2469 1759 2522 in
1782 2456 1989 2523 Christi

409 2557 605 2614 horrea
631 2561 1073 2631 congregandum
1109 2561 1200 2624 sit,
1222 2569 1277 2615 et
1309 2559 1690 2615 discernantur
1712 2560 1881 2628 paleae
1915 2560 1984 2614 ab

401 2663 497 2715 eo,
522 2650 674 2718 cujus
716 2651 1066 2705 ventilabrum
1117 2651 1172 2704 in
1222 2666 1384 2704 manu
1410 2651 1548 2720 ejus,
1602 2659 1653 2704 et
1706 2651 1984 2704 mundabit

403 2756 587 2795 aream
607 2756 782 2806 suam,
804 2751 852 2796 et
877 2744 1211 2813 cangregabit
1250 2742 1574 2812 frumentum
1607 2742 1660 2794 in
1711 2741 1978 2806 horreum,

404 2830 593 2901 paleas
616 2847 737 2887 vero
777 2842 1044 2888 consumet
1097 2825 1217 2904 igne
1248 2833 1668 2904 inexstinguibili
1696 2835 1761 2889 ⁸ο.
1794 2834 1982 2905 Neque

405 2918 555 2975 enim
583 2935 772 2976 assero
801 2936 984 2977 aream
1012 2933 1183 2978 totum
1214 2939 1335 2979 esse
1364 2924 1650 2989 mundum,
1679 2927 1771 2980 sed
1795 2941 1977 2980 aream

409 3008 655 3078 intelligo
700 3025 824 3065 esse
872 3021 1074 3066 coetum
1127 3012 1312 3082 populi
1345 3011 1661 3068 Christiani.
1695 3012 1979 3080 Quomodo

410 3115 755 3169 unaquaeque
779 3115 904 3156 arca
934 3102 1423 3169 circumscribitur,
1461 3112 1515 3157 et
1535 3112 1619 3158 est
1648 3105 1806 3175 plena
1858 3104 1976 3159 fru-
2006 3120 2055 3181 α

402 3202 587 3248 mento
618 3193 700 3248 vel
729 3193 921 3263 paleis,
952 3209 1053 3249 nec
1078 3202 1252 3249 totum
1305 3194 1466 3265 360
1498 3193 1833 3250 frumentum
1868 3207 1979 3264 est,

403 3299 503 3339 nec
535 3293 706 3339 totum
735 3301 956 3340 rursum
985 3285 1136 3355 palea
1175 3304 1189 3339 :
1221 3285 1304 3342 sic
1335 3285 1388 3339 in
1423 3284 1682 3342 Ecclesiis
1705 3288 1975 3342 terrestri-

402 3377 507 3432 bus
536 3376 678 3432 alius
706 3386 792 3432 est
832 3375 1190 3440 frumentum,
1222 3376 1364 3432 alius
1406 3385 1491 3431 est
1535 3378 1712 3446 palea.
1773 3377 1975 3433 Verum

401 3450 475 3520 ibi
501 3482 612 3520 non
648 3482 747 3523 sua
781 3482 968 3533 causa,
998 3482 1097 3520 nec
1124 3481 1221 3537 per
1241 3466 1574 3522 voluntatem
1608 3469 1775 3538 paleae
1805 3478 1933 3524 sunt
1962 3488 1975 3525 :

400 3566 581 3627 neque
612 3556 754 3611 enim
787 3572 855 3611 ex
906 3557 1128 3627 proprio
1184 3557 1411 3613 arbitrio
1456 3559 1790 3615 frumentum
1845 3572 1974 3616 est:

396 3646 490 3715 hic
519 3662 650 3703 vero
680 3648 734 3702 in
764 3657 854 3703 tua
889 3629 1154 3718 potestate
1176 3650 1414 3719 positum
1449 3659 1551 3715 est,
1600 3660 1661 3705 ut
1706 3651 1784 3706 sis
1823 3652 1977 3721 palea

396 3737 481 3792 vel
510 3736 869 3794 frumentum.
909 3738 1034 3795 llaec
1066 3755 1165 3795 nos
1191 3739 1388 3795 docere
1412 3740 1630 3805 debent,
1671 3750 1732 3795 ut
1774 3741 1819 3796 si
1867 3741 1970 3796 ali-

392 3829 622 3901 quando
652 3828 853 3899 aliquis
898 3828 951 3884 in
993 3830 1505 3901 congregationibus
1544 3831 1751 3887 nostris
1783 3832 1980 3889 viderit

391 3927 762 3991 peccatorem,
801 3934 909 3974 non
937 3920 1357 3985 seandalizetur,
1410 3936 1588 3992 neque
1627 3922 1807 3979 dicat:
1844 3925 1983 3979 Ecce

389 4018 659 4083 peccator
685 4011 740 4065 in
774 4020 916 4067 coetu
975 4024 1167 4066 sancto
1219 4019 1322 4067 est.
1373 4009 1431 4066 Si
1477 4013 1582 4067 hoc
1620 4012 1765 4079 licet,
1801 4014 1846 4068 si
1875 4013 1978 4069 hoc

388 4102 738 4169 conceditur,
762 4117 932 4172 quare
957 4111 1011 4157 ct
1050 4116 1152 4172 ego
1191 4117 1307 4157 non
1325 4104 1578 4172 peccem?
1602 4103 1735 4159 Dum
1760 4106 1814 4159 in
1842 4121 1979 4176 prae-

388 4191 541 4246 senti
568 4192 771 4247 seculo
798 4206 1024 4255 sumus,
1054 4191 1106 4245 id
1154 4191 1321 4245 estin
1356 4206 1511 4256 arca,
1564 4201 1619 4248 et
1669 4193 1721 4246 in
1755 4209 1974 4262 sagena,

388 4294 449 4339 et
471 4282 604 4339 boni
631 4293 686 4339 et
716 4283 845 4338 mali
900 4282 956 4337 in
990 4296 1054 4337 ea
1079 4281 1448 4337 continentur.
1501 4281 1731 4349 Quando
1793 4276 1974 4338 autem

390 4374 610 4431 venerit
637 4373 914 4438 Christus,
951 4372 1040 4428 ﬁet
1079 4372 1357 4437 discretio,
1413 4382 1468 4427 et
1510 4373 1822 4444 implebitur
1845 4375 1974 4430 illud

2090 562 2208 618 qua:
2243 547 2504 617 proferat,
2543 563 2664 617 quae
2700 549 2890 603 leviter
2939 558 3080 606 tacta
3130 552 3386 617 dimittat,
3441 571 3564 624 qua:
3590 572 3659 611 ex

2091 639 2159 694 iis
2188 638 2556 702 manifestius,
2583 654 2706 707 qua:
2756 640 3045 695 obscurius
3087 645 3404 711 exponenda
3457 647 3587 714 sint,
3610 647 3655 703 si

2088 738 2267 785 tamen
2295 731 2596 800 poterimus
2629 731 2854 802 implere
2886 733 3030 802 quod
3070 734 3341 803 cupimus.

2162 819 2250 874 12.
2279 819 2527 875 Primum
2557 836 2689 892 ergo
2751 821 2964 877 videtur
3007 814 3233 892 spiritus
3262 825 3516 884 auferens
3545 849 3558 885 :
3605 833 3656 886 id

2087 912 2232 981 quod
2265 912 2425 982 paulo
2446 921 2572 967 ante
2592 913 2848 979 diximus,
2870 914 2997 984 quia
3023 914 3282 972 Dominus
3312 930 3495 975 noster
3520 921 3661 991 ignis

2088 1014 2421 1056 consumens
2453 1003 2545 1067 sit,
2573 1004 2738 1058 etiam
2786 1020 2932 1062 nunc
2980 1006 3277 1076 repetimus
3329 1016 3385 1062 et
3424 1010 3659 1067 dicimus

2090 1092 2219 1147 huic
2250 1093 2566 1148 testimonio
2598 1110 2917 1164 congruere.
2970 1094 3254 1162 Quomodo
3284 1101 3507 1169 ponitur
3548 1105 3659 1173 spi-

2091 1183 2230 1239 ritus
2264 1184 2556 1240 auferens?
2585 1184 2726 1241 Deus
2753 1187 2983 1256 Spiritus
3023 1195 3126 1252 est,
3160 1196 3215 1243 et
3246 1190 3468 1260 spiritus
3507 1192 3660 1247 aufe—

2091 1291 2218 1331 rens
2248 1278 2510 1331 cernitur.
2536 1275 2676 1343 Quid
2709 1294 2740 1334 a
2790 1294 2875 1332 me
2899 1278 3095 1344 aufert,
3126 1287 3180 1334 et
3211 1282 3278 1335 ab
3306 1283 3488 1339 anima
3515 1301 3655 1351 mea,

2090 1379 2149 1424 ιιι
2177 1371 2370 1424 merito
2407 1369 2661 1426 auferens
2724 1373 3085 1441 praedicetur?
3129 1370 3326 1444 Utique
3379 1378 3515 1431 mala
3551 1394 3564 1432 :
3604 1390 3658 1433 et

2088 1468 2218 1512 tunc
2247 1459 2424 1514 sentio
2449 1460 2747 1514 bonitatem
2782 1461 2921 1529 ejus,
2967 1461 3037 1515 sit
3067 1476 3097 1515 a
3127 1477 3213 1517 me
3244 1466 3478 1534 pessima
3506 1484 3578 1536 qu
3597 1486 3657 1519 n-

2086 1565 2195 1619 que
2236 1551 2540 1606 sustulerit.
2591 1549 2778 1621 Neque
2828 1567 2955 1606 vero
3007 1555 3304 1622 putandum
3356 1566 3439 1612 est
3497 1558 3656 1614 tinem

2085 1656 2204 1695 esse
2231 1641 2598 1703 beatitudinis,
2630 1642 2677 1696 si
2726 1657 2756 1696 a
2787 1643 2942 1697 malis
2969 1645 3264 1699 liberemur
3293 1662 3315 1714 °,
3341 1648 3553 1703 initium
3583 1646 3657 1701 fc-

2088 1733 2307 1788 licitatis
2335 1745 2419 1789 est
2450 1748 2637 1788 carere
2681 1743 2924 1803 peccato.
2973 1734 3040 1790 Et
3098 1737 3151 1790 in
3195 1735 3429 1793 Ieremia
3465 1741 3658 1807 scribi-

2089 1834 2178 1881 tur
2208 1825 2249 1857 '“
2283 1825 2490 1895 (omnia
2512 1825 2711 1895 quippe
2733 1842 2853 1895 quae
2888 1827 2941 1881 in
2975 1828 3254 1898 prophetis
3276 1830 3477 1900 scripta
3508 1842 3658 1899 sunt,

2089 1917 2514 1973 clementissimo
2559 1915 2666 1971 Deo
2717 1917 2991 1989 vindico):
3055 1920 3185 1975 Ecce
3244 1922 3368 1976 dedi
3396 1916 3682 1979 sermones

2087 2025 2226 2062 meos
2259 2009 2312 2062 in
2337 2026 2392 2063 os
2434 2019 2603 2072 tuum,
2636 2024 2750 2061 ecce
2800 2012 3052 2064 constitui
3114 2024 3160 2066 te
3217 2029 3370 2081 super
3401 2026 3573 2085 gentes
3607 2028 3656 2070 et

2086 2115 2245 2169 regna
2273 2099 2569 2163 eradicare,
2588 2106 2637 2150 et
2661 2098 2941 2166 su/fodere,
2972 2112 3023 2154 et
3046 2101 3370 2169 disperdere,
3398 2114 3448 2158 et
3485 2107 3659 2174 a‘diﬁ-

2086 2205 2228 2256 care,
2258 2198 2306 2243 et
2332 2189 2593 2256 plantare.
2648 2188 2923 2249 Benignus
2955 2200 3040 2246 est
3077 2190 3222 2248 Deus
3267 2194 3404 2250 dans
3445 2213 3655 2252 sermo-

2086 2294 2183 2333 nes
2207 2279 2272 2333 ad
2305 2276 2927 2333 cradieandurn.Veruni
2955 2281 3083 2349 quid
3110 2291 3191 2336 est
3219 2285 3362 2351 quod
3390 2286 3655 2340 eradicaii

2086 2368 2305 2435 debeat,
2343 2377 2398 2423 et
2453 2369 2728 2423 subverti?
2780 2366 2836 2423 Si
2882 2386 2989 2440 qua
3053 2373 3312 2443 plantatio
3373 2376 3426 2431 in
3472 2378 3658 2433 animo

2087 2462 2230 2515 mala
2264 2470 2369 2524 est,
2430 2461 2475 2516 si
2521 2478 2628 2531 qua
2693 2472 2840 2519 secta
2878 2478 3146 2532 nequam,
3206 2466 3347 2520 hanc
3393 2468 3657 2527 cradicat.

2086 2549 2230 2605 hanc
2260 2550 2527 2606 subvertit
2552 2566 2732 2605 sermo
2780 2552 3148 2621 propheticus.
3211 2552 3425 2608 Utinam
3473 2566 3655 2610 autent

2084 2643 2384 2713 contingat,
2411 2652 2470 2699 ut
2499 2645 2629 2699 mihi
2662 2646 2783 2701 talis
2813 2662 2995 2701 sermo
3023 2647 3280 2710 donetur,
3307 2647 3401 2716 qui
3422 2650 3658 2705 eradicet

2085 2734 2467 2791 haereticorum
2504 2738 2735 2802 semina,
2770 2747 2823 2793 ct
2868 2738 3170 2793 doctrinam
3200 2755 3266 2794 ex
3297 2738 3485 2795 Zabuli
3511 2742 3657 2796 fonte

2085 2837 2419 2894 manantem,
2462 2828 2557 2897 qui
2606 2830 2673 2881 de
2719 2829 2839 2898 ejus
2876 2829 3056 2883 anima
3117 2831 3209 2899 qui
3244 2847 3388 2886 nunc
3419 2833 3654 2901 primunt

2083 2912 2382 2993 Ecclesiam
2424 2917 2743 2989 ingreditur,
2780 2919 3099 2975 idololatria:
3129 2921 3338 2977 auferat
3362 2924 3655 2992 plantatio-

2085 3022 2230 3062 nem.
2267 3007 2400 3061 Dedi
2435 3025 2695 3064 sermones
2720 3026 2857 3064 meos
2879 3011 2931 3064 in
2962 3027 3018 3065 os
3054 3021 3223 3065 tuum.
3247 3012 3378 3067 Ecce
3407 3016 3657 3069 constitui

2084 3108 2133 3151 te
2162 3099 2436 3154 eradicare
2474 3110 2525 3154 et
2575 3101 2856 3169 stt/fodere.
2890 3101 3107 3157 Scilicet
3136 3104 3264 3159 utsi
3294 3121 3399 3174 qua
3425 3107 3659 3163 :edilica-

2083 3188 2158 3243 tio
2191 3191 2426 3260 pessima
2461 3201 2564 3256 est,
2620 3194 2959 3248 destruatur.
3023 3192 3198 3260 Quam
3249 3196 3438 3251 vellem
3479 3208 3532 3253 et
3557 3213 3657 3269 ego

2083 3281 2357 3337 suffodere
2386 3283 2649 3353 quidquid
2681 3282 2922 3338 Marcion
2958 3284 3010 3338 in
3038 3286 3264 3341 auribus
3308 3286 3657 3356 deceptorum

2079 3373 2392 3437 aedificavit,
2433 3373 2730 3438 eradicare,
2764 3382 2819 3428 et
2850 3375 3183 3437 subvertere,
3223 3386 3278 3431 et
3326 3378 3654 3451 dispergere,

2079 3462 2329 3518 utJacob
2378 3464 2700 3534 disperdidit
2746 3465 2909 3520 idola.
2972 3464 3156 3536 Usque
3206 3469 3272 3523 ad
3331 3469 3655 3528 hodiernum

2078 3556 2218 3611 diem
2250 3566 2334 3611 est
2384 3558 2697 3626 disperdere
2759 3567 2813 3611 et
2841 3557 3130 3613 mdilicare.
3169 3558 3412 3617 llmretiei
3449 3564 3659 3633 disper-

2078 3643 2206 3699 dere
2229 3654 2282 3697 et
2311 3644 2627 3699 subvertere
2669 3653 2879 3700 tantum
2916 3647 3227 3713 audierunt,
3264 3649 3315 3703 in
3344 3651 3657 3705 aedificatio-

2079 3736 2166 3789 nis
2190 3744 2368 3790 autem
2431 3738 2898 3807 plantationisque
2951 3754 3201 3794 sermone
3257 3742 3452 3797 surdas
3496 3757 3658 3797 aures

2081 3836 2418 3883 averterunt.
2459 3828 2642 3899 Neque
2666 3829 2810 3884 enim
2854 3829 3042 3885 volunt
3064 3832 3353 3901 inspicere,
3404 3833 3531 3901 quia
3560 3831 3656 3886 tri-

2078 3919 2181 3975 stia
2207 3935 2441 3990 quaeque
2478 3921 2650 3990 prima
2686 3920 2961 3987 dicuntur,
3004 3931 3058 3977 et
3082 3924 3319 3978 secunda
3367 3940 3489 3994 qua!
3537 3926 3655 3980 lzeta

2079 4021 2228 4065 sunt.
2276 4009 2459 4076 Quare
2502 4025 2649 4065 nunc
2701 4010 2804 4064 ista
2856 4013 3262 4068 memoramus?
3306 4011 3566 4070 Videlicet
3599 4026 3658 4071 ut

2078 4099 2458 4157 manifestetur
2483 4100 2576 4155 Dei
2622 4116 2808 4155 sermo
2861 4102 3175 4156 subvertere
3209 4105 3371 4169 mala,
3408 4115 3461 4160 et
3490 4107 3659 4161 :edili-

2082 4207 2209 4248 care
2238 4193 2464 4262 optima,
2491 4192 2770 4246 eradicare
2813 4191 2962 4257 vitia,
2994 4193 3150 4263 quasi
3193 4195 3429 4264 agricola
3455 4201 3654 4261 bonus,

2079 4280 2141 4339 ιιι
2188 4284 2243 4339 in
2283 4293 2515 4354 purgato
2570 4297 2762 4353 campo
2821 4285 3111 4339 uberrima.
3146 4286 3409 4341 virtutum
3459 4292 3656 4345 messis

2080 4373 2314 4449 oriatur.
2357 4371 2482 4429 licet:
2536 4382 2756 4444 propter
2799 4374 3050 4444 spiritum
3100 4376 3455 4431 auferentem.
3515 4378 3659 4434 Vidit

397 4465 551 4536 quod
581 4465 651 4519 ab
672 4463 935 4534 Apostolo
964 4463 1168 4519 dicitur
1199 4464 1285 4519 τοι
1317 4463 1508 4519 Omnes
1534 4479 1627 4517 nos
1662 4473 1862 4534 oportet
1888 4482 1978 4521 as-
2009 4450 2499 4537 Dcnimprimnm
2523 4466 2771 4536 spiritum
2802 4466 3159 4534 auferentem,
3184 4468 3381 4524 deinde
3404 4472 3677 4543 nebulam

398 4557 590 4609 sistere
617 4564 741 4609 ante
760 4555 996 4609 tribunal
1017 4552 1237 4619 Christi,
1287 4562 1351 4608 nt
1378 4564 1602 4623 reportet
1623 4556 1981 4627 unusquisque

397 4646 617 4715 propria
647 4647 885 4717 corporis
907 4646 992 4702 sui
1014 4646 1131 4716 qute
1157 4646 1337 4717 gessit,
1365 4646 1472 4700 sive
1493 4646 1649 4710 bona,
1673 4647 1778 4701 sive
1806 4647 1971 4705 mala.

398 4735 527 4793 Haec
584 4739 642 4793 in
693 4738 961 4809 prooemio
1004 4739 1073 4794 de
1131 4737 1669 4808 interpretationibus
1700 4738 1972 4803 visionum

2087 4574 2341 4630 magn-am
2368 4559 2531 4614 in-eo.
2555 4557 2785 4625 Quando
2835 4570 3097 4629 purgatus
3128 4561 3206 4630 (2)
3248 4560 3418 4618 fueris
3447 4563 3515 4618 ab
3554 4580 3677 4619 au-v

2084 4649 2294 4704 ferente
2330 4648 2522 4719 spiritu
2532 4688 2558 4712 ,.
2579 4658 2797 4703 tantum
2826 4658 2887 4706 ut
2908 4650 3191 4706 auferatur
3210 4668 3374 4708 omne
3395 4655 3604 4709 malum-
3625 4671 3675 4709 τι,

2082 4752 2155 4807 te,
2183 4748 2238 4797 ct
2258 4754 2421 4796 omne
2442 4739 2607 4810 quod
2640 4739 2694 4794 in
2725 4749 2817 4797 tua
2857 4742 3038 4797 anima
3084 4742 3351 4813 nequitia:
3385 4755 3657 4813 versatur,

471 4873 727 4932 “Matth.
766 4892 891 4943 xm,
919 4876 1012 4932 48.
1088 4877 1132 4909 ⁸³³
1163 4876 1297 4932 Luc.
1330 4893 1410 4942 ιιι,
1455 4877 1541 4931 17.
1618 4877 1664 4909 ¹¹⁰
1695 4877 1736 4932 ll
1790 4881 1918 4936 Cor.
1952 4900 1982 4936 ν

2085 4884 2139 4939 0.
2211 4880 2257 4913 ⁷³
2309 4878 2513 4934 .lerem.
2548 4891 2586 4941 ι,
2621 4875 2708 4931 ιο.

473 5034 556 5101 (2)
581 5030 815 5103 Quando,
830 5043 1106 5103 purgatus,
1134 5041 1242 5088 etc.
1272 5032 1640 5103 Hunculoeum
1673 5036 1861 5093 Greece
1893 5055 1989 5095 res

441 5112 733 5181 [aeseptem
785 5101 1005 5181 Catena;
1043 5117 1193 5181 _mss.
1228 5121 1259 5181 :_
1296 5101 1512 5181 Νςφέζη
1539 5107 1759 5181 μεγάλη
1782 5109 1870 5181 μὲν
1901 5108 1985 5181 τῷ

401 5118 733 5226 praesentem
785 5118 1005 5158 catena:
1059 5118 1193 5157 mss.
1228 5121 1243 5157 :
1296 5118 1512 5173 necem
1545 5118 1755 5177 μεγάλη
1810 5118 1870 5162 εν
1901 5118 1985 5181 τῷ

434 5172 672 5259 ξαίρονςι
729 5172 1023 5294 medium.
1043 5173 1211 5226 Ὅταν
1230 5171 1515 5253 ὼφξληθῇς
1536 5176 1605 5256 ἐξ
1622 5176 1718 5229 τοῦ
1746 5176 1985 5250 ὲξαίρον.

401 5257 493 5294 τος
516 5260 648 5294 πνευ
658 5259 823 5294 ματος
902 5241 995 5294 ὲετι
1005 5259 1095 5294 cev
1123 5242 1230 5294 ἀπὸ
1251 5260 1345 5294 σου
1376 5245 1482 5294 πᾶν
1502 5245 1705 5294 ωαυλον
1735 5247 1796 5294 τὸ
1816 5250 1982 5294 ὲνυπ..

398 5257 493 5313 to;
516 5241 823 5313 irvadunt-0g
853 5241 884 5294 ὃ
902 5241 1095 5313 ἐξῆρεν
1123 5242 1230 5295 ἀπὸ
1251 5242 1345 5313 σοῦ
1376 5241 1482 5313 udi}
1502 5245 1705 5312 φαῦλον
1735 5247 1796 5301 τὸ
1816 5241 1982 5304 ὲνὶιπ-

398 5311 1166 5400 άρχογντῇᾷψυχῇΙι-ᾳιιτότεη
1204 5311 1533 5400 ἀπολαύσεις
1591 5314 1691 5400 τῆς
1740 5318 1974 5400 νεφέλης

399 5382 501 5466 τῆς
544 5382 958 5466 hung-ioqu
984 5383 1043 5435 ὲν
1097 5382 1176 5453 τῷ
1224 5382 1492 5466 ᾖξαίρονςςι
1536 5382 1823 5466 quatiunt.
1864 5382 1972 5466 ξ(ᾲὶ

399 5450 548 5543 fit:
566 5450 1411 5543 ειέδτθιζῆξξφέέισιξῆεξὴξέεῆς
1426 5456 1502 5543 ΞΥ
1646 5450 1970 5543 Entelle

398 5521 650 5602 Υξφᾷλης,
679 5518 1020 5602 ἇφτῇςςῆλσε
1058 5518 1521 5602 φιρνή-ξλέγόυσαχ
1549 5518 1737 5602 Oﬁde
1761 5518 1977 5602 ἐόντιγὸ

410 5587 550 5666 Υἱός
587 5587 740 5661 ξμου’
849 5587 1173 5666 ἀγξαπηίέός.
1210 5587 1432 5666 [ivstitia
1463 5587 1556 5666 ρῦν
1585 5587 1816 5666 ὲξᾳῖρον·
1857 5594 1978 5654 εἶτα.

400 5660 597 5759 reita
618 5661 864 5759 333"}

914 5664 970 5715 ὲν
1002 5659 1170 5736 οιῦτῷο
1205 5659 1326 5736 εἶτά
1467 5659 1719 5736 λαμπρὸὺ
1772 5666 1975 5736 φέγγος

406 5728 596 5802 adﬂigi
615 5728 803 5787 usus.

867 5731 1041 5803 Ηρταί
1072 5731 1166 5787 eoo
1196 5733 1261 5788 τὸ
1284 5733 1504 5805 φαῦλονο
1529 5731 1739 5790 δέδὸταί
1762 5731 1864 5788 eo"
1882 5731 1970 5791 ἦρε-ζ

2085 5038 2244 5110 φέλη,
2277 5036 2418 5119 ἄξετε
2450 5037 2635 5119 βρέξαι
2664 5037 2818 5119 ὑξτὸν
2842 5039 2967 5119 ἐπὶ*
2989 5040 3081 5098 τὸν
3115 5042 3430 5119 ἀμπελῶνα.
3474 5048 3531 5108 Ν
3532 5057 3657 5118 uires

2085 5108 2279 5195 magna
2307 5108 2365 5195 iu
2389 5108 2583 5195 spiritu
2604 5109 2893 5195 auferente.
2926 5111 3058 5195 Cum
3083 5108 3431 5195 utilitatemet
3459 5108 3653 5195 mihi;

2085 5125 2137 5165 nt
2211 5125 2279 5162 na
2307 5125 2365 5162 tu
2389 5125 2583 5178 spiritu
2606 5125 2893 5193 auterente.
2926 5125 3058 5168 Cum
3083 5125 3370 5174 utilitatem
3393 5139 3431 5177 α
3459 5128 3669 5195 spiritu,

2083 5125 2352 5265 adllgrente
2377 5190 2681 5265 consecutus
2710 5180 2917 5265 fueris,
2953 5185 3045 5265 qui
3100 5202 3133 5239 α
3180 5197 3230 5265 te
3270 5190 3470 5265 malum
3515 5196 3656 5265 quod

2085 5250 2424 5333 enimtehtutu
2448 5249 2584 5333 inest
2605 5249 2902 5333 abstulerit,
2946 5249 3068 5333 tunc
3110 5258 3245 5313 nube
3265 5249 3502 5333 frueris,
3526 5249 3658 5333 'quai

2084 5319 2138 5371 in
2163 5319 2356 5400 spiritu
2381 5318 2650 5400 auferente
2672 5328 2774 5395 est.
2808 5320 3004 5400 Estque
3037 5323 3162 5400 luce
3184 5318 3344 5387 nubes
3366 5318 3655 5400 ίαρήιείιὶι

2083 5387 2394 5463 euangelicis
2418 5387 2614 5463 nubi,_e
2656 5387 2761 5459 qu'a
2800 5387 2937 5463 venit
2980 5408 3078 5453 vos:
3106 5397 3282 5455 dicens
3317 5412 3337 5451 :
3382 5387 3533 5460 ("Hie
3572 5387 3675 5463 est.

2088 5456 2264 5543 filius
2307 5474 2461 5543 meus
2498 5456 2740 5516 dilectus.
2776 5479 2823 5542 ,ι
2885 5461 3061 5543 Igitur
3108 5465 3330 5543 spiritus
3366 5456 3652 5543 auferens}

2080 5527 2267 5605 deinde
2313 5530 2473 5605 nubes
2526 5544 2719 5605 magna
2770 5531 2826 5589 in
2868 5527 2959 5605 eo;
2992 5541 3103 5586 tum
3135 5527 3394 5603 splendor
3439 5527 3654 5605 'micani

2079 5598 2135 5683 is:
2161 5598 2394 5683 circuitu
2422 5596 2557 5683 ejus.
2616 5596 2834 5683 Nempe,
2869 5602 3107 5683 ablatum
3154 5596 3189 5683 ῤ
3232 5614 3288 5683 te
3322 5607 3504 5663 citium
3548 5596 3651 5683 est;

2079 5667 2209 5723 data
2266 5667 2361 5725 tibi
2410 5665 2569 5731 nubes.
2615 5665 2835 5733 estfut
2889 5672 3099 5727 decidat
3146 5673 3313 5733 initer
3358 5694 3516 5751 super
3558 5665 3652 5746 ei:

2079 5753 2108 5790 ιι
2115 5753 2225 5794 filim
2235 5776 2248 5791 .
