4070 6296
430 414 532 470 681

431 626 602 677 sunt,
659 615 845 670 dicunt
886 615 932 646 ⁴¹⁶
971 633 988 668 ;
1039 613 1225 669 Nonne
1270 615 1375 670 Deo
1414 617 1650 686 subjecta
1688 626 1764 670 est
1826 619 2007 670 anima

431 705 596 792 mea!
654 703 808 772 Apud
855 703 1025 770 ipsum
1077 705 1218 757 enim
1271 704 1507 758 salutare
1554 722 1767 768 meum;
1811 717 1866 771 et
1915 708 1958 737 ""
1985 721 2003 759 ἐ

432 795 650 865 Oportet
699 810 818 847 eum
854 811 1072 865 regnare
1113 795 1277 849 donec
1311 810 1473 863 ponat
1543 813 1720 850 omnes
1763 799 2006 852 inimicos

427 900 550 937 suos
580 882 675 937 sub
699 883 916 952 pedibus
945 885 1082 954 ejus.
1115 886 1255 951 Quid
1288 895 1373 942 est
1401 902 1532 954 ergo
1557 890 1853 957 quartum?
1892 888 2010 943 Cm.

429 973 580 1028 lcstia
610 1011 626 1038 ,
681 975 961 1028 terrestria
1006 983 1062 1029 et
1124 975 1375 1041 inferna,
1431 968 1532 1031 tria
1585 986 1795 1032 tantum
1857 988 2003 1034 sunt.

426 1061 631 1135 Nempe
659 1065 790 1120 illud
813 1065 859 1096 ’³⁸
884 1083 900 1120 :
929 1065 1166 1120 Laudate
1195 1067 1497 1131 Dominum,
1519 1068 1632 1122 caeli
1653 1070 1922 1136 caelorum,
1957 1081 2006 1125 et

425 1173 564 1225 aqua
607 1173 728 1226 quae
786 1174 942 1227 super
988 1158 1142 1212 caelos
1183 1169 1262 1214 est
1315 1159 1494 1214 laudet
1538 1177 1726 1215 nomen
1771 1161 2002 1218 Domini.

424 1244 621 1302 Omnia
671 1247 773 1303 ista
822 1257 1141 1320 reguntura
1167 1249 1300 1315 Deo,
1343 1258 1400 1304 et
1436 1250 1711 1307 ducuntur
1756 1267 1786 1306 a
1838 1254 2006 1324 maje-

425 1345 565 1390 state
599 1335 743 1404 ejus.

498 1426 589 1479 16.
633 1425 952 1496 Quocuuque
988 1428 1209 1490 spiritus
1250 1428 1399 1493 ibat,
1437 1428 1585 1482 ibant
1634 1440 1682 1483 et
1725 1431 2001 1485 animalia.

423 1513 552 1570 Haec
601 1516 719 1584 ipsa
767 1517 1023 1570 animalia
1066 1517 1266 1573 habent
1302 1519 1709 1576 similitudinem
1749 1538 1912 1591 super
1947 1539 2006 1578 se

425 1604 698 1670 hominis,
733 1621 857 1660 cum
891 1607 1000 1661 sint
1038 1615 1273 1677 quatuor
1313 1607 1596 1663 facierum.
1652 1607 1761 1664 Nec
1799 1611 2001 1666 dictum

420 1705 508 1751 est
552 1697 607 1751 in
651 1695 938 1767 principio,
987 1699 1123 1768 quia‘
1162 1697 1420 1753 facierum
1454 1709 1688 1768 quatuor
1735 1701 1864 1768 sint,
1909 1703 2000 1756 sed

421 1786 553 1854 quia
605 1785 750 1839 inter
793 1795 1032 1856 quatuor
1076 1787 1242 1843 facies
1287 1788 1490 1842 eminet
1537 1799 1592 1842 et
1634 1790 2000 1859 principatum

907 394 934 415 ”
1845 411 2127 468 uorum
2169 412 2232 466 ιι.

431 525 669 581 Domino
699 524 824 580 Jesu
850 563 866 587 ,
903 522 1143 594 subjecta
1195 533 1325 579 sunt
1373 524 1443 579 ei.
1501 523 1566 579 Et
1616 539 1739 595 qua:
1765 525 2008 594 subjecta
2040 534 2086 588 Α

3583 421 3690 477 ωσι

2710 524 2990 580 ΗΟΜΙῌΑ
3032 525 3095 582 ΙΙ.

2113 637 2189 692 De
2213 654 2273 691 eo
2300 639 2436 718 quod
2457 638 2753 718 di_citur_":
2780 661 2806 718 ,ι
2847 640 2955 694 Fili
2979 643 3230 718 hominis,
3256 645 3508 718 propheta
3535 663 3692 718 super

2181 709 2457 780 prophetas
2492 707 2664 780 Israel
2707 712 2791 779 qui
2840 713 3150 780 prophetarit
3197 707 3266 766 tle-
3304 707 3458 768 corde
3495 707 3611 778 suo;
3668 739 3686 771 ι

2183 794 2345 855 usque
2363 778 2438 855 ξος
2471 796 2489 828 t
2533 778 3069 855 Ea'tendarn_'manunt
3097 799 3265 837 meam
3295 786 3364 837 ad
3391 787 3691 855 prophetas,

2179 851 2268 915 qui
2297 849 2469 901 vident
2515 865 2670 915 vana,
2693 861 2742 902 et
2787 851 3025 904 divinant
3056 855 3354 909 mendacia.
3393 849 3413 907 ὸ

2187 960 2236 1013 l.
2273 958 2486 1015 Nullam
2519 962 2755 1031 speciem
2787 975 3134 1033 peccatorum
3164 967 3445 1039 Scriptura
3478 973 3690 1040 reticet,

2109 1049 2177 1104 de
2209 1065 2315 1118 qua
2345 1066 2454 1103 non
2488 1051 2680 1104 doceat
2706 1051 2968 1121 legentes.
2998 1053 3252 1125 Oportuit
3280 1060 3424 1114 enim
3457 1059 3688 1118 Verbum

2110 1138 2204 1194 Dei
2246 1141 2474 1196 missum
2502 1143 2568 1196 ad
2593 1147 2868 1199 sanandos
2893 1162 2986 1201 eos
3013 1148 3102 1218 qui
3128 1151 3441 1218 audiebant,
3471 1170 3689 1211 omnem

2109 1232 2360 1302 spiritum
2405 1249 2748 1302 peccatorum
2777 1239 3160 1309 perstringere,
3197 1251 3249 1297 et
3282 1245 3551 1303 universis
3593 1248 3680 1303 ho-

2108 1323 2350 1378 minibus
2386 1325 2555 1393 loqui,
2599 1335 2657 1380 ut
2695 1343 2857 1380 nemo
2894 1328 3235 1386 fraudaretur
3258 1337 3512 1390 remediis
3544 1339 3693 1394 salu-

2107 1413 2338 1477 taribus,
2371 1424 2423 1468 et
2449 1415 2532 1469 his
2559 1416 2783 1471 medelis
2810 1435 2932 1487 quae
2959 1421 3272 1477 vulneribus
3297 1427 3507 1494 possint
3534 1432 3692 1498 prod-

2107 1518 2226 1558 esse
2288 1505 2568 1559 curandis.
2599 1505 2718 1571 Quo
2749 1511 2910 1563 modo
2965 1526 3095 1584 ergo
3151 1514 3411 1572 dicuntur
3467 1520 3570 1574 alia
3621 1522 3690 1576 de

2108 1595 2328 1663 populo,
2365 1597 2469 1649 alia
2502 1596 2569 1650 de
2593 1599 2968 1656 sacerdotibus
2995 1605 3228 1675 magnis,
3259 1617 3313 1661 et
3343 1609 3591 1677 qumdam
3621 1614 3689 1668 de

2105 1687 2473 1756 presbyteris,
2523 1703 2588 1743 ac
2619 1691 2902 1762 .nonnulla
2945 1692 3012 1747 de
3062 1694 3532 1763 dispensatoribus
3577 1720 3590 1757 :
3632 1713 3689 1756 et

2105 1775 2322 1846 quidem
2386 1777 2544 1832 bonis
2611 1777 3080 1847 dispensatoribus
3139 1784 3299 1852 laus,
3355 1789 3514 1844 malis
3559 1807 3690 1846 vero

419 1886 570 1932 tenet
619 1878 785 1934 facies
837 1880 1104 1945 humana,
1155 1881 1483 1936 describitur
1533 1894 1588 1938 et
1631 1899 1752 1953 quae
1803 1884 1992 1939 dicitur

2105 1869 2258 1939 culpa
2312 1869 2636 1933 ascribltur;
2693 1879 2752 1923 ut
2793 1871 2882 1923 alii
2929 1873 3363 1931 exhortationem
3417 1881 3687 1951 accipiant

420 1967 589 2023 facies
635 1969 892 2031 humana.
939 1981 992 2024 et
1031 1969 1198 2025 facies
1248 1971 1422 2027 leonis
1460 1988 1491 2027 a
1538 1973 1743 2028 dextris
1771 1982 2006 2042 quatuor

419 2059 705 2129 partium,
776 2070 831 2116 et
888 2061 1057 2116 facies
1127 2060 1282 2115 vituli
1347 2077 1378 2116 a
1450 2063 1685 2118 sinistris
1744 2073 2001 2133 quatuor,

418 2161 473 2204 et
521 2150 688 2206 facies
752 2153 947 2222 aquilae
1001 2168 1028 2206 a
1093 2162 1329 2221 quatuor
1384 2155 1651 2222 partibus.
1716 2153 2004 2211 Videamus

416 2255 548 2310 ergo
593 2241 709 2312 (5)
767 2257 835 2296 an
904 2243 1228 2312 tripartitam
1285 2242 1522 2297 animam
1609 2243 1876 2313 signiticet
1936 2245 2004 2299 dc

419 2349 525 2403 qua
575 2335 738 2389 etiam
784 2334 1013 2388 aliorum
1064 2333 1411 2404 opinionibus
1459 2335 1842 2404 disputandum
1897 2347 2000 2401 est,

419 2434 480 2480 ut
531 2425 730 2480 animze
785 2426 1068 2496 tripartite
1121 2425 1228 2480 alia
1281 2437 1478 2496 quarta
1524 2427 1685 2498 362
1735 2426 2001 2482 fortitudo

418 2519 726 2588 praesideat.
768 2518 900 2584 Quae
941 2527 1024 2574 est
1067 2518 1360 2588 tripartitio
1407 2518 1639 2572 animae?
1689 2517 1791 2573 Per
1820 2519 1998 2574 homi—

418 2624 543 2662 nem
574 2609 839 2664 rationale
862 2608 981 2677 ejus
1009 2608 1302 2673 indicatur,
1329 2623 1426 2678 per
1451 2609 1660 2662 leonem
1695 2609 1997 2675 iracundia,

418 2713 519 2767 per
553 2699 780 2752 vitulum
811 2699 1274 2769 concupiscentia.
1308 2698 1546 2767 Spiritus
1579 2713 1706 2753 vero
1730 2700 1824 2771 qui
1862 2717 2000 2771 prae-

419 2789 562 2843 sidet
593 2789 660 2842 ad
697 2789 1090 2854 auxiliandum,
1133 2803 1239 2842 non
1271 2799 1355 2844 est
1393 2803 1423 2843 a
1459 2788 1686 2855 dextris,
1719 2798 1778 2843 ut
1807 2790 1994 2854 homo,

415 2881 502 2934 vel
529 2880 659 2947 leo;
697 2896 805 2934 non
841 2888 924 2936 est
965 2896 996 2934 a
1025 2880 1285 2947 sinistris,
1315 2889 1374 2936 ut
1400 2880 1600 2936 vitulus
1631 2921 1647 2947 ,
1697 2881 1790 2937 sed
1833 2897 1996 2952 super

413 2985 608 3026 omnes
634 2980 745 3026 tres
767 2970 934 3027 facies
953 2971 1220 3027 consistit.
1248 2971 1440 3044 Aquila
1462 2972 1660 3043 quippe
1677 2974 1729 3028 in
1755 2975 1997 3031 alioloco

417 3069 785 3132 nuncupatur,
823 3071 883 3116 ut
927 3078 1022 3132 per
1050 3063 1288 3132 aquilam
1317 3063 1568 3133 spiritum
1613 3064 1992 3133 praesidentem

414 3154 610 3209 animat
638 3153 922 3225 signiticet.
959 3153 1218 3223 Spiritum
1249 3163 1428 3209 autem
1469 3154 1706 3208 hominis
1740 3155 1865 3209 dico
1899 3157 1992 3225 qui

2106 1961 2172 2013 ad
2211 1961 2467 2025 meliora,
2515 1960 2607 2013 alii
2649 1975 2777 2014 vero
2817 1972 2875 2015 ut
2909 1961 2964 2016 in
3000 1965 3182 2034 pejora
3227 1983 3336 2022 non
3378 1983 3637 2028 corruant
3669 1992 3683 2029 :

2107 2051 2186 2104 sic
2219 2061 2432 2120 oportet
2481 2051 2550 2104 de
2600 2048 2752 2104 falsis
2805 2067 2868 2105 ac
2912 2053 3055 2107 veris
3112 2057 3391 2125 prophetis
3445 2062 3686 2117 divinam

2106 2141 2320 2196 edoceri
2357 2142 2701 2211 disciplinam
2720 2183 2735 2208 ,
2774 2152 2830 2196 ut
2859 2144 3134 2212 propheta:
3162 2147 3381 2216 quidem
3408 2152 3683 2221 accipian-

2105 2241 2194 2285 tur
2230 2233 2283 2285 in
2320 2247 2440 2286 eam
2487 2232 2705 2286 demum
2747 2244 2953 2301 partem
2979 2277 2994 2302 ,
3041 2238 3133 2307 qui
3183 2239 3363 2294 verbis
3394 2239 3488 2296 Dei
3520 2243 3685 2297 mini-

2105 2329 2314 2388 strant;
2347 2337 2443 2391 per
2467 2323 2996 2393 pseudo-prophetas
3030 2343 3158 2382 vero
3193 2329 3549 2400 designentur
3582 2332 3686 2387 Ec.

2104 2410 2391 2464 clesiarum
2425 2412 2692 2482 magistri,
2721 2417 2814 2484 qui
2843 2430 2950 2469 non
2983 2425 3127 2470 recte
3166 2433 3259 2473 seu
3288 2434 3560 2486 sermone,
3585 2438 3682 2477 seu

2105 2502 2234 2570 vita,
2263 2514 2573 2575 congruunt
2599 2507 2647 2559 ei
2675 2522 2836 2576 quam
2863 2509 3158 2576 praedicant
3186 2510 3506 2582 disciplima.
3550 2513 3682 2570 Laeti

2103 2607 2434 2666 quapropter
2476 2596 2684 2661 simus,
2732 2597 2779 2652 si
2829 2614 2930 2653 nos
2980 2597 3261 2670 Scriptura
3301 2617 3680 2673 couunoneat,

2101 2686 2304 2742 docens
2334 2697 2394 2742 ut
2439 2689 2754 2744 recedamus
2782 2705 2811 2742 a
2843 2689 2990 2745 vitiis
3013 2731 3028 2756 ,
3069 2694 3241 2762 magis
3284 2705 3466 2752 autem
3501 2701 3546 2754 si
3591 2713 3684 2754 ora-

2101 2774 2246 2832 dinis
2277 2776 2447 2831 nostri
2474 2777 2688 2846 aliquos
2722 2776 2814 2832 Dei
2845 2794 3024 2834 sermo
3052 2783 3403 2854 perstringat,
3441 2788 3681 2844 volentes

2098 2869 2282 2925 sanari
2311 2875 2365 2923 et
2393 2871 2632 2924 converti
2661 2886 2690 2924 a
2725 2869 2961 2940 peccatis
2991 2875 3214 2929 nostris.

2165 2959 2226 3014 2.
2268 2958 2468 3014 Factus
2507 2971 2583 3015 est
2628 2977 2799 3014 sermo
2838 2961 3053 3018 Domini
3094 2967 3164 3019 ad
3208 2969 3513 3038 prophetam
3547 2969 3679 3025 Eze-

2096 3053 2333 3119 chielem,
2359 3053 2534 3108 dicens
2559 3054 2607 3106 ei
2638 3069 2656 3106 :
2680 3052 2793 3106 Fili
2814 3053 3058 3121 hominis,
3098 3060 3348 3126 propheta
3372 3061 3500 3115 mihi
3524 3078 3682 3131 super

2097 3144 2375 3214 prophetas
2407 3143 2599 3199 Israel.
2625 3143 2868 3200 Fderunt
2891 3149 3108 3217 quidem
3132 3158 3180 3202 et
3206 3152 3484 3220 prophetat
3514 3152 3678 3211 Israel

415 3246 470 3299 in
504 3261 572 3300 eo
595 3253 700 3300 est.
731 3245 908 3316 Atque
942 3245 1016 3300 ita
1045 3245 1226 3300 omnia
1259 3245 1535 3300 ducuntur
1567 3253 1698 3299 nutu
1729 3243 1846 3309 Dei,
1877 3259 1992 3299 (κιε-
2021 3255 2065 3314 c
2099 3238 2319 3293 nomine
2350 3239 2533 3308 potius
2558 3254 2722 3309 quam
2756 3241 3000 3294 veritate.
3036 3239 3175 3296 Sunt
3205 3254 3383 3298 autem
3421 3254 3476 3299 et
3516 3247 3677 3303 hodie

411 3336 590 3403 testia,
636 3339 909 3392 terrestria
957 3345 1010 3391 et
1049 3336 1280 3399 inferna,
1307 3345 1360 3390 et
1388 3351 1450 3390 ea
1477 3351 1599 3406 qua:
1627 3351 1792 3405 super
1823 3335 1993 3390 cmlos

410 3437 543 3481 sunt
573 3469 591 3496 ,
627 3436 682 3481 et
724 3427 987 3482 efﬁcimur
1015 3442 1116 3481 nos
1156 3441 1348 3479 omnes
1395 3424 1700 3489 cherubim,
1738 3440 1860 3494 qua:
1887 3424 1992 3478 sub

410 3517 639 3586 pedibus
665 3517 758 3571 Dei
797 3525 955 3582 sunt,
1000 3516 1198 3586 quibus
1227 3515 1535 3583 conjunctae
1577 3522 1704 3568 sunt
1752 3523 1906 3576 rotat,
1938 3523 1992 3568 et

409 3608 760 3677 subsequitur
801 3623 885 3662 ea.
934 3605 1050 3660 Non
1083 3606 1187 3661 sub
1231 3618 1387 3666 rota,
1438 3621 1613 3676 neque
1659 3606 1762 3660 sub
1803 3605 1990 3660 surculi

404 3701 613 3755 ditione
637 3701 910 3770 rebusque
935 3713 1239 3761 versamur,
1267 3713 1391 3752 cum
1414 3697 1526 3765 jam
1554 3713 1650 3767 per
1677 3698 1985 3767 passionem

406 3792 613 3847 Christi
645 3807 836 3846 sumus
870 3806 901 3845 a
933 3790 1122 3844 mundi
1158 3790 1388 3859 negotiis
1416 3789 1646 3844 liberati.
1684 3789 1753 3843 Et
1784 3797 1901 3842 rota
1935 3791 1990 3842 in

409 3885 582 3937 medio
616 3893 764 3936 rota'.
809 3881 866 3935 Si
895 3881 1208 3936 consideres
1245 3881 1518 3949 quomodo
1556 3895 1651 3949 per
1688 3879 1990 3934 contrarios

408 3983 640 4031 eventus
668 3976 912 4031 solvatur
940 3974 1269 4030 universitas
1303 3989 1507 4037 rerum,
1539 3973 1655 4027 sive
1685 3973 1738 4026 in
1778 3971 1862 4025 his
1893 3973 1986 4040 qui

407 4077 668 4137 putantur
692 4080 896 4130 errare,
935 4064 1051 4119 sive
1080 4063 1134 4118 in
1171 4063 1258 4119 his
1289 4062 1381 4133 qui
1419 4063 1487 4116 ab
1513 4077 1700 4117 errore
1725 4062 1983 4116 dicuntur

405 4157 593 4220 alieni,
640 4156 848 4212 videbis
889 4154 1166 4226 quomodo
1214 4162 1332 4208 rota
1380 4153 1434 4206 in
1487 4152 1666 4207 medio
1713 4161 1846 4206 rotze
1890 4150 1979 4205 sit.

409 4246 534 4303 Haec
559 4257 740 4302 autem
777 4247 914 4318 regit
941 4247 1145 4308 omnia,
1179 4253 1234 4300 et
1261 4259 1589 4314 quocunque
1619 4244 1735 4298 vult
1767 4249 1986 4312 torquet

405 4338 576 4392 totius
614 4336 986 4391 universitatis
1022 4335 1184 4401 Deus,
1221 4334 1274 4389 in
1307 4333 1528 4389 Christo
1573 4331 1737 4399 Iesu,
1772 4332 1859 4388 cui
1901 4342 1984 4386 est

409 4429 580 4498 gloria
605 4439 660 4483 et
690 4429 975 4498 imperium
1006 4427 1059 4482 in
1089 4428 1285 4483 sarcula
1314 4425 1656 4480 saeculorum.
1685 4425 1877 4478 Amen.

474 4571 520 4601 "
552 4570 696 4626 Psal.
722 4588 831 4636 th,
865 4572 919 4626 2.
994 4573 1040 4603 ⁷⁷
1069 4571 1087 4624 1
1117 4571 1243 4626 Cor.
1288 4588 1374 4636 xv,
1400 4571 1488 4625 9.5.

1546 4570 1589 4600 ⁷³
1618 4569 1758 4623 Psal.
1793 4583 2015 4631 οκινιιι.
2051 4567 2105 4629 4,
2137 4567 2188 4621 5.

2097 3329 2150 3382 in
2184 3343 2315 3384 vero
2343 3329 2526 3395 Israel,
2555 3330 2607 3383 id
2639 3337 2724 3383 est
2752 3329 3016 3393 Ecclesia.
3055 3335 3274 3400 quidam
3340 3339 3676 3408 pseudopro-

2095 3421 2270 3489 phetae
2306 3430 2360 3476 et
2391 3421 2512 3476 falsi
2553 3421 2820 3489 magistri,
2854 3425 3054 3494 quibus
3078 3425 3168 3480 hic
3202 3442 3383 3482 sermo
3414 3445 3673 3500 praenun-

2093 3511 2208 3566 tiat.
2251 3511 2308 3565 Si
2345 3527 2430 3566 me
2478 3523 2666 3581 arguat
2709 3510 2800 3567 Dei
2859 3530 3074 3580 sermo,
3137 3519 3356 3572 tentabo
3388 3525 3668 3585 converti;

2093 3617 2194 3658 nec
2219 3603 2348 3672 quia
2381 3604 2665 3666 adversum
2708 3619 2793 3657 me
2822 3605 3002 3676 aliqua
3034 3606 3321 3672 dicuntur,
3360 3612 3453 3680 qui
3483 3613 3673 3668 videor

2092 3691 2283 3746 doctor
2322 3706 2444 3748 esse
2472 3691 2760 3756 Ecclesiae,
2810 3693 2981 3748 debeo
3023 3703 3234 3762 tacere;
3290 3714 3476 3752 verum
3509 3701 3674 3769 mihi-

2093 3783 2309 3851 metipsi
2348 3797 2456 3838 non
2521 3800 2750 3854 parcens
2801 3798 2994 3843 cuncta
3053 3789 3304 3844 revelabo
3367 3807 3489 3858 quae
3526 3793 3668 3847 dicta

2091 3883 2238 3937 sunt,
2266 3882 2327 3929 ut
2363 3885 2651 3931 convertar
2681 3893 2711 3931 a
2739 3877 2904 3944 vitiis,
2940 3890 3001 3933 ut
3023 3880 3146 3934 fiam
3180 3897 3286 3934 non
3315 3898 3378 3936 es
3413 3883 3498 3937 his
3529 3900 3670 3955 quos

2093 3965 2372 4035 Scriptura
2409 3981 2554 4021 nunc
2595 3967 2841 4036 corripit,
2876 3968 2969 4022 sed
3011 3984 3077 4023 ex
3114 3969 3198 4024 his
3224 3971 3316 4040 qui
3360 3988 3666 4030 sermonem

2091 4057 2184 4112 Dei
2227 4057 2508 4112 verissime
2558 4057 2916 4126 praedicantes
2969 4059 3020 4112 in
3060 4059 3296 4117 Ecclesia
3343 4066 3667 4122 exstiterunt

2093 4148 2357 4218 magistri.
2414 4146 2678 4216 Propheta
2727 4163 2880 4216 super
2917 4153 3196 4220 prophetas
3232 4152 3405 4209 Israel
3431 4160 3523 4228 qui
3544 4177 3667 4229 pro-

2089 4241 2323 4309 phetant,
2357 4248 2404 4291 et
2434 4237 2575 4290 dices
2613 4238 2874 4306 prophetis
2929 4239 3050 4307 Quo
3075 4244 3234 4297 modo
3269 4259 3406 4314 opus
3434 4249 3666 4319 prophe-

2091 4340 2269 4382 tarum
2301 4339 2417 4381 erat
2449 4327 2565 4382 htec
2596 4327 2789 4397 spiritu
2836 4331 3128 4400 praedicere
3170 4348 3292 4402 quae
3321 4336 3664 4406 videbantur,

2088 4421 2167 4474 sic
2193 4419 2380 4474 eodem
2409 4419 2596 4487 spiritu
2628 4434 2764 4487 opus
2796 4429 2879 4474 est
2914 4422 2961 4475 ei
2998 4423 3089 4492 qui
3125 4439 3394 4494 exponere
3422 4429 3569 4498 cupit
3601 4449 3663 4488 ca

2263 4566 2308 4594 ⁷³⁵
2337 4563 2531 4617 lim-ch.
2562 4577 2680 4627 xm,
2704 4562 2758 4616 ἑ.
2833 4564 2877 4594 ⁸⁴²
2902 4565 3032 4620 ibid.
3072 4566 3123 4620 9.

478 4713 554 4772 (Si
589 4711 868 4777 Videamus
890 4726 1034 4777 erqo,
1047 4722 1165 4777 etc.
1198 4711 1418 4777 Catena:
1438 4725 1583 4777 mss.
1613 4708 1762 4763 hunc
1794 4706 1972 4760 locum

2092 4705 2260 4777 ῦᾲγια,
2293 4702 2690 4777 τὰί-ξτξουράνιᾳ
2740 4705 2833 4756 καὶ
2865 4704 3185 4777 τᾲιὲπίγεια
3227 4706 3321 4777 καὶ
3371 4707 3438 4760 τὰ
3490 4726 3654 4765 stata-

401 4772 587 4862 ᾂηερθ
614 4775 692 4862 sic
721 4775 924 4862 habent
949 4772 1181 4862 2;:EG'1W
1210 4775 1387 4858 Libaivj
1404 4777 1470 4862 ,ὲν
1491 4775 1708 4862 ἑκάστῳ
1731 4777 1854 4862 (ibi?
1878 4781 1976 4862 Ξὴν

401 4843 601 4913 ψυχὴν.
637 4845 694 4896 ὲν
724 4843 939 4912 ἑκάστῳ
965 4842 1023 4896 δὲ
1061 4842 1334 4913 προσώπῳ
1362 4842 1460 4906 ’ἑὰς
1487 4842 1743 4916 δυνὰμέις
1774 4842 1974 4918 αὖτῆξο

405 4913 466 4965 τὸ
490 4913 801 4988 λογιστφςὸκί
822 4914 879 4964 ὲν
910 4909 988 4980 τῷ
1013 4910 1312 4988 ᾁνθρώπέρ·
1342 4913 1404 4988 ἐδ
1429 4913 1663 4988 Θυμικδγ
1676 4918 1752 4988 Δὲν
1781 4918 1856 4988 τῷ
1884 4920 1976 4972 λέ-

405 4997 556 5058 ovet:
581 4982 656 5058 τὺΔ
684 4981 1074 5058 ὲ-πιθυεξῃτικὸν
1103 4981 1263 5058 ἐκ.τῂ
1308 4981 1524 5058 μόρχῳξ·
1558 4985 1616 5058 ἐγ
1643 4984 1700 5058 ξὲ
1712 4987 1809 5058 μτῷ
1831 4981 1978 5058 ἆετῷ

406 5052 502 5121 τῂν
531 5049 829 5121 βοηθοῦσαν
853 5049 1294 5121 δύναμιντέοϐεν
1311 5049 1319 5051 ἡ
1336 5049 1472 5104 est;
1497 5054 1559 5105 ἐκ
1586 5049 1790 5121 δεξιᾶιν’
1805 5049 1980 5113 ταῦτὰ

405 5115 578 5200 ς’ίίιτεῆρ³
610 5119 751 5200 οὔτε
768 5119 828 5200 ἐξ
863 5115 1194 5200 ἀξεσξερῶν·
1235 5120 1372 5200 axis
1406 5115 1784 5200 opimae“:th
1810 5129 1978 5198 τριῶν

404 5190 680 5262 ἀνωτέρω.
708 5189 876 5242 Τοῦτο
905 5189 962 5243 δέ
1006 5189 1182 5254 ἐστιν,
1229 5190 1305 5253 ὡς
1349 5189 1621 5258 φαῑὺεται,
1670 5195 1729 5248 τὸ
1761 5189 1978 5268 πνὲὖμα

403 5258 496 5329 τοᾷ
534 5259 821 5325 ἀνθρώπου
847 5258 908 5311 τὸ
938 5262 996 5330 ev
1022 5260 1171 5330 αὐτῷ
1193 5303 1212 5330 ._
1233 5259 1295 5330 τὸ
1322 5259 1548 5330 βοηθοῦν
1576 5266 1638 5322 τῆ
1672 5265 1836 5330 ψυγῆ.
1872 5269 1978 5320 Καὶ

403 5277 496 5310 του
534 5277 821 5325 ανυρωπου
847 5277 908 5311 το
938 5277 996 5313 εν
1022 5277 1201 5329 αυτῳ.
1233 5277 1295 5312 το
1322 5277 1548 5331 Ροηυυυν
1576 5277 1638 5322 τη
1672 5277 1836 5332 φυγὴ.
1872 5277 1969 5320 Kad

396 5325 556 5375 τοῦτο
587 5331 871 5394 νοούμενον
903 5327 1004 5378 οὐκ
1052 5327 1308 5394 ἀσφαλὲς,
1368 5332 1553 5398 ἕτερον
1611 5330 1667 5381 δὲ
1711 5333 1868 5382 τοῦτο
1907 5337 1969 5382 τὸ

398 5393 616 5444 πνεῦμα.
649 5395 718 5444 uit
753 5393 990 5444 λεγέσθω
1014 5392 1148 5444 εἶναι
1181 5397 1331 5444 πειοὰ
1355 5396 1414 5444 τὸ
1441 5397 1786 5444 ἡγεμονικόν-
1817 5398 1969 5444 Τινὲς

398 5395 616 5462 πνεῦμα.
687 5395 720 5464 ὴ
753 5395 990 5462 λεγέσθω
1014 5395 1148 5478 slva}
1181 5397 1331 5467 παρὰ
1355 5396 1414 5448 τὸ
1441 5395 1786 5467 ἡγεμονικόν.
1817 5398 1970 5461 Τινὲς

395 5461 452 5515 δὲ
481 5466 573 5538 {cui
602 5411 939 5538 eammeam
969 5466 1039 5520 τὰ
1064 5465 1178 5530 {tua
1208 5466 1398 5538 ei;_~:b
1439 5467 1863 5538 τετραπέρατον·
1900 5469 1970 5521 τὰ

398 5532 665 5608 πρόσωτξα
687 5529 776 5608 si;
809 5534 876 5586 τὰ
906 5529 1161 5608 στοιχέῖα·
1200 5529 1365 5608 ἐξίῶν
1399 5529 1694 5608 συνέστηκέ
1738 5538 1858 5592 τόδε
1906 5539 1967 5591 τὸ

396 5605 521 5678 πᾶν·
539 5602 696 5678 τοῇτρ
714 5603 771 5678 se
799 5602 1131 5678 nazgpepég.
1157 5607 1343 5678 obsto;
1362 5603 1463 5678 γοῦν
1488 5602 1768 5662 ὲλαῦνεται
1789 5609 1966 5662 πάντα

394 5671 497 5724 ὑπὸ
519 5672 619 5748 ,τοῦ
653 5673 827 5748 Λᾴγοξ)
858 5671 1131 5748 faviSed-3,
1151 5676 1252 5748 σοῦ
1306 5677 1562 5748 φέροντος
1589 5678 1647 5748 ὲν
1673 5678 1848 5748 ἑαυτῷ
1880 5678 1970 5730 τὸν

391 5742 607 5816 ,πατέρα
638 5743 734 5816 ξφ.
765 5741 826 5816 ἐδ
858 5743 1258 5816 ἅγιον-Πνεῦμα.
1298 5741 1355 5798 ἔν
1377 5741 1563 5816 ὶρύσει,
1597 5747 1717 5816 οὐχὶ
1749 5741 1969 5800 ὲνῦπο-

395 5810 602 5865 oraret.
637 5810 950 5866 Ἐλαύνετὰι
978 5810 1070 5868 οὖν
1122 5810 1237 5886 ήτὸι
1269 5810 1595 5887 κυϐέρνᾶται
1639 5810 1704 5869 ’ἑὰ
1737 5817 1970 5888 ὑπερθυ-

586 5910 857 5970 Ρλνιπιιοι..
902 5910 1016 5968 Gn.
1069 5911 1239 5973 XIII.

2083 4771 2636 4856 χθόνιαίηῑξίάξτεξεεξ
2674 4772 3018 4856 inl‘quolibet
3055 4771 3276 4856 animali
3323 4779 3579 4856 animum,
3609 4792 3657 4856 et

2083 4841 2139 4897 in
2159 4841 2390 4913 qualibet
2430 4842 2567 4910 facie
2603 4841 2889 4913 facultates
2917 4843 3031 4910 ejus
3051 4858 3070 4895 :
3101 4844 3412 4913 facultatem
3435 4841 3656 4906 ratio-uis

2081 4914 2136 4986 in
2158 4911 2401 4973 homine;
2426 4915 2560 4986 iram
2590 4911 2856 4986 in_leone‘;
2881 4911 3356 4986 concupiscentiam
3377 4918 3433 4971 in
3460 4921 3658 4986 vitulo;

2081 4985 2328 5059 virtutem
2382 4981 2771 5059 auxiliatricem
2803 4981 2891 5059 ,ἔρι’
2937 4981 3136 5051 aquila.
3189 4983 3360 5059 __Unde
3415 5005 3576 5059 neque
3623 4981 3656 5042 ἁ

2081 5053 2310 5113 dextris,
2351 5067 2513 5116 neque
2541 5068 2573 5102 a
2607 5050 2840 5103 sinistris
2871 5050 2990 5104 lucc
3018 5069 3127 5106 esse
3163 5054 3321 5116 dixit,
3367 5060 3455 5110 sed
3488 5050 3654 5112 tribus

2079 5122 2374 5189 superiora.
2415 5120 2516 5173 llic
2553 5128 2750 5182 autem,
2801 5129 2859 5172 ut
2915 5123 3137 5186 videtur,
3168 5126 3388 5189 spiritus
3422 5128 3652 5183 hominis

2078 5191 2252 5261 quiin
2293 5191 2407 5258 ipso
2446 5199 2543 5251 est,
2578 5190 2772 5243 anima:
2810 5191 3129 5248 auxiliatur.
3165 5190 3278 5247 Hoc
3323 5211 3439 5248 vero
3465 5199 3540 5250 sic
3570 5201 3650 5249 in-

2070 5261 2334 5331 te‘llectunt
2367 5276 2471 5312 non
2500 5270 2576 5312 est
2607 5267 2800 5331 tutum,
2835 5265 2925 5312 sed
2985 5262 3068 5314 hic
3096 5261 3313 5331 spir'itus
3342 5267 3474 5318 nihil
3499 5267 3650 5319 aliud

2066 5346 2177 5383 esse
2202 5329 2434 5395 dicatur,
2458 5344 2617 5398 quant
2637 5329 2877 5397 princeps
2904 5332 3096 5386 anima:
3122 5329 3370 5396 facultas.
3418 5333 3648 5397 Quidam

2074 5398 2334 5472 animalia
2385 5409 2738 5472 exposuerunt
2798 5400 2863 5472 de
2903 5410 3133 5469 quatuor
3191 5404 3374 5472 mundi
3419 5404 3647 5472 ﬁnibus;

2073 5470 2236 5537 facies
2263 5469 2328 5521 de
2357 5468 2646 5538 elementis,
2675 5483 2702 5521 e
2725 5468 2923 5538 quibus
2961 5486 3135 5523 rerum
3181 5471 3293 5525 haec
3333 5468 3649 5530 universitas

2071 5540 2302 5607 conﬂata
2333 5548 2429 5592 est.
2466 5537 2568 5613 Sed
2595 5537 2714 5613 hac.
2729 5537 3019 5607 explicatio
3050 5542 3402 5613 crassiorcst.
3429 5545 3518 5596 Sic
3546 5546 3648 5613 igi-

2070 5605 2381 5660 tur'cuncta
2403 5625 2436 5660 a
2460 5607 2555 5660 Dei
2597 5605 2760 5661 Verbo
2789 5605 3040 5677 aguntur,
3061 5611 3257 5678 ferente
3279 5611 3333 5663 in
3356 5630 3408 5664 se
3434 5605 3647 5671 Ραινὲιτι

2049 5689 2122 5752 -e_t
2151 5678 2411 5752 Spiritum
2443 5679 2768 5752 senatumin
2829 5692 3046 5752 natura,
3101 5695 3205 5733 non
3254 5682 3307 5734 in
3349 5685 3642 5752 hypostasi.

2073 5749 2317 5825 Aguntur
2359 5748 2552 5816 itaque,
2593 5748 2647 5825 id
2681 5756 2772 5825 est_
2806 5747 3187 5825 gubernantur,
3231 5747 3645 5825 superi-adesis,

2073 5817 2321 5877 cariestia.
2380 5819 2653 5871 terrestria
2675 5827 2724 5871 et
2755 5817 2985 5888 inferna.

3143 5916 3222 5973 (ἃ
