4070 6296
566 346 671 399 635

1745 350 2070 408 ORIGENIS
2110 353 2175 406 IN
2219 349 2652 412 EZECHIELEM

3722 363 3830 418 GSI

565 482 688 535 qua:
729 474 856 519 sunt
905 465 1126 517 latenter
1141 462 1473 532 signiﬁcata,
1514 472 1577 518 ut
1626 476 1892 521 monstret
1929 483 2034 521 non
2071 470 2136 522 ad
2168 478 2212 533 Α
2243 469 2348 522 tuis
2365 469 2772 538 justiﬁcaberis,
2798 482 2847 524 et
2877 487 2943 524 ea:
2964 473 3290 527 sermonibus
3313 475 3416 527 tuis
3440 476 3834 534 condemnabe-

564 569 688 609 eum
727 553 840 608 fieri
885 551 1244 620 prophetiam,
1274 550 1368 620 qui
1407 561 1600 607 contra
1632 551 1725 608 Dei
1756 555 1916 610 docet
1947 557 2138 610 volun—

566 657 751 712 tatem,
781 643 874 713 qui
905 627 1189 712 prophetat
1233 641 1300 697 de
1345 642 1513 726 corde
1556 659 1674 699 suo.
1727 641 1886 701 Juxta
1930 648 2138 718 simpli-

563 748 676 786 cem
723 728 940 798 quidem
977 729 1341 796 intellectum,
1375 731 1596 801 quidam
1641 733 2022 802 prophetarum
2070 739 2137 793 de

560 827 742 880 divino
777 824 979 895 Spiritu
1016 826 1333 895 loquentes,
1381 843 1488 882 non
1531 828 1598 883 de
1628 829 1792 884 corde
1832 846 1932 884 suo
1971 831 2133 885 locuti

558 926 701 980 sunt,
756 916 849 970 sed
891 917 957 971 de
1009 932 1170 971 sensu
1207 915 1336 984 Dei;
1388 917 1609 987 quidam
1651 935 1778 974 vero
1816 920 2133 976 simulantes

555 1027 612 1063 se
644 1009 932 1078 prophetas
954 1049 970 1074 ,
1021 1018 1183 1078 atque
1209 1008 1451 1064 dicentes
1489 1029 1502 1064 :
1539 1007 1663 1066 Haec
1689 1012 1818 1066 dicit
1846 1011 2130 1079 Dominus,

555 1098 784 1153 Domino
820 1115 927 1153 non
973 1099 1229 1168 loquente
1263 1100 1315 1154 in
1344 1101 1457 1165 eis,
1519 1103 2000 1174 pseudopropheta:
2039 1120 2132 1159 ex-

552 1191 823 1244 stiterunt.
857 1188 1043 1245 Potest
1071 1199 1252 1245 autem
1288 1199 1344 1245 et
1384 1207 1547 1261 super
1579 1208 1674 1247 eos
1715 1192 1812 1263 qui
1852 1196 2045 1250 docent
2074 1195 2126 1249 in

553 1282 830 1346 Ecclesiis.
860 1285 904 1338 si
937 1285 1094 1338 aliter
1123 1301 1285 1355 quam
1311 1274 1486 1355 poscit
1512 1289 1712 1350 veritas
1742 1290 1959 1358 docent,
1989 1307 2127 1361 prae-

549 1391 673 1430 sens
701 1391 881 1430 sermo
922 1391 1240 1448 congruere.
1291 1377 1346 1432 Si
1368 1380 1490 1449 quis
1531 1381 1692 1435 etiam
1725 1397 1788 1436 ea
1823 1398 1942 1452 qua:
1967 1379 2125 1438 Jesus

547 1465 802 1522 Christus
840 1457 1104 1524 Dominus
1135 1469 1346 1524 locutus
1387 1480 1511 1537 est,
1555 1471 1671 1540 ipsa
1719 1488 1871 1542 atque
1913 1473 2122 1541 doceat,

550 1573 656 1612 non
687 1557 754 1610 de
805 1559 966 1613 corde
1018 1575 1152 1623 suo,
1198 1559 1291 1613 sed
1325 1560 1390 1614 de
1419 1559 1622 1630 Spiritu
1657 1573 1844 1617 sancto
1886 1565 2125 1633 loquitur

548 1663 827 1702 sermones
851 1647 969 1701 Filii
1003 1648 1094 1702 Dei
1117 1648 1266 1704 Jesu.
1301 1651 1357 1704 Si
1389 1652 1660 1706 consentit
1689 1654 1860 1708 sancti
1887 1654 2122 1724 Spiritus

548 1740 831 1804 voluntati,
868 1741 984 1810 ejus
1028 1741 1119 1811 qui
1153 1741 1206 1795 in
1236 1743 1498 1812 apostolis
1541 1743 1755 1800 loeutus
1785 1756 1890 1809 est,
1920 1762 2027 1800 non
2055 1748 2121 1802 de

546 1834 708 1887 corde
730 1834 948 1903 proprio
973 1834 1230 1904 loquitur,
1259 1835 1351 1889 sed
1376 1835 1440 1888 de
1471 1835 1634 1890 corde
1661 1834 1899 1906 Spiritus
1923 1839 2117 1904 sancti,

546 1924 640 1993 qui
672 1934 756 1978 est
786 1924 998 1979 locutus
1031 1925 1084 1978 in
1115 1923 1301 1989 Paulo,
1337 1924 1431 1993 qui
1465 1933 1546 1979 est
1590 1925 1806 1981 locutus
1837 1926 1890 1980 in
1936 1925 2116 1990 Petro,

543 2022 599 2066 et
623 2013 677 2066 in
703 2014 912 2068 ctrteris
955 2014 1218 2082 apostolis
1243 2023 1327 2068 est
1353 2015 1588 2070 locutus.
1639 2015 1695 2070 Si
1737 2017 1860 2085 quis
1892 2032 2020 2071 vero
2050 2017 2120 2071 le-

543 2118 674 2173 gens
707 2103 1081 2172 Evangelium,
1116 2105 1395 2174 proprium
1431 2121 1654 2161 sensum
1696 2117 1846 2176 aptat
1877 2105 2120 2178 Evange-

543 2195 638 2262 lio,
679 2210 785 2250 non
823 2197 895 2250 ita
935 2196 1240 2266 intelligens
1264 2205 1323 2250 ut
1351 2195 1613 2252 Dominus
1643 2198 1858 2253 locutus
1880 2208 1983 2263 est,
2017 2200 2118 2255 iste

544 2287 712 2344 falsus
759 2288 1020 2358 propheta
1076 2296 1159 2342 est
1205 2288 1433 2356 loquens
1468 2287 1536 2343 de
1575 2289 1738 2344 corde
1785 2287 2009 2360 preprio
2057 2292 2116 2347 in

543 2379 853 2452 Evangelio.
888 2379 952 2434 Et
993 2381 1059 2434 de
1107 2380 1373 2436 haereticis
1403 2380 1622 2451 quidem
1655 2383 1791 2436 nihil
1817 2384 2114 2440 absurdum

540 2481 624 2526 est
650 2472 766 2526 haec
798 2471 939 2526 dicta
973 2470 1290 2539 intelligere.
1331 2470 1610 2527 Disserunt
1645 2474 1841 2543 quippe
1871 2473 2027 2544 quasi
2059 2474 2115 2530 in

540 2563 868 2632 Evangeliis,
916 2573 970 2618 et
1015 2565 1176 2634 quasi
1203 2563 1270 2619 de
1300 2564 1596 2634 apostolis,
1641 2564 1852 2620 αἰώνων
1885 2579 2112 2622 suorum

541 2654 753 2708 fabulas
805 2656 1026 2724 proprio
1076 2655 1244 2711 corde
1288 2665 1654 2724 exponentes,
1694 2672 1801 2710 non
1851 2659 1904 2712 in
1950 2659 2113 2715 corde

540 2745 777 2817 Spiritus
803 2747 997 2802 sancti.
1029 2745 1214 2816 Neque
1241 2747 1384 2800 enim
1409 2756 1636 2815 possunt
1660 2747 1841 2803 dicere
1869 2743 1912 2780 ⁸⁸
1949 2767 1964 2804 :
1997 2745 2110 2805 Nos

538 2849 712 2894 autem
733 2854 940 2892 sensum
975 2837 1173 2892 Christi
1205 2836 1474 2902 habemus,
1505 2846 1562 2890 ut
1591 2835 1852 2891 videamus
1893 2854 1955 2892 ea
1995 2854 2112 2909 cute

537 2946 570 2983 α
603 2927 712 2982 Deo
745 2928 942 2981 donata
983 2935 1104 2981 sunt
1143 2925 1312 2980 uobis.
1353 2924 1490 2980 Cum
1533 2935 1712 2980 autem
1747 2936 1800 2980 et
1837 2942 1999 2996 super
2025 2943 2112 2982 me

538 3019 742 3076 venerit
762 3018 854 3088 qui
892 3016 1046 3072 dicor
1093 3015 1520 3084 ecclesiasticus,
1542 3016 1635 3086 qui
1670 3017 1876 3085 accipio
1911 3017 2111 3073 librum

2241 561 2336 626 ris,
2371 563 2526 629 quasi
2565 561 2783 616 habenti
2825 575 2933 616 non
2963 575 3156 618 omnes
3194 577 3474 620 sermones
3515 567 3585 620 de
3619 570 3831 637 quibus

2233 651 2646 721 justiliearetur,
2667 667 2840 722 neque
2873 668 3092 707 rursum
3118 670 3306 710 omnes
3323 671 3605 712 sermones
3621 660 3688 712 de
3706 661 3806 728 qui
3821 693 3833 700 -

2236 743 2338 798 bus
2351 745 2824 800 condemnaretur.
2842 744 2898 799 Si
2917 747 3118 816 aliquis
3134 762 3163 801 a
3183 749 3529 804 sermonibus
3547 765 3725 819 purus
3740 745 3832 805 est

2235 835 2445 900 alienis,
2468 843 2522 891 et
2543 838 2624 891 eis
2651 836 2745 906 qui
2775 840 2989 907 possint
3007 840 3353 908 reprehendi,
3379 856 3448 894 ex
3470 843 3829 897 sermonibus

2235 926 2350 980 suis
2377 926 2789 994 justiﬁcahitur,
2812 937 2866 982 et
2893 942 3003 980 non
3029 929 3505 984 condemnabitur.
3539 928 3596 985 Si
3628 944 3825 987 autem

2235 1027 2509 1087 nunquam
2540 1029 2682 1072 recte
2708 1018 2922 1074 locutus
2948 1028 3053 1086 est,
3074 1021 3167 1075 sed
3190 1035 3408 1090 semper
3429 1022 3660 1091 protulit
3683 1040 3824 1093 pra-

2231 1119 2319 1169 va,
2343 1122 2408 1160 ex
2433 1107 2781 1162 sermonibus
2805 1108 2921 1164 suis
2946 1109 3418 1176 condemnabitur,
3446 1119 3501 1165 et
3523 1127 3630 1165 non
3646 1114 3824 1182 justi-

2232 1198 2504 1252 ﬁcabitur.
2546 1195 2746 1252 Verum
2775 1199 2905 1268 quia
2939 1215 3041 1255 nos
3069 1201 3162 1268 qui
3196 1217 3304 1254 non
3342 1217 3534 1256 sumus
3563 1215 3630 1257 ex
3660 1207 3820 1259 omni

2229 1299 2383 1358 parte
2411 1288 2660 1360 perfecti,
2697 1305 2874 1359 neque
2901 1291 2981 1345 sic
3010 1291 3244 1346 dicimus
3275 1303 3331 1347 ut
3358 1308 3575 1364 semper
3602 1294 3822 1364 justiti-

2227 1396 2435 1446 cemur,
2478 1396 2654 1451 neque
2684 1382 2764 1436 sic
2793 1396 2825 1436 e
2858 1381 3137 1436 contrario
3169 1397 3360 1438 sumus
3399 1395 3718 1453 peccatores
3755 1398 3814 1442 ut

2227 1485 2440 1540 semper
2473 1470 2901 1526 condemnemur
2940 1488 2956 1524 :
2989 1479 3046 1525 et
3089 1470 3353 1526 habemus
3386 1473 3492 1528 alia
3533 1475 3700 1529 verba
3743 1491 3814 1531 ex

2225 1562 2424 1631 quibus
2451 1561 2832 1630 justiﬁeemur,
2865 1570 2918 1615 et
2963 1562 3068 1616 alia
3109 1577 3174 1616 ex
3219 1563 3420 1632 quibus
3461 1566 3822 1623 «indemne—

2227 1667 2384 1705 mur:
2419 1651 2562 1705 Deus
2600 1662 2764 1720 super
2808 1660 3068 1706 stateram
3119 1668 3273 1707 suam
3319 1661 3548 1725 utraque
3593 1674 3809 1725 ponens

2223 1743 2476 1812 expendit
2508 1743 2817 1812 diligenter,
2846 1752 2902 1797 et
2922 1745 3133 1813 judieat
3154 1746 3207 1798 in
3233 1746 3433 1815 quibus
3456 1748 3638 1816 justus
3671 1751 3808 1816 sim,

2223 1841 2276 1887 et
2306 1833 2358 1887 in
2399 1833 2600 1902 quibus
2632 1834 2976 1890 sermonibus
3006 1835 3474 1892 condemnandus.
3512 1836 3670 1903 Quod
3703 1856 3811 1894 au-

2225 1931 2332 1978 tem
2363 1924 2416 1977 in
2449 1925 2798 1979 sermonibus
2821 1923 2968 1991 facit,
3000 1925 3103 1979 hoc
3128 1924 3267 1978 idem
3299 1925 3426 1980 facit
3450 1936 3505 1981 et
3530 1927 3583 1980 in
3609 1929 3804 1998 gestis.

2219 2012 2451 2068 Necesse
2484 2020 2568 2068 est
2595 2014 2740 2068 enim
2767 2025 2830 2068 ut
2867 2015 2980 2069 sint
3006 2014 3112 2068 alia
3147 2016 3288 2068 facta
3323 2016 3378 2068 in
3405 2017 3610 2085 quibus
3633 2017 3806 2086 justi-

2220 2105 2468 2169 Iicemur,
2505 2117 2559 2158 et
2607 2105 2712 2158 alia
2759 2107 2814 2159 in
2859 2107 3058 2175 quibus
3101 2106 3549 2161 condemnemur.
3608 2107 3801 2180 Neque

2218 2197 2366 2251 enim
2395 2198 2475 2251 sic
2501 2195 2772 2266 perlectus
2810 2211 2955 2264 sum,
2988 2206 3044 2251 ut
3087 2199 3270 2251 omnia
3303 2196 3442 2252 facta
3471 2198 3701 2254 habeam
3737 2200 3797 2254 in

2217 2289 2418 2360 quibus
2435 2290 2617 2359 justus
2645 2289 2929 2354 exsistam,
2971 2303 3146 2358 neque
3177 2287 3256 2343 sic
3281 2299 3553 2358 peceator,
3579 2301 3640 2344 ut
3661 2291 3796 2344 talia

2216 2386 2412 2434 cuncta
2445 2373 2687 2442 fecerim,
2709 2391 2831 2446 qua:
2851 2391 2938 2430 me
2960 2391 3025 2430 ex
3052 2376 3201 2431 omni
3227 2388 3382 2446 parte
3405 2379 3792 2434 condemnem.

2217 2469 2350 2526 Esse
2381 2479 2562 2525 autem
2591 2477 2646 2524 et
2680 2470 2784 2523 alia
2825 2469 2965 2522 facta
3000 2469 3335 2534 istiusmodi,
3365 2477 3418 2523 et
3449 2469 3551 2522 alia
3591 2469 3789 2524 istius-

2215 2561 2382 2626 modi,
2416 2576 2482 2616 ex
2507 2561 2610 2616 hoc
2638 2557 2988 2614 manifestum
3019 2568 3104 2614 est
3129 2559 3276 2628 quod
3305 2559 3500 2614 dicitur
3523 2559 3568 2590 ⁸⁵
3595 2578 3608 2613 :
3637 2559 3790 2624 Quo-

2214 2656 2458 2706 rumdam
2496 2653 2764 2706 hominum
2789 2661 3005 2721 peccata
3029 2650 3310 2720 manifesta
3343 2660 3464 2703 sunt
3489 2653 3788 2718 priet-eden-

2214 2745 2290 2797 tiu
2316 2746 2384 2797 ad
2404 2744 2693 2813 judicium,
2725 2742 3074 2814 quorumdam
3097 2752 3272 2795 autem
3295 2751 3345 2795 et
3373 2741 3779 2811 subsequuntur.

2213 2831 2474 2888 Similiter
2498 2844 2672 2888 autem
2696 2841 2744 2887 et
2769 2832 2902 2886 bona
2927 2833 3073 2902 facta
3099 2832 3378 2902 manifesta
3413 2845 3559 2897 sunt,
3591 2846 3640 2888 et
3667 2848 3789 2902 quas

2213 2925 2368 2979 aliter
2407 2926 2664 2980 habentur
2695 2925 2858 2979 latere
2897 2941 3001 2979 uou
3043 2937 3280 2994 possunt.
3319 2923 3500 2996 Eque
3527 2927 3592 2980 de
3623 2925 3785 2978 intel-

2211 3015 2463 3072 lectibus.
2491 3016 2718 3088 Pr0pter
2747 3018 2892 3087 quod
2916 3027 2972 3072 et
2993 3017 3134 3072 inter
3160 3033 3218 3072 se
3241 3017 3470 3072 invicem
3495 3017 3780 3087 cegitatio-

535 3121 807 3173 sanctum,
855 3119 910 3164 et
951 3109 1095 3163 nitor
1136 3124 1260 3164 eum
1300 3107 1660 3178 interpretari,
1711 3107 1814 3164 hoc
1861 3110 2004 3180 quod
2044 3110 2179 3189 dcc
2215 3117 2344 3158 llum
2404 3106 2777 3158 accusantium
2841 3107 2956 3159 sive
3013 3103 3460 3160 satisiacientium
3513 3105 3784 3174 judicium

539 3199 803 3255 luet-elicis
839 3197 1061 3267 intelligi
1107 3206 1308 3266 potest,
1335 3210 1521 3265 quaeso
1552 3195 1832 3250 audientes
1881 3203 1940 3250 ut
1981 3196 2106 3250 dili-

536 3299 720 3361 genter
748 3289 1044 3351 attendant,
1091 3296 1144 3341 et
1187 3285 1455 3355 accipiant
1492 3286 1718 3354 gratiam
1754 3285 2005 3356 Spiritus,
2041 3287 2107 3341 de

531 3393 639 3446 qua
675 3377 876 3430 dictum
907 3383 990 3428 est
1021 3373 1065 3405 ⁸²
1101 3392 1114 3427 :
1155 3371 1408 3426 Discretio
1440 3372 1743 3441 spirituum,
1791 3379 1851 3425 ut
1896 3367 2104 3440 probati

533 3467 812 3537 trapezita:
840 3466 964 3520 lacti
985 3505 1000 3532 ,
1051 3463 1334 3532 diligenter
1371 3462 1661 3516 observent
1689 3463 1906 3530 quando
1937 3460 2106 3517 falsus

531 3559 632 3611 sint
667 3556 939 3628 magister,
964 3553 1180 3625 quando
1211 3568 1338 3608 vero
1374 3551 1660 3622 praedicem
1689 3561 1809 3620 quae
1844 3559 1970 3606 sunt
1993 3551 2106 3622 pie~

531 3650 656 3703 tatis
702 3663 764 3703 ac
801 3645 1061 3699 veritatis.
1096 3637 1150 3696 Si
1197 3641 1380 3712 itaque
1413 3641 1630 3697 invenio
1657 3641 1710 3696 itt
1737 3639 1939 3712 Moyse,
1967 3651 2021 3697 et
2050 3643 2102 3696 in

529 3738 806 3808 prophetis
835 3733 995 3807 363
1042 3739 1260 3788 sensum
1283 3727 1517 3797 ChriSti,
1553 3744 1658 3784 non
1685 3730 1752 3784 de
1781 3729 1944 3785 col-de
1975 3739 2102 3799 pro-

528 3833 667 3902 prio,
706 3831 798 3885 sed
841 3830 908 3884 de
938 3827 1141 3897 Sp-ritu
1183 3809 1371 3881 sancto
1412 3823 1624 3893 loquor.
1675 3820 1729 3876 Si
1761 3829 1942 3875 autem
1972 3821 2103 3875 nihil

529 3910 829 3994 congruum
867 3919 1167 3986 inveniens,
1211 3915 1564 3986 mihimetipsi
1597 3915 1844 3984 cetiﬁngo
1875 3925 1995 3984 qua:
2025 3913 2092 3967 lo~

527 4033 704 4089 quar,
747 4017 1015 4070 ﬂuctuans
1065 4013 1119 4067 in
1174 4009 1520 4067 sermonibus
1567 4007 1660 4076 qui
1704 4015 1833 4061 sunt
1869 4006 2030 4061 alieni
2071 4023 2100 4059 a

529 4111 636 4166 Deo
659 4151 673 4173 .
723 4109 792 4164 de
827 4123 950 4163 meo
997 4105 1178 4178 potius
1209 4102 1373 4160 corde
1409 4115 1573 4173 quam
1611 4099 1677 4155 de
1711 4099 1803 4154 Dei
1851 4099 2100 4154 sensibus

527 4202 739 4272 loquor.

596 4296 650 4350 5.
691 4293 980 4361 Propheta,
1005 4301 1054 4342 et
1087 4290 1228 4342 dices
1264 4285 1530 4355 prophetis
1566 4283 1658 4354 qui
1696 4283 2012 4352 prophetaut
2037 4281 2100 4334 de

525 4385 679 4439 corde
703 4400 820 4435 suo.
850 4379 968 4432 Non
993 4379 1069 4430 ait
1090 4377 1406 4444 simpliciter
1428 4375 1494 4428 de
1520 4375 1704 4436 corde,
1727 4372 1820 4426 sed
1843 4373 1908 4426 de
1936 4371 2098 4424 corde

2213 3211 2300 3249 me
2353 3206 2630 3266 exSpectat
2687 3198 2754 3251 de
2811 3198 3064 3252 omnibus
3113 3214 3235 3267 quae
3293 3198 3468 3262 facio,
3519 3215 3640 3267 qua:
3699 3199 3782 3250 in-

2211 3287 2413 3357 telligo,
2455 3299 2574 3356 qua:
2608 3288 2823 3357 loquor,
2872 3297 2925 3342 et
2974 3289 3216 3343 incertus
3244 3289 3492 3358 opperior
3519 3289 3784 3358 quidnam

2213 3378 2340 3431 mihi
2377 3379 2429 3431 in
2475 3378 2569 3432 illo
2603 3375 2812 3447 judicio
2851 3379 2923 3433 sit
2955 3378 3236 3444 futurum;
3269 3389 3581 3448 quantoque
3609 3394 3786 3447 magis

2208 3469 2376 3524 timor
2407 3467 2501 3523 Dei
2535 3469 2668 3522 mihi
2697 3469 2958 3523 incutitur
2991 3470 3057 3523 ad
3085 3469 3391 3538 recipienda
3423 3480 3624 3525 cuneta
3652 3487 3780 3540 qua:

2205 3558 2340 3627 feci,
2371 3563 2522 3615 tanto
2554 3561 2727 3630 magis
2757 3561 3038 3615 custodire
3073 3577 3160 3616 me
3191 3560 3388 3627 debeo,
3413 3560 3621 3614 utinam
3651 3561 3783 3631 qui.

2205 3652 2326 3706 dem
2354 3653 2424 3706 ab
2451 3651 2706 3706 omnibus
2739 3651 3009 3720 peccatis!
3043 3652 3126 3706 sin
3161 3661 3340 3706 autem
3371 3652 3473 3707 hoc
3500 3668 3605 3706 non
3645 3669 3774 3722 pos-

2205 3760 2348 3808 sum,
2381 3743 2572 3798 saltem
2613 3758 2808 3811 queam
2846 3758 2878 3796 ε
2924 3744 3199 3800 maximis.
3251 3743 3377 3797 Ilaec
3420 3743 3487 3797 de
3529 3759 3604 3797 eo
3629 3743 3783 3812 quod

2206 3833 2590 3912 proposuimus
2609 3832 2676 3886 de
2697 3831 2994 3900 prophetis,
3024 3834 3118 3900 qui
3153 3832 3480 3900 prophetam
3510 3833 3577 3886 de
3605 3833 3772 3886 conte

2204 3935 2326 3983 suo,
2351 3921 2416 3973 ad
2439 3935 2578 3989 quos
2597 3921 2793 3974 dicitur
2825 3939 2839 3974 :
2864 3921 3060 3974 Audite
3089 3938 3376 3975 sermonem
3407 3921 3638 3985 Domini,
3664 3924 3774 3976 [nec

2201 4011 2331 4064 dicit
2369 4011 2577 4064 Adonai
2617 4010 2868 4065 Dominus
2912 4027 2931 4065 :
2985 4010 3074 4066 Va:
3123 4015 3186 4066 iis
3221 4013 3311 4082 qui
3349 4016 3663 4082 prophetarit
3707 4016 3776 4066 de

2198 4103 2355 4157 corde
2391 4119 2509 4166 suo,
2556 4104 2647 4173 qui
2690 4101 2964 4156 ambulant
3005 4113 3118 4172 past
3167 4105 3412 4172 spiritum
3447 4121 3624 4158 suum.
3655 4103 3772 4157 Duo

2200 4203 2418 4264 peccatu
2445 4204 2592 4258 sunt,
2633 4210 2799 4248 unum
2831 4196 3034 4260 cordis,
3072 4196 3218 4249 aliud
3250 4196 3492 4264 spiritus.
3525 4194 3770 4248 Primum

2199 4286 2266 4341 de
2311 4286 2519 4342 meliori
2572 4297 2725 4356 parte
2769 4287 3072 4352 videamus,
3122 4297 3180 4341 ut
3206 4288 3480 4356 possimus
3509 4287 3670 4340 etiam
3706 4303 3771 4340 ca

2198 4393 2324 4445 quae
2361 4379 2635 4432 contraria
2674 4385 2802 4432 sunt
2849 4377 3218 4432 considerare.
3261 4377 3558 4445 Apostolus
3595 4377 3769 4444 loqui-

525 4491 645 4528 suo.
682 4472 747 4524 ιιί
779 4466 1134 4539 prop/celabis,
1162 4474 1210 4517 et
1239 4464 1378 4516 dices
1408 4463 1476 4514 ad
1498 4479 1584 4516 eos
1615 4477 1633 4515 .°
1665 4462 1858 4515 Audite
1887 4463 2098 4514 verbum
2131 4469 2170 4521 D
2204 4478 2292 4521 tur
2311 4469 2356 4500 ⁸⁸
2381 4488 2394 4523 :
2430 4469 2606 4523 Orabo
2635 4470 2848 4537 spiritu,
2883 4468 3044 4521 orabo
3074 4477 3123 4520 et
3153 4484 3332 4521 sensu.
3359 4467 3462 4532 Qui
3492 4483 3686 4520 sensus
3715 4466 3768 4518 in

530 4563 760 4617 Domini.
798 4559 922 4612 llaec
944 4558 1009 4611 ad
1044 4572 1154 4620 me,
1190 4555 1303 4608 haec
1333 4554 1399 4607 ad
1429 4568 1552 4606 eum
1575 4553 1850 4616 dicuntur,
1875 4552 1968 4620 qui
1995 4553 2094 4606 d0-

524 4667 730 4710 etorem
755 4669 813 4709 se
832 4667 952 4708 esse
980 4649 1270 4723 promittit,
1295 4657 1348 4702 ut
1378 4646 1540 4700 timor
1565 4644 1658 4699 Dei
1684 4645 1860 4714 major
1888 4645 2094 4698 oriatur

527 4748 580 4800 in
628 4745 806 4812 nobis,
847 4759 915 4799 ne
953 4741 1326 4813 periclitemur
1355 4737 1515 4809 quasi
1564 4737 1666 4793 sub
1698 4738 2092 4792 commentario

523 4839 728 4907 scripto
767 4849 873 4891 non
912 4836 980 4890 ab
1019 4833 1357 4898 hominibus,
1389 4830 1484 4885 sed
1514 4829 1584 4883 ab
1621 4830 1826 4898 angelis
1857 4829 1982 4897 Dei,
2013 4830 2092 4885 sic

526 4931 767 5004 proferre
795 4943 1120 4984 sermonem.
1154 4921 1287 4979 Novi
1320 4922 1519 4993 quippe
1544 4921 1692 4991 quia,
1723 4935 1846 4975 cum
1872 4924 2092 4992 injudi-

521 5026 608 5079 cio
630 5022 718 5077 ille
739 5021 872 5076 ordo
897 5015 1227 5081 consederit,
1250 5013 1318 5068 de
1337 5029 1449 5083 quo
1468 5011 1806 5082 prophetavit
1823 5011 2008 5068 Daniel
2021 5014 2086 5079 ⁸³,

521 5127 575 5170 et
605 5113 726 5168 libri
771 5109 968 5165 iuerint
1010 5108 1204 5176 aperti,
1241 5120 1432 5160 omnes
1476 5103 1581 5158 mei
1617 5112 1862 5169 conatus,
1898 5117 2089 5157 omnes

523 5223 660 5262 utea:
693 5201 1058 5272 expositiones
1093 5196 1438 5268 proferentur
1481 5194 1538 5248 in
1568 5193 1828 5256 medium,
1873 5193 1988 5248 sive
2037 5195 2089 5246 in

517 5290 980 5359 justilieationcm,
1017 5286 1130 5340 sive
1163 5286 1216 5338 in
1251 5281 1757 5338 condemnationem
1798 5295 1996 5334 meam.
2029 5283 2088 5334 In

519 5379 961 5450 iustiﬁcationem
1005 5374 1223 5445 quidem
1257 5373 1388 5426 mihi
1420 5379 1602 5437 erunt,
1637 5385 1761 5440 qua:
1789 5369 1925 5424 bene
1949 5367 2090 5423 dicta

523 5482 682 5537 sunt;
710 5471 762 5525 in
789 5466 1296 5526 condemnationem
1323 5473 1471 5526 vero,
1505 5477 1574 5518 ea
1595 5477 1718 5532 quae
1745 5476 1904 5518 secus
1927 5475 2093 5531 quam

525 5566 724 5618 veritas
751 5562 944 5632 poscit,
971 5559 1254 5628 explanata
1287 5575 1299 5610 :
1335 5555 1416 5609 Ex
1439 5556 1787 5619 sermonibus,
1821 5554 1999 5626 inquit
2021 5553 2087 5617 ⁸³,

2200 4558 2361 4611 corde
2389 4557 2551 4611 habet
2577 4559 2965 4612 habitaculum.
3008 4557 3248 4610 Psallam
3284 4559 3498 4626 spiritu,
3535 4555 3760 4626 psallam

2201 4661 2375 4700 sensu.
2411 4646 2578 4716 Igitur
2617 4658 2673 4700 et
2710 4648 2934 4716 spiritus
2963 4658 3066 4714 est,
3101 4657 3154 4702 et
3181 4664 3374 4702 sensus
3408 4649 3460 4700 in
3497 4647 3673 4700 nobis.
3709 4645 3770 4698 Iit

2199 4754 2310 4809 quo
2329 4739 2490 4792 modo
2522 4747 2742 4792 sanctus
2773 4747 2892 4791 orat
2919 4739 3134 4807 spiritu,
3155 4746 3280 4791 orat
3299 4746 3352 4790 et
3379 4751 3564 4800 sensu,
3593 4734 3770 4803 psallit

2199 4827 2415 4900 spiritu,
2453 4828 2630 4899 psallit
2653 4838 2704 4883 et
2738 4844 2902 4883 sensu
2939 4849 2953 4883 :
2981 4831 3182 4885 siciste
3208 4831 3298 4900 qui
3329 4839 3413 4884 est
3447 4828 3615 4883 Ialsus
3649 4841 3770 4897 pro-

2196 4924 2406 4991 phetes,
2429 4921 2495 4975 de
2525 4921 2689 4976 corde
2721 4921 2945 4990 proprio
2975 4922 3278 4991 prophetat,
3307 4931 3360 4975 et
3385 4919 3631 4974 ambulat
3665 4933 3768 4972 non

2196 5017 2318 5079 post
2339 5007 2603 5078 Spiritum
2617 5007 2731 5075 Dei,
2754 5009 2845 5063 sed
2866 5020 2989 5080 post
3003 5011 3249 5078 spiritum
3268 5025 3448 5064 suum.
3467 5008 3560 5062 Est
3576 5009 3771 5080 quippe

2197 5099 2426 5171 quidam
2459 5101 2686 5169 spiritus
2719 5100 2985 5165 hominis,
3025 5101 3118 5171 qui
3161 5111 3408 5154 versatur
3441 5099 3495 5152 in
3529 5115 3619 5159 eo,
3652 5108 3770 5167 post

2196 5208 2356 5262 quem
2389 5193 2574 5262 procul
2603 5193 2746 5247 absit
2775 5201 2833 5246 ut
2867 5207 2968 5262 ego
2995 5191 3290 5258 ambulem,
3334 5191 3427 5246 sed
3467 5191 3769 5259 intelligens

2200 5289 2448 5338 sanctum
2476 5279 2735 5350 Spiritum
2769 5279 2857 5335 Dei
2891 5289 3015 5350 post
3045 5280 3336 5335 Dominum
3364 5279 3549 5336 Iesum
3587 5293 3766 5333 meum

2199 5373 2492 5429 ambulem.
2519 5371 2703 5443 Itaque
2728 5373 3001 5442 pmpheta:
3031 5373 3125 5442 qui
3155 5373 3479 5442 prophetaut
3497 5372 3564 5426 de
3583 5373 3766 5434 corde,

2199 5471 2254 5518 et
2279 5463 2560 5518 ambulant
2588 5471 2710 5532 post
2739 5461 2988 5532 spiritum
3011 5479 3119 5516 non
3146 5471 3252 5516 tam
3278 5461 3370 5516 Dei
3394 5477 3561 5531 quam
3585 5475 3768 5525 suum,

2198 5554 2424 5610 omnino
2451 5553 2597 5624 quod
2631 5553 2815 5608 Grzece
2843 5553 3043 5607 dicitur
3067 5551 3129 5606 τδ
3161 5551 3392 5606 καθόλου
3421 5566 3531 5606 non
3563 5551 3770 5614 vident,

595 5735 634 5767 "
670 5736 838 5790 ICor.
867 5751 928 5799 ιι,
963 5734 1048 5787 ιϐ,
1121 5735 1168 5764 ⁸*
1197 5733 1366 5783 litor.
1399 5748 1494 5795 sn,
1527 5732 1612 5784 10.
1687 5733 1732 5764 ⁸³
1767 5732 1901 5785 Dan.
1935 5747 2026 5784 vn.
2099 5730 2158 5801 “l’
2189 5727 2378 5786 Matth.
2417 5744 2514 5793 xu,
2552 5727 2640 5785 δῖ.
2711 5727 2754 5758 ⁸⁵
2791 5723 2808 5780 I
2837 5725 2977 5780 Tim.
3022 5743 3071 5794 γ,
3101 5727 3191 5781 2i.
3251 5727 3297 5760 ⁵⁸
3325 5727 3341 5780 I
3374 5729 3499 5784 Cor.
3539 5745 3648 5790 ur.
3680 5728 3763 5783 i5»
