4070 6296
371 477 487 536 635
1783 476 2065 531 HOMILIA
2106 475 2171 530 ll.
3514 470 3618 524 686

375 603 437 652 et
461 602 548 650 est
570 593 818 664 ambigua
852 608 914 647 ex
949 607 1198 648 sermone
1228 592 1514 648 sententia.
1550 591 1675 647 Sive
1709 607 1855 648 errrrn
1882 608 1946 648 ea
1977 602 2022 656 Α
2053 576 2273 643 habere
2296 601 2621 643 concessum
2668 596 2771 653 est,
2813 588 2904 657 qui
2948 586 3137 642 audire
3182 602 3214 641 a
3261 586 3372 641 Deo
3421 587 3622 659 dignus

381 699 509 752 quae
534 692 661 738 sunt
688 683 960 753 generalia
980 723 996 747 ,
1046 682 1098 736 id
1133 692 1235 748 est,
1280 683 1554 754 generalia
1594 697 1702 737 non
1745 684 1949 748 vident,
2051 687 2138 734 est
2158 680 2204 713 "
2231 697 2242 732 :
2277 677 2354 732 Tu
2378 695 2495 733 vero
2514 691 2596 733 sta
2619 696 2841 733 mecum.
2866 678 3065 734 Verum
3090 693 3200 734 non
3229 679 3365 734 tales
3387 681 3635 749 pseudo--

382 775 509 831 licet
551 775 785 844 quadam
809 790 874 829 ex
918 784 1070 844 parte
1098 775 1477 844 conspiciant;
1513 774 1646 838 sive,
1680 773 1826 844 quod
1851 787 1953 844 ego
2054 772 2349 842 prophetae.
2384 785 2493 826 non
2525 771 2659 826 tales
2684 772 2807 827 falsi
2845 771 3091 842 magistri
3126 788 3141 826 :
3169 786 3345 839 neque
3371 772 3517 827 enim
3542 773 3641 830 sic

381 864 579 920 melius
607 880 750 930 reor,
780 858 1005 920 omnino
1038 880 1145 920 non
1177 865 1380 929 vident,
1414 865 1540 920 licet
1571 865 1673 921 sibi
1703 881 1770 919 ex
1800 874 1956 935 parte

380 954 617 1025 quedam
642 955 930 1010 videantur
958 956 1157 1010 videre.
1185 955 1293 1009 Alii
1319 954 1520 1026 quippe
1543 956 1596 1010 in
1623 955 1780 1010 nobis
1808 954 1957 1009 oculi

377 1055 511 1101 sunt
549 1045 802 1101 meliores
854 1047 937 1101 his
970 1061 1109 1115 quos
1143 1032 1407 1101 habemus
1452 1046 1506 1100 in
1552 1060 1799 1116 corpore.
1846 1043 1957 1111 Qui

375 1139 525 1195 oculi
548 1147 644 1194 aut
663 1136 850 1194 Jesum
887 1138 1177 1193 Dominum
1205 1138 1406 1204 vident,
1438 1138 1530 1208 qui
1563 1152 1657 1192 eos
1686 1138 1754 1191 ad
1778 1152 1838 1191 se
1866 1136 1954 1190 in-

378 1232 643 1289 tuendunr
679 1231 904 1296 creavit,
938 1238 1033 1285 aut
1079 1238 1227 1285 certe
1269 1230 1500 1284 omnino
1526 1229 1659 1283 caeci
1702 1236 1850 1282 sunt.
1892 1225 1952 1280 Si

381 1336 636 1397 peccator
673 1340 817 1391 sum,
853 1324 991 1378 nihil
1017 1323 1173 1379 video
1203 1337 1304 1377 nec
1335 1335 1559 1391 possum
1592 1321 1839 1375 veritatis
1872 1319 1958 1372 lu-

381 1430 509 1470 men
530 1415 793 1485 aspicere.
819 1412 884 1466 In
896 1413 1164 1482 judicium
1188 1410 1410 1480 qrrippe,
1439 1410 1517 1464 ait
1533 1409 1600 1475 ⁸⁷,
1624 1410 1681 1462 in
1705 1407 1957 1462 mundum

382 1507 551 1559 istum
575 1505 712 1572 veni,
741 1516 798 1557 ut
832 1520 934 1557 non
964 1503 1197 1557 videntes
1232 1501 1465 1566 videant,
1494 1509 1544 1553 et
1568 1499 1801 1553 videntes
1832 1498 1959 1553 ewci

384 1597 558 1666 fiant;
586 1597 633 1652 si
661 1605 842 1651 autem
863 1595 1070 1666 justus,
1094 1592 1307 1663 accipio
1337 1592 1565 1664 gratiam
1600 1607 1631 1645 a
1672 1589 1780 1645 Deo
1810 1599 1865 1644 et
1891 1590 1960 1644 de

382 1702 475 1742 sne
505 1700 725 1757 quoque
745 1686 947 1742 dicitur
974 1686 1184 1740 videns.
1210 1683 1494 1753 Propheta
1518 1681 1663 1737 enim
1684 1681 1960 1736 vocaban-

378 1788 475 1833 tur
497 1779 908 1834 antevidentes.
939 1776 1010 1832 Et
1034 1778 1124 1849 qui
1151 1777 1315 1842 vides,
1345 1775 1422 1830 ait
1441 1774 1511 1841 ⁸⁸,
1537 1775 1684 1838 vade,
1708 1773 1960 1827 descende

382 1872 442 1924 in
470 1879 664 1924 terram
686 1867 725 1923 Ι
728 1868 853 1935 uda,
873 1879 923 1924 et
951 1869 1024 1923 ibi
1051 1883 1394 1932 commorare,
1428 1876 1477 1920 et
1504 1864 1578 1918 ibi
1604 1864 1956 1934 prophetubis.

387 1961 456 2016 In
484 1960 668 2016 Bothe!
704 1971 882 2016 autem
909 1960 1028 2030 jam
1058 1974 1162 2013 non
1205 1958 1425 2026 adjicies
1454 1965 1515 2009 ut
1555 1958 1847 2026 prophetes.
1892 1954 1961 2010 Et

385 2067 607 2109 rursum
637 2052 763 2107 alibi
781 2052 829 2085 ⁸⁸
854 2069 868 2106 :
905 2049 1050 2105 Visio
1072 2065 1231 2120 quam
1253 2048 1385 2103 vidit
1410 2046 1586 2101 Isaias
1604 2046 1754 2116 ﬁlius
1775 2047 1956 2102 Aures.

387 2144 588 2198 Beatus
613 2143 698 2198 cui
722 2142 981 2198 revelabit
1004 2140 1268 2196 Dominus
1291 2138 1484 2194 oculos
1501 2138 1572 2193 ad
1597 2126 1831 2192 videnda
1855 2136 1961 2190 nri-

387 2238 578 2293 rabilia
612 2238 679 2293 de
720 2237 837 2308 lege
874 2235 993 2300 Dei,
1025 2235 1181 2305 juxta
1210 2231 1643 2288 obsecrationem
1674 2228 1963 2300 Propheta:

380 2328 622 2385 dicentis
645 2328 693 2362 ⁹⁶
722 2347 736 2383 :
771 2327 959 2382 Revela
988 2324 1170 2380 oculos
1199 2332 1360 2391 meos,
1389 2333 1438 2376 et
1481 2320 1823 2376 considerabo
1857 2321 1962 2373 mi-

386 2420 582 2475 rabilia
609 2420 675 2474 de
698 2419 812 2490 legs
841 2430 956 2473 tata.

457 2512 513 2567 4.
554 2510 850 2566 Videamus
874 2519 1056 2565 autem
1084 2515 1141 2563 et
1163 2508 1328 2562 alium
1354 2519 1661 2561 sermonem
1683 2518 1780 2574 per
1798 2516 1960 2573 quem

388 2600 878 2671 pseudOprophette
932 2606 988 2653 et
1027 2594 1149 2652 falSi
1197 2596 1443 2666 magistri
1487 2593 1900 2664 corripiuntur:
1931 2606 1960 2644 a

390 2708 529 2762 quo,
562 2706 772 2761 quaeso,
801 2698 863 2745 ut
891 2689 1177 2744 orantibus
1191 2688 1345 2743 vobis
1377 2703 1477 2757 ego
1501 2702 1673 2757 purus
1697 2684 1959 2740 inveniar.

388 2781 529 2845 Quae
546 2779 813 2848 estigitur
837 2777 1139 2847 correptio!
1161 2777 1297 2831 sicut
1319 2775 1494 2846 vulpes
1517 2776 1572 2829 in
1588 2774 1814 2841 deserto,
1841 2790 1965 2844 pro-

386 2873 564 2938 pheta:
579 2870 681 2933 tui,
700 2868 726 2922 1
734 2869 947 2923 srael".
967 2867 1181 2923 Animal
1198 2868 1388 2938 vulpes
1404 2881 1636 2938 nequam
1652 2875 1754 2933 est,
1775 2881 1965 2920 versu-

392 2970 536 3024 tum,
573 2959 1016 3024 indomabileest,
1031 2955 1208 3013 ferum
1238 2967 1341 3013 est.
1362 2957 1554 3022 Dicite,
1572 2955 1965 3028 εωθιιδαι-

391 3062 548 3106 valor
565 3051 635 3113 ”,
663 3049 812 3119 vulpi
840 3049 934 3103 isti
957 3064 976 3102 :
1002 3046 1139 3102 Ecce
1156 3048 1457 3102 sanationes
1476 3047 1692 3117 perﬁcio
1720 3045 1894 3108 hodie,
1909 3055 1962 3098 et

391 3161 533 3206 crus,
567 3151 617 3196 et
653 3141 812 3198 tertia
841 3141 931 3195 die
957 3156 1307 3193 consunnnor.
1349 3139 1456 3193 Has
1489 3138 1677 3208 vulpes
1706 3152 1961 3192 necessa-

2054 869 2318 918 steterunt
2343 862 2398 915 in
2429 864 2794 918 iirmamento.

2125 955 2181 1010 5.
2224 954 2293 1008 Et
2331 956 2715 1025 congregabant
2755 970 2931 1025 greges
2964 970 3121 1024 super
3165 953 3379 1007 domum
3426 951 3625 1020 Israel,

2054 1060 2194 1117 quos
2231 1046 2450 1110 docent,
2495 1061 2636 1115 quos
2666 1046 2975 1108 instituunt,
3020 1044 3135 1099 sive
3160 1044 3399 1099 haeretici
3429 1045 3627 1116 dogma

2056 1139 2282 1208 impium
2313 1137 2695 1207 praedicantes,
2727 1137 2843 1193 sive
2875 1137 2995 1192 l'alsi
3023 1136 3268 1208 magistri
3295 1137 3642 1208 decipientes‘

2056 1245 2152 1285 cos
2183 1245 2414 1299 quorum
2445 1246 2606 1284 aures
2632 1229 2909 1298 pruriunt,
2944 1229 3209 1299 colligunt
3245 1244 3435 1300 greges
3479 1232 3628 1286 schi-

2059 1327 2296 1374 smatum
2319 1320 2609 1373 adversum
2634 1317 2928 1373 Ecclesium
2954 1316 3071 1385 Dei,
3094 1318 3384 1374 adversum
3405 1317 3630 1373 domum

2059 1411 2248 1465 Israel.
2267 1408 2337 1469 ,Ν
2339 1426 2407 1463 ou
2433 1420 2774 1464 surrexerunt
2794 1410 2886 1480 qui
2910 1395 3140 1463 dicerent
3163 1424 3185 1463 .'
3212 1407 3279 1463 In
3300 1409 3387 1463 die
3416 1407 3633 1464 Domini

2059 1501 2202 1571 falsa
2239 1500 2488 1554 videntes.
2535 1499 2598 1552 lli
2640 1515 2751 1555 non
2783 1508 3173 1567 surrexerunt;
3212 1500 3301 1555 isti
3337 1516 3468 1558 vero
3500 1517 3632 1556 sur-

2059 1597 2264 1662 gentes'
2288 1592 2480 1648 dicunt
2502 1592 2549 1631 "’
2583 1609 2597 1646 :
2628 1590 2932 1661 Consepulti
2963 1606 3144 1644 suum
3178 1590 3391 1646 Christo
3416 1609 3509 1662 per
3534 1593 3634 1647 ba—

2055 1684 2273 1751 ptisma,
2313 1693 2364 1739 et
2409 1682 2841 1737 consurreximus
2884 1683 2950 1737 ei.
2999 1680 3279 1739 Habemus
3326 1685 3528 1754 quippe
3576 1694 3637 1739 ut

2059 1775 2258 1847 pignus
2289 1773 2529 1845 Spiritus
2559 1774 2758 1840 sancti,
2780 1789 2942 1840 quem
2966 1774 3298 1845 accipiemus
3324 1777 3390 1831 ad
3413 1777 3631 1846 plenum

2061 1875 2346 1937 postquam
2398 1867 2607 1922 venerit
2649 1866 2798 1937 quod
2832 1867 3131 1937 perfectum
3165 1876 3282 1931 est,
3318 1871 3401 1924 sle
3437 1868 3635 1939 pignus

1991 1936 2034 1992 Β
2061 1936 2502 2022 resurrectionis,
2535 1936 2743 2026 quiain
2778 1936 3181 2014 resurrectione
3208 1936 3454 2028 perfecta-
3472 1936 3636 2017 nemo

2063 2050 2242 2105 adhuc
2277 2047 2576 2103 resurrexit
2611 2048 2680 2103 de
2702 2049 2884 2105 nobis.
2918 2049 3303 2104 Verumtamen
3328 2053 3639 2107 resurrexi-

2065 2157 2208 2205 mus,
2242 2139 2414 2196 Paule
2436 2140 2654 2196 dicente
2687 2156 2702 2195 :
2735 2141 3044 2213 Consepuiti
3085 2160 3266 2198 sumus
3308 2144 3520 2199 Christo
3546 2161 3639 2215 per

2064 2230 2350 2300 baptisma,
2378 2239 2431 2284 et
2458 2232 2889 2285 consurreximus
2917 2233 2987 2286 ei.
3011 2230 3128 2287 Non
3158 2248 3293 2304 ergo
3314 2248 3645 2290 resumere--

2063 2331 2212 2387 sunt,
2250 2322 2353 2378 hoc
2384 2330 2470 2378 est
2490 2322 2727 2378 necdum
2756 2324 3177 2380 resurrectionis
3205 2326 3475 2396 baptisma
3500 2336 3638 2383 'eon-

2065 2413 2240 2468 secuti
2276 2421 2405 2469 sunt
2442 2412 2566 2469 faisi
2609 2414 2911 2498 prophetae,
2938 2423 2996 2469 et
3034 2414 3161 2471 falsi
3204 2418 3453 2488 magistri
3493 2420 3641 2484 τρισί

2064 2504 2298 2559 dicerent
2328 2504 2384 2558 in
2412 2504 2498 2558 die
2527 2503 2740 2557 Domini
2764 2504 2994 2560 videntes
3025 2524 3144 2578 quae
3187 2507 3329 2578 falsa
3358 2519 3478 2563 sunt
3494 2511 3637 2574 ut“,

2067 2610 2244 2667 neque
2265 2595 2566 2666 aliquando
2595 2606 2828 2666 possunt
2855 2598 3173 2677 conspicere
3196 2600 3506 2656 veritatem.
3530 2602 3640 2656 Ae-

2066 2687 2187 2757 eipe
2204 2685 2539 2755 exemplum.
2569 2683 3036 2755 Qui'Scripturam
3055 2687 3201 2759 legit,
3224 2697 3277 2742 et
3293 2688 3450 2742 aliter
3474 2703 3641 2759 quam

2065 2778 2267 2848 scripta
2306 2788 2391 2834 est
2438 2779 2656 2850 accipit,
2700 2778 3042 2849 Scriptorum
3090 2764 3424 2834 mendaciter
3470 2780 3638 2834 videt.

2063 2868 2173 2936 Qui
2203 2884 2334 2925 vero
2364 2871 2519 2925 audit
2552 2870 2913 2941 Scripturam,
2941 2879 3000 2924 ut
3037 2886 3098 2926 se
3136 2872 3386 2926 veritatis
3428 2861 3643 2925 intr-lli»!

2062 2970 2188 3017 ctus
2214 2961 2392 3025 habet,
2416 2971 2469 3015 ot
2491 2962 2571 3017 sic
2589 2977 2710 3017 eam
2726 2962 3143 3031 interpretatur,
3167 2961 3313 3016 videt
3332 2962 3637 3017 veritatem.

2067 3049 2136 3105 Et
2167 3050 2337 3106 sancti
2368 3051 2586 3120 quidem
2623 3066 2730 3105 non
2759 3053 3026 3107 divrnant.
3061 3051 3185 3106 Non
3211 3054 3349 3107 eninr
3385 3053 3639 3107 dir-inuno

2066 3143 2124 3195 in
2164 3140 2331 3195 Iacob
2356 3142 2396 3196 ⁸.
2453 3141 2774 3199 Peccatores
2806 3157 2936 3198 vero
2965 3143 3215 3198 divinant
3253 3143 3412 3210 falsa,
3454 3145 3642 3199 dicen-

393 3235 505 3289 rias
534 3232 731 3288 habuit
752 3232 1040 3287 adversum
1075 3231 1409 3303 alienigenas
1435 3229 1693 3295 Samson,
1727 3243 1960 3300 quarum
1988 3260 2031 3318 ο
2068 3244 2149 3289 res
2172 3233 2225 3287 ’ς
2264 3231 2393 3290 (Im
2421 3233 2553 3289 dicit
2585 3234 2860 3299 Dominus,
2878 3242 2935 3293 ιι
2954 3234 3213 3295 Dominus
3234 3251 3338 3296 ηρη
3363 3237 3507 3297 misit
3531 3254 3639 3293 eos.

389 3325 584 3381 caudis
611 3338 736 3379 eum
764 3324 891 3393 igne
917 3323 1114 3377 vinctis
1138 3321 1432 3393 (trecentas
1455 3320 1602 3375 eninr
1632 3318 1868 3391 ceperat)
1907 3320 1961 3373 in
2067 3324 2208 3383 Ludi
2251 3324 2555 3393 haereticos,
2588 3327 2866 3395 mundo
2896 3326 3223 3387 traditiones
3266 3329 3640 3398 apostolorum

390 3415 749 3486 perditionem
774 3430 868 3470 eus
887 3413 1103 3485 frugum
1135 3413 1285 3468 misit
1311 3412 1610 3468 hostilium.
1645 3409 1961 3466 Istiusmodi

388 3515 523 3561 sunt
566 3503 687 3560 falsi
737 3504 1003 3576 magistri,
1036 3505 1261 3569 versuti,
1293 3502 1515 3573 maligni
1561 3512 1613 3558 et
1652 3500 1843 3558 bestiis
1884 3502 1963 3557 εἰς·

390 3599 572 3655 miles.
600 3596 664 3653 Si
693 3597 816 3653 talis
842 3613 987 3664 sum,
1020 3596 1207 3668 vulpes
1235 3612 1356 3651 sum
1391 3614 1408 3650 :
1436 3596 1534 3650 sed
1562 3611 1671 3650 non
1700 3590 1964 3666 simplici-

388 3698 475 3746 ter
503 3690 716 3760 vulpes,
751 3704 941 3744 verum
974 3688 1159 3758 vulpes
1190 3687 1244 3742 in
1278 3686 1532 3751 desertis,
1561 3687 1751 3756 vulpes
1779 3687 1834 3741 in
1867 3701 1964 3756 pa-

390 3780 629 3846 rietinis,
659 3780 851 3850 vuipes
895 3779 950 3834 in
993 3779 1248 3849 rupibus;
1274 3779 1391 3833 haec.
1439 3777 1584 3832 enim
1628 3778 1687 3832 in
1731 3777 1964 3832 diversis

390 3869 644 3928 sensibus
691 3870 1059 3926 continentur.
1117 3866 1444 3938 Vcr'sipciies
1498 3869 1584 3924 isti
1630 3879 1685 3924 et
1726 3884 1960 3939 nequam

389 3976 607 4036 semper
633 3965 686 4020 in
715 3963 967 4029 desertis,
1007 3976 1220 4032 semper
1247 3960 1299 4015 in
1332 3962 1718 4016 solitudinibus
1741 3975 1962 4016 moran-

390 4067 501 4112 tur.
548 4052 871 4123 Ubicunque
900 4053 1050 4106 enim
1098 4051 1282 4105 anima
1324 4051 1602 4104 habitatur
1650 4066 1680 4105 a
1724 4049 1859 4112 ‘Deo,
1910 4060 1964 4105 et

386 4146 599 4219 Spiritu
621 4153 812 4199 sancto
831 4144 987 4213 plena
1014 4150 1117 4207 est,
1148 4140 1222 4194 ibi
1243 4155 1352 4195 non
1380 4149 1557 4209 potest
1582 4140 1959 4196 haereticorum

388 4237 638 4293 doctrina
660 4245 970 4306 penetrare,
1002 4246 1102 4286 nec
1129 4231 1272 4285 valet
1289 4245 1478 4285 eorum
1505 4246 1688 4284 sermo
1716 4246 1964 4300 perrum-

386 4346 538 4401 pere.
572 4326 675 4383 Ubi
700 4338 883 4382 autem
914 4325 1152 4380 solitudo
1177 4323 1382 4379 Christi
1413 4331 1517 4388 est,
1554 4324 1648 4377 ubi
1685 4323 1961 4379 desertum

386 4420 635 4492 iustitiae,
654 4418 729 4473 ibi
747 4416 1093 4486 nequissima:
1111 4413 1411 4484 disciplinas
1427 4429 1631 4468 venena
1654 4422 1959 4468 versantur.

390 4513 603 4569 idcirco
631 4510 768 4563 sicut
800 4506 998 4574 vulpes,
1039 4505 1119 4560 ait
1136 4505 1209 4570 ”,
1235 4506 1290 4558 in
1312 4503 1537 4565 desertis
1567 4504 1833 4574 prophetat
1862 4505 1960 4570 tui,

2069 3416 2268 3472 [rabere
2305 3433 2364 3473 se
2390 3418 2595 3474 dicant.
2635 3418 2777 3473 Audi
2817 3418 2984 3474 falsos
3014 3419 3326 3489 magistros,
3364 3421 3641 3490 quonrodo

2066 3510 2338 3565 atIirmant
2365 3512 2670 3566 doctrinam
2715 3527 2872 3566 suam
2902 3510 3130 3566 Domini
3159 3527 3280 3567 esse
3309 3512 3639 3581 doctrinam,

2068 3614 2288 3654 sensum
2316 3616 2477 3655 suum
2507 3617 2808 3669 congruere
2830 3602 3012 3655 sensui
3047 3601 3463 3669 prophetarum,
3486 3612 3543 3657 et
3559 3604 3642 3656 di-

2065 3693 2285 3748 cunt‘:
2317 3692 2446 3748 Haec
2485 3695 2612 3747 dicit
2655 3694 2933 3760 Dominus,
2964 3705 3017 3748 ct
3068 3694 3323 3748 Dominus
3351 3711 3452 3749 nan
3493 3697 3641 3750 misit

2065 3800 2172 3840 eos.
2207 3783 2275 3839 Et
2310 3796 2572 3854 carperent
2607 3789 2867 3841 suscitare
2895 3803 3202 3840 sermonem.
3240 3785 3365 3840 Non
3393 3789 3642 3856 visionem

2067 3876 2263 3944 falsam
2298 3877 2560 3934 vidistis!
2598 3877 2663 3932 Et
2698 3878 2752 3931 hi
2789 3876 2934 3932 enim
2964 3878 3152 3931 volunt
3184 3878 3239 3931 in
3267 3877 3640 3934 defensionem

2067 3971 2148 4023 sui
2184 3971 2475 4038 quemdam
2525 3985 2625 4038 pro
2665 3984 2724 4024 se
2754 3968 3024 4023 suscitare
3053 3984 3386 4035 sermonem,
3420 3970 3512 4024 sed
3552 3983 3643 4025 ar-

2064 4057 2183 4127 guit
2214 4071 2309 4112 eos
2346 4055 2633 4121 Dominus,
2679 4065 2734 4111 et
2777 4055 2910 4110 dicit
2951 4074 2965 4110 :
3009 4054 3133 4110 Non
3161 4057 3411 4112 visionem
3446 4052 3643 4127 falsam

2064 4148 2291 4214 vidistis,
2317 4157 2365 4201 et
2390 4147 2739 4200 divinationes
2761 4162 2923 4200 vanas
2949 4146 3115 4202 locuti
3137 4149 3283 4214 estis,
3309 4162 3359 4202 et
3388 4146 3604 4204 dixistis
3622 4165 3643 4204 :

2067 4240 2210 4293 Dicit
2254 4218 2529 4301 Dominus,
2564 4248 2616 4291 et
2657 4253 2750 4307 ego
2793 4252 2894 4290 non
2923 4254 3039 4293 sum
3072 4241 3321 4295 locutus!
3357 4239 3644 4310 Propterea

2063 4331 2149 4384 die
2166 4347 2185 4384 :
2204 4329 2335 4385 Haec
2366 4327 2496 4383 dicit
2527 4330 2803 4393 Dominus,
2832 4347 2928 4400 pro
2952 4346 3013 4384 eo
3041 4331 3180 4400 quod
3204 4347 3464 4386 sermones
3485 4332 3643 4386 vestri

2065 4421 2339 4477 mendaces
2370 4431 2516 4477 sunt.
2548 4421 2714 4476 Orate
2748 4437 2845 4493 pro
2875 4422 3032 4476 nobis
3062 4433 3122 4477 ut
3149 4437 3433 4478 sermones
3466 4424 3639 4478 nostri

2065 4524 2173 4562 non
2222 4508 2332 4563 sint
2383 4508 2531 4562 falsi.
2587 4507 2739 4564 Licet
2784 4509 3004 4580 quidam
3052 4510 3302 4568 homines
3331 4513 3641 4584 ignorantia

392 4605 589 4662 Israel.
626 4603 750 4660 Non
779 4611 1033 4658 steterunt
1057 4602 1115 4655 in
1141 4603 1495 4672 ﬁrmamento.
1530 4598 1588 4654 Si
1615 4599 1962 4655 considerare
1996 4591 2044 4650 Ι)
2061 4597 2254 4669 iudicii
2283 4614 2381 4654 eos
2407 4607 2657 4655 asseram
2680 4599 2876 4665 falsos,
2916 4598 3185 4656 Dominus
3225 4616 3333 4657 non
3377 4603 3546 4666 dicat,
3586 4612 3642 4657 et

390 4696 637 4753 volueris
663 4693 979 4765 magistros,
1001 4692 1213 4747 videbis
1233 4707 1327 4748 eos
1352 4689 1623 4755 infirmos,
1656 4689 1960 4753 instabiles,

387 4801 445 4847 et
470 4805 579 4846 non
607 4788 846 4843 valentes
871 4783 1113 4840 dicere“
1140 4804 1154 4839 :
1183 4783 1566 4854 Statuitsupra
1584 4795 1789 4856 petram
1809 4787 1962 4856 pedes

392 4897 557 4946 meos,
582 4888 634 4935 et
662 4878 860 4932 direxit
878 4892 1084 4945 gressus
1106 4892 1266 4930 meos.
1293 4875 1358 4931 Et
1385 4877 1513 4944 quia
1537 4891 1645 4930 non
1676 4886 1806 4931 sunt
1824 4876 1963 4932 taies

395 4985 453 5029 ut
482 4972 755 5038 steterint,
787 4970 1009 5024 robusta
1041 4967 1485 5036 radice'fundati,
1513 4969 1637 5023 ideo
1665 4982 1772 5024 non
1799 4978 1964 5024 stete-

392 5072 524 5117 runt
550 5062 607 5115 in
637 5060 1003 5124 firmamento,
1053 5057 1150 5111 sed
1192 5055 1499 5112 dilexerunt
1536 5072 1759 5112 movere
1798 5057 1962 5126 pedes

388 5167 547 5209 sucis.
580 5150 678 5207 Est
710 5159 897 5205 auem
938 5158 991 5204 et
1025 5146 1127 5203 hoc
1168 5147 1374 5218 grande
1420 5157 1723 5217 peccatum,
1770 5149 1959 5204 saltem

393 5244 675 5315 paululum
698 5243 861 5312 pedes
888 5257 1125 5304 movere,
1150 5250 1208 5295 ut
1229 5239 1395 5295 David
1420 5240 1699 5308 psalrnista
1719 5241 1959 5295 canit”:

389 5339 573 5401 (nam
596 5337 762 5388 bonus
796 5331 968 5391 Israel
1001 5331 1134 5389 Deus
1158 5331 1322 5389 rectis
1343 5329 1528 5387 corde!
1559 5329 1667 5387 Mei
1697 5346 1812 5390 vero
1834 5345 1963 5399 pene

392 5423 639 5481 commoti
675 5433 797 5480 sunt
818 5425 995 5494 pedes.
1045 5422 1244 5476 Beatus
1284 5419 1377 5475 ille
1418 5421 1761 5488 titullumque
1805 5418 1957 5484 felix,

393 5516 487 5573 cui
526 5516 911 5575 robustissime
952 5511 1273 5571 consisterrti
1318 5511 1511 5567 ﬁrmos
1548 5511 1751 5570 animae
1798 5511 1961 5583 pedes

2069 4701 2214 4746 recte
2238 4692 2523 4747 nobiscum
2557 4701 2769 4764 agetur.
2802 4695 2863 4748 Si
2886 4710 3019 4749 vero
3056 4694 3204 4749 mille
3230 4694 3513 4749 hominum
3544 4711 3642 4750 eos

2068 4782 2305 4840 dixerint
2331 4799 2516 4852 veros,
2541 4784 2750 4854 judicio
2784 4798 2945 4855 porro
2981 4783 3072 4840 Dei
3103 4784 3307 4841 fuerint
3337 4785 3481 4854 falsi,
3504 4787 3641 4859 quid

2071 4874 2203 4930 mihi
2253 4875 2529 4945 proderit?
2556 4875 2757 4932 Dicunt
2794 4886 2847 4932 et
2894 4874 3227 4935 Marcionita
3268 4879 3514 4950 magistri
3549 4881 3640 4935 sui

2068 4979 2228 5020 veros
2257 4981 2378 5020 rese
2410 4983 2691 5023 sermones
2712 5008 2728 5032 ,
2761 4967 2950 5023 dicunt
2981 4979 3036 5023 rt
3067 4966 3335 5023 Vaierrtini
3366 4971 3642 5027 robustis-

2069 5059 2260 5115 sinram
2288 5068 2512 5124 sectam,
2531 5060 2623 5130 qui
2647 5059 2953 5114 fabularum
2978 5059 3102 5130 ejus
3128 5070 3434 5115 commenta
3456 5063 3639 5118 susci-

2069 5148 2243 5219 piunt.
2275 5147 2408 5216 Quae
2437 5149 2663 5212 utilitas,
2686 5149 2816 5220 quia
2846 5149 3062 5219 plurimi
3092 5147 3355 5213 Ecclesiae
3381 5148 3635 5213 haeretica
3720 5143 3725 5147 ’

2070 5240 2333 5309 pravitate
2352 5240 2562 5311 decepti
2590 5240 2644 5294 in
2666 5255 2855 5296 eorum
2876 5240 3261 5310 conspiravere
3276 5240 3638 5296 sententiam?

2068 5327 2184 5386 Hoc
2228 5338 2313 5389 est
2356 5331 2506 5400 quod
2561 5330 2844 5400 quaeritur,
2890 5338 2951 5386 ut
2998 5329 3263 5386 Dominus
3318 5345 3635 5385 sermonum

2068 5434 2314 5475 tueor-nm
2356 5419 2517 5476 testis
2548 5419 2790 5483 assistat,
2826 5427 2891 5472 ut
2922 5418 3043 5487 ipse
3071 5416 3387 5486 comprobet
3415 5431 3538 5486 quae
3564 5417 3642 5470 di-

2066 5520 2267 5565 cuntur
2310 5521 2620 5564 sanctarum
2670 5507 2983 5564 testimonio
3023 5505 3454 5575 Scripturarnm.
3506 5503 3640 5561 Pro—

462 5744 505 5776 ⁶τ
530 5741 688 5796 Joan.
720 5756 797 5805 rx,
825 5740 914 5803 39.
956 5740 1002 5773 ⁸⁸
1032 5739 1200 5794 Aruns
1230 5753 1324 5796 vn.
1352 5738 1438 5802 l2,
1470 5738 1550 5792 15.
1592 5735 1767 5793 "iss.
1801 5753 1836 5799 r,
1867 5738 1917 5790 l.

2062 5736 2193 5797 Psar.
2217 5749 2408 5805 cvvrtr,
2438 5731 2524 5790 18.
2550 5733 2623 5805 3"
2654 5729 2848 5805 Eaegh.
2874 5744 2992 5794 xrrt,
3015 5728 3069 5805 4.
3127 5724 3359 5805 utibile.
3390 5739 3510 5805 sin,
3544 5724 3634 5780 3‘2.

397 5814 443 5846 ”
474 5794 666 5867 lrizech.
696 5794 817 5874 sui,
849 5794 902 5863 ti.
976 5810 1023 5877 ’f
1048 5810 1187 5865 l’s-tl.
1214 5794 1400 5875 assis,
1423 5794 1477 5860 3.
1550 5807 1599 5839 ’⁸
1630 5806 1787 5877 Psal.
1808 5794 1975 5868 nam,
2014 5808 2064 5870 l,
2085 5794 2139 5861 Ξ.
2207 5804 2257 5838 ³⁸
2280 5794 2436 5858 Dent.
2466 5819 2519 5867 v,
2548 5803 2635 5857 51.
2677 5802 2721 5832 ’τ
2755 5799 2910 5857 Rom.
2941 5814 3013 5864 vt,
3043 5797 3096 5852 tl.
3122 5795 3245 5829 κδ’
3282 5794 3477 5851 Ezech.
3511 5809 3633 5861 aut,

398 5884 451 5945 Β.
481 5883 534 5935 6.
592 5882 607 5912 ¹
642 5878 803 5933 Num.
841 5876 998 5944 sxrrr,
1039 5880 1126 5932 ‘25.
1182 5881 1202 5909 ¹
1232 5878 1423 5933 Ezech.
1458 5894 1578 5945 λιιι,
1605 5878 1658 5930 ii.
1731 5877 1750 5908 ³
1779 5876 1930 5942 ibid.,
1955 5881 2006 5943 ii,
2032 5878 2081 5944 7,
2106 5877 2159 5930 8.
