4070 6296
561 409 665 468 687
1732 411 2061 470 ORIGENIS
2100 412 2166 468 IN
2205 413 2646 472 EZECHIELEM
3737 426 3839 482 688

560 546 680 606 pter
702 539 816 592 lucc
847 551 976 606 ergo
1001 535 1075 588 ad
1115 549 1214 588 nos
1244 531 1375 587 dicit
1404 533 1618 588 Adonai
1645 535 1948 593 Dominus‘
1977 553 1992 594 :
2033 534 2142 590 Ex»
2171 541 2217 593 A
2244 535 2374 590 mini
2397 538 2812 607 contemplatur.
2848 537 3045 598 Procul
3075 550 3255 598 autem
3284 543 3428 598 absit
3475 559 3504 598 a
3558 543 3730 598 nobis
3781 555 3839 599 ut

561 626 774 682 tendam
801 641 1014 678 manum
1047 639 1217 676 meam
1259 625 1327 676 ad
1368 625 1647 694 prophetas
1671 634 1760 698 qut
1788 629 1961 682 vident
1994 644 2140 682 men-
2240 626 2473 681 velatam
2493 627 2792 685 habeamus
2821 631 2961 688 hanc
2983 632 3207 689 faciem!
3241 633 3364 689 Haec
3383 650 3557 705 pauca
3577 636 3651 690 de
3678 635 3836 700 facie,

559 721 734 773 rlacia.
761 715 854 769 Ha:
883 715 1337 770 comminationes
1364 727 1492 771 sunt
1513 717 1803 774 adversum
1833 718 2001 775 falsos
2024 735 2140 775 ma-
2240 727 2301 774 ut
2326 720 2600 788 possimus
2635 721 2932 793 intelligere
2957 726 3088 794 quid
3126 725 3198 780 sit
3227 727 3372 796 quod
3403 727 3695 796 sequitur:
3731 726 3832 781 Ob-

557 812 778 880 gistros,
822 817 876 863 et
907 822 1003 862 eos
1032 808 1124 877 qui
1157 807 1459 880 loquuntur
1489 809 1794 864 mendacia.
1848 809 2140 869 Videamus
2239 811 2396 880 firma
2432 811 2623 878 faciem
2653 821 2802 866 tuam
2831 829 2986 882 super
3005 815 3148 882 ﬁlias
3166 817 3348 886 populi
3373 818 3474 871 tui.
3497 815 3613 872 Ista
3640 817 3832 885 facies,

475 912 480 917 '
553 912 734 957 autem
760 899 890 970 quid
931 899 997 954 de
1030 899 1116 954 his
1150 900 1515 955 comminetur
1537 902 1557 932 ⁸
1585 919 1600 955 :
1643 899 1710 954 In
1741 901 2023 972 disciplina
2045 919 2141 972 po-
2240 901 2292 954 id
2323 910 2406 957 est
2434 903 2732 972 principale
2759 905 2942 959 cordis
2971 907 3165 969 nostri,
3196 907 3302 961 nisi
3335 907 3633 962 obﬁrmata
3667 908 3834 962 fuerit

552 993 665 1061 puli
689 993 789 1045 mei
819 1008 921 1044 non
951 999 1126 1044 erant.
1159 989 1276 1045 Non
1309 1005 1419 1045 uno
1446 991 1607 1046 modo
1635 1008 1665 1047 a
1693 992 1923 1047 Domino
1948 1010 2140 1064 pecca-
2237 1008 2403 1063 super
2430 1008 2497 1049 eo
2526 995 2672 1064 quod
2699 996 3107 1067 intelligendum
3132 1009 3234 1064 est,
3270 1007 3329 1054 ut
3362 1001 3649 1069 quomodo
3688 1001 3835 1056 videt

554 1096 700 1140 tores
728 1085 1124 1154 corripiuntur.
1156 1082 1327 1138 Aliter
1355 1084 1600 1153 arguitur
1633 1086 1866 1156 populus
1899 1085 2136 1157 Domini,
2237 1086 2319 1140 sic
2353 1087 2642 1141 annuntiet
2670 1087 3056 1160 audientibus,
3087 1091 3218 1146 illud
3247 1092 3391 1160 quod
3421 1090 3698 1162 aspicitur
3725 1107 3832 1148 non

553 1180 710 1235 aliter
751 1179 961 1234 alienus
1001 1179 1070 1232 ab
1098 1193 1165 1232 eo
1192 1179 1213 1209 ⁶
1246 1196 1259 1231 :
1294 1175 1430 1243 Fili,
1463 1194 1525 1232 ne
1563 1179 1852 1248 neglexeris
1891 1181 2136 1251 diseipli-
2240 1176 2477 1231 videtur.
2511 1176 2856 1246 Impossibile
2889 1181 3089 1252 quippe
3118 1191 3204 1238 est
3236 1192 3295 1236 ut
3337 1183 3537 1252 aliquis
3569 1184 3698 1239 sine
3729 1185 3831 1239 ob-

554 1287 677 1324 nam
726 1269 964 1334 Domini,
1016 1285 1177 1339 neque
1214 1269 1457 1340 [aligeris
1500 1269 1627 1324 dum
1670 1271 1910 1340 argueris
1949 1273 2016 1326 ab
2049 1290 2133 1328 eo.
2238 1268 2547 1324 ﬁrmatione
2572 1270 2774 1336 vultUS,
2810 1286 3014 1341 vagus,
3051 1273 3498 1339 ﬂuctuabundus,
3532 1275 3832 1336 circumla-

555 1362 721 1429 Quem
747 1362 887 1416 enim
916 1360 1094 1430 diligit
1118 1361 1388 1415 Dominus
1411 1361 1662 1430 castigat,
1691 1361 1928 1432 flagellat
1958 1373 2134 1418 autem
2238 1366 2324 1412 tus
2347 1359 2496 1412 omni
2534 1369 2697 1414 vento
2717 1361 2980 1418 doctrina:
2999 1404 3014 1428 ,
3044 1363 3225 1419 videat
3247 1364 3393 1434 quod
3418 1365 3622 1431 debet,
3651 1368 3832 1422 videat

553 1472 760 1512 omnem
783 1454 956 1524 ﬁlium
980 1470 1131 1524 quem
1159 1453 1363 1522 recipit.
1388 1451 1570 1523 Argue
1592 1468 1713 1518 nos,
1747 1453 1971 1510 Domine
1993 1499 2008 1523 ,
2038 1472 2130 1512 ve-
2239 1459 2296 1504 ut
2342 1449 2518 1505 debet.
2555 1449 2782 1521 Oportet
2802 1469 2934 1524 ergo
2971 1456 3239 1510 volentem
3270 1457 3577 1526 intelligere
3623 1459 3828 1515 habere

556 1564 676 1604 rum
701 1548 756 1602 in
777 1546 1010 1616 judicio,
1041 1556 1095 1600 et
1125 1559 1234 1600 non
1256 1545 1310 1600 in
1342 1543 1528 1600 furore
1561 1563 1573 1598 :
1602 1545 1706 1600 ista
1738 1547 2012 1616 correptio
2033 1564 2135 1618 po.-
2237 1538 2428 1594 faciem
2455 1541 2507 1594 in
2539 1557 2606 1595 eo
2645 1544 2788 1612 quod
2832 1545 3131 1615 intelligere
3187 1547 3378 1600 nititur
3426 1547 3782 1603 oblirmatam
3811 1570 3825 1606 :

557 1639 666 1707 puli
683 1647 786 1694 est.
811 1635 1094 1706 Correptio
1115 1635 1418 1705 peccatoris
1441 1643 1494 1689 et
1523 1635 1686 1690 alieni
1721 1635 1811 1690 illa
1854 1646 1939 1692 est
1969 1653 2132 1707 quam
2234 1644 2288 1690 et
2315 1636 2386 1690 ob
2419 1637 2559 1692 hanc
2599 1653 2814 1708 semper
2856 1654 3080 1694 causam
3126 1640 3529 1710 prophetaturis
3585 1643 3824 1711 primum

554 1731 739 1800 justus
765 1729 966 1793 renuit,
993 1728 1218 1784 dicens’
1245 1726 1523 1793 :Domine,
1553 1744 1614 1782 ne
1644 1729 1697 1781 in
1720 1729 1803 1781 ira
1831 1736 1921 1783 tua
1937 1746 2133 1800 arguas
2230 1724 2454 1794 iubetur
2479 1736 2536 1780 ut
2563 1725 2756 1782 faciem
2781 1744 2937 1783 suam
2969 1729 3294 1796 ol'lirment;
3329 1739 3387 1784 ut
3421 1741 3676 1786 nostram
3721 1747 3822 1786 au-

559 1839 660 1886 me,
692 1837 851 1892 neque
873 1822 927 1874 in
956 1821 1133 1891 furore
1161 1828 1250 1873 tuo
1275 1819 1534 1889 corripias
1558 1835 1656 1874 me.
1684 1819 1758 1874 De
1779 1819 1930 1875 falsis
1951 1820 2134 1892 itaque
2169 1875 2207 1893 η
2237 1823 2341 1870 lem
2370 1825 2424 1870 et
2450 1831 2553 1871 nos
2576 1818 2850 1886 possimus
2879 1819 3169 1873 oblirmare
3196 1819 3389 1876 faciem
3414 1821 3469 1874 in
3503 1820 3823 1893 Evangelia,

557 1875 854 1985 magistris,
877 1920 931 1967 et
956 1875 1025 1968 de
1045 1875 1535 1982 pseudoprOplietis
1577 1912 1775 1967 dicitur
1798 1913 1820 1944 ⁸
1844 1929 1857 1966 :
1885 1910 1952 1965 In
1971 1875 2134 1966 dislci;
2167 1875 2208 1930 Β
2234 1905 2289 1959 ill
2313 1907 2448 1976 ιθεεν
2475 1907 2528 1961 in
2564 1875 2844 1977 ρτορδθιίε
2871 1951 2885 1975 ν
2915 1911 2970 1963 in
3005 1911 3284 1979 “PUSIOHS.
3307 1911 3534 1966 Oblil‘ma
3571 1875 3823 1967 eilia“:

553 2007 697 2074 plina
725 2003 905 2075 populi
927 2005 1027 2058 mei
1048 2020 1149 2057 non
1169 2013 1344 2070 erunt,
1372 2019 1536 2074 neque
1559 2004 1612 2058 in
1637 2002 1920 2073 Scriptura
1945 2004 2132 2058 domus
2235 2011 2328 2066 per
2360 1997 2603 2062 Christo.
2628 2006 2681 2052 et
2712 2016 2817 2054 non
2845 2016 3009 2070 super
3032 2003 3216 2057 surculi
3251 2005 3501 2072 negotiis.
3537 2002 3650 2060 Sed
3695 2020 3819 2059 cum

556 2099 726 2152 Israel
759 2098 1071 2152 scribentur.
1098 2097 1252 2152 Sicut
1281 2105 1336 2152 et
1359 2098 1530 2153 alibi’
1554 2117 1566 2152 :
1592 2097 1883 2152 Deleantnr
1907 2098 1971 2152 de
1996 2097 2133 2152 libro
2235 2087 2289 2141 in
2333 2088 2704 2144 mundialibus
2726 2091 2875 2146 curis
2902 2091 3082 2146 anima
3124 2103 3308 2148 nosu‘a
3357 2103 3608 2148 versetur
3633 2138 3648 2161 ,
3691 2110 3815 2150 cum

552 2189 853 2256 viventium,
877 2199 927 2242 et
951 2204 1071 2242 cum
1081 2188 1248 2257 justis
1272 2204 1375 2242 non
1395 2189 1718 2244 scribantur.
1737 2188 1804 2242 Et
1820 2204 1965 2244 nunc
1985 2187 2134 2243 Scri-

2233 2193 2446 2249 semper
2481 2182 2672 2235 ardeat
2697 2182 2930 2236 habendi
2988 2182 3132 2238 fame
3154 2225 3170 2251 ,
3208 2199 3316 2238 non
3345 2186 3708 2241 oblirmcmus
3735 2186 3815 2240 fa-

552 2291 706 2352 ptura
734 2283 810 2334 ait
840 2300 854 2334 :
888 2279 954 2334 In
982 2280 1252 2349 scriptura
1282 2281 1469 2335 domus
1494 2280 1666 2337 Israel
1687 2298 1789 2336 non
1815 2283 2130 2351 scribentur,
2231 2270 2370 2325 Cie!"
2411 2280 2656 2327 "051ml"
2687 2288 2852 2342 Sl'PC"
2876 2288 2939 2328 ea
2978 2290 3100 2343 (ιυεε
3145 2275 3432 2344 ίιηρετθνίι
3481 2277 3663 2342 Deus:
3721 2275 3821 2333 θεά

548 2371 679 2426 etin
699 2380 902 2426 terram
943 2368 1116 2426 Israel
1154 2386 1256 2424 non
1299 2369 1591 2423 intrabunt.
1635 2367 1799 2424 Extra
1831 2371 2130 2440 repromis-
2231 2376 2398 2430 super
2428 2377 2490 2416 ea
2515 2378 2637 2432 qua!
2665 2361 2758 2416 Dei
2793 2374 2922 2418 sunt
2962 2365 3186 2420 adversa
3216 2369 3518 2437 praeceptis.
3549 2367 3687 2435 Quis
3715 2384 3815 2438 pu-

549 2461 720 2519 sionis
768 2470 967 2516 terram
1012 2458 1250 2514 haeretici
1291 2459 1673 2522 morabuntur,
1713 2473 1836 2528 quae
1869 2468 1953 2513 est
1986 2466 2130 2514 terra
2231 2464 2313 2508 tas
2344 2453 2399 2508 in
2431 2454 2588 2508 nobis
2615 2462 2853 2509 mundus
2884 2465 2968 2511 est
2999 2457 3068 2512 ab
3095 2457 3474 2514 obﬁrmatione
3519 2459 3678 2514 faciei
3712 2476 3809 2514 sn-

551 2549 704 2605 valde
748 2549 910 2616 bona,
957 2557 1010 2604 et
1041 2549 1095 2603 in
1133 2563 1298 2618 quam
1337 2557 1398 2602 ut
1430 2548 1845 2602 iutroducamur
1884 2564 2129 2616 oramus,
2230 2561 2327 2616 per
2358 2545 2445 2600 his
2463 2546 2890 2615 quazinterdicta
2923 2549 3087 2602 sunt?
3131 2547 3267 2615 Quis
3305 2550 3359 2603 in
3406 2560 3608 2605 tantum
3649 2550 3806 2604 solli-

548 2643 606 2696 in
643 2641 782 2696 libro
822 2639 1121 2696 viventium
1171 2637 1334 2709 365
1395 2647 1521 2693 ante
1584 2637 1882 2708 conscripti
1927 2653 1956 2692 a
1998 2637 2127 2694 Jcsu
2229 2637 2373 2692 citus
2399 2644 2453 2691 et
2483 2644 2698 2700 cautus,
2735 2645 2791 2690 ut
2813 2635 3004 2691 diebus
3035 2652 3099 2691 ac
3124 2639 3444 2694 noctibusin
3469 2655 3532 2694 ea
3557 2641 3811 2696 obtirmet

549 2732 771 2788 Christo
803 2731 891 2786 cui
923 2739 1010 2786 est
1041 2729 1214 2802 gloria
1247 2738 1302 2784 et
1333 2729 1622 2800 imperium
1653 2729 1707 2783 in
1732 2729 1930 2784 saecula
1957 2744 2132 2787 stecu-
2228 2728 2412 2784 cordis
2443 2728 2529 2783 sui
2561 2726 2753 2782 faciem
2777 2727 3204 2796 quaejubentur?

545 2826 747 2882 lorum.
779 2824 970 2879 Amen.
2297 2821 2354 2875 2.
2395 2818 2551 2875 Nunc
2576 2833 2795 2890 quoque
2825 2819 2872 2874 si
2911 2818 3233 2876 intellecturi
3264 2836 3457 2877 sumus
3483 2832 3804 2893 praesentem

1133 2931 1420 2989 ιιοδιιιιΑ
1457 2931 1546 2988 In,
2228 2913 2556 2983 scripturam
2605 2910 2883 2980 quomodo
2932 2910 3210 2980 prophetze
3257 2912 3510 2968 dicatur:
3569 2913 3805 2983 Obﬁrma

2229 3004 2422 3078 facient
2452 3011 2598 3056 tuam
2623 3019 2779 3072 super
2803 3003 2947 3073 ﬁlias
2973 3003 3156 3072 populi
3175 3004 3276 3068 tui,
3301 3013 3361 3058 ut
3387 3004 3568 3061 videat
3597 3021 3660 3061 ea
3687 3021 3804 3075 quae

555 3097 628 3152 De
657 3111 716 3150 eo
759 3095 898 3164 quod
913 3095 1176 3162 ascriptum
1209 3100 1287 3165 est
1320 3093 1396 3145 ¹⁰ε
1432 3111 1451 3144 ι
1495 3091 1604 3165 Fili
1643 3092 2128 3165 hominis,obﬁrma
2229 3095 2474 3150 dicturus
2504 3102 2607 3161 est,
2634 3094 2896 3149 debemus
2929 3093 3220 3152 obllrmare
3243 3094 3678 3165 intelligentiam,
3711 3095 3811 3165 plc-

623 3162 985 3258 [J'acientltuam
1013 3180 1168 3233 super
1200 3162 1343 3233 ﬁlias
1367 3163 1561 3258 popp‘lic
1576 3163 1651 3214 tni
1677 3178 1794 3258 qua:
1813 3165 2126 3245 prophetarit
2155 3215 2197 3258 ρ

2231 3202 2361 3242 num
2400 3186 2452 3240 in
2481 3185 2778 3240 tentatione
2809 3185 2991 3240 cordis
3019 3185 3219 3240 habere
3258 3162 3550 3240 tractatum
3583 3162 3809 3258 quidsit

623 3215 808 3238 1⁷⁷⁷⁷’”’⁷
976 3215 980 3216 ⁷
1018 3215 1053 3216 ⁷⁷
1077 3215 1127 3233 Ῑ⁷
1200 3215 1213 3233 ⁸
1268 3215 1275 3216 ⁷
1328 3215 1333 3216 ⁷
1367 3215 1379 3230 ⁸
1414 3215 1447 3232 ⁷⁸
1583 3249 1592 3259 ,
1688 3215 1702 3232 ⁸
1756 3215 1762 3216 ⁷
1813 3215 1825 3245 Ξ
1908 3215 1921 3230 '
1985 3215 2022 3217 ’⁷
2072 3215 2076 3216 ⁷
2112 3215 2121 3217 ⁷
2155 3215 2199 3274 C
2232 3215 2361 3242 IIIIIII
2400 3215 2452 3240 Ill
2481 3215 2778 3240 ιειιιᾱιιυιιῦ
2809 3215 2991 3240 υυιυιθ
3019 3215 3219 3240 ΙΙᾶιυῦισ
3258 3215 3400 3240 ιιᾱιυιη

623 3234 862 3293 decorde
889 3250 1022 3297 suo;
1057 3253 1075 3285 ι
1121 3249 1321 3303 usque:
1367 3252 1386 3284 ι
1444 3233 1678 3301 Oli/iuno
1717 3233 1908 3301 faciem
1960 3250 2128 3286 meant
2233 3279 2334 3303 LM
2361 3279 2501 3303 “At,
2531 3277 2868 3303 “:anhm
2944 3285 3002 3303 η,
3040 3277 3254 3303 ,ΜΛΔ-κ
3300 3278 3400 3303 η’,

625 3277 1328 3378 ῖιῑιῑεῖῑιιιῑιῑῑρέηίειῑιῖκ,ἐι
1350 3277 2128 3373 suauitastaxatur;
2233 3279 2336 3334 hoc
2357 3279 2502 3378 quod
2531 3277 2906 3378 sagacem,
2944 3285 3006 3332 ιιι
3040 3277 3258 3378 ωιιιξεω
3300 3278 3514 3334 ratione
3566 3277 3809 3378 superat

2231 3368 2550 3423 recedamus
2574 3382 2604 3420 a
2629 3367 2829 3420 littera.
2860 3366 2938 3421 Ac
2961 3365 3260 3421 secundum
3298 3381 3651 3422 communem
3687 3368 3807 3437 qui-

624 3462 674 3516 ι.
708 3459 954 3514 Primum
987 3457 1054 3512 de
1085 3473 1150 3514 co
1177 3455 1323 3528 quod
1373 3457 1574 3511 dicitur
1601 3475 1614 3514 :
1671 3455 1909 3526 Obﬁrma
1937 3458 2129 3527 {aciem
2229 3455 2351 3509 dem
2386 3455 2721 3508 intellectum
2761 3455 3014 3509 videntur
3047 3455 3294 3525 quadam
3318 3455 3440 3510 tiliae
3467 3459 3656 3526 populi
3687 3473 3808 3528 pro-

553 3570 720 3617 suam,
745 3550 1152 3622 requirendum.
1186 3547 1390 3605 Deinde
1423 3549 1466 3604 si
1501 3547 1764 3604 Dominus
1791 3549 2022 3617 dederit,
2045 3549 2130 3604 in-

2231 3538 2511 3608 phetantes
2525 3541 2627 3594 hoc
2640 3541 2786 3610 quod
2807 3541 3052 3611 sequitur
3077 3541 3366 3598 admisisse
3386 3556 3696 3614 peccatum.
3712 3545 3807 3600 As-

551 3643 818 3712 vestigare
864 3641 1128 3695 debemus
1179 3638 1320 3693 tilias
1393 3637 1577 3709 populi
1623 3639 2012 3708 prophetantes
2061 3640 2129 3695 de
2231 3643 2506 3687 sumentes
2536 3632 2819 3686 cervicalia
2853 3633 3213 3698 consuebant,
3244 3645 3576 3692 consuentes
3621 3654 3685 3693 ea
3705 3652 3806 3691 non

549 3735 714 3791 corde
741 3749 873 3799 suo,
907 3743 958 3788 et
986 3732 1247 3787 facientes
1267 3745 1352 3795 ea,
1385 3731 1438 3784 in
1465 3730 1666 3800 quibus
1698 3745 1792 3786 eas
1825 3729 1917 3786 Dei
1946 3746 2129 3787 sermo
2231 3721 2506 3792 ponebant
2530 3737 2591 3777 ea
2629 3724 2731 3777 sub
2755 3725 2953 3794 capite,
2977 3723 3072 3778 sed
3105 3723 3206 3778 sub
3237 3726 3420 3781 cubito
3441 3728 3806 3789 audientium,

547 3822 830 3893 corripiat.
863 3818 931 3876 Et
963 3820 1108 3891 quod
1142 3822 1216 3876 sit
1261 3820 1367 3874 alia
1413 3820 1578 3874 facies
1617 3819 1691 3890 (6)
1748 3829 1942 3889 praeter
1985 3820 2129 3875 hanc
2230 3821 2286 3867 et
2321 3813 2684 3869 velaminibus
2709 3814 3035 3883 quibusdam
3068 3817 3317 3886 tegebant
3340 3817 3512 3887 capita
3543 3820 3808 3874 universa:

549 3915 796 3984 corporis
823 3913 996 3969 nostri
1043 3912 1236 3967 faciem
1255 3953 1271 3978 ,
1315 3910 1440 3966 licet
1469 3925 1536 3964 ex
1560 3909 1746 3966 multis
1778 3909 2128 3966 manifestum
2228 3905 2424 3962 tctatis.
2451 3903 2574 3960 Haec
2604 3916 2731 3961 sunt
2764 3922 2886 3976 qua:
2915 3907 3368 3977 prophetantibus
3385 3909 3601 3965 liliabus
3630 3909 3805 3982 populi

549 4007 642 4073 sit,
675 4014 916 4061 attamen
941 4012 995 4059 et
1016 4020 1082 4058 cx
1123 4004 1207 4058 his
1256 4017 1380 4072 qua:
1406 4001 1703 4071 Apostolus
1731 4011 2001 4056 memorat
2047 4002 2130 4055 in-
2230 4007 2553 4068 reputantur
2571 3999 2728 4067 quasi
2761 4014 2957 4070 magna
2981 4009 3224 4070 peccata.
3253 4001 3388 4067 Quis
3417 4012 3600 4058 autem
3636 4009 3808 4074 potest

553 4097 768 4151 dicatur
799 4097 842 4129 “
879 4114 892 4150 :
935 4093 1047 4148 Nos
1079 4111 1197 4148 vero
1243 4109 1420 4146 omnes
1464 4091 1693 4145 rer-elata
1737 4092 1872 4160 facie
1899 4089 2125 4161 gloriam
2231 4090 2285 4144 in
2321 4090 2488 4144 verbo
2517 4090 2825 4145 consistens
2855 4091 3038 4146 dicere
3075 4093 3202 4162 quia
3227 4131 3244 4158 ,
3273 4095 3320 4148 si
3357 4093 3482 4163 quis
3513 4092 3808 4151 cervicalia

554 4188 765 4244 Domini
793 4185 1118 4257 speculantes
1139 4225 1153 4248 ,
1190 4185 1245 4236 in
1273 4183 1508 4236 eamdem
1548 4183 1830 4255 imaginem
1857 4181 2126 4250 transfor-
2230 4189 2480 4245 consuat,
2511 4192 2564 4235 et
2593 4191 2821 4236 consula
2851 4182 2953 4236 sub
2980 4183 3165 4238 cubito
3198 4194 3364 4252 ponat
3395 4186 3659 4254 alterius,
3709 4186 3804 4240 de-

551 4296 761 4334 mamur
793 4295 824 4332 a
860 4277 1030 4348 gloria
1060 4277 1114 4329 in
1144 4275 1390 4344 gloriam,
1416 4274 1568 4343 quasi
1599 4285 1630 4320 a
1658 4265 1870 4321 Domini
1897 4266 2124 4342 Spiritu.
2229 4272 2458 4342 linquat,
2479 4281 2532 4328 et
2561 4290 2592 4327 a
2625 4272 2736 4327 Deo
2766 4273 3121 4343 corripiatur?
3149 4274 3285 4342 Quis
3334 4287 3512 4346 potest
3563 4291 3805 4335 asserere

554 4371 706 4428 lianc
734 4370 930 4426 faciem
971 4368 1310 4438 corporalem
1339 4381 1532 4421 omnes
1569 4365 1818 4421 homines
1861 4366 2126 4422 habemus
2228 4364 2379 4437 quia,
2402 4363 2448 4420 si
2473 4365 2597 4434 quis
2629 4365 2894 4419 velamina
2922 4363 3085 4419 faciat
3107 4366 3175 4420 ad
3202 4367 3487 4436 tegendum
3507 4378 3672 4437 caput
3695 4367 3805 4422 uni-

555 4465 865 4529 revelatam,
899 4461 1004 4516 nisi
1039 4459 1177 4514 forte
1208 4457 1615 4512 calamitatibus
1634 4467 1689 4512 et
1715 4460 1984 4529 angustiis
2007 4475 2127 4529 pre—
2228 4469 2397 4508 versa:
2421 4455 2624 4516 aetatis,
2657 4454 2820 4523 impie
2839 4455 3003 4524 agat?
3023 4455 3210 4512 invitis
3232 4457 3388 4512 nobis
3410 4459 3478 4512 ab
3510 4460 3628 4529 ipsa
3656 4457 3798 4514 Scri-

553 4557 772 4611 mimur.
792 4551 987 4607 Vultus
1003 4559 1182 4606 autem
1213 4549 1302 4604 ille
1321 4550 1388 4604 de
1413 4565 1524 4620 quo
1543 4563 1724 4604 sermo
1746 4547 1988 4617 Apostoli
2020 4558 2124 4615 est,
2160 4551 2200 4605 D
2231 4557 2387 4614 plura
2417 4545 2710 4602 necessitas
2756 4547 3052 4617 imponitur
3073 4587 3088 4612 ,
3133 4557 3193 4603 ut
3223 4550 3290 4604 ab
3340 4551 3587 4620 apicibus
3619 4552 3805 4607 littere

553 4651 606 4703 in
637 4647 824 4702 multis
854 4653 1030 4700 tectus
1083 4650 1208 4706 est,
1265 4648 1319 4696 et
1363 4643 1417 4694 in
1468 4639 1656 4708 paucis
1699 4640 1989 4695 revelatus.
2022 4637 2124 4706 Qui
2231 4637 2576 4702 recedentes,
2623 4639 2871 4702 verbum,
2919 4652 2968 4694 et
3016 4641 3361 4709 sapientiam,
3389 4651 3443 4696 et
3477 4628 3801 4698 voluntatem

549 4739 694 4794 enim
725 4737 976 4792 fiduciam
1007 4735 1170 4789 habet
1201 4734 1256 4787 in
1302 4732 1408 4786 vita
1439 4730 1787 4784 immaculata
1807 4770 1821 4793 ,
1854 4731 1909 4784 in
1961 4746 2124 4808 sensu
2229 4727 2350 4798 ejus
2373 4728 2715 4798 requiramus
2760 4731 2825 4783 ad
2869 4731 3160 4800 aperienda
3214 4741 3434 4801 peccata
3465 4749 3588 4802 qua:
3617 4735 3801 4788 clausa

551 4846 706 4893 satio,
734 4831 790 4884 in
824 4831 926 4884 tide
961 4844 1106 4893 vera,
1134 4828 1235 4882 iste
1263 4822 1642 4880 tantummodo
1672 4838 1778 4875 non
1813 4822 1973 4877 habet
2003 4838 2132 4878 con-
2232 4831 2392 4885 sunt,
2425 4819 2492 4873 ad
2521 4820 2876 4876 illuminanda
2923 4837 3047 4891 qua:
3074 4823 3330 4894 caligant,
3364 4834 3422 4878 ut
3457 4826 3729 4894 possimus
3773 4836 3800 4874 a

553 4924 807 4984 fusionis,
840 4921 1240 4983 fraudulentiaa,
1267 4916 1581 4988 peccatique
1604 4914 1868 4980 velamen,
1892 4915 1983 4969 sed
2003 4931 2128 4984 pro-
2232 4911 2521 4966 maledicto
2553 4913 2794 4967 extranei
2823 4913 2961 4967 fieri.

553 5025 670 5088 pter
692 5029 883 5085 puram
903 5011 1293 5068 conscientiam
1325 5007 1557 5066 revelata
1590 5006 1726 5060 facie
1756 5006 1984 5076 gloriam
2019 5007 2126 5062 Do-
2309 5005 2364 5058 5.
2411 5002 2566 5058 Omni
2620 5003 2794 5057 cubito
2838 5021 3092 5058 manuum
3139 5006 3246 5060 sive
3280 5023 3465 5060 manus
3499 5007 3560 5062 ¹³.
3603 5005 3705 5073 Qui
3750 5003 3805 5058 in

631 5130 874 5185 ‘Ezech.
913 5145 1033 5191 xm,
1071 5128 1153 5182 9..
1211 5127 1233 5160 '
1268 5125 1400 5180 ibid.
1461 5123 1662 5177 “Prov.
1702 5137 1785 5182 ιιι,
1833 5122 1918 5186 Η,
1973 5122 2058 5176 19..
2160 5124 2178 5154 ⁷
2210 5121 2464 5191 Ρειιὶηνι,
2499 5120 2570 5191 2,
2625 5120 2646 5151 ⁸
2675 5118 2870 5176 Ezech.
2932 5137 3052 5185 xm,
3100 5120 3154 5176 9.
3216 5123 3237 5154 ⁸
3269 5121 3416 5178 Psal.
3468 5137 3658 5186 vam,
3711 5115 3799 5172 29.

553 5205 598 5240 ι’
633 5202 829 5258 ιεὶιιοιτιι.
863 5215 982 5264 xm,
1022 5189 1110 5254 Π.
1188 5200 1228 5230 ¹⁶
1259 5196 1454 5250 Ezerh.
1489 5211 1601 5257 xlv,
1631 5195 1686 5248 8.
1765 5194 1808 5224 ¹¹
1844 5192 1882 5246 ll
1911 5193 2034 5246 Cor.
2065 5208 2146 5257 ιιι,

1279 5196 1454 5250 Szerh.
1489 5211 1601 5257 xlv,
1631 5195 1686 5248 8.
1765 5194 1808 5224 ¹¹
1844 5192 1882 5246 ll
1911 5193 2034 5246 Cor.
2065 5208 2146 5257 ιιι,
2185 5192 2272 5246 18.
2351 5190 2394 5223 ³³
2420 5189 2616 5245 Ezech.
2647 5206 2764 5256 xm,
2802 5191 2886 5244 18.

618 5327 696 5398 (6)
733 5325 802 5380 Et
827 5323 965 5410 quod
995 5323 1064 5410 εἰς
1089 5322 1197 5374 alia
1223 5320 1406 5410 (fides,
1431 5327 1540 5410 etc.1
1556 5317 1775 5410 Calvinae
1802 5314 2126 5401 Graecm'ha-

2231 5312 2363 5410 ζ-εὲι,
2399 5313 2498 5410 ἴγαή
2519 5311 2712 5410 lorea
2733 5312 3085 5410 ὑτξουργῆσαιι.
3107 5309 3193 5393 τῷ.
3228 5311 3391 5393 λόγῳ.
3440 5309 3652 5410 Paulus

550 5373 694 5455 ιιρέιῖ¹
706 5417 719 5452 :
1000 5373 1152 5460 iam
1170 5408 1183 5420 ο
1223 5373 1809 5460 Ἄνακὲκατλγυμμένῳη
1831 5384 2125 5460 {mamling

2237 5373 2536 5436 iRevelata
2570 5373 2712 5460 facie
2755 5373 2979 5460 gloriam
3037 5373 3252 5460 Doniini
3295 5373 3450 5452 guasi
3499 5381 3550 5433 in
3599 5373 3800 5460 speculo

547 5452 662 5537 ἑὴν
708 5467 895 5530 δόξαν
934 5452 1154 5537 Kvglov
1179 5452 1985 5537 Δθςατοθττρι(ξόειὶξὶιοι.ιυὺκρῡν
2033 5455 2125 5507 δύο

2230 5462 2556 5534 mutuemur.
2581 5472 2614 5534 ,ι
2655 5452 2783 5532 Duc:
2805 5453 3115 5537 igitursunt
3138 5453 3338 5518 facies:
3367 5462 3535 5520 tegens
3557 5461 3608 5503 et
3649 5458 3799 5505 tecta,

549 5521 814 5610 ἰιβόσωπᾶ
847 5521 1068 5610 εἰσι..ξρ
1105 5529 1396 5610 uale-73303,
1426 5521 1633 5610 scatet
1678 5524 2088 5610 καξιιπτὸμεγοιί
2106 5541 2120 5554 ο

2230 5523 2459 5577 exterior
2499 5531 2548 5575 et
2575 5521 3073 5603 interior.’.l"aciem
3103 5530 3308 5610 rautem,
3351 5530 3614 5602 aspectum
3657 5529 3800 5610 wet:

833 5605 928 5657 καὶ
949 5589 1010 5655 ’ἐὺ
1043 5601 1210 5662 ὲντὸξ.
1241 5600 1313 5652 Τὸ
1334 5589 1392 5653 δὲ
1427 5597 1712 5669 πρόσωπογ
1761 5595 1880 5669 ὅφιν
1925 5589 2124 5669 italo?-

2231 5609 2370 5656 mns,
2397 5601 2661 5669 aspectum
2680 5607 2794 5669 vero
2819 5593 3061 5669 visiones.
3094 5589 3421 5669 {Exteriorem
3447 5593 3626 5669 igitur
3657 5597 3801 5669 περς-ς

556 5659 691 5744 psus
719 5659 816 5743 τῆῦ
830 5675 905 5744 ᾐδὲ
937 5672 1099 5744 ίᾷᾲιν,
1127 5659 1226 5744 sit;
1255 5659 1492 5744 ὁράξειςέ
1533 5665 1741 5744 Οῷξοῖρν
1787 5659 1979 5744 ξχιὶμεν
2025 5664 2123 5744 τὴν

2231 5671 2372 5744 ctum
2394 5659 2641 5714 habemus
2671 5661 3068 5744 “interiorem.
3097 5659 3331 5715 Interior
3362 5659 3683 5744 visiont‘nens
3702 5661 3799 5744 est“

557 5716 708 5804 ἕῐὲἑς
729 5716 906 5812 illa?
933 5716 1099 5812 ἆιῖιῦἰ
1117 5716 1223 5812 is?!
1253 5716 1354 5809 Eii?
1365 5716 1562 5812 ῖεεὲἓδςῖ
1587 5716 1669 5812 ῖέῑ
1687 5716 2125 5812 ἒῖῖδξέρασιςνῖὁ

2232 5729 2393 5800 [acies
2434 5741 2608 5812 autem
2660 5729 2943 5812 spiritalis,
2986 5746 3128 5784 mens
3163 5740 3265 5812 est,
3320 5747 3439 5806 qua:
3477 5716 3799 5797 o'bﬁrmantla

553 5801 825 5872 yol-E61}.
862 5801 1157 5878 Πρξῖτωπσν
1181 5807 1234 5856 δὲ
1269 5801 1474 5876 venti»),
1502 5808 1530 5856 ὀ
1551 5804 1706 5869 νοῦς,
1738 5803 1794 5853 ὃν
1829 5801 1908 5856 δεῖ
1941 5803 2125 5872 στηρέτ

1598 5804 1674 5866 ιῦς
1693 5845 1706 5869 ,
1738 5803 1794 5853 ὃν
1829 5801 1908 5856 δεῖ
1941 5803 2125 5872 στηρέτ
2230 5812 2329 5870 est,
2355 5813 2408 5856 ut
2439 5802 2610 5856 valeat
2633 5801 2934 5854 ministrare
2958 5801 3205 5856 sermoni.
