4070 6296
324 358 442 421 ess
1762 372 2045 430 liOMiLlA
2077 374 2162 431 ut.
3466 352 3601 433 occ"

323 479 477 536 victu
510 479 590 554 (7)
620 480 865 554 corporis
888 482 1137 555 occupati
1160 493 1306 551 sunt,
1331 495 1386 543 et
1417 502 1483 544 ne
1513 502 1606 559 per
1632 490 1901 546 somnium
1936 501 1977 554 Α
2009 494 2164 564 signa
2193 502 2248 551 et
2283 501 2530 564 portenta
2561 492 2627 549 ad
2669 492 3016 564 decipiendos
3035 534 3050 558 ,
3083 490 3135 547 si
3186 492 3305 549 fieri
3352 500 3527 564 potest
3556 532 3578 561 ,

323 571 557 643 quidem
588 574 895 644 spirituales
935 576 1119 632 vident
1146 577 1370 635 delicias
1401 621 1416 646 ,
1446 596 1584 651 quas
1637 598 1748 638 non
1810 584 1908 639 ha-
2007 584 2171 639 etiam
2204 583 2405 640 electos
2427 582 2598 639 falsus
2628 581 2903 647 Christus,
2951 588 3006 636 et
3051 579 3223 637 falsus
3262 581 3525 651 propheta
3559 599 3577 634 :

332 663 471 720 bere
489 665 604 721 vult
626 680 804 721 sermo
834 667 1053 725 divinus
1074 668 1262 727 dicens
1290 672 1338 705 “
1367 687 1383 724 :
1418 672 1689 730 Detectare
1713 676 1768 729 in
1801 674 1908 731 Do-
2010 673 2261 729 similiter
2282 682 2336 729 et
2365 672 2419 727 hi
2447 673 2538 743 qui
2592 673 2657 727 ad
2716 673 3044 740 voluptatem
3099 670 3355 726 meditata
3383 670 3579 740 depor-

328 757 503 819 mino,
534 765 585 810 et
605 755 752 810 dabit
781 756 877 812 tibi
899 759 1179 830 petitiones
1209 763 1386 818 cordis
1411 764 1488 818 tui
1504 780 1525 831 ;
1553 767 1647 837 qui
1677 782 1784 822 non
1812 783 1913 822 no-
2013 772 2148 832 tant,
2175 775 2227 820 et
2262 766 2364 821 ista
2395 779 2609 835 semper
2635 764 2920 833 inquirunt
2951 776 3073 831 qua:
3099 760 3367 816 delectent
3399 760 3581 831 potius

333 856 537 902 verunt
566 847 897 904 voluntatem
932 851 1235 918 beatorum,
1263 853 1331 909 de
1379 872 1490 925 qua
1533 858 1793 913 scribitur
1816 859 1907 921 ,ηε

335 936 591 996 Torrente
611 942 903 1013 uoluptatis
936 952 1046 999 tua!
1066 945 1273 1015 potabis
1291 960 1421 1014 eos;
1449 950 1732 1019 requirunt
1754 950 1917 1022 quasi

333 1039 614 1087 amatores
638 1033 871 1089 luxuria:
906 1042 962 1091 et
989 1049 1097 1091 non
1135 1045 1407 1095 amatores
1441 1039 1574 1107 Dei,
1605 1056 1820 1111 semper
1856 1041 1911 1096 in

335 1123 714 1193 corporalibus
746 1140 869 1180 esse
912 1126 1143 1183 deliciis.
1180 1125 1408 1200 Signum
1434 1139 1614 1185 autem
1647 1132 1782 1185 mihi
1835 1133 1915 1186 vi-

333 1213 500 1267 detur
521 1213 816 1283 voluptatis
848 1230 1079 1283 camena,
1111 1218 1214 1272 sub
1242 1219 1428 1273 cubito
1449 1220 1616 1293 366
1652 1236 1912 1276 manuum

338 1303 580 1358 cervical
612 1314 884 1361 assutum.
912 1306 1049 1374 Quia
1093 1309 1239 1364 enim
1285 1310 1340 1364 in
1379 1321 1621 1380 tempore
1679 1311 1918 1367 discum-

340 1398 503 1453 bendi
534 1400 600 1454 ad
631 1399 891 1456 beneﬁcia
919 1404 1223 1473 corporalia
1267 1404 1521 1459 videmur
1547 1404 1625 1459 uti
1675 1407 1917 1461 consutis

339 1490 689 1561 Quibusdam,
723 1503 777 1547 et
807 1507 909 1549 acu
942 1495 1102 1565 pictis
1142 1495 1243 1550 sub
1288 1495 1472 1550 cubito
1520 1510 1780 1550 manuum
1819 1510 1919 1549 nos

341 1590 607 1647 strarum,
639 1581 869 1638 forsitan
901 1598 1083 1638 sermo
1119 1585 1338 1641 divinus
1370 1600 1465 1654 per
1502 1585 1808 1641 istiusmodi
1856 1585 1919 1639 li-

2012 856 2294 911 audientes
2331 864 2494 927 quain
2544 864 2863 910 convertant
2895 870 2925 907 a
2964 852 3148 919 vitiis,
3188 850 3400 907 faciunt
3432 850 3581 904 vela-

2016 947 2165 1002 mina
2187 963 2350 1017 super
2372 957 2535 1017 caput
2556 961 2664 1001 non
2690 946 2854 1001 modo
2878 959 3171 1012 puerorum
3198 953 3253 998 et
3289 942 3580 1014 juvenum,

2014 1037 2129 1100 sed,
2160 1035 2204 1090 si
2230 1036 2343 1091 ﬁeri
2372 1044 2567 1106 potest,
2600 1050 2792 1091 senum
2814 1050 3032 1106 quoque
3051 1044 3103 1090 et
3124 1042 3358 1104 patrum,
3388 1033 3440 1087 in
3459 1041 3578 1087 tan-

2015 1138 2127 1182 tum
2154 1136 2217 1182 ut
2240 1127 2401 1182 etiam
2426 1141 2521 1182 eos
2545 1125 2918 1198 decipiantqui
2943 1125 3096 1196 juxta
3120 1124 3360 1179 laborem
3386 1122 3582 1177 anima

2017 1221 2070 1275 in
2101 1220 2329 1289 Spiritali
2377 1228 2534 1274 aetate
2570 1229 2626 1275 et
2663 1220 2815 1274 senio
2855 1225 3255 1288 processerunt.
3290 1214 3357 1269 Et
3407 1214 3585 1285 potuit

2016 1311 2232 1380 quidem
2265 1311 2447 1366 dicere
2478 1311 2766 1382 propheta,
2799 1324 2961 1380 super
2991 1311 3129 1365 iiiios
3153 1309 3336 1379 populi
3361 1310 3439 1364 tui
3489 1308 3585 1378 qui

1986 1412 1989 1414 ·
2017 1400 2376 1471 prophetam:
2409 1403 2501 1455 sed
2529 1403 2688 1470 quasi
2716 1415 2904 1456 omnes
2951 1400 3045 1469 qui
3087 1400 3355 1454 velamina
3399 1408 3584 1454 conte-

2021 1500 2168 1558 xant,
2197 1503 2252 1546 et
2272 1491 2555 1547 cervicalia
2599 1488 2873 1546 consuant
2905 1491 3007 1546 sub
3029 1490 3179 1545 omni
3233 1490 3417 1545 cubito
3464 1505 3586 1543 ma;

2019 1597 2141 1647 nus,
2168 1582 2422 1637 mulieres
2447 1582 2577 1650 sint,
2609 1591 2665 1636 et
2716 1582 2899 1636 nullus
2931 1582 3072 1636 inter
3093 1595 3188 1636 eos
3216 1580 3318 1635 viri
3367 1580 3601 1636 nomine

342 1681 534 1739 guram
562 1678 621 1724 et
671 1681 1054 1742 argumentum
1104 1689 1200 1729 eos
1228 1674 1409 1744 culpat
1439 1675 1728 1744 magistros
1752 1715 1768 1739 ,
1822 1674 1914 1744 qui
2019 1671 2215 1741 dignus
2247 1672 2532 1737 habeatur,
2563 1671 2639 1725 ait
2663 1671 2923 1741 propheta
2953 1690 2967 1726 :
3006 1668 3072 1724 In
3094 1670 3239 1740 ﬁlias
3278 1669 3460 1740 populi
3510 1671 3606 1724 tui‘

345 1775 447 1831 per
473 1762 941 1832 vaniloquentiam
976 1773 1029 1818 et
1059 1765 1246 1822 beatas
1275 1781 1520 1836 quasque
1540 1765 1919 1836 repromissio-
1952 1832 1987 1836 _
2020 1776 2137 1831 quis
2163 1759 2474 1831 prophetam
2505 1760 2573 1814 de
2590 1759 2744 1814 cord’e
2775 1772 2871 1814 suo
2892 1801 2906 1826 ,
2933 1768 2986 1814 et
3010 1773 3073 1814 ea
3105 1757 3312 1814 faciunt
3338 1773 3458 1829 quae
3498 1772 3586 1812 se-

343 1868 449 1908 nes
466 1854 871 1910 multitudinem
910 1856 1246 1913 audientium
1272 1832 1484 1913 libidini
1505 1897 1521 1923 ,
1552 1832 1699 1913 vitiis
1718 1897 1733 1922 ,
1759 1857 1918 1912 volu-
1950 1832 1999 1885 Β
2020 1861 2283 1922 quuntur.
2310 1850 2644 1908 Eﬂ‘eminatae
2669 1855 2869 1923 quippe
2901 1861 3029 1908 sunt
3057 1867 3246 1908 eorum
3295 1850 3587 1922 magistro-

341 1945 586 2015 ptatique
612 1948 950 2015 permittunt.
970 1947 1135 2004 Debet
1163 1950 1308 2005 enim
1322 1948 1416 2004 Dei
1436 1948 1673 2005 Verbum
1695 1958 1750 2005 et
1780 1948 1922 2005 Deus
2020 1964 2141 2003 rum
2167 1957 2222 2003 et
2245 1948 2461 2014 animm,
2493 1957 2548 2002 et
2576 1947 2906 2014 voluntates,
2936 1947 3028 2017 qui
3058 1961 3273 2016 semper
3311 1945 3585 2008 sonantia;

341 2032 509 2091 homo
533 2050 597 2088 ea
624 2036 899 2104 proferre,
933 2053 1056 2107 quae
1085 2039 1250 2094 saluti
1282 2050 1411 2094 sunt
1463 2039 1702 2093 audienti
1729 2080 1744 2104 ,
1801 2053 1924 2108 quae
2020 2055 2235 2110 semper
2256 2054 2455 2095 canora
2486 2047 2817 2110 componunt
2844 2056 2858 2093 :
2887 2046 2961 2106 et,
2991 2046 3053 2092 ut
3083 2037 3227 2107 quod
3260 2051 3448 2092 verum
3506 2045 3604 2091 est‘

340 2123 496 2178 illum
529 2126 816 2182 hortentur
837 2128 905 2182 ad
933 2128 1427 2194 continentiam,ad
1451 2128 1920 2183 conversationem
2020 2130 2222 2199 dicam,
2246 2131 2382 2187 nihil
2414 2131 2590 2196 virile,
2621 2130 2758 2184 nihil
2781 2130 2939 2196 forte,
2976 2128 3113 2183 nihil
3129 2127 3240 2183 Deo
3263 2129 3486 2200 dignum
3509 2138 3604 2182 cst'

338 2232 605 2274 sanorum
638 2229 882 2288 actuum,
912 2222 978 2277 ad
1002 2231 1199 2279 cuncta
1231 2224 1286 2279 in
1313 2239 1436 2293 qua:
1456 2224 1618 2279 homo
1644 2223 1923 2280 studiosus
2023 2224 2076 2279 in
2111 2225 2195 2280 his
2224 2226 2316 2296 qui
2346 2225 2502 2296 juxta
2533 2225 2843 2294 gratiam'et
2874 2223 3208 2278 voluntatem
3255 2221 3589 2278 audientium

340 2308 593 2364 laborum
623 2320 679 2367 et
698 2326 807 2366 non
844 2312 1131 2368 libidinum
1156 2313 1321 2368 debet
1349 2312 1683 2379 incumbere,
1713 2322 1774 2369 ut
1799 2328 1928 2384 pos-

342 2399 417 2451 sit
440 2414 504 2453 ca
537 2401 801 2470 consequi
837 2417 960 2470 quae
983 2418 1015 2457 a
1069 2401 1176 2457 Deo
1207 2411 1338 2458 sunt
1382 2402 1738 2474 repromissa.
1788 2405 1922 2459 Cum

341 2505 479 2561 ergo
525 2492 723 2562 aliquis
749 2503 913 2562 aptus
939 2492 1187 2549 moribus
1217 2493 1401 2564 populi
1428 2533 1444 2559 ,
1488 2503 1550 2548 ut
1603 2494 1813 2564 placeat
1842 2493 1926 2548 eis

343 2585 550 2653 quibus
579 2600 743 2642 aures
765 2586 1038 2656 pruriunt,
1072 2585 1317 2657 loquitur
1342 2601 1465 2657 quae
1505 2594 1784 2656 gratanter
1828 2601 1925 2642 ac-

344 2675 576 2747 cipiant,
604 2676 847 2746 loquitur
867 2692 991 2748 quas
1028 2677 1207 2732 vicina
1254 2685 1385 2732 sunt
1439 2677 1704 2747 voluptati
1732 2716 1748 2743 ,
1800 2678 1931 2747 talis

348 2766 612 2835 magister
644 2768 861 2823 censuit
884 2768 1170 2823 cervicalia
1194 2769 1297 2825 sub
1327 2767 1476 2823 omni
1502 2769 1686 2824 cubito
1706 2784 1923 2826 manus.

351 2854 619 2926 Sequitur
646 2857 749 2913 hac
777 2868 1061 2928 peccatum
1088 2860 1411 2926 habentem,
1448 2869 1507 2916 ut
1540 2860 1707 2916 faciat
1760 2860 1925 2917 etiam

351 2943 587 3002 amictus
619 2946 687 3001 ad
713 2947 1007 3004 velandum
1059 2957 1225 3019 caput
1280 2949 1459 3005 otnnis
1510 2950 1711 3008 aetatis.-
1755 2950 1931 3023 Cujus

351 3044 531 3091 autem
565 3036 644 3092 rei
673 3037 845 3109 figura
872 3038 1135 3104 sitetiam
1160 3040 1428 3109 velamen,
1479 3043 1703 3099 cautius
1755 3044 1931 3099 consi-

2022 2314 2354 2386 przedicant;
2387 2313 2595 2368 idcirco
2633 2327 2828 2368 omnes
2857 2312 2998 2368 filias
3022 2314 3205 2383 potius
3229 2327 3395 2383 quam
3450 2312 3607 2368 ﬁlios:

2023 2408 2161 2463 dixit
2193 2416 2482 2464 assuentes
2511 2406 2816 2462 cervicalia.
2855 2403 2922 2460 Et
2951 2405 3177 2461 observa
3204 2406 3591 2477 proprietatem

2026 2499 2209 2567 verbi;
2240 2508 2507 2554 assuentes
2538 2499 2643 2565 ait,
2691 2512 2799 2553 non
2844 2506 3214 2553 contexentes.
3250 2498 3330 2552 An
3372 2497 3593 2568 ignoras

2024 2592 2170 2663 quod
2198 2593 2385 2647 tunica
2410 2589 2626 2647 Domini
2654 2590 2731 2644 tui
2754 2588 2885 2646 Jcsu
2914 2588 3050 2644 nihil
3069 2590 3123 2644 in
3156 2605 3214 2646 se
3238 2589 3439 2645 habeat
3460 2603 3595 2645 con-

2025 2682 2208 2747 sutile,
2236 2682 2329 2738 sed
2355 2697 2421 2737 ex
2450 2683 2601 2738 omni
2626 2692 2776 2753 parte
2831 2691 3088 2739 contexta
3141 2680 3253 2737 sit?
3298 2678 3421 2736 Istae
3465 2695 3599 2751 ergo

2026 2781 2299 2830 consuuut
2318 2772 2463 2829 dicta
2483 2773 2641 2829 dictis
2673 2771 3041 2828 fraudulenter
3058 2770 3334 2836 etcallide,
3364 2784 3596 2826 assuen-

2027 2866 2110 2914 tes
2140 2858 2323 2929 potius
2350 2874 2518 2930 quam
2546 2867 2931 2935 contexentes;
2958 2868 3015 2915 et
3057 2857 3266 2914 faciunt
3308 2858 3597 2914 cervicalia

2026 2964 2138 3004 non
2168 2950 2224 3004 in
2248 2949 2452 3019 quibus
2482 2948 2661 3020 capita
2684 2950 2973 3015 reclinant,
3009 2949 3102 3005 sed
3126 2949 3179 3003 in
3215 2948 3414 3019 quibus
3443 2949 3601 3005 cubi-

2028 3050 2166 3108 tum,
2217 3042 2270 3097 id
2306 3051 2389 3097 est
2411 3051 2474 3097 ut
2498 3058 2692 3099 manus
2713 3056 2900 3098 eorum
2934 3057 3042 3098 non
3065 3043 3174 3098 sint
3201 3042 3255 3097 in
3269 3042 3474 3108 labore,
3487 3056 3597 3097 non

352 3128 626 3184 deremus.
666 3127 770 3196 Qui
797 3129 1051 3185 fiduciam
1089 3130 1275 3199 habet,
1301 3141 1356 3187 et
1377 3147 1505 3189 vere
1530 3134 1614 3189 vir
1638 3145 1742 3203 est,
1775 3137 1926 3193 vela-
1952 3167 1998 3227 ο
2031 3130 2085 3185 in
2117 3144 2280 3201 opere
2309 3131 2632 3199 lassescant,
2659 3130 2753 3187 sed
2780 3132 2890 3188 sint
2910 3132 2967 3185 in
2992 3131 3199 3201 requie,
3226 3130 3337 3185 sint
3363 3128 3421 3184 in
3455 3130 3594 3196 otio,

353 3232 477 3273 men
519 3232 629 3274 non
679 3219 840 3275 habet
869 3234 1035 3291 super
1059 3230 1224 3291 caput
1250 3235 1411 3278 suum
1438 3263 1454 3290 ,
1483 3224 1576 3280 sed
1601 3225 1806 3282 intecto
1836 3241 1926 3283 cs~

354 3309 463 3379 pite
492 3320 613 3366 orat
634 3310 923 3366 Dominum
942 3349 959 3378 ,
994 3312 1196 3370 intecto
1220 3316 1396 3385 capite
1447 3318 1736 3388 prophetat
1761 3360 1777 3387 ,
1831 3336 1928 3391 per

354 3400 570 3472 signum
587 3403 888 3473 corporalis
901 3405 977 3459 rei
995 3405 1158 3459 etiam
1177 3406 1480 3476 spiritalem
1498 3408 1730 3465 latenter
1744 3420 1930 3467 osten-

354 3495 513 3558 dens,
540 3507 601 3552 ut
624 3497 904 3567 quomodo
949 3514 1057 3553 non
1085 3499 1249 3555 habet
1285 3501 1529 3558 velamen
1571 3519 1736 3575 super
1767 3517 1929 3576 caput

353 3587 538 3642 carnis
568 3603 682 3644 suae
702 3628 721 3657 ,
764 3589 838 3645 ita
877 3603 986 3644 non
1030 3590 1230 3647 habeat
1261 3593 1505 3649 velamen
1538 3611 1703 3666 super
1723 3598 1929 3667 princi-

353 3678 476 3747 pale
503 3678 685 3733 cordis
715 3678 917 3735 sui.-Si
952 3680 1076 3747 quis
1123 3696 1256 3737 vero
1294 3682 1639 3740 confusionis
1683 3687 1927 3742 velamen

355 3769 497 3845 gerit
517 3777 573 3823 et
594 3768 819 3839 peccati,
842 3769 947 3825 istc
964 3770 1123 3840 quasi
1156 3771 1443 3826 muliebria
1465 3773 1735 3829 velamina
1770 3776 1933 3831 habet

356 3877 523 3935 super
540 3868 709 3934 caput
726 3877 910 3917 suum.
938 3860 1124 3931 Itaque
1167 3875 1294 3915 cum
1326 3862 1526 3933 aliquis
1579 3865 1826 3921 docuerit
1866 3882 1931 3922 ea

354 3971 481 4025 qua:
501 3970 687 4010 aurem
723 3951 904 4028 populi
939 3953 1214 4007 mulceant
1244 3994 1259 4019 ,
1310 3961 1368 4009 et
1403 3956 1693 4026 strepitum
1751 3959 1932 4028 potius

354 4046 696 4102 laudaturum
720 4063 884 4119 quam
915 4044 1173 4120 gemitum
1203 4054 1474 4109 moveant,
1506 4049 1552 4100 si
1576 4046 1805 4102 blandus
1828 4049 1934 4103 ini-

354 4139 534 4193 micus
564 4138 861 4208 palpaverit
888 4138 1070 4209 potius
1099 4153 1261 4207 quam
1295 4135 1531 4193 secuerit
1564 4137 1809 4206 vulnera,
1845 4146 1928 4193 ta—

354 4227 425 4284 iis
456 4229 628 4284 homo
656 4230 890 4285 amictus
913 4233 1155 4286 contexit
1188 4231 1243 4286 in
1268 4231 1462 4301 capite.
1498 4231 1635 4286 Cum
1664 4237 1848 4287 autem
1878 4231 1931 4291 in

357 4319 700 4376 luxuriosam
729 4321 1037 4376 orationem
1061 4321 1293 4377 dicentis
1316 4337 1375 4377 se
1398 4336 1580 4378 sermo
1611 4321 1847 4386 fuderit,
1881 4331 1947 4377 et'

359 4412 414 4466 in
437 4411 705 4468 lascivum
726 4412 1104 4482 persultaverit
1117 4413 1418 4484 eloquium,
1435 4414 1677 4468 contexit
1692 4413 1933 4468 velamen

2028 3223 2138 3279 sint
2164 3223 2225 3278 in
2248 3222 2337 3279 his
2354 3223 2521 3295 gestis
2550 3239 2671 3294 qua:
2693 3222 3060 3293 voluptatibus
3087 3222 3350 3277 serviunt.

2095 3315 2153 3370 4.
2195 3314 2318 3370 llaec
2353 3323 2536 3371 autem
2558 3329 2683 3386 quae
2704 3315 2938 3370 dicimus
2960 3314 3034 3369 ita
3059 3329 3119 3370 se
3138 3314 3340 3369 habere
3360 3321 3473 3368 uta
3499 3327 3600 3368 no—

2028 3405 2114 3462 bis
2135 3405 2406 3461 intellecta
2434 3413 2600 3474 sunt,
2632 3421 2867 3475 sequens
2916 3420 3099 3460 sermo
3132 3404 3409 3474 propheta:
3460 3403 3599 3458 luci-

2028 3499 2151 3555 dius
2166 3500 2423 3567 ostendit,
2445 3499 2632 3555 dicens
2659 3500 2723 3531 ³⁸·
2749 3517 2764 3554 :
2791 3497 2917 3554 ιιωσ
2933 3498 3062 3552 dicit
3080 3497 3284 3551 Adonei
3305 3495 3559 3550 Dominus
3575 3511 3597 3555 :

2031 3589 2168 3645 Ecce
2203 3606 2296 3661 ego
2331 3590 2400 3644 ad
2433 3588 2711 3644 ceruicalia
2756 3597 2928 3644 vestra
2957 3588 3014 3642 in
3038 3585 3225 3657 quibus
3253 3602 3340 3640 vos
3382 3600 3600 3639 conver-

2032 3682 2146 3736 titis
2192 3681 2306 3735 illic
2324 3681 2531 3735 animas
2557 3681 2615 3734 in
2647 3678 3065 3733 dissolutionem.
3096 3675 3323 3748 Aperuit
3367 3675 3600 3744 aenigma

2032 3771 2178 3842 quod
2216 3772 2436 3839 latebat,
2460 3770 2746 3842 perspicue
2777 3768 3070 3826 ostendens
3099 3776 3328 3823 consuta
3357 3765 3600 3821 cervica-

2034 3865 2104 3918 lia
2131 3863 2186 3918 in
2222 3861 2635 3919 dissolutionem
2685 3860 2989 3915 animarum
3031 3857 3169 3912 fieri.
3229 3856 3365 3923 Quis
3417 3864 3600 3911 autem

2034 3961 2215 4024 potest
2237 3968 2401 4024 super
2419 3965 2727 4007 sermonem
2756 3949 2852 4020 qui
2885 3949 3081 4018 legitur
3103 3989 3117 4014 ,
3151 3947 3380 4003 audiens
3425 3946 3597 4002 Deum

2035 4045 2475 4108 comminantem,
2500 4042 2630 4113 quia
2666 4041 2782 4111 ipse
2819 4040 3126 4108 disrumpat
3167 4038 3328 4094 talem
3366 4039 3603 4095 sutelas»

2034 4145 2088 4191 ct
2122 4136 2250 4197 talia
2270 4134 2557 4190 cervicalia
2574 4133 2605 4193 τ,
2631 4133 2721 4188 Ait
2741 4131 2930 4187 enim:
2972 4128 3229 4201 Ecceego
3263 4145 3370 4185 non
3411 4130 3604 4201 jubeo,

2036 4227 2129 4282 sed
2153 4226 2270 4296 ipse
2297 4225 2581 4292 disrumpo
2615 4221 2898 4278 cervicalia
2932 4228 3163 4277 consula
3193 4220 3297 4276 sub
3329 4223 3479 4276 οιηηί
3506 4236 3615 4276 cu-

2036 4318 2151 4375 bito
2183 4332 2397 4371 manus.
2423 4313 2517 4370 Dei
2542 4329 2680 4384 opus
2707 4321 2788 4368 est
2817 4324 3037 4368 omnem
3076 4327 3304 4382 arguere
3336 4321 3611 4367 texturam.

2037 4420 2091 4466 et
2111 4409 2410 4465 dissolvere
2438 4407 2747 4462 universam
2778 4403 3050 4461 fictionem
3083 4403 3373 4474 pessimam
3407 4443 3424 4469 ,
3483 4419 3615 4474 quas

360 4518 528 4574 super
549 4512 715 4574 caput
740 4504 922 4559 omnis
973 4505 1170 4572 aetatis,
1210 4520 1318 4558 non
1350 4503 1515 4557 modo
1549 4519 1843 4574 puerorum
1882 4512 1937 4559 et
1968 4503 2011 4558 D
2041 4507 2201 4556 nocet
2225 4497 2313 4554 bis
2342 4497 2436 4568 qui
2468 4496 2661 4551 nolunt
2689 4495 2947 4551 manibus
2971 4495 3183 4566 operari
3217 4536 3232 4560 ,
3287 4495 3382 4551 sed
3412 4495 3609 4550 otiosis

354 4595 642 4666 juvenum,
667 4610 857 4651 verum
879 4604 934 4650 et
969 4611 1183 4652 senum.
1217 4596 1526 4663 Quomodo
1581 4597 1725 4650 enim
1775 4593 1943 4649 faciet-

2039 4592 2121 4646 cis
2147 4589 2246 4645 uti.
2283 4585 2353 4641 Et
2379 4588 2708 4655 disrumpunt
2726 4601 2792 4641 ea
2828 4604 2860 4641 a
2889 4586 3120 4640 brachiis
3143 4586 3328 4641 uestris
3363 4585 3426 4651 “,
3453 4585 3505 4641 id
3523 4594 3625 4641 est-

411 4736 459 4770 “
477 4734 625 4811 Psal=
646 4751 834 4803 xxxvi,
862 4735 920 4791 ι.
999 4736 1040 4767 ⁸³
1069 4734 1210 4793 Psal.
1238 4752 1403 4792 xxxv.
1427 4737 1479 4791 9.
1559 4736 1624 4767 ““
1659 4733 1857 4790 Ezech.
1884 4750 2008 4799 xm,
2037 4732 2129 4788 ‘20.
2212 4730 2256 4762 ⁸⁸
2283 4729 2419 4784 ibid.

433 4855 527 4927 (η
545 4854 650 4927 Qui
676 4855 930 4927 iuAuietu,
960 4853 1221 4927 etc.lluic
1246 4855 1367 4909 loco
1386 4855 1699 4927 aiﬁnitatem
1729 4869 1927 4927 quam-

363 4923 500 4981 dant
518 4926 681 4980 habet
721 4924 969 4981 Grazcum
1017 4923 1378 4994 fragmentum
1408 4926 1510 4994 hoc
1538 4940 1570 4979 e
1593 4926 1801 4994 catenis
1835 4924 1931 4978 de-

364 5004 673 5068 promptum
708 5009 734 5068 :_
754 4992 1210 5068 _llpooxscpd‘ttd_t§v
1244 4995 1390 5068 iactv
1420 4993 1526 5046 ὑπὸ
1556 4993 1780 5068 ἀγκῶνῌα
1826 5011 1937 5068 xst-

363 5061 480 5191 ἰλὺς,
504 5061 541 5118 ὅ
558 5061 845 5148 τρυφέῦδηὲ
882 5065 976 5117 καὶ
999 5061 1293 5149 έφιλήδονοξ
1331 5061 1442 5132 βίος
1459 5103 1473 5128 ,
1508 5061 1798 5133 καιέαργῶν
1829 5061 1939 5134 ὀὶ-ὴν

397 5133 629 5191 matrimi
659 5151 759 5191 της
777 5134 1141 5191 δικαιοσυνης.
1184 5134 1382 5186 Τουτον
1411 5132 1470 5186 δὲ
1518 5132 1937 5191 ωρῤάπτουσιν.

467 5131 629 5206 adiuv
659 5131 1141 5206 ﬁq‘StttatQOliVnC;
1184 5131 1470 5206 Toﬁmvﬁs
1518 5131 1937 5206 cuppa‘mouqtv,

445 5198 611 5275 μηδὲν
641 5198 792 5276 πέρά
815 5203 885 5258 τά
924 5198 1174 5276 ὀράξμὲνᾳ
1213 5198 1348 5256 εἶναι
1387 5198 1825 5276 δοχμαειξιςζζοιςτες,Δ
1851 5200 1939 5254 λέ-

365 5219 415 5261 οι
445 5219 611 5275 μησεν
641 5219 792 5276 παρα
815 5219 885 5258 τα
924 5219 1174 5274 ορωμενα
1213 5219 1348 5256 eum
1387 5219 1818 5325 οοῖματιςοντες,
1853 5219 1939 5254 Αε-

365 5290 587 5344 γοντες’
636 5271 1045 5344 Mrs-manui
1090 5272 1347 5344 “Iw:
1385 5287 1429 5344 ξι
1461 5288 1618 5344 PK”-
1641 5271 1754 5340 γὰρ
1794 5271 1942 5344 ἀτερ-

366 5339 742 5410 ὸνήσκομενξ
762 5339 886 5408 Tot;
916 5342 973 5396 δὲ
1000 5339 1275 5405 τοιούτόιςο
1296 5339 1564 5395 ἀκόλοὺθά
1604 5339 1741 5400 tm.
1775 5339 1941 5410 μηδὲν

368 5411 512 5470 δῖναι
540 5409 804 5484 ἡμέτερον
838 5412 1124 5484 saxeam.
1156 5412 1190 5484 ἢ
1220 5410 1294 5484 μὴ
1314 5410 1413 5481 τὴν
1436 5411 1577 5484 κατὰ
1601 5409 1784 5484 σάρδξφί
1811 5409 1940 5480 ἠδο-

368 5485 499 5563 νὴνθι
517 5479 654 5563 bis?
686 5479 1079 5563 ὲὲξτὶνὲπιὸὸξὴ
1112 5479 1343 5563 ὲπὶ-’ῖὴν
1370 5479 1645 5563 usually,
1675 5479 1942 5563 ἰεάλυμμτα

369 5549 515 5623 uasa
542 5549 638 5606 τοῦ
664 5552 803 5616 νοὸς,
837 5549 1142 5623 ψταφέῥᾳν
1161 5549 1322 5623 absint
1351 5552 1435 5623 si;
1460 5549 1561 5623 silv
1582 5549 1821 5623 ξσχᾴτην
1847 5549 1942 5623 τᾲ-

372 5621 476 5689 ξιν,
512 5623 576 5677 ἶν’
602 5623 699 5705 ἔχῃ
742 5620 885 5705 mea
913 5617 1183 5705 ριξέρᾱλῇς,
1230 5621 1307 5685 ὡς
1323 5621 1372 5705 ὶή
1421 5617 1789 5705 summatim
1833 5617 1940 5705 392v

370 5683 732 5765 ἧεΜτικὸῧ,
773 5691 870 5744 καὶ
908 5683 1182 5744 διὲτοῦξό
1213 5683 1371 5762 yuvq'
1396 5683 1801 5762 χρηματίὰασά.
1834 5683 1942 5751 Ἧς

372 5762 470 5833 τὴν
500 5761 679 5829 δεξιὰν
700 5764 729 5816 ὁ
750 5760 914 5830 νόμος
936 5760 1125 5823 κόπτει
1142 5777 1155 5791 ⁸
1184 5761 1276 5815 ἐπὶ
1304 5759 1413 5833 γὰρ
1432 5760 1493 5814 τὸ
1513 5755 1940 5833 προσηεφάλαιυν

2030 4841 2421 4903 ἀναπαυθεῖσα,
2451 4841 2551 4912 τῆς
2581 4841 2786 4912 φθορᾶς
2814 4839 3093 4912 ἐδράξατο.
3124 4842 3369 4898 Ceruisat
3388 4848 3481 4898 sub
3509 4862 3604 4898 cu-

2031 4916 2137 4968 bito
2165 4929 2372 4977 manus,
2404 4920 2480 4985 est
2505 4913 2611 4967 vita
2636 4911 2927 4985 incuriosa
2943 4929 3007 4985 a_s
3036 4912 3335 4985 libidinosa,
3368 4929 3485 4985 quia
3506 4913 3601 4985 ju-

2031 4984 2188 5039 stitite
2216 4982 2570 5052 operationem
2611 4980 2862 5052 dissolvit.
2896 4980 3196 5037 Istiusmodi
3225 4980 3447 5052 ceruical
3479 4980 3604 5038 con-

2032 5060 2223 5116 suunt,
2249 5049 2345 5122 'qui
2387 5060 2577 5120 pra’ter
2605 5066 2688 5104 res
2718 5049 2879 5122 acutis
2913 5052 3147 5122 subjecta
3192 5050 3322 5108 uidit
3354 5070 3464 5109 esse
3511 5055 3606 5109 ἄση

2035 5118 2314 5185 blateratu,
2337 5118 2588 5191 aiuutque
2617 5135 2635 5174 ε
2666 5139 2685 5172 ‹
2718 5118 2959 5191 Edamus
2977 5118 3025 5176 et
3046 5121 3306 5190 bibamus,
3324 5141 3443 5179 cras
3467 5124 3607 5178 enim

2037 5192 2343 5263 moriemur.
2364 5210 2382 5242 ι
2406 5190 2511 5263 His
2529 5197 2705 5263 autem
2729 5190 2820 5260 qui
2843 5190 3102 5263 eiusmodi
3127 5203 3267 5258 sunt,
3294 5209 3608 5263 consequens

2037 5270 2110 5316 est
2139 5270 2196 5334 ut
2231 5260 2377 5334 nulia
2406 5261 2517 5314 alia
2540 5260 2609 5315 sit
2640 5259 2869 5334 humana
2901 5262 3185 5334 beatitudo,
3218 5280 3374 5334 quam
3406 5259 3522 5334 qua:
3553 5263 3608 5315 in

2037 5331 2212 5385 carnis
2255 5330 2520 5401 voluptate
2560 5330 2791 5384 consistit
2823 5346 2841 5385 :
2878 5332 3019 5401 quod
3058 5340 3131 5386 est
3175 5330 3363 5401 capitis
3401 5330 3609 5401 integu-

2038 5410 2288 5464 mentum,
2307 5399 2466 5455 menti
2486 5400 2785 5470 impositum
2804 5399 3058 5464 velamen,
3082 5402 3153 5455 ad
3179 5399 3419 5470 inﬁmum
3438 5399 3611 5470 ipsam

2038 5471 2274 5550 ordinem
2315 5469 2608 5550 deprimatis
2652 5478 2709 5523 ut
2752 5469 2941 5550 habeat
2983 5488 3141 5542 super
3185 5469 3375 5540 caput,
3409 5469 3611 5550 quippe

2039 5556 2154 5611 qua:
2180 5539 2635 5611 gignendijpartes
2668 5539 2886 5611 accepit,
2915 5551 2964 5594 et
2993 5539 3269 5610 propterea
3281 5539 3497 5611 _mulier
3519 5555 3611 5592 vo-

2041 5608 2161 5663 cata
2181 5608 2285 5664 'est
2311 5624 2329 5661 :
2359 5609 2511 5676 cujus
2543 5608 2813 5663 dexteram
2842 5608 2926 5664 lea:
2964 5608 3240 5665 a'bicindit.
3272 5609 3622 5676 Requiescena

2042 5680 2181 5734 enim
2208 5695 2364 5749 super
2387 5677 2627 5745 ceruical,
2660 5680 3044 5749 corruptionem
3071 5677 3442 5749 apprehendit.
