4070 6296
217 277 330 332 693

1676 279 1958 336 llOMlLlA
1999 275 2088 333 111.

3406 279 3506 333 σειι

212 392 338 457 isti,
376 391 430 446 id
464 402 552 448 est
589 395 887 464 supradicti
927 395 1252 468 presbyteri,
1302 382 1587 466 posuerunt
1623 397 1825 467 cogita-
1852 399 1898 454 Α
1927 396 2099 448 alium
2126 393 2252 460 illo,
2267 403 2326 449 ut
2380 402 2508 464 puta
2545 402 2703 450 sanat
2740 394 3056 464 emplastro,
3107 391 3198 447 alii
3233 392 3378 448 aliud
3410 397 3508 446 tri-

215 489 396 542 tiones
424 505 557 544 suas
583 491 644 543 in
687 490 931 545 cordibus
957 491 1069 545 suis
1088 532 1103 556 ,
1147 501 1200 546 et
1241 506 1449 562 poenam
1480 491 1821 561 iniquitatum

213 593 447 631 suarum
473 590 767 648 posuerunt
794 589 917 634 ante
941 581 1127 651 faciem
1161 596 1334 636 suam.
1383 579 1553 635 Nemo
1577 587 1818 635 vestrum

211 669 506 722 existimet
530 670 819 726 cruciatus
847 673 1007 728 nobis
1031 673 1100 727 ab
1122 671 1232 729 alio
1253 687 1418 741 quam
1444 687 1473 726 a
1497 672 1656 727 nobis
1682 673 1823 727 irro-

209 759 356 826 gari.
399 758 569 816 'Deus
625 777 735 816 non
787 761 918 817 facit
947 778 1159 832 pinnas,
1212 762 1309 818 sed
1341 779 1405 818 ea
1429 778 1552 834 qum
1580 764 1822 832 patimur

211 849 319 920 ipsi
358 852 528 906 nobis
552 868 949 924 praeparamus.
985 854 1173 925 Itaque
1209 855 1522 912 testimonio
1572 871 1684 924 quo
1710 855 1824 910 fre-

209 950 453 1010 quenter
475 943 570 996 usi
602 959 817 1011 sumus,
838 947 1002 1000 etiam
1027 962 1172 1002 nunc
1196 956 1498 1017 opportune
1516 934 1734 1001 utamur
1749 946 1819 1000 '°:

209 1032 510 1088 Ambulate
535 1036 595 1089 in
646 1036 843 1092 lumine
881 1038 1016 1107 ignis
1035 1037 1215 1102 vestri,
1261 1047 1310 1092 et
1344 1039 1396 1091 in
1419 1038 1638 1106 ﬂamma
1661 1052 1822 1108 quam

208 1125 576 1181 accendistis.
629 1125 748 1181 Non
797 1136 880 1182 est
919 1127 1061 1199 ignis
1089 1128 1310 1183 alterius
1361 1129 1465 1184 nisi
1491 1135 1690 1192 vester,
1727 1129 1820 1197 qui

201 1218 377 1289 ligna,
413 1217 510 1288 qui
553 1217 840 1288 stipulam,
871 1219 965 1288 qui
1011 1219 1296 1274 materiam
1343 1216 1530 1273 futuro
1571 1217 1824 1273 incendio

203 1309 623 1368 coacervastis.

275 1402 332 1456 8.
373 1400 524 1456 Dicit
557 1416 699 1469 ergo
727 1401 794 1455 de
828 1400 1181 1470 presbyteris,
1214 1402 1402 1471 procul
1446 1411 1627 1456 autem
1682 1402 1825 1460 absit

202 1511 234 1546 ει
269 1492 437 1547 nobis
468 1509 482 1546 :
535 1489 658 1545 Viri
685 1490 772 1544 isti
803 1499 1091 1558 posuerunt
1114 1493 1455 1562 cogitationes
1484 1510 1608 1547 suas
1626 1495 1680 1546 in
1701 1510 1821 1547 eor-

202 1586 363 1638 dibus
391 1585 536 1648 suis,
583 1593 637 1638 et
673 1599 882 1650 parram
911 1584 1258 1654 iniquitotum
1292 1601 1512 1639 suarum
1535 1593 1821 1652 posuerunt

204 1683 332 1727 ante
363 1673 574 1743 faciens
619 1689 794 1732 suam.
850 1670 955 1726 Sed
1002 1673 1319 1740 respondens
1359 1673 1674 1743 respondebo
1719 1676 1816 1728 eis.

1927 486 2045 540 buit
2066 485 2542 550 medicamentum,
2564 482 2849 539 nonnullis
2873 482 3017 552 quod
3035 482 3342 536 cauterium
3371 499 3510 538 nun-

1926 582 2157 644 cupatur
2184 574 2433 644 imponit,
2479 573 2650 627 alium
2676 585 2885 633 amara,
2916 569 3082 623 alium
3113 568 3256 622 dulci
3306 576 3510 637 tempe-

1925 673 2012 720 rat
2043 665 2284 736 potione,
2324 663 2620 734 cujusdam
2659 677 2793 716 vero
2829 660 3058 714 vulnera
3098 659 3370 714 crassiore
3399 675 3502 712 un-

1924 756 2087 826 guine
2111 755 2318 812 dellnlt.
2352 754 2444 810 Sic
2471 765 2525 810 et
2553 769 2735 813 sermo
2768 752 2860 807 Dei
2897 767 2998 822 pro
3022 750 3380 820 qualitatibus
3411 751 3510 805 ho-

1924 847 2129 904 minum
2153 847 2417 917 loquitur,
2445 861 2546 901 nec
2583 845 2792 915 passim
2830 841 3118 912 sapientiae
3153 857 3268 896 suae
3319 840 3511 909 iugetit

1923 949 2283 996 sacramenta.
2326 941 2416 995 Ait
2456 941 2641 1010 itaque
2672 954 2686 990 :
2747 937 2863 1008 Ego
2893 935 3210 1006 respondebo
3235 935 3284 989 ei
3306 936 3359 988 in
3390 937 3510 1005 qui-

1923 1035 2016 1088 bus
2041 1034 2308 1088 detinetur
2337 1049 2480 1090 mens
2512 1031 2664 1101 ejus,
2693 1039 2754 1086 ut
2792 1030 2904 1086 ista.
2935 1027 3186 1084 videlicet
3232 1042 3418 1081 curem
3455 1027 3510 1080 in

1921 1123 2120 1192 quibus
2150 1136 2303 1176 mens
2331 1120 2452 1191 ejus
2485 1120 2780 1180 detinetur,
2811 1126 2871 1171 ut
2899 1132 3005 1172 non
3037 1113 3203 1169 faciat
3233 1113 3510 1168 declinare

1921 1216 2142 1269 domum
2187 1212 2374 1269 lsrael.
2413 1211 2738 1280 Quicunque
2777 1209 3022 1278 seipsum-
3058 1208 3366 1278 exemplum
3397 1221 3506 1258 non

1921 1305 2122 1378 prtebet
2163 1304 2323 1358 bona:
2356 1303 2514 1370 vitae,
2549 1302 2640 1362 sed
2685 1315 2976 1369 perversos
3008 1299 3225 1361 incedit,
3280 1297 3380 1356 iste
3411 1311 3506 1364 per

1920 1408 2075 1448 suam
2103 1394 2446 1461 pravitatem,
2471 1391 2601 1444 dum
2639 1391 2704 1444 ad
2737 1389 2849 1442 haec
2872 1404 2994 1457 qua:
3024 1403 3128 1440 non
3157 1387 3316 1442 debet
3344 1385 3510 1440 incli-

1921 1489 2105 1547 natur,
2134 1479 2265 1534 facit
2292 1479 2702 1549 quodammodo
2740 1477 2905 1531 etiam
2933 1476 3026 1531 Dei
3055 1476 3311 1545 populum
3343 1475 3512 1530 decli-

1922 1585 2053 1625 nare
2107 1569 2410 1625 secundum
2447 1569 2610 1624 corda
2644 1583 2838 1622 eorum
2874 1583 2995 1636 qua:
3041 1567 3346 1621 abalienata
3382 1575 3511 1620 sunt

1921 1679 1950 1716 a
1991 1677 2098 1719 me.
2134 1660 2199 1721 Et
2224 1661 2316 1732 qui
2352 1662 2454 1718 hoc
2477 1659 2610 1716 facit
2656 1659 2958 1720 secundum
3008 1660 3301 1719 alienatum
3354 1673 3452 1712 cor
3477 1673 3508 1710 a

205 1761 624 1832 Nunquidnum
659 1763 884 1832 dignum
915 1769 999 1816 est
1028 1762 1146 1816 istis
1180 1778 1268 1816 me
1313 1763 1642 1832 respondere
1663 1804 1676 1829 ,
1726 1766 1821 1834 qui
1859 1747 1898 1799 Β
1932 1751 2061 1817 Deo.
2089 1752 2144 1813 in
2177 1750 2601 1829 cogitationibus
2633 1750 2750 1806 suis
2791 1749 2940 1804 facit.
2971 1747 3200 1818 Propter
3231 1748 3376 1818 quod
3422 1765 3510 1809 rc-

208 1863 490 1908 venerunt
521 1852 595 1907 ad
613 1861 667 1906 te
689 1853 1012 1922 prophetam
1039 1854 1285 1910 volentes
1304 1854 1515 1910 discere
1541 1870 1823 1912 sermones

207 1945 412 2001 tuens?
452 1945 685 2013 Propter
714 1945 810 1997 hoc
841 1944 1054 2014 loquere
1082 1947 1151 1998 ad
1183 1962 1294 2012 eos,
1327 1955 1380 2000 et
1417 1947 1506 2000 die
1529 1948 1603 2000 eis
1627 1962 1646 2000 :
1693 1946 1823 2001 Haec

206 2040 344 2093 dicit
379 2040 604 2096 Δάοιιαὶ
633 2043 891 2097 Dominus
924 2058 941 2096 :
989 2037 1165 2092 Homo
1186 2039 1340 2092 homo
1369 2051 1434 2091 ex
1462 2037 1618 2091 domo
1658 2038 1827 2108 368

212 2131 417 2186 Israel.
435 2133 649 2192 Omnes
673 2133 927 2192 homines
948 2130 1060 2184 nati
1085 2144 1276 2185 sumus
1301 2129 1572 2196 homines,
1596 2128 1690 2189 sed
1715 2145 1824 2185 non

209 2237 416 2278 omnes
450 2224 712 2279 homines
759 2221 1020 2277 homines
1078 2235 1292 2284 sumus,
1343 2221 1488 2275 sicut
1523 2219 1826 2288 saepissime

211 2314 448 2366 notavi:
504 2315 561 2368 id
596 2315 740 2380 quod
774 2315 828 2367 in
873 2310 1121 2367 Levitico
1171 2312 1433 2381 scriptum
1476 2319 1603 2367 est:
1651 2310 1826 2370 Homo

210 2405 378 2459 homo
417 2406 665 2475 ﬁliorum
717 2404 909 2468 Israel,
948 2413 1042 2458 aut
1087 2405 1410 2463 aduenarum
1449 2405 1540 2475 qui
1595 2403 1826 2474 appositi

210 2506 342 2550 sunt
392 2497 454 2550 in
485 2498 660 2552 nobis.
700 2498 884 2552 Estote
930 2497 1205 2561 homines,
1267 2497 1519 2554 homines
1564 2497 1821 2564 scilicet;

209 2588 350 2655 quia
382 2602 500 2642 non
531 2603 728 2644 omnes
757 2587 1030 2651 heminas,
1079 2587 1332 2644 homines
1377 2596 1522 2646 sunt.
1552 2587 1821 2644 Ostenda-

213 2694 348 2732 tnus
374 2677 451 2731 de
509 2677 811 2747 Scripturis
857 2677 1137 2746 quomodo
1163 2678 1384 2748 quidam
1413 2677 1664 2735 homines
1715 2695 1824 2734 non

219 2769 342 2822 sint
369 2767 654 2824 homines.
690 2768 860 2822 Homo
882 2769 938 2822 in
960 2769 1153 2822 honore
1177 2770 1378 2838 positus
1405 2784 1509 2823 non
1539 2769 1823 2834 intellexit,

210 2869 576 2928 comparatus
599 2868 676 2913 est
695 2859 955 2927 jumenlis
976 2857 1366 2928 insipientibus,
1391 2859 1722 2914 assimilatas
1747 2870 1825 2914 est

212 2950 293 3004 eis
339 2947 415 3002 “.
437 2949 551 3004 lste
586 2964 694 3002 non
735 2959 821 3003 est
855 2949 1018 3006 homo
1051 2949 1237 3015 homo,
1269 2950 1363 3004 sed
1411 2949 1578 3006 homo
1606 2949 1826 3019 jumen-

217 3052 358 3095 tum.
403 3039 694 3095 Generatio
718 3043 1036 3109 viperarum,
1062 3041 1179 3110 quis
1210 3041 1436 3094 ostendit
1468 3041 1610 3096 vobis
1639 3042 1823 3111 fugere

219 3132 285 3185 ab
318 3135 407 3186 ira
431 3141 656 3187 ventura
698 3133 791 3185 ἐἳ
827 3131 974 3188 Talis
1007 3149 1115 3187 non
1178 3143 1261 3188 est
1296 3131 1461 3187 homo
1494 3133 1678 3199 homo,
1727 3133 1822 3196 sed

218 3238 451 3292 serpens
473 3224 662 3278 homo.
694 3221 832 3292 Equi
848 3224 902 3276 in
927 3224 1152 3291 {culinas
1171 3224 1496 3280 insanientes
1519 3223 1648 3292 facti
1675 3235 1824 3297 sunt,

220 3317 593 3386 unusquisque
620 3332 778 3384 super
797 3331 1016 3374 uxorem
1050 3316 1281 3395 proqimi
1308 3317 1392 3374 sui
1428 3316 1700 3372 hinniebat
1730 3318 1776 3352 ³³
1805 3336 1819 3385 ;

218 3417 273 3459 et
307 3407 412 3462 iste
437 3421 558 3460 non
591 3413 675 3461 est
705 3407 869 3460 homo
897 3406 1083 3470 homo,
1101 3406 1196 3462 sed
1231 3407 1398 3465 homo
1435 3421 1630 3475 equus.
1668 3409 1824 3464 Absit

221 3497 386 3565 igitur
416 3515 447 3552 a
497 3497 659 3554 nobis
685 3505 743 3551 ut
783 3497 917 3552 tales
942 3496 1138 3563 simus,
1159 3497 1254 3566 qui
1291 3512 1604 3555 mereamur
1635 3501 1826 3557 audire

221 3603 329 3643 non
356 3606 486 3646 esse
525 3605 629 3646 nos
653 3590 905 3646 homines
933 3591 1202 3653 homines,
1231 3590 1333 3646 sed
1357 3590 1504 3646 aliud
1527 3593 1658 3661 quid
1683 3609 1823 3662 pra:-

222 3687 305 3732 ter
335 3680 632 3735 homines!
663 3679 721 3733 Si
745 3679 893 3736 enim
923 3678 1050 3734 boni
1077 3688 1133 3737 et
1170 3680 1440 3739 mansuati
1467 3695 1680 3746 sumus.
1717 3682 1819 3742 du.

225 3771 767 3840 plicamushominis
797 3785 1020 3836 nomen,
1055 3779 1114 3825 ut
1139 3771 1213 3826 sit
1243 3770 1298 3823 in
1341 3771 1502 3827 nobis
1539 3787 1649 3832 non
1691 3773 1825 3832 sim-

223 3860 436 3927 pliciter
468 3862 667 3926 homo,
705 3864 798 3916 sed
823 3860 986 3916 homo
1009 3860 1196 3914 homo.
1227 3858 1529 3916 Considera
1571 3876 1639 3916 an
1675 3862 1824 3916 inte»

232 3951 350 4006 nire
375 3954 695 4016 valeamus,
721 3951 854 4020 quid
878 3951 950 4006 sit
992 3951 1123 4006 illud
1159 3949 1305 4020 quod
1345 3967 1544 4007 nomen
1587 3953 1824 4012 hominis

227 4041 502 4109 duplices.
535 4040 766 4107 Quando
791 4041 891 4098 iste
925 4040 1086 4096 homo
1125 4041 1219 4109 qui
1259 4047 1344 4096 est
1373 4039 1631 4105 exterior,
1659 4041 1824 4098 homo

229 4129 412 4198 fuerit,
439 4148 521 4188 eo
549 4132 641 4202 qui
669 4139 754 4188 est
785 4130 1010 4190 interior
1031 4131 1198 4188 homo
1225 4137 1479 4200 serpente
1503 4131 1822 4200 exsistante,

233 4235 338 4276 non
368 4232 457 4284 est
513 4222 567 4276 in
614 4222 776 4282 nobis
805 4221 973 4276 homo
1001 4221 1187 4285 honto,
1223 4219 1318 4276 sed
1364 4228 1574 4276 tantum
1631 4220 1814 4276 homo.

232 4311 464 4377 Quando
496 4327 624 4372 vero
653 4312 883 4367 interior
911 4312 1077 4370 homo
1099 4312 1254 4379 juxta
1303 4310 1596 4384 imaginem
1639 4326 1823 4380 perae-

1925 1841 2225 1911 spondetur
2251 1841 2333 1895 eis
2367 1839 2419 1900 in
2448 1839 2515 1896 iis
2543 1840 2595 1892 in
2625 1838 2826 1906 quibus
2860 1837 3133 1894 detinetur
3165 1850 3260 1892 cor
3292 1851 3506 1897 eorum,

1924 1942 1977 1986 et
1997 1932 2198 1994 dicitur
2231 1950 2245 1988 :
2283 1931 2385 1990 Dic
2415 1931 2484 1988 ad
2518 1931 2733 1988 domum
2759 1927 2954 1988 Israel.
2991 1926 3120 1986 liter:
3148 1927 3279 1980 dicit
3301 1925 3509 1979 Adouai

1927 2024 2182 2084 Dominus
2219 2037 2238 2076 :
2279 2019 2695 2086 Convertimini,
2751 2029 2801 2072 et
2855 2017 3071 2072 avertite
3115 2031 3200 2068 vos
3242 2031 3274 2071 a
3316 2013 3510 2076 studiis

1925 2114 2132 2176 uestris.
2163 2112 2304 2178 Quia
2346 2111 2622 2182 pollicitus
2655 2116 2740 2166 est
2779 2107 3090 2162 locuturum
3125 2119 3182 2158 se
3225 2103 3307 2156 eis
3350 2118 3414 2156 ea
3453 2103 3507 2156 in

1926 2207 2129 2282 quibus
2154 2205 2432 2262 detinetur
2452 2217 2549 2258 cor
2569 2217 2778 2263 eorum,
2810 2199 2931 2255 ideo
2963 2210 3109 2256 nunc
3136 2194 3294 2266 quasi
3319 2209 3509 2260 pecca-

1927 2295 2138 2352 toribus
2161 2293 2400 2364 loquitur
2420 2293 2610 2352 dicens
2638 2307 2652 2342 :
2684 2287 3065 2348 Convertimini
3098 2294 3147 2346 et
3176 2285 3394 2344 avertite
3420 2301 3507 2339 vos

1927 2409 1958 2446 a
1991 2389 2184 2447 studiis
2234 2389 2441 2458 uestris,
2489 2397 2538 2442 et
2597 2387 2818 2446 avertite
2852 2385 3016 2454 facies
3065 2393 3282 2438 uestras.
3319 2379 3509 2436 Nonne

1926 2482 2024 2542 tibi
2072 2480 2285 2542 videtur
2327 2479 2433 2540 hoc
2480 2477 2706 2538 facere?
2735 2475 2931 2538 Facies
2986 2484 3180 2532 vestrae
3212 2473 3508 2534 obfirmata:

1924 2579 2054 2630 sunt
2095 2554 2259 2639 super
2291 2583 2354 2630 ea
2403 2582 2527 2644 qua:
2575 2582 2682 2620 non
2713 2565 2932 2634 debent,
2975 2563 3281 2626 convertite
3313 2578 3410 2622 eas
3456 2574 3510 2620 et

1925 2663 2210 2720 obﬁrmate
2243 2660 2296 2714 in
2352 2660 2468 2718 haec
2516 2673 2638 2730 quae
2695 2666 2878 2720 vestro
2930 2665 3060 2720 sunt
3115 2656 3507 2710 emolumento.

1923 2753 2149 2823 Propter
2217 2753 2354 2823 quod
2395 2751 2548 2806 homo
2613 2751 2766 2810 homo
2796 2750 2864 2808 de
2912 2752 3068 2812 domo
3119 2746 3312 2811 Israel,
3361 2748 3510 2808 etde

1922 2844 2198 2915 proselytis
2224 2846 2314 2914 qui
2347 2844 2630 2900 adveniunt
2655 2844 2710 2898 in
2755 2840 2951 2908 Israel,
2989 2843 3284 2912 quicunque
3307 2841 3510 2903 abalie-

1922 2946 2080 2992 natus
2137 2937 2320 3006 fuerit.
2368 2936 2553 2996 Potest
2601 2935 2739 3000 lieri,
2775 2943 2830 2992 et
2883 2935 3158 2994 hominem
3209 2934 3504 3000 hominem,

1923 3029 2036 3084 sive
2055 3039 2297 3092 creatum
2332 3028 2610 3089 hominem
2644 3027 2939 3094 hominem,
2965 3041 3060 3086 seu
3096 3025 3395 3095 perfectum
3420 3028 3506 3082 sui

1926 3121 2200 3182 hominem
2267 3120 2542 3180 hominem
2571 3119 2821 3178 allectum
2860 3119 3153 3181 abalienari
3195 3119 3502 3190 contingit:

1925 3216 1971 3276 si
2003 3214 2220 3284 quidem
2247 3222 2302 3269 et
2326 3213 2509 3285 justus
2545 3214 2846 3269 secundum
2878 3213 3129 3268 eumdem
3164 3211 3503 3270 Ezechiele":

1927 3307 2261 3368 convertitur
2293 3305 2588 3375 aliquando
2617 3320 2644 3366 ξι
2669 3303 2899 3374 justitiis
2927 3304 3064 3367 suis,
3089 3314 3145 3359 et
3177 3315 3384 3375 peccat.
3448 3303 3505 3358 Si

1925 3414 2054 3467 ergo
2079 3397 2387 3452 istiusmodi
2422 3397 2588 3454 homo
2620 3399 2855 3468 posuerit
2899 3398 3244 3468 cogitationes
3282 3413 3406 3459 suas
3452 3398 3507 3450 in

1926 3488 2080 3544 corde
2127 3495 2244 3555 suo,
2298 3497 2346 3541 et
2390 3505 2599 3560 paznam
2647 3489 2946 3564 iniquitatis
3003 3504 3113 3544 sua:
3146 3497 3267 3544 ante
3314 3489 3507 3558 {aciem

1925 3596 2098 3646 suam,
2128 3588 2175 3632 et
2206 3581 2398 3633 venerit
2428 3579 2496 3634 ad
2524 3579 2850 3648 prop/telam,
2893 3589 2950 3632 ut
2979 3581 3256 3650 interroget
3287 3595 3404 3640 eum
3452 3581 3506 3632 in

1926 3689 2006 3726 me
2037 3688 2055 3726 :
2110 3672 2244 3742 Ego,
2285 3671 2462 3744 inquit
2491 3669 2777 3736 Dominus,
2814 3671 3132 3744 respondebo
3155 3672 3202 3731 ei
3231 3671 3284 3726 in
3310 3671 3421 3740 ipso
3451 3672 3502 3722 in

1925 3779 2026 3833 quo
2059 3762 2344 3826 detinetur,
2379 3770 2428 3814 et
2445 3761 2734 3830 obﬁrmabo
2760 3761 2948 3830 faciem
2974 3777 3141 3814 ineant
3165 3761 3217 3814 in
3246 3761 3505 3818 hominem

1925 3853 2101 3910 illum.
2135 3853 2433 3911 Considera
2464 3853 2743 3923 quomodo
2771 3853 2826 3906 in
2858 3835 3506 3923 pt-iucipio'spOponderit

1927 3945 2222 3999 clementer
2246 3959 2304 4004 se
2350 3959 2767 4014 responsurum;
2820 3958 2885 3997 ac
2916 3942 3112 3998 deinde
3154 3945 3430 4013 quomodo
3459 3947 3506 3999 si

1928 4051 2120 4091 rursus
2144 4035 2372 4098 venerit,
2409 4034 2644 4109 necdqm
2688 4042 2912 4090 curatus
2949 4035 3234 4105 prioribus
3283 4037 3464 4099 verbis
3489 4079 3502 4104 ,

1927 4129 2236 4200 obﬁrmabo,
2273 4130 2427 4196 dixit,
2457 4129 2648 4198 [aciem
2676 4145 2843 4183 meam
2866 4145 3022 4199 super
3047 4129 3305 4192 hominem
3329 4130 3506 4194 illum,

1925 4234 1969 4276 et
1995 4237 2186 4292 ponam
2227 4220 2381 4278 illum
2423 4221 2480 4278 in
2501 4220 2786 4276 desertum.
2840 4219 2895 4275 Si
2925 4221 3068 4280 enim
3103 4237 3212 4280 non
3241 4221 3506 4282 ohedierit

1927 4313 2274 4390 sermonibus
2299 4311 2766 4374 commonitionis,
2801 4313 2894 4366 sed
2923 4312 2977 4367 in
3023 4313 3217 4369 delicto
3256 4329 3506 4383 perseve-

234 4405 507 4460 veraverit
532 4403 850 4464 Conditoris
875 4444 890 4470 ,
943 4413 1074 4464 tunc
1126 4403 1370 4458 ιιθεείιιιι·
1416 4404 1602 4470 homo,
1655 4414 1712 4463 et
1759 4406 1819 4460 ιιι
1853 4429 1893 4482 ο
1929 4405 2148 4468 raverit,
2181 4415 2373 4474 ponam
2410 4419 2525 4457 eum
2550 4404 2605 4456 in
2631 4403 2915 4468 desertum,
2940 4414 2989 4461 et
3036 4405 3087 4456 in
3110 4405 3502 4467 exterminium,

237 4491 544 4552 istiusmodi
595 4495 894 4550 secundum
925 4494 1248 4555 exteriorem
1276 4504 1332 4556 et
1369 4495 1680 4554 interiorem
1712 4497 1812 4556 ho-
1914 4508 1963 4557 et
1997 4495 2182 4550 tollam
2212 4510 2331 4550 eum
2360 4495 2423 4548 de
2444 4494 2613 4548 medio
2635 4495 2815 4565 populi
2860 4497 2982 4550 mei.
3027 4494 3102 4550 Ne
3125 4496 3344 4560 auferas
3380 4511 3503 4564 nos,

239 4584 460 4653 minem,
499 4587 581 4641 bis
603 4584 767 4641 homo
800 4587 984 4642 homo.
1028 4586 1200 4644 Porro
1226 4588 1273 4643 si
1313 4588 1436 4660 quis
1470 4588 1524 4643 in
1573 4588 1678 4644 hoc
1719 4603 1812 4643 vo-

241 4687 389 4734 catus
411 4687 478 4736 ut
503 4680 598 4734 liat
617 4679 782 4737 homo
813 4679 997 4742 homo,
1032 4682 1276 4748 posuerit
1305 4680 1664 4750 cOgitationes
1686 4696 1816 4740 suas

243 4766 296 4820 in
324 4773 490 4826 corde
527 4786 651 4837 suo,
681 4778 736 4824 et
769 4785 986 4839 pinnam
1041 4786 1194 4826 suam
1230 4779 1357 4832 ante
1390 4770 1584 4827 faciem
1636 4787 1817 4836 suam,

245 4865 297 4910 et
322 4863 534 4916 venerit
586 4860 654 4918 ad
701 4859 1074 4930 prophetam:
1129 4859 1264 4929 Ego,
1295 4861 1474 4934 inquit
1528 4860 1817 4928 Dominus,

248 4952 555 5014 respondebo
593 4953 642 5008 ei
692 4954 748 5008 in
781 4951 884 5016 his,
933 4951 1120 5022 quibus
1180 4953 1446 5022 detinetur
1486 4971 1628 5014 mens
1683 4954 1820 5026 ejus.

252 5036 411 5099 Docet
463 5061 564 5102 nos
621 5060 804 5102 sermo
854 5060 1094 5115 praesens
1138 5045 1284 5117 quod
1339 5054 1551 5116 poterat
1592 5046 1822 5118 singulis

252 5136 594 5202 respondere,
627 5151 726 5190 nec
758 5136 1067 5206 importuna
1109 5133 1400 5190 admovere
1435 5135 1819 5200 medicamina,

255 5225 340 5276 sed
375 5241 470 5294 pro
498 5227 759 5297 qualitate
806 5227 1122 5286 morborum
1151 5241 1394 5296 congrua
1417 5241 1650 5302 qumque
1697 5242 1822 5298 pro-

256 5309 411 5372 ferre.
441 5317 824 5376 Animadverte
850 5318 997 5388 quod
1033 5318 1290 5380 dicimus,
1319 5318 1401 5374 Ad
1433 5319 1702 5374 medicum
1729 5318 1824 5372 de-

260 5418 368 5459 rcm
395 5409 616 5471 vadunt,
657 5409 842 5468 decem
895 5410 1158 5466 habentes
1189 5410 1397 5484 species
1419 5409 1818 5464 inlirntitatum.

258 5491 370 5553 Non
398 5516 584 5558 OttlllL‘S
620 5502 808 5557 eodem
837 5502 998 5559 modo
1024 5510 1205 5569 curat,
1240 5503 1332 5557 sed
1379 5501 1546 5555 alium
1583 5501 1710 5565 isto,
1769 5511 1822 5556 ct

330 5686 370 5716 ⁵ο
399 5685 497 5744 lsa.
540 5703 593 5757 L,
631 5688 712 5742 il.
788 5691 828 5722 ²¹
869 5690 1008 5746 l'sal.
1043 5707 1232 5759 xtvttt,
1267 5691 1349 5744 l5.

1919 4591 2062 4646 Deus
2106 4588 2470 4659 omnipotens,
2499 4587 2566 4647 de
2589 4589 2766 4646 medio
2799 4589 2982 4658 populi
3019 4590 3119 4653 tni,
3152 4605 3337 4651 verum
3379 4605 3504 4646 con-

1919 4694 2072 4736 serva
2120 4693 2222 4738 nos
2269 4677 2322 4736 in
2357 4677 2558 4746 populo
2599 4685 2714 4737 tuo,
2751 4674 2906 4736 Iuste
2963 4685 3144 4732 autem
3198 4676 3503 4746 projicitur,

1921 4771 2013 4841 qui
2043 4770 2205 4841 digna
2237 4767 2370 4828 facit
2410 4768 2756 4839 obiectione,
2809 4779 2868 4821 ut
2913 4767 3196 4832 auferatur
3245 4785 3276 4830 ιι
3305 4770 3506 4840 populo

1926 4864 2040 4928 Dei,
2077 4872 2131 4918 et
2151 4861 2460 4920 eradicctur
2481 4861 2550 4914 ab
2591 4875 2656 4914 eo
2682 4869 2736 4914 et
2759 4860 3007 4923 tradatur
3039 4861 3277 4918 Satanae.
3330 4861 3397 4917 Et
3450 4864 3503 4918 in

1931 4954 2181 5024 pratscnti
2209 4953 2430 5030 quidem
2478 4961 2650 5022 potest
2686 4952 2810 5024 quis
2853 4953 3141 5024 egrediens
3186 4955 3253 5010 de
3306 4957 3506 5026 populo

1930 5047 2045 5112 Dei,
2083 5061 2300 5106 rursum
2326 5061 2419 5119 per
2451 5045 2828 5116 paenitentiam
2857 5045 3090 5117 reverti;
3127 5047 3173 5101 si
3211 5061 3342 5102 vero
3379 5062 3504 5102 era-

1929 5137 2143 5198 dicatus
2179 5134 2344 5194 fuerit
2380 5135 2473 5190 illo
2499 5151 2562 5194 ex
2593 5126 2795 5206 populo
2837 5135 2904 5192 de
2936 5151 3045 5206 quo
3071 5135 3124 5189 itt
3152 5137 3386 5206 quadam
3419 5151 3507 5203 pa-

1934 5229 2115 5288 rabola
2163 5227 2383 5293 dicitur,
2415 5226 2650 5293 venisse,
2675 5235 2728 5280 et
2777 5227 3116 5293 recubuisse,
3147 5239 3201 5282 et
3249 5228 3506 5284 introisse

1931 5317 2217 5386 quemdam
2246 5315 2339 5386 qui
2382 5331 2489 5371 non
2523 5315 2758 5370 habebat
2801 5316 3183 5372 vestimentum
3241 5318 3504 5386 nuptiale,

1927 5413 2139 5469 dicente
2164 5411 2233 5474 ad
2265 5425 2388 5472 eum
2442 5407 2838 5479 patrel‘amilias
2866 5410 2912 5440 ιδ
2942 5428 2955 5464 :
3012 5411 3212 5478 Amice,
3243 5411 3503 5481 quomodo

1928 5503 2029 5556 huc
2063 5502 2278 5558 intrasti
2305 5517 2407 5557 non
2431 5499 2626 5553 habens
2654 5508 2841 5552 restem
2869 5499 3204 5567 nuptialem?
3237 5509 3402 5569 atque
3431 5501 3504 5552 ila

1449 5693 1490 5722 "
1517 5689 1704 5746 Matth.
1730 5707 1809 5757 In,
1867 5691 1914 5744 7.
1993 5696 2036 5727 εδ
2067 5693 2266 5758 Jercm,
2297 5713 2350 5763 ν,
2377 5693 2430 5748 8.
2510 5690 2552 5724 ²¹⁵
2585 5689 2770 5744 Matth.
2811 5705 2944 5757 xxii,
2983 5690 3076 5746 iit.
