4070 6296
546 325 653 382 695

1717 329 2043 389 OMGENIS
2085 333 2148 389 IN
2189 333 2641 407 EZECHIELEM,

2870 249 2934 260 ...ας
2963 244 3072 260 ,θη-³·-

3712 335 3818 394 ῧσϐ

547 447 894 518 ιπωείνίειιιε
941 450 1225 516 ministris,
1279 461 1338 505 ut
1381 452 1683 508 vincientes
1709 469 1836 509 eum
1871 456 2126 510 manibus
2153 460 2200 517 Α
2230 457 2435 513 melecb
2465 456 2668 514 factum
2698 468 2802 524 cst,
2822 466 2878 512 et
2903 470 3091 513 earum
3115 469 3347 528 quarum
3374 454 3652 511 conclusit
3673 453 3822 513 Deus

546 549 601 590 et
648 540 876 608 pedibus
917 540 1191 596 mitterent
1221 543 1276 595 in
1324 543 1578 600 tenebras
1615 546 1952 602 exteriores:
1982 546 2121 602 dilll-

548 628 750 684 cillime
785 629 836 684 in
863 631 1041 684 locum
1072 631 1360 700 pristinum
1389 643 1716 691 revertetur.
1751 635 1856 693 Sed.
1880 653 1984 694 nos
2011 655 2119 694 non

548 721 970 788 eradicabiniur,
1012 739 1200 779 verum
1249 734 1304 780 et
1355 726 1409 781 in
1446 728 1697 796 praesenti
1737 739 1792 784 et
1831 729 1888 784 in
1934 729 2122 785 futuro

545 812 744 866 seculo
771 813 822 866 in
855 811 1082 868 Domino
1104 825 1294 872 nostro
1320 819 1710 888 plantabimur,
1745 830 1798 876 et
1835 823 1890 876 in
1915 837 1980 876 eo
2006 821 2124 877 fru-

543 914 663 956 etus
693 904 998 962 uberrimos
1043 908 1356 976 all'eremus,
1390 912 1479 966 cui
1513 922 1598 968 est
1643 913 1816 985 gloria
1841 923 1896 969 et
1946 913 2122 984 impe-

540 994 684 1047 rium
709 994 762 1048 in
789 997 988 1052 saecula
1012 999 1370 1056 sazculorum.
1393 1003 1586 1058 Amen.

1022 1135 1189 1207 339
1223 1135 1508 1192 HOMIL-IA
1544 1137 1633 1194 Iv.

543 1243 618 1297 De
637 1261 695 1298 eo
711 1245 850 1314 quod
866 1248 1119 1326 scriptum
1137 1261 1212 1304 est
1228 1253 1274 1284 "
1293 1271 1306 1306 :
1333 1274 1350 1304 ι
1367 1253 1526 1309 Terra
1541 1273 1657 1309 cum
1677 1258 1966 1326 peccauerit
1989 1259 2121 1314 mihi

611 1326 666 1366 ut
711 1319 1089 1384 prwvaricetnr
1141 1326 1516 1388 prcevaricans,
1570 1319 1852 1380 extendens
1903 1346 2122 1383 manum

615 1401 1138 1477 inrigatsnpeream;
1169 1411 1188 1442 ι
1218 1409 1381 1474 usque
1420 1395 1490 1448 ad
1520 1397 1592 1477 ,ἑά
1636 1398 2006 1477 quod‘dicitar
2026 1399 2072 1477 ’ξ
2103 1418 2118 1477 :_

614 1474 632 1505 ο
665 1454 736 1536 Et
765 1457 811 1536 si
842 1456 1040 1536 fuerint
1073 1469 1179 1536 t_res_
1203 1454 1305 1536 viri
1321 1464 1383 1536 in
1415 1465 1587 1536 medio
1607 1454 1739 1536 eius,
1768 1466 1904 1532 Noe,
1932 1468 2121 1522 Daniel

608 1535 658 1575 et
703 1523 806 1579 Job
826 1523 850 1591 ,ἡ
896 1537 945 1580 et
996 1530 1098 1598 ipsi
1148 1530 1366 1599 justitia
1419 1550 1518 1588 sua
1571 1523 2120 1592 liberabam/animas

611 1612 760 1648 suas.
791 1615 810 1646 ι

617 1751 660 1801 l.
696 1752 888 1856 Sermo
928 1752 1144 1810 Domini
1183 1758 1276 1826 qui
1321 1757 1496 1815 factus
1539 1771 1624 1817 est
1669 1763 1739 1816 ad
1775 1767 2116 1836 prophetam,
2149 1809 2193 1864 Β

540 1845 608 1894 de.
638 1845 935 1910 peccatrice
968 1854 1110 1900 terra
1143 1849 1402 1918 loquitur,
1443 1863 1715 1922 quomodo
1754 1869 1977 1928 propter
2017 1860 2116 1916 de-

541 1931 665 1986 licta
713 1948 810 1988 sua
864 1937 1030 1992 variis
1080 1939 1150 1992 sit
1199 1944 1512 1999 excruciata
1561 1949 1882 2017 suppliciis,
1939 1951 2115 2021 fame,

541 2021 730 2077 bestiis
768 2026 947 2089 malis,
987 2028 1190 2097 gladio,
1235 2043 1429 2096 morte,
1476 2046 1648 2090 morte
1693 2048 1874 2093 autem
1921 2056 2117 2111 repen-

538 2112 682 2178 tina,
719 2130 841 2184 qua:
887 2127 981 2170 aut
1025 2135 1090 2172 ex
1135 2123 1377 2192 corrupti
1428 2127 1572 2180 aeris
1618 2129 1748 2182 vitio
1784 2129 1854 2184 sit
1899 2142 2116 2200 creata,

535 2210 632 2254 aut
685 2218 752 2257 ex
790 2221 1118 2277 quocunque
1173 2212 1432 2267 acciderit
1472 2227 1704 2285 eventu,
1766 2228 1820 2275 et
1873 2223 2113 2279 dicitur:

539 2293 694 2356 Quod
719 2295 766 2348 si
786 2299 945 2350 etiam
975 2309 1206 2369 quatuor
1231 2303 1456 2359 ultiones
1474 2323 1616 2361 meas
1641 2311 1829 2367 misero
1849 2313 1903 2366 in
1921 2323 2115 2369 terram

533 2388 898 2455 peccatricem,
926 2389 1130 2460 fuerint
1149 2404 1324 2448 autem
1354 2397 1448 2450 isti
1475 2409 1580 2453 tres
1608 2403 1730 2466 uiri,
1761 2401 1897 2467 Noe,
1923 2405 2117 2462 Daniel

534 2483 585 2528 et
612 2475 715 2532 Job
752 2480 807 2532 in
850 2490 991 2536 terra
1020 2488 1330 2553 peccatrice,
1381 2489 1483 2557 ipsi
1526 2493 1628 2545 soli
1669 2495 1806 2548 salvi
1843 2507 2018 2551 erunt.
2058 2499 2113 2554 Ιιι

535 2571 963 2630 comminatione
987 2577 1186 2645 prima,
1215 2579 1269 2633 in
1299 2597 1406 2651 qua
1432 2598 1655 2651 poenam
1687 2585 1848 2643 laniis
1875 2605 1906 2644 a
1935 2594 2116 2661 pinnis

534 2662 747 2716 czeteris
773 2665 1006 2733 aperuit,
1041 2668 1277 2723 ﬁliorum
1310 2679 1364 2725 et
1393 2671 1626 2728 ﬁliarum
1659 2678 1880 2732 nomina
1923 2683 2115 2740 tacuit.

538 2750 595 2802 In
622 2766 688 2804 eo
718 2768 846 2807 vero
876 2771 1132 2814 sermone
1170 2761 1221 2814 in
1268 2777 1378 2829 quo
1417 2763 1620 2820 bestias
1662 2768 1835 2824 malas
1875 2772 2116 2829 minatus

533 2851 618 2895 cst
647 2851 824 2905 terras,
851 2846 966 2900 ait:
992 2845 1052 2902 Si
1083 2849 1186 2917 ﬁlii
1211 2861 1259 2904 ct
1291 2853 1422 2921 ﬁlice
1445 2872 1626 2909 eorum
1665 2859 1802 2912 salvi
1844 2861 1990 2929 fient,
2025 2865 2116 2918 sed

535 2933 636 2998 ipsi
666 2936 769 2988 soli
789 2938 1156 3007 salvabuntur,
1191 2952 1333 2998 terra
1365 2956 1561 3003 autem.
1582 2948 1649 3003 Et
1676 2965 1800 3005 cum
1831 2954 2111 3022 paululum

535 3027 843 3086 reticuisset
867 3033 1062 3103 adjecit
1092 3054 1106 3091 :
1143 3036 1213 3091 Et
1258 3040 1359 3092 erit
1397 3041 1453 3094 in
1497 3043 1742 3100 introitu.
1788 3042 2025 3102 Rursum
2059 3051 2112 3105 in

2227 548 2442 600 vulvam
2483 556 2707 618 propter
2744 556 3026 616 peccatum
3073 543 3221 617 quod
3263 544 3318 600 in
3362 542 3513 599 lsaac
3550 545 3822 600 commis-

2226 653 2348 693 sum
2385 648 2468 692 est
2501 639 2587 693 ’δε
2629 639 2709 693 sic
2743 648 2799 693 et
2836 647 2981 693 terra
3035 635 3444 708 quodammodo
3493 634 3625 690 sine
3669 637 3824 703 prole

2223 737 2282 783 et
2317 728 2522 783 sterilis
2563 729 2909 800 relinquitur,
2944 728 3089 784 fame
3131 727 3298 782 missa
3345 725 3399 779 in
3447 739 3600 779 eam.
3651 723 3824 782 Putas

2225 837 2414 876 verum
2445 831 2547 883 est.
2581 821 2683 876 hoc
2711 821 2858 892 quod
2889 835 3139 876 asserere
3165 833 3354 874 sermo
3382 817 3666 888 praeludit,
3709 835 3823 874 non

2223 913 2292 967 de
2334 912 2730 969 habitatoribus
2763 923 2943 979 terrae,
2974 913 3068 968 sed
3119 912 3186 966 de
3227 913 3342 980 ipsa
3385 919 3528 964 terra
3576 909 3824 964 dicitur!

2224 1004 2455 1060 Possum
2484 1007 2758 1075 paulisper
2803 1005 2870 1060 ad
2912 1005 3103 1059 altiora
3146 1003 3518 1059 conscendens
3565 1000 3822 1070 Scriptu-

2223 1113 2408 1152 rarnm
2458 1097 2788 1152 testimoniis
2837 1097 3169 1168 approbare,
3220 1094 3499 1165 quomodo
3545 1103 3820 1176 peccator

2225 1197 2367 1244 terra
2381 1188 2615 1242 dicatur.
2639 1186 2849 1241 Dicitur
2863 1188 3009 1242 enim
3030 1186 3099 1241 ad
3122 1185 3294 1240 Adam
3325 1186 3368 1216 ²⁹
3387 1202 3406 1239 τ
3430 1182 3663 1237 Termes
3681 1191 3732 1236 et
3760 1184 3813 1236 in

2226 1292 2422 1334 terram
2459 1279 2580 1335 ibis.
2614 1279 2915 1336 Possumus
2949 1279 3130 1333 dicere
3173 1277 3301 1347 quia
3345 1287 3400 1331 et
3445 1289 3598 1330 nunc
3635 1275 3814 1330 delin-

2223 1390 2397 1445 quens
2430 1382 2574 1428 terra
2604 1381 2855 1442 peccator
2885 1371 2978 1426 sit.
3005 1369 3110 1425 Sed
3139 1368 3453 1424 econtrario
3479 1367 3818 1422 latissimam

2225 1465 2522 1536 Scriptura:
2550 1465 2743 1519 silvam
2773 1477 3063 1519 recensens
3101 1467 3350 1516 coarctor
3397 1459 3463 1514 ad
3513 1459 3815 1528 suspican-

2222 1560 2376 1622 dum,
2403 1558 2532 1628 quia
2562 1557 2814 1612 animalis
2850 1556 2923 1610 sit
2955 1564 3099 1610 terra
3141 1554 3243 1610 ista
3289 1568 3454 1623 quam
3500 1551 3812 1606 cernimus.

2225 1649 2282 1704 Si
2316 1649 2462 1703 enim
2489 1649 2593 1703 hoc
2612 1650 2756 1718 quod
2787 1648 3051 1718 scriptum
3077 1657 3162 1703 est
3187 1648 3232 1679 ⁸ο
3261 1666 3274 1703 :
3301 1646 3406 1712 Qui
3431 1647 3627 1715 aspicit
3659 1661 3818 1712 super

2226 1755 2423 1796 terram
2451 1751 2500 1794 et
2530 1742 2661 1810 facit
2695 1757 2812 1795 eam
2840 1750 3076 1803 tremere,
3101 1740 3255 1808 juxta
3286 1739 3338 1793 id
3366 1739 3512 1807 quod
3540 1738 3815 1807 scriptum

2219 1845 2305 1892 est
2338 1835 2592 1888 volumus
2620 1835 2887 1903 accipere,
2917 1832 3270 1903 intelligimus
3296 1830 3363 1885 ad
3399 1841 3690 1900 aspectum
3716 1827 3812 1880 Dei

2221 1935 2380 1978 terra:
2410 1934 2591 1977 motus
2616 1923 2901 1989 concitari,
2933 1939 3039 1977 non
3063 1937 3203 1992 quos
3227 1921 3399 1976 Judaei
3429 1921 3814 1990 suspicantur.

2219 2015 2355 2071 Nam
2409 2017 2485 2070 illi
2532 2027 2786 2071 asserunt
2831 2025 3122 2071 tremorem
3172 2024 3332 2068 terrae
3377 2013 3816 2068 commotionem

2219 2109 2340 2179 ejus
2367 2125 2528 2165 esse:
2560 2110 2703 2180 quod
2734 2110 2892 2180 longe
2931 2124 2962 2162 a
3013 2107 3240 2162 veritate
3280 2106 3555 2160 diversum
3590 2112 3698 2160 est.
3747 2101 3817 2156 Et

2219 2218 2318 2256 nos
2345 2201 2544 2272 quippe
2597 2201 2816 2256 solliciti
2871 2211 2926 2254 et
2975 2209 3268 2254 trementes
3318 2206 3536 2267 propter
3582 2205 3814 2268 peccata

2221 2303 2405 2349 nostra
2457 2295 2511 2347 in
2555 2302 2698 2348 terra
2750 2308 2963 2359 sumus,
3004 2307 3103 2347 nec
3151 2301 3331 2348 tamen
3373 2303 3577 2346 tremor
3619 2298 3817 2344 noster

2218 2401 2422 2454 corpus
2453 2385 2697 2440 concutit
2727 2385 2794 2439 ad
2839 2384 3179 2440 tremendum
3217 2401 3232 2438 :
3279 2383 3438 2440 sicuti
3485 2391 3539 2437 et
3595 2382 3650 2435 in
3697 2379 3814 2433 alio

2219 2478 2340 2532 loco
2367 2477 2567 2532 dicitur
2590 2477 2632 2508 "
2664 2495 2678 2531 ι
2704 2475 2876 2546 Super
2899 2493 3051 2546 quem
3082 2476 3384 2546 respiciam,
3409 2474 3485 2528 ait
3514 2471 3811 2533 Dominus,

2219 2572 2324 2625 nisi
2337 2586 2494 2640 super
2510 2568 2780 2635 humilem,
2804 2580 2852 2623 et
2875 2569 3131 2638 quietum,
3147 2577 3197 2622 et
3223 2576 3518 2621 trementem
3531 2578 3810 2618 sermones

2220 2664 2400 2718 meos?
2429 2661 2506 2716 Ex
2536 2677 2647 2732 quo
2679 2659 3033 2714 manifestum
3065 2667 3152 2714 est
3186 2667 3467 2713 mansuete
3491 2664 3548 2711 et
3574 2653 3810 2709 humili-

2217 2765 2302 2811 ter
2332 2755 2445 2811 Deo
2473 2754 2796 2810 servientem
2833 2752 2901 2806 ad
2936 2767 3216 2807 sermones
3253 2751 3374 2820 ejus
3402 2755 3584 2803 mente
3617 2746 3811 2816 potius

2220 2858 2450 2901 tremere
2483 2860 2648 2914 quam
2684 2857 2932 2910 corpore.
2985 2839 3048 2894 Et
3099 2841 3212 2894 hate
3254 2839 3474 2908 quidem
3521 2837 3577 2890 in
3619 2834 3808 2890 medio

2218 2937 2363 2992 dicta
2391 2945 2521 2991 sunt
2544 2932 2913 2991 satisfactione
2941 2932 3062 3001 ejus
3101 2930 3396 2985 testimonii
3431 2928 3578 2998 quod
3609 2925 3805 2981 intuli-

2219 3045 2340 3085 mus
2361 3070 2375 3083 .
2401 3029 2504 3094 Qui
2532 3027 2723 3096 aspicit
2745 3035 2941 3078 terram
2965 3033 3013 3077 et
3037 3023 3168 3093 facit
3195 3038 3311 3076 eam
3347 3031 3583 3075 tremere.
3602 3019 3810 3087 Accipe

535 3122 958 3180 comminatione
987 3127 1148 3197 gladii
1177 3147 1190 3184 :
1224 3129 1346 3186 Non
1381 3133 1697 3203 liberabant,
1730 3138 1824 3203 ait,
1850 3139 1993 3208 ﬁlios
2021 3152 2113 3195 aut
2140 3159 2182 3215 ο
2221 3128 2402 3215 “uici”
2431 3119 2535 3215 illi“
2565 3117 2706 3215 άίίξιδ
2737 3116 2803 3171 de
2829 3123 2970 3215 ίθξτδ
2992 3115 3036 3146 ﬂ
3065 3133 3078 3168 ⁵
3108 3113 3421 3215 Plleﬁm'ff
3455 3121 3603 3215 MT“
3620 3112 3687 3162 ab
3723 3111 3808 3215 Mf

534 3212 702 3280 ﬁlias.
742 3213 808 3269 Et
837 3216 890 3271 in
923 3229 1096 3274 morte
1126 3222 1376 3280 similiter
1405 3237 1489 3282 est
1518 3227 1731 3284 locutus
1757 3248 1772 3285 :
1802 3230 1926 3286 Non
1966 3235 2117 3288 dere.

533 3306 839 3376 linquentur
859 3311 965 3378 ﬁlii
1000 3322 1094 3366 aut
1135 3315 1265 3383 ﬁlia:
1298 3334 1499 3384 eorum,
1531 3319 1621 3374 sed
1645 3323 1746 3391 ipsi
1769 3326 1871 3378 soli
1899 3325 2035 3394 Noe,
2064 3338 2116 3382 ct

536 3396 750 3464 [)aiiiel,
780 3411 830 3454 et
851 3401 952 3454 Job
975 3404 1274 3460 liberabant
1307 3412 1515 3464 animas
1546 3429 1692 3470 suas.
1725 3415 1919 3485 lugens
1953 3419 2116 3489 igitur

536 3489 694 3544 nobis
723 3507 854 3547 cura
888 3497 1247 3564 expositionis
1293 3500 1581 3571 incumbit,
1615 3515 1670 3561 et
1703 3506 1774 3561 ob
1803 3507 1854 3560 id
1885 3508 2116 3579 diligen—

534 3589 618 3635 ter
655 3581 916 3640 debemus
947 3589 1246 3652 altendere,
1279 3602 1332 3647 et
1364 3595 1718 3653 obsecramus
1747 3601 2026 3656 auditores
2059 3611 2116 3655 ut

533 3673 688 3739 clausi
734 3675 801 3730 ad
849 3677 1067 3747 aliquod
1116 3682 1321 3750 grande
1367 3688 1734 3754 spectaculum
1777 3692 2115 3748 conﬂuentes

533 3762 730 3819 faciem
783 3770 983 3825 mentis
1029 3771 1344 3839 intendant,
1394 3793 1461 3832 ne
1507 3780 1814 3839 obscuritas
1855 3784 2115 3840 relaxatis

531 3857 786 3913 sensibus
813 3861 1080 3924 elabatur.
1114 3861 1232 3918 Non
1259 3867 1396 3922 dixit
1438 3869 1491 3924 in
1524 3875 1796 3940 praesenti,
1833 3876 1878 3930 si
1917 3893 2114 3946 pecca-

529 3947 710 4003 verint
751 3950 989 4009 civitatis
1027 3967 1123 4011 aut
1166 3959 1269 4014 loci
1323 3961 1554 4031 alicujus
1596 3965 1876 4034 agricolze,
1927 3969 2019 4023 sed
2069 3969 2113 4024 si

533 4044 678 4091 terra
701 4043 1022 4106 peccaverit.
1042 4045 1106 4100 Et
1123 4049 1237 4107 scio
1253 4051 1379 4120 quia
1393 4053 1694 4123 simplicior
1714 4056 1968 4126 quisque,
1988 4073 2111 4111 cum

532 4128 768 4184 audierit
812 4131 859 4184 si
909 4144 1050 4188 terra
1103 4141 1427 4207 peccaverit,
1476 4144 1658 4199 statim
1709 4145 1775 4201 ad
1820 4148 2112 4217 proclivem

531 4217 743 4273 feratur
766 4220 1196 4294 intelligentiam,
1241 4240 1299 4285 ut
1341 4240 1541 4288 terram
1583 4235 1730 4291 dicat
1773 4239 2112 4294 nominatam

532 4311 748 4378 probis
796 4315 892 4384 qui
939 4327 1227 4376 morantur
1273 4323 1327 4377 in
1381 4335 1553 4397 terra,
1591 4343 1780 4383 verum
1833 4332 2114 4400 sequentia

533 4400 833 4472 Scriptura
867 4407 1026 4464 istam
1050 4413 1234 4466 statim
1264 4416 1504 4472 eximent
1528 4420 1944 4487 expositionem.
1975 4423 2110 4478 Cum
2149 4444 2158 4451 ν

2217 3214 2307 3284 qui
2356 3210 2585 3265 insident
2635 3210 2692 3264 in
2741 3227 2823 3266 ea.
2873 3207 3160 3275 Quomodo
3205 3204 3497 3260 oﬂ'enditur
3536 3211 3707 3266 terra,
3753 3210 3810 3254 et

2217 3305 2438 3374 quando
2486 3314 2768 3358 aversatur
2811 3303 2881 3357 ah
2929 3301 3014 3356 his
3051 3299 3143 3368 qui
3177 3298 3231 3352 in
3269 3312 3328 3353 se
3355 3293 3810 3351 commorantur!

2217 3398 2449 3466 Quando
2486 3395 2686 3450 fuerint
2723 3391 3266 3465 peccatores.Accipe
3287 3389 3432 3443 aliud
3465 3387 3806 3456 exemplum.

2217 3490 2570 3560 Complacebit
2593 3487 2696 3542 sibi
2724 3496 2864 3541 terra
2897 3487 2953 3539 in
2985 3482 3218 3537 sabbatis
3235 3483 3347 3537 suis
3370 3481 3436 3532 ³³.
3480 3477 3809 3578 Econtrario

2217 3583 2363 3638 enim
2393 3581 2643 3649 quaedam
2675 3588 2834 3633 terra:
2878 3575 3103 3631 sabbata
3140 3579 3546 3641 nuncupantur,
3584 3572 3638 3623 in
3679 3572 3802 3638 qui-

2215 3675 2319 3729 bus
2361 3673 2465 3728 sibi
2513 3671 2855 3740 complaceat
2891 3677 2946 3722 et
2995 3667 3224 3721 laetetur.
3273 3663 3514 3719 Necdum
3557 3663 3687 3718 dico
3715 3659 3802 3712 ’δε

2214 3766 2460 3832 Attende,
2496 3765 2705 3827 calum,
2734 3771 2782 3816 et
2813 3761 3023 3828 loquar,
3055 3769 3103 3813 et
3131 3757 3316 3812 audiat
3349 3766 3490 3810 terra
3518 3759 3676 3809 verba
3698 3753 3806 3807 oris

2215 3861 2353 3925 mei;
2382 3874 2560 3928 neque
2598 3856 2742 3911 aliud
2771 3856 2815 3888 ⁸⁸
2849 3878 2860 3909 ;
2895 3855 3058 3918 Audi,
3093 3853 3310 3915 cazlum,
3341 3859 3389 3903 et
3427 3847 3648 3902 auribus
3687 3861 3803 3918 per-

2215 3954 2348 4023 cipe,
2377 3961 2548 4015 terra;
2575 3949 2667 4004 sed
2705 3964 2806 4002 nec
2837 3945 3086 4001 Jcremia:
3115 3943 3450 4014 prophetiam
3487 3940 3534 3972 ³⁸
3560 3959 3574 3993 :
3614 3939 3803 4001 Terra,

2219 4056 2379 4108 terra,
2412 4043 2540 4097 audi
2565 4041 2773 4096 verbum
2808 4039 3038 4100 Domini,
3071 4035 3241 4090 scribe
3269 4037 3437 4090 uirum
3464 4035 3625 4086 istum
3649 4031 3804 4085 abdi-

2216 4149 2418 4192 catum.
2453 4134 2617 4188 Multa
2649 4148 2749 4186 nos
2797 4131 2967 4185 latent
3001 4138 3223 4199 propter
3263 4133 3638 4197 paupertatem
3688 4138 3804 4178 me-

2217 4229 2422 4292 moriae,
2457 4235 2677 4297 promer
2717 4221 2917 4294 ingenii
2956 4219 3285 4274 tarditatem.
3315 4215 3481 4270 Multa
3521 4223 3651 4269 sunt
3681 4231 3802 4286 qua:

2216 4320 2459 4378 condidit
2507 4317 2652 4372 Deus
2698 4312 3066 4375 rationabilis,
3109 4318 3165 4365 et
3209 4319 3336 4365 sunt
3381 4309 3640 4378 capacia,
3692 4321 3798 4362 non

2217 4415 2394 4470 solum
2432 4410 2768 4483 principatus
2816 4415 2870 4460 et
2915 4411 3235 4476 potestates,
3283 4409 3338 4456 et
3375 4410 3614 4457 rectores
3649 4411 3801 4455 tene-

531 4494 676 4548 enim
708 4500 1012 4565 peccaverit
1045 4509 1208 4568 terra,
1242 4513 1296 4556 et
1337 4504 1389 4558 in
1434 4521 1531 4560 sua
1566 4516 1786 4576 peccata
1819 4514 2109 4581 corruerit,
2145 4499 2190 4555 υ
2218 4507 2440 4562 hrarum
2474 4503 2727 4563 istarum,
2760 4513 2951 4554 verum
2989 4497 3150 4552 etiam
3187 4505 3242 4550 et
3285 4495 3341 4550 in
3383 4494 3608 4549 meliore
3647 4501 3801 4562 parte

530 4587 848 4642 extenditur
875 4605 1074 4645 manus
1107 4607 1213 4646 non
1247 4609 1412 4662 super
1435 4595 1740 4654 habitantes
1768 4609 1990 4668 terram,
2015 4606 2109 4659 sed

531 4691 693 4746 super
719 4679 889 4750 ipsam
919 4692 1142 4750 terram,
1175 4691 1230 4738 et
1275 4686 1450 4755 prima
1493 4691 1834 4761 correptione
1869 4696 2112 4749 conteri-

533 4776 642 4827 tur.
677 4778 736 4823 ut
765 4771 1047 4828 auferatur
1077 4773 1146 4828 ab
1173 4789 1236 4830 ea
1272 4775 1676 4834 ﬁrmamentum
1725 4783 1883 4851 panis
1920 4784 2113 4840 videli-

531 4865 623 4909 cet
647 4875 662 4909 :
687 4861 844 4926 quasi
873 4877 1032 4930 paena
1073 4866 1144 4920 sit
1169 4874 1327 4922 terrae
1364 4867 1408 4922 si
1445 4868 1617 4925 fames
1658 4870 1712 4925 in
1745 4887 1809 4928 ea
1845 4875 2108 4949 obtineat,

534 4957 596 5003 ut
627 4947 812 5020 fruges
837 4957 1028 5009 semini
1063 4957 1415 5028 denegantur.
1461 4959 1596 5016 Nam
1630 4968 1906 5035 quomodo
1952 4947 2114 5028 homo

533 5052 790 5111 peccator
829 5047 946 5102 sine
973 5049 1126 5118 prole
1156 5059 1211 5106 et
1250 5054 1450 5108 sterilis
1482 5054 1624 5111 inter
1653 5060 1973 5119 maledictos
2010 5080 2099 5134 pu-

534 5139 706 5203 nitur,
730 5137 888 5208 juxta
922 5141 974 5196 id
1004 5145 1148 5212 quod
1179 5145 1233 5200 in
1267 5147 1504 5217 quodam
1539 5149 1658 5205 loco
1698 5152 1960 5224 scriptum
2009 5169 2111 5225 est,

532 5245 598 5284 ex
648 5233 940 5290 contrariis
987 5236 1132 5290 enim
1184 5239 1455 5293 contraria
1499 5240 1910 5312 intelliguntur:
1947 5256 2001 5302 et
2046 5250 2114 5304 de

531 5323 684 5390 justo
715 5325 914 5380 dicitur
935 5327 980 5360 ³⁷
1009 5345 1023 5382 :
1052 5327 1173 5382 Non
1199 5329 1297 5382 erit
1346 5331 1458 5384 sine
1497 5333 1664 5400 prole,
1711 5351 1872 5407 neque
1913 5339 2112 5393 sterilis

531 5413 589 5466 in
638 5417 815 5480 vobis;
860 5426 916 5472 et
951 5427 1264 5488 peccatores
1305 5418 1424 5474 sine
1467 5421 1652 5478 liberis
1693 5430 1748 5477 et
1800 5425 2115 5494 posteritate

534 5505 618 5560 sui
647 5515 848 5562 :elerna
883 5508 1222 5563 infertilitate
1244 5509 1596 5573 damnantur,
1627 5518 1686 5565 ut
1710 5511 1765 5566 in
1794 5516 1958 5568 domo
1985 5514 2117 5570 Abi-

605 5646 653 5678 ”
681 5643 878 5701 Ezecb.
905 5662 1014 5712 xiv,
1047 5646 1132 5701 l5.
1213 5646 1259 5678 "
1290 5647 1444 5713 ibid.,
1477 5647 1566 5702 l4.

533 5713 577 5746 ³¹
607 5715 711 5768 lsa.
752 5731 897 5776 var,
941 5717 996 5770 2.
1075 5717 1119 5748 ”
1147 5716 1248 5770 lsa.
1295 5733 1452 5780 xxxv,
1494 5717 1547 5771 5.

538 5784 626 5852 '29,
657 5785 743 5840 50.
823 5785 863 5814 ³⁷
889 5775 1090 5855 Ephcs.
1128 5788 1276 5850 I,‘2l.
1357 5788 1398 5818 ³⁸
1431 5775 1625 5857 Εριιρδ.
1676 5805 1733 5852 ιι,
1783 5791 1837 5844 2.

1646 5649 1895 5718 "Exod.
1923 5667 2080 5718 xxtn,
2121 5654 2210 5708 26.
2290 5653 2335 5686 ”'
2358 5651 2494 5708 Gen.
2540 5667 2631 5706 xx.

1627 5719 1671 5750 ³³
1697 5717 1866 5796 Levii.
1916 5717 2075 5788 xxvi,
2110 5725 2194 5780 45.
2276 5724 2317 5756 ³³
2349 5724 2498 5776 Deut.
2551 5737 2722 5783 xxxn,
2774 5721 2822 5773 l.

2219 4601 2474 4663 thronos,
2524 4593 2945 4657 dominationes,
2998 4599 3054 4645 et
3103 4601 3298 4644 caetera
3348 4602 3469 4656 quae
3513 4585 3565 4639 in
3611 4593 3800 4639 nostro

2219 4692 2494 4747 intellectu
2551 4687 2845 4758 Apostolus
2894 4685 3110 4753 reliquit
3155 4683 3342 4736 dicens
3376 4681 3418 4710 ⁸⁷
3463 4697 3475 4733 :
3524 4677 3592 4730 Et
3645 4691 3801 4745 super

2217 4799 2368 4837 omne
2411 4797 2594 4834 nomen
2637 4777 2775 4848 quod
2819 4777 3122 4829 nominatur
3161 4788 3264 4825 non
3302 4770 3474 4824 solum
3515 4769 3570 4820 in
3604 4765 3801 4820 saeculo

2215 4874 2341 4936 isto,
2389 4885 2566 4924 verum
2614 4879 2664 4920 et
2709 4867 2765 4920 in
2813 4865 3014 4935 futuro.
3050 4864 3157 4917 Aer
3203 4875 3423 4931 quoque
3467 4857 3801 4912 animalibus

2217 4963 2411 5034 plenus
2436 4967 2538 5024 est,
2564 4958 2862 5014 secundum
2890 4955 3133 5024 ejusdem
3159 4952 3402 5022 Apostoli
3427 4949 3798 5006 testimonium

2221 5052 2566 5126 prtedicantis
2588 5053 2670 5106 ⁸⁸ε
2718 5048 2784 5105 In
2805 5047 3000 5119 quibus
3039 5044 3326 5116 aliquando
3366 5041 3680 5096 antbulastis
3711 5055 3797 5094 se-

2218 5149 2449 5206 cundum
2473 5146 2726 5202 steculunt
2757 5142 2940 5197 mundi
2971 5141 3148 5212 hujus,
3185 5137 3472 5194 secundum
3508 5135 3796 5204 principem

2217 5239 2493 5311 potestatis
2539 5247 2589 5291 et
2639 5238 2777 5291 aeris
2826 5235 3082 5305 spiritus,
3135 5232 3226 5302 qui
3267 5246 3404 5284 nunc
3453 5238 3702 5329 operatur
3743 5225 3798 5277 in

2220 5333 2352 5403 [iliis
2375 5329 2698 5400 difﬁdentia.
2730 5325 2828 5381 Est
2859 5341 2991 5395 ergo
3017 5335 3183 5390 terra,
3212 5332 3267 5378 et
3302 5321 3558 5376 universa
3590 5321 3801 5371 anima-

2221 5424 2316 5487 lia,
2364 5432 2419 5476 et
2465 5436 2558 5490 per
2607 5428 2787 5490 partes
2833 5417 3151 5471 animalium
3205 5415 3516 5469 varietates.
3569 5409 3800 5478 Quando

2221 5517 2365 5571 enim
2401 5512 2692 5569 offenditur
2720 5523 2882 5577 terra,
2910 5525 2965 5566 et
3008 5524 3224 5564 rursum
3275 5507 3576 5577 cumplacet
3601 5504 3703 5560 sibi
3744 5503 3797 5557 in

2706 5651 2750 5682 ”
2783 5647 2919 5705 Gen.
2967 5665 3048 5714 ιιι,
3108 5648 3192 5703 19.
3261 5647 3312 5679 ’³⁸
3344 5645 3487 5700 Psal.
3529 5661 3646 5710 cm,
3707 5644 3792 5699 32.

2904 5719 3070 5774 “lsa.
3119 5737 3156 5784 ι,
3200 5718 3253 5772 2.
3334 5715 3600 5772 "let-em.
3661 5731 3794 5782 xxn,
