4070 6296
995 245 1090 268 NII}-

338 320 445 378 08⁸1

1737 309 2019 369 HOMILIA
2061 312 2147 371 IV.

3479 303 3586 358 (ὸυὸ

340 432 586 489 sabbatis
631 431 769 492 suis,
824 445 931 484 non
987 429 1166 485 omnis
1211 428 1522 493 otl‘enditur,
1571 441 1676 480 non
1733 427 1913 480 omnis
1941 435 1986 489 Α
2013 427 2344 496 Aeeepitque
2372 425 2516 480 Deus
2550 424 2774 480 humum
2801 421 2870 476 de
2905 431 3044 476 terra
3078 429 3129 476 ct
3167 417 3456 491 plasmavit
3484 419 3584 470 Ιιοο

337 527 596 582 exsultat.
621 525 784 594 370
817 523 1230 590 Quodammodo
1254 521 1400 576 enim
1433 519 1646 574 erudita
1675 525 1762 572 est
1787 533 1912 572 cum

340 612 742 670 habitatoribus
764 613 902 681 suis,
927 624 980 670 et
1003 613 1193 669 didicit
1218 611 1448 668 sabbata
1469 611 1586 665 sive
1615 609 1670 664 in
1696 609 1911 674 umbra,

338 703 458 759 sive
483 704 538 757 in
575 704 803 759 veritate
825 704 980 774 juxta
1013 715 1220 758 natura:
1244 717 1356 758 suae
1381 716 1542 772 agere
1574 701 1910 771 qualitatem.

340 790 498 848 Unde
543 794 840 850 sacratiore
883 796 1118 865 quadam
1154 793 1501 863 intelligentia
1549 792 1915 846 sahbatismus

339 893 624 940 exercetur
667 894 792 954 post
831 895 1035 956 septem
1083 901 1257 940 annos
1297 894 1456 939 terra:
1501 891 1702 938 sanctae
1743 881 1915 936 donee

341 975 674 1044 complaceat
702 975 813 1031 Deo
840 977 894 1030 in
933 991 996 1030 ea
1033 976 1294 1030 habitare.
1338 974 1394 1028 Si
1431 989 1562 1028 vero
1604 981 1915 1042 peccatores

345 1066 399 1120 in
435 1081 498 1120 ea
535 1065 756 1143 fuegint,
784 1068 894 1136 jam
927 1067 1209 1143 non_nltra
1253 1082 1347 1135 per
1379 1065 1710 1135 septimanas
1745 1077 1916 1117 anno-

343 1168 490 1218 rum,
517 1155 610 1210 sed
643 1139 740 1225 per
763 1139 1100 1226 septuaginla
1132 1166 1272 1210 terra
1305 1155 1590 1210 sabbatum
1620 1153 1775 1222 gerit.
1807 1150 1916 1206 Ha-

342 1243 536 1297 bemus
563 1258 867 1297 sermonem
912 1243 980 1298 de
1025 1243 1363 1312 septuaginta
1405 1240 1584 1304 annis,
1615 1249 1722 1292 tam
1767 1236 1909 1306 apud

339 1330 628 1388 Jeremiam
656 1333 722 1398 ³⁸,
749 1349 912 1402 quam
943 1336 1086 1404 apud
1114 1333 1395 1388 Danielem.
1417 1332 1462 1363 ⁸⁸
1493 1330 1695 1386 sanctis
1724 1329 1916 1382 litteris

342 1423 757 1494 consignatum;
792 1433 847 1478 et
875 1423 1119 1478 futurum
1159 1431 1254 1479 est
1291 1434 1351 1477 ut
1376 1423 1429 1476 in
1461 1421 1548 1476 die
1575 1421 1766 1489 judicii
1805 1436 1912 1472 non

343 1512 520 1569 solum
554 1515 738 1579 homo,
767 1515 862 1570 sed
887 1517 1050 1569 etiam
1077 1515 1330 1570 universa
1357 1513 1596 1568 conditio
1615 1512 1911 1581 judicetur.

347 1603 531 1659 Omnis
575 1605 774 1675 quippe.
819 1617 1064 1659 creatura
1113 1606 1447 1676 congemiscit
1490 1613 1540 1658 et
1584 1602 1820 1656 condolet
1847 1602 1912 1654 “.

345 1699 401 1754 Si
429 1698 610 1752 omnis
639 1706 884 1752 creatura
908 1697 1259 1768 congemiseit
1288 1706 1341 1750 et
1376 1696 1646 1760 condolet,
1685 1703 1768 1750 est
1809 1709 1922 1748 au-.

340 1798 450 1843 tem
481 1796 852 1843 creaturarum
891 1803 1018 1857 pars
1056 1799 1197 1842 terra
1242 1796 1299 1842 et
1348 1786 1571 1850 caelum,
1618 1794 1678 1839 et
1715 1793 1908 1839 caetera

339 1893 570 1949 quaeque
593 1892 716 1945 quae
741 1879 844 1932 sub
878 1878 1018 1932 caelo
1044 1885 1193 1940 sunt,
1219 1885 1274 1930 et
1299 1891 1420 1945 qua:
1448 1890 1610 1944 super
1639 1875 1826 1940 cmlos,
1856 1883 1912 1929 et

341 1963 651 2017 liberabitur
679 1965 845 2018 omnis
871 1973 1115 2018 creatura
1143 1982 1176 2017 a
1206 1966 1454 2018 servitute
1479 1965 1832 2033 corruptionis
1856 1965 1914 2017 in

339 2055 636 2108 libertatem
691 2053 874 2122 gloria
923 2055 1160 2123 ﬁliorum
1210 2054 1310 2108 Dei
1356 2054 1422 2120 “,
1463 2054 1555 2124 qui
1605 2054 1710 2108 scit
1751 2063 1806 2108 et
1845 2053 1914 2108 de

339 2153 506 2208 terra,
538 2159 608 2198 an
653 2144 952 2198 secundum
991 2155 1240 2199 naturam
1281 2157 1436 2199 suam
1476 2143 1529 2197 in
1573 2144 1756 2214 aliquo
1784 2159 1912 2213 pec-

336 2267 743 2313 cato-teneatur
775 2256 1046 2313 obnoxia?
1082 2256 1140 2312 Si
1179 2257 1324 2312 enim
1360 2257 1559 2311 animal
1597 2265 1699 2322 est,
1745 2257 1792 2313 si
1827 2273 1917 2312 ra-

336 2349 617 2404 tionabilis
665 2357 786 2415 est,
831 2348 875 2402 si
923 2348 1124 2419 indiget
1169 2347 1447 2402 auditione
1481 2347 1751 2402 sermonis
1789 2361 1914 2417 pro-

337 2443 538 2512 phetici
583 2442 814 2499 dicentis
849 2440 1206 2506 l"zAttende,
1254 2439 1464 2504 caelum,
1514 2448 1564 2492 et
1613 2438 1820 2509 loquar,
1861 2447 1914 2493 et

336 2533 528 2585 audiat
569 2541 710 2585 terra
750 2531 906 2586 verba
942 2533 1049 2584 oris
1084 2531 1223 2595 mei;
1267 2539 1322 2585 et
1359 2529 1405 2561 “
1439 2547 1452 2582 :
1490 2529 1649 2594 Audi,
1692 2529 1908 2594 caelum,

335 2633 388 2676 et
418 2621 636 2675 auribus
662 2623 882 2693 percipe,
911 2633 1086 2686 terra;
1116 2637 1217 2676 cur
1249 2635 1358 2674 non
1395 2619 1642 2674 dicamus
1674 2629 1733 2674 ut
1776 2623 1915 2674 inter

341 2713 596 2768 homines
641 2723 726 2768 est
769 2714 934 2768 homo
983 2713 1212 2769 audiens
1257 2721 1310 2767 et
1345 2712 1551 2767 faciens
1582 2713 1744 2767 verba
1794 2728 1916 2782 quae

335 2805 530 2872 jussus
560 2813 644 2858 est
675 2805 870 2864 facere.
899 2814 953 2860 et
977 2805 1116 2860 alius
1157 2813 1238 2858 est
1278 2805 1372 2874 qui
1415 2805 1547 2871 odit,
1575 2813 1628 2858 et
1670 2819 1777 2859 non
1809 2804 1913 2857 im-

339 2895 452 2965 plet
473 2895 616 2965 quod
641 2897 973 2966 praecipitur,
1005 2898 1148 2951 sicut
1173 2906 1226 2952 et
1253 2898 1476 2966 angelus
1497 2895 1915 2964 praevaricator?

336 2985 566 3054 Angelos
608 2986 752 3041 enim
801 3002 902 3040 non
941 2987 1286 3040 custodientes
1338 2986 1691 3054 principatum
1733 3001 1909 3051 suum,

2015 521 2216 574 minem
2256 519 2326 574 '°.
2377 518 2540 587 Igitur
2581 524 2726 571 terra
2773 522 2946 569 mater
2997 521 3181 567 nostra
3223 518 3328 577 est,
3373 509 3587 564 laetatur

2013 610 2232 680 quando
2267 611 2477 678 justum
2535 608 2705 662 ﬁlium
2757 605 3012 662 sustinet.
3058 601 3365 658 laetabatur
3414 609 3586 664 terra,

2013 702 2192 756 ferens
2231 699 2524 762 Abraham,
2571 697 2720 752 Isaac
2763 704 2817 750 et
2861 693 3048 749 Jacob.
3091 692 3398 748 laetabatur
3437 700 3586 746 terra

2014 793 2070 847 in
2111 792 2342 846 adventu
2385 789 2600 843 Domini
2645 787 2813 843 nostri
2860 785 2986 841 Jesn
3015 784 3244 850 Christi,
3273 785 3491 854 dignam
3523 797 3587 840 se

2015 899 2245 938 cernens
2275 881 2396 935 Filii
2425 881 2520 934 Dei
2567 887 2892 935 sustentant.
2937 877 3078 943 Quid
3121 891 3343 931 necesse
3379 886 3461 930 est
3499 875 3588 929 di-

2014 991 2138 1029 cere
2167 975 2234 1030 de
2271 974 2532 1043 apostolis
2558 982 2612 1027 et
2643 970 2944 1040 prophetis,
2969 985 3093 1024 cum
3135 968 3204 1022 de
3238 967 3450 1022 Domini
3488 967 3587 1022 ad-

2015 1078 2176 1122 ventu
2208 1067 2468 1135 scriptum
2488 1066 2559 1121 sit
2585 1084 2597 1120 :
2627 1064 2808 1120 Omnis
2828 1073 2968 1118 terra
2991 1063 3186 1116 clamat
3210 1078 3328 1115 cum
3354 1062 3542 1116 latitia
3560 1061 3588 1115 7

2016 1156 2358 1212 Conﬁtentur
2405 1167 2459 1212 et
2509 1156 2843 1210 miserabiles
2887 1153 3060 1208 Judaei
3109 1155 3223 1207 haec
3265 1151 3334 1207 de
3379 1152 3584 1208 Christi

2020 1247 2301 1315 praesentia
2337 1245 2635 1315 praedicari,
2669 1245 2762 1298 sed
2791 1244 2957 1298 stulte
2992 1243 3244 1312 ignorant
3274 1256 3580 1310 personam,

2016 1353 2140 1392 cum
2176 1338 2392 1392 videant
2426 1337 2641 1406 impleta
2669 1350 2790 1405 quae
2821 1334 2967 1388 dicta
2997 1341 3143 1387 sunt.
3179 1331 3406 1398 Quando
3436 1332 3582 1386 enim

2016 1437 2157 1482 terra
2190 1427 2481 1481 Britannia:
2512 1437 2636 1481 ante
2671 1427 2957 1480 adventum
2987 1424 3189 1478 Christi
3214 1424 3266 1476 in
3295 1423 3456 1478 unius
3488 1422 3584 1477 Dei

2015 1519 2292 1573 consensit
2348 1518 2704 1586 religionem?
2755 1515 2985 1581 Quando
3030 1523 3174 1568 terra
3237 1511 3586 1568 Maurorum?

2015 1609 2244 1675 Quando
2276 1617 2422 1663 totus
2451 1608 2618 1662 semel
2651 1607 2834 1661 orbis?
2870 1603 3027 1660 Nunc
3065 1618 3194 1658 vero
3231 1613 3450 1673 propter
3480 1603 3583 1658 Ec-

2015 1701 2230 1765 clesias,
2275 1716 2398 1769 quae
2435 1700 2622 1754 mttndi
2659 1698 2855 1754 limites
2898 1707 3104 1762 tenent,
3145 1697 3394 1752 universa
3442 1705 3583 1750 terra

2013 1809 2138 1849 cum
2181 1793 2364 1848 laetitia
2407 1792 2608 1846 clamat
2651 1789 2720 1844 ad
2766 1788 3055 1844 Dominum
3091 1787 3281 1854 Israel,
3319 1797 3375 1844 et
3413 1804 3584 1857 capax

2011 1893 2096 1940 est
2124 1884 2390 1939 honorum
2419 1883 2717 1938 secundum
2747 1881 2879 1936 ﬁnes
2914 1895 3064 1934 suos.
3109 1879 3418 1950 Statuitque
3448 1878 3588 1934 ﬁnes

2018 1976 2258 2047 gentium
2289 1975 2442 2045 juxta
2475 1988 2765 2028 numerum
2801 1971 3228 2026 ﬁlioruszrael
3252 1973 3318 2037 5‘,
3345 1979 3400 2026 et
3440 1969 3586 2025 facta

2018 2077 2103 2123 est
2132 2082 2258 2136 pars
2293 2064 2506 2120 Domini
2536 2065 2768 2134 populus
2797 2062 2916 2132 ejus
2946 2061 3136 2127 Jacob,
3175 2061 3448 2116 funiculus
3477 2061 3586 2115 hae.-

2020 2160 2265 2216 reditatis
2290 2160 2410 2230 ejus
2433 2158 2617 2214 Israel.
2657 2157 2840 2227 Capax
2873 2167 2976 2221 est,
3003 2158 3250 2226 inquam,
3286 2164 3347 2210 ut
3381 2156 3586 2209 animal

2015 2253 2170 2322 juxta
2211 2251 2443 2320 partium
2489 2249 2813 2318 qualitates,
2845 2255 2900 2302 et
2942 2247 3208 2301 bonorum
3261 2256 3480 2300 actuum
3532 2255 3589 2302 et

2020 2343 2309 2406 malorum,
2335 2342 2388 2395 in
2411 2341 2612 2410 quibus
2661 2349 2756 2394 aut
2793 2339 3008 2394 laudem
3043 2344 3312 2392 mereatur
3350 2344 3442 2390 aut
3473 2351 3588 2406 pa:-

2017 2433 2321 2488 nam.Cum
2355 2433 2520 2502 igitur
2550 2432 2750 2487 dicitur
2775 2450 2790 2486 :
2825 2429 2990 2484 Terra
3017 2447 3133 2502 quae
3148 2431 3434 2499 peccaverit
3456 2431 3586 2484 mihi

2015 2536 2073 2581 ut
2105 2525 2372 2596 delinquat
2399 2525 2672 2590 delictum,
2713 2525 3030 2596 mysterium
3064 2523 3338 2592 quoddam
3382 2522 3588 2593 signiﬁ-

2013 2627 2188 2673 catur.
2221 2619 2392 2672 Aliter
2413 2618 2614 2688 quippe
2653 2618 2721 2673 de
2751 2617 3174 2681 habitatoribus,
3218 2617 3376 2672 aliter
3412 2618 3481 2671 de
3521 2633 3586 2672 ea

2013 2711 2212 2766 dicitur
2234 2726 2356 2781 quat
2385 2711 2716 2765 inhabitatur
2738 2711 2783 2742 ⁸⁸
2811 2729 2825 2765 :
2855 2710 3055 2764 Caelum
3080 2719 3129 2764 et
3160 2719 3299 2765 terra
3313 2720 3586 2779 pertrans-

2012 2803 2182 2858 ibunt.
2244 2803 2356 2857 Cur
2392 2792 2590 2856 cadum
2635 2802 3091 2872 pra:tergreditur,
3137 2815 3236 2856 cur
3273 2810 3413 2856 terra
3463 2818 3586 2870 prr-

2012 2895 2228 2959 transit,
2252 2894 2354 2948 nisi
2383 2895 2510 2962 quia
2547 2893 2810 2947 transitus
2836 2893 2920 2946 sui
2957 2891 3204 2963 quaedam
3238 2892 3398 2962 digna
3439 2892 3586 2948 fece-

2011 2985 2174 3039 runt?
2201 2982 2268 3037 Et
2296 2983 2404 3038 alio
2435 2983 2553 3038 loco
2574 2983 2620 3014 ⁵³
2647 3000 2659 3035 :
2687 2981 2950 3050 Corrupto
2971 2989 3074 3046 est,
3098 2980 3194 3045 ait,
3230 2981 3398 3034 omnis
3423 2989 3584 3032 terra.

338 3077 430 3129 sed
455 3076 748 3130 deserentes
782 3077 1054 3146 proprium
1083 3077 1443 3130 habitaculum
1483 3093 1636 3130 suum
1673 3077 1729 3130 in
1753 3076 1910 3146 judi-
1939 3089 1981 3148 ο
2012 3074 2240 3142 Quando
2266 3083 2519 3144 corrupta
2549 3075 2664 3128 est?
2690 3071 2828 3128 Ante
2855 3072 3144 3135 diluvium,
3177 3087 3284 3126 non
3316 3071 3459 3141 quod
3491 3087 3587 3140 per

339 3169 422 3221 cio
456 3184 657 3238 magna
679 3169 784 3223 diei
812 3170 1032 3223 vinculis
1063 3171 1389 3233 sempiternis
1417 3169 1510 3223 sub
1543 3169 1767 3223 tenebris
1795 3185 1909 3223 ser-

338 3260 480 3313 vabit
503 3259 569 3312 ".
607 3259 837 3326 Quando
863 3277 994 3331 ergo
1034 3262 1206 3330 angeli
1250 3262 1694 3331 prarvaricantur,
1735 3271 1790 3315 et
1819 3261 1910 3315 alii

334 3361 469 3405 sunt
498 3351 591 3422 qui
625 3351 717 3406 Dei
746 3363 1011 3422 praecepta
1044 3355 1376 3420 custodiunt,
1406 3364 1456 3408 et
1478 3351 1744 3422 judicium
1773 3369 1911 3424 pra:-

340 3445 628 3509 stolantur,
676 3461 784 3500 non
818 3446 994 3501 solum
1030 3446 1336 3510 hominum,
1371 3461 1560 3500 verum
1599 3447 1762 3501 etiam
1795 3447 1943 3525 Dci,'

343 3546 400 3591 ιιι
441 3539 751 3608 frequenter
791 3537 1028 3592 diximus
1073 3547 1180 3591 tam
1212 3537 1281 3591 de
1329 3537 1412 3592 his
1443 3553 1566 3606 qua:
1606 3537 1660 3590 in
1703 3537 1916 3606 Apoca-

339 3631 477 3701 lypsi
519 3631 832 3698 conscripta
896 3639 1042 3694 sunt,
1071 3644 1236 3698 quam
1263 3637 1318 3682 et
1345 3643 1410 3682 ex
1441 3629 1560 3683 aliis
1600 3629 1914 3682 innumera-

338 3721 570 3786 bilibus,
612 3735 802 3789 quare,
847 3719 1093 3788 inquam,
1128 3734 1234 3773 non
1288 3727 1445 3773 terrae
1488 3727 1542 3771 et
1589 3718 1730 3772 aeris
1771 3718 1914 3786 judi-

337 3815 482 3868 cium
512 3811 888 3868 sitfuturum?
918 3809 974 3866 Si
1010 3819 1186 3864 autem
1222 3826 1327 3864 non
1357 3819 1515 3879 putas
1559 3809 1687 3864 huic
1725 3810 1910 3878 dispu-

337 3904 530 3958 tationi
561 3903 1010 3958 consentiendum
1042 3917 1139 3970 per
1165 3917 1327 3971 quam
1367 3901 1665 3956 asserimus
1694 3915 1910 3955 omnem

335 4006 642 4051 creaturam
681 3995 1052 4062 iudicandam,
1095 3993 1221 4046 audi
1261 4001 1313 4046 et
1351 3991 1497 4045 aliud
1540 3991 1909 4046 testimonium

337 4088 405 4141 de
433 4096 598 4141 terra.
631 4084 929 4155 lnterrogat
958 4083 1100 4138 Deus
1141 4082 1296 4149 Cain,
1335 4083 1427 4152 qui
1479 4081 1738 4136 occiderit
1782 4081 1912 4135 Abel

337 4178 562 4233 fratrem
596 4195 800 4233 suum:
845 4188 897 4232 et
942 4186 1062 4246 post
1100 4177 1297 4231 multos
1346 4192 1625 4230 sermones
1670 4192 1808 4246 quos
1856 4177 1911 4230 in

337 4269 532 4325 Genesi
567 4270 818 4341 legimus,
846 4267 912 4322 ad
936 4277 1238 4322 extremum
1269 4267 1337 4322 de
1367 4277 1510 4322 terra
1533 4267 1665 4323 dicit
1686 4267 1768 4322 ’σε
1796 4267 1914 4321 Ma-

2012 3167 2421 3223 inundationem
2456 3167 2642 3221 diluvii
2680 3167 2752 3221 sit
2786 3176 3060 3235 corrupta.
3089 3165 3180 3220 Ait
3220 3181 3390 3236 ergo:
3423 3162 3586 3218 Terra

2011 3277 2130 3331 qua:
2159 3260 2448 3329 peccauerit
2483 3257 2608 3312 mihi
2635 3268 2692 3312 ut
2722 3256 2990 3328 delinquat
3011 3257 3281 3322 delictum,
3304 3256 3586 3311 extendant

2013 3367 2229 3404 manum
2257 3367 2427 3405 meam
2463 3361 2512 3404 et
2545 3361 2810 3404 conteram
2845 3351 2957 3420 ejus
2987 3351 3378 3420 ﬁrmamentum
3407 3351 3582 3419 panis.

2013 3442 2322 3498 Extendens
2367 3442 2506 3499 Deus
2549 3460 2768 3498 manum
2805 3456 2968 3498 suam
3018 3457 3180 3511 super
3228 3443 3584 3509 peccatricem

2013 3544 2237 3602 terram,
2272 3535 2470 3589 famem
2513 3535 2756 3589 immittit
2795 3535 2850 3588 in
2883 3550 3027 3590 eam.
3070 3534 3296 3589 Possum
3339 3544 3394 3588 et
3430 3533 3587 3586 aliter

2014 3625 2385 3695 interpretari,
2419 3626 2548 3695 quia
2577 3636 2721 3680 terra
2753 3625 3047 3695 aliquando
3075 3624 3374 3694 delinquat.
3417 3622 3585 3677 Terra

2013 3717 2214 3786 quippe
2245 3728 2329 3771 est
2371 3718 2552 3771 anima
2595 3726 2802 3780 nostra,
2849 3727 2907 3770 ut
2933 3716 3000 3778 in
3038 3715 3293 3786 parabola
3339 3713 3585 3784 Evange-

2017 3808 2074 3862 lii
2100 3807 2150 3840 “
2174 3807 2530 3879 significatur.
2555 3808 2748 3863 Anima
2779 3817 2949 3878 petra,
2980 3807 3162 3862 anima
3185 3815 3329 3860 terra
3365 3807 3507 3860 bona
3531 3814 3587 3861 et

2013 3899 2209 3956 fertilis
2255 3915 2352 3971 per
2396 3901 2622 3955 multatn
2676 3901 3005 3970 patientiam.
3065 3901 3170 3953 ista
3225 3898 3390 3970 igitur
3439 3908 3584 3955 terra

2014 4008 2157 4062 sape
2188 4002 2396 4062 peccat,
2427 4009 2568 4062 saepe
2595 4009 2702 4047 non
2734 4002 2940 4062 peccat.
2977 3991 3042 4046 Et
3076 3993 3121 4047 si
3148 3992 3366 4062 quidem
3391 4007 3583 4062 pecca-

2014 4084 2174 4147 verit,
2201 4084 2442 4139 extendit
2469 4098 2689 4137 manum
2719 4097 2881 4151 super
2902 4097 3044 4148 eam,
3079 4092 3133 4136 et
3162 4082 3394 4136 conterit
3424 4098 3584 4138 omne

2016 4177 2414 4230 ﬁrmamentum
2454 4175 2609 4245 panis
2650 4174 2791 4243 ejus.
2827 4172 2903 4229 Nc
2933 4183 3202 4238 conteras,
3241 4176 3584 4245 omnipotens

2016 4267 2180 4334 Deus,
2207 4266 2609 4321 ﬁrmamentum
2637 4265 2794 4336 panis
2816 4266 2885 4320 ab
2917 4266 3019 4321 ista
3050 4275 3190 4320 terra
3218 4275 3422 4331 nostra,
3450 4266 3581 4335 quin

335 4363 530 4416 ledicta
555 4372 695 4415 terra
753 4377 871 4432 qua:
913 4360 1120 4430 aperuit
1168 4375 1225 4412 os
1265 4375 1416 4412 suum
1448 4358 1518 4412 ad
1550 4358 1910 4428 excipiendum
1943 4425 1977 4432 λ
2014 4359 2195 4428 potius
2220 4357 2417 4427 largire
2445 4356 2602 4411 nobis
2629 4371 2812 4412 semen
2839 4366 3013 4425 tuum,
3043 4366 3102 4412 ut
3135 4357 3300 4413 faciat
3338 4357 3392 4411 in
3424 4357 3584 4412 nobis

335 4455 644 4522 sanguinem
693 4425 880 4520 fratris
930 4425 1008 4504 t-ui
1045 4450 1110 4504 de
1141 4467 1300 4504 manu
1334 4461 1446 4505 tua.
1482 4449 1596 4520 Ego
1641 4425 1740 4505 nec
1781 4450 1910 4504 illud
1943 4425 1987 4480 θ
2016 4425 2248 4505 fructum
2283 4425 2614 4518 centuplum.

339 4554 605 4614 praetereo
639 4544 718 4599 ‘7:
749 4543 1037 4598 Maledicta
1089 4553 1231 4596 terra
1280 4544 1335 4596 in
1383 4542 1622 4611 operibus
1669 4543 1811 4608 tuis;
1857 4552 1912 4597 et

338 4635 650 4689 econtrario
673 4634 718 4688 si
751 4635 968 4702 quando
1011 4634 1366 4689 benedicitur.
1403 4632 1656 4705 Legimus
1698 4643 1752 4690 et
1795 4651 1910 4689 Ina-

336 4726 588 4781 ledictam
625 4734 680 4780 et
721 4725 1058 4780 benedictam
1087 4724 1178 4779 Dei
1215 4725 1443 4782 vocibus
1490 4737 1708 4781 terram.
1747 4725 1910 4780 Vides

335 4833 465 4888 ergo
508 4807 637 4888 quia
688 4817 882 4872 merito
934 4817 1134 4870 dicitur
1179 4818 1224 4849 ⁸⁸
1271 4838 1286 4872 :
1338 4818 1688 4886 Congemiscit
1735 4819 1904 4871 omnis

334 4921 598 4964 creatura.
653 4907 716 4964 Et
766 4917 827 4962 ut
879 4908 944 4962 ad
977 4908 1284 4976 praecedens
1309 4917 1549 4962 revertar
1572 4908 1904 4978 exemplum,

333 5001 624 5069 olfenditur
675 5011 818 5052 terra
859 4999 914 5051 in
958 4996 1303 5051 insidentibus
1344 4997 1444 5051 sibi
1477 4998 1542 5052 “.
1596 4997 1734 5052 Puto
1776 4998 1903 5068 quia

333 5103 476 5148 terra
509 5107 609 5148 nos
639 5101 698 5146 ut
717 5101 888 5146 mater
915 5090 1212 5156 sustinens,
1243 5101 1294 5145 et
1319 5091 1528 5146 laetetur
1556 5106 1721 5160 super
1746 5089 1905 5147 bonis

330 5185 480 5247 ﬁliis,
508 5193 564 5239 et
594 5185 774 5239 doleat
806 5199 968 5252 super
1000 5182 1394 5253 peccatoribus.
1430 5182 1506 5238 lta
1540 5183 1736 5253 quippe.
1767 5188 1902 5252 patri

331 5276 479 5329 lilius
494 5273 757 5343 insipiens
773 5273 929 5328 dolor
948 5281 1051 5338 est,
1069 5280 1122 5326 et
1137 5273 1188 5326 ei
1225 5275 1384 5326 matri
1403 5289 1527 5343 qua:
1545 5275 1734 5344 genuit
1750 5291 1897 5329 eum.

333 5365 397 5420 Et
425 5382 532 5420 non
553 5368 728 5421 solum
753 5365 1026 5436 huicpatri
1049 5365 1294 5432 etmatri,
1327 5367 1395 5420 de
1424 5381 1658 5436 quorum
1695 5369 1904 5422 semine

333 5457 564 5521 orintur,
597 5458 691 5512 sed
734 5466 788 5511 et
826 5457 900 5511 illi
947 5457 1104 5512 matri
1141 5469 1264 5526 qua)
1307 5471 1432 5510 vere
1473 5467 1647 5512 mater
1694 5467 1900 5514 nostra.

403 5569 447 5601 ³⁹
474 5569 672 5626 Ιθιειιι.
709 5587 834 5626 xxv.
914 5571 956 5603 ’⁵⁸
986 5571 1120 5626 Dan.
1150 5586 1227 5626 Ix.

334 5638 390 5692 6.
467 5640 510 5672 “
533 5638 730 5694 Cenes.
761 5657 833 5706 tv,
869 5641 954 5694 ll.

341 5709 387 5740 "
413 5707 599 5765 Matth.
642 5727 792 5775 χειν,
838 5711 928 5766 35.
1002 5711 1048 5743 "
1077 5711 1210 5766 Gen.
1258 5727 1331 5780 vt,
1378 5712 1462 5769 ll.

1105 5586 1227 5652 ξιιμ..
1305 5570 1347 5603 ⁸⁸
1383 5569 1683 5652 Domini,
1712 5575 1804 5629 22.
1881 5575 2084 5652 “uhid.
2117 5579 2207 5652 2i.

1034 5644 1076 5674 ⁸⁷
1104 5643 1240 5696 ibid.
1266 5656 1348 5708 ιιι,
1389 5643 1470 5698 l7.
1547 5643 1593 5675 ⁵⁸
1618 5643 1773 5699 Rom.
1798 5662 1915 5709 vm,
1942 5649 2032 5702 2'2.
2110 5651 2155 5680 δ’
2179 5650 2280 5705 lsa.
2315 5667 2462 5715 xxiv,
2488 5651 2542 5706 5.

1034 5712 1048 5742 ³
1077 5711 1210 5766 Gen.
1258 5727 1331 5771 vt.
1378 5712 1462 5769 ll.
1538 5715 1583 5746 "‘
1605 5713 1790 5770 Matth.
1827 5732 1941 5771 xm.
2018 5719 2062 5751 ³³
2092 5718 2248 5771 Rom.
2277 5738 2353 5771 xl.
2375 5721 2466 5771 33.

2081 4543 2136 4596 2.
2183 4541 2252 4595 Et
2294 4543 2533 4596 emittant
2587 4543 2644 4596 in
2687 4557 2804 4596 eam
2842 4542 3080 4613 famem,
3113 4551 3164 4597 et
3213 4542 3393 4596 tollam
3423 4543 3488 4596 de
3518 4559 3582 4598 ea

2008 4635 2269 4689 hominem
2307 4644 2355 4688 et
2409 4651 2583 4704 pecus.
2635 4632 2919 4700 Quomodo
2964 4649 3187 4703 possum
3237 4645 3345 4687 tam
3392 4648 3582 4689 recon-

2008 4727 2148 4782 ditas
2204 4742 2292 4782 res
2344 4727 2399 4781 in
2458 4727 2736 4796 publicum
2798 4725 3086 4794 proferre?
3132 4722 3288 4780 Unde
3341 4725 3474 4779 mihi
3525 4734 3582 4780 ut

2009 4831 2277 4887 exponere
2333 4817 2540 4872 valeam
2591 4833 2688 4873 cur
2747 4815 2954 4880 fames,
3006 4832 3105 4872 cur
3160 4816 3432 4884 fertilitas,
3482 4832 3582 4873 cur

2012 4912 2368 4977 abundantia,
2400 4927 2500 4966 cur
2523 4920 2736 4982 egestas
2766 4919 2925 4966 terrae
2954 4910 3241 4965 accidant?
3274 4910 3318 4966 0
3354 4915 3581 4983 profun—

2011 5006 2140 5058 dum
2171 5003 2476 5057 divitiarum
2507 5003 2779 5072 sapientiae
2804 5012 2853 5058 et
2886 5004 3121 5058 scientite
3148 5003 3242 5058 Dei
3264 5005 3340 5060 ".
3388 5004 3579 5059 Utrum

2013 5105 2228 5166 propter
2261 5097 2506 5152 homines
2533 5097 2922 5151 et'animarum
2958 5099 3218 5152 malitiam
3261 5100 3582 5154 immittatur

2013 5186 2216 5241 fames?
2243 5185 2324 5239 An
2354 5195 2571 5255 propter
2617 5186 2836 5256 angelos
2877 5188 3076 5256 quibus
3123 5197 3251 5243 sunt
3288 5189 3580 5244 commissa

2011 5288 2244 5340 terrena,
2279 5278 2326 5332 si
2368 5277 2728 5347 peccaverint,
2767 5278 3016 5333 accidant
3057 5294 3119 5333 ea
3167 5294 3290 5348 qua:
3333 5278 3580 5336 videmus

2007 5369 2288 5424 accidere?
2309 5367 2364 5422 Si
2381 5378 2559 5423 autem
2577 5379 2701 5423 sunt
2718 5369 2936 5439 quidam
2953 5369 3190 5426 cwlestis
3203 5369 3580 5441 37ldispen-

2012 5461 2242 5516 sationis
2267 5460 2502 5516 ministri
2527 5461 2622 5532 qui
2656 5461 2925 5518 fructibus
2942 5472 3204 5533 praesunt,
3224 5463 3362 5518 forte
3382 5475 3434 5519 et
3456 5479 3576 5533 pro-

2875 5581 2921 5614 “
2950 5580 3054 5638 lsa.
3082 5597 3120 5647 ι,
3144 5582 3199 5638 2.
3310 5581 3356 5616 ⁸⁸
3375 5581 3501 5638 iud.
3533 5598 3576 5651 ι,

2619 5653 2665 5683 ³ο
2687 5650 2821 5708 Gen.
2851 5667 2911 5718 ιι,
2938 5651 2988 5706 7.
3030 5654 3074 5685 ἰ
3107 5651 3262 5711 Deut.
3316 5670 3494 5723 xxxn,
3518 5650 3578 5712 8.

2283 5578 2330 5611 “
2359 5579 2513 5635 Deut.
2543 5597 2715 5644 xxxn,
2749 5581 2799 5636 l.

2018 5719 2062 5751 ³³
2092 5718 2248 5778 Rom.
2277 5738 2354 5788 xt,
2375 5721 2466 5779 33.
