4070 6296
505 320 613 402 699

1664 340 1994 400 ORIGENIS
2029 338 2096 395 IN
2141 333 2577 392 EZECHIELEM

3667 333 3775 390 τω

506 474 628 532 pter
651 463 775 518 illos
814 448 1127 518 infertilitas
1172 469 1330 514 terra:
1364 459 1595 514 eveniat.
1649 458 1892 514 Plurima
1938 456 2086 512 enim
2114 455 2161 513 Α
2189 449 2281 504 ille
2311 463 2592 523 nunquam
2624 447 2681 501 in
2713 461 2992 517 vesperam
3030 446 3176 503 dedit
3201 461 3416 508 escam;
3458 443 3555 503 sed
3581 445 3635 504 is
3662 448 3762 515 qui

509 569 736 623 operum
764 554 884 624 eius
914 554 967 607 in
992 550 1278 606 absconsis
1321 559 1474 616 sunt,
1506 564 1617 604 non
1641 563 1940 620 possumus
1967 563 2086 602 ma-

510 644 846 715 gnitudinum
873 642 1149 711 sapientia:
1177 640 1352 696 effari.
1401 641 1633 695 Areum
1663 640 1829 694 maris
1868 647 1919 692 et
1965 636 2084 707 plu-

509 739 612 793 sic
641 735 814 791 stillas
843 743 893 788 et
920 733 1028 787 dies
1055 733 1239 786 surculi
1257 732 1373 802 quis
1397 730 1791 787 dinumerabit?
1826 727 2087 782 Altitudi-

510 844 627 885 nem
652 828 787 895 caeli,
823 836 873 881 et
894 824 1234 879 latitudinem
1263 835 1439 887 terra,
1467 833 1517 879 et
1536 823 1857 893 profundum
1876 822 2087 891 sapien-

505 922 620 988 ιῖω,
647 919 763 989 quis
788 917 1115 986 investigabit
1138 916 1229 969 “‘i
1261 914 1420 970 Varie
1464 930 1596 986 ergo
1644 914 1880 968 mittitur
1913 913 2085 969 fames

507 1027 673 1080 super
707 1011 1063 1081 peccatricem
1092 1016 1318 1063 terram.

574 1103 629 1158 5.
675 1101 746 1155 Et
773 1101 1047 1170 auferam,
1083 1100 1292 1167 inquit,
1330 1114 1396 1152 ea:
1434 1114 1498 1151 ea
1541 1091 1802 1152 hominem
1829 1106 1880 1151 et
1907 1112 2081 1167 pecus.

507 1193 669 1248 Aliud
702 1201 783 1247 est
810 1200 956 1245 terra
977 1232 992 1257 ,
1029 1190 1174 1245 aliud
1204 1191 1392 1244 homo.
1437 1187 1575 1243 Nam
1607 1187 1940 1244 habitatores
1973 1196 2083 1242 ter-

507 1301 603 1347 rae,
655 1291 714 1337 ut
757 1283 981 1353 quidam
1031 1289 1249 1351 putant,
1294 1295 1444 1335 nunc
1475 1295 1576 1350 pro
1603 1288 1746 1334 terra
1776 1294 1884 1334 non
1915 1280 2087 1333 nomi-

508 1385 622 1431 nat.
657 1375 715 1431 Si
758 1376 906 1430 enim
944 1374 1275 1428 habitatores
1331 1381 1490 1427 terra:
1527 1386 1623 1442 per
1668 1381 1869 1426 terram
1912 1372 2084 1441 accipi

510 1463 660 1531 velit,
691 1464 1026 1534 superﬂuum
1057 1461 1237 1517 fuerat
1268 1462 1471 1525 dicere,
1513 1459 1759 1516 auferam
1785 1477 1851 1517 ex
1888 1476 1952 1516 ea
1989 1463 2088 1517 ho-

511 1555 716 1609 minem
752 1562 809 1609 et
852 1569 1042 1624 pecus.
1092 1552 1302 1608 Gaudet
1325 1552 1475 1607 enim
1512 1559 1656 1607 terra
1684 1554 1903 1622 quando
1928 1553 2086 1622 plena

510 1653 597 1700 est
619 1645 845 1706 accolis,
882 1652 1083 1699 moeret
1124 1658 1251 1698 cum
1300 1644 1353 1698 id
1396 1643 1542 1713 quod
1581 1643 1784 1698 dicitur
1810 1644 2083 1698 acciderit.

513 1735 769 1805 Auferam
800 1734 865 1789 ab
887 1750 950 1789 ea
984 1735 1246 1789 hominem
1277 1741 1329 1788 et
1357 1749 1537 1804 pecus.
1567 1733 1643 1789 De
1668 1734 1870 1801 quibus
1899 1734 1947 1789 si
1978 1735 2087 1788 Do-

2186 549 2345 594 natus
2386 548 2473 593 cst
2517 552 2586 592 ex
2626 537 2774 593 tribu
2833 537 3140 608 Beniamin.
3200 536 3603 607 praedicabatur
3653 534 3764 595 Hc-

2183 629 2384 695 brzeus,
2417 643 2488 685 ex
2512 627 2756 684 Hebraeis
2774 627 2932 697 iuxta
2951 628 3124 699 legem
3153 626 3484 692 Phariaene,
3506 627 3766 683 circum-

2184 719 2332 776 cisus
2367 727 2562 775 octavo
2599 718 2709 784 die,
2758 718 3041 789 Beniamin
3083 719 3245 788 lupus
3279 730 3446 787 rapax
3474 717 3540 775 ad
3576 725 3767 771 matu-

2184 811 2358 865 tinum
2387 809 2700 876 comedens,
2741 809 2964 880 quando
2988 809 3205 879 iuvenis
3227 807 3366 871 fuit;
3397 815 3455 863 et
3485 806 3539 861 in
3563 821 3764 876 vespe-

2185 918 2301 956 ram
2333 903 2471 957 dans
2508 916 2717 966 escam,
2759 900 2983 970 quando
3009 901 3236 957 credens
3268 898 3571 967 spiritalem
3620 914 3765 967 pra-

2186 993 2303 1047 buit
2326 993 2510 1049 cibum
2533 1008 2564 1047 a
2586 1007 2647 1048 se
2669 991 2928 1048 Enclesiis
2955 991 3243 1049 institutis.
3272 988 3444 1061 Igitur
3464 988 3758 1057 Beniamin

2184 1083 2465 1153 Beniamin
2495 1091 2736 1155 general.
2770 1082 3057 1149 Quomodo
3074 1095 3204 1153 ergo
3225 1081 3390 1142 homo
3413 1094 3480 1138 es
3508 1078 3757 1145 homine,

2188 1174 2467 1244 Beniamin
2508 1190 2573 1229 ex
2615 1173 2919 1244 Beniamin,
2943 1173 3022 1228 sic
3035 1162 3175 1228 Iuda
3204 1187 3273 1228 ex
3295 1170 3456 1238 Juda,
3479 1169 3671 1227 Ruben
3690 1185 3759 1226 ex

2186 1264 2378 1321 Ruben
2418 1265 2681 1320 nascitur.
2725 1263 2908 1318 Ruben
2932 1266 3133 1334 quippe
3172 1266 3309 1319 uiuat
3331 1271 3383 1317 et
3411 1278 3515 1317 non
3549 1263 3764 1314 moria-

2189 1366 2297 1421 tur,
2327 1364 2378 1410 et
2399 1356 2470 1410 sit
2482 1354 2679 1409 multus
2704 1355 2762 1409 in
2787 1370 3001 1409 numero
3017 1356 3111 1408 '7'.
3152 1355 3210 1409 In
3248 1362 3459 1409 tantum
3498 1367 3615 1407 non
3644 1360 3766 1409 erat

2187 1443 2254 1499 de
2281 1442 2591 1514 patriarcha
2620 1456 2826 1509 sermo,
2857 1442 2952 1498 sed
2976 1441 3045 1497 de
3067 1442 3268 1513 popqu
3298 1441 3393 1511 qui
3418 1439 3491 1496 de
3512 1440 3766 1510 patriar-

2186 1534 2290 1588 cha
2320 1533 2685 1589 descensurus
2706 1539 2844 1587 erat.
2883 1530 2994 1587 Cur
3018 1531 3134 1586 hac
3161 1530 3305 1587 dicta
3343 1526 3510 1585 sunt?
3546 1526 3767 1585 Videli-

2188 1633 2274 1679 cet
2315 1631 2376 1678 ut
2405 1630 2731 1694 praesentem
2772 1623 2951 1679 locum
2980 1634 3306 1692 exponerem
3336 1618 3410 1679 de
3437 1617 3556 1677 Noe
3579 1627 3640 1675 et
3660 1617 3768 1673 Da-

2191 1716 2329 1771 niele
2346 1723 2403 1771 et
2427 1713 2551 1773 Job.
2573 1716 2864 1781 Quomodo
2880 1714 3029 1771 enim
3051 1714 3218 1770 Israel
3243 1712 3412 1769 lsrael
3434 1722 3689 1783 generat,
3712 1722 3765 1768 et

515 1778 769 1805 ....,-......
800 1778 860 1789 ..ν
887 1778 950 1789 ν..
1278 1778 1326 1788 --
1357 1778 1537 1804 μη-.
1567 1778 1643 1789 η
1672 1778 1870 1801 γυνη
1899 1778 1947 1789 υ.
1978 1778 2054 1788 ,ν

515 1826 700 1881 minus
724 1825 878 1880 vobis
906 1826 1189 1881 orantibus
1218 1825 1611 1880 ministraverit
1651 1840 1874 1881 sensum
1898 1825 1971 1895 (si
2004 1834 2090 1880 ta-

2193 1805 2290 1862 .Iob
2317 1805 2441 1872 Job,
2474 1816 2529 1861 et
2560 1778 2750 1861 Ruben
2794 1803 3006 1867 Bellen,
3040 1804 3233 1874 reliqui
3257 1778 3518 1873 reliquos,
3545 1803 3635 1861 sic
3652 1800 3768 1858 Noe

516 1932 641 1971 men
671 1931 866 1972 sensus
893 1915 1108 1971 Domini
1132 1930 1358 1984 capaces
1389 1914 1656 1971 fuerimus
1680 1915 1905 1987 eﬂ‘ecti),
1933 1917 2090 1971 volu-

514 2024 640 2062 mus
664 2022 836 2079 pauca
862 2007 1152 2062 disserere.
1187 2006 1480 2073 Quomodo
1510 2023 1674 2078 prona
1698 2008 1891 2064 matris
1922 2017 2007 2064 est
2032 2009 2086 2064 in

512 2098 770 2154 exsilium
791 2097 1078 2153 destinatae
1101 2097 1300 2167 privari
1329 2098 1477 2163 liliis,
1504 2107 1598 2155 aut
1619 2108 1767 2155 certe
1788 2099 1932 2154 filios
1956 2114 2089 2157 suos

511 2189 582 2244 ad
608 2188 770 2244 aliam
798 2188 982 2243 videre
998 2188 1337 2258 provinciam
1372 2189 1636 2245 destinari
1668 2206 1687 2244 :
1721 2189 1804 2249 sic
1824 2189 2093 2260 quodam.

517 2283 682 2338 modo
727 2291 902 2337 mater
950 2291 1141 2337 nostra
1183 2292 1325 2336 terra
1377 2281 1682 2353 ﬂagellatur
1719 2297 1821 2353 pro
1852 2285 2090 2353 peccatis

512 2375 631 2431 suis
655 2390 686 2428 a
719 2372 850 2441 Deo,
888 2372 1111 2443 quando
1143 2373 1394 2428 aufertur
1421 2373 1490 2427 ab
1518 2387 1593 2427 ea
1610 2373 1780 2431 homo
1801 2382 1860 2428 et
1889 2389 2087 2444 pecus;

514 2467 727 2519 Izetatur
748 2463 969 2533 quando
997 2463 1246 2521 homines
1268 2461 1457 2528 habet,
1479 2465 1654 2535 magis
1673 2475 1854 2520 autem
1868 2466 2091 2537 quando

516 2554 679 2610 habet
716 2554 965 2610 homines
998 2555 1261 2624 optimos,
1290 2563 1348 2613 et
1382 2554 1440 2608 in
1471 2553 1565 2611 Dei
1602 2557 1798 2612 studiis
1825 2558 2090 2625 viventes,

515 2649 661 2701 sicut
694 2661 860 2716 supra
884 2646 1268 2716 exposuimus.
1304 2645 1514 2701 Dicitur
1549 2662 1680 2717 ergo
1708 2649 1920 2718 quando
1948 2657 2093 2702 terra

514 2737 824 2805 peccaverit,
853 2735 1009 2805 quasi
1036 2735 1274 2801 dicatur,
1305 2736 1350 2791 si
1391 2735 1612 2804 quando
1645 2738 1952 2806 peccaverit
1977 2754 2095 2793 ma-

516 2839 620 2892 ter,
658 2827 903 2880 auferam
926 2827 993 2880 de
1023 2825 1193 2880 domo
1213 2826 1335 2894 eius
1362 2826 1555 2893 lilium,
1588 2828 1670 2883 sic
1693 2838 1747 2884 et
1773 2845 1920 2885 nunc
1944 2829 2095 2887 aufe-
2136 2880 2151 2895 ,

517 2934 633 2971 ram
660 2918 733 2973 de
764 2932 828 2970 ea
854 2917 1149 2972 hominem.
1185 2914 1424 2970 Laetatur
1445 2919 1646 2987 quippe
1680 2928 1823 2974 terra
1850 2936 1959 2975 non
1995 2937 2093 2977 su-

517 3023 614 3077 per
648 3008 837 3062 bestiis
874 3017 928 3063 ct
968 3007 1099 3062 feris
1146 3006 1370 3072 rabidis,
1561 3024 1724 3079 super
1770 3012 2091 3082 pecudibus,

515 3099 644 3168 quia
671 3097 878 3167 placida
902 3109 955 3153 et
986 3105 1271 3153 mansueta
1297 3098 1552 3152 animalia
1580 3100 1772 3171 diligit.

587 3188 643 3243 4.
675 3188 748 3242 Et
776 3189 1017 3256 auferam
1046 3189 1108 3242 de
1132 3205 1198 3242 eu
1237 3187 1499 3242 hominem
1531 3200 1581 3244 et
1612 3206 1788 3259 pecus.
1819 3191 1887 3245 Et
1910 3193 1958 3247 si
1979 3192 2094 3262 fue-

518 3282 627 3335 rint
657 3282 747 3334 ἱιεὶ
788 3291 894 3335 tres
924 3282 1025 3335 viri
1055 3282 1113 3335 in
1144 3283 1317 3336 medio
1337 3283 1476 3352 ejus.
1522 3284 1811 3351 Quomodo
1832 3293 2012 3356 potest
2035 3284 2093 3343 in

517 3382 662 3426 terra
698 3373 1001 3441 peccatrice
1064 3375 1228 3429 trium
1291 3376 1520 3433 istorum
1570 3377 1776 3448 pariter
1828 3391 2095 3432 numerus

504 3465 892 3519 commorari?
934 3464 1227 3531 Quomodo
1254 3476 1362 3522 tam
1392 3467 1625 3524 diversis
1649 3467 1984 3538 temporibus
2015 3466 2095 3520 vi.

519 3556 766 3612 ventium
784 3570 785 3573 ‘
804 3566 981 3626 potest
1015 3557 1155 3612 inter
1180 3572 1242 3613 se
1268 3559 1383 3614 vita
1423 3560 1726 3631 coniungi?
1754 3558 1813 3613 In
1842 3559 2095 3628 praesenti

519 3644 753 3716 legimus
780 3647 832 3701 iu
858 3650 1162 3718 peccatrice
1200 3659 1341 3706 terra
1392 3667 1489 3707 eos
1536 3653 1740 3722 pariter
1773 3651 2094 3715 consistere,

524 3737 576 3791 id
609 3746 694 3792 est
718 3734 831 3792 Noe
869 3739 962 3807 qui
1007 3739 1058 3793 iu
1099 3741 1304 3796 diluvio
1344 3741 1468 3807 fuit,
1515 3752 1571 3796 et
1604 3739 1876 3797 Danielum
1912 3740 2009 3811 qui
2038 3740 2093 3796 in

523 3826 837 3895 captivnatc
885 3827 1183 3898 Babylonis
1230 3842 1602 3887 commoratus
1629 3840 1710 3886 est
1733 3869 1748 3895 ,
1782 3838 1842 3885 et
1872 3828 1978 3884 Job
1998 3829 2095 3899 qui

524 3919 860 3988 temporibus
908 3921 1339 3990 patriarcharum
1383 3936 1441 3980 et
1480 3922 1651 3993 Moysi
1675 3921 1880 3978 vixisse
1908 3921 2095 3990 perbi-

522 4007 704 4063 betur.
743 4007 860 4066 Hoc
878 4010 1024 4067 enim
1059 4020 1274 4078 tempus
1296 4013 1606 4069 invenimus
1638 4014 1762 4070 vitta
1793 4010 1916 4068 Job.
1952 4009 2093 4077 Quid

521 4113 654 4169 ergo
706 4115 999 4169 possumus
1049 4100 1273 4158 dicere?
1318 4101 1636 4161 Meminisse
1693 4103 1987 4169 debemus,
2036 4109 2097 4158 ut

521 4204 667 4260 saepe
682 4190 799 4261 iam
842 4192 1107 4260 diximus,
1163 4193 1292 4263 quia
1330 4204 1388 4252 ut
1417 4195 1584 4253 homo
1624 4195 1898 4253 hominem
1928 4209 2095 4264 gene-

521 4291 628 4347 rat.
652 4293 711 4340 et
736 4282 899 4342 Israel
935 4293 1160 4357 generat
1194 4285 1382 4344 Israel.
1424 4285 1589 4345 Israel
1619 4286 1820 4356 quippe
1843 4300 1971 4345 cum
2004 4297 2097 4340 es—

513 4386 608 4435 set
630 4374 832 4444 λίθοι).
873 4379 1153 4448 generavit
1180 4378 1348 4435 Israel
1376 4380 1660 4449 populum.
1694 4376 1760 4433 Et
1787 4377 2097 4436 invenimus

2188 1896 2321 1954 Noe.
2358 1896 2428 1952 Et
2452 1896 2631 1955 dicam
2654 1897 2787 1967 quia
2813 1896 2881 1951 de
2907 1894 3031 1951 ﬁliis
3067 1892 3201 1958 Noe,
3248 1893 3372 1949 Sent
3412 1891 3528 1948 Noe
3572 1893 3764 1963 fuerit,

2186 1988 2358 2044 Cham
2385 2001 2517 2044 vero
2543 2002 2655 2042 non
2685 1985 2852 2042 fuerit
2881 1984 3016 2041 Noe.
3060 1984 3248 2056 Neque
3267 1984 3416 2040 enim
3450 1985 3649 2040 habuit
3688 1985 3769 2038 si-

2189 2079 2549 2135 militudinum
2591 2078 2762 2149 patris
2803 2078 2913 2134 sui.
2965 2076 3034 2133 Et
3071 2087 3133 2133 ut
3174 2093 3285 2139 non
3326 2091 3520 2133 omnes
3565 2076 3666 2147 qui
3694 2091 3763 2130 ex

2188 2170 2489 2237 Abraham,
2535 2168 2631 2224 lilii
2659 2168 2957 2236 Abraham,
2988 2168 3114 2225 licet
3150 2168 3264 2225 sint
3285 2167 3355 2223 de
3377 2167 3593 2223 semine
3617 2167 3764 2237 eius,

2191 2276 2299 2319 non
2329 2268 2459 2316 sunt
2489 2258 2586 2317 lilii
2607 2258 2802 2329 ipsius,
2832 2257 3093 2331 quoniam
3116 2264 3433 2329 peccatores
3459 2263 3591 2313 sunt
3635 2274 3650 2311 :
3684 2255 3770 2313 sic

2191 2352 2247 2408 bi
2274 2349 2369 2424 qui
2393 2351 2593 2409 habent
2620 2348 3035 2407 similitudinem
3066 2346 3333 2404 factorum
3368 2345 3638 2409 Danielis.
3663 2345 3767 2400 Da-

2192 2443 2300 2499 niel
2328 2450 2495 2511 sunt;
2533 2441 2624 2512 qui
2655 2440 2941 2497 imitantur
2968 2438 3282 2510 patientiam
3310 2435 3561 2503 Job,Job
3596 2437 3761 2492 ﬁunt.

2190 2531 2312 2591 Noli
2350 2548 2484 2604 ergo
2508 2532 2692 2589 dicere
2708 2571 2726 2599 ,
2771 2531 2963 2586 beatus
2984 2528 3102 2584 Noe
3122 2529 3381 2601 quoniam
3404 2528 3604 2600 dignus
3632 2526 3763 2583 ede-

2191 2634 2313 2681 ctus
2339 2632 2425 2682 est
2446 2631 2506 2679 ut
2544 2623 2598 2679 in
2631 2621 2839 2678 diluvio
2871 2620 3023 2677 solus
3048 2619 3337 2692 eligeretur
3361 2633 3396 2675 a
3427 2616 3688 2676 Domino.
3711 2626 3764 2671 et

2192 2715 2403 2772 caeteris
2433 2712 2790 2791 inundatione
2823 2711 3178 2783 pereuntibus
3213 2726 3336 2766 cum
3369 2708 3484 2769 suis
3511 2724 3766 2767 servare—

2193 2816 2281 2863 tur
2313 2806 2606 2862 incolumis
2653 2822 2668 2859 :
2707 2803 2803 2860 sed
2824 2802 3111 2859 considera
3140 2801 3294 2875 quia,
3324 2800 3372 2857 si
3397 2809 3452 2856 et
3477 2808 3534 2860 tu
3565 2798 3767 2855 feceris

2191 2915 2255 2955 ea
2287 2912 2409 2970 quae
2441 2897 2571 2955 fecit
2591 2895 2726 2967 Noe,
2748 2897 2859 2952 eris
2885 2893 3020 2952 Noe.
3048 2892 3188 2948 Audi
3212 2890 3548 2949 Salvatorem
3577 2891 3769 2947 dicen-

2194 3001 2302 3051 tem
2326 2991 2372 3023 ⁸⁸
2406 3009 2421 3045 :
2456 2987 2518 3046 Si
2548 2990 2732 3049 essetis
2755 2987 2860 3061 ﬁlii
2890 2986 3139 3053 Abrahae,
3174 3001 3329 3054 opera
3361 2983 3592 3047 Abrahc
3615 2985 3766 3055 face-

2194 3086 2342 3143 retis.
2379 3084 2549 3155 Igitur
2578 3083 2627 3139 si
2660 3083 2785 3153 quis
2819 3081 2964 3138 ﬁlius
2988 3089 3073 3136 est
3097 3077 3374 3142 Abrsbam
3394 3118 3414 3147 ,
3460 3077 3589 3137 facit
3608 3085 3766 3149 gesta

2143 3163 2160 3183 ¹
2191 3178 2501 3245 Abraham;
2555 3176 2601 3233 si
2634 3175 2759 3245 quis
2791 3173 2936 3231 ﬁlius
2966 3183 3050 3228 est
3094 3170 3228 3235 Noe,
3277 3171 3408 3226 facit
3443 3184 3582 3243 opus
3612 3167 3767 3233 Noe;

2193 3269 2238 3326 si
2262 3269 2389 3339 quis
2416 3266 2560 3322 (ilius
2579 3274 2665 3321 est
2686 3264 2949 3326 Danielis,
2986 3262 3116 3317 facit
3145 3261 3199 3317 id
3224 3261 3369 3331 quod
3396 3260 3526 3319 fecit
3553 3259 3767 3314 Daniel.

2195 3361 2252 3415 Si
2283 3360 2412 3430 quis
2438 3357 2689 3428 sequitur
2721 3372 2818 3428 per
2845 3354 2990 3425 quod
3022 3353 3296 3425 gloriosus
3324 3351 3548 3408 effectus
3570 3359 3684 3417 est,
3713 3359 3770 3405 ut

2185 3456 2327 3526 puta
2353 3449 2533 3507 omnis
2572 3448 2667 3519 qui
2699 3445 3062 3505 substantiam
3099 3458 3255 3498 suam
3288 3441 3485 3512 perdit,
3518 3450 3573 3497 et
3598 3441 3769 3497 susti-

2193 3558 2331 3599 nens
2352 3540 2617 3612 patienter
2636 3549 2744 3597 tam
2768 3538 3008 3610 iactm'as
3026 3550 3209 3595 rerum
3231 3532 3580 3589 [amiliarium
3599 3547 3767 3601 quam

2194 3644 2398 3689 mortes
2438 3632 2675 3688 filiorum
2707 3629 2844 3685 dicit
2878 3629 2924 3661 ”
2953 3645 2974 3683 ι
3007 3626 3266 3684 Dominus
3287 3613 3467 3687 dedit,
3508 3622 3770 3679 Dominus

2194 3723 2410 3779 abstulit
2433 3738 2454 3788 ;
2475 3731 2532 3776 ut
2553 3721 2778 3779 Domino
2800 3721 2970 3775 visunt
2996 3726 3094 3785 est,
3120 3718 3202 3771 ita
3226 3716 3427 3785 factum
3447 3724 3523 3769 est
3539 3729 3558 3766 :
3583 3713 3654 3767 sit
3677 3730 3771 3768 uo-

2195 3832 2312 3872 meu
2365 3814 2577 3871 Domini
2615 3812 2940 3867 benedictum
2976 3809 3029 3865 iu
3060 3807 3294 3876 swrula;
3325 3806 3419 3879 qui
3457 3806 3772 3861 incenditur

2195 3906 2439 3976 corporis
2482 3904 2665 3970 malis,
2711 3911 2765 3959 et
2804 3900 3110 3971 ﬂagellatur
3153 3899 3307 3957 vario
3334 3897 3607 3955 malorum
3640 3912 3769 3955 stto-

2195 4010 2316 4048 rum
2344 3994 2535 4051 dolore
2554 4033 2570 4061 ,
2601 4000 2657 4048 et
2687 3990 3046 4049 nihilominus
3080 3988 3135 4046 in
3172 3987 3308 4060 ipsis
3337 3983 3620 4055 suppliciis
3652 3984 3771 4053 glu-

2195 4084 2372 4141 rificat
2420 4082 2733 4148 Dominum,
2777 4082 2873 4152 qui
2912 4087 3091 4151 potest
3129 4077 3457 4148 respondere
3481 4074 3689 4138 divina,
3719 4082 3773 4127 et

2195 4177 2340 4232 inter
2359 4177 2639 4232 cruciatus
2662 4172 3031 4245 propheticam
3055 4184 3239 4225 vocem
3265 4168 3534 4227 emittere,
3554 4164 3771 4234 qualem

2194 4266 2378 4322 emisit
2400 4263 2526 4331 Joh,
2565 4262 2810 4319 imitator
2829 4271 2914 4319 est
2938 4258 3064 4317 Job.
3092 4258 3270 4328 Atque
3296 4257 3367 4311 ita
3393 4256 3447 4308 in
3478 4255 3624 4310 hunc
3654 4269 3772 4308 mo-

2195 4361 2322 4419 dum
2348 4366 2399 4415 et
2439 4355 2576 4421 Noe,
2609 4363 2665 4411 et
2693 4351 2906 4421 Daniel,
2955 4361 3011 4409 et
3053 4347 3157 4407 Job
3204 4348 3259 4402 in
3306 4345 3494 4402 eodem
3543 4352 3773 4421 possunt

512 4467 579 4522 in
628 4444 929 4539 Scripturis
975 4468 1144 4524 Israel
1198 4444 1397 4525 nomen
1446 4444 1555 4525 tam
1612 4469 1667 4525 in
1722 4483 1831 4524 uno
1882 4467 2101 4525 homine
2130 4462 2175 4516 ι)
2204 4461 2448 4523 tempore
2478 4444 2725 4519 reperiri.

523 4573 688 4627 quam
716 4559 770 4613 in
799 4559 1059 4615 universo
1086 4560 1291 4628 populo
1316 4559 1449 4615 dici.
1483 4558 1576 4614 Sic
1604 4573 1713 4615 non
1735 4558 1912 4615 solum
1935 4556 2100 4613 Israel

524 4649 712 4714 Israel,
743 4667 932 4708 verum
966 4661 1027 4707 et
1056 4650 1249 4706 Ruben
1278 4657 1500 4720 generat
1536 4648 1752 4710 Ruben,
1795 4657 1851 4702 et
1880 4647 2099 4704 Simeon

524 4751 747 4811 generat
764 4742 1178 4809 Simeonennet
1201 4740 1328 4797 Levi
1362 4738 1514 4805 Levi,
1530 4751 1584 4795 et
1615 4739 1784 4793 ludas
1811 4738 2029 4804 ludam,
2052 4748 2104 4795 rt

528 4833 724 4901 reliqui
748 4848 939 4890 omnes
960 4835 1053 4905 qui
1082 4836 1138 4890 in
1157 4834 1299 4891 tribu
1319 4831 1463 4890 Iuda
1494 4842 1623 4888 sunt
1654 4831 1724 4886 ab
1747 4831 1893 4888 illius
1934 4832 2105 4901 stirpe

528 4921 842 4977 veniemch
850 4925 983 4980 udas
1000 4934 1385 4996 nuncupantur
1403 4943 1418 4979 :
1434 4932 1491 4981 et
1507 4923 1779 4993 replicata:
1800 4931 1928 4979 sunt
1953 4921 2103 4981 Scri-

527 5021 703 5083 ptura:
723 5011 777 5065 in
794 5013 939 5069 tribu
952 5014 1091 5069 Juda
1110 5016 1423 5072 nominibus
1453 5013 1612 5071 Juda.
1632 5013 1707 5069 Ea
1724 5030 1845 5081 qum
1866 5014 1919 5069 in
1940 5014 2108 5071 bene-

528 5100 864 5156 dictionibus
884 5099 1052 5158 Jacob
1068 5119 1160 5173 per
1176 5103 1394 5176 Moysen
1410 5104 1476 5159 de
1498 5103 1712 5170 Ruben.
1728 5112 1783 5158 et
1800 5103 2042 5170 Simeon,
2055 5111 2110 5162 et

531 5191 681 5257 Levi,
707 5203 760 5247 et
784 5191 925 5249 Juda
949 5194 1224 5262 dicuntur,
1236 5205 1290 5251 et
1308 5196 1522 5252 caneris
1549 5212 1657 5250 non
1681 5195 1761 5252 sic
1786 5196 2115 5253 conveniunt

529 5286 880 5355 patriarchis,
927 5298 987 5343 ut
1031 5286 1234 5356 bisqui
1277 5288 1599 5357 cognomine
1651 5302 1844 5347 eorum
1891 5299 2110 5358 propter

534 5375 756 5434 familia;
779 5377 1016 5433 radicem
1056 5378 1401 5435 exstiterunt.
1443 5378 1723 5448 Beniamin
1760 5378 1915 5448 lupus
1941 5394 2110 5448 rapax

534 5471 604 5522 ad
631 5473 949 5527 matutinum
973 5472 1220 5539 comedit,
1240 5481 1297 5527 et
1317 5472 1385 5525 ad
1405 5488 1665 5541 vesperam
1683 5471 1831 5528 dabit
1850 5488 2020 5527 escam
2038 5471 2107 5527 ⁸⁷.

539 5559 822 5634 Beniamin
849 5565 939 5620 ille
958 5580 1239 5639 nunquam
1273 5563 1376 5619 fuit
1408 5565 1569 5636 lupus
1598 5581 1790 5638 rapax,
1823 5564 2107 5638 Beniamin

2278 4562 2333 4617 5.
2360 4559 2498 4627 Quia
2524 4567 2706 4614 autem
2737 4570 2883 4611 nunc
2904 4551 3158 4611 Ezechiel
3196 4565 3306 4607 non
3350 4547 3419 4602 de
3450 4546 3540 4605 bis
3576 4542 3772 4601 dixerit

2204 4665 2344 4721 quos
2386 4649 2442 4704 in
2492 4645 2793 4718 Scripturis
2838 4643 3186 4705 lectitamus,
3229 4635 3477 4693 videlicet
3505 4647 3646 4702 quos
3679 4636 3772 4686 aut

2205 4739 2511 4805 translatio,
2533 4746 2629 4795 aut
2662 4751 2811 4794 mors
2834 4734 2904 4791 de
2927 4730 3175 4803 prmsenti
3204 4728 3370 4800 372
3401 4724 3508 4781 vita
3538 4722 3776 4779 substra-

2208 4830 2371 4897 xerit,
2421 4829 2489 4885 de
2521 4827 2629 4884 alio
2661 4840 2884 4897 quoque
2923 4824 3045 4881 loco
3071 4821 3385 4891 _approbare
3431 4812 3769 4869 conabimur.

2210 4920 2398 4981 Daniel
2427 4918 2523 4990 qui
2565 4916 2798 4972 traditus
2829 4921 2915 4973 est
2962 4912 3342 4969 cunuchorum
3389 4903 3619 4977 principi
3651 4915 3771 4956 cum

2209 5013 2442 5077 Anania,
2474 5008 2694 5069 Azaria,
2738 5004 2979 5071 Iliensis.
3007 5003 3295 5061 eunuchus
3327 4998 3450 5069 fuit,
3487 5007 3542 5055 et
3582 5005 3665 5053 est
3720 4996 3772 5061 in

2210 5102 2461 5175 praesenti
2495 5101 2702 5157 dictum
2735 5117 2750 5153 :
2784 5095 2921 5165 Noe,
2971 5103 3024 5151 et
3078 5092 3289 5157 Daniel,
3333 5099 3388 5147 et
3423 5089 3529 5145 Job
3553 5087 3696 5145 liiios
3725 5093 3775 5139 et

2212 5195 2351 5252 tilias
2385 5209 2491 5248 non
2524 5190 2857 5252 liberabant,
2887 5196 2942 5246 et
2973 5185 3201 5256 reliqua.
3234 5181 3531 5252 Fingamus
3556 5177 3773 5247 quippe,

2214 5287 2355 5341 lilios
2384 5282 2636 5343 habuerit
2656 5278 2789 5347 Noe,
2822 5277 3102 5349 quomodo
3132 5273 3225 5331 lilii
3250 5270 3486 5326 Daniclis
3514 5266 3778 5323 docebun—

2212 5388 2323 5444 tur,
2363 5390 2525 5445 quem
2555 5371 2868 5431 eunuchum
2898 5368 3072 5426 fuisse
3092 5363 3263 5421 Judaei
3297 5359 3554 5418 tradunt?
3580 5357 3776 5414 Verum

2212 5468 2342 5539 quia
2384 5465 2574 5522 fertilis
2608 5471 2664 5518 et
2692 5471 2884 5519 sancta
2910 5459 3015 5514 fuit
3040 5457 3224 5513 anima
3260 5454 3430 5519 illius,
3462 5460 3517 5506 et
3545 5447 3767 5520 prephe-

2215 5560 2336 5619 ticis
2363 5556 2671 5626 divinisque
2692 5552 3041 5611 sermonibus
3070 5550 3273 5607 multos
3301 5544 3503 5600 liberos
3528 5548 3775 5613 procra-

620 5734 667 5767 "
707 5738 872 5793 Eccli.
909 5755 948 5797 ι.
975 5739 1030 5792 2.
1109 5741 1151 5772 ⁸⁷
1186 5739 1319 5794 Gen.
1353 5755 1478 5794 xm
1504 5781 1519 5807 ,
1551 5722 1659 5793 27.
1718 5740 1784 5773 ³⁷⁸
1812 5740 1969 5797 Deut.
2006 5755 2095 5793 xx!

2193 5735 2280 5803 ,6.
2357 5735 2402 5768 ³⁸
2439 5732 2593 5790 Joan.
2637 5750 2752 5802 vm,
2778 5734 2864 5791 '59.
2943 5732 2987 5765 "
3022 5728 3126 5784 Job
3178 5744 3217 5793 ι,
3248 5726 3337 5783 21.
