4070 6296
351 261 456 319 70!

1774 270 2058 325 IIOMILIA
2092 271 2180 326 IV.

3508 279 3610 333 70:!

351 383 458 440 vit,
500 376 705 432 idcirco
743 376 989 432 dicitur:
1025 375 1084 432 Si
1124 378 1322 449 fuerint
1361 382 1418 436 in
1455 392 1684 452 tempore
1718 384 1810 450 illo
1849 386 1926 440 vel
1957 393 2000 448 Α
2029 403 2162 442 cans
2190 388 2396 454 oninia,
2435 396 2489 442 et
2529 405 2560 442 a
2596 387 2744 444 nullo
2767 389 3120 458 dijudicatus,
3162 391 3500 460 cotidilenter
3525 399 3608 446 di-

356 470 461 522 isto
480 477 533 520 et
563 467 702 530 Noe,
734 477 784 521 et
824 466 1036 533 Daniel,
1068 479 1118 524 et
1143 467 1269 538 Job,
1300 481 1348 524 et
1382 472 1484 540 ipsi
1513 474 1616 528 soli
1639 473 1928 528 salvabun—

358 567 466 614 tur.
500 556 568 611 Et
593 572 694 612 nos
726 571 858 628 ergo
890 573 1183 628 possumus
1222 562 1338 616 ﬁeri
1375 561 1562 617 Daniel
1604 583 1619 618 :
1655 575 1708 619 et
1738 576 1797 620 ut
1824 582 1932 620 non

357 661 672 700 eiiinnerem
717 661 909 701 omnes
949 659 1187 712 sanctos,
1227 665 1447 718 possum
1481 667 1604 706 esse
1643 652 1842 709 Paulus
1885 655 1930 708 sl

359 735 516 792 fuero
565 737 809 791 imitator
865 739 984 808 ejus
1033 738 1262 793 dicentis
1304 740 1351 770 ⁶⁰
1401 758 1414 795 :
1472 740 1776 796 Imitatores
1831 745 1933 796 mei

359 838 542 882 (stole.
576 826 634 881 Si
671 829 971 883 caulerium
1021 845 1131 899 quo
1175 831 1424 899 signatus
1471 842 1558 886 est
1589 831 1791 888 Paulus
1835 833 1932 887 ha~

363 921 553 984 buero,
598 918 644 973 si
676 920 920 973 eamdem
955 921 1183 999 ﬁguram
1223 936 1327 990 qua
1361 920 1450 976 ille
1479 924 1740 993 ﬁguratus
1763 933 1847 978 est
1876 925 1928 978 in

359 1009 580 1063 Christo
622 1012 936 1079 possedere,
995 1027 1093 1080 per
1123 1029 1283 1081 quam
1328 1023 1384 1067 ut
1427 1014 1603 1068 bonus
1632 1016 1931 1084 pater-aie-

361 1101 454 1153 bat
483 1101 524 1131 ⁶¹
558 1119 570 1154 :
609 1099 798 1154 Filioli
829 1103 948 1167 mei,
967 1119 1094 1172 quos
1119 1105 1306 1156 iterum
1329 1105 1572 1172 ραι-ιω·ἰο
1598 1104 1933 1172 donecC/rri-

359 1205 474 1244 stus
523 1191 779 1259 formetur
819 1193 872 1245 in
908 1193 1068 1246 vobis.
1121 1193 1176 1248 Si
1217 1210 1344 1249 vero
1385 1210 1452 1249 ex
1489 1195 1934 1250 dissimilitudine

361 1284 624 1352 signaculi
677 1299 964 1355 coarguor,
1023 1288 1150 1356 quia
1201 1288 1364 1342 aliam
1416 1289 1647 1342 formam
1684 1290 1932 1343 habuerit

359 1369 562 1426 Paulus
592 1389 754 1441 quam
791 1390 891 1445 ego
931 1376 984 1429 in
1016 1375 1198 1430 anima
1228 1376 1479 1443 habeam,
1516 1393 1600 1432 me
1626 1378 1803 1449 ipsum
1832 1381 1932 1433 de-

359 1461 504 1530 cipio
558 1463 744 1519 dicens
786 1483 804 1518 :
855 1463 1024 1522 Filius
1071 1483 1225 1522 meus
1272 1483 1332 1523 es
1377 1477 1454 1534 tu,
1514 1483 1697 1522 semen
1752 1468 1928 1525 Pauli.

359 1550 479 1606 Noli
512 1553 700 1608 mirari
724 1555 870 1625 quod
901 1557 1046 1613 ﬁlius
1076 1559 1319 1630 Apostoli
1355 1559 1473 1614 ﬁas.
1523 1558 1728 1615 Habeto
1760 1565 1927 1616 virtu-

361 1655 461 1708 trs,
487 1655 542 1699 et
568 1647 679 1702 eris
715 1648 860 1703 ﬁlius
891 1649 1120 1704 Christi.
1171 1649 1379 1714 Filioli,
1421 1652 1599 1721 inquit
1639 1656 1703 1715 δ’,
1754 1655 1929 1708 adhuc

2035 479 2110 533 cit
2153 480 2354 534 multas
2386 495 2510 535 esse
2543 480 2784 543 bestias,
2815 495 2954 550 quas
2980 482 3178 537 emittit
3219 483 3362 540 Deus
3398 485 3607 552 in-pec-

2033 570 2290 626 ratricem
2316 578 2540 635 terram,
2569 571 2615 625 si
2649 580 2828 624 tamen
2863 580 3006 625 terra
3033 583 3216 627 nostra
3249 574 3552 642 peccaverit
3587 593 3605 628 :

2030 659 2379 714 Adversarius
2419 672 2604 715 noster
2631 660 2874 714 diabolus
2906 673 2961 715 ut
3003 663 3084 716 leo
3115 665 3324 732 rugiens
3366 663 3605 718 ambulat

2031 768 2264 822 quan-em
2288 768 2439 821 quem
2475 752 2684 805 devoret
2730 753 2796 806 ⁸⁷.
2843 750 2937 806 llla
2977 768 3194 823 quoque
3228 755 3454 808 historia
3482 771 3607 823 quae

2035 843 2347 911 Scripturas
2389 843 2679 910 diligenter
2735 843 3153 898 observantibus
3184 845 3236 896 in
3273 847 3493 914 planum
3544 862 3608 899 se

2033 935 2234 1003 praebet
2275 934 2631 1000 intellectum,
2686 934 2996 990 istiusmodi
3047 935 3206 990 habet
3253 937 3605 1005 signiﬁcatio-

2033 1040 2178 1090 nem,
2203 1025 2421 1094 quando
2450 1024 2561 1078 duo
2597 1025 2708 1079 ursi
2739 1025 2806 1078 ad
2837 1026 3092 1094 parvulos
3123 1027 3278 1079 missi
3309 1035 3460 1090 sunt,
3493 1031 3596 1094 qui

2032 1116 2392 1170 contumelias
2415 1115 2689 1171 faciebant
2707 1116 2981 1185 propheta:
2992 1117 3232 1171 dicentes
3249 1117 3292 1147 ⁸⁸
3314 1135 3325 1169 ;
3348 1117 3606 1180 Ascende,

2033 1207 2194 1270 calve,
2250 1207 2492 1272 ascende,
2547 1207 2710 1260 calve.
2764 1205 2889 1261 Ursi
2945 1222 3179 1275 namque
3222 1207 3299 1260 illi
3341 1207 3393 1260 in
3443 1207 3608 1275 signo

2030 1307 2186 1352 erant
2215 1298 2445 1352 aliarum
2463 1282 2800 1362 “bestiarum,
2825 1313 2947 1367 quae
2973 1313 3099 1353 vere
3131 1296 3288 1359 ferai,
3319 1312 3446 1351 vere
3475 1307 3604 1352 sunt

2034 1388 2255 1454 rabidae,
2301 1404 2425 1458 quae
2471 1391 2764 1444 mittuntur
2815 1389 2870 1444 in
2911 1390 3052 1444 hanc
3099 1391 3455 1458 peccatricem
3495 1397 3604 1444 ter-

2031 1496 2172 1535 ram.
2201 1479 2398 1534 Procul
2438 1488 2621 1534 autem
2658 1479 2804 1533 absit
2837 1495 2868 1532 a
2901 1480 3059 1535 nobis
3099 1489 3159 1534 ut
3185 1481 3370 1535 bestiae
3395 1480 3467 1536 ad
3501 1495 3605 1534 nos

2033 1554 2259 1641 pro'Dei
2295 1572 2498 1626 ultione
2526 1571 2815 1626 mittantur
2839 1609 2854 1633 ,
2891 1573 3023 1640 quin
3055 1573 3238 1641 potius
3272 1573 3326 1626 in
3355 1574 3604 1628 oratione

2033 1661 2282 1716 dicamus
2303 1665 2348 1694 δ’
2381 1681 2396 1717 :
2430 1662 2513 1716 Ne
2546 1661 2836 1715 tradideris
2867 1663 3050 1716 bestiis
3075 1665 3308 1716 optimam
3343 1664 3602 1732 conﬁten-

357 1736 614 1806 pusillum
647 1739 913 1794 vobiscum
940 1758 1075 1794 sum.
1117 1741 1252 1796 Cum
1283 1752 1463 1798 autem
1498 1743 1667 1800 fueris
1703 1745 1926 1813 Christi,
1962 1729 2001 1781 Β
2035 1764 2133 1807 tem
2155 1754 2253 1807 tibi
2274 1753 2424 1823 !Ego
2451 1754 2577 1808 novi
2605 1763 3012 1822 perseverantes
3045 1754 3100 1809 in
3134 1754 3239 1807 ﬁde
3267 1729 3604 1822 justos’feris

357 1829 470 1884 eris
496 1839 551 1884 et
575 1831 963 1900 omnipotentis
989 1831 1187 1900 Patris,
1227 1834 1358 1904 quia
1382 1850 1548 1889 unum
1585 1845 1712 1890 sunt
1740 1838 1931 1890 unita:-

358 1937 466 1985 que
496 1931 722 1976 naturae.
751 1923 832 1978 Ad
869 1923 971 1978 hoc
1007 1924 1441 1994 laboratjustus,
1465 1926 1519 1980 in
1547 1927 1650 1982 hoc
1687 1929 1927 1990 studium

359 2027 520 2064 sunni
552 2028 712 2068 oinue
735 2014 1022 2079 convertit,
1042 2025 1103 2070 ut
1134 2015 1391 2080 Danielis,
1415 2027 1469 2073 et
1482 2017 1606 2084 Job,
1643 2032 1697 2074 et
1712 2020 1849 2085 Noe,
1877 2034 1931 2078 et

358 2102 594 2157 Abt-aha:
621 2103 767 2161 ﬁlius
793 2106 1110 2162 ostendatur
1133 2108 1201 2163 ad
1225 2109 1569 2178 adoptionem
1600 2111 1718 2176 Dei,
1736 2123 1794 2168 et
1813 2115 1930 2183 jam

360 2210 470 2249 non
519 2206 742 2252 vocetur
785 2198 1067 2252 hominum
1106 2200 1455 2270 nominibus,
1510 2204 1604 2258 sed
1653 2207 1930 2263 vocabulis

360 2287 598 2342 ﬁliorum
634 2289 747 2344 Dei.
805 2288 860 2342 Si
888 2304 1020 2361 ergo
1059 2291 1262 2346 fuerint
1293 2304 1404 2348 tres
1428 2294 1532 2348 viri
1559 2295 1670 2364 isti,
1701 2313 1810 2353 non
1841 2301 1930 2353 in-

357 2382 508 2447 diget
548 2378 786 2448 Spiritus
813 2391 1038 2437 sanctus
1061 2423 1074 2446 ,
1113 2393 1170 2438 ut
1199 2386 1362 2440 etiam
1391 2401 1538 2442 nunc
1560 2385 1694 2454 Noe,
1745 2399 1799 2445 et
1827 2391 1932 2446 Da-

361 2469 580 2532 nielem,
618 2479 672 2524 et
697 2469 799 2525 Job
824 2474 1090 2528 ostendat.

429 2560 486 2613 6.
525 2559 650 2615 Tres
680 2564 782 2617 viri
806 2565 894 2617 isti
919 2567 975 2618 in
1004 2568 1174 2619 medio
1197 2569 1331 2636 ejus.
1358 2569 1496 2625 Dicit
1529 2573 1660 2627 mihi
1684 2575 1930 2632 eruditus

361 2653 581 2706 auditor
614 2672 627 2707 :
659 2665 768 2710 tres
802 2657 856 2709 in
894 2658 1146 2726 praesenti
1172 2661 1547 2731 nominantur,
1579 2680 1760 2721 sermo
1803 2685 1931 2723 vero

362 2752 491 2799 tuus
513 2746 777 2814 plurimos
795 2749 1044 2816 atlirmat,
1071 2759 1127 2805 et
1145 2751 1354 2817 Daniel,
1375 2766 1430 2810 et
1453 2754 1578 2823 Job,
1595 2766 1652 2812 et
1669 2756 1801 2812 Noe.
1827 2760 1927 2815 Cui

361 2836 442 2888 sic
471 2841 939 2906 reSpondebimus.
969 2843 1158 2900 Omnis
1179 2845 1476 2902 similitudo
1497 2849 1930 2908 similium-ms

357 2935 464 2991 est,
494 2937 549 2981 et
578 2945 684 2982 non
718 2932 900 2998 plures
927 2936 1016 3003 qui
1049 2935 1253 2992 similes
1285 2947 1434 2994 sunt.
1464 2937 1580 2994 Non
1617 2941 1768 3009 plura
1802 2958 1928 2996 cor-

2033 1845 2282 1910 traditos,
2329 1855 2384 1902 et
2430 1845 2694 1900 laceratos
2729 1844 2798 1898 ab
2823 1844 2906 1898 eis
2945 1858 3361 1899 consummasse
3399 1854 3604 1914 marty-

2033 1937 2198 1999 rium,
2249 1951 2349 1990 nec
2403 1945 2584 1990 tamen
2625 1935 2815 1990 beatos
2857 1949 2980 1989 esse
3017 1934 3266 1990 desiisse.
3302 1935 3423 1989 Non
3452 1935 3604 1991 eiiim

2030 2025 2480 2080 beStiis'fueraut
2511 2026 2692 2080 traditi
2726 2025 3069 2093 spiritalibus
3111 2036 3166 2082 et
3213 2025 3605 2089 iuvisibilihus,

2031 2132 2152 2186 qua:
2183 2117 2425 2171 lacerant
2464 2116 2677 2172 animas
2705 2125 3054 2185 peccatorum
3082 2125 3138 2169 et
3175 2115 3364 2171 dentes
3387 2130 3520 2171 suos
3547 2116 3600 2169 in

2034 2213 2327 2281 impiorum
2371 2211 2541 2266 corda
2581 2211 2843 2280 deﬁgunt.
2881 2209 3336 2274 Quemadmodum
3371 2209 3518 2264 enim
3552 2210 3612 2263 si‘

2030 2313 2214 2374 pastor
2245 2319 2314 2358 ea:
2345 2320 2434 2357 ore
2455 2303 2659 2358 leonum
2704 2303 2892 2356 evellet
2928 2302 3033 2356 duo
3063 2317 3219 2356 crura
3247 2303 3380 2362 ovis,
3409 2300 3486 2354 vel
3507 2316 3603 2356 es:-

2033 2407 2255 2450 tretuum
2286 2395 2567 2461 auricula,
2613 2397 2695 2450 ita
2724 2393 3010 2449 erelleutur
3029 2392 3136 2464 filii
3161 2391 3339 2447 Israel
3369 2393 3435 2444 ⁷ο.
3473 2391 3604 2445 Tra-

2031 2488 2180 2542 ditur
2200 2503 2329 2558 ergo
2349 2487 2642 2556 aliquando
2665 2493 2813 2540 terra
2841 2485 3031 2540 bestiis
3059 2485 3124 2540 ad
3152 2485 3520 2550 eversionem,
3544 2493 3602 2538 ut

2031 2578 2312 2634 auferatur
2346 2578 2416 2632 ab
2439 2594 2500 2632 ea
2526 2579 2690 2633 homo
2715 2585 2770 2632 et
2796 2591 2982 2646 pecus.

2099 2671 2153 2724 8.
2191 2670 2256 2726 Et
2275 2672 2503 2725 observa
2531 2671 2821 2741 diligenter
2855 2669 3192 2724 differentias
3214 2667 3601 2724 comminatio-

2031 2775 2182 2816 num.
2232 2762 2288 2816 In
2322 2763 2497 2832 prima
2540 2762 2968 2816 comminatione
3009 2759 3170 2815 lamis
3201 2760 3277 2814 ait
3303 2779 3320 2814 :
3354 2759 3466 2829 Ipsi
3499 2758 3600 2813 soli

2029 2853 2379 2909 salvabuntur
2428 2853 2565 2917 Noe,
2603 2851 2793 2906 Daniel
2837 2863 2887 2906 ct
2927 2850 3054 2906 Job.
3093 2851 3152 2905 In
3201 2851 3439 2906 secunda
3472 2864 3602 2904 vero
3684 2925 3693 2932 _

2032 2939 2148 3001 ubi’
2177 2947 2379 3001 bestias
2427 2945 2810 3000 immissurum
2849 2959 2908 2998 se
2951 2957 3072 2998 esse
3115 2950 3362 3004 testatur,
3410 2942 3504 2996 lilii
3546 2952 3602 2996 et

356 3032 517 3085 Ρονειο
558 3019 656 3074 Sed
709 3038 876 3076 unum
914 3038 1114 3093 corpus
1151 3042 1343 3083 olnnes
1400 3045 1610 3095 sumus,
1655 3031 1820 3099 juxta
1872 3033 1924 3086 id
1957 3055 1998 3109 ο
2035 3039 2157 3092 ﬁliae
2196 3045 2524 3106 nuncupata:
2559 3045 2708 3091 sunt.
2771 3033 3136 3088 Verumtamen
3173 3033 3277 3102 ipsi
3314 3033 3415 3086 soli
3463 3032 3602 3087 salvi

356 3109 500 3176 quod
533 3111 801 3180 scriptum
830 3123 912 3168 est
934 3115 978 3146 ⁸³
1009 3133 1022 3168 :
1077 3113 1171 3169 Vos
1195 3127 1367 3170 autem
1393 3120 1518 3172 estis
1556 3135 1742 3189 corpus
1768 3121 1922 3177 Chri-

359 3201 449 3264 sti,
494 3211 544 3254 et
584 3202 814 3257 membra
842 3221 906 3258 ea:
953 3217 1122 3275 parte.
1174 3207 1238 3261 Et
1291 3211 1538 3264 Salvator
1574 3221 1757 3266 noster
1785 3214 1932 3268 venit

358 3309 602 3359 quaerere
639 3305 691 3349 et
730 3297 941 3353 salvare
985 3301 1127 3368 quod
1166 3301 1423 3369 perierat,
1480 3302 1537 3356 in
1581 3315 1930 3360 sacramento

359 3387 655 3452 nonaginta
705 3402 896 3441 novena
952 3391 1133 3444 ovium
1181 3407 1285 3447 non
1323 3395 1623 3448 errantium
1663 3404 1720 3450 et
1769 3398 1934 3453 unius

361 3478 608 3547 pes-diue.
651 3477 798 3534 Venit
819 3481 1009 3550 quippe
1039 3481 1085 3534 F
1088 3483 1212 3537 ilius
1237 3484 1463 3538 heminis
1489 3503 1726 3556 querere
1739 3497 1789 3542 et
1815 3490 1930 3543 sal-

360 3584 483 3622 rare
507 3570 648 3629 quod
681 3573 908 3639 perierat
934 3571 999 3626 6".
1031 3572 1320 3638 Quomodo
1355 3577 1499 3630 enim
1531 3594 1698 3632 unum
1729 3595 1930 3650 corpus

359 3660 517 3730 plura
560 3671 687 3715 sunt
729 3679 992 3732 corpora,
1021 3674 1076 3718 et
1117 3681 1224 3720 una
1256 3669 1374 3722 ovis
1416 3667 1602 3736 plures
1645 3680 1774 3726 sunt
1801 3687 1934 3727 oves

362 3769 485 3818 quae
513 3754 817 3822 perierant.
871 3755 974 3810 hoc
1017 3768 1179 3823 pacto
1222 3771 1414 3812 omnes
1469 3757 1602 3826 Noe,
1638 3759 1833 3816 Daniel
1877 3771 1932 3817 et

361 3841 484 3908 Job,
511 3845 565 3898 in
603 3862 770 3899 unum
799 3845 935 3911 Noe,
965 3855 1020 3900 et
1046 3846 1170 3911 Job,
1199 3859 1256 3903 et
1284 3848 1562 3906 Danielem
1587 3852 1927 3922 rediguntur.

434 3934 488 3987 '7.
524 3933 639 4003 Ipsi
665 3936 724 3988 in
739 3937 963 4006 justitia
989 3955 1087 3993 sua
1122 3938 1502 4006 minabantur,
1545 3943 1675 3996 dicit
1724 3943 1930 3998 Adonei

369 4023 622 4080 Dominus
665 4028 730 4081 ⁸⁵.
779 4029 945 4084 Prius
987 4046 1184 4085 nomen
1220 4030 1312 4086 Dei
1354 4043 1591 4102 quatuor
1631 4037 1930 4093 litterarum

360 4127 480 4182 est,
537 4121 683 4188 quod
741 4121 1124 4190 interpretatur
1179 4126 1501 4180 natural-iter
1563 4126 1725 4183 Deus.
1791 4129 1934 4200 Ergo

359 4212 630 4266 emittitur
658 4225 880 4282 propter
920 4223 1136 4283 peccata
1169 4225 1330 4271 terrae
1358 4216 1530 4272 fames
1565 4237 1579 4273 :
1625 4229 1769 4274 terra
1803 4237 1932 4277 vero

359 4304 664 4358 secundum
709 4319 900 4359 euntes
951 4321 1150 4362 sensus
1193 4323 1337 4376 quos
1381 4323 1548 4377 supra
1593 4309 1837 4366 diximus
1873 4321 1928 4367 et

2032 3138 2204 3193 enim,
2233 3129 2362 3182 dicit
2391 3128 2600 3181 Adonei
2649 3127 2922 3180 Dominus.
2963 3124 3066 3191 Qui
3111 3126 3264 3181 locus
3310 3123 3604 3194 dupliciter

2034 3219 2368 3289 intelligitur.
2400 3218 2478 3272 Ac
2509 3218 2740 3286 primum
2768 3216 3068 3272 secundum
3093 3229 3439 3270 communem
3474 3229 3604 3270 aen-

2033 3326 2154 3366 sum
2185 3324 2544 3379 exponamus,
2572 3308 2644 3362 ob
2669 3306 3052 3361 nonnullorum
3089 3305 3477 3374 insipientiam,
3501 3301 3604 3373 qui

2033 3418 2254 3458 sensum
2282 3401 2450 3456 animi
2476 3402 2583 3466 sui,
2627 3399 2718 3454 Dei
2743 3414 2866 3454 esse
2901 3406 3154 3453 asserunt
3198 3397 3499 3461 veritatem,
3545 3405 3603 3449 et

2034 3490 2344 3560 frequenter
2374 3491 2594 3546 dicunt:
2615 3487 2858 3541 futurum
2887 3495 2970 3542 est
2998 3497 3058 3540 ut
3085 3486 3460 3554 unusquisque
3495 3498 3598 3538 no-

2032 3593 2206 3638 strum
2245 3583 2499 3653 precibus
2528 3582 2644 3638 suis
2667 3579 2864 3648 eripiat
2883 3592 3243 3650 quoscunque
3268 3577 3500 3632 voluerit
3531 3575 3605 3628 de

2032 3676 2306 3742 gehenna;
2337 3683 2392 3727 et
2428 3672 2768 3742 iniquitatem
2809 3669 3158 3726 introducunt
3189 3667 3255 3722 ad
3283 3665 3603 3728 Dominum,

2033 3779 2140 3817 non
2154 3762 2398 3818 videntes
2414 3762 2555 3831 quod
2583 3760 2792 3830 iustitia
2814 3757 2950 3829 justi
2965 3771 3129 3824 super
3139 3769 3264 3809 eum
3277 3753 3401 3814 erit,
3418 3761 3474 3806 et
3488 3751 3540 3804 in
3552 3749 3604 3800 ἰ-

2032 3854 2215 3924 quitas
2241 3853 2410 3922 iniqui
2442 3868 2602 3921 super
2627 3866 2781 3914 enm,
2813 3857 2867 3904 et
2888 3845 3267 3914 unusquisque
3296 3843 3349 3897 in
3377 3842 3606 3912 proprio

2034 3943 2610 4016 peccatomorietur,et
2623 3942 2674 3993 in
2687 3939 2906 4010 propria
2915 3935 3132 4007 justitia
3141 3936 3302 3989 vivet.
3311 3933 3450 3986 Nihil
3462 3933 3600 3986 mihi

2033 4037 2288 4093 conducit
2307 4045 2510 4104 martyr
2525 4042 2702 4101 pater,
2721 4032 2765 4084 si
2785 4044 2892 4082 non
2908 4030 3046 4081 bene
3066 4026 3252 4079 vixero
3267 4033 3322 4078 et
3336 4037 3608 4078 ornavero

2034 4127 2248 4197 generis
2285 4125 2391 4178 mei
2430 4123 2802 4184 nobilitatem,
2835 4119 2939 4172 hoc
2964 4124 3049 4171 est
3079 4116 3450 4171 testimonium
3480 4114 3606 4182 ejus

2033 4217 2194 4288 373
2212 4225 2268 4270 et
2288 4213 2687 4270 confessionem
2713 4225 2823 4278 qua
2849 4208 3150 4262 illustratus
3173 4215 3259 4260 est
3287 4206 3340 4259 in
3358 4205 3596 4262 Christo.

2034 4307 2179 4362 Nihil
2224 4305 2448 4376 prodest
2475 4303 2676 4360 Iudaeis
2701 4303 3008 4358 dicentibus
3026 4301 3070 4332 ⁷³
3096 4317 3112 4354 :
3141 4297 3252 4352 Nos
3277 4299 3342 4352 de
3366 4298 3603 4366 fornica-

363 4410 721 4464 quoscunque
745 4397 1114 4466 intelligentiae
1149 4399 1458 4454 auditorum
1497 4401 1836 4470 reliquimus,
1869 4413 1930 4458 ut
1963 4404 2003 4458 Ι)
2035 4403 2172 4455 tione
2209 4400 2322 4454 nati
2351 4414 2454 4452 non
2473 4413 2674 4461 iunius,
2707 4412 2870 4450 unum
2899 4404 3102 4465 patrem
3133 4392 3378 4444 habemus
3409 4388 3601 4442 Domi-

363 4502 429 4540 ex
463 4490 670 4542 nostris
709 4489 871 4543 dictis
909 4490 1009 4558 ipsi
1037 4492 1146 4546 sibi
1178 4493 1314 4548 alias
1355 4493 1737 4564 intelligendas
1772 4513 1926 4568 repe-

363 4580 554 4634 rirent.
593 4579 886 4636 Videamus
928 4592 1108 4638 autem
1155 4593 1210 4639 et
1253 4585 1398 4638 aliud
1443 4601 1580 4655 opus
1609 4588 1702 4642 ira:
1735 4589 1931 4644 divina

363 4671 665 4725 emittentis
701 4671 751 4724 in
786 4680 984 4727 terram
1021 4676 1375 4743 peccatricem
1408 4677 1612 4734 bestias
1643 4680 1927 4748 pessimus.

361 4762 532 4815 Aiunt
561 4765 723 4816 etiam
751 4761 920 4817 Judzei
941 4805 956 4829 ,
1013 4767 1058 4819 si
1097 4769 1318 4835 quaudo
1347 4769 1458 4838 lupi
1486 4770 1734 4826 homines
1760 4771 1929 4826 devo-

364 4854 608 4906 raret-int
659 4853 916 4923 impetum
967 4855 1228 4913 facientes
1271 4861 1324 4912 in
1370 4861 1584 4925 domos,
1619 4870 1675 4915 et
1717 4853 1932 4918 cetera:

361 4947 569 5014 bestiae,
596 4958 654 5002 ut
683 4950 908 5003 historia
943 4949 1109 5004 refert
1133 4952 1322 5006 leones
1348 4955 1620 5021 quondam
1657 4955 1709 5008 in
1730 4955 1926 5010 huma-

366 5057 497 5096 num
547 5058 719 5111 genus
767 5042 1066 5108 immissos,
1116 5053 1171 5097 et
1219 5044 1326 5098 alio
1382 5052 1623 5114 tempore
1670 5063 1832 5102 ursos
1861 5049 1926 5113 “,

364 5131 672 5187 istiusmodi
688 5132 1072 5186 devorationes
1098 5148 1164 5187 ex
1189 5131 1283 5187 Dei
1312 5134 1683 5205 indignatione
1704 5137 1931 5192 descen-

363 5221 518 5275 dere.
555 5221 622 5274 Et
663 5222 806 5276 hunc
857 5223 1072 5278 interim
1117 5239 1340 5278 sensum
1380 5234 1443 5278 ut
1473 5238 1768 5294 Sequamur
1797 5227 1936 5282 ﬁtte-

367 5323 485 5362 ram
521 5310 592 5362 ab
617 5311 797 5365 altiori
833 5311 1107 5366 intellectu
1131 5313 1465 5377 recedentes,
1492 5329 1640 5369 nunc
1661 5318 1815 5385 sequi
1841 5317 1932 5370 vi»

366 5404 562 5458 demus
602 5409 936 5475 prophetam.
987 5405 1092 5473 Qui
1136 5415 1315 5461 autem
1353 5407 1620 5477 spiritalis
1643 5418 1751 5474 est,
1787 5409 1934 5480 judi-

441 5566 486 5597 ⁶⁶
535 5564 707 5620 lCor.
761 5582 834 5628 Iv,
892 5565 992 5628 lii;
1050 5583 1126 5628 ιι,
1192 5568 1208 5618 l

2037 4509 2182 4555 nam,
2203 4501 2260 4546 et
2280 4500 2403 4559 post
2433 4490 2705 4544 modicum
2725 4489 2768 4519 ⁷²
2799 4505 2812 4540 :
2838 4485 3102 4540 Abraham
3129 4492 3276 4552 pater
3307 4491 3480 4536 noster
3499 4491 3603 4534 est.

2037 4586 2386 4652 Quaecunque
2417 4583 2672 4644 dixerint,
2699 4595 3034 4650 quaecunque
3061 4580 3164 4634 sibi
3199 4589 3480 4632 assumere
3502 4589 3602 4627 vo-

2033 4677 2253 4741 luerint,
2277 4675 2326 4728 si
2360 4689 2465 4727 non
2493 4673 2783 4728 habuerint
2817 4673 2974 4726 ﬁdem
3005 4671 3300 4735 Abraham,
3326 4669 3600 4722 incassum

2035 4768 2355 4836 gloriantur.
2385 4764 2572 4834 Neque
2603 4765 2747 4829 ellllll
2781 4764 2901 4818 ideo
2929 4761 3440 4830 salvabuntur,quia
3473 4767 3603 4812 sunt

2037 4859 2130 4912 ﬁlii
2185 4856 2483 4910 Abraham.
2530 4855 2798 4921 Quoniam
2850 4870 2979 4923 ergo
3032 4855 3253 4924 quidam
3306 4868 3410 4906 non
3457 4861 3602 4905 recte

2036 4951 2348 5020 opinantur,
2377 4948 2685 5002 necessario
2722 4947 3144 5016 interposuimus
3169 4947 3332 5000 etiam
3377 4959 3600 4998 sensum

2035 5043 2226 5096 litterae
2257 5039 2528 5094 dicentis:
2552 5037 2723 5092 Filios
2745 5047 2794 5091 et
2830 5039 2971 5107 ﬁlias
3002 5054 3104 5092 non
3134 5035 3429 5091 liberabant
3468 5035 3602 5098 Noe,

2041 5135 2228 5187 Daniel
2247 5173 2264 5198 ,
2307 5144 2353 5186 et
2383 5131 2486 5185 Job
2507 5172 2520 5194 ,
2547 5132 2635 5186 sed
2663 5132 2764 5200 ipsi
2798 5131 2898 5184 soli
2941 5131 3073 5184 salvi
3100 5139 3274 5184 erunt.
3305 5127 3474 5182 Nemo
3497 5144 3603 5180 no-

2039 5233 2211 5278 strum
2244 5223 2484 5276 conﬁdat
2525 5223 2579 5276 in
2619 5221 2768 5290 justo
2809 5230 2994 5288 patre,
3024 5221 3078 5273 in
3105 5229 3278 5274 matre
3300 5224 3523 5280 sancta,
3549 5216 3603 5269 in

2039 5317 2298 5371 fratribus
2329 5315 2521 5371 castis.
2568 5313 2768 5369 Beatus
2815 5313 2976 5366 homo
3013 5310 3105 5381 qui
3156 5325 3305 5379 spem
3343 5308 3504 5362 habet
3549 5307 3603 5360 in

2041 5408 2362 5480 senteti-pso,
2393 5415 2450 5462 et
2491 5406 2546 5460 i-n
2590 5405 2676 5459 via
2722 5414 2888 5459 recta.
2931 5402 3011 5456 Ad
3046 5416 3141 5456 eos
3187 5409 3368 5456 autem
3417 5400 3512 5469 qui
3548 5400 3603 5454 in

1314 5568 1355 5598 ⁶¹
1406 5565 1582 5620 Galat.
1641 5582 1726 5626 Iv,
1769 5566 1846 5620 I9.
1928 5575 1930 5592 '

2037 5581 2161 5620 oan.
2194 5583 2315 5630 xm,
2350 5565 2440 5621 55.
2519 5565 2566 5596 ⁸³
2597 5562 2617 5615 ι
2643 5561 2769 5617 Cor.
2801 5578 2898 5627 xu,
2949 5561 3040 5614 27.
3117 5559 3161 5590 ⁸⁵
3189 5557 3320 5630 Luc.
3343 5573 3475 5630 λιιι,
3516 5555 3602 5610 10.

372 5636 417 5668 ⁶⁸
452 5605 957 5711 uadi.“
978 5605 1152 5711 ’⁸⁸
1625 5605 1879 5691 afﬁci}.

2033 5605 2491 5711 ζτίἸῖϊίοὲῖιι,
2536 5634 2627 5689 25.
2703 5605 2912 5687 “Psal’.
2966 5645 3158 5696 tum,
3201 5629 3280 5685 l9.
3342 5627 3387 5661 "
3416 5605 3602 5683 Amos.

375 5721 458 5770 ιιι,
505 5708 585 5760 l2.
692 5707 734 5736 '”
766 5705 916 5760 Joan.
951 5723 1070 5772 νιιι,
1098 5709 1184 5762 tl.
1261 5707 1485 5772 "ibid,
1514 5705 1602 5760 ⁸59.
