4070 6296
479 323 587 379 Ἰθῦ

1657 318 1983 379 ORIGENIS
2023 317 2088 375 ΙΝ
2133 315 2568 375 εῑιεηιιιειειι

3636 317 3758 371 ’ἴθι

479 447 683 504 sanctis
715 446 968 503 ﬁduciam
998 446 1218 508 habent,
1253 460 1360 499 non
1393 444 1692 515 incongrue
1723 443 2053 515 proferimus
2083 445 2126 501 Α
2156 438 2236 493 Ad
2298 449 2604 494 extremum
2656 438 2812 494 facta:
2855 446 2983 494 sunt
3043 438 3091 493 ei
3147 452 3277 492 oves
3327 438 3757 507 quatuordeemi

479 539 785 607 exemplum
809 540 894 590 ηε
931 535 1244 589 Maledictus
1294 537 1448 589 homo
1487 536 1577 605 qui
1610 552 1752 605 spem
1799 536 1949 588 habet
2001 535 2058 588 in

479 627 703 682 nomine.
745 627 808 680 Et
844 627 976 680 illud
999 625 1045 657 ’δ
1072 640 1084 675 :
1116 624 1298 678 Nolite
1330 626 1594 694 conﬁdere
1633 627 1686 679 in
1736 626 2054 680 hominibus.

479 717 588 773 Sed
630 727 683 772 et
726 717 870 771 aliud
893 716 937 749 ”
969 734 982 769 :
1015 715 1223 769 Bonum
1273 726 1350 770 est
1398 716 1659 784 conﬁdere
1709 717 1765 770 in
1808 715 2056 782 Domino,

479 821 634 877 quam
675 805 940 874 conﬁdere
981 805 1036 859 in
1080 806 1429 874 principibus.
1457 805 1612 871 Quod
1646 807 1693 861 si
1725 821 1946 861 necesse
1978 815 2062 860 est

480 901 535 956 in
567 902 750 970 aliquo
784 915 1005 970 sperare
1027 943 1042 965 ,
1090 901 1346 954 omnibus
1375 901 1650 956 derelictis
1693 916 1974 969 speremus
2006 901 2058 954 in

480 992 744 1052 Domino,
796 989 1039 1045 dicentes
1059 991 1147 1044 ’σε
1191 989 1250 1044 Si
1296 992 1624 1044 constiterint
1668 992 1943 1044 adversum
1982 1008 2066 1044 me

478 1092 656 1136 castra
681 1123 696 1145 ,
736 1099 841 1136 non
870 1084 1078 1136 timebit
1107 1098 1198 1136 cor
1223 1100 1415 1136 meum.
1447 1082 1582 1136 Cum
1612 1083 1725 1136 haec
1769 1083 1844 1136 ita
1874 1097 1933 1136 se
1962 1081 2061 1134 lia—

481 1177 662 1240 beant,
699 1176 860 1230 etiam
897 1175 1002 1229 alia
1028 1176 1186 1230 nobis
1217 1176 1448 1244 quaestio
1481 1175 1752 1237 oboritur,
1783 1189 1946 1244 quam
1972 1173 2061 1227 di-

484 1266 713 1334 ligenter
733 1265 997 1320 debemus
1025 1273 1304 1329 excutere,
1339 1275 1396 1318 ut
1423 1263 1828 1333 Scripturarum
1859 1264 2064 1319 veritas

480 1357 773 1410 elucescat.
793 1355 974 1422 Quare
1000 1371 1127 1409 cum
1154 1356 1286 1409 tanti
1322 1356 1433 1408 sint
1457 1355 1610 1424 justi,
1645 1371 1792 1409 nunc
1824 1364 2062 1409 tantum-

481 1444 646 1500 modo
674 1455 785 1501 tres
821 1447 1176 1501 nominantur
1204 1443 1340 1505 Noe,
1369 1453 1424 1498 et
1449 1444 1666 1524 Daniel,
1693 1453 1748 1498 et
1774 1443 1878 1499 Job
1903 1445 1928 1497 ?
1947 1446 2061 1497 Au-

480 1537 590 1590 divi
623 1538 899 1606 quondam
929 1552 957 1591 a
991 1537 1226 1605 quodam
1276 1534 1502 1590 Hebraeo
1551 1536 1698 1590 hunc
1745 1537 1943 1592 locum
1969 1553 2068 1592 ex-

484 1637 721 1696 ponente
762 1637 926 1698 atque
954 1629 1196 1686 dicente.
1263 1629 1385 1682 ideo
1415 1629 1514 1682 bos
1546 1630 1886 1695 nominatos,
1933 1631 2062 1698 quia

483 1719 864 1788 unusquisque
908 1735 1100 1775 eorum
1137 1719 1236 1773 tria
1284 1728 1524 1788 tempora
1557 1719 1788 1785 viderit,
1840 1721 2058 1784 laatum,

487 1808 641 1862 triste
665 1850 680 1874 ,
714 1819 766 1862 et
794 1825 1011 1863 rursum
1047 1809 1248 1862 laetum.
1280 1809 1414 1863 Vide
1438 1807 1554 1864 Noe
1585 1819 1712 1864 ante
1748 1811 2012 1865 diluvium
2043 1853 2056 1877 ,
2095 1797 2135 1850 Β

486 1897 775 1951 consulem
804 1899 1065 1951 mundum
1097 1899 1397 1968 integrum;
1431 1907 1486 1952 et
1512 1898 1764 1954 eumdem
1799 1910 1918 1969 post
1954 1899 2068 1956 Noe

485 1986 542 2041 in
589 1989 755 2043 totius
806 1989 956 2042 orbis
999 1988 1283 2058 naufragio
1315 1989 1491 2043 solum
1528 2005 1654 2044 cum
1681 1990 1798 2046 suis
1845 1992 1969 2046 ﬁliis
2014 1999 2068 2046 et

486 2078 815 2133 animalibus
864 2079 916 2132 in
966 2093 1093 2133 arca
1133 2089 1440 2146 servatum,
1478 2081 1761 2136 considera
1791 2067 2067 2151 quomodo

487 2177 611 2236 post
651 2168 912 2222 diluvium
944 2183 1199 2237 egressus
1237 2170 1343 2234 sit,
1389 2178 1442 2223 et
1488 2170 1808 2238 plantaverit
1828 2169 2064 2236 vineam,

484 2259 892 2328 quodammodo
910 2259 1134 2315 secundi
1157 2275 1351 2315 rursus
1370 2259 1520 2316 orbis
1537 2269 1752 2316 creator
1773 2263 2066 2318 exsistens.

487 2349 637 2407 Talis
665 2359 748 2406 est
771 2352 982 2420 justus,
1011 2351 1146 2406 vidit
1178 2351 1440 2406 mundum
1468 2365 1594 2406 ante
1635 2352 1932 2418 diluvium,
1965 2353 2070 2408 hoc

487 2452 575 2498 est
604 2453 729 2497 ante
762 2444 1326 2509 consummationem;
1361 2444 1498 2498 vidit
1529 2446 1792 2500 mundum
1828 2447 1881 2499 in
1917 2446 2069 2500 dilu-

486 2535 598 2598 vio,
632 2535 684 2588 in
712 2536 1064 2605 corruptione
1099 2544 1152 2590 et
1185 2536 1239 2589 in
1268 2536 1490 2590 interitu
1519 2545 1866 2605 peccatorum
1896 2579 1911 2603 ,
1947 2552 2071 2607 quae

487 2626 544 2681 in
577 2627 822 2682 die-sunt
863 2638 1124 2685 eventura
1151 2629 1376 2699 judicii;
1427 2645 1647 2683 rursum
1678 2630 1880 2684 Vitil‘bil
1910 2647 2070 2684 mun—

487 2719 618 2772 dum
665 2718 720 2772 in
769 2721 1169 2776 resurrectione
1218 2719 1463 2774 omnium
1519 2731 1890 2788 peccatorum.
1930 2721 2072 2776 Dicit

489 2808 623 2861 mihi
661 2809 858 2878 aliquis
887 2828 902 2864 :
937 2811 1191 2865 Concedo
1234 2811 1302 2865 de
1337 2808 1447 2863 Noe
1480 2820 1538 2864 ut
1579 2813 1680 2865 tria
1714 2821 1956 2881 tempora
1991 2813 2074 2868 vi-

490 2899 665 2964 derit,
699 2903 830 2970 quid
882 2903 1235 2971 respondebis
1277 2903 1410 2957 mihi
1455 2903 1521 2957 de
1564 2903 1826 2959 Daniele?
1872 2904 1937 2958 Et
1985 2907 2073 2960 hic

493 3000 622 3044 ante
669 2993 1035 3060 captivitatem
1085 2996 1138 3046 in
1192 2994 1380 3062 patrize
1423 2994 1606 3049 ﬂoruit
1650 2997 1959 3063 nobilitate,
2016 3008 2070 3052 et

2162 529 2362 596 millia,
2396 529 2588 584 cameli
2630 545 2720 584 sex
2754 529 2956 592 millia,
2995 528 3123 599 juga
3156 528 3319 582 boum
3354 527 3534 592 mille,
3569 529 3762 582 asina:

2159 631 2444 690 pascentes
2490 621 2666 685 mille,
2714 630 2769 674 et
2814 628 3118 675 nascuntur
3143 620 3192 674 ei
3233 619 3326 672 lilii
3356 630 3561 688 septem
3593 626 3656 674 et
3688 619 3764 671 ﬁ-

2161 711 2246 766 liae
2267 711 2334 767 ⁸⁸.
2365 710 2542 781 Atque
2572 711 2645 764 ita
2672 719 2726 765 et
2757 711 2810 764 in
2837 709 2940 765 Job
2966 711 3068 764 tria
3101 719 3345 778 tempora
3379 709 3760 778 deprehendi-

2161 805 2323 868 mus',
2360 818 2481 872 quae
2505 801 2559 856 in
2591 802 2756 872 justis
2799 802 3112 856 hominibus
3139 801 3459 870 reperimus.
3498 798 3625 853 Tria
3667 799 3758 852 via

2160 892 2292 946 dent
2325 891 2458 960 justi
2505 902 2785 960 tempora,
2839 907 3109 960 praesens,
3162 900 3216 946 et
3261 891 3756 957 commutationis,

2161 986 2380 1053 quando
2419 985 2767 1054 iudicaturus
2805 993 2884 1039 est
2915 984 3086 1050 Deus,
3119 993 3171 1040 et
3198 984 3443 1038 futurum
3495 995 3622 1055 post
3661 1001 3760 1038 re-

2162 1073 2557 1128 surrectioncm
2593 1083 2960 1138 mortuorum,
2986 1074 3037 1128 id
3069 1085 3153 1129 est
3178 1076 3301 1130 vitae
3343 1075 3585 1129 celestis
3615 1091 3754 1145 per—

2165 1164 2481 1233 petuitatem
2518 1165 2572 1218 in
2597 1163 2820 1218 Christo
2848 1163 2974 1218 Jcsu
3004 1183 3017 1219 :
3051 1167 3138 1219 cui
3164 1175 3248 1220 est
3281 1166 3452 1235 gloria
3479 1166 3534 1220 et
3566 1169 3756 1236 impe-

2164 1257 2304 1310 rium
2338 1257 2392 1311 in
2425 1257 2622 1312 saecula
2650 1256 2996 1311 saeculorum.
3024 1257 3223 1312 Amen.

2757 1367 3042 1423 llOMlLlA
3083 1368 3148 1423 ν.

2167 1479 2242 1533 De
2266 1498 2322 1534 eu
2335 1480 2472 1550 quod
2494 1491 2720 1551 quatuor
2736 1482 2960 1551 ultiones
2977 1483 3215 1550 pessima:
3232 1481 3323 1543 ⁸⁰⁶,
3343 1479 3488 1551 idest
3509 1479 3755 1551 gladius,

2237 1549 2422 1619 (uiues,
2452 1549 2628 1603 bestia:
2672 1549 2826 1605 multa
2856 1562 2903 1604 et
2937 1549 3257 1620 pestilentia,
3289 1549 3615 1620 inducuntur
3647 1568 3752 1602 su-

2236 1637 2327 1688 per
2370 1631 2564 1690 terram
2596 1619 2984 1689 peccati-irent;
3017 1633 3062 1674 et
3093 1623 3156 1674 de
3187 1619 3444 1690 parabola
3475 1637 3580 1690 qua
3609 1621 3752 1673 dici-

2237 1702 2324 1742 tur
2353 1706 2370 1743 :
2410 1709 2426 1739 σ
2457 1688 2571 1742 Fili
2597 1688 2852 1756 hominis,
2879 1692 3006 1761 quid
3031 1692 3118 1758 ﬁet
3147 1688 3290 1762 ligno
3311 1692 3431 1744 vitis
3450 1688 3529 1746 7⁷»

2241 1803 2294 1856 1.
2348 1802 2545 1858 Fames
2611 1819 2734 1873 quae
2781 1815 2999 1874 propter
3049 1804 3403 1874 peccatricem
3472 1803 3752 1859 inducitur

2167 1907 2366 1949 terram
2386 1937 2403 1962 ,
2429 1895 2584 1964 juxta
2611 1895 3020 1964 possibilitatem
3059 1906 3369 1948 nostrarum
3398 1894 3596 1948 virium
3629 1895 3751 1949 dis-

2168 1996 2331 2039 cussa
2361 1994 2477 2048 est,
2513 1993 2568 2039 et
2605 1995 2725 2054 post
2769 1984 2965 2039 famem
3001 1984 3070 2038 de
3108 1985 3300 2039 bestiis
3327 1985 3572 2054 pessimis
3599 1986 3746 2038 dixi-

2169 2093 2290 2133 mus
2319 2093 2458 2147 quas
2492 2077 2745 2132 immittet
2773 2077 2917 2132 Deus
2943 2092 3109 2146 super
3132 2086 3464 2147 peccatores.
3491 2075 3738 2141 Quatuor

2167 2168 2312 2224 enim
2362 2168 2598 2224 ultiones
2631 2169 2686 2222 in
2737 2168 3004 2238 principio
3037 2167 3454 2239 proposuimus,
3489 2183 3518 2221 e
3545 2169 3742 2234 quibus

2168 2264 2393 2334 reliquae
2419 2263 2540 2317 duae
2579 2270 2708 2316 sunt
2741 2263 2808 2317 de
2839 2262 3114 2332 romphaea
3146 2270 3201 2316 et
3241 2261 3310 2316 de
3359 2271 3554 2318 morte.
3589 2259 3654 2314 Et
3686 2261 3747 2314 in

2169 2355 2344 2425 prima
2393 2353 2612 2423 quidem
2647 2353 2882 2407 ﬁliorum
2917 2362 2972 2408 et
3017 2354 3253 2406 ﬁliarum
3302 2366 3502 2407 nomen
3540 2360 3747 2405 tantum

2169 2453 2274 2510 est,
2303 2444 2359 2498 in
2389 2444 2623 2499 secunda
2655 2459 2784 2499 vero
2820 2452 2874 2497 et
2907 2443 3064 2496 tertia
3112 2458 3275 2511 quam
3311 2458 3458 2496 nunc
3485 2458 3754 2497 conamur

2170 2551 2464 2606 exponere,
2487 2537 2726 2591 ﬁliorum
2753 2545 2809 2591 et
2841 2536 3078 2590 ﬁliarum
3114 2551 3313 2590 nomen
3341 2551 3615 2590 annexum
3644 2547 3750 2594 est.

2172 2628 2224 2681 id
2272 2636 2356 2682 est
2401 2627 2454 2680 in
2489 2627 2794 2697 romphaea,
2838 2642 2948 2696 qua
2995 2635 3262 2681 corruunt
3306 2626 3398 2696 qui
3439 2628 3587 2681 ctede
3633 2628 3756 2697 ejus

2172 2719 2334 2790 digna
2384 2718 2650 2774 iecerunt.
2687 2718 2822 2784 Quis
2865 2727 2947 2773 est
2978 2733 3109 2788 ergo
3143 2719 3247 2773 iste
3281 2717 3528 2786 gladius,
3560 2719 3612 2772 id
3667 2731 3755 2773 est

2177 2811 2474 2880 romphaea,
2505 2826 2668 2880 quam
2696 2826 2795 2866 nos
2827 2809 3121 2866 formidare
3143 2812 3406 2867 debemus
3434 2827 3502 2866 ne
3531 2812 3761 2881 quando

2175 2901 2420 2956 mittatur
2443 2917 2606 2972 super
2628 2911 2829 2957 terram
2858 2911 3125 2967 nostram,
3163 2920 3327 2973 super
3352 2915 3553 2958 terram
3587 2920 3756 2974 quam

2174 2993 2473 3064 ﬁguraliter
2525 2994 2916 3063 exposuimus,
2982 3002 3042 3048 ut
3110 3004 3163 3048 et
3210 2997 3368 3051 nobis
3422 3012 3646 3051 necesse
3688 2996 3760 3050 sit

495 3080 754 3150 deinceps
780 3082 833 3136 in
865 3081 1194 3153 Babylonem
1220 3085 1516 3139 translatus
1539 3088 1828 3142 eunuchus
1848 3087 2071 3143 effectus
2097 3123 2140 3178 ε
2176 3086 2408 3141 transire
2441 3102 2534 3154 per
2578 3087 2816 3156 gladium
2869 3085 3066 3154 duplex
3097 3087 3301 3156 aliquid
3356 3087 3646 3143 habentem
3702 3090 3758 3144 in

492 3182 576 3226 est
601 3213 616 3238 ,
649 3181 708 3227 ut
758 3173 1046 3228 manifeste
1075 3191 1139 3229 ex
1177 3176 1316 3231 libro
1353 3177 1526 3246 ipsius
1577 3179 1800 3247 intelligi
1853 3189 2064 3248 potest;

495 3263 634 3317 vidit
678 3272 734 3318 et
771 3266 1138 3320 reversionem
1171 3266 1225 3320 in
1256 3266 1578 3322 Jerusalem.
1629 3267 1700 3322 Ut
1730 3279 1909 3324 autem
1945 3286 2070 3340 pro-

495 3354 655 3409 betur
680 3355 824 3425 quod
851 3367 976 3412 ante
997 3359 1360 3426 captivitatem
1403 3360 1453 3413 in
1481 3358 1781 3415 Jerusalem
1813 3361 1992 3427 fuerit,
2017 3373 2072 3418 et

496 3456 622 3517 post
647 3449 1014 3517 captivitatem
1044 3453 1330 3506 eunuchus
1359 3452 1581 3507 ell'ectus
1604 3455 1694 3516 sit,
1725 3469 2071 3510 assumamus

496 3537 551 3591 id
592 3538 737 3607 quod
780 3541 846 3592 ad
897 3538 1183 3594 Ezechiam
1231 3542 1434 3596 dictum
1485 3545 1624 3597 est"
1656 3562 1669 3596 :
1701 3545 1967 3613 Accipient
2009 3548 2072 3600 de

495 3631 627 3699 ﬁliis
659 3633 796 3698 tuis,
821 3642 872 3685 et
903 3633 1097 3701 facient
1134 3635 1392 3704 spadones
1430 3637 1484 3688 in
1508 3637 1663 3690 domo
1688 3639 1843 3706 regis.
1870 3637 2072 3693 Deinde

494 3731 620 3791 post
652 3725 996 3793 septuaginta
1042 3739 1216 3780 annos
1245 3727 1518 3782 invenitur
1544 3728 1842 3798 deprecans
1876 3727 2068 3796 Deum,

496 3819 557 3865 ut
610 3813 905 3882 completo.
921 3814 1032 3881 jam
1075 3823 1317 3884 tempore
1355 3818 1689 3887 captivitatis
1738 3819 2073 3889 ingrediatur

493 3899 815 3959 Jerusalem.
865 3906 1135 3962 Habemus
1181 3909 1484 3964 orationem
1529 3910 1649 3980 ejus
1695 3911 1748 3965 in
1793 3915 2071 3969 volumine

496 3995 716 4064 proprio
745 3999 1109 4069 conscriptam
1137 4000 1205 4063 ⁷⁸,
1248 4016 1349 4056 nec
1388 4011 1568 4056 tamen
1603 4019 1897 4072 possumus
1924 4007 2074 4061 inve-

497 4085 615 4139 nire
649 4087 737 4140 ubi
772 4089 844 4142 sit
876 4100 1146 4146 mortuus.
1177 4090 1328 4146 Vidit
1356 4109 1486 4163 ergo
1522 4094 1624 4149 tria
1656 4104 1898 4166 tempora
1947 4107 2072 4152 aute

496 4175 898 4244 captivitatem,
941 4179 994 4233 in
1043 4179 1351 4249 captivitate
1405 4192 1460 4237 et
1511 4193 1633 4253 post
1677 4186 2068 4254 captivitatem.

497 4262 646 4322 Talis
685 4267 867 4336 justus
899 4280 1000 4324 est.
1051 4272 1342 4330 Videamus
1384 4286 1566 4330 autem
1615 4292 1684 4331 an
1724 4285 1778 4331 et
1816 4278 1920 4334 Job
1968 4279 2070 4334 tria

497 4362 740 4425 tempora
793 4358 1117 4416 habuerit".
1164 4363 1288 4418 Fuit
1337 4365 1556 4433 quidem
1606 4366 2071 4437 locuples:erant

2175 3175 2370 3242 paena?
2400 3173 2626 3229 llabitus
2659 3175 2859 3243 quippe
2890 3175 3063 3243 ipsius
3094 3175 3257 3244 gladii
3303 3177 3496 3231 dividit
3528 3187 3583 3233 et
3608 3189 3762 3234 secat

2171 3281 2294 3320 eum
2328 3267 2380 3319 in
2403 3281 2562 3335 quem
2595 3266 2824 3320 infertur
2848 3284 2860 3319 :
2881 3267 2927 3320 si
2953 3282 3082 3320 vero
3105 3266 3168 3320 ad
3199 3282 3426 3321 acumen
3459 3269 3596 3322 aciei
3629 3270 3753 3338 ejus

2172 3359 2335 3412 etiam
2368 3366 2543 3412 tactus
2576 3358 2692 3427 ipse
2726 3356 2956 3427 poenalis
2989 3367 3107 3423 est,
3151 3358 3438 3427 dupliciter
3471 3367 3761 3428 torquetur

2172 3449 2265 3517 qui
2303 3449 2406 3504 hoc
2437 3450 2617 3518 gladio
2637 3449 2948 3518 puniendus
2976 3458 3079 3504 est.
3115 3447 3388 3520 Scriptum
3413 3460 3497 3505 est
3517 3453 3664 3506 enim
3689 3455 3758 3506 δίε

2175 3536 2375 3591 Statuit
2418 3539 2623 3607 igneam
2674 3539 3028 3608 rompheam,
3075 3547 3124 3591 et
3176 3539 3441 3593 cherubim
3490 3543 3760 3596 custodire

2174 3631 2313 3682 viam
2336 3629 2469 3699 ligni
2497 3631 2633 3683 vitw.
2664 3629 2727 3684 Et
2759 3631 3037 3700 quomodo
3053 3629 3217 3701 374
3244 3632 3288 3684 si
3318 3633 3530 3702 gladius
3560 3647 3759 3690 acutus

2171 3731 2227 3774 et
2270 3721 2510 3777 candens
2554 3723 2820 3776 inferatur
2865 3723 2918 3776 in
2969 3737 3170 3791 corpus
3196 3763 3212 3790 ,
3256 3723 3525 3794 duplicem
3563 3729 3757 3782 tribuit

2173 3813 2472 3867 cruciatum
2499 3854 2513 3880 ,
2565 3814 2903 3880 adustiouis,
2938 3824 2992 3870 et
3027 3817 3226 3882 caedis,
3266 3818 3346 3872 sic
3379 3827 3432 3873 et
3479 3822 3756 3889 romphaea

2173 3919 2294 3973 quin
2346 3905 2414 3958 ad
2478 3905 2786 3959 custodiam
2842 3907 3083 3974 paradisi
3133 3917 3336 3963 statuta
3394 3921 3752 3976 memoratur,

2173 4010 2334 4063 quam
2384 4011 2531 4050 nunc
2576 3996 2646 4048 ob
2693 3997 3090 4066 expositionem
3137 3999 3300 4070 gladii
3336 4003 3620 4070 praesentis
3666 4019 3757 4058 as-

2173 4086 2537 4155 sumpsimus,
2582 4087 2816 4156 duplicia
2867 4089 3032 4144 infert
3063 4099 3367 4152 tormenta.
3403 4093 3532 4146 dum
3573 4096 3755 4150 adurit

2172 4185 2226 4230 et
2252 4176 2461 4231 dividit.
2495 4175 2563 4230 Ut
2594 4187 2776 4233 autem
2810 4183 3183 4236 necessarium
3216 4184 3421 4254 aliquid
3450 4201 3514 4239 ex
3552 4189 3753 4255 quibus

2175 4267 2320 4322 Deus
2368 4284 2590 4324 sensum
2623 4278 2872 4324 nostrum
2907 4271 3178 4327 illuminat
3227 4275 3280 4328 in
3332 4275 3452 4331 loco
3499 4280 3751 4346 praesenti

2175 4357 2621 4425 interponamus,
2677 4359 2861 4430 accipe
2902 4363 3233 4432 exemplum.
3287 4364 3456 4421 Aiunt
3518 4369 3748 4424 studiosi

499 4449 697 4518 Quippe
736 4450 786 4503 ei
829 4466 960 4505 oves
996 4461 1203 4520 septem
1237 4455 1404 4508 millia
1427 4495 1443 4518 ,
1495 4458 1689 4511 cameli
1725 4460 1826 4512 tria
1865 4461 2070 4525 millia,
2105 4453 2148 4508 ι)
2179 4448 2516 4505 medicinalis
2549 4447 2852 4522 disciplinae
2881 4453 2946 4506 ad
2975 4455 3240 4521 quasdam
3275 4469 3568 4524 corporum
3591 4475 3750 4514 cura-

495 4540 624 4612 juga
657 4541 820 4594 boum
845 4541 1170 4610 quingenta.
1221 4552 1274 4597 et
1299 4546 1536 4613 supellex
1571 4549 1740 4602 multa
1766 4550 1943 4616 valde,
1980 4553 2074 4607 lilii

500 4641 702 4701 septem
725 4675 740 4699 ,
783 4633 906 4688 tilia:
945 4643 1078 4686 tres.
1111 4630 1313 4686 Deinde
1358 4635 1564 4704 accepit
1604 4647 1924 4705 potestatein
1957 4641 2078 4696 dia-

500 4724 660 4780 bolus
688 4727 948 4782 adversus
974 4742 1122 4781 eum.
1157 4726 1291 4782 Vide
1334 4737 1575 4797 tempora
1603 4743 1960 4789 commutata.
1987 4735 2077 4789 Di-

501 4834 595 4872 ves
619 4819 672 4870 in
700 4819 885 4874 liberis
914 4830 1066 4889 pater
1091 4829 1312 4890 repente
1337 4820 1508 4876 orbus
1533 4823 1764 4880 ellicitur
1794 4842 1808 4878 :
1839 4828 1989 4885 dives
2019 4831 2074 4885 in

501 4927 670 4967 censu
717 4913 973 4967 dominus
999 4956 1012 4975 ,
1051 4915 1116 4968 ad
1152 4916 1400 4969 ultimam
1443 4915 1728 4971 deducitur
1757 4929 2069 4989 egestatem.

500 4999 642 5056 Ecce
681 5000 789 5054 duo
828 5009 1090 5070 tempora.
1137 5003 1264 5058 Post
1313 5004 1428 5058 lucc
1456 5017 1678 5075 apparet
1707 5008 1756 5062 ei
1793 5006 2072 5082 Dominus,

497 5105 554 5151 et
600 5093 842 5163 loquitur
863 5093 910 5146 ei
943 5095 1010 5147 de
1038 5095 1178 5148 nube
1201 5134 1214 5158 ,
1249 5105 1303 5151 et
1330 5097 1445 5166 ipse
1471 5095 1574 5151 Job
1606 5114 1669 5152 ea
1699 5115 1822 5169 quae
1853 5114 1980 5157 sunt
2017 5105 2070 5160 in

499 5181 640 5236 libro
673 5180 794 5250 ejus
827 5181 1028 5250 scripta
1080 5185 1374 5250 respondit.
1424 5183 1592 5255 Igitur
1629 5187 1683 5241 in
1723 5189 1902 5257 primo
1938 5201 2072 5247 tem-

500 5289 634 5342 pore
681 5272 776 5328 Dei
825 5273 1080 5328 laudibus
1113 5275 1435 5343 praedicatur
1471 5295 1484 5332 :
1519 5277 1572 5332 in
1625 5282 1866 5335 secundo
1899 5292 2073 5340 tenta-

498 5366 633 5420 tioni
677 5365 943 5432 traditur,
997 5374 1052 5419 et
1104 5366 1407 5421 saevissimo
1454 5367 1635 5424 ulcere
1700 5387 1995 5441 percussus
2044 5393 2073 5430 a

500 5459 726 5526 pedibus
750 5473 922 5529 usque
963 5458 1028 5512 ad
1068 5469 1233 5528 caput
1265 5458 1441 5515 tristia
1493 5469 1548 5514 et
1575 5460 1711 5516 dura
1755 5465 2071 5534 perpetitur.

574 5673 622 5705 "
647 5673 674 5728 J
700 5690 845 5728 rem.
871 5689 1012 5735 xvu.
1039 5674 1093 5728 5.
1169 5673 1216 5704 ⁷⁸
1248 5672 1393 5728 Psal.
1424 5689 1582 5733 CXLV,
1611 5674 1665 5728 2.

576 5784 589 5798 .
693 5745 736 5776 τ’
765 5743 866 5798 Job
891 5760 929 5797 ι.
1007 5745 1054 5777 ⁸⁸
1083 5742 1187 5798 Job
1217 5759 1347 5798 xw.
1381 5743 1581 5798 12.15.
1656 5749 1665 5778 ι

510 5755 589 5799 ιι.
694 5755 736 5776 ⁷⁸³
765 5755 866 5798 JOD
891 5760 929 5797 l.

2175 4538 2352 4596 tiones
2380 4543 2741 4597 necessariam
2771 4559 2892 4600 esse
2916 4560 3026 4599 non
3059 4545 3236 4600 solum
3273 4549 3567 4606 sectionem
3597 4550 3746 4618 ferri,

2173 4646 2362 4686 verum
2391 4634 2553 4688 etiam
2581 4635 2945 4691 adustionem.
2981 4635 3117 4692 Nam
3151 4639 3220 4694 ad
3246 4655 3343 4696 eos
3372 4644 3466 4712 qui
3501 4647 3749 4700 canceris

2173 4731 2396 4778 veterno
2437 4734 2911 4795 computrescunt,
2961 4730 3280 4787 candentem
3325 4734 3442 4789 sive
3475 4739 3751 4792 novacula:

2119 4891 2122 4894 j
2175 4817 2430 4871 laminam
2477 4819 2591 4874 sive
2634 4820 2999 4889 quodcunque
3046 4825 3349 4880 acutissimi
3397 4825 3525 4881 ferri
3577 4846 3748 4899 genus

2181 4907 2459 4975 adhibent,
2489 4917 2550 4964 ut
2581 4925 2678 4980 per
2709 4911 2886 4981 ignem
2913 4915 3124 4970 radices
3150 4920 3395 4974 canceris
3429 4921 3744 4986 evellautur,

2179 5016 2274 5069 per
2305 5001 2622 5056 incisionem
2651 5014 2828 5058 autem
2863 5006 3080 5074 putrida
3100 5023 3230 5061 caro
3258 5018 3557 5075 truncetur,
3585 5023 3639 5066 et
3668 5013 3748 5067 via

2179 5100 2362 5162 pateat
2408 5093 2864 5150 medicaminibus
2915 5097 3242 5165 injicieudis.
3293 5098 3426 5165 Quis
3458 5109 3618 5170 putas
3650 5121 3749 5157 no-

2179 5195 2350 5240 sti-um
2373 5187 2650 5253 canceris,
2698 5198 2754 5242 ut
2800 5188 2871 5243 ita
2904 5188 3082 5243 dicam
3107 5231 3121 5254 ,
3161 5190 3323 5244 habet
3355 5192 3532 5246 simile
3560 5209 3747 5263 pecca-

2181 5288 2317 5344 tum,
2365 5289 2558 5334 utnon
2585 5280 2636 5334 ei
2670 5280 2901 5336 sulliciat
2927 5291 3021 5334 aut
3061 5281 3291 5350 simplex
3340 5299 3569 5339 acumen
3621 5285 3746 5341 ferri

2181 5379 2274 5425 aut
2318 5373 2433 5426 sola
2478 5371 2618 5441 ignis
2649 5373 2902 5436 adustio,
2955 5372 3046 5426 sed
3085 5382 3316 5441 utraque
3366 5375 3745 5442 adhibeantur,

2183 5483 2291 5537 quo
2340 5471 2525 5516 uratur
2569 5473 2625 5516 et
2669 5463 2919 5518 secetur?
2965 5463 3104 5518 Audi
3159 5463 3493 5520 Salvatorem
3545 5468 3749 5523 ratione

1753 5675 1798 5706 "
1835 5674 1974 5730 Psal.
2017 5692 2194 5741 cxvii,
2230 5673 2284 5728 8.
2357 5675 2404 5739 ⁷9
2445 5671 2593 5727 Psal.
2632 5687 2781 5734 xxvn,
2818 5671 2872 5726 3.
2944 5670 2989 5703 ⁷⁷
3019 5669 3122 5725 lsa.
3168 5686 3331 5726 xxxix
3357 5713 3372 5738 ,
3407 5670 3459 5726 7.
3533 5671 3580 5705 ⁷⁸
3612 5670 3744 5726 Dan.

1007 5745 1054 5777 '°
1083 5742 1187 5800 Job
1217 5759 1347 5810 xw,
1381 5743 1466 5811 12,
1496 5743 1581 5798 15.
1656 5745 1726 5778 ⁸⁰⁶
1751 5745 1947 5802 Ezech.
1977 5763 2064 5800 ιιν
2090 5756 2144 5802 ct
2180 5760 2269 5802 xv.
2347 5745 2388 5778 ‘"
2421 5743 2556 5800 Gen.
2591 5757 2649 5797 ιιι
2673 5782 2688 5811 ,
2713 5741 2804 5795 24.
