4070 6296
327 448 431 503 7θῖ
463 455 471 462 ’

1767 437 2055 495 I‘IOMILIA
2095 437 2163 493 V.

3503 438 3605 494 706

326 562 472 630 ignis
500 572 554 617 et
587 562 713 617 ferri
747 564 800 616 in
832 561 1048 618 duobus
1077 561 1213 615 locis
1246 561 1666 630 signiﬁcantem.
1714 557 1770 611 In
1805 556 1914 610 alio
1945 560 1990 615 Δ
2017 562 2158 607 stum
2192 550 2525 606 reconciliari
2576 549 2685 606 Deo
2708 592 2724 618 ,
2755 551 2887 621 quid
2919 551 2988 606 de
3017 549 3130 606 Deo
3159 550 3436 615 causaris,
3476 566 3602 606 cum

324 654 448 710 loco
479 657 624 710 ait"
664 673 678 710 :
717 654 843 709 Non
882 655 999 709 veni
1035 655 1244 708 mittere
1281 671 1463 724 pacem
1501 669 1658 722 super
1683 661 1914 714 terrant,

324 746 418 801 sed
451 745 712 816 gladium.
743 745 798 799 In
829 745 936 801 alio
975 745 1162 799 vero“
1185 761 1200 796 :
1227 743 1410 815 Ignem
1439 744 1555 799 ueni
1590 743 1797 796 mittere
1819 757 1915 794 su-

325 851 418 905 per
473 845 699 895 terram,
746 845 796 888 et
849 837 1056 888 utinam
1099 834 1217 904 jam
1251 835 1489 889 ardeat?
1539 834 1711 904 Igitur
1742 829 1920 887 defert

328 937 625 994 utrumque
654 925 909 982 Salvator
931 968 946 993 ,
977 927 1215 998 gladium
1245 933 1300 981 et
1330 927 1510 996 ignem
1531 967 1547 993 ,
1576 934 1631 981 et
1677 922 1919 994 baptizat

327 1032 450 1088 qua:
511 1033 622 1072 non
686 1026 984 1087 potuerunt
1029 1017 1269 1087 Spiritus
1317 1017 1490 1072 sancti
1541 1013 1918 1086 puriﬁcatione

329 1110 572 1181 purgari.
611 1106 965 1166 Sacramenta
999 1109 1185 1164 divina
1230 1121 1362 1163 sunt
1407 1119 1462 1163 et
1508 1107 1833 1171 ineffabilia,
1863 1117 1918 1161 et

328 1199 426 1256 sali
475 1200 581 1250 Deo
619 1198 866 1268 cognita,
905 1198 1029 1267 plus
1065 1207 1245 1250 tamen
1298 1197 1355 1250 in
1403 1197 1693 1266 gratiarum
1731 1195 1905 1250 dona-

332 1287 500 1349 tione,
543 1303 704 1356 quam
757 1288 811 1342 in
864 1297 1253 1342 tormentorum
1300 1287 1651 1341 varietatibus
1698 1286 1908 1340 consti-

333 1390 468 1434 tuta.
506 1379 692 1448 Neque
731 1379 876 1434 enim
915 1379 1107 1434 medici
1164 1395 1228 1434 ex
1280 1379 1559 1448 disciplina
1609 1380 1741 1433 artis
1792 1394 1923 1433 sum.

333 1469 726 1524 rationabiliter
763 1485 856 1524 eos
893 1471 1090 1538 quibus
1128 1471 1414 1525 medentur
1451 1478 1664 1534 secant,
1708 1479 1896 1531 urunt,

331 1560 572 1629 dantque
597 1561 850 1630 poculum
881 1561 1201 1616 amarissimi
1245 1562 1675 1630 temperamenti,
1703 1563 1896 1616 multa-

331 1667 438 1720 que
469 1652 569 1705 alia
600 1662 761 1722 prout
802 1669 962 1707 causa
1003 1653 1238 1722 postulat
1272 1653 1476 1708 faciunt
1509 1672 1522 1706 :
1552 1655 1695 1708 Deus
1723 1661 1902 1708 autem

336 1742 701 1797 universitatis
743 1742 1001 1798 Dominus
1052 1745 1170 1799 sine
1207 1744 1509 1800 rationabili
1548 1746 1778 1814 quadam
1817 1760 1899 1798 sa-

333 1833 557 1902 pientia,
591 1844 646 1888 et
674 1835 790 1889 sine
819 1835 1220 1905 dispensatione
1257 1836 1414 1906 digna
1455 1836 1750 1906 majestatis
1794 1851 1904 1890 suae

2019 645 2073 698 in
2121 643 2302 699 causis
2345 644 2450 697 sub
2496 643 2849 697 inimicorum
2897 642 3128 712 imperio
3181 657 3304 698 esse
3345 641 3607 698 voluisti?

2016 735 2100 788 An
2137 735 2359 804 ignoras
2390 734 2596 789 idcirco
2629 733 2797 787 Deum
2836 734 2890 788 in
2922 733 3159 805 Egypto
3193 734 3489 790 immisisse
3518 733 3609 790 fu-

2018 839 2220 891 rorem,
2243 833 2297 880 et
2327 828 2486 892 iram,
2508 837 2562 880 et
2585 826 2916 897 angustiam,
2943 826 3344 882 immissionem
3379 843 3473 896 per
3504 843 3604 882 an-

2017 915 2164 985 gelos
2193 916 2486 985 pessimos,
2512 916 2639 985 quia
2670 915 2878 970 inimici
2907 917 3058 971 iilius
3090 925 3270 982 erant,
3299 925 3356 971 et
3387 918 3456 971 ab
3485 915 3606 988 ejus

2019 1004 2336 1058 adversario
2367 1005 2734 1073 regebantur?
2774 1003 2971 1058 Procul
3003 1015 3184 1057 autem
3217 1004 3398 1059 absint
3437 1020 3466 1058 a
3503 1019 3608 1057 no-

2016 1093 2102 1150 bis
2142 1105 2380 1164 quatuor
2429 1095 2658 1148 istarum
2711 1096 2977 1165 supplicia
3028 1110 3348 1164 poenarum,
3397 1094 3605 1156 fann-s,

2015 1183 2204 1238 bestia:
2233 1185 2510 1254 pessimze,
2541 1185 2775 1254 gladius,
2800 1187 2983 1241 mors!
3016 1185 3293 1255 Quidquid
3328 1185 3474 1240 enim
3505 1188 3607 1240 ho-

2014 1292 2137 1331 rum
2168 1275 2334 1332 fuerit
2374 1277 2586 1331 illatum
2613 1319 2628 1344 ,
2679 1280 2746 1331 ad
2791 1293 2886 1332 eos
2923 1279 3073 1332 venit
3122 1282 3217 1347 qui
3265 1278 3473 1332 inimici
3509 1274 3608 1332 Dei

2015 1373 2181 1432 sunt,
2223 1366 2434 1422 amicos
2463 1366 2585 1434 ejus
2615 1367 2891 1435 praeterit,
2944 1381 3121 1436 neque
3165 1381 3359 1421 ausum
3391 1375 3474 1421 est
3513 1382 3610 1423 eos

2013 1459 2329 1527 contingere
2359 1459 2453 1526 qui
2485 1459 2552 1511 de
2579 1458 2700 1526 ejus
2732 1457 3142 1512 necessitudine
3182 1458 3503 1529 gloriantur.
3542 1458 3610 1513 Et

2013 1549 2290 1618 quomodo
2346 1549 2413 1603 de
2474 1548 2600 1616 igne
2649 1550 2787 1602 bene
2850 1549 3116 1604 creditum
3168 1558 3274 1613 est,
3311 1548 3608 1620 Scripturis

2013 1641 2363 1704 testantibus,
2401 1640 2530 1709 quia
2577 1648 2858 1694 transeant
2899 1656 2990 1709 per
3026 1655 3150 1694 eum
3192 1641 3357 1710 justi,
3402 1652 3457 1696 et
3498 1658 3606 1697 non

2013 1733 2448 1788 comburantur:
2487 1731 2912 1800 Uniuscujusque
2949 1731 3090 1784 enim
3131 1747 3260 1801 opus
3298 1730 3454 1801 quale
3495 1733 3607 1800 sit,

2012 1824 2151 1894 ignis
2181 1821 2480 1892 probabit"
2509 1839 2523 1887 ;
2555 1823 2634 1877 sic
2663 1833 2715 1875 et
2753 1821 2808 1875 in
2854 1821 2940 1876 his
2987 1823 3271 1890 suppliciis
3303 1822 3611 1877 inveniatur

332 1940 524 1994 poenas
555 1935 761 1980 tantum
806 1901 969 1981 infert
1004 1901 1398 1997 peccatoribus.
1434 1901 1617 1997 Neque
1647 1929 1814 1990 enim.
1845 1937 1904 1982 ut

2018 1915 2212 1982 aliquis
2261 1911 2475 1980 Daniel,
2509 1911 2623 1967 Noe
2653 1921 2706 1966 et
2731 1910 2856 1978 Job,
2879 1921 2932 1965 et
2956 1912 3088 1966 nihil
3119 1928 3406 1982 poenarum
3443 1915 3612 1969 susti-

331 2017 679 2080 evistimant,
719 2019 784 2073 ad
843 2019 947 2073 hoc
999 2027 1206 2073 tantum
1261 2020 1483 2074 adhibet
1532 2019 1794 2090 supplicia
1848 2029 1906 2073 ut

337 2117 602 2176 torqueat,
647 2111 742 2164 sed
776 2111 930 2180 quasi
970 2120 1124 2180 pater
1149 2113 1253 2167 scit
1279 2113 1504 2167 vulnera
1531 2115 1775 2168 omnium
1804 2130 1907 2168 no-

333 2208 527 2264 strum,
563 2200 663 2254 scit
687 2217 793 2269 qua
821 2218 885 2255 ex
910 2218 1071 2257 causa
1097 2204 1241 2273 quod
1271 2203 1427 2259 ulcus
1451 2213 1640 2259 natum
1663 2205 1754 2268 sit,
1788 2221 1908 2276 qua:

330 2283 562 2350 putredo
603 2282 840 2338 infelicis
883 2285 1080 2339 anima:
1129 2302 1192 2339 ex
1236 2303 1346 2355 quo
1384 2289 1618 2342 ducatur
1666 2292 1916 2356 exordio,

328 2373 508 2441 qualis
539 2375 750 2443 species
780 2375 987 2430 doloris
1037 2392 1104 2432 ex
1135 2393 1246 2447 quo
1295 2387 1516 2446 peccato
1550 2381 1764 2448 veniat;
1817 2385 1919 2438 scit

331 2473 387 2516 et
416 2463 644 2530 formas,
680 2466 896 2533 modos,
923 2477 977 2521 et
1005 2484 1268 2524 numeros
1291 2480 1664 2539 peccatorum,
1698 2473 1793 2543 qui
1829 2489 1920 2529 se-

329 2554 472 2618 mel,
499 2554 580 2610 bis
600 2597 616 2616 ,
647 2565 839 2625 terque
874 2559 1179 2626 peccaverit
1199 2599 1214 2623 ,
1246 2560 1340 2629 qui
1388 2561 1442 2614 in
1473 2577 1579 2616 una
1622 2563 1804 2631 specie
1827 2564 1923 2618 de-

329 2643 582 2699 lictorum
614 2661 756 2714 stepe
789 2649 982 2709 ruerit,
1029 2649 1120 2717 qui
1155 2648 1208 2702 in
1240 2648 1475 2704 diversis
1511 2651 1766 2706 vitiorum
1794 2667 1920 2722 spe-

327 2735 516 2789 ciebus
538 2737 771 2804 singulis
794 2746 1003 2792 tantum
1037 2740 1251 2796 vicibus
1272 2742 1557 2796 erraverit.
1584 2741 1708 2798 Haec
1735 2745 1919 2799 omnia

329 2841 432 2882 nos
455 2827 612 2894 juxta
647 2831 969 2898 sapientiam
1007 2830 1102 2885 Dei
1134 2848 1400 2901 quaerere,
1455 2835 1758 2891 secundum
1789 2837 1918 2893 illud

325 2922 475 2988 quod
505 2921 771 2990 scriptum
802 2922 976 2977 est“:
1007 2921 1269 2984 Scrutaris
1298 2926 1462 2978 corda
1483 2935 1535 2979 et
1579 2943 1726 2981 renes
1754 2927 1918 2994 Deus,

326 3021 382 3063 et
426 3010 695 3078 supplicia
755 3026 877 3079 qua:
905 3012 973 3066 ab
1016 3028 1083 3067 eo
1117 3013 1426 3084 irrogantur
1451 3016 1532 3070 sic
1583 3017 1919 3088 intelligere,

327 3099 485 3168 quasi
510 3100 673 3170 digna
701 3099 834 3165 Deo,
863 3113 916 3156 et
939 3105 1319 3160 convenientia
1358 3107 1752 3176 dispensationi
1776 3110 1918 3178 ejus,

325 3206 429 3243 nos
461 3192 610 3255 vult,
647 3207 754 3246 non
790 3194 1170 3249 tantummodo
1199 3197 1456 3252 cruciari.
1491 3197 1686 3254 Omnia
1717 3201 1920 3271 quippe

329 3283 398 3336 ad
431 3283 534 3338 hoc
567 3285 810 3338 condidit
846 3294 906 3340 ut
936 3297 1154 3352 essent,
1195 3296 1250 3341 et
1283 3289 1552 3345 salutares
1600 3290 1730 3346 fecit
1758 3307 1921 3362 gene-

335 3367 578 3424 rationes
608 3371 833 3436 mundi,
871 3380 927 3425 et
968 3389 1076 3427 non
1123 3383 1208 3428 cst
1251 3376 1306 3428 in
1347 3378 1428 3432 eis
1461 3379 1918 3434 medicamentum

329 3459 673 3526 perditionis.
725 3460 828 3516 Sed
895 3465 1023 3533 quia
1080 3466 1226 3534 quod
1283 3467 1372 3522 ille
1425 3470 1596 3524 voluit
1643 3487 1742 3526 nos
1789 3488 1922 3526 con-

327 3551 624 3604 temnendo
657 3568 764 3606 non
817 3553 1076 3620 fecimus,
1108 3565 1161 3610 et
1209 3556 1298 3612 ille
1341 3559 1487 3627 quod
1536 3552 1776 3628 cupierat
1812 3577 1918 3616 non

327 3643 581 3696 exet-cuit
613 3643 666 3696 in
699 3645 875 3700 nobis.
915 3645 1221 3714 Disputatio
1267 3664 1367 3703 nos
1413 3653 1591 3719 coegit
1620 3661 1678 3705 ut
1715 3653 1920 3722 aliquid

328 3731 396 3785 de
428 3748 716 3802 poenarum
747 3737 929 3806 Specie
975 3738 1285 3794 diceremus
1307 3781 1322 3806 ,
1353 3756 1476 3810 quae
1509 3741 1820 3796 inferuntur
1849 3745 1919 3798 ad

328 3831 552 3878 terram.
1434 3877 1436 3879 .

396 3915 452 3968 2.
495 3913 766 3973 Debemus
813 3928 994 3973 autem
1046 3936 1242 3986 nosse,
1277 3922 1408 3991 quia
1447 3937 1555 3976 non
1592 3925 1774 3979 statim
1823 3925 1916 3980 ubi

328 4005 503 4062 fames
531 4007 730 4074 fuerit,
783 4021 1045 4079 sequatur
1069 4021 1124 4066 et
1154 4029 1323 4066 mors.
1355 4012 1540 4068 Potest
1571 4017 1770 4086 quippe
1801 4018 1917 4072 fieri

331 4111 388 4154 ut
418 4101 622 4172 aliquis
651 4101 849 4158 famem
879 4104 1158 4160 sustinens
1186 4117 1494 4175 perseveret
1523 4109 1577 4162 in
1613 4109 1722 4163 vita
1744 4150 1758 4175 ,
1797 4111 1920 4164 licet

328 4193 541 4257 inedia,
591 4205 646 4248 et
677 4197 953 4265 squalore,
997 4207 1052 4250 et
1105 4197 1281 4252 macie
1322 4199 1702 4256 discrucietur.
1737 4201 1920 4259 Potest

329 4285 448 4340 ﬁeri
499 4295 559 4340 ut
600 4286 864 4342 immissis
906 4288 1098 4344 bestiis
1150 4290 1310 4344 malis
1343 4289 1529 4344 statim
1577 4307 1682 4346 non
1728 4308 1918 4350 omnes

329 4389 586 4448 pereant,
633 4381 774 4448 fuga:
806 4383 1014 4438 auxilio
1060 4382 1343 4437 reservati.
1392 4382 1577 4438 Potest
1606 4385 1826 4440 evenire
1857 4396 1917 4440 ut

328 4474 567 4528 cadente
596 4475 894 4543 romphtea,
927 4483 1104 4530 cesset
1133 4475 1407 4530 interitus.
1442 4473 1601 4530 Modo
1626 4476 1917 4531 vulneran-

2017 2005 2187 2058 uehit.

2087 2097 2141 2150 5.
2185 2093 2311 2148 llaec
2342 2092 2655 2163 specialiter
2685 2107 2780 2161 per
2805 2091 3020 2162 singula
3052 2091 3316 2161 supplicia
3347 2091 3608 2161 exposui-

2018 2201 2162 2252 mus,
2192 2201 2315 2255 qua:
2341 2185 2394 2238 in
2428 2193 2672 2238 extrema
2706 2192 2859 2252 parte
2893 2183 2945 2236 in
2971 2199 3144 2236 unum
3176 2184 3438 2252 propheta
3469 2199 3608 2238 con-

2019 2275 2268 2340 socians,
2306 2274 2419 2328 ait:
2456 2272 2584 2327 Hazc
2615 2274 2745 2326 dicit
2781 2274 2990 2326 Adonai
3025 2273 3314 2327 Dominus:
3344 2273 3404 2328 Si
3433 2287 3611 2330 autem

2018 2377 2248 2436 quatuor
2274 2366 2536 2420 vindictas
2570 2382 2712 2417 meas
2744 2367 3004 2434 pessimas
3033 2367 3355 2435 remp/neum
3377 2406 3391 2431 ,
3429 2378 3477 2420 et
3527 2370 3611 2436 {a-

2023 2471 2176 2520 mem,
2200 2464 2249 2509 et
2292 2455 2485 2508 bestias
2509 2456 2785 2524 pessimas,
2811 2465 2859 2508 et
2886 2466 3103 2508 mortem
3133 2458 3418 2512 immisero.
3451 2458 3613 2524 Quo?

2021 2546 2138 2602 Non
2168 2565 2332 2616 super
2363 2557 2587 2612 terram,
2616 2547 2711 2602 sed
2743 2563 2902 2617 super
2921 2545 3240 2603 Jerusalem.
3269 2547 3436 2604 Terra
3461 2552 3609 2605 enim

2022 2638 2067 2691 si
2114 2639 2406 2708 puniatur,
2471 2637 2670 2693 sufﬁcit
2711 2637 2762 2692 ei
2813 2654 2919 2692 una
2974 2639 3270 2709 correptio.
3323 2639 3380 2694 Si
3427 2654 3608 2696 autem

1970 2751 1980 2774 ι
2021 2733 2350 2804 corripiatur
2387 2732 2728 2800 Jerusalem,
2773 2749 2938 2803 super
2969 2751 3135 2804 quam
3169 2736 3479 2792 invocatum
3527 2749 3611 2794 est

2023 2838 2220 2878 nomen
2248 2819 2364 2887 Dei,
2390 2832 2626 2894 quatuor
2652 2823 2701 2878 ei
2732 2825 3012 2880 cruciatus
3039 2827 3242 2896 pariter
3269 2827 3607 2888 inferuntur.

2022 2913 2189 2968 Multo
2234 2915 2395 2970 nobis
2440 2915 2628 2970 utilius
2680 2915 2857 2970 fuerat
2901 2915 3087 2972 divino
3153 2933 3262 2972 non
3313 2920 3611 2976 credidisse

2023 3003 2288 3065 sermoni,
2323 3019 2488 3074 quam
2519 3015 2641 3074 post
2668 3005 3044 3060 credulitatem
3078 3007 3258 3062 adhuc
3290 3024 3510 3064 rursum
3541 3011 3608 3066 ad

2025 3107 2250 3166 peccata
2284 3097 2530 3151 converti
2577 3113 2700 3168 quae
2735 3108 2860 3153 ante
2901 3100 3280 3156 commisimus
3296 3101 3362 3152 ⁸⁸.
3408 3100 3609 3157 Consi-

2025 3189 2154 3266 dera
2196 3187 2344 3242 enim
2389 3191 2664 3258 quomodo
2699 3188 2983 3260 Scriptura
3018 3206 3181 3260 super
3214 3201 3416 3246 terram
3461 3195 3542 3262 sig
3565 3195 3612 3250 l-

2027 3282 2175 3334 latim
2207 3279 2472 3350 supplicia
2507 3281 2654 3334 dicat
2685 3281 2911 3347 inferri,
2959 3291 3014 3336 et
3045 3297 3152 3337 non
3179 3293 3419 3353 apponat
3443 3301 3608 3354 quam

2026 3385 2256 3438 terram;
2288 3373 2509 3444 quando
2544 3389 2674 3428 vero
2709 3374 2775 3428 ad
2823 3373 3124 3430 Jerusalem
3176 3375 3339 3446 375
3380 3380 3604 3434 veniat:

2027 3465 2082 3518 Si
2115 3475 2292 3519 autent
2339 3477 2388 3520 et
2421 3477 2652 3535 quatuor
2691 3468 2948 3520 vindictas
2983 3484 3124 3520 meas
3152 3471 3406 3536 pessimus
3427 3514 3440 3535 ,
3473 3489 3610 3526 rant-

2021 3558 2228 3624 pltceant
2251 3593 2268 3620 ,
2310 3565 2358 3608 et
2409 3555 2604 3623 [amem
2629 3596 2644 3619 ,
2676 3568 2723 3610 et
2769 3557 2960 3610 bestias
2990 3559 3246 3626 pessimus
3268 3601 3282 3626 ,
3310 3572 3358 3613 et
3390 3574 3609 3616 mortem

2023 3648 2288 3700 immisero
2333 3648 2390 3700 in
2432 3646 2771 3713 Jerusalem;
2820 3664 2921 3704 nos
2971 3648 3222 3704 indicans
3268 3649 3604 3718 Jerusalem,

2023 3742 2116 3810 qui
2167 3751 2458 3810 peccantes
2507 3742 2727 3810 quidem
2761 3758 2864 3796 nos
2901 3741 3206 3797 Jerusalem
3256 3759 3450 3800 sumus
3483 3762 3608 3816 qua:

2023 3833 2354 3898 destruitur;
2391 3833 2444 3886 in
2477 3834 2762 3904 praeceptis
2791 3849 2919 3888 vero
2946 3842 3350 3902 permanentes,
3377 3833 3604 3892 Jerusa-

2025 3922 2128 3976 lem
2183 3925 2420 3978 dicimur
2464 3940 2588 3993 qua:
2630 3925 2890 3980 salvator.
2937 3923 3141 3980 Omnes
3188 3925 3606 3983 lamentationes

2021 4031 2160 4084 quas
2212 4015 2446 4085 legimus
2495 4015 2548 4070 in
2612 4013 2638 4068 J
2678 4016 2946 4079 rusalem,
3011 4031 3205 4072 omnes
3234 4018 3606 4086 querimoniae

2021 4105 2223 4174 quibus
2271 4121 2392 4159 eatn
2436 4105 2641 4174 plangit
2691 4103 2863 4171 Deus,
2909 4105 2976 4158 ad
3030 4121 3130 4160 nos
3181 4108 3452 4177 pertinent
3506 4109 3602 4177 qui

2021 4195 2363 4266 gustavimus
2395 4209 2703 4250 sermonem
2728 4193 2841 4260 Dei,
2878 4204 2931 4248 et
2962 4205 3150 4264 postea
3183 4199 3452 4252 mandatis
3482 4199 3602 4269 ejus

2022 4285 2296 4339 contraria
2346 4283 2596 4339 fecimus.
2644 4283 2764 4339 Non
2811 4285 3065 4354 plectitur
3125 4285 3433 4344 Salomonis
3474 4290 3601 4359 jura

2021 4386 2416 4439 contemnens,
2454 4390 2562 4429 non
2611 4379 2690 4433 sic
2717 4377 2941 4447 punitur
2983 4376 3216 4449 Lycurgi
3267 4381 3402 4435 scita
3437 4383 3602 4437 desti-

2024 4477 2203 4521 tuens.
2232 4465 2390 4520 Aliud
2423 4467 2750 4536 supplicium
2778 4477 2862 4522 est
2887 4468 3008 4538 ejus
3033 4469 3128 4539 qui
3159 4471 3329 4539 legem
3363 4470 3455 4524 Dei
3504 4488 3600 4541 per

326 4572 416 4618 tur
449 4564 670 4634 quidam
712 4575 768 4619 et
813 4573 1103 4630 secantur,
1135 4575 1221 4631 et,
1255 4575 1315 4620 ut
1353 4567 1428 4620 ita
1459 4567 1636 4620 dicam
1663 4609 1679 4633 ,
1711 4569 1913 4623 crebris

2026 4559 2242 4630 Moysen
2295 4559 2550 4613 traditam
2614 4563 2902 4616 conculcat
2946 4570 3004 4616 et
3045 4562 3306 4632 despicit;
3361 4565 3598 4623 maxima

329 4656 529 4710 ictibus
557 4655 983 4719 confodiuntur,
1028 4672 1130 4712 nec
1191 4667 1373 4712 tamen
1420 4669 1668 4728 pereunt.
1708 4659 1914 4714 Idcirco

327 4763 476 4802 nunc
522 4761 683 4816 poena
713 4748 1010 4801 novissima
1045 4748 1098 4801 in
1126 4751 1595 4804 enumerationem
1626 4766 1910 4820 positarum

331 4838 527 4892 mortis
561 4837 812 4892 infertur.
857 4837 1167 4892 Istiusmodi
1205 4839 1465 4908 quiddam
1505 4849 1561 4894 et
1601 4841 1912 4896 sacratissi-

327 4944 452 4983 mus
478 4929 777 5000 Apostolus
809 4931 1052 4984 sentiens
1071 4967 1086 4992 ,
1115 4917 1498 4999 loquebatur"
1529 4949 1546 4987 :
1577 4928 1910 4986 Nouissimas

328 5024 577 5076 inimicus
601 5022 910 5076 destruetur
937 5037 1102 5087 mors,
1135 5022 1349 5077 audebo
1382 5023 1583 5087 dicere,
1617 5026 1709 5078 sed
1738 5026 1912 5080 novis-

327 5113 492 5166 simus
523 5113 774 5166 inimicus
808 5112 1108 5166 destruetur
1147 5128 1310 5165 mors.
1355 5110 1483 5166 Fuit
1513 5114 1736 5182 quidam
1784 5124 1912 5169 ante

326 5218 558 5259 mortem
610 5205 897 5270 inimicus,
943 5204 995 5258 id
1044 5213 1130 5259 est
1163 5203 1477 5272 romphaea;
1537 5205 1639 5258 fuit
1685 5205 1906 5274 quidam

327 5305 454 5350 ante
481 5304 712 5350 mortem
734 5295 990 5349 inimicus
1023 5295 1216 5349 bestia:
1243 5294 1496 5363 pessimae
1519 5311 1534 5359 ;
1559 5294 1664 5349 fuit
1686 5298 1906 5365 quidam

326 5396 455 5441 ante
484 5387 689 5442 bestias
714 5387 984 5455 pessimas
1015 5385 1294 5449 inimicus,
1328 5384 1522 5441 fames.
1567 5385 1690 5442 Hrec
1722 5390 1908 5443 omnia

329 5478 553 5533 inimica
602 5489 731 5533 sttnt
773 5476 1054 5546 religionis
1102 5475 1360 5532 inimicis.
1409 5477 1468 5532 Si
1497 5479 1643 5532 enim
1675 5495 1785 5533 non
1823 5481 1906 5536 vis

327 5571 540 5624 amicus
565 5570 678 5624 licri
712 5568 821 5623 Deo
852 5569 1102 5622 invitanti
1136 5578 1187 5623 te
1211 5569 1277 5623 ad
1308 5570 1828 5635 reconciliationem,
1852 5581 1908 5626 et

326 5659 527 5714 dicenti
575 5676 672 5730 per
720 5658 1105 5728 Apostolum“
1143 5675 1158 5712 :
1205 5658 1432 5714 Obsecro
1477 5675 1566 5713 vos
1615 5676 1709 5729 per
1751 5660 1909 5715 Chri-

2021 4651 2264 4704 omnium
2309 4661 2393 4706 est
2436 4650 2556 4721 ejus
2587 4667 2742 4722 pinna
2783 4652 2876 4722 qui
2908 4663 3176 4722 praecepta
3214 4652 3336 4707 Filii
3377 4652 3470 4707 Dei
3501 4671 3599 4723 pm

2023 4743 2192 4796 nihilo
2239 4743 2475 4798 duxerit.
2539 4742 2762 4798 Irritam
2812 4746 2951 4798 enim
3007 4746 3125 4812 quis
3189 4745 3388 4811 faciens
3435 4746 3598 4816 legem

2021 4835 2219 4904 Moysi,
2250 4837 2361 4888 sine
2392 4835 2506 4890 ulla
2537 4838 2875 4890 miseratione
2907 4835 3108 4888 duobus
3135 4836 3210 4890 vel
3247 4837 3412 4892 tribus
3442 4839 3598 4893 testi-

2020 4926 2115 4979 bus
2146 4927 2372 4980 moritur
2393 4966 2406 4988 ,
2435 4937 2632 4998 quanto
2677 4928 2845 4995 magis
2874 4927 3077 4995 putatis
3105 4929 3366 4982 deteriora
3395 4929 3599 4999 suppli-

2018 5021 2102 5072 cia
2145 5020 2335 5072 mereri
2375 5018 2532 5072 illum
2581 5019 2674 5088 qui
2724 5016 2931 5071 Filium
2982 5019 3082 5073 Dei
3125 5021 3601 5075 conculruverit“?

2018 5108 2082 5164 lli
2112 5126 2241 5181 ergo
2269 5125 2410 5179 quos
2453 5110 2895 5164 euumeravimus
2942 5108 3139 5165 Filium
3179 5111 3269 5166 Dei
3319 5128 3426 5165 non
3459 5128 3597 5166 ron-

2016 5201 2401 5261 culcaverunt,
2471 5200 2563 5255 sed
2626 5207 2835 5254 tantum
2887 5199 3060 5270 legem
3118 5200 3212 5255 Dei
3265 5201 3596 5269 transgressi

2015 5301 2170 5358 sunt,
2231 5291 2580 5359 maximeque
2620 5289 2675 5342 hi
2725 5288 2818 5358 qui
2870 5298 2999 5345 ante
3046 5289 3338 5345 adventum
3381 5287 3599 5344 Domini

2018 5383 2256 5438 fuerunt.
2286 5382 2390 5436 Sed
2420 5397 2595 5452 neque
2625 5381 2679 5435 hi
2707 5381 2802 5451 qui
2833 5380 3225 5436 crucifixerunt
3258 5379 3595 5434 Salvatorem

2014 5489 2197 5528 meum
2232 5474 2309 5527 rei
2343 5480 2471 5525 sunt
2499 5471 2734 5540 ingentis
2761 5486 2968 5539 prunas,
3015 5471 3156 5524 sicut
3194 5470 3250 5524 bi
3297 5469 3498 5538 quibus
3523 5471 3599 5524 ait

2015 5563 2371 5636 Apostolus"
2414 5579 2427 5614 :
2476 5561 2680 5615 Filium
2714 5563 2811 5617 Dei
2845 5563 3194 5628 conculcans,
3227 5561 3443 5630 spiritui
3473 5577 3600 5629 gra-

2015 5659 2104 5712 tia:
2135 5655 2510 5710 contumeliam
2543 5655 2781 5724 faciens;
2811 5664 2866 5710 et
2899 5655 2945 5710 si
2977 5653 3109 5724 quid
3149 5654 3295 5708 aliud
3325 5652 3603 5722 significat

399 5779 446 5810 ⁸³
473 5776 664 5832 Matth.
697 5792 753 5841 κ,
787 5775 877 5829 54.
953 5775 999 5805 ⁸³
1025 5773 1159 5829 Luc.
1189 5789 1288 5835 xu.
1321 5774 1410 5828 59.
1466 5774 1512 5805 ⁸⁵
1539 5772 1682 5828 Psal.
1713 5791 1810 5840 vn,
1837 5775 1913 5832 1οι

2018 5772 2088 5826 ιιι
2119 5772 2245 5828 Cor.
2281 5784 2368 5835 xv,
2398 5768 2491 5825 36.
2567 5767 2615 5800 “
2641 5766 2683 5824 ll
2706 5768 2834 5826 Cor.
2862 5785 2916 5836 v,
2947 5767 3039 5824 20.
3114 5768 3158 5802 ⁸⁷
3190 5765 3360 5823 lCor.
3393 5781 3476 5834 ttt,
3504 5766 3594 5825 l3.

333 5840 380 5881 ⁸⁸
415 5849 454 5903 ιι
485 5848 630 5903 Petr.
668 5840 851 5914 ψει.
928 5844 971 5875 ⁸³
1001 5843 1227 5911 ιΙρΙιτ.χ,
1249 5844 1340 5910 ‘28,
1369 5845 1459 5902 2‘).
1539 5844 1584 5875 '°
1613 5844 1743 5900 ibid.
