4070 6296
509 398 605 456 707

1629 398 1948 454 ORIGENIS
1985 397 2054 454 lN
2088 395 2520 453 EZECIHELELI

3643 404 3748 458 708

509 517 563 570 itt
591 533 658 572 eo
685 517 806 571 loco
835 517 886 570 in
921 532 1029 585 quo
1066 532 1253 572 eorum
1280 527 1496 586 peccata
1539 518 1795 588 replicat,
1821 518 1914 586 qui
1950 524 2070 585 post
2100 519 2142 572 Α
2171 527 2334 580 opera
2377 513 2667 568 necessarii
2702 530 2834 580 usus
2863 515 2930 569 ad
2962 517 3414 584 ministrantium;
3448 521 3517 574 de
3544 520 3748 589 palmi-

507 609 665 662 lidem
692 607 744 661 in
779 607 939 660 Deum
969 619 1348 675 peccaverunt.

577 698 628 750 4.
667 695 787 749 llaec
822 706 1038 764 propter
1070 705 1306 764 quatuor
1351 695 1588 751 ultiones
1636 698 1904 767 pessimas
1950 713 2072 767 quae

507 787 833 840 inducuntur
859 801 1020 854 super
1046 783 1371 841 Jerusalem.
1421 785 1486 840 Et
1523 801 1715 842 omnes
1739 789 1952 858 quidem
1981 791 2068 858 qni

507 878 794 932 didicimus
828 879 1042 932 divinas
1065 877 1403 947 Scripturas,
1443 882 1555 936 sive
1584 881 1738 945 bene,
1772 883 1885 936 sive
1934 884 2072 936 male

510 969 786 1032 vivamus,
823 969 1123 1023 Jerusalem
1176 985 1389 1024 sumus.
1417 969 1470 1024 Si
1507 972 1644 1026 male
1686 973 1948 1035 vivimus,
1984 973 2070 1027 illa

498 1059 802 1116 Jerusalem
851 1077 971 1130 quae
1025 1062 1358 1118 cruciatibus
1416 1064 1677 1133 punitur,
1744 1077 1796 1119 et
1840 1066 2070 1120 sustinet

501 1164 737 1220 quatuor
784 1154 1053 1218 ultiones;
1098 1151 1142 1204 si
1182 1152 1353 1217 bene,
1399 1153 1490 1206 illa
1513 1151 1810 1209 Jerusalem
1853 1171 1973 1224 qum
2015 1157 2067 1208 in

505 1243 596 1298 Dei
641 1244 766 1298 sinn
816 1243 1127 1313 requiescit.
1189 1247 1255 1300 Et
1283 1255 1366 1302 est
1405 1263 1602 1318 magna
1636 1247 1890 1302 distantia
1924 1257 1982 1302 ut
2015 1249 2067 1301 in

501 1336 706 1405 reliqua
756 1346 932 1399 terra,
979 1336 1059 1392 sic
1108 1348 1164 1392 et
1215 1339 1268 1392 in
1322 1339 1437 1409 ipsa
1483 1339 1806 1396 Jerusalem.
1869 1339 2069 1394 Omnes

500 1429 644 1480 enim
681 1428 771 1496 qtti
811 1428 861 1480 in
890 1427 1132 1482 Ecclesia
1177 1439 1490 1499 peccatores
1529 1439 1678 1494 sunt,
1727 1431 1822 1500 qui
1860 1446 2071 1485 sermo-

500 1535 625 1572 nem
651 1517 743 1573 Dei
769 1529 1141 1588 gustaverttnt,
1186 1530 1240 1575 ct
1276 1523 1753 1592 transgrediuntur
1774 1537 1919 1585 cum,
1957 1538 2069 1577 me-

499 1618 690 1662 rentur
718 1610 1005 1680 supplicia,
1033 1626 1221 1664 verum
1255 1626 1351 1678 pro
1381 1612 1545 1665 modo
1583 1611 1850 1682 graduum
1900 1627 2070 1667 unus-

498 1700 736 1770 quisque
787 1701 1147 1770 torquebitur.
1199 1700 1458 1772 Majorem
1505 1718 1723 1773 poenam
1770 1702 1933 1758 habet
1975 1704 2068 1773 qui

505 1788 758 1844 Ecclesia:
791 1793 1038 1861 praasidet
1072 1801 1126 1847 et
1147 1792 1429 1864 delinquit.
1469 1794 1666 1849 Annon
1702 1794 1875 1868 magis
1906 1796 2070 1850 mise-

502 1879 792 1934 ricordiam
851 1892 1193 1951 promeretur
1249 1862 1322 1936 ad
1366 1885 1828 1953 comparationem
1895 1862 2140 1940 ﬁdelisB

504 1970 967 2026 catecltumenus?
998 1971 1116 2027 Non
1151 1974 1324 2041 magis
1354 1975 1510 2028 venia
1538 1975 1735 2044 dignus
1764 1985 1847 2030 est
1873 1976 2064 2042 laicus,

503 2060 548 2113 si
576 2061 641 2113 ad
669 2062 956 2116 diaconum
1009 2064 1363 2120 conferatur?
1397 2082 1614 2120 rursum
1661 2069 2069 2136 comparatione

502 2152 818 2222 presbyteri,
873 2154 1138 2209 diaconus
1187 2157 1396 2210 veniam
1447 2157 1567 2226 plus
1620 2160 1896 2213 tueretur?
1937 2161 2069 2228 Quae

502 2251 681 2295 autem
725 2255 1042 2312 sequantur,
1087 2262 1174 2300 tne
1213 2256 1425 2303 tacente
1463 2251 1811 2318 cognoscitis.
1857 2253 2066 2308 Idcirco

499 2331 800 2391 formidans
842 2337 1106 2406 judicium
1147 2338 1278 2406 Dei,
1317 2350 1369 2395 et
1396 2352 1520 2396 ante
1554 2344 1741 2398 oculos
1777 2345 1908 2398 mihi
1939 2361 2066 2415 pro-

497 2441 708 2496 ponens
769 2430 1156 2508 illum_judicii
1207 2434 1451 2488 ordinem
1507 2435 1600 2504 qui
1661 2435 1712 2489 in
1770 2437 2068 2505 Scriptnris

498 2517 826 2583 continetur,
877 2523 1134 2575 recordor
1168 2523 1301 2577 dicti
1359 2523 1505 2578 illius
1541 2540 1555 2574 :
1586 2523 1800 2580 Pontius
1839 2529 1982 2580 ultra
2021 2539 2068 2580 te

499 2623 560 2660 ne
599 2607 752 2663 leves.
798 2611 899 2664 Sed
945 2621 998 2666 et
1033 2613 1230 2668 illud“
1256 2633 1268 2668 :
1299 2612 1425 2667 Noli
1460 2631 1691 2685 quat-ere
1730 2618 1846 2686 ﬁeri
1887 2619 2067 2685 iudex,

497 2715 562 2752 ne
595 2715 697 2752 non
723 2701 898 2754 taleas
931 2721 996 2755 an
1006 2704 1144 2773 ferre
1169 2707 1497 2776 iniquitates.
1525 2707 1666 2773 Quid
1692 2709 1827 2762 mihi
1850 2712 2067 2778 prodest

495 2791 625 2856 quia
667 2791 816 2859 prior
849 2793 1012 2848 sedeo
1049 2795 1104 2849 in
1145 2798 1402 2851 cathedra
1441 2797 1762 2868 resupinus,
1803 2800 2067 2857 honorem

500 2882 724 2949 majoris
763 2885 1000 2952 accipio,
1031 2901 1130 2940 nec
1158 2901 1382 2956 possunt
1418 2889 1617 2944 habere
1657 2891 1918 2962 dignitate
1947 2908 2068 2948 mea

497 2984 660 3037 Opt‘l'a
710 2973 1011 3043 condigna?
1061 2973 1253 3031 Nonne
1303 2979 1496 3048 majori
1549 2996 1707 3050 pmna
1761 2984 2066 3050 cruciabor,

500 3064 628 3128 quia
665 3062 838 3116 honor
879 3064 1013 3133 justi
1061 3067 1194 3120 ntihi
1239 3068 1307 3123 ab
1352 3072 1610 3127 omnibus
1648 3073 1908 3139 defertur,
1944 3091 2066 3130 cum

497 3161 751 3220 peccator
794 3154 935 3208 sim?
972 3155 1349 3214 Necessarium
1390 3161 1492 3216 fuit
1530 3164 1841 3234 diligentius
1890 3180 2063 3222 retra-
2090 3189 2133 3247 (ς

499 3250 735 3296 ctantent
776 3260 838 3298 ea
869 3261 992 3314 qua:
1020 3248 1086 3302 de
1118 3261 1352 3318 quatuor
1382 3265 1537 3308 tet-rte
1577 3256 1876 3312 ultionibtts
1917 3260 2065 3315 dicc-

499 3328 723 3392 bantur.
759 3331 812 3385 id
855 3335 1072 3400 addere,
1102 3339 1245 3406 quod
1275 3338 1576 3396 Jerusalem
1614 3346 1813 3415 quippe
1855 3357 1973 3401 erat
2012 3351 2065 3403 in

501 3419 648 3474 tribu
689 3421 1006 3493 Benjamin;
1057 3435 1112 3510 et
1162 3431 1475 3486 sacerdotes
1525 3436 1743 3505 templi,
1793 3447 1847 3492 et
1874 3437 2073 3495 Levita:

499 3512 594 3580 qui
640 3511 735 3567 Dei
787 3515 1104 3574 ministeriis
1159 3521 1488 3588 serviebant,
1513 3531 1567 3580 et
1621 3513 1802 3582 caeteri
1855 3531 2074 3586 ordines

495 3619 638 3672 quos
666 3603 962 3676 Scriptura:
1001 3624 1184 3667 sermo
1223 3615 1664 3683 comprehendit,
1701 3617 1756 3672 in
1798 3635 1860 3674 ea
1893 3637 2074 3677 mora-

501 3695 716 3749 bantur.
745 3695 871 3751 Htec
898 3700 1097 3770 accipit
1123 3712 1358 3771 quatuor
1386 3705 1618 3762 ultiones
1643 3709 1932 3776 pessimas,
1953 3727 2076 3781 qute

499 3801 608 3841 non
649 3797 778 3842 sunt
806 3789 1013 3847 similes
1059 3794 1110 3846 in
1146 3794 1230 3849 his
1260 3797 1353 3865 qui
1392 3797 1444 3850 in
1487 3813 1548 3851 ea
1577 3798 1841 3854 habitant.
1887 3801 2075 3872 Neque

497 3877 642 3930 enim
685 3879 876 3934 eodem
919 3885 1079 3938 modo
1119 3893 1175 3939 et
1219 3885 1285 3939 ad
1319 3889 1616 3956 populum,
1655 3901 1710 3946 et
1752 3893 1818 3946 ad
1861 3892 2075 3950 Levitas

501 3971 856 4026 comminatio
899 3974 1175 4043 dirigitur.
1229 3975 1499 4032 lsraelites
1543 3980 1687 4033 enim
1736 3997 1970 4050 peccans
2020 3984 2073 4037 in

502 4065 860 4123 lsraeliticum
887 4067 1144 4121 delictum
1194 4069 1422 4123 corruit.
1451 4068 1557 4135 Qui
1581 4079 1760 4124 autem
1793 4071 1967 4141 major
1993 4081 2078 4126 est

501 4158 570 4212 ab
601 4157 840 4213 Israelita
861 4198 875 4220 ,
913 4168 1120 4228 quanto
1164 4160 1400 4214 nobilior
1425 4160 1595 4214 fuerit.
1626 4162 1679 4216 in
1711 4163 1900 4217 ordine
1929 4164 2074 4218 idem

503 4247 717 4303 Levites
746 4258 800 4303 et
830 4249 1086 4304 sacerdos
1113 4289 1127 4313 ,
1175 4257 1325 4303 tanto
1361 4251 1568 4315 majora
1600 4253 1860 4321 supplicia
1907 4258 2075 4308 susti-

503 4343 670 4396 nebit.
718 4341 774 4394 Si
815 4351 996 4394 autem
1057 4341 1306 4409 princeps
1349 4343 1690 4396 sacerdotum
1746 4346 2073 4411 peccaverit,

501 4437 632 4492 dicit
660 4436 724 4488 ad
753 4450 875 4488 cntn
898 4432 1012 4486 lleli
1039 4433 1401 4485 consacerdos
1424 4449 1556 4486 suus
1577 4436 1651 4486 "z
1678 4433 1736 4487 Si
1769 4436 2074 4506 tlclinqucns

2174 605 2318 660 tibus
2347 615 2525 660 autem
2565 608 2689 662 vitis
2717 624 2825 664 non
2851 609 3026 661 solum
3061 624 3156 662 vas
3179 610 3396 680 aliquod
3422 621 3474 664 et
3516 613 3573 665 itt
3604 628 3748 682 opus

2175 697 2302 749 utile
2329 697 2458 766 quid
2489 698 2605 752 fieri
2635 714 2743 752 non
2783 708 2985 767 potest,
3021 699 3115 753 sed
3145 716 3319 768 neque
3352 701 3592 769 paxillus
3620 705 3748 772 qui-

2173 786 2291 839 dem
2339 797 2426 840 est
2469 788 2638 844 utilis.
2685 789 2774 842 Ait
2815 804 2943 856 ergo
2987 805 3167 847 sermo
3217 791 3454 857 divinus,
3498 793 3637 862 quia
3686 806 3746 849 ιιι

2173 877 2376 945 palmes
2407 878 2531 932 vitis
2564 879 2934 934 honorabilior
2964 882 3024 934 lit
3054 882 3274 936 caeteris
3311 882 3495 952 lignis,
3528 884 3577 942 si
3611 885 3744 941 alio.

2173 977 2256 1022 rat
2287 968 2515 1035 fructus,
2542 971 2623 1027 sic
2655 972 2724 1025 ab
2753 973 3011 1026 onmibus
3040 972 3266 1028 inferior
3288 974 3586 1044 judicetur,
3610 977 3658 1030 si
3687 978 3740 1031 id

2172 1074 2278 1112 non
2308 1060 2500 1114 habeat
2542 1063 2682 1116 unde
2721 1064 3005 1132 praecellit,
3046 1074 3209 1134 atque
3240 1066 3295 1119 in
3330 1067 3477 1120 hunc
3513 1069 3739 1125 modum

2171 1162 2267 1202 eos
2317 1151 2408 1218 qui
2455 1149 2647 1205 imbuti
2695 1161 2824 1206 sunt
2865 1154 3096 1223 eloquiis
3153 1153 3248 1208 Dei
3303 1157 3742 1212 bonorabiliores

2172 1254 2294 1293 esse
2321 1241 2595 1304 omnibus,
2621 1249 2676 1295 et
2705 1257 3032 1312 quocunque
3063 1244 3226 1297 modo
3257 1245 3309 1297 in
3337 1245 3510 1300 vinea:
3534 1248 3745 1316 positos

2169 1328 2460 1399 dignitate,
2521 1348 2644 1386 cum
2693 1333 2920 1387 ail‘crant
2984 1333 3254 1406 fructust
3294 1336 3480 1392 botros
3545 1339 3742 1393 salutis

2171 1420 2236 1474 de
2265 1436 2373 1489 qua
2409 1422 2669 1492 scriptum
2696 1433 2780 1477 est
2800 1424 2882 1476 ’δε
2917 1423 3028 1493 Ego
3055 1442 3174 1478 vero
3199 1435 3247 1478 te
3264 1426 3501 1493 plantavi
3531 1428 3738 1481 vineam

2170 1512 2534 1581 fructiferam,
2581 1523 2745 1568 totum
2795 1531 2990 1569 verum.
3028 1514 3094 1568 Et
3123 1516 3253 1570 alibi
3276 1517 3360 1568 “:
3415 1516 3582 1571 Vinea
3627 1518 3740 1571 Do-

2170 1604 2301 1656 mini
2343 1605 2531 1657 domus
2580 1603 2754 1658 Israel
2783 1615 2882 1660 est.
2929 1605 2997 1660 Et
3036 1622 3256 1661 rursum
3281 1609 3368 1661 ":
3407 1607 3634 1663 Vineam
3681 1611 3745 1662 de

2170 1693 2403 1763 Egypto
2431 1696 2776 1763 transtulisti,
2797 1705 2851 1750 et
2884 1697 3132 1766 reliqua;
3167 1698 3214 1752 si
3245 1707 3424 1752 autem
3458 1716 3570 1753 non
3599 1711 3745 1754 attu-

2172 1784 2332 1839 lerint
2354 1784 2584 1852 fructus,
2616 1786 2669 1840 itt
2693 1795 2904 1841 tantum
2934 1796 2996 1841 ut
3027 1803 3057 1840 a
3086 1787 3196 1842 Deo
3227 1789 3333 1843 dici
3360 1789 3560 1857 possit,
3595 1789 3744 1853 Quo-

2170 1876 2322 1928 modo
2347 1892 2596 1932 conversa
2626 1894 2679 1932 es
2710 1879 2765 1932 in
2806 1879 3220 1933 amaritudinem
3279 1880 3401 1934 uitis
3444 1882 3642 1935 aliena:
3665 1882 3744 1934 ³τῖ

2169 1976 2300 2023 tunc
2344 1970 2516 2024 multo
2559 1971 2864 2027 deteriores
2914 1972 3144 2026 inveniri
3183 1973 3251 2027 ab
3281 1973 3368 2027 his
3400 1972 3588 2042 lignis,
3621 1989 3743 2042 quae

2169 2060 2295 2116 licet
2321 2063 2506 2118 viliora
2539 2064 2668 2128 sint,
2701 2073 2882 2118 tamen
2911 2080 3042 2120 suos
3067 2065 3299 2120 all‘erunt
3323 2066 3556 2121 fructus.
3589 2065 3741 2132 Quo-

2170 2153 2332 2207 modo
2375 2156 2520 2211 enim
2546 2157 2863 2224 praecellunt
2902 2157 3046 2224 ligna
3078 2157 3335 2211 silvarum
3369 2158 3562 2212 vineas
3599 2159 3737 2212 infe-

2171 2257 2343 2309 races,
2362 2246 2554 2300 eodem
2588 2247 2748 2299 modo
2777 2246 2918 2300 intra
2953 2247 3246 2314 quamdam
3271 2248 3736 2317 dispensotionetn

2169 2334 2446 2402 sapientiae
2489 2335 2686 2389 divina:
2724 2349 2790 2390 ex
2827 2335 2988 2405 lignis
3017 2336 3300 2392 vilioribus
3334 2339 3514 2408 aliqua
3550 2341 3738 2394 domui

2170 2427 2477 2480 necessaria
2516 2424 2874 2483 fabricantur.
2936 2425 3120 2496 Neque
3160 2444 3288 2481 vero
3335 2429 3591 2494 turberis,
3644 2448 3740 2500 pn-

2171 2524 2292 2570 tans
2337 2532 2436 2570 nos
2469 2529 2619 2570 extra
2652 2515 2962 2586 Scripturas
3002 2518 3269 2574 allirmare
3299 2521 3446 2589 quod
3477 2521 3734 2577 dicimus.

2171 2605 2410 2660 futurum
2445 2623 2565 2661 esse
2599 2617 2657 2660 ut
2680 2608 2749 2662 de
2781 2608 2939 2678 lignis
2967 2610 3113 2663 silvae
3145 2611 3350 2679 aliquid
3381 2613 3510 2666 utile
3543 2615 3659 2676 liat,
3688 2610 3741 2666 id

2168 2707 2251 2752 est
2277 2699 2345 2754 de
2375 2715 2462 2753 me
2487 2699 2624 2768 ipso,
2645 2701 2689 2754 si
2720 2716 2826 2754 non
2850 2701 3080 2755 attulere
3096 2704 3344 2772 proprios
3369 2713 3576 2759 natura:
3611 2721 3742 2758 mete

2171 2787 2415 2855 fructus;
2473 2791 2519 2844 si
2547 2791 2762 2860 quidem
2793 2800 2847 2845 et
2877 2792 3171 2862 Apostolus
3221 2795 3508 2865 imaginem
3542 2813 3742 2866 quant-

2169 2884 2296 2938 tlatn
2329 2899 2521 2939 eorum
2555 2899 2813 2939 vasorum
2841 2901 2962 2954 quae
2990 2894 3119 2939 sunt
3151 2886 3203 2939 in
3240 2888 3476 2942 humana
3513 2903 3745 2942 conver-

2169 2978 2382 3034 satione
2422 2977 2675 3040 assumit,
2704 2977 2960 3032 dicens”
2993 2977 3096 3032 ειη
3142 2995 3334 3045 magna
3370 2990 3544 3033 autem
3584 2981 3744 3033 domo

2171 3086 2272 3122 non
2313 3069 2484 3122 solum
2513 3079 2778 3122 suntvasa
2819 3085 2979 3122 aurea
3021 3077 3071 3122 et
3103 3069 3267 3140 376
3295 3073 3672 3140 argentea,setl
3699 3078 3744 3122 et

2168 3161 2342 3230 lignea
2359 3169 2408 3214 et
2435 3159 2621 3228 ﬁctilia
2642 3161 2794 3230 (nota
2815 3161 2941 3228 quia
2961 3176 3086 3214 vasa
3113 3163 3286 3233 lignea
3306 3165 3745 3232 nuncupat/criti,

2174 3260 2222 3303 et
2243 3249 2354 3302 alia
2372 3249 2586 3318 quidem
2616 3251 2670 3302 in
2695 3251 2960 3316 honorem,
2991 3251 3099 3304 alia
3130 3269 3248 3306 vero
3269 3254 3323 3306 in
3346 3254 3742 3306 contumeliam.

2174 3341 2278 3396 Ista
2308 3355 2435 3394 vasa
2464 3340 2638 3410 lignea
2664 3356 2786 3410 quae
2807 3356 2928 3396 esse
2965 3342 3018 3396 in
3046 3359 3236 3413 magna
3267 3344 3429 3396 domo
3451 3345 3748 3412 Apostolus

2173 3434 2450 3500 praedicat,
2484 3449 2590 3486 non
2623 3443 2753 3488 sunt
2787 3434 2926 3489 facta
2963 3436 3032 3490 de
3063 3437 3284 3500 vitibus,
3319 3453 3424 3490 non
3453 3437 3518 3490 de.
3545 3438 3745 3506 palmi-

2174 3521 2322 3576 tibus
2363 3523 2682 3582 vinearum.
2735 3523 2828 3578 sed
2870 3541 2938 3579 ex
2979 3526 3100 3580 aliis
3146 3527 3334 3595 lignis,
3380 3542 3501 3595 quae
3537 3527 3746 3580 vilioris

2173 3613 2382 3668 ordinis
2443 3613 2497 3666 in
2559 3615 2874 3670 nemoribus
2928 3615 3408 3672 fructilicaverunt.
3467 3617 3745 3683 Quantum

2173 3718 2306 3772 ergo
2341 3705 2542 3759 malum
2568 3714 2673 3768 est,
2703 3718 2757 3760 et
2781 3708 2943 3774 quale
2975 3707 3266 3762 discrimen
3301 3718 3360 3763 ut
3387 3710 3528 3778 ligna
3564 3725 3748 3779 quon-

2174 3795 2295 3849 dam
2327 3796 2455 3850 vilia
2478 3797 2824 3852 inveniantur
2841 3799 2893 3852 itt
2920 3814 3112 3867 magna
3131 3799 3534 3868 patrisfamilias
3559 3803 3744 3862 domo,

2175 3896 2229 3940 et
2252 3888 2459 3954 palmes
2480 3888 2606 3942 vitis
2631 3905 2766 3944 mea:
2789 3890 2995 3944 inutilis
3021 3890 3073 3942 itt
3098 3891 3263 3944 domo
3293 3892 3453 3953 sit,et
3484 3892 3534 3946 in
3567 3894 3742 3962 ignem

2176 3979 2534 4047 projiciatur?
2567 3978 2680 4034 Hoc
2713 3979 2858 4033 enim
2916 3980 3175 4049 scriptum
3215 3990 3317 4045 est,
3347 3983 3474 4052 quia
3507 3998 3744 4036 annnam

2176 4066 2507 4135 putationem
2563 4067 2684 4136 ejus
2737 4078 3026 4125 consumat
3080 4071 3239 4140 ignis.
3311 4069 3433 4125 Haec
3499 4072 3550 4124 in
3610 4070 3747 4124 Eze-

2175 4157 2426 4212 chielem.
2471 4158 2718 4213 Salvator
2742 4174 2871 4213 vero
2908 4159 3073 4228 hujus
3117 4161 3384 4229 parabolae
3433 4177 3652 4215 sensum
3691 4163 3743 4215 in

2178 4247 2474 4319 Evangelio
2508 4251 2580 4304 ita
2615 4252 2947 4320 perstrinxit,
2975 4253 3164 4306 dicens
3187 4255 3272 4305 "z
3321 4253 3432 4324 Ego
3456 4270 3568 4307 sum
3602 4256 3736 4312 vitis.

2175 4355 2262 4391 vos
2292 4339 2553 4406 palmites,
2579 4338 2740 4393 Pater
2773 4356 2917 4394 meus
2943 4342 3196 4412 agricola;
3235 4342 3452 4398 Omnem
3477 4345 3742 4409 palantem

2175 4430 2266 4497 qui
2291 4429 2344 4481 in
2369 4445 2449 4482 me
2477 4439 2647 4482 manet
2677 4441 2727 4483 et
2757 4434 2986 4498 tractum
3019 4432 3193 4499 affert,
3219 4432 3380 4486 Pater
3405 4449 3546 4487 meus
3573 4444 3743 4502 putat,

500 4529 787 4598 peccaverit
831 4526 910 4577 vir
955 4525 1012 4576 in
1040 4525 1229 4587 virum,
1283 4522 1503 4575 orabunt
1549 4541 1642 4592 pro
1686 4541 1779 4588 eo;
1826 4527 2072 4580 siautem

2181 4526 2236 4569 ut
2271 4517 2473 4584 fructus
2505 4518 2736 4584 majores
2778 4519 3005 4586 afferat;
3030 4523 3299 4589 palmitem
3340 4524 3430 4591 qui
3475 4535 3646 4576 manet
3695 4524 3746 4574 in

503 4619 557 4671 in
585 4618 863 4670 Dominum
893 4613 1201 4681 peccaverit,
1228 4613 1343 4681 quis
1375 4613 1544 4664 orabit
1575 4630 1669 4681 pro
1714 4630 1772 4667 eo
1793 4616 1818 4666 ?
1863 4615 1989 4670 Haec
2016 4618 2070 4670 in

507 4708 904 4775 expositionem
956 4704 1076 4773 ejus
1125 4702 1416 4766 sermonis,
1445 4717 1558 4770 quo
1597 4704 2073 4760 comminabantur

503 4808 559 4853 et
592 4799 818 4867 singqu
853 4797 1165 4864 specialiter
1206 4795 1259 4847 in
1290 4794 1646 4862 peccatricem
1681 4804 1878 4849 terram
1913 4798 2074 4867 ultio:

506 4907 624 4952 ncs,
657 4900 709 4942 et
743 4888 942 4955 pariter
973 4897 1310 4956 congregatae
1351 4887 1403 4938 in
1444 4885 1713 4940 infelicem
1747 4886 2070 4943 Jerusalem.

577 4980 633 5034 5.
677 4976 970 5031 Videamus
999 4987 1178 5030 autem
1209 4985 1263 5030 et
1291 4978 1577 5046 sequentia
1605 4978 1918 5050 Scripturtc.
1947 4981 2078 5047 Quae

503 5087 631 5128 cum
679 5069 733 5122 in
772 5067 1032 5137 parabola
1078 5067 1312 5121 audierit
1374 5071 1666 5138 propheta,
1720 5086 1819 5124 nos
1865 5082 2074 5125 tantum

503 5177 728 5220 sensum
761 5160 1022 5214 debemus
1060 5173 1352 5228 exponere,
1380 5159 1558 5228 ipsum
1599 5161 1900 5215 testimonii
1931 5163 2080 5216 ordi-

505 5271 629 5310 nent
675 5251 1132 5319 tlerelinquentes,
1167 5260 1220 5304 et
1248 5251 1554 5304 auditorem
1603 5252 1878 5306 mittentes
1909 5251 1976 5305 ad
2011 5254 2075 5306 li-

505 5351 662 5404 brum
679 5347 751 5401 θ’.
776 5346 1004 5416 Lignum
1027 5344 1152 5398 vitis
1169 5354 1227 5397 ut
1253 5345 1305 5397 in
1342 5341 1525 5397 fructu
1564 5353 1648 5395 est
1699 5341 2077 5398 ltonorabilius

503 5438 670 5509 lignis
723 5438 1001 5500 omnibus,
1043 5436 1281 5489 maxime
1339 5435 1422 5488 his
1474 5450 1597 5503 qua:
1633 5432 1684 5484 in
1723 5431 1862 5486 saltu
1889 5430 2082 5487 fructi-

510 5533 694 5589 licant,
725 5529 802 5582 sic
830 5529 895 5581 ad
922 5536 1117 5581 cmtera
1152 5541 1315 5596 opera
1349 5525 1599 5578 inutilius
1625 5523 1877 5577 omnibus
1919 5523 2080 5590 lignis

506 5629 612 5673 est.
647 5619 709 5671 Et
740 5619 956 5672 vasmla
990 5620 1235 5687 qmedatn
1269 5625 1495 5687 possunt
1526 5615 1665 5675 ﬁeri.
1695 5626 1750 5668 et
1785 5614 1837 5666 itt
1863 5614 2077 5669 diversa

581 5729 625 5797 ’}
663 5727 825 5780 Eccli.
874 5745 974 5787 vn,
1011 5733 1062 5781 ti.
1141 5733 1186 5762 θ’
1221 5729 1238 5781 1
1268 5731 1402 5797 Reg.
1454 5745 1513 5789 tt,
1565 5728 1657 5781 25.
1728 5729 1775 5797 ξ’
1818 5726 2014 5781 Ezech.
2063 5745 2073 5781 ι

2223 5728 2272 5759 ’⁸
2308 5725 2506 5782 Jercm.
2567 5742 2625 5781 tt.
2655 5726 2748 5781 2!.

1077 5795 1455 5862 ⁹⁸11Τιιιιῖιι,
1487 5799 1575 5850 20.
1649 5798 1694 5829 ἰ’
1725 5795 1883 5850 Joan.
1916 5813 2012 5863 xv,
2044 5799 2094 5851 5.
2131 5820 2137 5826 ·

511 5795 557 5828 ⁸⁷
594 5796 791 5851 Jet'em.
822 5813 880 5860 tt,
911 5797 1000 5849 9t.

2181 4623 2262 4660 me
2287 4616 2335 4659 et
2366 4609 2596 4674 fructum
2625 4625 2728 4661 non
2753 4609 2930 4676 affert,
2971 4608 3134 4664 Pater
3175 4628 3321 4666 mens
3351 4614 3568 4678 excidit,
3602 4625 3651 4667 et
3691 4616 3744 4666 in

2179 4700 2351 4767 ignem
2384 4698 2568 4750 mittit.
2603 4697 2766 4752 Vides
2799 4701 3128 4756 vicinitatem
3161 4713 3519 4771 utrorumque
3537 4720 3747 4759 sermo-

2183 4788 2353 4842 nutn?
2406 4786 2565 4842 Vides
2599 4791 2872 4856 quomodo
2910 4790 3071 4846 Pater
3101 4793 3351 4858 excidat,
3385 4807 3437 4848 et
3471 4796 3524 4848 ιιι
3565 4795 3742 4864 ignem

2179 4879 2386 4949 jaciat?
2443 4877 2556 4934 Nos
2622 4881 2883 4936 inseaaati
2936 4883 3095 4952 quasi
3158 4885 3477 4955 negligenda
3524 4888 3743 4956 quidem

2183 4967 2466 5037 Scriptura
2496 4967 2587 5033 sit,
2621 4969 2867 5023 nolentes
2912 4986 2974 5024 ea
3002 4971 3213 5025 discere
3235 4987 3359 5040 qua:
3392 4971 3551 5027 nobis
3589 4973 3748 5027 incu-

2182 5061 2318 5115 tiant
2346 5069 2574 5124 metum,
2601 5059 2694 5114 sed
2724 5075 2787 5114 ea
2809 5061 2998 5115 audire
3015 5063 3295 5131 cupientes
3315 5078 3438 5131 quae
3455 5065 3748 5132 prurienti-

2178 5154 2284 5207 ιω
2311 5151 2539 5206 auribus
2575 5151 2848 5206 incutiunt
2876 5152 3226 5220 voluptatem.
3272 5153 3504 5209 libenter
3539 5153 3748 5211 audivi-

2181 5261 2306 5300 mus
2342 5261 2466 5315 qua:
2496 5260 2595 5301 nos
2634 5246 2970 5312 subvertant,
3009 5261 3131 5314 quae
3162 5246 3454 5314 decipiant.
3485 5245 3592 5312 Qui
3621 5245 3752 5302 dicit

2177 5337 2428 5407 proximo
2461 5352 2584 5403 suo,
2630 5337 2862 5406 ignoscit
2899 5336 3062 5391 nobis
3105 5345 3324 5404 peccata
3370 5344 3555 5390 nostra
3587 5334 3748 5397 Dens,

2176 5431 2228 5485 si
2261 5429 2480 5500 quidem
2517 5438 2571 5483 ct
2608 5428 2662 5482 in
2695 5428 2894 5482 talibus
2921 5427 3276 5482 sacramentis
3307 5426 3564 5490 ludimus.
3593 5427 3750 5480 vicis-

2179 5520 2284 5573 sim
2312 5520 2471 5573 nobis
2495 5519 2834 5588 pollicentes,
2857 5533 3108 5587 mappam
3142 5519 3317 5572 mittet
3339 5516 3502 5572 Deus.
3625 5519 3750 5586 quia

2185 5612 2360 5666 bonus
2386 5620 2506 5675 est,
2539 5619 2596 5665 et
2624 5610 2868 5665 omnium
2902 5621 3120 5678 peccata
3155 5609 3437 5675 dissolvit,
3470 5611 3751 5678 oportebat

2819 5727 2868 5760 ³³
2899 5724 3001 5780 lsa.
3033 5741 3084 5790 r,
3113 5725 3162 5779 '7.
3243 5727 3288 5756 "
3317 5725 3658 5786 Psallam.
3697 5723 3730 5778 9
