4070 6296
300 347 406 400 τοο

1704 355 1986 411 ΙῙΟΜΙΙλΙΛ
2030 357 2116 413 γι.

3453 368 3549 423 ’ῖεο

296 481 400 522 nos
427 466 636 530 sedere,
666 477 721 523 et
743 469 975 525 sollicito
1003 472 1168 527 corde
1197 472 1420 529 dicere:
1450 476 1495 530 si
1524 477 1638 530 beri
1673 491 1864 545 peccao
1898 485 1943 537 Α
1969 479 2118 547 quod
2158 479 2214 533 in
2238 478 2522 534 Ezechiele
2567 479 2849 533 admiror?
2891 480 3030 546 Quia
3083 497 3208 536 cum
3259 482 3309 536 ei
3352 481 3552 538 fuisset

295 555 512 623 vimus,
569 557 733 615 hodie
785 562 1160 630 penitentiam
1196 579 1442 635 agamus.
1513 565 1708 621 Verum
1742 568 1870 622 huic

295 649 507 717 palmiti
555 649 780 716 (animal
811 652 1011 722 quippe
1043 656 1145 722 est)
1195 657 1289 726 qui
1337 657 1507 712 dicit:
1546 657 1747 713 Potens
1789 667 1872 712 est

296 739 442 794 Deus
475 749 529 794 ct
559 742 735 796 bonus
761 743 1019 814 agricola,
1051 747 1144 816 qui
1181 764 1291 803 non
1326 763 1413 803 me
1441 749 1675 814 excidat,
1721 757 1775 804 et
1815 750 1867 802 in

297 828 474 898 ignem
507 831 703 898 mittat,
732 834 1083 903 respondebit
1127 838 1363 907 agricola
1393 857 1406 893 :
1437 840 1530 894 sed
1561 840 1607 894 si
1636 840 1760 895 talis
1787 848 1873 894 est

295 919 504 990 palmes
538 931 596 976 ut
627 923 828 980 frustra
864 927 936 981 sit
966 927 1022 982 in
1057 929 1166 984 vite
1190 970 1205 995 ,
1241 932 1487 1000 nunquid
1537 933 1737 1001 poterit
1786 947 1890 985 re--

293 1012 504 1083 linqui?
548 1009 741 1071 Nonne
781 1018 827 1072 si
871 1017 1194 1086 dimittatur,
1237 1021 1494 1091 impediet
1533 1026 1735 1090 vitem,
1786 1040 1855 1079 ne

300 1096 580 1171 pro'sicco
607 1104 827 1172 palmite
864 1108 1064 1163 virides
1096 1120 1148 1164 et
1179 1107 1454 1166 fructuum
1491 1111 1698 1168 feraces
1739 1114 1871 1168 all‘e-

295 1203 382 1248 rat
429 1195 723 1263 palmites?
757 1197 1044 1264 Quomodo
1101 1201 1248 1256 enim
1297 1204 1427 1258 boni
1479 1205 1731 1274 agricolae
1786 1215 1869 1260 est

301 1285 576 1352 excidere,
607 1295 660 1342 et
701 1298 1017 1358 computare
1057 1307 1180 1362 quae
1218 1295 1362 1349 sicca
1392 1304 1538 1358 sunt,
1569 1307 1621 1351 et
1649 1297 1863 1352 tradere

294 1378 350 1430 in
391 1393 575 1432 escam
625 1379 764 1449 ignis
807 1380 1178 1437 infructuosos
1224 1397 1438 1452 ramos,
1493 1387 1574 1442 sic
1618 1388 1743 1442 boni
1770 1387 1861 1442 Dei

299 1478 385 1524 est
408 1468 475 1522 de
509 1471 766 1524 omnibus
803 1471 1006 1527 vitibus
1052 1473 1422 1530 infructuosos
1462 1479 1711 1546 palmites
1741 1494 1862 1533 am-

292 1567 508 1627 putare,
539 1568 592 1612 et
623 1560 728 1630 igni
763 1561 976 1616 tradere
1021 1563 1074 1615 in
1105 1564 1483 1633 perditionem.
1532 1565 1730 1622 Verum
1763 1581 1862 1623 nos

291 1649 392 1717 ipsi
430 1662 530 1703 nos
567 1649 839 1712 ludimus,
883 1659 938 1704 et
969 1651 1176 1721 decepti
1209 1654 1414 1721 pariter
1442 1667 1506 1709 ac
1533 1656 1862 1725 decipientes

289 1740 543 1795 volumus
571 1741 741 1808 magis
759 1755 942 1795 errare
964 1755 1089 1796 cum
1113 1743 1366 1811 plurimis
1391 1756 1555 1814 quam
1579 1748 1648 1800 ah
1674 1762 1861 1803 errore

287 1832 567 1896 converti,
617 1846 742 1885 cum
790 1834 962 1903 magis
1001 1833 1052 1887 id
1100 1848 1342 1902 quaerere
1375 1838 1672 1893 debeamus
1712 1841 1855 1909 quod
1894 1817 1933 1870 Β

287 1922 548 1986 aedificet,
587 1923 732 1992 quod
774 1923 1021 1978 timorem
1052 1925 1142 1980 Dei
1173 1933 1387 1996 augeat,
1411 1931 1555 1998 quod
1589 1932 1656 1985 ad
1684 1931 1859 2000 poeni-

287 2010 516 2065 tentiam
565 2021 825 2078 revocet,
872 2013 1016 2082 quod
1077 2015 1130 2068 in
1191 2016 1593 2074 confessionem
1637 2023 1858 2078 sceleris

285 2103 552 2169 adducat,
599 2104 744 2172 quod
794 2117 894 2159 nos
937 2105 1101 2160 faciat
1143 2107 1338 2162 diebus
1387 2123 1451 2164 ac
1479 2111 1728 2166 noctibus
1761 2129 1856 2167 co-

286 2193 457 2262 gitare
497 2196 772 2263 quomodo
799 2189 1030 2249 Domino
1081 2197 1416 2266 placeamus,
1470 2211 1529 2254 ut
1576 2201 1769 2256 ﬁamus
1803 2205 1854 2256 in

288 2297 411 2336 vera
445 2282 554 2337 vite
578 2283 802 2338 Christo
823 2283 948 2339 Jesn
993 2286 1261 2343 fruetiferi
1291 2290 1561 2358 palmites,
1591 2301 1646 2345 et
1689 2290 1856 2347 radici

285 2374 405 2442 ejus
452 2376 794 2431 adharrentes
843 2393 856 2429 :
895 2377 981 2430 cui
1015 2387 1100 2432 est
1147 2379 1320 2450 gloria
1365 2393 1420 2436 et
1469 2382 1755 2451 imperium
1800 2384 1854 2436 in

285 2466 480 2519 saecula
510 2467 854 2520 saeculorum.
885 2467 1080 2522 Amen.

863 2575 1150 2631 HOMILIA
1189 2574 1279 2632 Vi.

289 2683 369 2738 De
398 2702 458 2739 eo
487 2688 624 2758 quod
647 2688 847 2742 dicitur
873 2691 887 2720 ί
917 2709 929 2743 :
977 2709 993 2740 α
1018 2687 1128 2743 Fili
1166 2685 1414 2745 hominis.
1459 2708 1610 2745 notas
1640 2695 1726 2758 [ac
1765 2691 1855 2745 Je-

361 2758 1043 2832 rusalemabominationes
1074 2776 1230 2832 suas;
1263 2780 1280 2811 ι
1311 2778 1469 2830 usque
1493 2803 1506 2814 .
1547 2781 1565 2813 ς
1595 2760 1852 2832 Elfudisti

359 2825 766 2892 fornicationem
792 2841 938 2881 tuam
965 2831 1017 2881 in
1047 2831 1190 2882 omni
1221 2825 1469 2886 transitu.
1498 2850 1517 2883 ι

356 2935 406 2987 l.
445 2933 826 2992 Consideranti
871 2939 1002 2992 mihi
1043 2939 1403 2995 constantiam
1436 2943 1846 3011 prophetarum,

284 3027 605 3083 miraculum
637 3029 805 3093 subit,
833 3027 1109 3100 quentodo
1132 3042 1263 3086 vero
1295 3035 1575 3090 credentes
1599 3033 1708 3090 Deo
1730 3049 1849 3089 ma-

1975 569 2298 637 imperatum
2339 580 2395 624 ut
2420 579 2734 635 testaretur,
2760 581 2816 625 et
2845 579 3010 626 notas
3035 571 3233 627 faceret
3253 571 3550 630 Jerusalem

1972 659 2286 728 iniquitates
2353 662 2512 730 ejus,
2569 675 2679 716 non
2743 663 2929 730 posuit
2984 670 3112 718 ante
3191 665 3379 718 oculos
3430 667 3551 734 ejus

1969 751 2273 820 periculum
2316 752 2462 820 quod
2507 767 2575 806 ex
2623 753 3006 820 praedicatione
3047 760 3166 808 erat
3206 766 3548 822 secuturum,

1971 842 2064 896 sed
2089 850 2148 896 ut
2174 841 2266 896 Dei
2295 849 2504 896 tantum
2557 853 2821 912 praecepta
2873 855 3153 910 servaret,
3207 845 3420 902 locutus
3469 855 3554 900 est

1968 945 2306 1002 quaecunque
2357 934 2654 990 mandavit.
2683 932 2839 1001 Esto,
2875 935 2947 988 sit
2984 937 3328 1006 mysterium,
3361 937 3433 990 sit
3460 951 3549 990 reo

1968 1022 2166 1076 relatio
2206 1031 2434 1078 sacrata:
2484 1023 2853 1094 intelligentia:
2891 1025 2958 1077 de
2996 1022 3321 1090 Jerusalem,
3377 1033 3434 1079 et
3464 1024 3550 1080 his

1966 1127 2306 1184 quaecunque
2347 1127 2512 1185 super
2550 1129 2668 1170 eam
2701 1115 3002 1180 dicuntur;
3037 1126 3274 1172 attamen
3312 1116 3550 1186 prophe-

1967 1214 2090 1262 tans
2124 1219 2178 1262 et
2206 1207 2586 1264 fornicationis
2610 1209 2757 1262 illam
2800 1211 3002 1280 arguit,
3036 1211 3166 1280 quia
3206 1210 3545 1265 divaricave-

1965 1299 2037 1351 rit
2065 1298 2227 1367 pedes
2267 1313 2400 1352 suos
2434 1301 2584 1352 omni
2627 1302 2956 1366 transeunti,
3001 1300 3262 1356 maledica
3305 1315 3438 1354 voce
3466 1309 3545 1354 te-

1964 1397 2156 1452 statur,
2195 1390 2438 1458 increpat
2469 1391 2736 1445 scelerum
2773 1387 3072 1446 civitatem.
3107 1389 3211 1445 Sed
3235 1393 3364 1460 quia
3403 1406 3542 1447 con-

1963 1478 2162 1533 ﬁdebat
2189 1479 2281 1534 Dei
2321 1494 2380 1533 se
2439 1479 2618 1534 facere
2661 1481 3018 1547 voluntatem,
3050 1489 3272 1550 paratus
3313 1491 3367 1535 et
3393 1480 3538 1536 mori

1961 1576 2013 1622 et
2032 1569 2234 1632 vivere,
2261 1569 2584 1638 loquebatur
2615 1570 2941 1640 intrepidus.

2031 1661 2086 1714 2.
2127 1660 2422 1716 Videamus
2454 1675 2586 1730 ergo
2632 1662 2803 1730 ipsam
2861 1661 3237 1730 prophetiam,
3272 1669 3327 1716 et
3357 1663 3536 1731 primo

1961 1751 2180 1821 quidem
2209 1752 2482 1820 quomodo
2515 1751 2568 1804 in
2595 1759 2866 1821 potestate
2897 1751 2970 1804 sit
2996 1751 3234 1820 positum
3260 1754 3541 1820 propheta:

1963 1855 2144 1898 utrum
2203 1845 2350 1899 dicat
2409 1859 2633 1910 annon,
2693 1845 3130 1900 consideramus.
3205 1844 3404 1900 Factus
3454 1851 3541 1900 est

1961 1953 2140 1992 sermo
2165 1934 2379 1989 Domini
2425 1937 2489 1990 nd
2520 1951 2670 1999 eum,
2705 1936 2892 1990 dicens
2917 1936 2940 1966 ⁶
2973 1953 2988 1989 :
3025 1934 3138 1988 Fili
3163 1935 3389 1988 hominis
3410 1977 3425 2000 ,
3459 1947 3539 1988 te-

1958 2027 2191 2094 stiﬁrare
2218 2024 2518 2078 Jerusalem
2567 2025 2869 2094 iniquitates
2911 2024 3024 2092 ejus
3045 2065 3061 2090 ,
3107 2034 3156 2078 et
3180 2025 3322 2078 dices
3353 2039 3371 2076 :
3403 2024 3535 2079 Haec

1959 2116 2086 2168 dicit
2123 2114 2396 2166 Dominus.
2431 2113 2550 2167 Non
2579 2113 2634 2167 in
2672 2113 2998 2168 necessitate
3023 2114 3374 2183 aspirationis
3394 2157 3407 2179 ,
3435 2116 3533 2169 sel

1960 2207 2014 2260 in
2048 2205 2210 2275 3'77
2235 2205 2514 2258 voluntate
2547 2204 2809 2270 dicentis,
2868 2204 3130 2258 Dominus
3163 2205 3345 2273 posuit
3372 2215 3430 2258 ut
3455 2211 3536 2258 te«

1959 2296 2290 2351 stilicaretur
2335 2294 2402 2347 ad
2447 2291 2750 2362 Jerusalem
2795 2292 3111 2362 iniquitates
3135 2294 3277 2362 ejus,
3309 2303 3364 2348 et
3405 2295 3531 2348 ait:

1957 2387 2132 2441 Dices.
2165 2382 2305 2452 Quid
2328 2385 2514 2439 dices?
2544 2375 2670 2438 Haec
2688 2399 2813 2453 qua:
2836 2389 3155 2451 sequuntur.
3192 2383 3248 2437 iu
3274 2385 3532 2454 propheta

1955 2487 2072 2532 erat
2121 2477 2412 2531 audiente:
2451 2474 2638 2540 Dices,
2684 2485 2864 2528 utrum
2915 2475 3122 2529 diceret
3163 2491 3364 2536 necne,
3392 2490 3536 2543 quo-

1955 2569 2120 2622 modo
2170 2566 2273 2620 fult
2319 2565 2553 2634 positum
2600 2565 2654 2618 in
2695 2563 2855 2619 Jena.
2913 2565 2968 2618 In
3019 2575 3287 2633 potestate
3335 2566 3539 2635 quippe

1954 2661 2073 2728 ejus
2094 2668 2213 2712 erat
2235 2656 2505 2710 audientis
2535 2673 2548 2708 :
2584 2654 2679 2708 Dic
2704 2656 2758 2707 σε
2795 2655 2973 2708 Adhuc
3003 2667 3106 2708 tres
3136 2655 3242 2708 dies
3267 2665 3316 2708 et
3343 2655 3538 2710 Ninive

1954 2751 2321 2808 subvertetur,
2353 2745 2398 2799 si
2432 2745 2563 2797 velit
2592 2744 2774 2798 dicere
2818 2745 2904 2798 vel
2956 2753 3156 2798 tacere.
3209 2744 3275 2798 Et
3317 2747 3444 2815 quia
3478 2747 3534 2800 in

1953 2839 2182 2897 arbitrio
2231 2837 2354 2906 ejus
2385 2835 2620 2904 positum
2652 2843 2803 2899 erat,
2853 2842 2908 2889 et
2943 2835 3119 2890 noluit
3148 2836 3363 2902 dicere,
3412 2837 3535 2893 vide

1952 2939 2155 3000 quanta
2182 2944 2309 2984 eunt
2346 2935 2474 2982 sunt
2497 2935 2797 2979 consecuta
2845 2933 3034 2994 postea
3071 2945 3084 2979 :
3119 2927 3418 2995 periclitata
3448 2938 3534 2982 est

1952 3023 2106 3078 navis
2133 3031 2351 3091 propter
2375 3035 2522 3086 eum,
2554 3025 2704 3076 sorte
2729 3027 2977 3086 repertus
3003 3026 3086 3073 est
3114 3018 3287 3074 latens
3307 3061 3322 3086 ,
3377 3029 3533 3075 cetus

285 3120 365 3187 gis
387 3134 550 3188 quam
584 3120 900 3176 hominibus
931 3125 1357 3191 contempserint
1397 3136 1660 3194 mortem,
1705 3125 1846 3195 peri-

1954 3115 2232 3169 devoravit
2286 3113 2580 3181 abjoctum.
2636 3108 2700 3164 lii
2732 3123 2864 3181 ergo
2894 3110 3172 3184 propheta:
3218 3111 3532 3184 quicunque

283 3210 422 3271 cuia,
453 3211 834 3276 contumelias,
870 3221 918 3265 et
951 3215 1132 3267 omnia
1165 3229 1287 3284 qua:
1327 3216 1475 3283 passi
1511 3226 1640 3271 sunt
1668 3214 1736 3272 ab
1769 3222 1850 3275 eis

283 3300 374 3366 qui
413 3299 800 3370 arguebantur,
851 3301 979 3356 dum
1024 3303 1288 3359 voluntati
1321 3305 1414 3360 Dei
1461 3307 1516 3360 in
1554 3309 1850 3378 propheta-

284 3390 429 3444 tione
457 3389 792 3444 deserviunt.
843 3391 1168 3448 Admirabar
1192 3395 1469 3464 quondam
1511 3393 1704 3452 lsaiam
1748 3412 1848 3454 an-

282 3492 494 3550 tequam
537 3497 911 3550 compararem
946 3482 1213 3539 Ezechieli
1239 3526 1254 3550 ,
1296 3494 1351 3539 et
1395 3484 1846 3558 obstupeseebam

280 3573 552 3639 quomodo
577 3571 782 3626 diceret
802 3574 822 3603 ³
849 3587 862 3623 :
890 3569 1086 3628 Audite
1122 3589 1411 3628 sermonem
1435 3575 1672 3642 Domini,
1701 3582 1850 3648 prin-

281 3663 421 3731 cipes
464 3660 834 3727 Sodomorum,
883 3665 1139 3718 attendite
1178 3663 1340 3734 legem
1363 3665 1600 3732 Domini,
1626 3668 1849 3738 populus

283 3754 608 3808 Gomorrhte.
635 3753 750 3818 Quo
774 3755 901 3808 mihi
925 3754 1315 3810 multitudinem
1347 3758 1729 3825 sacriﬁciorum
1763 3775 1846 3814 re-

277 3856 532 3913 strorum,
557 3847 684 3900 dicit
714 3846 1012 3900 Dominus?
1033 3846 1413 3902 Dicebatenim
1441 3849 1554 3904 hinc
1572 3865 1695 3904 cum
1723 3869 1847 3921 pos-

277 3949 359 3995 set
379 3939 583 4000 dicere.
608 3936 694 3994 vel
719 3942 913 3994 lacere.
949 3937 1134 4007 Neque
1155 3939 1300 3993 enim
1322 3937 1422 4010 (9),
1440 3950 1500 3993 ut
1518 3942 1734 4010 quidam
1755 3959 1849 3998 su-

276 4031 579 4100 spicantur,
604 4037 782 4084 mente
802 4031 1121 4085 excidebant
1137 4031 1498 4100 prophetae,et
1519 4047 1582 4086 ex
1611 4038 1847 4089 necessi—

278 4128 388 4174 tate
413 4119 636 4186 spiritus
658 4119 1038 4188 loquebantur.
1071 4118 1132 4174 Si
1152 4121 1269 4186 alii,
1298 4119 1475 4190 inquit
1492 4122 1783 4191 Apostolus
1801 4125 1842 4187 ³,

276 4211 561 4265 revelatum
587 4213 748 4282 fuerit
773 4212 994 4280 sedenti,
1019 4216 1164 4283 prior
1193 4221 1385 4268 taceat.
1419 4212 1496 4267 Ex
1526 4228 1636 4282 quo
1665 4225 1845 4268 osten-

275 4302 424 4355 ditur
447 4308 768 4371 potestatem
793 4303 993 4359 habere
1015 4317 1142 4358 eum
1166 4304 1258 4374 qui
1284 4305 1556 4373 loquatur,
1579 4319 1701 4358 cum
1718 4305 1846 4358 velit

273 4389 479 4454 dicere,
508 4395 560 4446 et
587 4407 710 4446 cum
733 4393 860 4446 ‘ve‘lit
886 4397 1087 4447 lacere.
1130 4390 1197 4446 Et
1224 4393 1289 4445 ad
1317 4389 1534 4446 Balaam
1569 4392 1766 4447 dicitur
1785 4392 1838 4447 δε

1951 3212 2078 3274 post
2101 3201 2298 3257 Jonam
2346 3202 2598 3268 fuerunt,
2630 3197 3044 3257 considerantes
3073 3201 3300 3258 forsitan
3321 3219 3384 3258 ea
3409 3220 3534 3272 qua:

1949 3303 2212 3348 venerunt
2239 3293 2289 3346 ei
2319 3331 2334 3357 ,
2361 3291 2476 3346 sive
2500 3291 2621 3345 aliis
2655 3290 2933 3360 prophetis
2953 3330 2968 3355 ,
2993 3291 3242 3345 videbant
3269 3293 3528 3360 quoniam

1949 3401 2014 3440 ex
2039 3385 2190 3440 omni
2226 3393 2377 3453 parte
2401 3383 2670 3452 angustia:
2690 3381 2769 3437 eis
2800 3380 3188 3436 imminebant:
3224 3381 3527 3437 secundum

1953 3477 2212 3531 saeculum
2242 3473 2581 3544 persecutio,
2630 3472 2677 3527 si
2727 3471 2970 3527 dicerent
3011 3483 3172 3538 vera;
3225 3476 3526 3528 secundum

1949 3566 2241 3619 Dominum
2271 3563 2477 3618 oﬂensa
2499 3601 2515 3627 ,
2549 3563 2597 3616 si
2633 3563 2884 3616 timentes
2931 3560 3181 3616 homines
3221 3560 3530 3629 proferrent

1947 3657 2086 3711 falsa
2111 3669 2209 3724 pro
2235 3654 2400 3708 veris.

2019 3746 2073 3802 5.
2114 3742 2320 3798 Idcirco
2345 3741 2668 3798 testiﬁcatus
2702 3749 2789 3796 est
2809 3739 3088 3808 Ezechiel,
3129 3749 3184 3797 et
3216 3753 3375 3798 notas
3399 3741 3527 3800 fecit

1947 3835 2245 3892 Jerusalem
2298 3833 2611 3902 iniquitates
2662 3833 2805 3902 ejus,
2863 3840 2918 3885 et
2960 3831 3099 3886 dixit
3127 3833 3146 3864 "
3181 3851 3194 3887 :
3231 3832 3362 3888 Haec
3390 3835 3525 3889 dicit

1948 3933 2208 3987 Dominus
2232 3944 2250 3981 :
2282 3928 2456 3982 Radix
2488 3938 2581 3982 tua
2609 3935 2660 3980 et
2702 3927 2970 3996 generatio
2996 3935 3088 3980 tua
3111 3927 3176 3981 de
3203 3938 3345 3981 terra
3383 3928 3524 3984 Cha-

1948 4040 2109 4080 naan.
2151 4021 2314 4075 Pater
2349 4031 2470 4075 tuus
2495 4020 2858 4083 Amorrlttetts,
2888 4028 2937 4072 et
2966 4029 3137 4072 mater
3164 4031 3255 4073 tua
3283 4019 3518 4075 Cet/two.

1949 4116 2082 4182 Quae
2112 4113 2394 4168 civitatum
2437 4112 2516 4165 sic
2562 4110 2664 4163 fuit
2704 4111 2934 4176 elevata,
2964 4121 3018 4164 et
3055 4111 3226 4165 altum
3255 4112 3434 4180 sapuit
3463 4113 3518 4164 in

1947 4208 2153 4263 mundo
2185 4215 2245 4259 ut
2272 4204 2464 4258 civitas
2493 4202 2626 4256 Dei?
2676 4200 2744 4257 Et
2771 4211 2951 4256 tamen
2981 4205 3094 4257 haec
3119 4205 3234 4273 ipsa
3267 4205 3368 4259 sibi
3401 4220 3522 4258 ma-

1947 4315 2049 4368 gna
2082 4297 2422 4368 promittens,
2459 4294 2616 4363 quasi
2648 4295 2895 4363 proxima
2926 4293 3041 4357 Dei,
3069 4304 3123 4348 et
3151 4295 3349 4350 civitas
3373 4296 3518 4363 ejus,

1946 4391 2073 4460 quia
2104 4385 2370 4456 peccavit,
2402 4384 2648 4452 arguitur
2675 4399 2705 4437 a
2740 4384 2943 4452 Spiritu
2986 4393 3176 4438 sancto
3204 4393 3262 4437 ut
3283 4383 3517 4452 degener

283 4477 655 4535 Verumtamen
680 4485 886 4536 verbum
906 4483 1046 4553 quod
1065 4484 1293 4536 immitto
1313 4483 1367 4535 in
1389 4498 1445 4535 os
1464 4483 1739 4548 tuum,ltoc
1753 4484 1845 4535 ob.
1881 4475 1920 4530 Ι)
1948 4488 2002 4533 ct
2035 4487 2310 4532 extranea.
2339 4473 2499 4527 Pater
2523 4473 2669 4527 enim
2698 4475 2818 4543 ejus
2841 4475 3216 4538 Amm-rimus,
3257 4473 3374 4542 jam
3405 4486 3516 4525 non

271 4588 423 4626 serva
457 4573 641 4643 loqui;
675 4575 832 4643 quasi
860 4579 1179 4643 potestatem
1216 4572 1449 4630 habente
1475 4589 1566 4638 eo,
1603 4584 1663 4628 ut
1689 4591 1845 4630 accc-

272 4673 366 4733 pto
399 4665 566 4719 verbo
607 4663 701 4718 Dei
746 4659 974 4730 diceret,
1026 4677 1119 4720 seu
1167 4673 1387 4722 taceret.
1425 4665 1567 4732 Quid
1596 4675 1680 4721 est
1715 4683 1842 4738 ergo

343 4779 361 4810 ¹
392 4777 741 4847 Εῑροιιεᾉκγι,
769 4778 920 4832 2-15.
997 4781 1017 4810 ²
1042 4780 1147 4834 lsa.
1182 4796 1224 4844 ι,
1259 4775 1345 4847 iO,
1378 4779 1464 4835 ll.

273 4854 355 4912 Ill,
385 4849 441 4901 ι.
517 4849 537 4878 ⁷
569 4844 765 4901 Ezech.
805 4863 916 4913 xw,
952 4849 1006 4902 5.

339 4940 420 5026 (9)
462 4939 642 5010 Neque
671 4940 980 5024 enimnetc.
1009 4940 1234 5026 Catena;
1271 4957 1406 5026 mss.
1435 4959 1450 4995 :
1488 4940 1838 5026 Εῑιτῷιαὲτῷ

271 5010 550 5081 Πνὲὺματὲι
591 5010 1046 5081 προφητεύουσινξ
1077 5014 1126 5063 οἱ
1152 5011 1275 5081 ᾲτῆς
1308 5012 1451 5081 Νέας
1493 5013 1588 5064 ttal
1631 5010 1679 5066 oi
1720 5010 1830 5064 Ila.-

269 5079 425 5152 λαιᾶς
443 5095 457 5110 ⁸
486 5079 585 5152 ean:
601 5079 657 5134 δὲ
680 5079 822 5149 ἄλλῳ
854 5079 1208 5152 ἀποκαλυφθῇ
1236 5079 1577 5152 καθημένῳ,
1621 5081 1838 5152 ἐντολὴν

271 5098 425 5145 satia;
443 5098 457 5110 '
486 5098 580 5132 εαν
601 5098 657 5134 οε
680 5098 822 5149 att/ep
854 5098 1208 5151 αποκαλυφυῃ
1253 5098 1545 5201 tenentem?
1563 5119 1577 5142 ,
1621 5098 1834 5152 ww.er

268 5148 383 5220 ἔχει
414 5152 446 5230 ῥ
474 5149 689 5219 πρῶτος
724 5151 934 5240 atAt:qu
975 5150 1215 5240 τὶὀελτρςᾷ
1243 5151 1410 5240 ΟῷξῊ
1431 5149 1740 5240 ξξστάξενοε
1785 5153 1834 5202 oi

277 5218 546 5292 ήροφῆτάι
588 5220 954 5340 προεφὲτευον
998 5218 1074 5288 τῷ
1111 5218 1250 5287 λαῷ,
1297 5218 1410 5272 ἀλλ’
1456 5222 1513 5271 ὲν
1554 5218 1632 5290 τῷ
1675 5219 1834 5288 φύσιν

272 5289 551 5374 ιςτάμενᾳι
582 5289 682 5374 κει)ἶ
701 5290 765 5342 ὲκ
787 5303 916 5374 κνξες
937 5288 1033 5374 ξιξ).
1056 5285 1256 5374 ξζδέτξς
1280 5288 1415 5374 ﬁtted
1425 5288 1835 5374 pyoovnct‘p‘npb;

267 5355 466 5428 αὐτοὺς
488 5355 762 5428 γενομένῳ
787 5356 962 5428 λόγῳτ
989 5358 1135 5428 East;
1155 5357 1310 5428 λόγος
1333 5359 1397 5428 ρὺ
1422 5355 1564 5428 itacui
1587 5355 1838 5428 βοῦλήσιν

599 5410 798 5498 ἢνέχδη
845 5410 1008 5500 irier,
1033 5410 1169 5479 ἀλλ’
1215 5410 1451 5500 ξκῖΘεοῢ
1489 5410 1840 5500 -φέῥεταιζεξς

267 5495 589 5578 esseom;
607 5495 859 5578 ίρῖλτινες
903 5495 1180 5578 dilaniant
1219 5495 1839 5578 exdmcD‘tinoupIoi‘iotv

267 5565 438 5637 αῷτῷ,
463 5565 559 5637 δρᾷ
579 5565 740 5637 ueho
771 5567 921 5637 nato
939 5565 1640 5637 μΒὰλαὰμ-παραγγὲλλετᾳί
1662 5565 1840 5637 λαλεῖν

268 5635 338 5688 τὰ
369 5633 780 5705 ὑποϐαλλόμενα
825 5633 972 5704 αὐτῷ
993 5675 1010 5705 ,›
1055 5633 1152 5697 ὡς’
1177 5635 1243 5705 ἂν
1275 5633 1524 5705 ﬁduciam
1567 5634 1837 5705 EXOWAXQI

273 5705 361 5758 τοῦ
407 5707 482 5777 μὴ
531 5702 759 5773 λαλῆσαι
803 5702 957 5756 avara;
1004 5703 1108 5757 Kal
1152 5703 1306 5757 τοῦτο)
1355 5702 1411 5758 δὲ
1448 5702 1841 5774 abessem:

1539 4778 1561 4812 ³
1592 4779 1612 4834 i
1641 4781 1770 4836 Cor.
1807 4797 1918 4848 MV,
1952 4780 2040 4834 50.
2117 4777 2140 4809 δ
2167 4775 2330 4830 Num.
2365 4789 2498 4842 xm,
2530 4775 2620 4830 55.

1953 4571 2112 4626 Deus.
2167 4569 2418 4636 Quandiu
2451 4586 2556 4623 non
2585 4571 2829 4639 peccavit
2857 4570 3009 4640 (10),
3060 4581 3211 4639 pater
3249 4571 3370 4637 ejus
3399 4576 3519 4621 erat

1952 4665 2126 4727 Deus;
2155 4661 2373 4730 quando
2401 4675 2531 4715 vero
2556 4661 2820 4730 peccavit,
2844 4671 2996 4729 pater
3017 4660 3140 4728 ejus
3163 4659 3520 4714 Amorrlueus

2697 4773 2720 4806 ⁸
2740 4771 2937 4827 Ezccli.
2965 4789 3052 4825 XVI
3074 4813 3092 4839 ,
3120 4772 3173 4835 '2,
3212 4773 3264 4828 5.
3341 4773 3361 4801 ⁸
3385 4771 3514 4828 Jun.

1956 4941 2160 5002 Ἰωνᾶς.
2195 4936 2254 4992 Si
2285 4937 2464 4990 eodem
2490 4935 2692 5004 Spiritu
2722 4933 3030 5003 prapltetant
3057 4931 3193 5004 Novi
3220 4943 3268 4986 et
3310 4931 3517 4986 Veteris

1947 5009 2266 5064 Testamenti
2309 5003 2574 5074 propheta:
2596 5044 2614 5068 ,
2656 5021 2717 5056 ac
2737 5043 2765 5074 ,ί
2794 5005 2841 5056 si
2875 5003 2972 5056 alii
3002 5003 3201 5074 sedenti
3227 5004 3514 5055 revelatum-

1943 5080 2126 5149 fuerit,
2153 5071 2536 5149 prior'omnino
2553 5084 2724 5127 tacere
2736 5073 2974 5149 jubetur.
2999 5071 3119 5149 Non
3141 5082 3314 5149 emota
3338 5083 3516 5124 mente

1941 5141 2205 5220 prop/telae
2264 5144 2642 5220 prop/tetabant
2705 5141 2933 5220 populo,
2990 5143 3078 5220 sed
3122 5141 3240 5220 sani
3265 5208 3275 5220 .
3303 5150 3506 5220 mente,

1939 5208 2158 5273 scientes
2191 5208 2535 5277 accolentes,
2578 5208 2805 5265 set-trioni
2835 5212 2925 5280 qui
2963 5210 3033 5264 ad
3068 5226 3153 5263 eos
3189 5208 3378 5280 ﬁebat,
3406 5209 3509 5260 mi-

1940 5288 2236 5340 nistrabant
2261 5299 2281 5337 :
2317 5285 2406 5354 qui
2444 5298 2613 5354 sermo
2658 5277 2925 5354 nunquam
2970 5282 3200 5354 humana
3241 5277 3514 5354 voluntate

1937 5357 2142 5410 deiattls
2170 5364 2246 5408 est
2266 5394 2280 5418 ,
2323 5346 2414 5405 sed
2453 5370 2488 5405 a
2517 5352 2626 5405 Deo
2654 5346 2888 5472 deicitur
2913 5351 2980 5402 ad
3009 5347 3276 5410 homines,
3307 5346 3393 5399 cui
3421 5347 3512 5399 illi

1937 5436 2119 5472 mante
2157 5424 2467 5472 inserviunt.
2506 5420 2712 5472 Onamo
2747 5437 2857 5472 rent
2885 5421 3047 5472 etiam
3085 5416 3311 5470 Balaam
3341 5432 3401 5470 ea
3447 5432 3512 5470 se

1936 5436 2119 5496 sponte
2157 5416 2467 5496 inserviunt.
2506 5416 2857 5496 Quamobrem
2885 5421 3047 5496 etiam
3085 5416 3311 5496 Balaam
3341 5432 3401 5470 ea
3432 5432 3512 5496 ,ξε

1935 5487 2237 5548 locuturum
2267 5494 2711 5563 proﬁteturqute
2747 5489 2856 5542 Deo
2901 5489 3172 5563 «spirante
3212 5487 3510 5563 acceperit,

1937 5576 2187 5634 tanquam
2217 5555 2526 5634 potestatem
2557 5555 2751 5634 [labens
2787 5575 2894 5613 non
2933 5555 2995 5612 ea
3038 5555 3305 5626 loquendi.
3335 5557 3511 5626 Atque

1936 5629 2227 5707 Iioc'ipsttni
2253 5635 2530 5707 conﬁrmat
2553 5629 2742 5684 Jonas.

2009 5697 2119 5773 (ὶο)
2163 5697 2412 5777 Quartilla
2453 5718 2556 5757 non
2600 5700 2868 5763 peccavit,
2906 5707 3008 5752 etc.
3051 5697 3268 5753 Catenae
3317 5711 3451 5753 mss.
3484 5708 3510 5748 ε
