4070 6296
516 412 612 467 7H

1707 407 2031 464 OlilGENIS
2071 404 2137 458 IN
2177 406 2616 465 EZECHIELEM

3669 413 3769 469 719.

518 533 698 586 lactus
724 539 824 585 est.
883 526 1142 593 Quandiu
1164 540 1269 580 non
1296 523 1559 594 peccavit,
1595 535 1747 595 pater
1772 525 1892 595 ejus
1918 525 2091 594 Spiri-
2119 529 2166 583 Α
2195 526 2265 580 tis
2296 527 2545 582 diabolus
2579 538 2627 581 et
2663 542 2955 582 assumens
2997 527 3102 582 sibi
3149 543 3268 583 eam
3302 542 3488 583 vocem
3529 544 3638 599 qua
3664 526 3768 584 Pa-

518 631 608 677 tus
630 628 851 676 sanctus
864 619 962 671 fuit
984 633 1000 680 ;
1022 615 1239 686 quando
1263 617 1527 686 peccavit,
1555 625 1728 672 mater
1741 618 1859 688 ejus
1879 617 2095 671 (lethaea

519 712 659 768 facta
691 719 791 763 est.
851 707 1102 772 Quandiu
1152 722 1259 762 non
1294 707 1578 777 peccavit.
1636 707 1872 762 radicem
1909 708 2098 762 habuit

516 803 812 866 Abraham,
843 807 898 854 et
923 799 1106 865 Isaac,
1134 807 1187 853 et
1215 797 1417 866 Jacob;
1443 799 1664 868 quando
1691 798 1938 868 peccavit
1959 837 1974 861 ,
2006 813 2095 852 ra-

516 895 602 947 dis
635 892 752 960 ejus
779 891 1089 945 Chanamea
1117 890 1255 944 facta
1285 901 1389 945 est.
1447 889 1600 960 Saepe
1626 889 1857 944 miratus
1882 905 2002 944 sum
2039 888 2092 942 id

512 983 655 1054 quod
687 983 891 1037 dictum
922 993 1006 1036 est
1034 998 1064 1036 a
1098 981 1320 1036 Daniele
1369 981 1439 1035 ad
1482 981 1857 1051 presbyterum
1899 993 2094 1048 pecca-

517 1085 726 1137 torem,
769 1074 855 1129 cui
901 1088 1000 1143 pro
1051 1081 1273 1142 peccato
1300 1087 1498 1126 nomen
1541 1073 1862 1141 imponens,
1895 1087 2090 1137 semen,

513 1166 691 1236 inquit
721 1166 764 1233 ',
793 1163 1050 1219 Chanaan
1078 1173 1126 1218 et
1159 1179 1260 1217 non
1291 1161 1459 1216 Juda.
1492 1161 1721 1232 Magnus
1745 1162 1963 1232 quidem
1994 1160 2095 1216 Da-

512 1259 619 1312 niel
651 1257 1096 1312 constantissime
1122 1255 1501 1325 presbyterum
1527 1261 1866 1323 peccator-em
1900 1268 2087 1308 semen

511 1351 768 1404 Chanaan
799 1349 1095 1420 appellans,
1131 1357 1184 1402 et
1209 1361 1318 1400 non
1347 1344 1522 1412 Juda;
1559 1344 1733 1415 major
1772 1359 1903 1398 vero
1936 1359 2088 1398 com-

512 1443 792 1511 paratione
817 1441 937 1510 ejus
961 1438 1233 1504 Ezechiel,
1267 1453 1378 1493 non
1409 1438 1503 1492 uni
1531 1437 1847 1508 presbytero
1866 1477 1882 1502 ,
1914 1449 2090 1504 neque

510 1531 726 1584 duobus
762 1529 1078 1583 hominibus
1114 1528 1447 1581 nativitatem
1500 1525 1768 1594 objiciens
1798 1533 2086 1578 contume-

511 1624 728 1683 liosam,
763 1621 857 1675 sed
890 1620 1068 1684 radix,
1097 1619 1348 1688 inquiens
1370 1658 1384 1680 ,
1421 1627 1513 1670 tua
1534 1627 1583 1671 et
1613 1617 1880 1686 generatio
1907 1625 1996 1668 tua
2025 1617 2090 1669 de

515 1724 656 1766 terra
684 1712 960 1766 Chanaan.
992 1709 1156 1763 Pater
1185 1719 1306 1763 tuus
1337 1709 1696 1771 Amorrltams,
1724 1718 1773 1760 et
1806 1715 1975 1760 mater
1997 1718 2088 1760 tua

513 1803 747 1857 Cethwa.
790 1803 930 1868 Quia
977 1801 1274 1856 Jerusalem
1325 1801 1495 1854 multa
1543 1811 1759 1869 peccata
1791 1799 2083 1862 conmisit,

515 1893 637 1947 ideo
661 1894 946 1969 increpans
977 1893 1122 1945 illam
1152 1892 1434 1961 propheta,
1456 1907 1561 1944 non
1588 1907 1717 1956 uno,
1748 1907 1925 1960 neque
1951 1891 2086 1946 duo-

516 1985 651 2048 lius,
703 1985 794 2038 sed
848 1985 1020 2038 tribus
1049 1983 1360 2038 nominibus
1405 1982 1703 2052 insignivit.
1771 1980 1988 2050 Septem
2026 1983 2079 2036 in

512 2076 705 2130 Genesi
739 2083 924 2145 gentes
951 2083 1337 2129 enumerantur
1363 2091 1394 2130 a
1423 2076 1530 2128 Deo
1561 2075 1615 2128 in
1647 2090 1756 2129 uno
1777 2075 1900 2129 loco
1921 2090 2082 2141 quem

513 2167 733 2220 tradidit
764 2168 886 2219 liliis
915 2165 1098 2220 Israel.
1135 2165 1349 2234 Septem
1382 2175 1562 2220 autem
1589 2166 1672 2219 hae
1699 2173 1845 2220 sunt.
1891 2164 1948 2218 In
1976 2174 2086 2219 ter--

511 2273 651 2322 ram,
688 2257 930 2326 inquit’,
963 2257 1420 2322 Chananaaorum,
1446 2267 1499 2312 et
1528 2257 1998 2321 Amorrhaeorum,
2033 2269 2086 2314 et

511 2348 874 2415 Cethzeorum,
909 2358 963 2403 et
988 2349 1419 2414 Phereszeorum,
1451 2360 1504 2405 et
1534 2350 1843 2416 Evmorum,
1871 2359 1927 2405 et
1951 2351 2086 2406 Ger-

513 2455 814 2508 gcsaeorum
837 2480 852 2505 ,
902 2450 956 2495 et
997 2439 1392 2496 Jebusacorum.
1433 2440 1488 2496 Si
1519 2441 1781 2511 possibile
1811 2441 2004 2496 fuisset
2031 2451 2086 2495 et

513 2541 717 2602 septem
753 2533 886 2586 istas
937 2547 1301 2602 congregare.
1347 2540 1402 2587 et
1427 2549 1540 2602 per
1565 2548 1660 2587 eas
1691 2533 2081 2605 ignobilitatem

514 2623 832 2694 peccatricis
879 2621 1176 2678 Jerusalem
1231 2621 1579 2693 exprobrare.
1630 2622 1847 2680 fecisset
1896 2625 2083 2696 utique

512 2715 792 2784 propheta.
834 2713 989 2769 Nunc
1013 2730 1142 2769 vero
1169 2715 1298 2784 quid
1329 2713 1494 2769 fecit?
1522 2713 1900 2770 Amorrhaeum
1923 2717 2084 2786 elegit

511 2817 575 2856 cs
603 2811 806 2872 septem
827 2842 844 2868 ,
893 2811 948 2856 et
990 2801 1390 2868 Chananazum,
1425 2810 1479 2856 et
1511 2802 1588 2855 ait
1614 2803 1812 2858 habere
1837 2818 2086 2858 commu-

513 2892 731 2948 nionem
761 2892 1118 2962 peccatricem
1168 2891 1493 2958 Jerusalem,
1541 2893 1741 2962 quippe
1771 2893 1839 2947 ad
1866 2894 2082 2948 Chana-

515 3002 691 3039 meum
738 2986 891 3054 juxta
937 2986 1176 3040 radicem
1233 2996 1286 3040 et
1333 2987 1706 3053 nativitatem,
1756 2989 1974 3058 proprie
2014 2991 2082 3045 ad

513 3079 886 3132 Amorrhaeum
911 3079 1206 3133 secundum
1234 3089 1460 3149 patrem,
1483 3080 1698 3150 proprie
1719 3080 1786 3135 ad
1805 3079 2082 3136 Cethaeum

2199 626 2281 670 ter
2306 615 2451 673 Deus
2478 619 2544 672 ad
2575 617 2912 673 Salvatorem
2951 619 3165 674 loculus
3199 628 3302 682 est,
3333 619 3464 674 du-it
3485 620 3552 674 ad
3577 636 3667 675 me
3693 623 3768 677 u’:

2200 705 2374 760 Filius
2409 723 2552 760 meus
2584 724 2637 760 es
2673 717 2750 772 tu,
2781 725 2874 778 ego
2906 709 3060 763 hodie
3091 709 3246 778 genui
3269 717 3336 762 te.
3372 707 3439 762 Et
3463 710 3555 764 alii
3589 719 3767 765 autem

2195 797 2378 868 plures
2401 809 2583 867 patres
2607 800 2711 853 mei
2737 808 2919 866 erunt,
2944 802 3009 854 ad
3039 818 3177 870 quos
3202 803 3378 856 iturus
3408 816 3551 856 sum.
3594 801 3771 859 Unus-

2193 889 2428 960 quisque
2457 891 2524 946 ad
2549 906 2680 946 suos
2712 891 3078 960 proﬁciscitur
3110 901 3309 960 patres.
3349 892 3406 947 Si
3433 894 3559 964 quis
3589 904 3674 949 est
3701 897 3768 950 ab

2195 978 2496 1045 Abraham,
2546 983 2746 1036 dicitur
2777 982 2844 1037 ad
2869 998 2992 1037 eum
3023 1001 3037 1036 :
3070 982 3150 1036 Tu
3195 993 3374 1038 autem
3416 986 3552 1039 vade
3578 987 3644 1040 ad
3676 1003 3767 1056 pa-

2195 1079 2308 1126 tres
2335 1081 2458 1126 tnos
2481 1086 2603 1125 cum
2639 1087 2772 1141 pace
2800 1072 3065 1128 educatus
3100 1073 3153 1127 in
3186 1083 3465 1130 senectute
3491 1077 3655 1131 bona.
3708 1077 3764 1133 Si

2192 1163 2316 1232 quis
2363 1176 2493 1216 vero
2537 1162 2814 1232 egreditur
2844 1163 2910 1217 de
2955 1163 3156 1217 saeculo
3186 1178 3295 1217 non
3326 1178 3452 1217 cum
3485 1171 3639 1233 pace,
3674 1168 3778 1221 sed.

2192 1271 2315 1310 cum
2340 1265 2686 1324 peccatorum
2717 1255 2857 1310 bello
2878 1295 2892 1320 ,
2934 1265 2988 1310 et
3018 1265 3298 1311 senectute
3324 1272 3432 1310 non
3467 1266 3605 1312 bona
3624 1300 3638 1324 ,
3684 1260 3766 1313 in-

2191 1355 2469 1400 veteratus
2497 1345 2712 1400 dierum
2742 1344 3034 1411 malorum,
3067 1345 3254 1415 utique
3278 1345 3478 1400 dicitur
3505 1347 3570 1400 ad
3602 1364 3724 1401 eum
3748 1367 3761 1402 :

2191 1437 2272 1492 Tu
2297 1449 2477 1493 autem
2512 1440 2648 1494 vade
2682 1439 2749 1494 ad
2782 1449 2964 1510 patres
3003 1450 3126 1495 tuos
3146 1455 3271 1495 cum
3318 1441 3493 1504 bello,
3529 1443 3765 1500 nutritus

2192 1531 2246 1584 in
2273 1541 2548 1585 senectute
2577 1533 2738 1586 mala.
2798 1531 3065 1586 Docemur
3097 1548 3128 1586 a
3174 1531 3280 1587 Deo
3313 1533 3415 1588 sub
3443 1533 3565 1589 aliis
3593 1535 3764 1589 nomi-

2189 1621 2351 1676 nibus
2379 1623 2510 1692 quid
2540 1624 2719 1677 facere
2735 1624 3050 1680 debeamus.

2260 1716 2314 1770 4.
2347 1713 2414 1768 1η
2434 1733 2539 1786 qua
2560 1717 2645 1770 die
2668 1726 2792 1769 nata
2811 1733 2886 1782 es,
2910 1733 3013 1770 non
3034 1717 3384 1786 alligaverunt
3409 1733 3598 1771 manus
3622 1729 3760 1784 tuas,

2189 1807 2295 1861 sive
2344 1823 2444 1860 non
2493 1816 2569 1860 est
2615 1807 2820 1860 excisus
2866 1805 3146 1860 umbilicus
3188 1817 3308 1859 tuus
3342 1807 3404 1861 ιδ.
3448 1807 3504 1860 In
3541 1806 3762 1862 Hebraeo

2188 1899 2386 1968 quippe
2421 1899 2501 1954 sic
2526 1898 2760 1952 habetur
2786 1916 2798 1951 :
2838 1897 2958 1950 Non
2984 1907 3058 1951 est
3087 1899 3293 1952 excisus
3317 1899 3594 1950 umbilicus
3619 1908 3757 1952 tuus.

2187 1988 2489 2058 Allegorice
2532 1987 2740 2042 inducit
2771 1986 3070 2041 Jerusalem
3109 1987 3266 2056 quasi
3297 1988 3530 2057 puellam
3569 1988 3637 2041 ab
3680 1989 3761 2041 in-

2188 2080 2358 2135 lautia
2388 2080 2644 2151 genitam.
2681 2079 2814 2145 Quae
2841 2089 3020 2132 autem
3049 2079 3115 2133 de
3143 2078 3444 2133 Jerusalem
3479 2080 3754 2142 dicuntur,

2188 2173 2429 2226 sciamus
2467 2171 2534 2225 ad
2584 2186 2775 2226 omnes
2827 2170 3076 2224 homines
3121 2170 3213 2238 qui
3259 2169 3313 2222 in
3361 2167 3604 2223 Ecclesia
3633 2179 3758 2222 sunt

2187 2263 2478 2332 pertinere.
2535 2261 2779 2316 Primum
2807 2262 2925 2329 ejus
2953 2269 3163 2329 tempus
3193 2259 3296 2312 tale
3323 2267 3426 2324 est,
3461 2259 3752 2314 secundum

2188 2355 2350 2424 quale
2397 2353 2756 2418 describitur;
2804 2350 2994 2421 procul
3045 2359 3224 2404 autem
3253 2350 3394 2405 absit
3437 2365 3466 2403 a
3511 2350 3667 2404 nobis
3697 2359 3756 2404 ut

2187 2447 2408 2500 tertium
2440 2445 2605 2513 378
2635 2452 2848 2512 tempus
2879 2442 2984 2495 tale
3014 2441 3334 2503 habeamus,
3372 2441 3528 2508 quale
3557 2439 3753 2492 dicitur

2187 2535 2253 2588 ad
2299 2532 2643 2586 Jerusalem!
2695 2547 2886 2586 omnes
2932 2531 3075 2584 enim
3121 2529 3212 2599 qui
3261 2530 3491 2598 primum
3545 2526 3750 2581 fuimus

2187 2634 2518 2696 peceatores,
2549 2621 2850 2679 Jerusalem
2880 2637 3142 2676 vocamur
3171 2637 3202 2674 a
3238 2619 3367 2684 Deo,
3409 2629 3460 2672 et
3490 2619 3748 2673 habemus

2186 2735 2246 2774 ea
2275 2734 2397 2790 quae
2421 2718 2594 2774 prima
2622 2718 2897 2773 dicuntur.
2953 2714 3201 2768 Secunda
3246 2721 3426 2766 autem
3457 2713 3500 2766 si
3530 2719 3651 2780 post
3672 2711 3752 2762 vi-

2187 2812 2498 2867 sitatirnem
2545 2821 2598 2863 et
2641 2806 2888 2862 notitiam
2937 2805 3026 2859 Dei
3053 2803 3519 2874 perseveravimus
3546 2801 3596 2854 in
3629 2815 3751 2868 pec-

2187 2901 2345 2962 catis.
2380 2901 2448 2955 ad
2477 2915 2577 2954 nos
2599 2898 2888 2969 pertinent.
2925 2894 3105 2949 Tertia
3133 2908 3262 2948 vero
3295 2893 3433 2946 mala
3457 2907 3578 2960 quae
3604 2891 3750 2959 peni-

2190 3004 2276 3048 tus
2306 2993 2660 3050 detestamur,
2713 2985 3013 3040 secundum
3045 2985 3288 3040 ordinem
3337 2995 3745 3052 prosequemur.

2188 3082 2343 3138 Nunc
2368 3091 2426 3136 ut
2446 3082 2512 3135 ad
2537 3081 2771 3150 primum
2801 3077 3039 3139 redeam,
3075 3075 3338 3144 scriptum
3383 3083 3465 3126 est
3499 3071 3653 3142 quasi
3685 3072 3750 3124 de

515 3168 815 3225 secundum
853 3177 1102 3223 matrem.
1132 3168 1188 3224 Si
1221 3171 1277 3224 in
1306 3169 1605 3226 Jerusalem
1632 3179 1781 3227 tanta
1803 3173 2079 3238 dicuntur,
2108 3182 2150 3239 ε
2184 3173 2484 3228 Jerusalem
2521 3189 2534 3224 :
2570 3169 2634 3223 In
2661 3186 2766 3239 qua
2801 3169 2886 3222 die
2915 3178 3040 3221 nata
3067 3184 3142 3228 es,
3169 3182 3270 3218 non
3295 3175 3370 3218 est
3400 3165 3608 3218 excisus
3636 3179 3748 3215 um-

514 3260 583 3313 de
607 3275 713 3328 qua
749 3268 856 3312 tam
885 3259 1108 3328 grandia
1155 3269 1210 3314 et
1255 3268 1365 3314 tam
1414 3262 1551 3316 mira
1582 3263 1884 3334 conscripta
1923 3273 2072 3330 sunt,

515 3367 639 3420 qua:
659 3351 707 3404 ei
738 3359 864 3405 sunt
894 3352 1221 3420 repromissa
1242 3393 1257 3418 ,
1307 3353 1436 3422 quid
1481 3353 1719 3409 futurum
1759 3367 1842 3411 est
1883 3358 2086 3412 misero

517 3441 674 3506 mihi,
704 3442 749 3495 si
779 3443 1105 3511 peccavero?
1140 3442 1276 3509 Quis
1305 3445 1437 3498 mihi
1470 3445 1575 3498 erit
1608 3448 1796 3514 pater?
1826 3448 1933 3501 Aut
1965 3465 2087 3517 qua:

515 3534 648 3588 mihi
673 3543 776 3588 erit
801 3535 1005 3596 mater?
1038 3534 1225 3590 Tanta:
1251 3537 1481 3606 talisque
1517 3538 1629 3608 (ll)
1671 3538 1971 3593 Jerusalem
2003 3557 2089 3594 ra-

512 3617 604 3682 dix
639 3637 692 3682 et
721 3629 998 3698 generatio
1026 3627 1093 3682 de
1119 3637 1262 3683 terra
1291 3629 1748 3695 Cbananaaorum,
1783 3641 1936 3700 pater
1966 3631 2087 3701 ejus

511 3719 861 3774 Amorrhaeus
914 3727 967 3774 et
1013 3728 1184 3773 mater
1229 3721 1443 3775 (lethaea
1485 3731 1850 3790 nuncupatur.
1899 3721 2010 3791 Ego
2041 3723 2088 3777 si

513 3823 807 3877 peccavero
827 3849 842 3874 ,
893 3810 985 3878 qui
1018 3809 1070 3863 in
1098 3810 1318 3867 Christo
1339 3809 1466 3865 Jesu
1501 3813 1665 3865 credo
1686 3852 1701 3876 ,
1745 3821 1800 3865 et
1829 3821 1980 3866 tanto
2005 3830 2090 3870 me

513 3899 776 3968 magistro
808 3900 1024 3965 tradidi,
1052 3901 1176 3970 quis
1221 3901 1354 3954 mihi
1384 3901 1602 3955 futurus
1631 3912 1714 3956 est
1740 3904 1930 3970 pater?
1969 3903 2087 3958 Non

515 3991 702 4059 utique
747 3990 1136 4054 Amori-hasus,
1200 3991 1294 4045 sed
1368 3993 1598 4060 nequior
1641 3993 1862 4062 quidam
1914 4005 2086 4062 pater.

515 4081 649 4147 Quis
678 4091 762 4136 est
785 4083 920 4137 iste?
972 4084 1154 4148 Quivis
1182 4085 1274 4154 qui
1302 4097 1573 4154 peccatum
1603 4085 1756 4154 facit,
1783 4102 1847 4139 ea:
1876 4087 2088 4142 diabolo

517 4183 673 4227 natus
715 4183 791 4228 est
823 4175 884 4229 ‘°.
945 4174 1012 4229 Et
1058 4176 1252 4230 iterum
1290 4179 1375 4230 ἰε
1426 4175 1522 4229 Vos
1571 4191 1635 4230 ea:
1682 4188 1832 4247 patre
1877 4177 2089 4232 diabolo

512 4267 660 4319 estis.
723 4265 781 4320 Si
810 4267 974 4336 igitur
1001 4266 1300 4322 Jerusalem
1331 4269 1530 4323 dicitur
1559 4268 1627 4323 de
1657 4271 1836 4324 radice
1867 4281 1920 4324 et
1948 4272 2088 4324 nati-

515 4358 677 4411 vitate
708 4368 866 4411 terra:
897 4358 1241 4424 Chananreaa,
1276 4359 1404 4427 quid
1436 4359 1647 4413 dicetur
1671 4361 1739 4414 ad
1769 4363 1904 4416 nos?
1937 4362 2088 4417 Inve-

517 4448 740 4501 niuntur
767 4457 821 4502 et
853 4449 1009 4502 nobis
1039 4459 1219 4517 patres
1259 4450 1350 4518 qui
1398 4465 1495 4504 nos
1521 4463 1778 4521 generant
1812 4454 1864 4507 in
1893 4469 2086 4523 pecca-

2187 3264 2376 3318 bilicus
2407 3272 2551 3317 tuus.
2606 3259 2894 3329 Adjutorio
2919 3258 3013 3312 Dei
3039 3259 3370 3327 indigemus,
3399 3265 3459 3308 ut
3482 3254 3750 3324 possimus

2187 3355 2503 3410 umbilicum
2544 3368 2649 3406 non
2678 3352 2966 3421 praecisum
2996 3349 3315 3420 peccatricis
3339 3346 3637 3401 Jerusalem
3667 3343 3749 3397 in-

2185 3445 2393 3509 venire,
2426 3454 2520 3497 aut
2541 3451 2686 3497 certe
2718 3440 3000 3510 praecisum
3031 3439 3347 3494 umbilicum
3378 3436 3496 3504 ejus
3524 3435 3615 3504 qui
3647 3449 3750 3486 non

2187 3532 2430 3604 peccavit
2457 3545 2747 3600 exponere.
2793 3527 2918 3582 Sive
2947 3528 3112 3596 igitur
3145 3525 3444 3580 Jerusalem
3465 3566 3478 3589 ,
3514 3523 3626 3577 sive
3655 3536 3751 3575 cu-

2184 3627 2494 3697 juscunque
2523 3625 2749 3679 alterius
2774 3623 2841 3677 de
2865 3623 2968 3677 alia
2995 3621 3276 3690 Scriptura
3320 3633 3506 3688 quaero
3539 3615 3752 3670 umbili-

2187 3733 2334 3783 cum,
2361 3724 2422 3771 ut
2447 3714 2786 3785 spiritalibus
2818 3713 3082 3782 spiritalia
3113 3723 3457 3778 comparans,
3483 3707 3748 3762 inveniam

2187 3808 2462 3880 quomodo
2503 3823 2608 3859 non
2658 3807 2732 3860 sit
2781 3804 3040 3874 praecisus
3089 3803 3380 3856 umbilicus
3429 3799 3746 3854 Jerusalem.

2191 3900 2463 3967 Scriptum
2511 3909 2594 3950 est
2635 3897 2686 3948 in
2715 3893 2816 3948 Job
2845 3895 2912 3948 de
2942 3893 3182 3947 dracone
3209 3893 3251 3922 ¹⁶
3286 3909 3300 3944 :
3344 3889 3521 3943 Virtus
3554 3889 3664 3957 ejus
3699 3889 3751 3939 in

2189 3989 2436 4043 umbilico
2455 4029 2470 4050 ,
2517 3999 2564 4040 et
2590 3985 2848 4055 fortitudo
2873 3985 2986 4054 ejus
3021 3999 3175 4051 super
3201 3981 3506 4034 umbilicum
3537 3983 3747 4033 uentris.

2192 4081 2318 4136 Scio
2344 4096 2410 4134 ex
2445 4081 2528 4134 his
2557 4094 2677 4148 quae
2711 4077 2841 4131 mihi
2872 4076 3042 4147 gratia
3073 4075 3254 4130 divina
3281 4075 3471 4141 largita
3497 4082 3600 4136 est,
3629 4087 3750 4125 cum

2189 4180 2508 4244 praesentem
2532 4171 2710 4224 locum
2744 4183 3092 4238 exponerem,
3123 4182 3209 4220 me
3232 4166 3436 4220 dixisse
3457 4163 3601 4232 quod
3638 4164 3754 4216 dra-

2189 4281 2254 4319 co
2285 4263 2353 4319 sit
2383 4261 2642 4316 lortitudo
2671 4259 2966 4315 contraria.
3006 4255 3114 4312 iste
3138 4265 3219 4312 est
3245 4257 3388 4309 enim
3414 4257 3610 4317 draco,
3642 4270 3753 4308 ser-

2190 4376 2322 4430 pens
2351 4360 2612 4427 antiquus
2640 4355 2731 4425 qui
2775 4363 3002 4409 vocatur
3027 4351 3276 4407 diabolus
3315 4359 3368 4406 et
3406 4351 3638 4404 Satanas
3661 4347 3752 4401 de-

2193 4451 2401 4518 cipiens
2423 4449 2610 4502 orbem
2635 4454 2905 4500 terrarum
2933 4443 3268 4496 universum.
3310 4439 3472 4494 Istius
3496 4437 3754 4492 fortitudo

516 4539 604 4593 tis.
636 4536 708 4593 Ut
738 4538 882 4592 enim
914 4539 960 4592 si
993 4539 1170 4594 bonus
1203 4538 1453 4602 luero,-et
1483 4540 1534 4593 in
1568 4543 1774 4611 optimo
1801 4513 1922 4597 actu
1951 4560 2079 4598 con-
2119 4513 2165 4572 ο
2191 4540 2244 4594 in
2273 4539 2530 4592 umbilico
2555 4546 2658 4591 est.
2696 4534 2805 4589 Nec
2826 4533 3052 4588 dubium
3090 4547 3104 4586 :
3137 4547 3261 4587 nam
3288 4529 3612 4602 principium
3644 4545 3754 4582 ma-

517 4628 762 4693 stitutus,
798 4628 930 4682 dicit
961 4627 1093 4681 mihi
1117 4626 1277 4683 Jesus
1307 4627 1348 4659 ¹²
1377 4645 1391 4681 :
1433 4628 1564 4693 Fili,
1615 4630 1961 4685 dimittuntur
1988 4632 2084 4684 tibi

515 4727 726 4784 peccata
761 4728 890 4782 tua;
933 4717 1062 4771 dicit
1095 4718 1225 4771 mihi
1265 4717 1465 4774 Paulus
1491 4718 1789 4788 discipulus
1821 4719 1949 4774 Jesu
1985 4719 2028 4750 ⁸³
2066 4739 2079 4776 :

523 4804 589 4857 In
621 4805 827 4860 Christo
853 4810 990 4861 enim
1014 4808 1142 4862 Jesu
1169 4826 1261 4878 per
1289 4808 1629 4880 Evangelium
1656 4826 1749 4880 ego
1777 4827 1862 4864 vos
1890 4815 2079 4881 genui;

521 4897 592 4950 ita
627 4896 673 4950 si
707 4896 878 4952 lactus
909 4899 1064 4953 l‘uero
1089 4911 1359 4968 peccator,
1391 4915 1658 4970 generans
1690 4917 1776 4954 me
1810 4900 1863 4954 in
1898 4918 2082 4971 pecca-

552 5011 576 5042 ⁸
609 5011 740 5063 Dan.
774 5027 891 5073 xm,
923 5012 1010 5066 56.
1083 5014 1105 5044 ⁹
1130 5013 1262 5067 Gen.
1299 5030 1386 5074 xv,
1407 5013 1496 5066 ‘20.
1578 5016 1620 5046 ’°
1649 5013 1665 5067 Ι
1693 5013 1852 5069 Joan.
1893 5034 1974 5080 ιιι,
2005 5020 2059 5074 8.

523 5082 566 5113 ¹⁸
593 5081 734 5136 l’sal.
765 5097 821 5144 ιι,
854 5081 908 5136 7.
1013 5083 1056 5113 ¹⁸
1087 5084 1279 5137 Ιειῑθριι.
1310 5100 1417 5149 xvi,
1451 5085 1504 5138 4.
1585 5085 1628 5115 ¹⁶
1659 5084 1761 5139 Job
1793 5103 1879 5152 λι,
1909 5089 1995 5142 l-l.

530 5201 592 5274 ᾝ
646 5197 1023 5274 Ἱερουςιαλῂμἶ
1055 5199 1274 5274 Δὅιτεςτοῡ
1300 5201 1444 5274 βεοῡ
1475 5197 1760 5274 quam)“,
1801 5202 1954 5274 ῥίζαν
1987 5207 2082 5259 καὶ

518 5270 670 5342 γένος
700 5267 842 5340 εἶχεν
884 5267 1265 5342 ὲξἈόραὰμ)
1297 5267 1510 5342 ἔχουσαι⁷
1531 5271 1748 5342 Πατέρα
1779 5267 1868 5324 ’ἑὸν
1913 5275 2046 5327 Θεὸν
2065 5315 2080 5338 ,

519 5341 612 5394 καὶ
649 5339 858 5409 μητέρα
891 5340 987 5410 τὴν
1013 5339 1512 5410 χάρινέιιενὰιαιεηι
1537 5339 1746 5411 quando
1774 5342 1866 5395 Dei
1894 5345 2082 5397 civitas

517 5419 663 5480 erat,
679 5413 908 5463 radicem
938 5427 1000 5463 ac
1031 5426 1191 5480 genus
1216 5411 1436 5463 ducebat
1465 5427 1528 5464 ea:
1559 5411 1824 5463 Abraham
1848 5453 1862 5476 ,
1899 5413 2084 5466 Deum-

519 5495 615 5548 que
643 5478 854 5532 Patrem
876 5478 1119 5543 habebat,
1140 5489 1188 5532 et
1217 5489 1438 5533 matrem
1469 5481 1696 5549 gratiam
1722 5481 1857 5544 eius.

593 5549 702 5620 (ll)
744 5550 926 5603 Tanta:
967 5551 1193 5620 talisque
1217 5588 1231 5610 ,
1252 5559 1385 5620 _etc._
1408 5549 1624 5605 Catenae
1657 5566 1788 5604 mss.
1817 5568 1830 5603 :
1863 5549 2084 5614 Τελείας

519 5616 717 5704 φάςῆέ
742 5616 1500 5704 ὴηὶιεροξιεεαλῆμ.σύμ⁶ολον.·
1541 5621 1662 5700 is“
1683 5620 1862 5704 duxi.
1903 5637 2081 5704 ποξρα;

524 5684 902 5763 ἶτςέοιῖςξαὲξεί
931 5689 1084 5763 ῥίζαν
1103 5684 1202 5763 ἰαὶ
1218 5684 1439 5763 ’τέκεσιν
1464 5690 1530 5763 ὲκ
1552 5684 1655 5759 ﬁ;
1681 5684 1928 5763 x‘asaev-
1961 5684 2018 5763 ξν

564 5753 653 5832 ςζῃ
681 5755 788 5836 ξξει
821 5751 1033 5839 suis”
1070 5751 1426 5839 ’ξμορραἰονρ
1453 5751 2081 5839 καὶςλιλήτρρα-Χεταίαςίξ

577 5825 747 5878 αναὰν
788 5825 1049 5896 σύμϐολον
1077 5825 1176 5896 τῆς
1208 5825 1478 5897 auaritia;
1500 5846 1512 5859 ·
1551 5825 1873 5898 ’Ᾱμὸρραῖος
1904 5831 2101 5900 πατὴρ

2140 5024 2180 5054 ¹¹
2215 5020 2372 5075 Joan.
2410 5033 2505 5071 vnt
2528 5057 2542 5079 ,
2576 5016 2666 5069 Μ.
2740 5013 2987 5068 "Matth.
3021 5029 3072 5068 Ix
3095 5055 3111 5079 ,
3145 5013 3199 5067 5.

2193 4633 2369 4686 lorum
2415 4629 2660 4684 omnium
2706 4627 2760 4680 in
2806 4625 2991 4680 lumbo
3016 4632 3282 4678 versatur.
3336 4621 3401 4676 Et
3429 4621 3550 4675 ideo
3579 4620 3755 4673 adhuc

2193 4724 2246 4776 in
2281 4720 2463 4774 lumbo
2491 4719 2661 4788 patris
2683 4715 3015 4771 constitutus
3049 4715 3144 4784 qui
3177 4714 3491 4770 nasciturus
3529 4720 3644 4766 erat
3673 4727 3754 4764 re-

2191 4817 2380 4875 fertur,
2404 4813 2531 4884 quia
2559 4813 2616 4865 in
2638 4811 2852 4865 lumbos
2873 4809 3080 4863 semina
3105 4809 3342 4861 humana
3361 4807 3583 4861 collecta
3609 4811 3752 4858 sunt.

2192 4906 2475 4962 Fortitudo
2517 4917 2647 4972 ergo
2691 4901 2963 4956 contraria
3002 4902 3314 4971 ubicunque
3355 4909 3483 4954 sunt
3527 4896 3754 4956 semina,

3273 5012 3317 5043 “
3346 5010 3365 5064 l
3394 5011 3523 5067 Cor.
3563 5026 3638 5066 tv.
3669 5009 3756 5063 l5.

2183 5208 2297 5258 ἐστι
2331 5201 2537 5274 veneti);
2567 5203 2594 5255 ὁ
2621 5199 2894 5274 διάῦολοξ·
2921 5199 3125 5274 xenia.
3165 5200 3219 5252 δὲ
3254 5200 3454 5274 μήτηρ,
3493 5201 3524 5268 ἡ
3549 5199 3612 5274 ἐκ
3639 5196 3762 5274 τορο

2183 5292 2277 5327 του
2315 5267 2564 5342 γένὺησίς
2606 5274 2721 5324 ἐστι
2745 5287 2759 5300 ο
2788 5269 2906 5342 Ϊτεᾶς
2937 5271 3046 5340 γὰρ
3087 5273 3120 5342 d
3157 5267 3343 5342 nam
3371 5267 3664 5342 ιῖμαρτίᾳν
3690 5269 3759 5322 ἐκ

2187 5343 2292 5397 τοῦ
2328 5339 2611 5395 διαϐόλου
2664 5339 3031 5409 γεγέννηταιζ
3083 5340 3284 5392 Animae
3309 5340 3553 5407 perfecta:
3587 5341 3760 5406 ﬁgura

2185 5422 2263 5468 est
2301 5410 2642 5465 Jerusalem:
2671 5427 2787 5478 qua:
2817 5410 2995 5463 anima
3030 5426 3161 5478 cum
3194 5410 3486 5478 corruerit,
3522 5409 3757 5461 radicem

2189 5493 2459 5550 ortumque
2499 5477 2704 5533 habebit
2748 5497 2775 5532 e
2816 5489 2955 5532 terra
3003 5477 3279 5532 Chanaan.
3328 5477 3393 5530 In
3441 5479 3541 5550 hac
3577 5479 3758 5550 radice

2189 5547 2396 5604 habebit
2425 5560 2625 5619 patrem
2665 5550 3052 5612 Amorrlucum,
3107 5558 3152 5601 et
3201 5558 3420 5600 matrem
3469 5547 3755 5619 Cethwam.

2193 5616 2446 5674 Chanaan
2493 5620 2693 5688 peccati
2736 5619 2907 5688 ﬁgura
2943 5629 3020 5672 est
3048 5635 3066 5671 :
3095 5618 3431 5670 Amorrhaaus
3463 5628 3614 5686 pater
3647 5616 3756 5683 spi-

2192 5689 2344 5743 ritali
2373 5707 2527 5744 sensu
2556 5689 2797 5742 diabolus
2830 5697 2942 5750 est;
2982 5688 3194 5742 Cet/aea
3229 5699 3418 5745 mater.
3455 5704 3516 5739 ea
3551 5703 3667 5756 qua:
3693 5699 3755 5738 ea:

2192 5761 2306 5821 ipso
2331 5770 2407 5812 est
2440 5759 2707 5812 nativilas.
2748 5777 2766 5808 ι
2801 5756 2984 5828 Omnis
3009 5758 3148 5811 enim
3171 5760 3258 5828 qui
3293 5757 3422 5826 facit
3449 5769 3717 5824 peccatum
3737 5795 3752 5820 ,

2193 5844 2256 5879 r1:
2287 5828 2494 5881 diabolo
2531 5837 2686 5880 natus
2719 5838 2794 5882 est
2826 5827 2844 5899 (
2881 5823 2910 5879 1
2938 5825 3098 5880 Joan.
3130 5823 3211 5893 ιιι,
3246 5823 3320 5896 8).
3361 5846 3376 5875 ι
