4070 6296
271 381 381 456 713

1681 387 1963 450 HOMILIA
2005 390 2093 450 Vl;

3427 396 3528 448 7H

275 516 352 571 ibi
383 513 709 570 insidiarum
733 526 956 568 suarum
987 513 1094 565 vim
1122 521 1353 567 conatur
1381 510 1677 567 ostendere.
1739 508 1848 562 Ad—
1875 510 1917 567 Α
1949 507 2090 562 ritus
2133 508 2360 577 pecunia
2413 506 2750 574 comparari,
2791 507 2843 561 in
2877 522 2982 577 qua
3026 524 3133 562 non
3173 518 3257 563 est
3297 508 3440 566 lotus
3473 512 3524 564 in

276 622 500 663 versum
544 605 815 660 masculos
842 605 1014 659 virtus
1039 604 1159 672 ejus
1181 605 1234 658 in
1265 604 1465 658 lumbis
1510 609 1613 668 est,
1650 601 1843 655 adver-

277 713 404 754 sum
433 697 661 753 feminas
689 697 862 751 virtus
885 695 1003 766 ejus
1029 696 1082 750 in
1112 695 1370 750 umbilico
1401 694 1604 748 ventris
1626 701 1727 746 est.
1783 690 1848 744 Et

278 790 404 845 vide
460 788 738 859 quomodo
780 787 1010 842 honeste
1045 787 1146 840 viri
1195 785 1547 854 mulierisque
1595 783 1848 855 genitalia

278 880 512 938 obtectis
547 877 862 933 nominibus
893 876 1171 946 Scriptura
1209 874 1618 945 nuncupaverit,
1656 887 1721 926 ne
1758 887 1851 942 per

279 987 342 1028 ea
369 970 635 1026 vocabula
675 984 800 1039 quae
840 969 894 1023 in
942 978 1192 1036 promptu
1245 974 1406 1031 sunt,
1463 964 1850 1035 turpitudinem

281 1059 636 1132 signiﬁcaret.
674 1057 731 1112 Si
760 1057 1087 1112 intellectum
1113 1066 1196 1110 est
1216 1053 1521 1124 exemplum
1551 1055 1696 1123 quod
1729 1067 1854 1122 pro-

281 1152 512 1208 tulimus
547 1151 614 1206 de
642 1149 764 1216 Job,-
797 1147 1032 1218 intellige
1065 1147 1195 1200 mihi
1239 1146 1366 1215 quia
1406 1154 1465 1199 ut
1488 1145 1541 1199 in
1566 1145 1684 1198 viro
1715 1159 1851 1214 prae-

281 1238 495 1309 putium
524 1237 955 1302 circumciditur,
995 1235 1076 1291 sic
1107 1234 1158 1288 in
1191 1234 1391 1288 femina
1423 1233 1714 1288 umbilicus
1735 1249 1853 1288 am-

283 1337 528 1399 putatur.
581 1327 717 1382 Cum
760 1327 904 1380 enim
949 1325 1144 1396 pudiea
1171 1325 1272 1379 fuit
1299 1325 1530 1401 mulier,
1560 1333 1614 1379 et
1640 1323 1854 1380 mundis

283 1434 383 1474 usa
409 1418 806 1473 mutationibus
838 1416 1164 1472 feminarum
1187 1457 1202 1482 ,
1242 1415 1448 1490 scilicet
1477 1431 1544 1470 ne
1584 1415 1638 1469 in
1675 1415 1853 1470 sordi-

282 1511 384 1567 das
413 1525 502 1566 res
523 1547 540 1577 ,
587 1519 641 1565 et
669 1510 722 1564 in
747 1519 1094 1580 peccatorum
1128 1507 1491 1577 turpitudines
1521 1515 1676 1573 ruat,
1727 1515 1854 1562 tunc

283 1603 579 1658 umbilicus
601 1602 720 1672 ejus
745 1601 994 1658 abscisus
1017 1609 1121 1656 est.
1156 1599 1212 1654 Si
1241 1613 1368 1653 vero
1397 1598 1720 1668 peccaverit,
1746 1614 1852 1652 non

283 1703 372 1751 est
400 1694 692 1750 umbilicus
723 1693 842 1762 ejus
875 1693 1146 1748 abscisus.
1195 1683 1443 1760 increpat
1472 1705 1600 1759 ergo
1638 1685 1856 1742 Jerusa-

286 1785 394 1841 lem
436 1785 594 1856 quasi
625 1784 943 1850 mulierem,
973 1783 1192 1838 cuinon
1237 1782 1309 1837 sit
1347 1781 1604 1852 praecisus
1639 1779 1856 1834 umbili-

1950 597 2198 653 salutem.
2229 583 2306 649 Ad
2324 611 2537 650 omnem
2556 599 2789 650 animam
2815 599 3163 668 peccatricem
3184 613 3302 667 qum
3314 597 3530 652 videtur"

1950 689 2204 754 credere,
2256 687 2356 742 ista
2391 686 2645 742 dicuntur
2686 704 2808 758 qua;
2829 705 2974 744 nunc
3024 689 3165 744 dicta
3203 689 3430 759 legimus
3459 679 3526 743 ari

1949 768 2273 848 Jerusalem,
2312 792 2371 836 ut
2424 797 2532 836 non
2577 781 2645 836 ad
2685 781 2893 852 majora
2937 781 3320 842 conscendam.
3362 791 3415 836 et
3463 783 3526 836 ea

1951 887 2190 943 quaeram
2227 889 2348 944 qum
2388 873 2531 928 ultra
2556 859 2699 928 vires
2733 888 2879 928 meas
2922 880 3050 926 sunt
3086 881 3138 927 et
3167 872 3462 942 ingenium.

2022 951 2075 1018 6.
2119 963 2298 1034 Neque
2345 963 2456 1017 sale
2493 963 2654 1016 salita
2678 963 2746 1018 ²⁰.
2797 960 2862 1016 Ει
2891 962 2995 1016 hoc
3035 962 3240 1016 crimen
3265 959 3528 1016 estJeru-

1954 1054 2146 1119 salem,
2175 1055 2304 1125 quia
2336 1071 2446 1108 non
2481 1053 2658 1108 fuerat
2690 1053 2852 1122 digna
2887 1053 2998 1107 sale
3031 1052 3146 1107 Dei.
3183 1050 3296 1123 Ego
3334 1053 3379 1108 si
3410 1058 3526 1108 ere-

1954 1145 2147 1200 didero
2176 1144 2408 1200 Domino
2453 1159 2575 1198 meo
2603 1141 2731 1198 Jesu
2756 1132 3002 1206 Christo,
3046 1144 3162 1212 ipse
3213 1156 3300 1198 me
3329 1144 3410 1199 sal
3444 1141 3528 1197 fa-'
3596 1155 3610 1168 “

1956 1235 2081 1314 ciet,
2109 1225 2358 1305 dicetque
2398 1235 2529 1288 mihi
2561 1234 2648 1289 ἰε
2689 1217 2786 1287 Vos
2824 1235 2946 1288 estis
2989 1236 3071 1288 sat
3112 1242 3284 1290 terrw.
3325 1231 3384 1289 Si
3416 1251 3529 1291 ere-

1955 1327 2144 1407 didero
2179 1327 2402 1398 Spiritui
2427 1321 2521 1398 qui
2546 1327 2598 1380 in
2620 1318 2876 1396 Apostoio
2898 1322 3109 1382 locutus
3130 1335 3232 1394 est,
3257 1328 3369 1384 sale
3400 1343 3530 1382 con-

1955 1417 2098 1484 dior,
2139 1425 2194 1472 et
2233 1432 2456 1487 possum
2499 1426 2825 1486 praeceptum
2874 1419 3150 1473 custodire
3176 1461 3190 1484 ,
3232 1418 3419 1475 dicens
3443 1420 3522 1470 "ﬁ

1957 1495 2142 1568 Sermo
2191 1521 2358 1565 vester
2405 1512 2474 1564 sit
2524 1526 2727 1579 semper
2769 1510 2824 1563 in
2876 1512 3056 1580 gratia
3106 1511 3216 1566 sale
3263 1512 3526 1567 conditus.

1957 1604 2172 1660 Grande
2203 1617 2342 1674 opus
2369 1610 2466 1679 est
2506 1601 2739 1657 insaliri.
2785 1599 2885 1667 Qui
2935 1603 3047 1656 sale
3078 1603 3329 1667 conditur
3355 1605 3529 1673 gratia

1957 1695 2150 1765 plenus
2184 1701 2286 1750 est.
2331 1690 2466 1746 Nam
2515 1701 2568 1746 et
2612 1691 2667 1745 in
2709 1691 2988 1746 communi
3027 1693 3313 1761 proverbio
3351 1695 3529 1752 salsus

1957 1784 2154 1839 dicitur
2197 1769 2490 1854 gratiosus,
2547 1789 2602 1836 et
2639 1781 2948 1836 econtrario
2987 1780 3229 1837 insulsus
3278 1786 3370 1854 qui
3421 1788 3528 1840 noti

283 1890 405 1932 cus.
438 1842 788 1945 Septuaginta
819 1872 1152 1942 interpretati
1184 1878 1311 1926 sunt
1337 1870 1390 1924 in
1417 1849 1520 1924 hoc
1544 1869 1662 1924 loco
1692 1886 1706 1923 :
1733 1867 1855 1921 Non
1886 1842 1927 1896 Β
1958 1875 2118 1930 habet
2152 1842 2400 1944 simiam.
2449 1842 2507 1926 Si
2548 1860 2713 1942 igitur
2755 1869 2928 1942 gratia
2972 1865 3128 1929 nobis
3167 1890 3196 1928 a
3225 1842 3333 1930 Ι)εο
3361 1876 3528 1938 venit,

284 1967 636 2038 alligauerunt
662 1966 821 2020 ubera
847 1975 959 2030 tua,
1011 1973 1234 2020 sensum
1260 1961 1432 2032 magis
1455 1961 1659 2030 eloquii
1685 1975 1852 2029 expo—
1894 2019 1910 2050 Ι

287 2067 501 2125 nentes,
522 2072 685 2127 quam
717 2056 941 2111 verbum
969 2055 1035 2109 de
1057 2053 1222 2109 verbo
1249 2051 1635 2122 exprimentes.
1681 2051 1854 2105 Ubera

285 2161 467 2206 autem
501 2150 612 2222 (12)
662 2149 718 2204 in
744 2147 986 2204 Canticis
1033 2146 1370 2202 canticorum
1418 2151 1696 2220 assumpta
1731 2151 1858 2196 sunt

287 2243 342 2298 in
372 2242 762 2312 cogitationum
793 2249 1008 2294 tuarum
1037 2247 1090 2292 et
1117 2235 1316 2291 mentis
1344 2234 1486 2289 loco.
1559 2233 1697 2297 Quia
1722 2232 1856 2286 bona

287 2332 449 2388 ubera
480 2342 572 2386 tua
602 2347 758 2400 super
783 2331 959 2384 vinum
993 2328 1058 2381 ".
1095 2326 1160 2382 Et
1197 2324 1443 2380 recubuit
1487 2339 1648 2393 super
1669 2331 1856 2400 pectus

285 2422 439 2488 Jesu,
485 2421 579 2477 ubi
612 2399 777 2477 ubera
808 2430 900 2474 tua
932 2426 1080 2482 sunt,
1113 2403 1158 2473 is
1183 2415 1275 2487 qui
1298 2415 1736 2471 communionem
1769 2399 1856 2468 in-

289 2513 600 2569 tellectuum
626 2510 746 2580 ejus
778 2507 1065 2562 habiturus
1086 2511 1223 2559 erat.
1251 2488 1479 2568 Quando
1506 2514 1635 2568 ergo
1663 2501 1857 2554 sensus

291 2611 374 2658 est
397 2600 629 2670 rigidus,
656 2607 712 2655 et
737 2597 886 2652 notio
908 2593 1171 2650 obstricta
1206 2599 1369 2662 atque
1399 2583 1570 2643 solida
1590 2630 1605 2655 ,
1639 2602 1743 2670 nec
1764 2587 1858 2642 de-

289 2693 410 2749 ﬂuit
435 2668 638 2757 sermo,
664 2687 1018 2744 manifestum
1048 2692 1130 2740 est
1150 2683 1278 2754 quia
1305 2681 1519 2751 alligata
1545 2686 1671 2734 sunt
1693 2668 1857 2732 ubera

288 2793 405 2839 tua.
461 2784 598 2835 (lum
629 2795 758 2834 vero
781 2794 842 2834 ea
867 2794 989 2848 quae
1028 2777 1317 2840 dicuntur,
1364 2772 1626 2828 dissoluta
1653 2775 1779 2826 sunt
1806 2779 1859 2826 et

297 2872 566 2936 deﬂuunt,
598 2885 706 2925 non
732 2877 859 2925 sunt
885 2868 1052 2922 ubera
1075 2865 1312 2935 alligata.

361 2963 414 3016 5.
473 2961 627 3030 Aqua
658 2975 762 3013 non
787 2974 838 3012 es
867 2959 978 3010 lota
1021 2957 1077 3010 in
1107 2955 1329 3009 salutem
1363 2952 1425 3006 ¹⁸.
1483 2949 1771 3006 Videamus
1794 2965 1855 3004 ea

290 3067 413 3123 quae
458 3060 586 3106 sunt
636 3050 689 3103 in
736 3048 1059 3111 Jerusalem,
1103 3061 1170 3100 ne
1197 3045 1336 3100 forte
1362 3052 1414 3099 et
1442 3043 1494 3097 in
1527 3041 1682 3096 nobis
1706 3056 1854 3110 repe-

1954 1975 2008 2022 et
2056 1964 2399 2034 complemur
2449 1962 2593 2018 dono
2636 1949 2789 2032 ejus,
2836 1963 2949 2018 sale
2999 1959 3246 2018 salimur.
3289 1965 3526 2022 Rursum

1954 2052 2540 2125 peecatrixJerusalem
2560 2068 2666 2107 non
2691 2064 2774 2108 est
2792 2041 3032 2110 involuta
3053 2058 3270 2125 pannis.
3291 2047 3529 2115 Observa

1954 2145 2101 2216 quod
2125 2144 2360 2224 dicimus
2384 2160 2397 2196 :
2423 2142 2604 2224 anima
2628 2149 2944 2208 renascens,
2962 2153 3014 2198 et
3037 2146 3273 2214 primum
3302 2148 3354 2200 in
3382 2149 3532 2202 lava-t

1955 2253 2048 2292 cro
2101 2237 2277 2303 edita,
2323 2221 2614 2292 involvitur
2667 2239 2883 2308 pannis'.
2935 2235 3054 2308 ipse
3085 2229 3346 2295 Dominus
3378 2243 3531 2298 mens

1955 2326 2114 2404 Jesus
2154 2330 2346 2402 pannis
2399 2328 2675 2382 involutus
2719 2339 2836 2394 est,
2880 2339 2932 2384 ut
2979 2328 3240 2398 scriptum
3299 2331 3534 2386 refertur

1957 2415 2011 2498 in
2038 2403 2327 2487 Evangelia
2367 2415 2666 2471 secundum
2696 2411 2921 2472 Lucam.
2970 2416 3194 2488 Oportet
3234 2434 3363 2490 ergo
3406 2435 3529 2476 eum

1955 2505 2120 2576 379
2151 2507 2245 2576 qui
2289 2507 2611 2573 renascitur,
2652 2507 2841 2578 utique
2889 2507 2944 2562 in
2982 2500 3202 2564 Christo
3243 2525 3530 2566 renascen-

1957 2606 2064 2652 tem
2116 2597 2438 2653 rationabile
2482 2605 2536 2652 et
2588 2597 2862 2652 sincerum
2919 2597 3004 2653 lac
3066 2599 3374 2654 desiderare
3418 2617 3433 2655 :
3478 2607 3534 2656 et

1957 2685 2272 2756 priusquam
2322 2681 2644 2742 rationabile
2689 2693 2744 2740 et
2792 2685 2910 2741 sine
2953 2685 3079 2740 dolo
3115 2684 3198 2740 lac
3235 2687 3530 2752 desideret,

1956 2761 2114 2833 debet
2153 2777 2265 2832 sale
2294 2765 2466 2844 saliri,
2506 2785 2559 2831 et
2589 2775 2894 2846 pannorum
2925 2777 3222 2834 inv'olueris
3263 2779 3531 2848 colligari,

1957 2886 2026 2926 ne
2053 2863 2267 2927 dicatur
2305 2857 2373 2926 ad
2411 2887 2556 2938 eum,
2607 2867 2721 2926 sale
2762 2886 2872 2926 non
2911 2875 2971 2926 es
3009 2871 3220 2955 salitus,
3252 2882 3306 2928 et
3340 2874 3533 2943 pannis

1957 2979 2067 3019 non
2108 2979 2168 3022 es
2217 2965 2512 3020 involutus.
2561 2953 2700 3030 Quia
2741 2962 2921 3019 autem
2961 2953 3063 3019 ista
3093 2964 3390 3020 Jerusalem
3423 2966 3533 3021 Sint

1958 3055 2208 3122 crimina,
2241 3071 2348 3112 non
2382 3039 2698 3112 circumcidi
2723 3071 2842 3112 eam
2873 3053 3152 3124 umbilico",
3193 3063 3248 3112 et
3278 3057 3390 3112 sale
3423 3064 3530 3112 n'on

289 3143 522 3199 τίεηῑυν·
559 3139 722 3195 verbi
750 3140 928 3210 Κνίδιίᾶ
955 3139 1158 3194 illam“
1189 3137 1300 3192 Si“
1336 3133 1704 3226 Esiquaeflam
1738 3147 1857 3186 ῐηυ-
1883 3167 1926 3226 ο
1960 3143 2129 3209 saliri,
2176 3152 2230 3199 et
2255 3145 2450 3215 pannis
2488 3142 2598 3199 non
2633 3142 2854 3210 involvi,
2886 3153 2938 3200 et
2964 3144 3105 3215 aqua
3145 3161 3252 3200 non
3279 3140 3448 3201 lavari
3477 3148 3531 3200 in

289 3232 392 3290 lier
419 3248 565 3288 nunc
592 3232 723 3297 lota,
754 3247 940 3286 verum
969 3229 1229 3300 quaeritur
1259 3242 1326 3280 an
1358 3234 1412 3281 et
1441 3225 1493 3279 in
1523 3224 1773 3287 salutem,
1799 3231 1860 3278 ut

290 3336 344 3382 et
372 3341 470 3380 nos
494 3326 787 3379 timeamus
818 3330 1034 3392 propter
1075 3321 1180 3375 hoc
1222 3316 1367 3388 quod
1393 3317 1488 3383 ait,
1524 3317 1576 3369 in
1608 3314 1853 3370 salutem.

291 3414 410 3471 Non
441 3413 690 3469 lavantur
716 3403 828 3485 (l3)
852 3427 1041 3467 omnes
1062 3411 1116 3465 in
1138 3410 1390 3466 salutem.
1420 3407 1524 3474 Qui
1549 3407 1857 3476 accepimus

291 3509 516 3578 gratiam
547 3493 796 3576 baptismi
827 3504 882 3558 in
914 3502 1133 3558 nomine
1165 3493 1499 3566 Christi,loti
1525 3512 1742 3565 sumus;
1763 3497 1856 3552 sed

291 3597 479 3652 nescio
518 3596 642 3665 quis
690 3595 836 3649 lotus
868 3593 938 3649 sit
968 3593 1023 3646 in
1052 3589 1305 3647 salutem.
1363 3578 1550 3641 SimOn
1581 3586 1723 3640 lotus
1751 3587 1854 3651 est,

290 3695 344 3742 et
377 3678 646 3756 baptisma
674 3691 999 3739 consecutus
1023 3676 1402 3749 perseverabat
1430 3675 1482 3727 in
1510 3671 1741 3741 Philippi
1769 3685 1856 3723 so-

291 3779 516 3840 cietate;
551 3791 738 3830 verum
772 3773 898 3843 quia
925 3787 1031 3826 non
1060 3777 1174 3824 erat
1197 3760 1339 3821 lotus
1367 3767 1420 3820 in
1451 3761 1701 3827 salutem,
1726 3776 1858 3815 eon-

290 3859 580 3923 demnatus
615 3874 696 3919 est
744 3865 812 3918 ab
859 3877 924 3917 eo
954 3861 1046 3930 qui
1083 3859 1137 3912 in
1170 3855 1376 3926 Spiritu
1415 3861 1604 3909 saneto
1625 3851 1760 3906 dixit
1788 3848 1856 3903 ad

290 3975 416 4015 eum
446 3958 489 3991 "
517 3977 530 4013 :
564 3957 793 4010 Pecunia
830 3963 920 4007 tua
952 3961 1119 4006 tecum
1154 3949 1223 4002 sit
1252 3942 1305 4001 in
1346 3943 1706 4016 perditionem.
1767 3939 1856 3994 ln-

291 4048 466 4118 gentis
511 4055 596 4103 est
634 4042 963 4100 diliicultatis
1005 4056 1129 4095 eum
1178 4033 1272 4109 qui
1301 4039 1531 4100 lavatur,
1581 4033 1747 4087 lavari
1799 4032 1854 4084 in

292 4135 548 4197 salutem.
604 4137 895 4202 Attendite,
923 4131 1330 4196 catechumeui,
1366 4127 1570 4190 audite,
1594 4134 1648 4179 et
1673 4140 1739 4180 ex
1770 4123 1856 4179 his

291 4248 414 4304 quae
457 4223 734 4295 dicuntur,
771 4235 1072 4300 prmparate
1114 4223 1474 4292 vosmetipsos
1526 4217 1657 4272 dum
1709 4224 1856 4270 eate-

292 4319 551 4376 ehumeni
582 4319 735 4384 estis,
791 4317 920 4371 dum
951 4313 1179 4370 necdum
1210 4313 1342 4367 esus
1371 4309 1658 4379 baptizali;
1681 4314 1735 4361 et
1767 4321 1854 4360 ve-

290 4411 458 4467 niatis
505 4409 573 4464 ad
618 4410 919 4473 lavacrum,
967 4414 1021 4460 et
1068 4402 1322 4459 lavemini
1379 4403 1434 4456 in
1473 4401 1726 4463 salutem,
1757 4403 1857 4451 nec

1958 3229 2187 3293 salutem
2228 3252 2407 3292 sermo
2457 3238 2662 3292 indicat
2710 3237 2988 3308 reliquus,
3033 3239 3126 3309 qui
3175 3237 3249 3294 ita
3286 3242 3532 3295 eonteii-

1957 3336 2046 3382 tur
2078 3327 2123 3358 ’³
2157 3346 2171 3381 :
2214 3325 2393 3396 Neque
2423 3329 2648 3398 pepercit
2684 3330 2737 3381 in
2774 3338 2823 3382 te
2852 3328 3032 3382 oculus
3063 3338 3181 3382 tuus
3202 3370 3216 3394 ,
3251 3333 3306 3383 ut
3341 3332 3532 3400 faceret

1959 3419 2052 3472 tibi
2095 3435 2258 3473 unum
2301 3435 2366 3474 ex
2408 3420 2649 3473 omnibus
2696 3420 2838 3474 istis.
2893 3418 3184 3489 Propterea
3239 3423 3373 3476 nihil
3435 3423 3530 3476 tilai

1957 3509 2150 3564 horum
2185 3507 2307 3577 feci,
2344 3518 2405 3566 ut
2429 3521 2636 3581 pateret
2669 3511 2873 3580 aliquid
2918 3525 3082 3580 super
3129 3521 3216 3578 te,
3256 3513 3386 3567 dicit
3431 3513 3534 3566 Doa

1956 3600 2158 3656 minus.
2192 3597 2508 3672 Exemplum
2540 3602 2607 3656 ab
2640 3603 2892 3656 omnibus
2920 3601 3212 3671 accipiam;
3259 3603 3451 3658 deinde
3483 3608 3529 3662 si

1958 3681 2192 3762 Spiritus
2228 3700 2449 3747 sanctus
2478 3691 2693 3759 viderit,
2741 3694 2806 3747 ad
2856 3692 3041 3747 Jesum
3076 3695 3354 3749 Christum
3383 3704 3437 3749 et
3465 3698 3528 3748 ad

1957 3769 2124 3839 Deum
2150 3776 2366 3838 Patrem
2413 3777 2832 3857 tr'ansmigrabo.
2867 3785 3095 3852 Quando
3137 3787 3204 3842 ad
3255 3788 3527 3842 hominem

1955 3875 2168 3945 loquor,
2207 3885 2259 3930 et
2289 3875 2549 3944 deprecor
2579 3890 2702 3929 eum
2732 3883 2829 3947 pro
2858 3877 3039 3947 aliqua
3077 3893 3154 3941 re,
3184 3881 3242 3931 u't
3273 3875 3532 3932 miserea-

1959 3970 2046 4022 tur
2083 3968 2187 4022 mei
2224 3986 2236 4022 :
2281 3967 2324 4022 si
2357 3968 2473 4021 sine
2519 3966 2894 4022 misericordia
2933 3966 3036 4031 est,
3070 3961 3202 4023 nihil
3227 3970 3430 4040 patitur
3463 3981 3527 4025 ex

1957 4059 2042 4114 bis
2083 4074 2201 4128 qua:
2223 4075 2252 4112 a
2281 4074 2366 4113 me
2389 4049 2664 4136 dicuntur;
2707 4059 2753 4113 si
2793 4073 2919 4114 vero
2954 4059 3103 4114 molli
3133 4061 3217 4118 est
3242 4065 3445 4127 animo,
3478 4067 3532 4117 et

1956 4149 2091 4204 nihil
2117 4147 2170 4202 in
2203 4163 2268 4204 eo
2295 4148 2452 4218 rigidi
2486 4147 2669 4203 cordis
2695 4147 2971 4214 Obduruit,
3020 4153 3168 4207 audit
3197 4169 3302 4221 me,
3351 4164 3404 4208 et
3429 4157 3532 4209 mi-

1956 4246 2167 4295 seretur
2215 4236 2357 4303 mei,
2403 4246 2459 4292 et
2506 4234 2825 4292 molliuntur
2868 4240 3077 4297 viscera
3117 4243 3236 4313 ejus
3274 4243 3338 4298 ad
3380 4261 3531 4300 meas

1956 4343 2166 4398 preces.
2202 4325 2332 4382 Tale
2361 4327 2493 4382 mihi
2520 4326 2776 4396 quiddam
2813 4329 3049 4402 intellige
3083 4349 3247 4402 super
3277 4334 3530 4390 Salvato-

1957 4434 2092 4473 rem.
2121 4413 2411 4473 Descendit
2439 4418 2490 4471 in
2523 4426 2696 4472 terras
2722 4418 2988 4475 miserans
3013 4422 3309 4476 humanum
3337 4439 3527 4494 genus,

291 4501 371 4556 sic
397 4499 653 4555 lavemini
686 4505 742 4552 ut
765 4497 986 4568 quidam
1029 4494 1123 4565 (ιυὶ
1167 4491 1264 4547 Ῑοιί
1305 4499 1432 4548 sum
1457 4531 1470 4554 ς
1517 4488 1622 4582 Sed,
1646 4502 1765 4582 "_°“_
1799 4486 1852 4539 i"
1888 4499 1930 4554 D
1961 4510 2240 4579 passiones
2288 4523 2578 4578 perpessus
2619 4517 2701 4562 est
2745 4519 2958 4565 nostras
2994 4521 3284 4582 antequam
3311 4486 3526 4569 crucem

291 4593 523 4647 salutem
544 4633 557 4656 ,
593 4599 654 4645 ut
686 4590 779 4660 qui
811 4589 1008 4658 accipit
1037 4601 1254 4657 aquam,
1281 4589 1336 4639 et
1378 4590 1482 4636 no‘n
1515 4579 1710 4648 accipit
1735 4578 1856 4648 Spi-

289 4683 456 4738 ritum
490 4690 759 4737 sa'nctum.
809 4676 912 4746 Qui
955 4680 1167 4734 lavatur
1210 4677 1264 4730 in
1295 4675 1544 4739 salutem,
1575 4677 1629 4727 et
1655 4687 1852 4740 aquam

290 4773 491 4844 accipit
519 4780 573 4827 et
600 4769 859 4841 Spiritum
910 4775 1178 4824 sanetum.
1225 4765 1363 4833 Quia
1391 4781 1498 4820 non
1527 4764 1627 4818 fult
1661 4763 1851 4819 Simon

289 4859 437 4918 lotus
484 4863 540 4917 in
584 4862 838 4924 salutem,
885 4860 1092 4929 accepit
1129 4873 1362 4928 aquam,
1415 4863 1469 4910 et
1511 4871 1616 4909 non
1645 4855 1855 4924 accepit

291 4949 557 5025 Spiritum
601 4958 873 5018 sanctum,
900 4953 1105 5020 'putans
1131 4949 1258 5020 quia‘
1299 4948 1474 5018 possit
1497 4947 1702 5002 donum
1742 4946 1854 5016 spi-

362 5089 407 5146 .¹⁷
433 5091 596 5146 Cant.
635 5103 676 5154 ι,
705 5089 758 5143 1.

289 5157 344 5214 6.
385 5160 432 5192 "
459 5159 656 5215 Ezecb.
686 5174 796 5225 XVI,
831 5157 885 5214 5.

359 5284 474 5355 (i2)
515 5284 685 5363 (lbera
716 5291 930 5363 autem,
960 5290 1068 5363 etc:
1101 5283 1319 5363 (latente
1357 5299 1372 5336 :
1413 5285 1699 5363 Qipaqro}
1737 5289 1865 5363 ὲλή..

284 5351 502 5424 φθὴσάν
531 5356 587 5406 ἐν
617 5353 696 5423 τῷ
728 5354 966 5476 ’ῗσματι
996 5351 1103 5406 τῶν
1133 5353 1392 5434 ᾀσμάτων
1422 5351 1518 5407 ent
1536 5357 1628 5410 τοῦ
1660 5351 1866 5432 διανοή-

285 5423 440 5476 τικοῦ
471 5422 689 5476 γωοίου.
724 5423 768 5476 U
799 5441 886 5476 era
916 5423 971 5476 in
1001 5421 1219 5476 Cantica
1245 5424 1566 5476 canticorum
1598 5444 1691 5476 om
1725 5447 1865 5476 men.

285 5421 440 5497 axes
471 5421 689 5497 χῳρίου.
724 5421 886 5497 Ubera
916 5423 971 5476 in
1001 5421 1219 5476 Cantica
1245 5424 1566 5479 canticorum
1596 5444 1691 5497 pro
1725 5421 1865 5484 men.

290 5493 357 5546 tis
389 5493 646 5562 facultate
675 5493 1019 5561 accipiuntur.

360 5560 475 5634 (i3)
514 5561 651 5634 _Non
703 5560 968 5634 lavamur,
1014 5573 1118 5634 etc.
1165 5560 1382 5618 Catenae
1426 5580 1561 5634 mss.
1591 5581 1607 5618 :
1639 5567 1750 5620 Καὶ
1790 5568 1850 5620 ὲν

291 5630 444 5706 ﬁda-ct
458 5630 569 5706 367x
599 5631 855 5706 $060115,
886 5633 982 5706 ἐὰν
1008 5632 1297 5706 ὕδατι-οὐκί
1319 5633 1653 5706 ὲλούθηςγεις
1670 5653 1852 5706 amq-

331 5703 435 5757 ίαν.
457 5701 1018 5776 Τῶν-βατεῖιζομένῳν
1040 5703 1224 5776 οἰῄμξν
1255 5705 1335 5767 εἰς
1363 5701 1634 5776 σῳτήρῐαν
1659 5701 1848 5774 βαπτί-

327 5788 510 5827 ονταιο
557 5771 662 5824 εἰσὶ
699 5770 756 5823 δέ
788 5770 930 5836 τινες
960 5770 1138 5843 ψυχαὶ.
1161 5770 1586 5844 ἁπονιπτόμεῦαι
1629 5770 1722 5829 κά).
1767 5777 1848 5839 εἰς

613 5862 877 5922 PnnoL.
923 5862 1042 5924 Gn.
1077 5863 1249 5927 XIII.

835 5087 877 5119 ¹¹⁸
899 5086 1096 5142 Ezech.
1135 5101 1255 5153 xvi,
1283 5087 1339 5142 4.
1417 5087 1459 5119 ¹⁹
1493 5084 1614 5140 Aet.
1649 5099 1750 5140 vttt
1773 5123 1791 5152 ,
1830 5085 1919 5141 20.

1960 4609 2234 4670 pateretur
2267 4599 2318 4654 et
2346 4605 2564 4654 carnem
2608 4613 2852 4656 nostram
2883 4603 3197 4673 dignaretur
3226 4611 3523 4660 assumere.

1961 4693 2016 4748 Si
2046 4693 2189 4747 enim
2219 4707 2325 4746 non
2364 4690 2557 4747 fuisset
2584 4707 2800 4761 passus,
2829 4709 2936 4748 non
2970 4695 3205 4750 venisset
3231 4695 3285 4748 in
3309 4710 3527 4751 conver-

1959 4783 2224 4837 sationem
2257 4782 2506 4836 humana:
2533 4781 2675 4836 vitae.
2709 4781 2951 4836 Primum
2975 4793 3168 4847 passus
3197 4793 3299 4848 est,
3332 4785 3526 4840 deinde

1957 4872 2254 4940 descendit,
2281 4881 2334 4927 et
2356 4872 2506 4926 visus
2535 4879 2634 4925 est.
2664 4871 2794 4937 Qua:
2819 4878 2903 4927 est
2929 4873 3029 4927 ista
3053 4891 3215 4945 quam
3243 4891 3341 4945 pro
3369 4877 3524 4930 nobis

1959 4967 2154 5036 passus
2184 4972 2267 5019 est
2288 4963 2508 5034 passit')?
2553 4961 2802 5018 Charitas
2831 4973 2914 5018 est
2954 4967 3155 5035 passio.
3201 4966 3358 5022 Pater
3384 4984 3526 5037 quo-

1995 5086 2041 5118 ³ο
2071 5084 2267 5140 Ezecb.
2303 5097 2427 5148 xvr,
2455 5082 2508 5136 4.
2586 5083 2629 5114 ²¹
2665 5081 2854 5139 Matth.
2884 5101 2936 5152 v,
2972 5086 3058 5142 15.
3134 5089 3177 5118 ⁸³
3208 5086 3417 5144 Coloss.
3448 5095 3520 5150 iv,

1958 5289 2310 5361 κατάκρισιν.
2343 5287 2516 5361 Tot't'ro
2549 5287 2844 5361 dilatauit/gi.
2868 5289 2966 5361 frti)
3007 5289 3228 5361 ἀναξίῳ.
3273 5291 3421 5361 Ἔχει
3465 5279 3521 5344 δὲ

1955 5361 2048 5430 θεαὶ
2076 5357 2362 5428 ἀνὰγωγὴν
2393 5357 2757 5430 sentimus;
2785 5357 3160 5430 (iamper-.0610
3181 5357 3235 5412 ἐἰ
3274 5357 3518 5430 saeuam.

1956 5428 2025 5482 Et
2058 5433 2112 5482 in
2131 5445 2280 5499 aqua
2311 5427 2413 5481 non
2441 5444 2494 5480 es
2521 5427 2649 5499 tota,
2677 5430 2722 5480 si
2750 5444 2852 5480 non
2894 5427 2946 5482 es
2977 5428 3086 5482 lota
3119 5445 3257 5499 aqua
3286 5429 3342 5480 in
3372 5428 3518 5481 salu-

1957 5508 2080 5553 tem.
2111 5496 2262 5552 lnter
2295 5514 2380 5552 eos
2410 5499 2499 5568 qui
2527 5496 2886 5566 baptizantur,
2917 5507 3039 5551 sunt
3063 5496 3521 5567 qui'baptizanmr

1955 5570 2011 5621 in
2043 5568 2302 5633 salutem;
2337 5577 2458 5621 sunt
2486 5581 2604 5638 vero
2635 5569 2879 5638 quadam
2917 5570 3108 5621 animw
3129 5584 3246 5638 qua:
3275 5568 3520 5638 lavantur

1955 5640 2115 5692 etiam
2148 5639 2204 5692 in
2243 5637 2744 5708 condemnationem.
2773 5636 2839 5690 Id
2865 5638 3057 5708 accidit
3084 5636 3319 5708 indigno.
3353 5637 3519 5690 Porro

1954 5708 2107 5780 habet
2135 5709 2295 5761 etiam
2325 5706 2567 5780 altiorem
2596 5722 2803 5761 sensum
2825 5707 3142 5769 spiritalem.
3171 5706 3244 5763 Ac
3272 5711 3318 5763 si
3350 5719 3521 5780 potes,

1957 5779 2192 5833 animum
2223 5777 2453 5831 attende.

3131 5877 3211 5936 93
