4070 6296
565 322 672 376 715

1660 363 1667 369 .
1730 274 2054 373 οιιιριῑΝιε.
2090 314 2155 369 IN
2194 314 2629 371 EZECHIELEM

3717 323 3821 382 7l6

560 479 668 533 que
695 463 808 533 ipse
845 473 896 518 et
938 464 1079 519 Deus
1111 460 1501 529 universitatis,
1550 461 1880 532 longanimis
1911 469 1966 516 et
1998 461 2139 515 mul-
2172 445 2212 503 Α
2243 458 2600 529 multiplicata
2631 476 2707 526 es,
2733 470 2781 513 et
2810 462 3153 532 magni/iouia
3182 463 3249 519 ³⁸.
3296 463 3425 519 Dedi
3457 473 3511 521 te
3551 466 3609 521 in
3642 468 3826 524 multi-

562 564 676 609 tum
722 554 1031 609 misericors
1077 563 1130 608 et
1174 552 1485 617 miserator,
1526 567 1710 608 nonne
1736 553 2145 623 quodammodo

557 646 798 717 patitur?
823 645 904 699 An
928 645 1147 714 ignoras
1171 646 1301 716 quia
1330 646 1555 716 quando
1586 646 1821 700 humana
1844 646 2142 716 dispensat,

554 738 863 810 passionem
902 737 1103 807 patitur
1123 738 1459 793 humanam?
1480 735 1835 808 .Supportavit
1857 740 1995 793 enim
2027 753 2140 791 mo-

557 845 638 882 res
678 838 795 881 tuos
842 826 1097 882 Dominus
1128 829 1267 884 Deus
1307 837 1462 894 tuus,
1508 828 1766 900 quomodo
1793 830 1842 884 si
1876 830 1995 901 quis
2019 845 2144 898 sup-

555 932 727 992 portet
775 919 928 974 homo
949 920 1122 991 ﬁlium
1150 938 1326 976 suum.
1364 921 1532 993 lgitur
1564 936 1744 977 mores
1774 930 1991 976 nostros
2013 937 2139 990 sup-

558 1018 743 1082 portat
772 1009 961 1076 'Deus,
999 1011 1143 1066 sicut
1171 1010 1453 1081 passiones
1496 1020 1710 1066 nostras
1747 1018 1926 1080 portat
1971 1009 2142 1066 Filius

551 1102 670 1160 Dei.
713 1101 832 1174 ipse
869 1113 1022 1174 pater
1072 1118 1178 1156 non
1227 1109 1312 1157 est
1358 1100 1732 1171 impassibilis.
1789 1098 1845 1155 Si
1899 1109 2138 1169 rogetur,

549 1197 840 1252 miseretur
863 1206 917 1250 et
947 1195 1217 1259 condolet,
1248 1194 1450 1263 patitur
1485 1192 1692 1263 aliquid
1735 1192 2036 1255 cliaritatis,
2087 1200 2143 1246 et

549 1288 613 1344 fit
637 1287 692 1342 in
721 1286 803 1343 eis
835 1286 891 1340 in
920 1286 1119 1356 quibus
1144 1287 1300 1356 juxta
1325 1283 1752 1355 magnitudinem
1788 1290 1998 1337 natura:
2027 1297 2141 1338 suae

552 1395 659 1434 non
694 1387 871 1449 potest
912 1392 1053 1444 esse,
1101 1385 1154 1431 et
1189 1381 1406 1446 propter
1456 1388 1556 1430 nos
1601 1373 1872 1428 humanas
1907 1372 2141 1429 sustinet

543 1471 864 1541 passiones.

621 1560 676 1615 7.
718 1558 842 1613 Non
883 1557 1111 1628 pepercit
1158 1557 1342 1612 oculus
1375 1564 1496 1610 tuus
1518 1593 1533 1618 ,
1564 1552 1741 1625 inquit
1767 1551 1852 1619 ’³,
1889 1553 1944 1606 in
1975 1563 2044 1614 te,
2080 1561 2139 1606 ut

548 1652 743 1721 laceret
783 1650 878 1704 tibi
898 1666 1063 1704 unum
1097 1663 1161 1703 ea:
1197 1649 1436 1702 omnibus
1470 1648 1590 1701 istis
1615 1688 1629 1712 ,
1675 1654 1732 1699 ut
1764 1653 1973 1716 paterer
2030 1643 2138 1698 ali-

544 1740 674 1811 quid
704 1756 861 1810 super
897 1749 965 1794 te.
1001 1738 1068 1793 Et
1092 1738 1219 1809 quia
1250 1738 1371 1793 talis
1402 1736 1594 1793 eﬂ'ecta
1624 1749 1703 1802 es,
1729 1733 1966 1804 projecta
1991 1750 2046 1788 es
2084 1732 2138 1787 in

550 1834 739 1904 faciem
773 1832 965 1901 campi.
1007 1830 1174 1897 Deus,
1227 1845 1295 1884 ne
1320 1844 1422 1889 nos
1457 1828 1590 1883 tales
1632 1842 1753 1884 esse
1782 1826 2031 1897 patiaris,
2080 1834 2141 1879 ut

549 1924 904 1994 projiciamur
957 1937 986 1976 a
1043 1930 1125 1990 te,
1176 1931 1229 1976 et
1283 1921 1352 1975 ab
1407 1919 1649 1975 Ecclesia
1708 1928 1801 1973 tua
1845 1917 1899 1972 in
1941 1916 2136 1971 faciem

549 2012 750 2082 campi,
789 2011 884 2066 sed
926 2011 1097 2081 magis
1122 2017 1182 2064 ut
1214 2009 1284 2064 ab
1309 2009 1576 2080 angustiis
1601 2022 1861 2064 sensuum
1888 2006 2137 2076 egredia-

541 2121 674 2159 mur
698 2105 767 2159 ad
796 2119 1070 2173 campum.
1124 2102 1192 2156 Et
1231 2101 1467 2172 projecta
1500 2118 1553 2155 es
1599 2104 1655 2155 in
1706 2101 1898 2172 faciem
1940 2099 2132 2168 campi.

544 2197 764 2264 Quare?
802 2195 1078 2250 Pravitate
1115 2196 1311 2249 anima:
1335 2207 1440 2250 tute
1462 2195 1515 2248 in
1561 2211 1665 2265 qua
1698 2193 1781 2248 die
1809 2202 1937 2247 nata
1970 2208 2025 2247 es
2066 2191 2131 2246 ’⁸.

544 2288 803 2342 Potestne
842 2286 1047 2357 aliquis
1077 2286 1129 2340 in
1159 2287 1348 2342 eadem
1374 2285 1462 2341 die
1486 2301 1593 2356 qua
1619 2292 1781 2341 natus
1803 2294 1906 2351 est,
1934 2284 2135 2340 habere

546 2377 742 2432 animae
773 2375 1138 2446 pravitatem?
1170 2374 1439 2430 Describit
1478 2374 1762 2445 passiones
1800 2383 2041 2440 nostras,
2078 2384 2134 2431 et

546 2470 676 2523 vitia
713 2469 972 2534 humana,
1014 2476 1066 2522 et
1101 2466 1292 2523 solitas
1322 2467 1635 2536 pravitates.
1681 2465 1957 2521 Pravitate
1983 2467 2130 2522 enim

545 2572 733 2618 nostra
761 2604 776 2629 ,
825 2561 872 2619 si
913 2576 1022 2616 non
1069 2570 1276 2616 rectum
1327 2561 1492 2616 fuerit
1537 2575 1667 2625 cor,
1715 2561 2039 2631 projicimur
2075 2560 2129 2615 in

542 2671 795 2726 campum
840 2655 896 2710 in
931 2656 1019 2709 die
1062 2669 1171 2725 qua
1204 2654 1504 2710 nascimur.
1564 2651 1623 2709 Si
1670 2661 1795 2724 post
1842 2668 2130 2725 regenera-

535 2747 748 2802 tionem
777 2746 1010 2809 lavacri,
1047 2745 1094 2800 si
1136 2753 1260 2816 post
1291 2759 1599 2800 sermonem
1633 2744 1728 2801 Dei
1759 2761 1980 2801 rursum
2006 2762 2131 2817 pec-

534 2840 873 2903 caverimus,
902 2838 957 2891 in
985 2836 1073 2891 die
1105 2852 1213 2907 qua
1240 2836 1549 2905 nascimur,
1587 2835 1927 2907 projicimur.
1969 2835 2130 2894 Tales

534 2928 846 2998 saepissime
881 2926 1229 2996 reperiuntur
1253 2926 1417 2982 lavati
1450 2926 1669 2980 lavacro
1699 2926 1953 2982 secundae
1975 2943 2129 2998 rege--

548 3018 868 3085 nerationis,
899 3026 951 3073 et
977 3032 1086 3072 non
1110 3015 1367 3072 facientes
1392 3017 1584 3088 dignos
1609 3016 1826 3073 fructus
1856 3018 2128 3089 paeniten-

2244 553 2487 608 tudinem
2507 595 2523 617 ,
2553 562 2608 608 et
2649 554 3098 624 magnitudinem,
3130 555 3182 611 id
3235 564 3318 612 est
3346 572 3594 614 crescere
3625 568 3680 615 te
3725 560 3824 617 feci

2245 652 2299 697 et
2334 642 2701 712 multiplicari.
2745 643 2853 698 Per
2902 645 2954 699 id
3000 646 3145 701 enim
3191 647 3337 717 quod
3386 648 3732 718 crescimus,
3774 660 3829 708 et

2239 734 2692 804 multiplicamur.
2737 734 2804 790 Et
2846 736 3062 792 intrasti
3091 742 3145 792 in
3180 740 3414 794 civitates
3442 740 3721 796 civitatum
3759 744 3824 801 ".

2246 821 2486 880 Rursum
2526 839 2743 879 errores
2783 826 3005 896 exponit
3053 825 3353 883 Jerusalem
3404 830 3735 891 introeunti:
3772 834 3827 892 in
3868 882 3876 893 ,

2244 913 2495 969 civitates
2540 913 2840 969 civitatum.
2904 914 3190 981 Quomodo
3227 924 3409 972 autem
3464 916 3706 986 ingressa
3754 921 3829 976 sit

2244 1005 2537 1061 criminose
2585 1006 2637 1059 in
2680 1006 2930 1061 civitates
2962 1007 3242 1062 civitatum
3277 1009 3705 1068 consideremus.
3764 1011 3825 1068 Si
3870 1066 3877 1077 ,

2238 1108 2340 1165 per
2369 1095 2614 1166 singulas
2644 1095 2758 1169 (I4)
2792 1097 3036 1153 civitates
3075 1099 3131 1154 in
3172 1099 3374 1170 quibus
3407 1100 3640 1157 haereses
3671 1112 3824 1171 sunt,

2242 1195 2296 1242 et
2321 1186 2587 1243 doctrinae
2620 1188 2867 1244 alienam
2902 1187 3032 1252 Deo,
3069 1191 3405 1262 ingrediatur
3436 1194 3709 1264 quispiam
3737 1212 3825 1253 ec-

2243 1276 2606 1346 clesiasticus,
2637 1287 2696 1335 et
2734 1282 3006 1350 particeps
3045 1281 3137 1335 tiat
3167 1282 3357 1337 talium
3389 1283 3694 1352 civitatum,
3723 1302 3822 1341 au-

2242 1368 2322 1422 dit
2356 1368 2402 1401 ³⁶
2435 1387 2448 1424 :
2482 1368 2710 1425 Intrasti
2740 1373 2795 1425 in
2837 1372 3075 1427 civitates
3105 1373 3397 1429 civitatum.
3437 1374 3689 1432 ﬂamma:
3720 1388 3821 1435 tua!

2241 1469 2426 1516 erectis
2448 1470 2591 1517 sunt.
2631 1461 2760 1518 Post
2789 1473 2938 1518 tanta
2967 1465 3197 1520 crimina
3225 1481 3445 1522 rursum
3473 1469 3730 1537 ﬂoruisti,
3769 1481 3821 1526 et

2240 1551 2389 1606 venit
2421 1551 2515 1606 tibi
2552 1558 2789 1623 tempus,
2835 1562 2887 1608 et
2930 1562 3145 1625 tempus
3168 1555 3576 1612 divertentium.
3622 1558 3821 1616 Dicitur

2241 1639 2377 1694 mihi
2412 1659 2426 1694 :
2457 1639 2577 1696 Noli
2602 1642 2975 1713 allegorizare,
3004 1643 3115 1698 noli
3149 1659 3244 1714 per
3273 1644 3500 1716 ﬁguram
3528 1662 3816 1718 exponere.

2245 1732 2628 1803 Respondeant
2661 1749 2846 1804 quaeso
2877 1753 2890 1789 :
2923 1733 3225 1791 Jerusalem
3260 1753 3529 1794 mammas
3554 1740 3737 1806 habet,
3770 1750 3820 1797 et

2243 1833 2328 1879 est
2353 1826 2571 1895 quando
2607 1841 2715 1881 non
2747 1826 3088 1896 colligentur,
3125 1838 3211 1883 cst
3253 1829 3475 1899 quando
3512 1832 3816 1901 erigantur;

2241 1924 2296 1968 et
2326 1915 2643 1970 umbilicum
2680 1916 2862 1982 habet,
2910 1927 2965 1971 et
3004 1918 3133 1986 quia
3178 1935 3288 1974 non
3322 1930 3408 1976 est
3438 1921 3703 1991 praecisus
3734 1940 3820 1979 ar-

2242 2006 2449 2076 guitur.
2484 2004 2774 2074 Quomodo
2804 2019 3033 2080 possunt
3067 2011 3169 2065 ista
3198 2011 3317 2065 sine
3341 2011 3631 2083 allegorica
3660 2030 3822 2086 expo-

2242 2099 2441 2154 sitione
2474 2100 2737 2171 intelligi?
2772 2100 3024 2156 Mannum
3056 2111 3161 2156 tute
3198 2112 3384 2158 erecta:
3413 2114 3559 2172 sunt,
3584 2116 3637 2160 et
3666 2107 3822 2172 capil-

2239 2193 2322 2248 lus
2375 2202 2495 2248 tuus
2546 2204 2763 2249 exortus
2806 2205 2885 2249 est
2941 2196 3008 2251 ³¹.
3067 2195 3204 2251 Cum
3254 2198 3406 2252 omni
3442 2200 3726 2257 honestate
3759 2216 3821 2257 ea

2240 2299 2364 2356 quae
2391 2285 2607 2341 solvent
2648 2286 2920 2356 virginum
2949 2289 3165 2343 evenire
3209 2291 3534 2360 corporibus
3568 2293 3825 2350 describit

2235 2391 2417 2432 sermo
2447 2377 2685 2433 divinus.
2715 2376 2784 2432 Et
2819 2379 3045 2449 capillus
3081 2389 3447 2437 tuusmxortus
3470 2392 3551 2437 est
3580 2398 3601 2438 :
3625 2394 3684 2439 tu
3708 2403 3824 2440 vero

2229 2476 2352 2517 eras
2375 2462 2538 2529 nuda,
2555 2463 2722 2533 380
2743 2474 2792 2517 et
2815 2464 3156 2520 dehonestum
3172 2467 3237 2518 δ’.
3259 2466 3360 2534 Qui
3389 2483 3495 2523 non
3523 2479 3608 2525 est
3628 2469 3820 2526 Iesum

2233 2550 2511 2609 Christum
2552 2554 2816 2621 indutus,
2858 2556 2946 2611 hic
2979 2556 3159 2614 nudus
3193 2566 3305 2625 est;
3340 2561 3428 2629 qui
3457 2573 3564 2614 non
3598 2570 3686 2616 est
3729 2562 3811 2615 in-

2233 2643 2400 2700 dutus
2441 2645 2653 2701 viscera
2697 2646 3088 2715 miserationis,
3130 2647 3508 2721 benignitatis,
3536 2652 3823 2708 humilita-

2235 2736 2347 2805 tis,
2393 2739 2862 2807 mansuetudinis,
2898 2740 3355 2813 longanimitatis,
3402 2755 3463 2798 ut
3507 2746 3816 2814 proximum

2237 2829 2523 2898 sustineat,
2559 2831 2663 2887 iste
2694 2831 3085 2888 dehonestatus
3119 2843 3222 2890 est.
3267 2832 3347 2889 Tu
3379 2852 3499 2891 vero
3530 2854 3648 2892 eras
3676 2838 3818 2892 nuda

2231 2931 2286 2978 et
2329 2922 2694 2987 dehonestum,
2744 2934 2794 2980 et
2841 2927 3066 2981 transivi
3099 2944 3192 2994 per
3228 2937 3277 2983 te
3317 2928 3383 2984 ³³.
3418 2927 3668 2986 Secunda
3699 2931 3813 2987 vice

2229 3014 2380 3070 venit
2408 3015 2474 3070 ad
2507 3030 2651 3081 eam,
2687 3016 2821 3071 vidit
2853 3032 2973 3072 eam
3004 3028 3339 3090 peccantem,
3369 3020 3566 3077 iterum
3605 3032 3816 3093 propter

543 3111 654 3175 tite,
685 3124 861 3180 neque
888 3108 1255 3165 exhilarantes
1295 3108 1614 3182 mysterium
1648 3110 1902 3182 baptismi
1934 3113 2130 3169 timore

2236 3115 2455 3178 peccata
2489 3107 2754 3174 discedit;
2793 3118 2849 3164 et
2896 3118 3075 3193 tamen
3109 3127 3330 3168 rursum
3364 3116 3676 3183 revertitur,
3725 3116 3822 3171 ite-

538 3203 755 3272 majore
780 3202 849 3255 ab
870 3212 935 3256 eo
967 3215 1127 3270 quem
1159 3199 1290 3255 dum
1319 3201 1701 3257 catechumeni
1721 3210 1906 3258 essent
1930 3203 2135 3259 habue-

547 3304 695 3362 runt,
724 3302 780 3351 et
808 3294 1074 3350 charitate
1104 3294 1357 3364 ampliori
1384 3294 1453 3349 ab
1478 3309 1540 3350 ea
1570 3310 1737 3366 quam
1768 3305 2136 3353 exercuerunt

535 3389 676 3442 dum
722 3385 1001 3441 auditores
1061 3385 1331 3441 sermonis
1394 3393 1614 3453 essent,
1665 3393 1722 3440 et
1763 3387 2132 3445 sanctioribus

534 3478 714 3550 gestis
762 3493 927 3548 quam
984 3484 1109 3532 ante
1156 3486 1465 3549 gesserunt.
1516 3475 1775 3548 Sequitur
1826 3477 2131 3535 istiusmodi

547 3569 800 3625 homines
842 3569 948 3623 hoc
991 3568 1136 3638 quod
1175 3567 1419 3622 dicitur:
1456 3565 1700 3637 Proiecto
1746 3585 1800 3623 es
1840 3568 1895 3622 in
1936 3569 2134 3640 faciem

531 3661 717 3730 campi
741 3659 1001 3730 pravitate
1027 3658 1221 3714 animm
1252 3666 1357 3711 tute
1385 3657 1440 3710 in
1475 3656 1561 3710 die
1591 3673 1696 3727 qua
1736 3664 1865 3710 nata
1907 3673 1981 3712 es.
2025 3656 2133 3715 Sed

543 3752 670 3807 vide
715 3748 1147 3806 misericordiam
1184 3746 1303 3814 Dei,
1344 3746 1466 3800 vide
1492 3745 1837 3800 clementiam
1887 3746 2134 3817 singula-

533 3860 682 3900 rem.
723 3842 878 3899 Licet
906 3843 1146 3914 projecta
1177 3841 1251 3898 sit
1282 3838 1585 3894 Jerusalem
1616 3839 1670 3893 in
1702 3837 1900 3893 faciem
1930 3840 2130 3910 campi,

538 3952 654 3991 non
698 3935 775 3989 ita
821 3950 941 3990 eam
973 3935 1222 4005 despicit,
1259 3942 1320 3988 ut
1347 3932 1585 4004 projecta
1621 3930 1692 3986 sit
1720 3945 1969 4001 semper;
2019 3945 2129 3986 non

543 4029 618 4085 ita
654 4029 906 4099 pravitati
952 4044 1066 4083 suae
1109 4027 1386 4098 relinquit,
1421 4034 1478 4080 ut
1520 4024 1573 4078 in
1624 4031 1796 4078 totum
1839 4022 1959 4095 ejus
1989 4024 2131 4080 obli-

543 4120 808 4189 viscatur,
837 4128 897 4175 ut
922 4136 1028 4175 non
1060 4119 1199 4174 ultra
1226 4118 1398 4173 elevet
1423 4116 1719 4187 iacentem.
1743 4115 1977 4175 Attende
1999 4115 2130 4187 quid

534 4208 790 4279 sequitur
815 4211 860 4241 '°
890 4226 904 4262 :
941 4206 1009 4261 Et
1045 4207 1265 4261 transivi
1303 4223 1395 4277 per
1432 4215 1499 4260 te.
1528 4203 1776 4278 Proiecta
1802 4220 1883 4273 es,
1911 4220 2011 4277 ego
2039 4217 2131 4261 ta-

533 4317 668 4357 men
704 4318 924 4358 rursum
957 4302 1080 4356 veni
1107 4302 1172 4356 ad
1206 4311 1292 4368 te;
1340 4301 1577 4356 visitatio
1608 4316 1727 4357 mea
1766 4315 1875 4357 non
1912 4301 2005 4356 tibi
2034 4302 2124 4356 de-

540 4391 645 4448 fuit
670 4401 793 4465 post
815 4393 1055 4447 ruinam.

2237 3214 2359 3253 rum
2389 3197 2573 3253 visitat
2610 3199 2848 3256 clemens
2881 3209 2936 3257 et
2964 3186 3232 3274 benignus
3260 3202 3427 3262 Deus.
3474 3205 3543 3260 Et
3586 3207 3701 3262 veni
3752 3209 3819 3261 ad

2239 3299 2307 3357 te,
2340 3299 2390 3346 et
2419 3292 2528 3346 vidi
2557 3302 2625 3357 te,
2663 3302 2714 3347 et
2730 3309 2852 3348 ecce
2888 3305 3088 3366 tempus
3115 3304 3284 3365 tuum,
3317 3309 3369 3353 et
3414 3311 3616 3370 tempus
3649 3301 3820 3356 diver-

2240 3383 2461 3436 tentium
2502 3383 2567 3439 “.
2606 3384 2746 3450 Quid
2790 3398 2875 3442 est
2917 3388 3021 3443 hoc
3059 3389 3205 3458 quod
3243 3391 3321 3446 ait
3366 3401 3570 3462 tempus
3625 3394 3822 3449 tuum!

2219 3473 2480 3545 Tempus
2522 3475 2797 3547 significat
2848 3478 3301 3546 adolescentium,
3341 3483 3393 3537 in
3426 3500 3537 3555 quo
3580 3485 3695 3555 jam
3726 3501 3819 3556 per

2239 3575 2453 3621 aetatem
2485 3579 2713 3638 possunt
2757 3567 3038 3626 fornicari.
3084 3570 3150 3628 Et
3179 3589 3399 3629 rursum
3439 3593 3453 3630 :
3494 3576 3561 3630 Et
3596 3588 3817 3649 tempus,

2236 3657 2457 3728 inquit,
2514 3660 2901 3717 divertentium.
2966 3662 3069 3729 Qui
3128 3676 3256 3720 sunt
3312 3667 3401 3723 isti
3454 3669 3820 3727 divertentesi

2239 3744 2379 3803 Dum
2417 3764 2610 3806 sumus
2640 3752 2875 3821 parvuli,
2903 3753 2956 3807 hi
2983 3754 3074 3825 qui
3108 3756 3373 3812 divertere
3404 3760 3596 3814 nolunt
3626 3761 3693 3815 ad
3725 3774 3821 3817 eos

2237 3841 2332 3913 qui
2364 3842 2614 3898 nituntur
2650 3854 2927 3913 evertere,
2974 3855 3034 3900 ut
3080 3855 3210 3903 sunt
3244 3848 3540 3906 Christiani
3576 3855 3818 3924 pessimi,

2235 3932 2505 3989 daemonia
2544 3934 2848 4004 immunda,
2890 3939 3065 4011 angeli
3110 3941 3333 4008 diaboli,
3362 3958 3474 3998 non
3508 3945 3706 4000 habent
3743 3945 3819 4000 lo-

2238 4039 2362 4080 cum
2412 4025 2689 4096 quomodo
2721 4043 2826 4083 non
2863 4031 3075 4099 possint
3127 4032 3414 4090 divertere.
3454 4036 3591 4091 Cum
3637 4047 3814 4093 autem

2234 4113 2503 4173 fuerimus
2548 4127 2705 4173 aetate
2735 4120 2962 4191 majore,
3006 4131 3061 4178 ct
3088 4123 3197 4194 jam
3227 4140 3452 4195 peccare
3489 4144 3815 4198 possumus,

2237 4218 2489 4280 quaerunt
2517 4210 2723 4265 aditum
2757 4213 2822 4267 ad
2858 4229 2958 4268 nos
2988 4215 3307 4282 divertendi,
3351 4225 3406 4273 et
3439 4219 3540 4274 hoc
3580 4230 3686 4273 tam
3721 4236 3817 4276 an-

2232 4303 2336 4374 geli
2365 4301 2459 4358 Dei
2487 4319 2652 4374 quam
2682 4305 2862 4376 angeli
2897 4302 3131 4363 Satanae.
3165 4309 3501 4379 lmpossibilc
3522 4322 3699 4366 autem
3736 4322 3820 4368 est

2229 4404 2292 4450 ut
2320 4395 2536 4465 utrique
2579 4395 2648 4450 ad
2694 4412 2796 4452 nos
2838 4398 3131 4456 divertant.
3180 4400 3238 4455 Si
3271 4417 3596 4472 peccamus,
3641 4405 3819 4475 angeli

611 4486 665 4542 3.
710 4485 779 4541 Et
807 4486 913 4540 vidi
942 4494 990 4537 te
1018 4498 1349 4551 conspersum
1382 4484 1437 4536 in
1459 4484 1712 4554 sanguine
1739 4492 1828 4537 tuo
1863 4485 1928 4538 ’⁷.
1957 4482 2125 4550 Quasi
2157 4488 2203 4543 D
2231 4483 2432 4538 diaboli
2486 4484 2757 4540 divertunt
2804 4486 2867 4540 ad
2931 4503 3067 4551 nos:
3116 4490 3160 4545 si
3197 4499 3408 4549 stamus
3455 4493 3560 4549 fixo
3605 4497 3774 4565 gradu
3802 4537 3817 4563 ,

540 4579 723 4644 dicat,
755 4576 866 4633 vidi
897 4587 949 4631 te
982 4589 1132 4630 ream
1172 4572 1627 4640 liornicidiorum,
1662 4589 1810 4629 ream
1850 4574 2134 4644 sanguinis

541 4683 598 4726 et
621 4669 931 4725 mortalium
963 4674 1332 4739 peccatorum.
1366 4663 1432 4718 Et
1465 4664 1578 4718 dixi
1602 4664 1697 4718 tibi
1724 4680 1742 4719 :
1770 4662 1847 4718 De
1877 4664 2132 4733 sanguine

548 4771 637 4816 tuo
657 4763 766 4816 vita
792 4763 1099 4832 adimplere.
1135 4758 1303 4830 Surge
1332 4758 1396 4814 de
1430 4759 1685 4828 sanguine
1727 4768 1837 4822 tuo,
1875 4766 1926 4813 et
1956 4757 2129 4811 adim-

538 4855 687 4926 plere
713 4855 843 4909 vita.
885 4854 1034 4910 Sicut
1080 4863 1228 4910 ortus
1272 4853 1389 4925 agri
1430 4852 1551 4908 dedi
1590 4863 1660 4906 te.
1709 4849 1964 4906 Miserlus
2005 4863 2128 4905 sum

544 4947 626 5004 tui
648 4952 934 5018 postquam
963 4946 1206 5018 proiecta
1232 4960 1313 5011 es,
1344 4946 1454 5000 vidi
1483 4953 1536 4999 te
1563 4943 1829 5014 sanguine
1854 4941 2125 5013 peccatis-

543 5054 651 5113 que
688 5052 1061 5107 consparsam,
1107 5036 1243 5091 edici
1293 5048 1342 5092 te
1389 5038 1533 5094 sicut
1582 5045 1733 5091 ortus
1764 5042 1845 5090 est
1874 5033 2022 5104 agri,
2072 5039 2128 5087 et

542 5134 901 5205 multiplicata
939 5148 1019 5188 es.
1050 5131 1188 5199 Quia
1230 5133 1296 5187 ad
1324 5143 1377 5189 te
1412 5133 1560 5200 veni,
1589 5140 1645 5186 et
1681 5129 1892 5185 visitavi
1922 5137 1973 5183 te
1994 5142 2125 5198 pro-

538 5229 761 5302 iectam,
787 5241 950 5282 causa
979 5225 1074 5280 tibi
1105 5224 1282 5281 factus
1313 5240 1436 5281 sum
1471 5233 1529 5278 ut
1557 5221 2019 5292 multiplicareris.
2057 5218 2124 5273 Et

2238 4573 2516 4630 divertuut
2562 4575 2628 4631 ad
2677 4590 2777 4631 nos
2823 4579 2998 4646 angeli
3054 4576 3166 4635 Dei.
3220 4578 3381 4638 Venit
3429 4599 3559 4656 ergo
3609 4594 3822 4656 tempus

2241 4674 2418 4729 tuum,
2460 4675 2515 4718 et
2557 4672 2770 4737 tempus
2808 4669 3214 4738 divertentium,
3255 4683 3308 4727 et
3340 4672 3608 4731 Dominus
3639 4691 3823 4732 noster

2236 4756 2396 4812 Jesus
2423 4755 2676 4815 Christus
2703 4757 2847 4816 Deus
2874 4769 3060 4816 noster
3089 4778 3308 4819 rursum
3355 4765 3538 4821 visitat
3569 4769 3819 4824 miseram

2235 4845 2580 4916 Jerusalem,
2631 4849 2685 4905 id
2728 4859 2812 4907 est
2858 4855 3213 4923 peccatricem
3265 4857 3507 4914 animam
3557 4846 3835 4918 nostrane

2235 4941 2488 5014 Expandi
2526 4943 2642 5000 alas
2664 4961 2807 5002 meas
2830 4963 2986 5017 super
3020 4958 3068 5002 te
3108 4949 3174 5003 ⁸⁸.
3215 4949 3513 5006 Consuevit
3541 4950 3824 5023 Scriptura

2235 5049 2443 5107 pennas
2470 5049 2788 5108 nuncupare
2815 5038 3051 5094 vestium
3082 5040 3433 5096 summitates
3457 5061 3471 5095 :
3499 5044 3637 5097 utin
3675 5041 3821 5099 Ruth

2232 5140 2356 5197 quae
2383 5126 2531 5181 venit
2559 5126 2881 5185 abscondite
2911 5140 2966 5185 et
2989 5130 3336 5202 discooperto
3360 5131 3528 5202 pallio
3558 5134 3626 5189 ad
3655 5135 3819 5205 pedes

2228 5216 2400 5283 Boos,
2436 5217 2698 5276 dormivit
2732 5220 2836 5277 sub
2863 5221 3029 5277 axilla
3060 5223 3371 5279 vestimenti
3410 5224 3535 5296 eius
3562 5224 3630 5280 “.
3676 5225 3823 5284 Deus

613 5345 662 5379 “
688 5341 1084 5408 EZleil.XVl,5.
1161 5344 1206 5374 ’⁸
1242 5343 1371 5397 ibid.
1401 5342 1634 5397 “ibid.6
1707 5342 1750 5372 ³⁷
1782 5339 1935 5404 ibid.,
1964 5336 2019 5405 ϐ,
2047 5337 2101 5391 7.
2178 5335 2225 5369 ⁸⁸
2259 5335 2391 5390 ibid.
2469 5337 2514 5369 ’³
2539 5337 2669 5393 ibid.
2703 5339 2748 5371 ³⁸
2779 5339 2910 5395 ibid.
2988 5341 3032 5373 "
3054 5341 3184 5398 ibid.
3264 5342 3458 5399 "ibid.
3536 5344 3728 5401 "ibid.
3762 5344 3816 5405 7.

543 5414 594 5452 ³⁵
624 5415 755 5471 ibid.
834 5414 877 5446 ³⁵
905 5416 1035 5470 ibid.
1062 5416 1115 5467 8.
1193 5413 1419 5475 “Ruth,
1454 5429 1536 5467 ut.

629 5506 737 5579 (lt)
772 5505 833 5579 Si
884 5523 978 5577 per
1021 5507 1287 5579 singulas,
1329 5516 1436 5563 etc.
1464 5578 1467 5579 ν
1494 5507 1713 5564 Catenae
1752 5524 1881 5565 mss.
1931 5508 2121 5576 Πόλεις

555 5576 769 5653 vidistva
792 5578 926 5630 εἰσιν
955 5576 1302 5653 ριίᾼςιὶῥέσεις.
1345 5578 1580 5653 Έκάστη
1608 5581 1718 5653 γὰρ
1753 5581 1963 5653 αἵρεσις
1992 5582 2120 5635 ἴδιον

555 5596 760 5629 ποΛεων
792 5596 926 5630 εισιν
956 5596 1010 5631 αι
1044 5596 1302 5649 αιρεσεις.
1362 5596 1580 5650 unum]
1609 5596 1678 5648 γλ
1753 5596 1963 5653 αιρεσις
1992 5596 2120 5635 ῑσιον

554 5645 722 5727 vdpov'
745 5645 857 5716 ἔχει
887 5648 978 5700 καὶ
1020 5647 1156 5701 ἰδίαν
1188 5647 1491 5711 πολιτείαν,
1536 5652 1629 5703 καὶ
1672 5596 1718 5773 5
1736 5651 2000 5722 κρείττων
2027 5652 2121 5705 καὶ

554 5730 610 5765 αι
639 5730 900 5773 γειρονες.
933 5717 1057 5773 Πῶς
1090 5717 1144 5770 δὲ
1174 5719 1266 5771 καὶ
1299 5720 1364 5770 ἐκ
1400 5721 1558 5773 ποίας
1588 5721 1672 5773 εἰσ
1707 5736 1891 5773 averet
1915 5721 2052 5773 αὑτὴ
2083 5724 2115 5773 ἡ

933 5717 1367 5803 [litae-demutat
1400 5721 1558 5803 ποίας
1588 5713 1891 5803 εἰσέρχὲται
1915 5721 2116 5803 uesani]

546 5781 927 5856 ψυχῆίζήτει.
970 5786 1214 5842 Civitates
1250 5788 1518 5841 civitatum
1545 5781 1685 5842 sunt
1707 5781 1962 5845 ’ἡξει-εδει.
1996 5781 2121 5846 δῖἱι-ἰ

2224 5511 2361 5583 gula:
2380 5512 2758 5593 enimlnereses
2778 5516 3062 5593 prapriam
3071 5517 3235 5593 legem
3265 5519 3473 5584 habent,
3502 5524 3805 5593 propriam-

2227 5595 2325 5662 que
2356 5583 2689 5662 disciplinam
2718 5600 2786 5637 ac
2827 5583 3232 5662 rempuplicam,
3268 5598 3378 5662 tum
3409 5583 3526 5661 qua}
3554 5583 3804 5662 prtcstare

2225 5652 2497 5717 uidentur,
2535 5663 2798 5725 tumque
2833 5652 2953 5725 sunt
2989 5656 3290 5712 deteriores.
3334 5652 3801 5725 Quomodoautem

2227 5731 2277 5777 et
2301 5738 2365 5776 ea:
2389 5738 2621 5791 quanam
2653 5724 2767 5792 ipsa
2795 5724 2975 5778 anima
3002 5724 3365 5797 ingrediatur,
3386 5732 3660 5802 inquirite.
