4070 6296
255 412 358 466 717

1651 404 1938 462 ΗΟΜΙΙΛᾹ
1985 404 2068 460 Vl.

3424 411 3532 465 718

250 545 384 600 ergo
421 531 578 603 quasi
611 539 756 586 veste
799 527 1042 599 loquitur
1079 525 1301 581 indutus
1333 525 1399 579 ³⁷.
1437 523 1683 594 Επραηάί
1724 523 1840 576 alas
1871 537 1915 590 Α
1945 523 1998 574 in
2043 521 2313 574 auriculas
2364 533 2482 575 tuas
2533 523 2598 574 ⁵ο.
2637 519 2707 574 Ut
2750 534 2858 574 non
2909 519 3083 577 solum
3124 522 3404 590 auriculae,
3437 527 3533 579 sed

252 638 407 678 meas
431 640 586 691 super
625 632 695 688 te,
743 631 794 676 et
845 621 1026 691 operui
1059 619 1419 689 confusionem
1448 626 1614 671 luant.
1649 616 1847 672 Beatus

248 715 422 782 cujus
462 715 566 769 alis
603 713 720 770 suis
769 713 912 769 Deus
963 712 1197 782 protegit
1239 709 1616 765 confusionem
1651 727 1662 762 :
1696 708 1742 761 si
1776 717 1850 762 ta-

249 820 385 861 men
411 805 842 875 perseveraverit
869 805 920 859 in
951 804 1301 866 beatitudine,
1334 804 1385 856 iu
1412 817 1520 872 qua
1542 798 1847 855 Jerusalem

258 899 436 952 noluit
466 911 833 967 perseverare.
871 895 940 948 Et
959 896 1142 972 juraui
1166 894 1259 947 tibi
1296 894 1352 947 in
1378 901 1766 956 testamentum,
1799 900 1848 945 et

258 991 456 1045 intravi
491 990 547 1044 in
573 998 946 1044 testamentum
981 997 1152 1042 tecum
1182 986 1249 1040 ³⁸.
1276 984 1406 1041 Post
1437 994 1588 1039 tanta
1629 983 1701 1038 ob
1729 997 1852 1052 quae

259 1099 483 1140 rursum
544 1083 856 1148 revertitur,
926 1080 1130 1136 recedit
1187 1096 1202 1134 :
1253 1089 1379 1149 post
1441 1086 1552 1133 tam
1606 1076 1853 1146 frequen-

258 1184 367 1229 tem
408 1174 799 1238 visitationem,
859 1187 1008 1228 nunc
1038 1174 1272 1243 primum
1305 1171 1608 1242 ingreditur
1631 1184 1756 1226 eum
1787 1182 1853 1223 ea

253 1264 310 1324 in
340 1276 748 1322 testamentum.

325 1356 381 1412 9.
427 1355 497 1410 Et
532 1357 678 1426 facta
706 1373 760 1410 es
796 1355 950 1423 mihi,
981 1363 1030 1411 st
1055 1354 1162 1409 laci
1198 1364 1244 1407 te
1281 1355 1333 1408 in
1381 1369 1539 1425 aqua.
1581 1352 1712 1408 Post
1742 1351 1854 1406 haec

252 1449 438 1502 omnia
480 1448 745 1518 assumpsi
793 1457 860 1513 te,
908 1455 957 1502 et
1006 1448 1115 1517 ipse
1161 1445 1269 1500 lavi
1302 1455 1350 1500 te
1387 1447 1444 1499 in
1494 1444 1760 1510 salutem,
1802 1457 1853 1502 et

251 1541 408 1596 ablui
443 1542 750 1611 sanguinem
786 1549 935 1594 tuum
970 1539 1062 1594 abs
1095 1547 1144 1592 te
1165 1537 1233 1590 ”.
1286 1536 1413 1593 Hzec
1468 1535 1850 1607 intelligentes,

253 1649 482 1690 oremus
525 1643 583 1688 ut
621 1632 804 1687 veniat
846 1629 1222 1688 misericordia
1274 1629 1369 1685 Dei
1418 1646 1583 1701 super
1629 1645 1752 1698 nos,
1799 1640 1854 1686 et

256 1725 448 1781 abluat
480 1725 801 1795 sanguinem
857 1724 927 1779 ab
973 1721 1266 1778 animabus
1319 1725 1542 1779 nostris.
1593 1721 1653 1778 Si
1719 1724 1852 1794 quid

259 1817 411 1873 enim
463 1826 639 1870 morte
697 1815 922 1888 dignum
970 1814 1240 1881 fecimus,
1305 1815 1445 1871 istud
1489 1816 1714 1887 sanguis
1768 1825 1851 1873 est

1950 615 2114 669 etiam
2153 612 2376 682 grandis
2418 621 2534 666 rota
2569 628 2734 667 aurea
2771 613 2840 668 sit
2876 613 3022 668 circa
3069 615 3314 670 auditum
3358 623 3533 669 tuum.

1951 709 2129 761 Aurea
2176 722 2305 761 vero
2364 718 2482 761 rota
2538 716 2660 772 est,
2723 722 2844 776 qua:
2891 707 3254 765 intellectibus
3301 710 3540 764 volvitur

1953 801 2144 858 sacris.
2181 799 2251 854 Et
2277 817 2471 854 corona
2497 801 2900 872 gloriﬁcationis
2933 818 3088 872 super
3113 812 3269 872 caput
3298 811 3446 857 tuum
3464 805 3534 860 δι.

1951 891 2314 962 Omnipotens
2344 891 2519 955 Deus,
2552 901 2607 948 et
2637 893 2796 948 nobis
2832 894 3009 950 tribue
3055 903 3115 949 ut
3156 894 3304 962 digni
3335 895 3538 951 cilicia-

1952 1001 2079 1040 mur
2117 1000 2319 1041 corona
2371 984 2788 1055 gloriﬁcationis
2837 1003 3001 1057 super
3046 996 3209 1058 caput
3264 998 3536 1043 nostrum.

1954 1075 2024 1130 Et
2069 1087 2260 1132 ornata
2302 1093 2356 1130 es
2397 1093 2563 1140 auro,
2598 1077 2652 1132 id
2685 1089 2768 1133 est
2796 1079 2996 1134 divinis
3037 1080 3320 1146 sensibus;
3356 1091 3406 1134 et
3449 1096 3541 1133 ar—

1953 1177 2106 1238 gento
2132 1170 2199 1234 ⁸³,
2232 1169 2283 1223 id
2326 1177 2410 1224 est
2445 1171 2794 1226 sermonibus
2822 1171 3014 1227 sacris.
3044 1170 3114 1225 Et
3145 1173 3410 1242 opertoria
3445 1180 3540 1226 tua
3601 1182 3619 1230 .'

1955 1258 2188 1326 byssina.
2219 1255 2571 1312 Profunditas
2597 1275 2880 1327 sensuum,
2917 1261 3254 1330 opertorium
3296 1269 3382 1316 est
3414 1261 3542 1332 bys-

1954 1349 2159 1404 sinum.
2186 1349 2254 1402 Et
2279 1350 2528 1418 ﬂorentia
2556 1364 2574 1402 :
2599 1365 2698 1419 pro
2723 1367 2832 1421 quo
2857 1353 3022 1406 verbo
3047 1351 3392 1423 Septuaginta
3419 1352 3539 1422 τρίς-

1954 1458 2135 1511 χαπτα
2168 1449 2488 1510 posuerunt,
2519 1443 2771 1497 subtilem
2803 1444 2968 1498 nimis
2990 1443 3269 1511 amictum,
3300 1452 3354 1497 et
3381 1442 3541 1510 quasi

1954 1531 2022 1585 ad
2045 1532 2371 1600 capillorum
2413 1533 2823 1588 similitudinem
2854 1542 3188 1588 attenuatum
3219 1543 3424 1589 vestem
3461 1534 3541 1589 si-

1955 1625 2293 1693 gnificautes.
2349 1625 2421 1680 Et
2465 1626 2823 1682 versicoloria.
2867 1626 3008 1681 Ecce
3042 1634 3151 1681 tota
3190 1636 3273 1681 est
3312 1625 3541 1682 Jerusa-

1957 1715 2060 1771 lem
2111 1727 2350 1786 protecta
2395 1719 2534 1784 alis,
2574 1719 2770 1774 vestita
2815 1719 3014 1786 variis,
3065 1728 3256 1773 ornata
3285 1719 3541 1789 gemmis.

1955 1808 2096 1875 Quid
2141 1818 2266 1880 post
2294 1811 2410 1866 haec
2454 1810 2586 1867 facit
2631 1827 2863 1883 magnus
2904 1819 2960 1866 et
3009 1810 3294 1867 hominum
3329 1817 3542 1864 amator

255 1917 469 1965 noster.
520 1908 682 1962 Ablui
720 1884 1028 1978 sanguinem
1079 1917 1226 1962 tuum
1281 1924 1315 1962 a
1365 1919 1449 1973 te,
1495 1919 1542 1963 et
1596 1884 1729 1963 anxi
1796 1918 1844 1964 te
1875 1884 1917 1939 Β
1947 1899 2130 1956 Deus?
2167 1902 2282 1957 Alit
2323 1917 2443 1958 eam
2477 1904 2727 1960 delicatis
2765 1905 2924 1960 cibis.
2963 1902 3218 1959 Similam
3258 1913 3308 1958 et
3341 1903 3444 1958 mel
3489 1912 3540 1956 et

256 2002 372 2055 oleo
400 2000 467 2054 ‘°.
507 1999 575 2054 Et
608 1999 848 2055 ehristos
891 2014 990 2054 nos
1023 2000 1138 2055 vult
1176 1999 1354 2055 facere
1386 1999 1549 2054 Deus.
1592 1998 1662 2053 Et
1691 2001 1842 2054 indui

269 2100 319 2148 te
351 2088 690 2145 versicoloria
755 2089 822 2145 “.
880 2089 1095 2156 Quanta
1167 2097 1252 2144 est
1284 2089 1590 2160 benignitas
1637 2090 1732 2144 Dei
1789 2090 1844 2144 in

261 2197 702 2252 unamquamque
751 2182 1059 2235 animarum
1091 2179 1393 2235 Jerusalem
1439 2199 1454 2234 :
1521 2195 1630 2235 non
1682 2179 1846 2235 unius

261 2272 460 2328 coloris
489 2272 751 2336 tunicam,
799 2270 895 2326 sed
931 2270 1116 2324 multa;
1139 2269 1421 2324 varietatis
1457 2269 1689 2340 largitur
1725 2284 1845 2324 cre-

260 2363 516 2418 dentibus
551 2363 676 2418 sibi.
711 2360 864 2416 Hanc
884 2361 1270 2416 versicolorem
1299 2361 1540 2415 tunicam
1568 2359 1682 2429 jam
1717 2368 1849 2415 tunc

261 2454 319 2509 in
357 2455 572 2525 signum
597 2453 727 2510 fecit
757 2452 948 2518 Jacob,
975 2453 1208 2508 induens
1230 2452 1399 2506 lilium
1432 2467 1590 2506 suum
1621 2450 1846 2522 Joseph,

260 2559 316 2602 et
349 2548 568 2604 vestivit
604 2562 728 2604 eum
763 2546 1137 2602 versicoloria.
1177 2544 1233 2600 Si
1277 2546 1592 2601 consideres
1635 2545 1848 2602 intelle-

261 2647 384 2695 ctus
415 2648 615 2705 sectas,
648 2639 790 2693 facta
813 2639 977 2706 bona,
1026 2653 1152 2693 vere
1195 2638 1404 2694 videbis
1448 2639 1656 2693 variam
1707 2640 1852 2694 tuni-

262 2745 408 2796 cam,
439 2745 608 2798 quam
631 2730 873 2784 visitatio
897 2729 992 2784 Dei
1022 2729 1250 2799 largitur
1283 2730 1368 2784 his
1395 2730 1486 2798 qui
1516 2731 1690 2786 vocati
1724 2739 1852 2786 sunt

267 2821 325 2874 in
385 2821 637 2875 salutem.
681 2820 878 2892 Legem
925 2821 1208 2893 intelligo,
1267 2823 1561 2892 prophetas
1613 2838 1852 2892 compre-

264 2911 468 2978 hendo,
513 2928 748 2983 agnosco
774 2912 1085 2986 Evangelia,
1119 2929 1228 2968 non
1261 2929 1347 2969 me
1375 2914 1504 2970 latet
1535 2914 1848 2985 Apostolus,

261 3011 464 3058 cautus
493 3019 636 3069 sum,
661 3004 846 3074 justus
875 3020 1018 3068 sum,
1061 3004 1372 3060 misericors
1405 3019 1560 3070 sum,
1593 3013 1646 3059 et
1673 3005 1852 3060 adhuc

263 3095 469 3164 quaeris
524 3095 688 3148 aliam
739 3095 977 3150 tunicam
1027 3096 1412 3150 versicolorem
1463 3111 1626 3164 quam
1675 3096 1852 3150 induit

1945 1992 2120 2046 oleum
2169 1993 2505 2049 manducasti
2546 1995 2614 2049 ⁸⁸.
2669 1993 2786 2050 Non
2817 1996 2896 2050 ait
2927 1997 3249 2067 simpliciter
3281 1995 3536 2061 farinam,

1947 2099 2125 2154 neque
2178 2085 2543 2142 bordeaeeum
2590 2101 2787 2157 panem
2840 2106 2854 2142 :
2905 2089 3008 2144 hoc
3059 2089 3207 2160 quod
3258 2092 3422 2144 modo
3470 2093 3536 2148 ad

1953 2192 2052 2232 vos
2105 2178 2427 2248 loquimur,
2480 2181 2660 2236 simila
2694 2188 2796 2235 est.
2859 2181 2965 2236 Sed
3012 2181 3340 2238 miserabilis
3377 2183 3538 2238 Jeru-

1947 2268 2117 2323 salem
2157 2279 2282 2340 post
2322 2272 2593 2334 similam,
2637 2281 2760 2342 post
2807 2273 2995 2338 mella,
3029 2281 3154 2342 post
3190 2274 3368 2329 oleum
3413 2292 3538 2330 rur-

1949 2371 2068 2413 sum
2115 2361 2275 2430 quasi
2323 2361 2582 2416 meretrix
2625 2361 2962 2432 increpatur.
3004 2361 3211 2418 Idcirco
3247 2379 3539 2421 caveamus

1950 2451 2111 2522 381
2154 2455 2416 2509 attentius
2455 2470 2524 2509 ne
2554 2452 2696 2508 forte
2731 2468 2832 2509 nos
2863 2463 2987 2523 post
3017 2455 3179 2510 verba
3220 2459 3423 2512 munda
3457 2459 3538 2512 si-

1951 2543 2140 2608 milae,
2196 2553 2322 2613 post
2371 2561 2655 2603 sermones
2708 2546 3060 2602 dulcissimos
3111 2549 3536 2618 prophetarum,

1957 2644 2082 2705 post
2127 2637 2309 2691 oleum
2360 2639 2507 2708 quod
2547 2639 2786 2694 laetiﬁcat
2839 2637 3067 2705 faciem,
3103 2654 3215 2710 quo
3262 2641 3538 2698 voluimus

1952 2743 2254 2799 perungere
2289 2739 2487 2800 caput,
2525 2741 2586 2786 ut
2611 2732 2880 2813 jejunium
2927 2743 3177 2788 nostrum
3208 2736 3538 2804 acceptabile

1953 2821 2076 2885 fiat,
2113 2819 2310 2875 iterum
2335 2822 2737 2893 delinquemus.
2769 2822 2890 2878 Non
2917 2823 3094 2878 solum
3127 2834 3307 2880 autem
3335 2843 3538 2897 perun-

1954 2907 2260 2978 gimurboc
2283 2910 2424 2978 oleo,
2454 2913 2550 2967 sed
2583 2913 2878 2969 vescimur.
2919 2911 2990 2965 Et
3033 2913 3180 2978 facta
3223 2932 3274 2970 es
3313 2918 3538 2986 pulchra

1953 3000 2106 3056 ualde
2137 3002 2298 3057 nimis
2331 3003 2398 3057 “.
2428 3003 2642 3060 Laudat
2675 3006 3136 3076 pulchritudinem
3161 3010 3279 3076 ejus
3298 3053 3314 3078 ,
3351 3013 3539 3070 laudat

1953 3093 2233 3161 speciem,
2281 3095 2540 3164 pradicat
2591 3095 2845 3153 formam.
2897 3101 2966 3157 Et
3017 3103 3222 3156 directa
3267 3117 3320 3155 es
3363 3104 3419 3156 in
3456 3120 3539 3159 re-

263 3184 530 3240 Dominus
556 3183 858 3242 Jerusalem
889 3187 1075 3242 dicens
1099 3186 1144 3218 "
1173 3205 1184 3241 :
1217 3185 1288 3239 Et
1330 3189 1509 3242 vestiri
1554 3197 1602 3240 te
1635 3187 1853 3241 uersico-
1878 3215 1923 3273 α
1953 3198 2114 3252 gnum
2137 3183 2204 3238 ⁸⁸.
2242 3186 2490 3251 Quantus
2515 3188 2791 3257 profectus
2813 3233 2830 3258 ,
2873 3205 2934 3246 ut
2985 3204 3147 3248 etiam
3189 3193 3255 3249 ad
3301 3211 3530 3266 regnum

263 3278 402 3332 toria
426 3323 442 3344 ,
484 3288 537 3333 et
569 3281 799 3335 calceavi
846 3289 892 3335 te
931 3280 1281 3350 hyacinthos?
1327 3281 1448 3336 Vult
1482 3283 1854 3338 ealceamenta

266 3379 453 3423 nostra
491 3385 612 3424 esse
650 3370 920 3435 florentia,
954 3380 1009 3426 et
1040 3371 1176 3426 bene
1203 3371 1391 3426 tincta.
1426 3371 1558 3438 Qua:
1585 3383 1713 3428 sunt
1741 3373 1853 3429 cal-

264 3463 586 3516 ceamenta?
624 3463 762 3518 Audi
810 3462 1036 3517 Paulum
1070 3465 1311 3535 apertius
1352 3465 1731 3535 praedicantem
1763 3464 1850 3519 υτ

267 3549 506 3608 Calceati
531 3555 682 3624 pedes
712 3555 766 3609 in
781 3557 1178 3624 praeparatione
1207 3555 1482 3626 Evangelii
1506 3557 1673 3626 pacis.

344 3643 430 3697 10.
478 3644 546 3698 Et
576 3647 832 3715 prcccinxi
873 3658 922 3700 te
960 3648 1114 3717 bysso
1148 3649 1214 3706 ⁸⁵.
1256 3649 1596 3703 Manifestius
1632 3647 1700 3702 de
1746 3647 1854 3702 hoc

270 3735 538 3790 ciuetorio
582 3738 877 3807 Apostolus
916 3737 1156 3815 loquitur
1206 3740 1252 3773 “
1285 3758 1298 3794 :
1335 3739 1549 3795 Stantes
1582 3737 1851 3809 pracincti

267 3823 471 3880 lumbos
513 3835 706 3880 vestros
743 3826 801 3880 in
841 3829 1076 3884 veritate.
1117 3827 1328 3884 Veritas
1371 3829 1518 3884 enim
1559 3843 1663 3898 pro
1691 3828 1858 3898 bysso

268 3915 552 3984 accipitur.
613 3916 682 3971 Et
735 3920 917 3987 operui
981 3927 1029 3972 te
1093 3921 1350 3988 trichapto
1411 3920 1476 3974 ".
1536 3917 1654 3974 Non
1701 3919 1855 3972 inve-

268 4006 425 4062 niens
452 4007 563 4079 (15)
591 4024 768 4078 neque
802 4010 1110 4080 intelligens
1149 4011 1280 4081 quid
1321 4019 1467 4066 esset
1501 4010 1852 4080 tri-emptum,

268 4097 449 4154 inveni
486 4102 540 4154 in
581 4102 687 4156 alia
712 4103 950 4157 editione
984 4118 1082 4173 pro
1120 4104 1407 4172 triebapto,
1438 4103 1655 4172 ﬂorens,
1701 4112 1758 4158 et
1799 4103 1854 4158 in

269 4195 416 4259 alia,
459 4193 843 4246 indumentum.
885 4191 1056 4262 Igitur
1097 4192 1272 4246 induit
1321 4207 1422 4246 nos
1462 4191 1605 4247 Deus
1627 4197 1858 4258 postve.

269 4287 407 4340 riam
438 4293 668 4349 vestem,
697 4295 751 4338 et
775 4284 991 4338 florenti
1023 4284 1226 4338 tunica.
1260 4282 1332 4336 Et
1370 4285 1553 4337 ornavi
1603 4294 1654 4338 te
1691 4301 1853 4338 orno-

271 4385 484 4441 mento,
529 4378 754 4446 imposui
790 4375 884 4429 tibi
933 4375 1175 4429 armillas
1225 4376 1368 4428 circa
1419 4392 1605 4429 manus
1638 4385 1756 4430 tuas
1786 4376 1850 4432 ".

269 4468 405 4523 Cum
459 4469 594 4522 mihi
648 4467 856 4523 dederit
911 4469 1228 4524 occasiones
1276 4467 1542 4522 bonorum
1591 4476 1809 4522 actuum
1838 4509 1853 4534 ,

1953 3277 2260 3346 dirigatur?
2283 3278 2352 3333 Et
2379 3281 2510 3334 exiit
2537 3298 2719 3336 nomen
2759 3292 2908 3338 tuum
2937 3286 2990 3339 in
3032 3288 3272 3356 gentibus
3299 3289 3366 3343 ⁸⁸.
3408 3287 3535 3345 Haec

1953 3381 2078 3439 apta
2134 3381 2260 3425 sunt
2303 3371 2384 3434 ei,
2433 3372 2529 3443 qui
2581 3383 2869 3444 postquam
2928 3375 3066 3432 liber
3121 3392 3242 3434 esse
3289 3380 3454 3451 coepit
3503 3398 3535 3437 a

1955 3460 2202 3525 mundo,
2250 3462 2314 3543 in
2370 3465 2787 3521 conversatione
2847 3467 3142 3537 proficiens
3196 3471 3263 3525 ad
3320 3471 3534 3526 beatam

1954 3551 2154 3615 vitam,
2199 3568 2396 3608 nomen
2430 3568 2652 3624 quoque
2676 3557 2974 3626 gloriosum
3013 3559 3065 3612 in
3103 3561 3303 3616 saeculo
3343 3577 3537 3617 conse-

1954 3651 2114 3697 cutus
2139 3653 2244 3709 est,
2280 3645 2371 3698 sed
2397 3647 2588 3715 procul
2610 3647 2753 3703 absit
2779 3649 2829 3703 id
2859 3650 3004 3719 quod
3031 3652 3306 3721 sequitur;
3337 3653 3406 3706 ad
3431 3653 3537 3707 hoc

1955 3734 2101 3786 enim
2132 3733 2396 3803 scriptum
2427 3745 2544 3802 est,
2588 3745 2648 3791 ut
2673 3739 2902 3794 incutiat
2931 3741 3276 3796 audientibus
3307 3752 3532 3796 metum.

1955 3823 2087 3880 Post
2117 3827 2576 3896 pulchritudinem
2597 3870 2612 3897 ,
2637 3840 2762 3900 post.
2788 3847 2983 3887 nomen
3026 3847 3282 3903 magnum
3311 3832 3537 3889 Jerusa-

1956 3917 2061 3972 lem
2097 3917 2296 3973 misera
2321 3917 2642 3974 fornicatur.
2688 3921 2812 3975 Ideo
2852 3939 2914 3976 ne
2961 3922 3202 3992 glorieris
3248 3924 3304 3978 in
3345 3926 3538 3980 crasti-

1956 4023 2081 4060 num
2108 4024 2127 4060 :
2158 4024 2260 4060 non
2297 4009 2437 4061 enim
2477 4010 2582 4062 scis
2617 4010 2746 4080 quid
2787 4012 2965 4078 pariat
2999 4013 3278 4068 adveniens
3326 4015 3436 4069 dies
3463 4015 3533 4074 ⁸⁷.

1955 4096 2024 4151 Et
2061 4098 2188 4152 alibi
2213 4098 2292 4152 "°:
2341 4097 2601 4165 Fratres,
2642 4101 2804 4154 etiam
2852 4101 2900 4153 si
2937 4117 3336 4174 praeoccupatus
3373 4106 3536 4175 fuerit

1956 4189 2111 4242 homo
2147 4190 2203 4242 in
2230 4189 2410 4259 aliqua
2452 4200 2697 4258 peccato,
2742 4209 2830 4246 vos
2876 4200 2933 4246 ut
2979 4193 3240 4261 spiritales
3280 4199 3536 4252 sustinete

1957 4282 2262 4336 istiusmodi
2305 4285 2359 4336 in
2395 4284 2586 4353 spiritu
2625 4288 3070 4343 mansuetudinis.
3108 4287 3176 4343 Et
3205 4305 3426 4345 rursum
3451 4290 3532 4345 "z

1960 4372 2316 4427 Considerans
2347 4383 2397 4428 te
2422 4373 2623 4443 ipsum,
2651 4389 2713 4428 ne
2737 4384 2786 4430 et
2819 4387 2875 4430 tu
2912 4380 3144 4435 tenteris.

2033 4468 2122 4540 11.
2159 4465 2226 4520 Et
2251 4468 2382 4522 exiit
2409 4483 2596 4521 nomen
2628 4476 2778 4522 tuum
2803 4470 2859 4524 in
2893 4472 3126 4542 gentibus
3154 4473 3208 4526 in
3235 4475 3402 4543 specie
3419 4483 3532 4539 tua,

271 4562 514 4617 armillas
552 4561 854 4617 circumdat
890 4561 1142 4616 manibus
1177 4558 1331 4616 meis.
1387 4556 1458 4610 Et
1489 4567 1676 4613 catena
1711 4561 1856 4614 circa
1886 4568 1931 4624 Β
1959 4561 2206 4630 quoniam
2239 4569 2661 4614 consummatum
2689 4572 2804 4616 erat
2839 4565 2892 4617 in
2926 4564 3111 4619 decore
3147 4567 3338 4635 speciei
3375 4583 3536 4636 quant

271 4655 469 4708 collum
518 4664 670 4708 tuum
710 4653 775 4707 ⁸⁸.
805 4653 864 4708 Si
896 4669 982 4708 me
1011 4662 1135 4724 post
1164 4662 1312 4724 gesta
1331 4650 1555 4721 iustitia:
1581 4651 1852 4708 intellectu

273 4747 554 4802 ornaverit
575 4747 840 4813 veritatis,
873 4755 1004 4802 tunc
1024 4747 1160 4801 mihi
1182 4752 1563 4801 ornamentum
1589 4745 1852 4816 nuptiale,

273 4852 405 4896 tunc
453 4849 646 4897 eatena
723 4840 864 4896 collo
903 4841 1100 4895 decora
1153 4841 1543 4896 circumdatur.
1606 4838 1674 4892 Et
1730 4840 1852 4894 dedi

270 4933 513 4988 inaurem
556 4935 698 4987 circa
722 4948 903 4986 narem
933 4940 1077 4985 tuam
1111 4932 1175 4985 ⁸⁸.
1203 4931 1434 4999 Quando
1463 4946 1589 4986 vere
1625 4945 1852 4999 possum

273 5026 557 5080 suavitatis
610 5033 665 5080 et
719 5021 849 5078 boni
900 5021 1084 5077 odoris
1145 5029 1488 5076 sacramenta
1538 5020 1858 5101 suscipere,

274 5126 402 5172 tunc
445 5115 577 5170 mihi
603 5123 762 5170 ornat
796 5112 940 5168 Deus
975 5111 1259 5166 inauribus
1293 5125 1501 5165 narem.
1548 5103 1620 5162 Et
1658 5109 1860 5163 rotulas

1959 4649 2217 4703 constitui
2241 4649 2296 4702 in
2325 4657 2395 4714 te,
2423 4649 2554 4702 dicit
2591 4651 2799 4704 Adonai
2841 4651 3135 4717 Dominus;
3158 4662 3209 4706 et
3247 4654 3449 4723 conﬁsa
3479 4671 3535 4710 es

1960 4741 2015 4796 in
2044 4741 2225 4796 decore
2247 4752 2335 4795 tuo
2368 4741 2435 4797 ⁸ο.
2480 4740 2674 4812 Magna
2711 4745 2921 4815 sapuit,
2967 4753 3022 4798 et
3057 4747 3388 4802 conscientia
3414 4749 3536 4818 pul-

1960 4833 2291 4891 cbritudiuis
2321 4850 2435 4890 suae
2467 4843 2645 4890 erecta
2677 4843 2762 4890 est
2800 4836 3045 4905 speciosa
3093 4837 3414 4896 Jerusalem.
3470 4841 3536 4896 Et

1961 4926 2091 4996 quia
2114 4926 2220 4980 alta
2249 4926 2453 4996 sapuit,
2481 4940 2583 4980 nec
2609 4941 2668 4981 se
2699 4927 3036 4995 humiliavit,
3066 4945 3169 4985 nec
3211 4932 3536 5002 glorificavit

1965 5014 2134 5070 Deum
2155 5055 2170 5080 ,
2196 5015 2323 5070 audi
2351 5015 2484 5086 quid
2512 5015 2724 5072 dicatur
2750 5017 2816 5072 ad
2842 5033 2960 5073 eam
2987 5020 3052 5074 δίε
3093 5019 3160 5073 Et
3183 5021 3444 5090 fornicata
3479 5041 3533 5078 es

1969 5109 2025 5162 in
2055 5108 2263 5162 nomine
2310 5117 2430 5173 tuo,
2472 5115 2522 5161 et
2567 5109 2805 5177 effudisti
2845 5110 3244 5178 fornicationem
3287 5123 3436 5168 tuam
3478 5115 3536 5168 in

343 5283 388 5315 ³⁷
423 5281 618 5336 Ezech.
641 5297 753 5345 XVI,
781 5279 833 5335 8.
909 5279 955 5312 ³⁸
989 5279 1120 5334 ibid.
1195 5279 1239 5313 ‘°
1271 5279 1402 5334 ibid.
1435 5279 1490 5342 8,
1525 5278 1578 5333 9.
1653 5277 1698 5309 ⁸⁸
1735 5276 1851 5331 ibid.

2029 5276 2072 5307 “
2107 5276 2240 5331 ibid.
2265 5275 2351 5331 10.
2427 5275 2474 5308 ⁸³
2508 5275 2639 5331 ibid.
2713 5274 2760 5306 ’⁵³
2781 5275 2978 5342 Ephes.
3007 5293 3082 5341 γι,
3107 5277 3192 5331 15.
3271 5277 3316 5308 ⁸⁸
3331 5276 3529 5334 Ezech.

275 5354 501 5419 xvr,10.
559 5352 604 5385 ⁸⁸
624 5351 817 5421 Ephes.
839 5368 914 5416 vr,
950 5350 1034 5404 Ut.
1098 5347 1646 5421 “Ezech._xvt_,_10.4
1677 5349 1722 5379 "
1749 5347 1851 5421 ibid

1954 5348 1995 5401 l.
2059 5345 2628 5421 ‘Oibid.“’il_)id;l_2.
2689 5345 2736 5378 ιο
2760 5345 2890 5421 ibid.
2949 5347 3155 5421 quid.
3207 5347 3529 5421 tabidas.

276 5426 322 5456 ³³
355 5423 488 5478 ibid.

276 5510 393 5560 xvi,
434 5495 523 5561 14,
557 5495 647 5549 15.

594 5420 932 5486 "ibid.,13.
1007 5421 1054 5452 ⁸⁸
1091 5420 1223 5475 ibid.

722 5493 764 5523 "
803 5492 934 5547 ibid.
973 5490 1061 5544 15.

352 5631 463 5704 (15)
500 5628 620 5684 Non
644 5629 929 5704 inveniens,
957 5638 1064 5683 etc.
1098 5627 1316 5704 Catentg
1356 5641 1507 5704 mss:
1539 5623 1849 5704 Tplxan'rov

277 5695 632 5826 ἓρμήύευσαν
663 5702 709 5752 οἱ
740 5699 889 5752 ἄλλοι
909 5698 1242 5778 ἑρμηνευιςαὶ
1272 5696 1524 5765 dudum?
1555 5695 1649 5748 καὶ
1682 5695 1851 5750 ἐπέν-

319 5790 456 5837 υμα.
517 5769 776 5837 Ἀνθιμον
806 5768 864 5821 δέ
891 5770 1046 5837 ἐστιν,
1089 5769 1298 5837 ἱματιον
1326 5765 1576 5837 λαμπρὸν
1602 5766 1850 5837 Διιαὶᾼφω-

281 5784 456 5841 ὅυμα.
517 5784 776 5839 ’Δνυιμον
806 5784 864 5821 σε
891 5784 1035 5822 εστιν
1090 5784 1298 5838 ιματιον
1327 5784 1576 5837 Λαμπρον
1609 5784 1703 5817 και
1736 5784 1849 5833 φω-

281 5841 503 5906 τοειδές.
543 5840 647 5894 Kal
686 5836 842 5890 τοῦτο
877 5838 933 5890 ὲν
983 5836 1060 5908 τῷ
1109 5837 1298 5908 κόσμῳ
1331 5837 1429 5908 τῆς
1461 5835 1663 5908 ἀρετῆς
1713 5833 1849 5888 θεω-

1333 5419 1382 5451 ⁸⁶
1415 5419 1545 5474 ibid.
1587 5419 1676 5473 M.
1749 5418 1795 5450 ⁵⁷
1822 5416 1995 5481 Prov.
2053 5433 2236 5484 xxv“,
2270 5417 2322 5471 1.

2417 5416 2464 5449 ³⁸
2491 5415 2667 5472 Galat.
2703 5430 2789 5481 vt,
2820 5416 2874 5470 1.
2979 5417 3026 5448 δι’
3047 5417 3179 5472 ibid.
3256 5415 3303 5448 “
3329 5416 3528 5476 Ezech.

1957 5627 2151 5699 ρεῖται.
2190 5623 2534 5699 Trichaptum
2554 5624 2652 5678 alii
2681 5625 2985 5699 interpretes
3014 5622 3354 5699 reddiderunt
3389 5643 3410 5680 ι
3430 5627 3531 5699 ﬂo-

1956 5694 2129 5762 rens,»
2154 5704 2204 5749 et
2238 5713 2256 5746 ι
2289 5695 2708 5766 indumentum,»
2733 5695 2960 5766 ἄνοψον
2979 5703 3034 5766 et
3065 5694 3365 5766 ὲετένδυμα.
3405 5694 3537 5752 Ἂν..

1957 5712 2129 5762 rens,»
2154 5711 2204 5749 et
2238 5713 2256 5746 ι
2289 5711 2708 5758 indumentum,»
2733 5711 2853 5750 awm
2901 5711 2960 5746 ον
2979 5711 3034 5749 et
3065 5711 3365 5766 επενουμα.
3406 5711 3526 5752 'Av-

1957 5766 2137 5848 tum,
2171 5766 2325 5848 uestis
2351 5773 2428 5846 est
2451 5765 2742 5848 splendens
2772 5775 2822 5821 et
2856 5711 3056 5820 iitcida.
3078 5762 3246 5836 quue
3276 5766 3334 5820 in
3363 5769 3526 5824 virtu-

1961 5845 2028 5891 Ιὶε
2056 5845 2249 5893 ornatu
2281 5845 2666 5891 consideratur.
