4070 6296
545 388 605 442 Ἡ
617 389 650 444 9

1681 389 2001 447 ORIGENIS
2037 391 2102 446 IN
2143 391 2576 450 EZECIHELEM

3682 407 3788 460 7‘20

545 503 695 565 omni
721 510 964 564 transitu.
1000 506 1137 575 Quid
1165 515 1241 561 cst
1269 507 1369 560 hoc
1391 506 1535 576 quod
1575 509 1681 563 ait:
1714 509 1972 579 Eﬂ’udisti
2000 510 2112 579 for-
2140 515 2185 570 Α
2217 512 2313 565 teri
2361 520 2710 567 corruerunt.
2757 512 2849 568 Est
2895 524 3074 568 autem
3125 517 3446 586 principium
3506 521 3789 578 hodierna:

548 605 865 657 nicattonem
921 611 1065 653 tnam
1117 600 1172 652 in
1217 603 1360 655 omni
1415 605 1684 658 transitu?
1738 603 1942 658 Circuit
1993 605 2112 658 ani-

545 713 663 749 mas
687 695 798 765 (16)
831 703 1048 748 nostras
1080 692 1343 749 fortitudo
1375 697 1648 751 contraria
1669 737 1683 760 ,
1717 706 1771 751 et
1795 697 1947 751 varie
1981 712 2108 766 per-

543 788 782 841 lustrans
810 785 1006 854 quairit
1039 786 1217 839 locum
1254 801 1348 854 per
1376 803 1534 856 quem
1569 789 1740 856 possit
1786 789 2105 858 irrumpere.

541 877 621 930 Ira
647 891 748 929 suo
772 876 992 929 nomine
1025 877 1142 930 vult
1185 875 1444 931 fornicari
1488 895 1734 932 mecum:
1776 879 1932 948 juxta
1977 894 2109 933 con-

537 967 722 1036 juncta
754 965 997 1020 moribus
1029 967 1164 1022 meis
1190 981 1291 1021 suo
1333 969 1553 1022 nomine
1596 969 1816 1023 tristitia
1839 1011 1854 1035 ,
1902 978 1956 1023 et
1993 969 2110 1022 vult

541 1073 626 1110 me
651 1056 1210 1123 facere-maerentem;
1253 1073 1351 1111 sua
1388 1069 1538 1128 parte
1562 1059 1786 1113 avaritia
1823 1059 1984 1113 infert
2015 1059 2110 1113 de-

539 1147 800 1200 siderium
827 1145 945 1200 auri
983 1154 1036 1200 et
1073 1147 1315 1217 argenti,
1360 1156 1414 1202 et
1459 1164 1911 1219 quorumcunque
1955 1149 2107 1203 simi-

539 1237 793 1302 liumysi
837 1251 925 1291 me
973 1251 1081 1290 non
1129 1238 1471 1304 custodiet-0,
1514 1247 1568 1293 et
1614 1241 1860 1294 clausero
1903 1241 2103 1295 ostium

537 1344 750 1393 meum,
803 1331 897 1384 sed
944 1345 1237 1399 suscepero
1267 1346 1482 1386 omnem
1519 1333 1821 1386 orationem
1863 1332 2105 1399 inimici,

535 1423 733 1476 dicitur
793 1422 926 1476 mihi
970 1423 1046 1476 ":
1095 1421 1352 1490 E/fudisti
1401 1423 1802 1492 fornicationem
1851 1434 1995 1477 tuam
2045 1425 2107 1478 in

534 1515 678 1568 omni
709 1516 961 1568 transitu.
994 1514 1060 1568 Et
1094 1516 1343 1584 accepisti
1369 1525 1530 1569 vestes
1558 1525 1698 1580 tuas,
1726 1524 1776 1570 et
1801 1517 1975 1585 fecisti
2011 1515 2107 1569 tibi

533 1605 681 1657 idola
707 1604 910 1658 sutilia.
946 1604 1020 1658 De
1052 1606 1136 1660 his
1173 1606 1373 1674 quibus
1398 1618 1447 1660 te
1481 1607 1708 1672 ornavi,
1745 1607 1945 1676 quibus
1987 1607 2107 1676 pul-

534 1696 667 1750 chra
695 1694 836 1750 facta
861 1711 942 1760 es,
978 1695 1153 1751 fecisti
1195 1697 1291 1750 tibi
1315 1697 1457 1751 idola
1491 1699 1698 1752 sutilia.
1748 1696 1884 1752 Volo
1926 1699 2106 1754 adhuc

534 1804 806 1858 exponere
843 1804 972 1858 qua:
1020 1798 1148 1843 sunt
1187 1789 1329 1844 idola
1362 1790 1576 1852 sutilia,
1612 1805 1734 1859 qua:
1770 1791 1990 1861 quidem
2038 1792 2104 1845 de

536 1880 776 1935 vestibus
794 1887 1156 1934 consuerunt.
1186 1877 1395 1944 Vestes,
1427 1879 1624 1934 divina:
1656 1880 1766 1950 (t7)
1802 1879 2099 1950 Scriptum

535 1979 696 2033 sunt,
733 1978 786 2023 et
829 1985 1023 2024 sensus
1057 1971 1150 2038 qui
1189 1979 1272 2024 est
1315 1970 1369 2023 in
1419 1972 1517 2024 eis.
1558 1969 1954 2026 Consciderunt
1998 1973 2099 2027 has

536 2070 714 2114 vestes
746 2059 1017 2125 haeretici,
1052 2067 1106 2114 et
1128 2068 1460 2114 consuerunt
1492 2059 1694 2115 dictum
1723 2061 1889 2127 dicto,
1934 2063 2098 2118 verba

534 2151 715 2206 verbis
743 2151 1054 2220 jungentes,
1084 2152 1176 2205 sed
1205 2167 1312 2205 non
1341 2166 1467 2205 cum
1509 2161 1813 2221 opportuna
1838 2152 2097 2222 junctura

533 2251 788 2312 aptaque,
825 2250 880 2294 et
909 2251 1233 2295 consuentes
1275 2240 1442 2310 impia
1482 2241 1586 2294 sibi
1625 2241 1916 2296 simulacra
1955 2241 2098 2298 fece-

533 2344 694 2397 runt,
726 2333 926 2403 quibus
959 2334 1247 2388 illexerunt
1291 2334 1559 2404 quosdam
1593 2333 1844 2400 credere,
1883 2342 1937 2389 et
1969 2351 2100 2389 con-

533 2423 736 2478 sentire
763 2424 827 2477 ad
851 2424 1056 2478 cultum
1080 2440 1293 2488 eorum,
1325 2435 1378 2478 ct
1409 2425 1585 2478 [ictam
1618 2425 1893 2494 suscipere
1928 2426 2095 2481 disci-

530 2513 762 2585 plinam:
800 2513 943 2570 Deus
970 2529 1101 2569 vero
1130 2531 1319 2570 omnes
1353 2530 1453 2568 nos
1482 2514 1550 2568 ab
1585 2515 1667 2568 bis
1700 2523 1751 2568 ct
1779 2515 1901 2569 aliis
1928 2515 2098 2570 simu-

532 2604 694 2660 lacris
719 2605 928 2672 liberet,
962 2618 1020 2661 ut
1049 2606 1457 2675 magniticemur
1487 2607 1538 2660 in
1565 2606 1785 2661 Christo
1813 2604 1940 2661 Jcsu
1961 2647 1976 2673 ,
2009 2606 2097 2660 cui

531 2703 615 2749 est
635 2695 803 2765 gloria
833 2696 1197 2766 tit-imperium
1221 2697 1276 2750 in
1303 2698 1501 2752 saicula
1528 2697 1872 2753 saeculorum.
1903 2699 2095 2775 Amen.

1086 2807 1369 2862 HOMILIA
1435 2807 1545 2862 Vll.

532 2923 612 2978 De
643 2940 700 2978 eo
734 2925 871 2994 quod
896 2925 1092 2978 dicitur
1113 2924 1188 2978 “z
1225 2943 1243 2974 ι
1277 2921 1498 2977 Sumens
1531 2923 1594 2976 de
1627 2923 1945 2977 vestimentis
1971 2923 2097 2978 meis

607 2997 780 3064 fecisti
828 2995 920 3046 tibi
943 2995 1159 3047 excelsa
1189 2994 1307 3046 hinc
1353 2995 1472 3047 inde
1517 3003 1776 3062 consuta,
1828 3013 1846 3046 ι
1900 3009 2097 3064 usque,

612 3085 627 3114 ι
661 3077 704 3118 et
734 3081 794 3116 ne
828 3068 903 3115 sic
930 3067 1126 3116 satiata
1153 3080 1238 3118 .es.
1267 3083 1292 3114 ι

606 3161 658 3214 1.
705 3159 996 3229 Catalogus
1041 3170 1398 3230 peccatorum
1457 3159 1760 3216 Jerusalem
1823 3170 2101 3231 utcunque

529 3252 700 3308 fuerit
765 3251 1068 3306 intellectus
1129 3252 1361 3306 aaditicat
1415 3252 1745 3306 audientem.
1810 3251 2096 3318 Quomodo

533 3343 678 3398 enim
714 3342 760 3398 si
795 3342 848 3396 in
882 3343 1042 3397 domo
1064 3357 1160 3397 sua
1187 3346 1494 3414 quempiam
1519 3344 1586 3399 de
1600 3344 1810 3398 familia
1835 3344 2100 3402 Dominus

533 3435 813 3509 corripiat,
845 3445 898 3493 et
917 3445 1138 3509 peccata
1168 3436 1286 3510 ejus
1314 3445 1581 3510 exponat,
1621 3437 1762 3495 alius
1795 3436 1888 3509 qui
1929 3453 2102 3510 nuper

530 3543 750 3603 emptus
775 3543 1069 3588 estservus
1096 3533 1286 3588 videns
1324 3533 1719 3603 patrisfamiliae
1757 3533 2098 3603 disciplinam

531 3642 653 3696 qua:
675 3627 883 3696 culpet,
919 3640 1104 3696 quaeve
1135 3625 1433 3692 collaudet,
1460 3625 1839 3680 instruiturad
1885 3640 1992 3678 non
2019 3624 2102 3679 fa-

533 3719 785 3774 ciendum
831 3735 952 3788 qua:
995 3718 1207 3788 priores
1245 3716 1428 3772 iecere
1461 3717 1753 3780 conservi,
1793 3725 1847 3771 et
1889 3717 1955 3771 ad
1991 3717 2098 3772 hoc

529 3812 682 3866 omni
709 3810 892 3865 labore
925 3809 1167 3876 festinat,
1197 3818 1257 3864 ut
1281 3824 1344 3863 ea
1378 3809 1663 3878 faciatper
1706 3823 1828 3878 quae
1867 3808 1958 3862 alii
1995 3808 2094 3861 ho-

527 3919 719 3958 norem
743 3912 794 3957 et
819 3903 1119 3958 libertatem
1143 3919 1172 3956 a
1198 3902 1884 3970 domino.promerueruut:
1923 3899 1996 3952 ita
2042 3904 2098 3953 et

533 4011 636 4051 nos
667 3995 944 4050 audientes
975 3997 1028 4049 in
1057 3995 1257 4065 quibus
1277 3995 1456 4064 culpet
1475 3993 1612 4047 Deus
1635 3993 1751 4047 sive
1771 3991 2096 4054 Jerusalem,

530 4088 648 4144 sive
679 4089 984 4142 universam
1017 4086 1290 4153 ludat-am,
1335 4087 1448 4140 sive
1489 4100 1652 4140 unam
1695 4083 1994 4153 quamlibet
2031 4098 2097 4136 ex

537 4180 786 4234 tribubus
809 4179 1111 4248 specialiter
1137 4179 1535 4247 delinquentem
1559 4218 1574 4244 ,
1604 4191 1709 4230 non
1743 4190 1935 4245 parum
1959 4173 2098 4228 utili-

530 4272 662 4328 tatis
687 4271 1101 4342 accipimus,-ne
1126 4280 1180 4326 et
1203 4271 1256 4325 in
1283 4271 1397 4326 haec
1423 4284 1745 4325 corruamus
1775 4269 1831 4323 in
1857 4282 1979 4338 qua:
1994 4281 2094 4320 cae.

603 4433 648 4465 ⁸³
691 4430 888 4488 Ezech.
930 4445 1038 4495 XVI,
1081 4431 1168 4498 15,
1216 4431 1300 4484 16.
1377 4432 1421 4462 ⁸³
1462 4432 1590 4487 ibid.
1628 4431 1724 4498 16,
1754 4431 1845 4484 29.

2135 1851 2177 1905 Β

2127 3203 2170 3261 C

1929 4430 1973 4463 “
2023 4427 2154 4483 ibid.
2216 4426 2304 4480 16.

2212 603 2483 671 lectionis,
2513 605 2640 674 quia
2671 614 2850 660 vestes
2879 621 2909 660 a
2946 606 3056 660 Deo
3085 609 3352 677 acceperit
3375 609 3703 675 Jerusalem,
3730 631 3786 670 et

2211 694 2400 749 fecerit
2423 711 2489 750 ex
2515 697 2600 752 bis
2621 697 2722 751 sibi
2746 698 2926 752 sutilia
2955 700 3200 768 quaedam
3235 702 3550 767 simulacra,
3575 713 3632 760 et
3671 706 3786 762 for-

2210 786 2388 841 nicata
2416 788 2485 842 sit
2513 804 2678 858 super
2705 790 2804 844 eis.
2832 789 2907 844 De
2935 791 3134 859 quibus
3169 791 3322 860 juxta
3362 795 3778 863 possibilitatem

2210 894 2384 933 meam
2420 880 2474 932 in
2511 880 2675 949 priori
2719 895 2970 935 sermone
2999 883 3267 946 disserui,
3297 884 3501 941 docens
3526 887 3662 944 istos
3683 893 3779 960 qui

2212 966 2520 1038 Scripturas
2555 971 2821 1036 lacerant,
2853 980 2907 1025 et
2949 987 2978 1026 a
3012 973 3194 1029 verbis
3237 975 3399 1030 verba
3431 978 3778 1051 disrumpunt

2207 1068 2532 1116 consuentes
2559 1076 2644 1126 ea,
2679 1071 2732 1115 et
2762 1064 3136 1118 commentitia
3168 1065 3420 1135 dogmata
3455 1085 3784 1141 componen-

2207 1158 2310 1214 tes,
2345 1151 2550 1206 servire
2597 1151 2755 1206 idolis
2797 1169 2919 1223 quse
2954 1169 3143 1209 earum
3184 1157 3424 1213 vestibus
3462 1161 3777 1220 induerunt.

2209 1242 2331 1296 Non
2376 1244 2432 1296 in
2471 1243 2862 1297 tabernaculum
2912 1263 3081 1300 meum
3126 1249 3386 1318 intrabis,
3426 1253 3558 1314 foris
3597 1271 3686 1319 es,
3725 1268 3778 1310 et

2207 1334 2337 1403 foris
2377 1334 2610 1388 manebis
2637 1338 2700 1389 ⁸³.
2738 1335 2851 1390 Scit
2883 1338 3163 1408 Scriptura
3197 1351 3418 1398 sanctos
3450 1345 3619 1407 intus,
3653 1364 3775 1417 pec-

2205 1434 2418 1480 calores
2452 1424 2584 1479 loris
2605 1441 2745 1481 esse.
2778 1425 2948 1496 Igitur
2973 1427 3274 1485 Jerusalem
3323 1435 3450 1502 quia
3499 1437 3624 1491 talia
3655 1454 3780 1508 pec-

2206 1524 2324 1569 cata
2353 1517 2658 1577 commisit,
2688 1525 2747 1570 ut
2779 1533 2885 1571 non
2921 1529 3192 1574 mereatur
3231 1523 3433 1580 intrare
3471 1529 3771 1596 repromis-

2206 1602 2390 1659 sioues
2440 1602 2566 1670 Dei,
2597 1614 2651 1658 et
2698 1606 2910 1660 dicatur
2955 1609 3021 1663 ad
3063 1625 3219 1665 eam:
3272 1611 3338 1666 Et
3375 1632 3479 1668 non
3513 1619 3774 1680 intrabis;

2206 1708 2498 1748 caveamus
2525 1710 2593 1748 ne
2628 1694 2768 1749 forte
2793 1706 2846 1750 et
2886 1698 3042 1752 nobis
3079 1699 3372 1770 aliquando
3416 1705 3665 1763 dicatur:
3707 1711 3774 1764 Et

2206 1800 2309 1837 non
2363 1785 2607 1840 intrabis.
2654 1786 2835 1856 Neque
2871 1789 2983 1857 ﬁet.
3023 1787 3141 1844 Non
3175 1802 3258 1847 est
3301 1797 3630 1864 completum
3671 1803 3773 1856 hoc

2205 1879 2350 1947 quod
2379 1879 2599 1941 dicitur,
2633 1895 2791 1948 neque
2811 1880 2934 1947 ﬁet;
2964 1890 3018 1934 et
3047 1881 3166 1936 ideo
3207 1885 3642 1945 subaudiendum
3676 1910 3773 1948 ex-

2205 1973 2494 2037 trinsecus,
2521 1972 2682 2042 382
2723 1981 2780 2027 ut
2818 1990 3013 2030 sensus
3055 1979 3228 2046 possit
3269 1981 3493 2047 expleri.
3536 1982 3609 2039 Ea
3651 2002 3772 2055 quae

2205 2064 2302 2118 tibi
2337 2065 2665 2134 repromissa
2697 2073 2824 2120 sunt
2850 2066 3008 2133 bona,
3040 2078 3092 2122 et
3136 2080 3424 2141 acceptura
3467 2090 3620 2143 eras,
3654 2092 3766 2130 non

2201 2155 2354 2212 ﬁent.

2272 2248 2328 2303 2.
2361 2248 2618 2318 Sequitur
2645 2250 2791 2306 aliud
2831 2252 3085 2308 delictum
3120 2254 3186 2309 ":
3232 2253 3303 2308 Et
3353 2258 3601 2327 accepisti
3645 2276 3770 2316 vasa

2204 2339 2607 2411 glorificationis
2633 2351 2736 2398 tua:
2755 2343 2818 2396 de
2848 2354 3064 2413 argento
3109 2355 3218 2410 tuo,
3246 2355 3296 2400 et
3326 2349 3390 2402 de
3417 2366 3548 2403 auro
3587 2362 3677 2406 tuo
3706 2368 3771 2406 ea:

2205 2433 2391 2502 quibus
2424 2434 2544 2487 dedi
2571 2436 2687 2496 tibi,
2718 2444 2768 2488 ct
2794 2436 2969 2505 fecisti
2993 2437 3090 2490 tibi
3124 2439 3378 2510 imagines
3421 2445 3771 2500 masculinas.

2207 2521 2517 2576 Secundum
2550 2539 2894 2579 communem
2923 2541 3143 2581 sensum
3187 2529 3266 2583 sic
3299 2530 3519 2601 intelligi
3563 2544 3764 2601 potest.

2215 2611 2354 2666 Vasa
2387 2601 2826 2682 glorificationis,
2873 2617 2940 2670 de
2978 2618 3178 2685 quibus
3223 2606 3429 2691 Moyses
3459 2624 3678 2692 scripsit
3708 2627 3766 2679 in

2204 2699 2460 2758 Numeris
2499 2705 2564 2769 “,
2608 2705 2912 2769 thuribula,
2961 2707 3206 2776 phialas,
3243 2711 3624 2768 candelabrum
3669 2733 3771 2771 au-

2208 2808 2384 2858 reum,
2416 2809 2599 2848 arcam
2655 2797 2724 2850 ab
2767 2797 2916 2851 intus
2956 2807 3012 2852 et
3057 2815 3088 2854 a
3139 2801 3272 2856 loris
3326 2803 3673 2872 deauratam,
3720 2821 3774 2863 ct

2205 2895 2403 2941 caetera
2433 2888 2699 2956 accepisti,
2730 2899 2783 2944 et
2812 2890 3058 2946 conﬂasti
3081 2907 3165 2959 ea,
3192 2903 3240 2947 et
3260 2895 3434 2963 fecisti
3451 2895 3637 2968 efﬁgies
3664 2917 3770 2954 ma-

2206 2975 2460 3041 sculinas,
2491 2985 2539 3030 et
2570 2976 2844 3046 fornicata
2879 2995 2932 3033 es
2977 2981 3031 3034 in
3065 2982 3165 3036 eis.
3217 2981 3526 3040 Secundum
3568 2989 3765 3059 allego~

2205 3066 2343 3122 riam
2368 3082 2496 3122 vero
2530 3069 2602 3121 ita
2633 3069 3028 3138 explanabitur.
3064 3070 3206 3127 Vasa
3231 3088 3394 3128 aurea
3417 3085 3470 3131 et
3494 3088 3764 3147 argentea,

2208 3157 2261 3212 id
2288 3166 2371 3214 est
2398 3159 2701 3226 tliuribula,
2732 3159 2963 3228 phialas,
3001 3170 3054 3216 et
3088 3172 3282 3219 caetera
3324 3166 3629 3222 istiusmodi
3670 3169 3774 3223 ha-

2203 3249 2395 3304 bemus
2439 3249 2494 3304 in
2523 3252 2694 3305 sacris
2739 3250 2958 3307 Litteris
2999 3256 3259 3324 :quando
3291 3273 3420 3328 ergo
3460 3268 3776 3329 torquemus

2201 3356 2418 3397 sensum
2439 3341 2734 3412 Scriptura:
2753 3343 2808 3398 in
2829 3343 3059 3398 alterum
3108 3361 3331 3401 sensum
3376 3351 3471 3419 qui
3517 3361 3600 3406 est
3635 3369 3773 3408 con-

2201 3433 2404 3488 trarius
2431 3434 2643 3489 veritati
2665 3477 2678 3501 ,
2717 3437 2876 3491 verba
2899 3439 3083 3494 divina
3106 3441 3426 3510 conﬂamus,
3466 3453 3520 3498 et
3553 3461 3640 3500 res
3677 3445 3774 3502 Dei

2203 3522 2258 3580 in
2285 3522 2421 3580 alias
2444 3533 2720 3582 mutamus
2749 3525 2971 3599 efﬁgies.
3009 3526 3140 3596 Qua:
3169 3529 3430 3590 iacientes
3481 3534 3772 3594 incidimus

2201 3618 2256 3672 in
2309 3628 2590 3688 peccatum
2647 3622 2791 3689 quod
2844 3637 2992 3678 nunc
3039 3626 3390 3681 commiserat
3447 3628 3766 3685 Jerusalem.

2200 3709 2339 3766 Vasa
2373 3711 2783 3782 glorificationis
2817 3726 3040 3781 nostrae,
3070 3725 3200 3771 sunt
3244 3718 3330 3773 lex
3367 3728 3422 3774 et
3461 3722 3769 3790 prophetae:

2199 3816 2362 3872 super
2395 3802 2480 3856 his
2513 3804 2875 3872 exsultamus,
2901 3807 2955 3860 in
2992 3807 3078 3863 his
3119 3808 3416 3865 efferimur.
3459 3812 3610 3878 Quos
3643 3830 3768 3869 cum

2202 3897 2360 3952 aliter
2379 3897 2703 3965 exponimus
2721 3913 2883 3966 quam
2907 3914 2964 3952 sc
2984 3901 3183 3955 veritas
3205 3901 3384 3966 habet,
3403 3906 3774 3964 convertimus

2198 4003 2330 4044 vasa
2369 3987 2778 4059 gloriﬁcationis
2825 3998 3026 4044 nostra:
3059 3991 3126 4046 de
3172 4005 3395 4062 argento
3438 3997 3769 4066 rationabili,

2201 4086 2256 4134 et
2291 4079 2358 4135 de
2389 4095 2524 4134 auro
2549 4079 2795 4135 sensibili
2819 4080 2963 4150 quod
2991 4081 3150 4138 nobis
3188 4085 3334 4140 dedit
3359 4085 3522 4150 Deus,
3549 4098 3604 4143 et
3630 4089 3771 4144 faei-

2203 4186 2327 4226 mus
2387 4170 2544 4226 nobis
2585 4169 2850 4242 imagines
2909 4173 3276 4240 masculinas,
3331 4183 3386 4229 et
3433 4175 3771 4235 fornicamur

2202 4279 2257 4319 ιη
2290 4279 2390 4320 eis.

2417 4427 2460 4457 ⁸⁵
2492 4425 2622 4480 ibid.
2652 4426 2738 4480 l7.
2814 4427 2860 4458 ⁸⁸
2893 4425 3054 4482 Num.
3083 4443 3202 4482 vttt.

605 4570 717 4652 (36)
740 4569 942 4652 Qircnit
963 4567 1566 4652 ‘animasketcfatetne
1593 4583 1726 4652 mss.
1759 4585 1773 4620 :
1801 4565 2097 4652 Παροδεύεξ

2204 4565 2388 4652 αὐγαῖς
2419 4565 2668 4652 vctis}?
2709 4561 2824 4652 οὖν,
2849 4564 3155 4652 ὲὲπεεξοῢσα
3192 4567 3294 4637 τῆς
3341 4565 3595 4652 ἀληθείας
3623 4565 3771 4652 ψυχὴ

531 4634 820 4718 ᾖμῶίτῂν
844 4637 1022 4718 ψυχὴν
1070 4634 1284 4718 populi]
1315 4636 1539 4718 δύναμις
1587 4634 1956 4718 ἀνεικειμέύηὶ,
2007 4639 2100 4715 καὶ

537 4705 688 4780 ζήτεί
718 4705 878 4762 τόῖποὺ
906 4705 1000 4780 ’ἑὸῦ
1037 4705 1295 4780 εᾼὶαελθείν
1343 4705 1461 4780 καζ
1487 4705 1959 4780 ίπορνεὼίαέμετᾶ
2000 4706 2101 4780 τῇς

537 4775 748 4855 ψύχῆςζ
762 4779 1022 4855 οἱονεὶ-ᾡς
1100 4775 1305 4855 δαίμωγ
1353 4775 1447 4855 ῖοᾷ
1481 4775 1673 4846 θυμοῦ,
1698 4777 1735 4855 ,ὁ
1767 4775 1973 4855 ignipqu
1995 4776 2102 4855 ςτῇς

537 4844 859 4917 ἀεὴοδοξίας,
919 4844 1204 4917 ἁδαίμων
1230 4846 1328 4916 τῆς
1375 4844 1591 4917 λύπης,
1627 4848 1720 4899 καὶ
1769 4844 2100 4917 ἁπαξαπλῶς

530 4915 768 4987 ἑκάστῳ
801 4918 1001 4979 πάθους
1030 4914 1321 4986 ἢδύναμίς
1365 4914 1648 4987 παροδεύει
1680 4917 1768 4972 διὰ
1797 4917 1896 4986 τῆς
1919 4915 2102 4985 ψυχῆς

528 4987 636 5040 ⁵καὶ
691 4985 830 5057 θέλει
894 4985 1184 5057 πορνεῦσαι
1236 4985 1356 5056 μετ’
1413 4985 1598 5056 αὐτῆς,
1644 4987 2002 5057 ὲπιπλαξεεῖσα
2031 4988 2097 5057 τῇ

539 5056 854 5128 προαιρέξςει
885 5056 1069 5128 αὐτῇς.
1099 5057 1345 5128 Τοιοῦτόν
1366 5074 1418 5108 τι
1444 5057 1658 5128 ᾐνίξατο
1691 5058 1718 5108 ὁ
1756 5056 1938 5128 Νάθαν
1966 5056 2102 5128 πρὸς

539 5121 630 5198 τδν
660 5121 837 5198 Adsit},
873 5121 1050 5178 καλῶν
1088 5125 1186 5198 ,τὸν
1217 5121 1597 5196 δαίμονα”τῆς
1654 5127 1907 5198 πορνείας
1948 5121 2101 5198 o'é‘bt-

539 5197 746 5264 πόρον.
783 5196 982 5249 Circuit
1009 5197 1240 5248 animam
1291 5207 1524 5249 nostram
1567 5196 1968 5266 varia'potestas
2003 5196 2102 5247 ud-

530 5268 795 5331 -versaria,
854 5283 915 5318 ac
967 5267 1138 5318 locant
1170 5267 1357 5336 quierit
1399 5276 1455 5320 ut
1511 5267 1858 5336 ingrediatur,
1904 5274 1953 5317 et
1981 5280 2098 5336 cum

538 5339 719 5391 anima
753 5339 1041 5407 f'ornicetur
1063 5350 1084 5390 .°
1131 5335 1277 5407 puta,
1303 5337 1506 5390 dwmon
1545 5335 1659 5400 irw,
1686 5337 1888 5390 dannon
1925 5335 2098 5407 inanis

537 5405 988 5476 gloriw,'dazmon
1029 5406 1278 5468 tristitiae,
1313 5416 1381 5468 et,
1433 5417 1488 5459 ut
1514 5407 1662 5460 verbo
1699 5407 1893 5469 dicam,
1915 5405 2100 5476 unius-

537 5475 784 5546 cujusque
813 5479 926 5531 vitii
958 5479 1032 5529 vis
1080 5477 1266 5529 circuit
1290 5477 1544 5546 animam
1592 5493 1654 5529 ac
1699 5492 1816 5529 cum
1855 5491 1916 5528 ea
1955 5475 2100 5546 cupit

540 5542 815 5613 fornicari,
869 5564 986 5600 cum
1038 5546 1153 5614 ejus
1215 5545 1480 5616 voluntate
1529 5547 1924 5616 congrediendo.
1971 5542 2098 5596 Tale

537 5617 664 5684 quid
699 5617 985 5671 insinuavit
1035 5615 1254 5669 Natltan
1305 5615 1372 5668 ad
1418 5615 1605 5681 David,
1647 5633 1764 5670 cum
1809 5617 2096 5669 dtetnonem

541 5687 902 5755 fornicationis
951 5705 968 5737 ε
999 5689 1326 5755 peregrinum
1365 5705 1382 5735 ι
1420 5688 1636 5740 vocarit.

612 5752 723 5825 (t7)
764 5755 938 5825 Vestes
965 5752 1176 5825 divintv,
1207 5767 1309 5809 etc.
1334 5755 1550 5808 Catena:
1576 5771 1709 5809 mss.
1743 5774 1757 5809 :
1795 5755 1874 5809 Τὰ
1903 5754 2095 5825 ἱμάτια

538 5823 685 5876 ἐστὶν
706 5823 773 5875 ’ἐν
804 5824 881 5895 τῷ
909 5823 1061 5893 μέρει
1090 5824 1261 5894 τούτῳ
1287 5825 1342 5878 αι
1367 5825 1513 5893 ἱεραὶ
1559 5825 1791 5897 Γραῳαὶ,
1844 5823 1939 5879 mi
1979 5827 2007 5878 ὁ
2038 5826 2095 5880 ὲν

2205 4635 2374 4708 σχίζερ
2412 4634 2733 4708 ίεςὰαδοθένοιταΔ
2767 4637 2903 4708 mlta
2965 4637 3045 4708 εἰς
3092 4634 3502 4708 εὐσχήμοσύνὴν
3559 4634 3771 4708 lubrici;

2203 4703 2377 4792 (.Iiov'st
2407 4703 2658 4792 ξιελεξιξαι
2681 4703 3052 4792 ῖὰςδΓρᾲφὰς,
3081 4703 3223 4792 fdi:
3249 4703 3548 4792 ὼρῤξίτέπξ
3569 4703 3593 4792 ,1
3606 4707 3772 4792 PIIbe

2204 4774 2350 4846 ρητῷ
2372 4776 2441 4848 ob
2469 4774 2604 4848 μετὰ
2633 4775 2761 4848 ’τῆς
2786 4774 3007 4848 ῥεούσης
3039 4777 3261 4848 πλοκῆς·
3317 4774 3409 4848 irai.
3441 4774 3772 4848 νσυρῤάψασα

2201 4843 2346 4897 itote?
2371 4843 2560 4896 εἴδωλα
2589 4844 2658 4896 τὰ
2689 4843 2860 4914 ἀσεϐῆ
2916 4843 3179 4956 νοήματα,
3199 4843 3269 4900 ’ὲν
3307 4843 3387 4910 οἷς
3438 4843 3774 4918 λααέῥεῷουσα

2201 4913 2470 4956 πηηνεύεῑ-
2503 4913 2732 4956 Τοιαύτη
2770 4917 2915 4956 ἐστὶν
2948 4918 2978 4956 ἢ
3001 4919 3144 4956 inm-in
3202 4918 3295 4956 imi}
3349 4917 3643 4956 nine-man,
3691 4917 3772 4956 Ai.

2201 4913 2915 4988 πορνεύειᾷητοιαύτηίὲστὶν
2948 4913 3146 4988 ἡψυχὴ
3202 4918 3309 4988 τοῦν
3349 4913 3648 4988 αἱρετιδὶοὖ.
3685 4917 3772 4968 Ai-

2203 4984 2413 5058 ρετικὸς
2443 4984 2499 5036 δέ
2519 4985 2776 5058 ἐςτιν,ρὺ
2794 4984 2978 5058 μόνον’
3018 4984 3239 5058 same
3268 4987 3328 5039 τὸ
3354 4984 3606 5058 φρόνημα
3630 4987 3772 5039 ἀπε-

2203 5055 2489 5127 ςχισμᾴνος
2537 5055 2632 5124 τῆς
2682 5055 2955 5127 ἀληθείας,
3019 5057 3153 5110 ἀλλὰ
3203 5059 3294 5110 καὶ
3343 5060 3370 5110 ὁ
3399 5055 3566 5127 ἀοι-ἑὰ
3626 5059 3768 5126 πρᾶ-

2202 5123 2302 5186 ξίν.
2335 5123 2668 5177 Vestimenta
2704 5123 2799 5178 hoc
2829 5127 2883 5179 in
2931 5129 3044 5179 loco
3092 5138 3212 5181 sunt
3244 5143 3410 5180 sacrae
3457 5123 3766 5192 Scriptni'tv,

2200 5205 2248 5247 et
2280 5195 2368 5266 qui
2389 5196 2462 5246 eis
2490 5195 2622 5247 inest
2649 5211 2851 5250 sensus.
2882 5197 3076 5250 Anima
3104 5199 3284 5266 igitur.
3329 5213 3446 5263 qua:
3487 5213 3519 5248 a
3548 5196 3764 5248 veritate

2198 5265 2413 5327 excidit,
2441 5280 2693 5336 concessa?
2709 5265 2809 5318 sibi
2838 5265 3143 5320 vestimenta
3169 5269 3356 5336 quibus
3384 5271 3596 5318 honeste
3626 5280 3764 5336 pope-

2200 5337 2389 5396 riatur,
2421 5335 2631 5386 scindit.
2661 5335 2968 5404 Scripturas
2990 5353 3080 5390 ceu
3117 5335 3187 5389 in
3207 5346 3380 5405 partes
3407 5335 3677 5402 dispescit,
3707 5349 3768 5386 ac

2199 5405 2511 5458 sententiam
2537 5407 2828 5468 sententite,
2863 5422 2964 5459 non
2997 5423 3059 5459 ea
3102 5422 3205 5474 qua
3233 5408 3372 5458 decet
3416 5415 3648 5464 textura,
3679 5421 3766 5456 as-

2199 5475 2306 5543 suit
2339 5489 2692 5543 consuensque
2734 5476 2834 5528 sibi
2869 5476 3033 5540 idola,
3065 5477 3251 5543 impios
3300 5475 3537 5528 videlicet
3583 5489 3767 5526 sensus

2200 5542 2380 5625 facitu
2417 5543 2470 5624 in
2508 5542 2710 5625 _quibus
2759 5544 3065 5625 fornicetur.
3128 5542 3408 5625 Ejusmodi
3457 5555 3532 5596 est
3583 5545 3766 5624 anima

2197 5613 2452 5667 haeretici.
2499 5611 2594 5666 Est
2628 5622 2804 5666 autem
2842 5615 3141 5678 Itazreticns,
3171 5611 3272 5666 non
3304 5615 3476 5666 solum
3504 5614 3593 5682 qui
3624 5625 3764 5682 men:

2198 5685 2266 5735 tis
2347 5699 2500 5738 sensu
2567 5700 2600 5736 a
2656 5683 2874 5738 veritate
2924 5677 3186 5739 abscassns
3253 5694 3368 5746 est,
3431 5677 3525 5737 sed
3579 5691 3629 5736 et
3677 5677 3769 5752 qui

2197 5753 2424 5809 actibus.
