  <div class='ocr_page' id='page_1' title='image "/cluster/home/n/w/nwhite01/storage/ocr_20150623/13/mdp.39015007036059/362.png"; bbox 0 0 4070 6296; ppageno 0'>
   <div class='ocr_carea' id='block_1_1' title="bbox 344 397 443 452">
    <p class='ocr_par' dir='ltr' id='par_1_1' title="bbox 344 397 443 452">
     <span class='ocr_line' id='line_1_1' title="bbox 344 397 443 452; baseline 0.02 -2"><span class='ocrx_word' id='word_1_1' title='bbox 344 397 443 452; x_wconf 65' lang='grc'><strong>721</strong></span> 
     </span>
    </p>
   </div>
   <div class='ocr_carea' id='block_1_2' title="bbox 1715 388 2146 453">
    <p class='ocr_par' dir='ltr' id='par_1_2' title="bbox 1715 388 2146 453">
     <span class='ocr_line' id='line_1_2' title="bbox 1715 388 2146 453; baseline -0.012 0"><span class='ocrx_word' id='word_1_2' title='bbox 1715 392 1996 453; x_wconf 68' lang='grc' dir='ltr'><strong>ΗΟΜΙΙΜ</strong></span> <span class='ocrx_word' id='word_1_3' title='bbox 2033 388 2146 448; x_wconf 70' lang='lat' dir='ltr'><strong>Vll.</strong></span> 
     </span>
    </p>
   </div>
   <div class='ocr_carea' id='block_1_3' title="bbox 3479 365 3581 419">
    <p class='ocr_par' dir='ltr' id='par_1_3' title="bbox 3479 365 3581 419">
     <span class='ocr_line' id='line_1_3' title="bbox 3479 365 3581 419; baseline 0.039 -3"><span class='ocrx_word' id='word_1_4' title='bbox 3479 365 3581 419; x_wconf 67' lang='lat'><strong>722</strong></span> 
     </span>
    </p>
   </div>
   <div class='ocr_carea' id='block_1_4' title="bbox 328 482 3578 589">
    <p class='ocr_par' dir='ltr' id='par_1_4' title="bbox 328 482 3578 589">
     <span class='ocr_line' id='line_1_4' title="bbox 328 482 3578 589; baseline -0.004 -43"><span class='ocrx_word' id='word_1_5' title='bbox 328 570 333 574; x_wconf 27' lang='grc'><strong><em>⁸</em></strong></span> <span class='ocrx_word' id='word_1_6' title='bbox 416 515 472 568; x_wconf 54' lang='lat'><strong>3.</strong></span> <span class='ocrx_word' id='word_1_7' title='bbox 505 512 762 585; x_wconf 56' lang='lat' dir='ltr'><strong>smmum.</strong></span> <span class='ocrx_word' id='word_1_8' title='bbox 797 513 877 570; x_wconf 60' lang='lat' dir='ltr'><strong>er:</strong></span> <span class='ocrx_word' id='word_1_9' title='bbox 912 515 1170 585; x_wconf 63' lang='grc' dir='ltr'><strong>Αεερρξειξ</strong></span> <span class='ocrx_word' id='word_1_10' title='bbox 1188 517 1496 572; x_wconf 51' lang='lat' dir='ltr'><strong>vestimenta</strong></span> <span class='ocrx_word' id='word_1_11' title='bbox 1525 519 1697 582; x_wconf 67' lang='grc' dir='ltr'><strong>υανξα,</strong></span> <span class='ocrx_word' id='word_1_12' title='bbox 1720 527 1770 573; x_wconf 74' lang='grc' dir='ltr'>ει</span> <span class='ocrx_word' id='word_1_13' title='bbox 1794 533 1914 589; x_wconf 66' lang='lat' dir='ltr'><strong>ope-</strong></span> <span class='ocrx_word' id='word_1_14' title='bbox 1944 526 1986 583; x_wconf 65' lang='grc' dir='ltr'><strong>Α</strong></span> <span class='ocrx_word' id='word_1_15' title='bbox 2017 522 2194 578; x_wconf 86' lang='lat' dir='ltr'><strong>neque</strong></span> <span class='ocrx_word' id='word_1_16' title='bbox 2225 505 2363 561; x_wconf 90' lang='lat' dir='ltr'><strong>meis</strong></span> <span class='ocrx_word' id='word_1_17' title='bbox 2388 501 2600 559; x_wconf 89' lang='lat' dir='ltr'><strong>delictis</strong></span> <span class='ocrx_word' id='word_1_18' title='bbox 2628 496 2721 571; x_wconf 87' lang='lat' dir='ltr'><strong>qui</strong></span> <span class='ocrx_word' id='word_1_19' title='bbox 2756 495 2945 551; x_wconf 91' lang='lat' dir='ltr'><strong>videor</strong></span> <span class='ocrx_word' id='word_1_20' title='bbox 3000 491 3053 589; x_wconf 66' lang='lat' dir='ltr'><strong>in</strong></span> <span class='ocrx_word' id='word_1_21' title='bbox 3090 485 3335 545; x_wconf 73' lang='lat' dir='ltr'><strong>Ecclesia</strong></span> <span class='ocrx_word' id='word_1_22' title='bbox 3364 482 3578 589; x_wconf 65' lang='lat' dir='ltr'><strong>pradi-</strong></span> 
     </span>
    </p>
   </div>
   <div class='ocr_carea' id='block_1_5' title="bbox 348 605 1913 681">
    <p class='ocr_par' dir='ltr' id='par_1_5' title="bbox 348 605 1913 681">
     <span class='ocr_line' id='line_1_5' title="bbox 348 605 1913 681; baseline 0.004 -22"><span class='ocrx_word' id='word_1_23' title='bbox 348 606 510 661; x_wconf 73' lang='lat' dir='ltr'><strong>ruisti</strong></span> <span class='ocrx_word' id='word_1_24' title='bbox 529 606 649 662; x_wconf 74' lang='lat' dir='ltr'><strong>illa.</strong></span> <span class='ocrx_word' id='word_1_25' title='bbox 685 605 843 662; x_wconf 80' lang='lat' dir='ltr'><strong>Varia</strong></span> <span class='ocrx_word' id='word_1_26' title='bbox 871 608 1038 664; x_wconf 79' lang='lat' dir='ltr'><strong>vestis</strong></span> <span class='ocrx_word' id='word_1_27' title='bbox 1071 617 1175 676; x_wconf 89' lang='lat' dir='ltr'><strong>est,</strong></span> <span class='ocrx_word' id='word_1_28' title='bbox 1205 618 1260 665; x_wconf 90' lang='lat' dir='ltr'><strong>et</strong></span> <span class='ocrx_word' id='word_1_29' title='bbox 1284 610 1374 665; x_wconf 92' lang='lat' dir='ltr'><strong>hic</strong></span> <span class='ocrx_word' id='word_1_30' title='bbox 1401 626 1543 666; x_wconf 86' lang='lat' dir='ltr'><strong>unus</strong></span> <span class='ocrx_word' id='word_1_31' title='bbox 1569 611 1637 666; x_wconf 90' lang='lat' dir='ltr'><strong>de</strong></span> <span class='ocrx_word' id='word_1_32' title='bbox 1664 609 1913 681; x_wconf 88' lang='lat' dir='ltr'><strong>Scriptu-</strong></span> 
     </span>
    </p>
   </div>
   <div class='ocr_carea' id='block_1_6' title="bbox 345 698 1913 770">
    <p class='ocr_par' dir='ltr' id='par_1_6' title="bbox 345 698 1913 770">
     <span class='ocr_line' id='line_1_6' title="bbox 345 698 1913 770; baseline 0.004 -18"><span class='ocrx_word' id='word_1_33' title='bbox 345 698 425 753; x_wconf 88' lang='lat' dir='ltr'><strong>ris</strong></span> <span class='ocrx_word' id='word_1_34' title='bbox 455 698 631 764; x_wconf 89' lang='lat' dir='ltr'><strong>locus,</strong></span> <span class='ocrx_word' id='word_1_35' title='bbox 664 714 774 770; x_wconf 92' lang='lat' dir='ltr'><strong>quo</strong></span> <span class='ocrx_word' id='word_1_36' title='bbox 800 700 1078 756; x_wconf 84' lang='lat' dir='ltr'><strong>induimur</strong></span> <span class='ocrx_word' id='word_1_37' title='bbox 1114 711 1457 759; x_wconf 86' lang='lat' dir='ltr'><strong>assumentes</strong></span> <span class='ocrx_word' id='word_1_38' title='bbox 1492 704 1702 759; x_wconf 79' lang='lat' dir='ltr'><strong>viscera</strong></span> <span class='ocrx_word' id='word_1_39' title='bbox 1745 705 1913 759; x_wconf 84' lang='lat' dir='ltr'><strong>mise-</strong></span> 
     </span>
    </p>
   </div>
   <div class='ocr_carea' id='block_1_7' title="bbox 343 789 1913 862">
    <p class='ocr_par' dir='ltr' id='par_1_7' title="bbox 343 789 1913 862">
     <span class='ocr_line' id='line_1_7' title="bbox 343 789 1913 862; baseline 0.005 -18"><span class='ocrx_word' id='word_1_40' title='bbox 343 789 613 857; x_wconf 55' lang='lat' dir='ltr'><strong>ricordiae,</strong></span> <span class='ocrx_word' id='word_1_41' title='bbox 650 790 1005 861; x_wconf 76' lang='lat' dir='ltr'><strong>benignitatis</strong></span> <span class='ocrx_word' id='word_1_42' title='bbox 1026 833 1042 861; x_wconf 93' lang='lat'><strong>,</strong></span> <span class='ocrx_word' id='word_1_43' title='bbox 1076 794 1423 860; x_wconf 76' lang='lat' dir='ltr'><strong>humilitatis,</strong></span> <span class='ocrx_word' id='word_1_44' title='bbox 1455 796 1913 862; x_wconf 83' lang='lat' dir='ltr'><strong>mansuetudinis,</strong></span> 
     </span>
    </p>
   </div>
   <div class='ocr_carea' id='block_1_8' title="bbox 326 882 1913 952">
    <p class='ocr_par' dir='ltr' id='par_1_8' title="bbox 326 882 1913 952">
     <span class='ocr_line' id='line_1_8' title="bbox 326 882 1913 952; baseline 0.005 -15"><span class='ocrx_word' id='word_1_45' title='bbox 326 882 778 952; x_wconf 80' lang='lat' dir='ltr'><strong>-longanitnitatis</strong></span> <span class='ocrx_word' id='word_1_46' title='bbox 806 885 874 939; x_wconf 86' lang='lat' dir='ltr'><strong>ad</strong></span> <span class='ocrx_word' id='word_1_47' title='bbox 902 884 1268 941; x_wconf 85' lang='lat' dir='ltr'><strong>suiferendum</strong></span> <span class='ocrx_word' id='word_1_48' title='bbox 1302 887 1558 943; x_wconf 78' lang='lat' dir='ltr'><strong>invicem.</strong></span> <span class='ocrx_word' id='word_1_49' title='bbox 1594 887 1705 945; x_wconf 85' lang='lat' dir='ltr'><strong>Has</strong></span> <span class='ocrx_word' id='word_1_50' title='bbox 1732 890 1913 945; x_wconf 87' lang='lat' dir='ltr'><strong>varias</strong></span> 
     </span>
    </p>
   </div>
   <div class='ocr_carea' id='block_1_9' title="bbox 346 975 1916 1051">
    <p class='ocr_par' dir='ltr' id='par_1_9' title="bbox 346 975 1916 1051">
     <span class='ocr_line' id='line_1_9' title="bbox 346 975 1916 1051; baseline 0.008 -27"><span class='ocrx_word' id='word_1_51' title='bbox 346 983 547 1039; x_wconf 81' lang='lat' dir='ltr'><strong>vestes,</strong></span> <span class='ocrx_word' id='word_1_52' title='bbox 581 982 636 1030; x_wconf 90' lang='lat' dir='ltr'><strong>et</strong></span> <span class='ocrx_word' id='word_1_53' title='bbox 657 975 915 1044; x_wconf 80' lang='lat' dir='ltr'><strong>puichros</strong></span> <span class='ocrx_word' id='word_1_54' title='bbox 942 977 1175 1033; x_wconf 92' lang='lat' dir='ltr'><strong>amictus</strong></span> <span class='ocrx_word' id='word_1_55' title='bbox 1204 993 1345 1048; x_wconf 90' lang='lat' dir='ltr'><strong>quos</strong></span> <span class='ocrx_word' id='word_1_56' title='bbox 1366 979 1523 1035; x_wconf 90' lang='lat' dir='ltr'><strong>nobis</strong></span> <span class='ocrx_word' id='word_1_57' title='bbox 1563 980 1792 1051; x_wconf 86' lang='lat' dir='ltr'><strong>largitus</strong></span> <span class='ocrx_word' id='word_1_58' title='bbox 1830 989 1916 1036; x_wconf 89' lang='lat' dir='ltr'><strong>est</strong></span> 
     </span>
    </p>
   </div>
   <div class='ocr_carea' id='block_1_10' title="bbox 345 1066 1916 1139">
    <p class='ocr_par' dir='ltr' id='par_1_10' title="bbox 345 1066 1916 1139">
     <span class='ocr_line' id='line_1_10' title="bbox 345 1066 1916 1139; baseline 0.005 -19"><span class='ocrx_word' id='word_1_59' title='bbox 345 1066 514 1132; x_wconf 85' lang='lat' dir='ltr'><strong>Deus,</strong></span> <span class='ocrx_word' id='word_1_60' title='bbox 548 1066 596 1122; x_wconf 91' lang='lat' dir='ltr'><strong>si</strong></span> <span class='ocrx_word' id='word_1_61' title='bbox 622 1066 929 1123; x_wconf 86' lang='lat' dir='ltr'><strong>laceramus</strong></span> <span class='ocrx_word' id='word_1_62' title='bbox 956 1078 1121 1139; x_wconf 90' lang='lat' dir='ltr'><strong>atque</strong></span> <span class='ocrx_word' id='word_1_63' title='bbox 1152 1071 1584 1138; x_wconf 90' lang='lat' dir='ltr'><strong>conscindimus,</strong></span> <span class='ocrx_word' id='word_1_64' title='bbox 1607 1079 1662 1127; x_wconf 91' lang='lat' dir='ltr'><strong>et</strong></span> <span class='ocrx_word' id='word_1_65' title='bbox 1684 1072 1916 1128; x_wconf 87' lang='lat' dir='ltr'><strong>circum-</strong></span> 
     </span>
    </p>
   </div>
   <div class='ocr_carea' id='block_1_11' title="bbox 343 1159 1911 1233">
    <p class='ocr_par' dir='ltr' id='par_1_11' title="bbox 343 1159 1911 1233">
     <span class='ocr_line' id='line_1_11' title="bbox 343 1159 1911 1233; baseline 0.001 -16"><span class='ocrx_word' id='word_1_66' title='bbox 343 1160 544 1217; x_wconf 80' lang='lat' dir='ltr'><strong>damus</strong></span> <span class='ocrx_word' id='word_1_67' title='bbox 585 1159 735 1215; x_wconf 67' lang='lat' dir='ltr'><strong>falsa:</strong></span> <span class='ocrx_word' id='word_1_68' title='bbox 771 1161 1031 1216; x_wconf 69' lang='lat' dir='ltr'><strong>doctrina:</strong></span> <span class='ocrx_word' id='word_1_69' title='bbox 1078 1162 1147 1217; x_wconf 90' lang='lat' dir='ltr'><strong>ad</strong></span> <span class='ocrx_word' id='word_1_70' title='bbox 1192 1162 1563 1233; x_wconf 88' lang='lat' dir='ltr'><strong>deceptionem</strong></span> <span class='ocrx_word' id='word_1_71' title='bbox 1607 1162 1911 1230; x_wconf 86' lang='lat' dir='ltr'><strong>hominum,</strong></span> 
     </span>
    </p>
   </div>
   <div class='ocr_carea' id='block_1_12' title="bbox 346 1253 1913 1325">
    <p class='ocr_par' dir='ltr' id='par_1_12' title="bbox 346 1253 1913 1325">
     <span class='ocr_line' id='line_1_12' title="bbox 346 1253 1913 1325; baseline 0.001 -16"><span class='ocrx_word' id='word_1_72' title='bbox 346 1270 456 1309; x_wconf 84' lang='lat' dir='ltr'><strong>non</strong></span> <span class='ocrx_word' id='word_1_73' title='bbox 486 1253 716 1309; x_wconf 83' lang='lat' dir='ltr'><strong>dubium</strong></span> <span class='ocrx_word' id='word_1_74' title='bbox 765 1261 849 1309; x_wconf 88' lang='lat' dir='ltr'><strong>est</strong></span> <span class='ocrx_word' id='word_1_75' title='bbox 898 1254 1030 1323; x_wconf 90' lang='lat' dir='ltr'><strong>quin</strong></span> <span class='ocrx_word' id='word_1_76' title='bbox 1096 1254 1262 1309; x_wconf 87' lang='lat' dir='ltr'><strong>variis</strong></span> <span class='ocrx_word' id='word_1_77' title='bbox 1312 1256 1555 1310; x_wconf 83' lang='lat' dir='ltr'><strong>vestibus</strong></span> <span class='ocrx_word' id='word_1_78' title='bbox 1601 1257 1913 1325; x_wconf 88' lang='lat' dir='ltr'><strong>operiamus</strong></span> 
     </span>
    </p>
   </div>
   <div class='ocr_carea' id='block_1_13' title="bbox 348 1344 1912 1419">
    <p class='ocr_par' dir='ltr' id='par_1_13' title="bbox 348 1344 1912 1419">
     <span class='ocr_line' id='line_1_13' title="bbox 348 1344 1912 1419; baseline 0.003 -18"><span class='ocrx_word' id='word_1_79' title='bbox 348 1347 516 1402; x_wconf 83' lang='lat' dir='ltr'><strong>idola.</strong></span> <span class='ocrx_word' id='word_1_80' title='bbox 552 1344 821 1416; x_wconf 86' lang='lat' dir='ltr'><strong>lntclliges</strong></span> <span class='ocrx_word' id='word_1_81' title='bbox 855 1356 1038 1402; x_wconf 85' lang='lat' dir='ltr'><strong>autem</strong></span> <span class='ocrx_word' id='word_1_82' title='bbox 1073 1347 1179 1402; x_wconf 93' lang='lat' dir='ltr'><strong>hoc</strong></span> <span class='ocrx_word' id='word_1_83' title='bbox 1210 1348 1354 1417; x_wconf 90' lang='lat' dir='ltr'><strong>quod</strong></span> <span class='ocrx_word' id='word_1_84' title='bbox 1388 1348 1608 1415; x_wconf 82' lang='lat' dir='ltr'><strong>dicitur,</strong></span> <span class='ocrx_word' id='word_1_85' title='bbox 1651 1349 1697 1403; x_wconf 88' lang='lat' dir='ltr'><strong>si</strong></span> <span class='ocrx_word' id='word_1_86' title='bbox 1740 1349 1912 1419; x_wconf 87' lang='lat' dir='ltr'><strong>ipsam</strong></span> 
     </span>
    </p>
   </div>
   <div class='ocr_carea' id='block_1_14' title="bbox 348 1437 1911 1512">
    <p class='ocr_par' dir='ltr' id='par_1_14' title="bbox 348 1437 1911 1512">
     <span class='ocr_line' id='line_1_14' title="bbox 348 1437 1911 1512; baseline 0.004 -21"><span class='ocrx_word' id='word_1_87' title='bbox 348 1454 463 1492; x_wconf 88' lang='lat' dir='ltr'><strong>rem</strong></span> <span class='ocrx_word' id='word_1_88' title='bbox 500 1437 844 1494; x_wconf 84' lang='lat' dir='ltr'><strong>manifest-ius</strong></span> <span class='ocrx_word' id='word_1_89' title='bbox 885 1439 1280 1495; x_wconf 83' lang='lat' dir='ltr'><strong>describamus.</strong></span> <span class='ocrx_word' id='word_1_90' title='bbox 1338 1439 1470 1494; x_wconf 84' lang='lat' dir='ltr'><strong>Vide</strong></span> <span class='ocrx_word' id='word_1_91' title='bbox 1508 1441 1639 1496; x_wconf 90' lang='lat' dir='ltr'><strong>mihi</strong></span> <span class='ocrx_word' id='word_1_92' title='bbox 1679 1442 1911 1512; x_wconf 85' lang='lat' dir='ltr'><strong>aliquem</strong></span> 
     </span>
    </p>
   </div>
   <div class='ocr_carea' id='block_1_15' title="bbox 348 1530 1913 1600">
    <p class='ocr_par' dir='ltr' id='par_1_15' title="bbox 348 1530 1913 1600">
     <span class='ocr_line' id='line_1_15' title="bbox 348 1530 1913 1600; baseline 0.004 -16"><span class='ocrx_word' id='word_1_93' title='bbox 348 1530 779 1597; x_wconf 76' lang='lat' dir='ltr'><strong>Marcionistam,</strong></span> <span class='ocrx_word' id='word_1_94' title='bbox 809 1530 922 1586; x_wconf 87' lang='lat' dir='ltr'><strong>sive</strong></span> <span class='ocrx_word' id='word_1_95' title='bbox 947 1531 1274 1600; x_wconf 87' lang='lat' dir='ltr'><strong>discipulum</strong></span> <span class='ocrx_word' id='word_1_96' title='bbox 1312 1530 1601 1598; x_wconf 83' lang='lat' dir='ltr'><strong>Valentini,</strong></span> <span class='ocrx_word' id='word_1_97' title='bbox 1634 1542 1730 1588; x_wconf 84' lang='lat' dir='ltr'><strong>aut</strong></span> <span class='ocrx_word' id='word_1_98' title='bbox 1766 1542 1913 1591; x_wconf 86' lang='lat' dir='ltr'><strong>certe</strong></span> 
     </span>
    </p>
   </div>
   <div class='ocr_carea' id='block_1_16' title="bbox 344 1622 1965 1698">
    <p class='ocr_par' dir='ltr' id='par_1_16' title="bbox 344 1622 1965 1698">
     <span class='ocr_line' id='line_1_16' title="bbox 344 1622 1965 1698; baseline 0.002 -20"><span class='ocrx_word' id='word_1_99' title='bbox 344 1622 641 1692; x_wconf 83' lang='lat' dir='ltr'><strong>cujuslibet</strong></span> <span class='ocrx_word' id='word_1_100' title='bbox 668 1623 894 1678; x_wconf 80' lang='lat' dir='ltr'><strong>haeresis</strong></span> <span class='ocrx_word' id='word_1_101' title='bbox 933 1622 1273 1678; x_wconf 86' lang='lat' dir='ltr'><strong>defensorem</strong></span> <span class='ocrx_word' id='word_1_102' title='bbox 1296 1663 1311 1689; x_wconf 95' lang='lat'><strong>,</strong></span> <span class='ocrx_word' id='word_1_103' title='bbox 1354 1632 1409 1679; x_wconf 87' lang='lat' dir='ltr'><strong>et</strong></span> <span class='ocrx_word' id='word_1_104' title='bbox 1446 1625 1729 1680; x_wconf 81' lang='lat' dir='ltr'><strong>considera</strong></span> <span class='ocrx_word' id='word_1_105' title='bbox 1774 1643 1914 1698; x_wconf 90' lang='lat' dir='ltr'><strong>quo-</strong></span> <span class='ocrx_word' id='word_1_106' title='bbox 1946 1650 1965 1673; x_wconf 75' lang='grc' dir='ltr'><strong>ι</strong></span> 
     </span>
    </p>
   </div>
   <div class='ocr_carea' id='block_1_17' title="bbox 347 1714 1914 1790">
    <p class='ocr_par' dir='ltr' id='par_1_17' title="bbox 347 1714 1914 1790">
     <span class='ocr_line' id='line_1_17' title="bbox 347 1714 1914 1790; baseline 0.005 -23"><span class='ocrx_word' id='word_1_107' title='bbox 347 1715 514 1768; x_wconf 91' lang='lat' dir='ltr'><strong>modo</strong></span> <span class='ocrx_word' id='word_1_108' title='bbox 540 1714 686 1768; x_wconf 86' lang='lat' dir='ltr'><strong>idola</strong></span> <span class='ocrx_word' id='word_1_109' title='bbox 717 1730 837 1778; x_wconf 90' lang='lat' dir='ltr'><strong>sua,</strong></span> <span class='ocrx_word' id='word_1_110' title='bbox 873 1714 925 1770; x_wconf 93' lang='lat' dir='ltr'><strong>id</strong></span> <span class='ocrx_word' id='word_1_111' title='bbox 950 1724 1036 1770; x_wconf 90' lang='lat' dir='ltr'><strong>est</strong></span> <span class='ocrx_word' id='word_1_112' title='bbox 1080 1714 1331 1786; x_wconf 78' lang='lat' dir='ltr'><strong>figmenta</strong></span> <span class='ocrx_word' id='word_1_113' title='bbox 1377 1733 1498 1786; x_wconf 65' lang='lat' dir='ltr'><strong>quae</strong></span> <span class='ocrx_word' id='word_1_114' title='bbox 1543 1717 1659 1787; x_wconf 89' lang='lat' dir='ltr'><strong>ipse</strong></span> <span class='ocrx_word' id='word_1_115' title='bbox 1688 1734 1914 1790; x_wconf 86' lang='lat' dir='ltr'><strong>compo-</strong></span> 
     </span>
    </p>
   </div>
   <div class='ocr_carea' id='block_1_18' title="bbox 346 1804 1911 1871">
    <p class='ocr_par' dir='ltr' id='par_1_18' title="bbox 346 1804 1911 1871">
     <span class='ocr_line' id='line_1_18' title="bbox 346 1804 1911 1871; baseline 0.006 -12"><span class='ocrx_word' id='word_1_116' title='bbox 346 1804 493 1871; x_wconf 84' lang='lat' dir='ltr'><strong>suit,</strong></span> <span class='ocrx_word' id='word_1_117' title='bbox 518 1807 936 1860; x_wconf 82' lang='lat' dir='ltr'><strong>mansuetudine</strong></span> <span class='ocrx_word' id='word_1_118' title='bbox 961 1815 1015 1860; x_wconf 87' lang='lat' dir='ltr'><strong>et</strong></span> <span class='ocrx_word' id='word_1_119' title='bbox 1041 1807 1289 1862; x_wconf 87' lang='lat' dir='ltr'><strong>castitate</strong></span> <span class='ocrx_word' id='word_1_120' title='bbox 1327 1810 1522 1864; x_wconf 85' lang='lat' dir='ltr'><strong>vestiat</strong></span> <span class='ocrx_word' id='word_1_121' title='bbox 1559 1819 1619 1864; x_wconf 94' lang='lat' dir='ltr'><strong>ut</strong></span> <span class='ocrx_word' id='word_1_122' title='bbox 1656 1811 1714 1865; x_wconf 92' lang='lat' dir='ltr'><strong>in</strong></span> <span class='ocrx_word' id='word_1_123' title='bbox 1751 1828 1911 1868; x_wconf 88' lang='lat' dir='ltr'><strong>aures</strong></span> 
     </span>
    </p>
   </div>
   <div class='ocr_carea' id='block_1_19' title="bbox 2014 577 3617 671">
    <p class='ocr_par' dir='ltr' id='par_1_19' title="bbox 2014 577 3617 671">
     <span class='ocr_line' id='line_1_19' title="bbox 2014 577 3617 671; baseline -0.017 -14"><span class='ocrx_word' id='word_1_124' title='bbox 2014 577 2162 666; x_wconf 83' lang='lat' dir='ltr'><strong>care,</strong></span> <span class='ocrx_word' id='word_1_125' title='bbox 2188 595 2665 657; x_wconf 86' lang='lat' dir='ltr'><strong>scandalizabitur,</strong></span> <span class='ocrx_word' id='word_1_126' title='bbox 2692 590 2786 647; x_wconf 90' lang='lat' dir='ltr'><strong>sed</strong></span> <span class='ocrx_word' id='word_1_127' title='bbox 2809 589 2985 658; x_wconf 90' lang='lat' dir='ltr'><strong>ipsum</strong></span> <span class='ocrx_word' id='word_1_128' title='bbox 3009 584 3205 653; x_wconf 83' lang='lat' dir='ltr'><strong>dogma</strong></span> <span class='ocrx_word' id='word_1_129' title='bbox 3227 577 3581 635; x_wconf 81' lang='lat' dir='ltr'><strong>considerans</strong></span> <span class='ocrx_word' id='word_1_130' title='bbox 3608 660 3617 671; x_wconf 19' lang='grc' dir='ltr'><strong>κ</strong></span> 
     </span>
    </p>
   </div>
   <div class='ocr_carea' id='block_1_20' title="bbox 2013 672 3581 764">
    <p class='ocr_par' dir='ltr' id='par_1_20' title="bbox 2013 672 3581 764">
     <span class='ocr_line' id='line_1_20' title="bbox 2013 672 3581 764; baseline -0.018 -15"><span class='ocrx_word' id='word_1_131' title='bbox 2013 704 2069 749; x_wconf 89' lang='lat' dir='ltr'><strong>et</strong></span> <span class='ocrx_word' id='word_1_132' title='bbox 2097 698 2434 764; x_wconf 83' lang='lat' dir='ltr'><strong>pertractans</strong></span> <span class='ocrx_word' id='word_1_133' title='bbox 2461 685 2715 741; x_wconf 71' lang='lat' dir='ltr'><strong>Ecclesiae</strong></span> <span class='ocrx_word' id='word_1_134' title='bbox 2742 682 2901 736; x_wconf 86' lang='lat' dir='ltr'><strong>fidem</strong></span> <span class='ocrx_word' id='word_1_135' title='bbox 2923 718 2938 740; x_wconf 94' lang='lat'><strong>,</strong></span> <span class='ocrx_word' id='word_1_136' title='bbox 2974 694 3004 732; x_wconf 92' lang='lat' dir='ltr'><strong>a</strong></span> <span class='ocrx_word' id='word_1_137' title='bbox 3038 691 3125 731; x_wconf 86' lang='lat' dir='ltr'><strong>me</strong></span> <span class='ocrx_word' id='word_1_138' title='bbox 3167 672 3384 764; x_wconf 85' lang='lat' dir='ltr'><strong>quidem</strong></span> <span class='ocrx_word' id='word_1_139' title='bbox 3432 682 3581 723; x_wconf 91' lang='lat' dir='ltr'><strong>aver-</strong></span> 
     </span>
    </p>
   </div>
   <div class='ocr_carea' id='block_1_21' title="bbox 2014 762 3581 845">
    <p class='ocr_par' dir='ltr' id='par_1_21' title="bbox 2014 762 3581 845">
     <span class='ocr_line' id='line_1_21' title="bbox 2014 762 3581 845; baseline -0.019 -5"><span class='ocrx_word' id='word_1_140' title='bbox 2014 762 2242 845; x_wconf 83' lang='lat' dir='ltr'><strong>sabitnr,</strong></span> <span class='ocrx_word' id='word_1_141' title='bbox 2271 779 2575 836; x_wconf 88' lang='lat' dir='ltr'><strong>doctrinam</strong></span> <span class='ocrx_word' id='word_1_142' title='bbox 2614 789 2745 829; x_wconf 91' lang='lat' dir='ltr'><strong>vero</strong></span> <span class='ocrx_word' id='word_1_143' title='bbox 2797 768 3059 839; x_wconf 89' lang='lat' dir='ltr'><strong>suscipiet</strong></span> <span class='ocrx_word' id='word_1_144' title='bbox 3104 762 3403 821; x_wconf 88' lang='lat' dir='ltr'><strong>secundum</strong></span> <span class='ocrx_word' id='word_1_145' title='bbox 3442 773 3581 829; x_wconf 68' lang='lat' dir='ltr'><strong>pra:-</strong></span> 
     </span>
    </p>
   </div>
   <div class='ocr_carea' id='block_1_22' title="bbox 2013 851 3581 943">
    <p class='ocr_par' dir='ltr' id='par_1_22' title="bbox 2013 851 3581 943">
     <span class='ocr_line' id='line_1_22' title="bbox 2013 851 3581 943; baseline -0.017 -15"><span class='ocrx_word' id='word_1_146' title='bbox 2013 884 2227 943; x_wconf 91' lang='lat' dir='ltr'><strong>ceptum</strong></span> <span class='ocrx_word' id='word_1_147' title='bbox 2261 869 2508 934; x_wconf 88' lang='lat' dir='ltr'><strong>Domini,</strong></span> <span class='ocrx_word' id='word_1_148' title='bbox 2535 867 2625 937; x_wconf 88' lang='lat' dir='ltr'><strong>qui</strong></span> <span class='ocrx_word' id='word_1_149' title='bbox 2651 866 2724 920; x_wconf 88' lang='lat' dir='ltr'><strong>ait</strong></span> <span class='ocrx_word' id='word_1_150' title='bbox 2745 864 2812 918; x_wconf 69' lang='grc' dir='ltr'><strong>σεε</strong></span> <span class='ocrx_word' id='word_1_151' title='bbox 2845 861 3011 928; x_wconf 84' lang='lat' dir='ltr'><strong>Super</strong></span> <span class='ocrx_word' id='word_1_152' title='bbox 3060 853 3363 912; x_wconf 83' lang='lat' dir='ltr'><strong>cathedram</strong></span> <span class='ocrx_word' id='word_1_153' title='bbox 3407 851 3581 943; x_wconf 74' lang='lat' dir='ltr'><strong>Moysi</strong></span> 
     </span>
    </p>
   </div>
   <div class='ocr_carea' id='block_1_23' title="bbox 2013 942 3579 1019">
    <p class='ocr_par' dir='ltr' id='par_1_23' title="bbox 2013 942 3579 1019">
     <span class='ocr_line' id='line_1_23' title="bbox 2013 942 3579 1019; baseline -0.015 -2"><span class='ocrx_word' id='word_1_154' title='bbox 2013 942 2255 1018; x_wconf 70' lang='lat' dir='ltr'><strong>sederant</strong></span> <span class='ocrx_word' id='word_1_155' title='bbox 2285 961 2473 1015; x_wconf 68' lang='lat' dir='ltr'><strong>scriba:</strong></span> <span class='ocrx_word' id='word_1_156' title='bbox 2500 969 2548 1013; x_wconf 88' lang='lat' dir='ltr'><strong>et</strong></span> <span class='ocrx_word' id='word_1_157' title='bbox 2579 957 2854 1012; x_wconf 59' lang='lat' dir='ltr'><strong>Pharisa&#39;i.</strong></span> <span class='ocrx_word' id='word_1_158' title='bbox 2873 951 3068 1008; x_wconf 80' lang='lat' dir='ltr'><strong>Omnia</strong></span> <span class='ocrx_word' id='word_1_159' title='bbox 3091 960 3410 1019; x_wconf 62' lang='lat' dir='ltr'><strong>quaecunque</strong></span> <span class='ocrx_word' id='word_1_160' title='bbox 3436 942 3579 996; x_wconf 75' lang='lat' dir='ltr'><strong>vobis</strong></span> 
     </span>
    </p>
   </div>
   <div class='ocr_carea' id='block_1_24' title="bbox 2014 1035 3581 1120">
    <p class='ocr_par' dir='ltr' id='par_1_24' title="bbox 2014 1035 3581 1120">
     <span class='ocr_line' id='line_1_24' title="bbox 2014 1035 3581 1120; baseline -0.016 -10"><span class='ocrx_word' id='word_1_161' title='bbox 2014 1056 2221 1119; x_wconf 85' lang='lat' dir='ltr'><strong>dicunt,</strong></span> <span class='ocrx_word' id='word_1_162' title='bbox 2253 1054 2454 1118; x_wconf 80' lang='lat' dir='ltr'><strong>audite,</strong></span> <span class='ocrx_word' id='word_1_163' title='bbox 2485 1061 2536 1105; x_wconf 85' lang='lat' dir='ltr'><strong>et</strong></span> <span class='ocrx_word' id='word_1_164' title='bbox 2567 1050 2749 1120; x_wconf 76' lang='lat' dir='ltr'><strong>facite,</strong></span> <span class='ocrx_word' id='word_1_165' title='bbox 2773 1046 2936 1114; x_wconf 76' lang='lat' dir='ltr'><strong>juxta</strong></span> <span class='ocrx_word' id='word_1_166' title='bbox 2967 1058 3124 1113; x_wconf 87' lang='lat' dir='ltr'><strong>opera</strong></span> <span class='ocrx_word' id='word_1_167' title='bbox 3163 1049 3338 1093; x_wconf 82' lang='lat' dir='ltr'><strong>autem</strong></span> <span class='ocrx_word' id='word_1_168' title='bbox 3366 1035 3581 1089; x_wconf 77' lang='lat' dir='ltr'><strong>illorum</strong></span> 
     </span>
    </p>
   </div>
   <div class='ocr_carea' id='block_1_25' title="bbox 2014 1125 3583 1217">
    <p class='ocr_par' dir='ltr' id='par_1_25' title="bbox 2014 1125 3583 1217">
     <span class='ocr_line' id='line_1_25' title="bbox 2014 1125 3583 1217; baseline -0.015 -15"><span class='ocrx_word' id='word_1_169' title='bbox 2014 1147 2177 1202; x_wconf 77' lang='lat' dir='ltr'><strong>nolite</strong></span> <span class='ocrx_word' id='word_1_170' title='bbox 2210 1146 2412 1217; x_wconf 80' lang='lat' dir='ltr'><strong>facere;</strong></span> <span class='ocrx_word' id='word_1_171' title='bbox 2450 1144 2635 1196; x_wconf 85' lang='lat' dir='ltr'><strong>dicunt</strong></span> <span class='ocrx_word' id='word_1_172' title='bbox 2687 1142 2908 1209; x_wconf 78' lang='lat' dir='ltr'><strong>quippe,</strong></span> <span class='ocrx_word' id='word_1_173' title='bbox 2948 1144 2997 1189; x_wconf 85' lang='lat' dir='ltr'><strong>et</strong></span> <span class='ocrx_word' id='word_1_174' title='bbox 3048 1149 3151 1186; x_wconf 84' lang='lat' dir='ltr'><strong>non</strong></span> <span class='ocrx_word' id='word_1_175' title='bbox 3201 1130 3425 1200; x_wconf 77' lang='lat' dir='ltr'><strong>faciunt.</strong></span> <span class='ocrx_word' id='word_1_176' title='bbox 3475 1125 3583 1180; x_wconf 78' lang='lat' dir='ltr'><strong>Iste</strong></span> 
     </span>
    </p>
   </div>
   <div class='ocr_carea' id='block_1_26' title="bbox 2015 1219 3578 1302">
    <p class='ocr_par' dir='ltr' id='par_1_26' title="bbox 2015 1219 3578 1302">
     <span class='ocr_line' id='line_1_26' title="bbox 2015 1219 3578 1302; baseline -0.017 -8"><span class='ocrx_word' id='word_1_177' title='bbox 2015 1254 2196 1294; x_wconf 90' lang='lat' dir='ltr'><strong>sermo</strong></span> <span class='ocrx_word' id='word_1_178' title='bbox 2224 1238 2290 1293; x_wconf 85' lang='lat' dir='ltr'><strong>de</strong></span> <span class='ocrx_word' id='word_1_179' title='bbox 2321 1251 2407 1291; x_wconf 91' lang='lat' dir='ltr'><strong>me</strong></span> <span class='ocrx_word' id='word_1_180' title='bbox 2430 1244 2511 1290; x_wconf 89' lang='lat' dir='ltr'><strong>est</strong></span> <span class='ocrx_word' id='word_1_181' title='bbox 2531 1275 2545 1300; x_wconf 97' lang='lat'><strong>,</strong></span> <span class='ocrx_word' id='word_1_182' title='bbox 2574 1232 2667 1302; x_wconf 87' lang='lat' dir='ltr'><strong>qui</strong></span> <span class='ocrx_word' id='word_1_183' title='bbox 2690 1232 2830 1284; x_wconf 89' lang='lat' dir='ltr'><strong>bona</strong></span> <span class='ocrx_word' id='word_1_184' title='bbox 2848 1229 3035 1297; x_wconf 79' lang='lat' dir='ltr'><strong>doceo.</strong></span> <span class='ocrx_word' id='word_1_185' title='bbox 3061 1233 3114 1278; x_wconf 89' lang='lat' dir='ltr'><strong>et</strong></span> <span class='ocrx_word' id='word_1_186' title='bbox 3135 1219 3403 1277; x_wconf 87' lang='lat' dir='ltr'><strong>contraria</strong></span> <span class='ocrx_word' id='word_1_187' title='bbox 3428 1230 3578 1287; x_wconf 83' lang='lat' dir='ltr'><strong>gero,</strong></span> 
     </span>
    </p>
   </div>
   <div class='ocr_carea' id='block_1_27' title="bbox 2013 1308 3577 1394">
    <p class='ocr_par' dir='ltr' id='par_1_27' title="bbox 2013 1308 3577 1394">
     <span class='ocr_line' id='line_1_27' title="bbox 2013 1308 3577 1394; baseline -0.014 -10"><span class='ocrx_word' id='word_1_188' title='bbox 2013 1338 2068 1384; x_wconf 83' lang='lat' dir='ltr'><strong>et</strong></span> <span class='ocrx_word' id='word_1_189' title='bbox 2094 1345 2215 1384; x_wconf 89' lang='lat' dir='ltr'><strong>sum</strong></span> <span class='ocrx_word' id='word_1_190' title='bbox 2247 1328 2441 1383; x_wconf 90' lang='lat' dir='ltr'><strong>sedens</strong></span> <span class='ocrx_word' id='word_1_191' title='bbox 2469 1340 2628 1394; x_wconf 85' lang='lat' dir='ltr'><strong>super</strong></span> <span class='ocrx_word' id='word_1_192' title='bbox 2656 1320 2966 1377; x_wconf 80' lang='lat' dir='ltr'><strong>cathedram</strong></span> <span class='ocrx_word' id='word_1_193' title='bbox 2996 1315 3165 1387; x_wconf 82' lang='lat' dir='ltr'><strong>Moysi</strong></span> <span class='ocrx_word' id='word_1_194' title='bbox 3198 1316 3352 1384; x_wconf 90' lang='lat' dir='ltr'><strong>quasi</strong></span> <span class='ocrx_word' id='word_1_195' title='bbox 3381 1308 3577 1364; x_wconf 91' lang='lat' dir='ltr'><strong>Scriba</strong></span> 
     </span>
    </p>
   </div>
   <div class='ocr_carea' id='block_1_28' title="bbox 2014 1401 3582 1483">
    <p class='ocr_par' dir='ltr' id='par_1_28' title="bbox 2014 1401 3582 1483">
     <span class='ocr_line' id='line_1_28' title="bbox 2014 1401 3582 1483; baseline -0.014 -9"><span class='ocrx_word' id='word_1_196' title='bbox 2014 1428 2067 1474; x_wconf 92' lang='lat' dir='ltr'><strong>et</strong></span> <span class='ocrx_word' id='word_1_197' title='bbox 2100 1420 2428 1473; x_wconf 75' lang='lat' dir='ltr'><strong>Pharisaeus.</strong></span> <span class='ocrx_word' id='word_1_198' title='bbox 2461 1415 2797 1483; x_wconf 65' lang='lat' dir='ltr'><strong>Praeceptum</strong></span> <span class='ocrx_word' id='word_1_199' title='bbox 2831 1411 2926 1464; x_wconf 88' lang='lat' dir='ltr'><strong>tibi</strong></span> <span class='ocrx_word' id='word_1_200' title='bbox 2963 1419 3068 1472; x_wconf 92' lang='lat' dir='ltr'><strong>est,</strong></span> <span class='ocrx_word' id='word_1_201' title='bbox 3097 1422 3130 1460; x_wconf 95' lang='lat' dir='ltr'><strong>o</strong></span> <span class='ocrx_word' id='word_1_202' title='bbox 3162 1404 3379 1474; x_wconf 86' lang='lat' dir='ltr'><strong>popule,</strong></span> <span class='ocrx_word' id='word_1_203' title='bbox 3404 1401 3582 1455; x_wconf 87' lang='lat' dir='ltr'><strong>sinon</strong></span> 
     </span>
    </p>
   </div>
   <div class='ocr_carea' id='block_1_29' title="bbox 2015 1491 3586 1568">
    <p class='ocr_par' dir='ltr' id='par_1_29' title="bbox 2015 1491 3586 1568">
     <span class='ocr_line' id='line_1_29' title="bbox 2015 1491 3586 1568; baseline -0.012 -3"><span class='ocrx_word' id='word_1_204' title='bbox 2015 1508 2271 1564; x_wconf 86' lang='lat' dir='ltr'><strong>habueris</strong></span> <span class='ocrx_word' id='word_1_205' title='bbox 2304 1505 2704 1562; x_wconf 83' lang='lat' dir='ltr'><strong>accusationem</strong></span> <span class='ocrx_word' id='word_1_206' title='bbox 2746 1500 3007 1556; x_wconf 77' lang='lat' dir='ltr'><strong>doctrinae</strong></span> <span class='ocrx_word' id='word_1_207' title='bbox 3047 1497 3327 1568; x_wconf 62' lang='lat' dir='ltr'><strong>pessima},</strong></span> <span class='ocrx_word' id='word_1_208' title='bbox 3367 1500 3417 1547; x_wconf 82' lang='lat' dir='ltr'><strong>et</strong></span> <span class='ocrx_word' id='word_1_209' title='bbox 3450 1491 3586 1546; x_wconf 87' lang='lat' dir='ltr'><strong>alie-</strong></span> 
     </span>
    </p>
   </div>
   <div class='ocr_carea' id='block_1_30' title="bbox 2014 1584 3584 1662">
    <p class='ocr_par' dir='ltr' id='par_1_30' title="bbox 2014 1584 3584 1662">
     <span class='ocr_line' id='line_1_30' title="bbox 2014 1584 3584 1662; baseline -0.012 -9"><span class='ocrx_word' id='word_1_210' title='bbox 2014 1613 2208 1653; x_wconf 85' lang='lat' dir='ltr'><strong>norum</strong></span> <span class='ocrx_word' id='word_1_211' title='bbox 2262 1596 2331 1651; x_wconf 90' lang='lat' dir='ltr'><strong>ab</strong></span> <span class='ocrx_word' id='word_1_212' title='bbox 2374 1593 2614 1650; x_wconf 87' lang='lat' dir='ltr'><strong>Ecclesia</strong></span> <span class='ocrx_word' id='word_1_213' title='bbox 2658 1593 2972 1662; x_wconf 84' lang='lat' dir='ltr'><strong>dogmatum</strong></span> <span class='ocrx_word' id='word_1_214' title='bbox 2997 1630 3012 1656; x_wconf 94' lang='lat'><strong>,</strong></span> <span class='ocrx_word' id='word_1_215' title='bbox 3055 1584 3406 1655; x_wconf 84' lang='lat' dir='ltr'><strong>conspexeris</strong></span> <span class='ocrx_word' id='word_1_216' title='bbox 3451 1596 3584 1636; x_wconf 89' lang='lat' dir='ltr'><strong>vero</strong></span> 
     </span>
    </p>
   </div>
   <div class='ocr_carea' id='block_1_31' title="bbox 2016 1685 3580 1759">
    <p class='ocr_par' dir='ltr' id='par_1_31' title="bbox 2016 1685 3580 1759">
     <span class='ocr_line' id='line_1_31' title="bbox 2016 1685 3580 1759; baseline -0.012 -14"><span class='ocrx_word' id='word_1_217' title='bbox 2016 1706 2191 1745; x_wconf 87' lang='lat' dir='ltr'><strong>meam</strong></span> <span class='ocrx_word' id='word_1_218' title='bbox 2236 1689 2562 1759; x_wconf 87' lang='lat' dir='ltr'><strong>culpabilem</strong></span> <span class='ocrx_word' id='word_1_219' title='bbox 2609 1688 2805 1750; x_wconf 89' lang='lat' dir='ltr'><strong>vitam,</strong></span> <span class='ocrx_word' id='word_1_220' title='bbox 2855 1692 3017 1753; x_wconf 87' lang='lat' dir='ltr'><strong>atque</strong></span> <span class='ocrx_word' id='word_1_221' title='bbox 3065 1691 3286 1752; x_wconf 88' lang='lat' dir='ltr'><strong>peccata</strong></span> <span class='ocrx_word' id='word_1_222' title='bbox 3324 1717 3340 1743; x_wconf 94' lang='lat'><strong>,</strong></span> <span class='ocrx_word' id='word_1_223' title='bbox 3372 1685 3431 1731; x_wconf 92' lang='lat' dir='ltr'><strong>ut</strong></span> <span class='ocrx_word' id='word_1_224' title='bbox 3470 1690 3580 1729; x_wconf 90' lang='lat' dir='ltr'><strong>non</strong></span> 
     </span>
    </p>
   </div>
   <div class='ocr_carea' id='block_1_32' title="bbox 2017 1767 3582 1850">
    <p class='ocr_par' dir='ltr' id='par_1_32' title="bbox 2017 1767 3582 1850">
     <span class='ocr_line' id='line_1_32' title="bbox 2017 1767 3582 1850; baseline -0.009 -16"><span class='ocrx_word' id='word_1_225' title='bbox 2017 1781 2218 1836; x_wconf 88' lang='lat' dir='ltr'><strong>habeas</strong></span> <span class='ocrx_word' id='word_1_226' title='bbox 2241 1781 2397 1850; x_wconf 86' lang='lat' dir='ltr'><strong>juxta</strong></span> <span class='ocrx_word' id='word_1_227' title='bbox 2428 1777 2659 1833; x_wconf 88' lang='lat' dir='ltr'><strong>dicentis</strong></span> <span class='ocrx_word' id='word_1_228' title='bbox 2690 1777 2856 1830; x_wconf 89' lang='lat' dir='ltr'><strong>vitam</strong></span> <span class='ocrx_word' id='word_1_229' title='bbox 2893 1783 3040 1828; x_wconf 91' lang='lat' dir='ltr'><strong>tuam</strong></span> <span class='ocrx_word' id='word_1_230' title='bbox 3071 1771 3374 1833; x_wconf 83' lang='lat' dir='ltr'><strong>instituere,</strong></span> <span class='ocrx_word' id='word_1_231' title='bbox 3400 1767 3493 1822; x_wconf 91' lang='lat' dir='ltr'><strong>sed</strong></span> <span class='ocrx_word' id='word_1_232' title='bbox 3517 1781 3582 1821; x_wconf 90' lang='lat' dir='ltr'><strong>ea</strong></span> 
     </span>
    </p>
   </div>
   <div class='ocr_carea' id='block_1_33' title="bbox 347 1861 3585 1953">
    <p class='ocr_par' dir='ltr' id='par_1_33' title="bbox 347 1861 3585 1953">
     <span class='ocr_line' id='line_1_33' title="bbox 347 1861 3585 1953; baseline -0.011 -6"><span class='ocrx_word' id='word_1_233' title='bbox 347 1861 686 1948; x_wconf 77' lang='lat' dir='ltr'><strong>audientium</strong></span> <span class='ocrx_word' id='word_1_234' title='bbox 720 1892 1028 1949; x_wconf 76' lang='lat' dir='ltr'><strong>faciliusex</strong></span> <span class='ocrx_word' id='word_1_235' title='bbox 1048 1861 1170 1950; x_wconf 72' lang='lat' dir='ltr'><strong>vita:</strong></span> <span class='ocrx_word' id='word_1_236' title='bbox 1200 1861 1912 1953; x_wconf 11' lang='lat' dir='ltr'><strong>bonitateﬁoi-natu&#39;s‘sermo</strong></span> <span class='ocrx_word' id='word_1_237' title='bbox 1946 1879 1986 1933; x_wconf 72' lang='grc' dir='ltr'><strong>Β</strong></span> <span class='ocrx_word' id='word_1_238' title='bbox 2015 1870 2198 1926; x_wconf 60' lang='lat' dir='ltr'><strong>facere</strong></span> <span class='ocrx_word' id='word_1_239' title='bbox 2229 1886 2350 1939; x_wconf 52' lang='lat' dir='ltr'><strong>qua?</strong></span> <span class='ocrx_word' id='word_1_240' title='bbox 2370 1871 2584 1941; x_wconf 79' lang='grc' dir='ltr'>ιοίιιιοι·-</span> <span class='ocrx_word' id='word_1_241' title='bbox 2608 1867 2828 1922; x_wconf 74' lang='lat' dir='ltr'><strong>Nullum</strong></span> <span class='ocrx_word' id='word_1_242' title='bbox 2853 1865 3153 1930; x_wconf 79' lang='lat' dir='ltr'><strong>imitemur,</strong></span> <span class='ocrx_word' id='word_1_243' title='bbox 3182 1861 3305 1918; x_wconf 91' lang='lat' dir='ltr'><strong>etsi</strong></span> <span class='ocrx_word' id='word_1_244' title='bbox 3329 1861 3585 1953; x_wconf 88' lang='lat' dir='ltr'><strong>volumus</strong></span> 
     </span>
    </p>
   </div>
   <div class='ocr_carea' id='block_1_34' title="bbox 347 1984 1917 2058">
    <p class='ocr_par' dir='ltr' id='par_1_34' title="bbox 347 1984 1917 2058">
     <span class='ocr_line' id='line_1_34' title="bbox 347 1984 1917 2058; baseline 0.003 -19"><span class='ocrx_word' id='word_1_245' title='bbox 347 1984 625 2055; x_wconf 85' lang='lat' dir='ltr'><strong>subrepat.</strong></span> <span class='ocrx_word' id='word_1_246' title='bbox 661 1984 871 2041; x_wconf 90' lang='lat' dir='ltr'><strong>Etcum</strong></span> <span class='ocrx_word' id='word_1_247' title='bbox 903 1986 1004 2041; x_wconf 91' lang='lat' dir='ltr'><strong>hoc</strong></span> <span class='ocrx_word' id='word_1_248' title='bbox 1033 1985 1256 2052; x_wconf 90' lang='lat' dir='ltr'><strong>fecerit,</strong></span> <span class='ocrx_word' id='word_1_249' title='bbox 1291 1988 1532 2058; x_wconf 84' lang='lat' dir='ltr'><strong>intelligo</strong></span> <span class='ocrx_word' id='word_1_250' title='bbox 1558 2006 1680 2044; x_wconf 90' lang='lat' dir='ltr'><strong>eum</strong></span> <span class='ocrx_word' id='word_1_251' title='bbox 1708 2006 1917 2046; x_wconf 88' lang='lat' dir='ltr'><strong>assum-</strong></span> 
     </span>
    </p>
   </div>
   <div class='ocr_carea' id='block_1_35' title="bbox 348 2076 1914 2147">
    <p class='ocr_par' dir='ltr' id='par_1_35' title="bbox 348 2076 1914 2147">
     <span class='ocr_line' id='line_1_35' title="bbox 348 2076 1914 2147; baseline 0.004 -16"><span class='ocrx_word' id='word_1_252' title='bbox 348 2076 526 2146; x_wconf 86' lang='lat' dir='ltr'><strong>psisse</strong></span> <span class='ocrx_word' id='word_1_253' title='bbox 571 2084 777 2132; x_wconf 83' lang='lat' dir='ltr'><strong>vestem</strong></span> <span class='ocrx_word' id='word_1_254' title='bbox 832 2077 1040 2132; x_wconf 86' lang='lat' dir='ltr'><strong>variam</strong></span> <span class='ocrx_word' id='word_1_255' title='bbox 1089 2094 1304 2133; x_wconf 87' lang='lat' dir='ltr'><strong>morum</strong></span> <span class='ocrx_word' id='word_1_256' title='bbox 1330 2121 1346 2147; x_wconf 96' lang='lat'><strong>,</strong></span> <span class='ocrx_word' id='word_1_257' title='bbox 1385 2090 1440 2136; x_wconf 90' lang='lat' dir='ltr'><strong>et</strong></span> <span class='ocrx_word' id='word_1_258' title='bbox 1483 2083 1914 2138; x_wconf 85' lang='lat' dir='ltr'><strong>conversationis</strong></span> 
     </span>
    </p>
   </div>
   <div class='ocr_carea' id='block_1_36' title="bbox 345 2168 1911 2244">
    <p class='ocr_par' dir='ltr' id='par_1_36' title="bbox 345 2168 1911 2244">
     <span class='ocr_line' id='line_1_36' title="bbox 345 2168 1911 2244; baseline 0.003 -19"><span class='ocrx_word' id='word_1_259' title='bbox 345 2168 567 2240; x_wconf 76' lang='lat' dir='ltr'><strong>Optimae</strong></span> <span class='ocrx_word' id='word_1_260' title='bbox 590 2209 607 2235; x_wconf 92' lang='lat'><strong>,</strong></span> <span class='ocrx_word' id='word_1_261' title='bbox 640 2179 695 2227; x_wconf 89' lang='lat' dir='ltr'><strong>et</strong></span> <span class='ocrx_word' id='word_1_262' title='bbox 745 2170 904 2226; x_wconf 86' lang='lat' dir='ltr'><strong>idolis</strong></span> <span class='ocrx_word' id='word_1_263' title='bbox 938 2170 1237 2241; x_wconf 89' lang='lat' dir='ltr'><strong>subjecisse</strong></span> <span class='ocrx_word' id='word_1_264' title='bbox 1277 2188 1398 2243; x_wconf 85' lang='lat' dir='ltr'><strong>quae</strong></span> <span class='ocrx_word' id='word_1_265' title='bbox 1435 2174 1549 2244; x_wconf 86' lang='lat' dir='ltr'><strong>ipse</strong></span> <span class='ocrx_word' id='word_1_266' title='bbox 1586 2176 1911 2230; x_wconf 76' lang='lat' dir='ltr'><strong>construxit.</strong></span> 
     </span>
    </p>
   </div>
   <div class='ocr_carea' id='block_1_37' title="bbox 347 2262 1916 2335">
    <p class='ocr_par' dir='ltr' id='par_1_37' title="bbox 347 2262 1916 2335">
     <span class='ocr_line' id='line_1_37' title="bbox 347 2262 1916 2335; baseline 0.003 -17"><span class='ocrx_word' id='word_1_267' title='bbox 347 2262 426 2318; x_wconf 77' lang='lat' dir='ltr'><strong>Ae</strong></span> <span class='ocrx_word' id='word_1_268' title='bbox 441 2263 598 2334; x_wconf 77' lang='lat' dir='ltr'><strong>juxta</strong></span> <span class='ocrx_word' id='word_1_269' title='bbox 626 2264 736 2319; x_wconf 88' lang='lat' dir='ltr'><strong>mei</strong></span> <span class='ocrx_word' id='word_1_270' title='bbox 759 2265 975 2335; x_wconf 87' lang='lat' dir='ltr'><strong>quidem</strong></span> <span class='ocrx_word' id='word_1_271' title='bbox 1001 2266 1165 2321; x_wconf 88' lang='lat' dir='ltr'><strong>animi</strong></span> <span class='ocrx_word' id='word_1_272' title='bbox 1189 2283 1410 2323; x_wconf 90' lang='lat' dir='ltr'><strong>sensum</strong></span> <span class='ocrx_word' id='word_1_273' title='bbox 1435 2268 1607 2323; x_wconf 87' lang='lat' dir='ltr'><strong>multo</strong></span> <span class='ocrx_word' id='word_1_274' title='bbox 1632 2270 1916 2324; x_wconf 88' lang='lat' dir='ltr'><strong>nocentior</strong></span> 
     </span>
    </p>
   </div>
   <div class='ocr_carea' id='block_1_38' title="bbox 266 2357 1913 2430">
    <p class='ocr_par' dir='ltr' id='par_1_38' title="bbox 266 2357 1913 2430">
     <span class='ocr_line' id='line_1_38' title="bbox 266 2357 1913 2430; baseline 0.004 -21"><span class='ocrx_word' id='word_1_275' title='bbox 266 2381 273 2388; x_wconf 94' lang='lat'><em>-</em></span> <span class='ocrx_word' id='word_1_276' title='bbox 346 2366 429 2411; x_wconf 91' lang='lat' dir='ltr'><strong>est</strong></span> <span class='ocrx_word' id='word_1_277' title='bbox 464 2357 758 2413; x_wconf 84' lang='lat' dir='ltr'><strong>haereticus</strong></span> <span class='ocrx_word' id='word_1_278' title='bbox 781 2357 937 2413; x_wconf 76' lang='lat' dir='ltr'><strong>bona:</strong></span> <span class='ocrx_word' id='word_1_279' title='bbox 975 2359 1121 2427; x_wconf 69' lang='lat' dir='ltr'><strong>vitae,</strong></span> <span class='ocrx_word' id='word_1_280' title='bbox 1159 2368 1213 2413; x_wconf 88' lang='lat' dir='ltr'><strong>et</strong></span> <span class='ocrx_word' id='word_1_281' title='bbox 1255 2359 1377 2430; x_wconf 79' lang='lat' dir='ltr'><strong>plus</strong></span> <span class='ocrx_word' id='word_1_282' title='bbox 1429 2361 1484 2415; x_wconf 91' lang='lat' dir='ltr'><strong>in</strong></span> <span class='ocrx_word' id='word_1_283' title='bbox 1529 2361 1774 2417; x_wconf 89' lang='lat' dir='ltr'><strong>doctrina</strong></span> <span class='ocrx_word' id='word_1_284' title='bbox 1814 2376 1913 2417; x_wconf 89' lang='lat' dir='ltr'><strong>sua</strong></span> 
     </span>
    </p>
   </div>
   <div class='ocr_carea' id='block_1_39' title="bbox 351 2446 1914 2521">
    <p class='ocr_par' dir='ltr' id='par_1_39' title="bbox 351 2446 1914 2521">
     <span class='ocr_line' id='line_1_39' title="bbox 351 2446 1914 2521; baseline 0.006 -21"><span class='ocrx_word' id='word_1_285' title='bbox 351 2446 516 2503; x_wconf 85' lang='lat' dir='ltr'><strong>habet</strong></span> <span class='ocrx_word' id='word_1_286' title='bbox 542 2449 881 2505; x_wconf 86' lang='lat' dir='ltr'><strong>auctoritatis</strong></span> <span class='ocrx_word' id='word_1_287' title='bbox 919 2464 985 2505; x_wconf 90' lang='lat' dir='ltr'><strong>eo</strong></span> <span class='ocrx_word' id='word_1_288' title='bbox 1013 2451 1107 2521; x_wconf 84' lang='lat' dir='ltr'><strong>qui</strong></span> <span class='ocrx_word' id='word_1_289' title='bbox 1149 2451 1452 2507; x_wconf 88' lang='lat' dir='ltr'><strong>doctrinam</strong></span> <span class='ocrx_word' id='word_1_290' title='bbox 1498 2453 1914 2509; x_wconf 87' lang='lat' dir='ltr'><strong>conversatione</strong></span> 
     </span>
    </p>
   </div>
   <div class='ocr_carea' id='block_1_40' title="bbox 345 2539 1915 2614">
    <p class='ocr_par' dir='ltr' id='par_1_40' title="bbox 345 2539 1915 2614">
     <span class='ocr_line' id='line_1_40' title="bbox 345 2539 1915 2614; baseline 0.006 -20"><span class='ocrx_word' id='word_1_291' title='bbox 345 2541 603 2596; x_wconf 87' lang='lat' dir='ltr'><strong>maculet.</strong></span> <span class='ocrx_word' id='word_1_292' title='bbox 649 2539 757 2607; x_wconf 87' lang='lat' dir='ltr'><strong>Qui</strong></span> <span class='ocrx_word' id='word_1_293' title='bbox 784 2542 929 2596; x_wconf 87' lang='lat' dir='ltr'><strong>enim</strong></span> <span class='ocrx_word' id='word_1_294' title='bbox 974 2543 1099 2597; x_wconf 64' lang='lat' dir='ltr'><strong>vitae</strong></span> <span class='ocrx_word' id='word_1_295' title='bbox 1148 2545 1398 2614; x_wconf 67' lang='lat' dir='ltr'><strong>pessimae</strong></span> <span class='ocrx_word' id='word_1_296' title='bbox 1447 2554 1563 2614; x_wconf 89' lang='lat' dir='ltr'><strong>est,</strong></span> <span class='ocrx_word' id='word_1_297' title='bbox 1616 2561 1725 2600; x_wconf 91' lang='lat' dir='ltr'><strong>non</strong></span> <span class='ocrx_word' id='word_1_298' title='bbox 1754 2546 1915 2603; x_wconf 84' lang='lat' dir='ltr'><strong>facile</strong></span> 
     </span>
    </p>
   </div>
   <div class='ocr_carea' id='block_1_41' title="bbox 344 2630 1916 2708">
    <p class='ocr_par' dir='ltr' id='par_1_41' title="bbox 344 2630 1916 2708">
     <span class='ocr_line' id='line_1_41' title="bbox 344 2630 1916 2708; baseline 0.006 -25"><span class='ocrx_word' id='word_1_299' title='bbox 344 2630 598 2686; x_wconf 83' lang='lat' dir='ltr'><strong>homines</strong></span> <span class='ocrx_word' id='word_1_300' title='bbox 630 2632 698 2685; x_wconf 89' lang='lat' dir='ltr'><strong>ad</strong></span> <span class='ocrx_word' id='word_1_301' title='bbox 720 2630 920 2688; x_wconf 85' lang='lat' dir='ltr'><strong>falsum</strong></span> <span class='ocrx_word' id='word_1_302' title='bbox 941 2632 1138 2704; x_wconf 88' lang='lat' dir='ltr'><strong>dogma</strong></span> <span class='ocrx_word' id='word_1_303' title='bbox 1173 2635 1462 2702; x_wconf 89' lang='lat' dir='ltr'><strong>sollicitat,</strong></span> <span class='ocrx_word' id='word_1_304' title='bbox 1493 2653 1593 2693; x_wconf 90' lang='lat' dir='ltr'><strong>nec</strong></span> <span class='ocrx_word' id='word_1_305' title='bbox 1617 2648 1791 2707; x_wconf 90' lang='lat' dir='ltr'><strong>potest</strong></span> <span class='ocrx_word' id='word_1_306' title='bbox 1819 2653 1916 2708; x_wconf 91' lang='lat' dir='ltr'><strong>per</strong></span> 
     </span>
    </p>
   </div>
   <div class='ocr_carea' id='block_1_42' title="bbox 345 2719 1913 2795">
    <p class='ocr_par' dir='ltr' id='par_1_42' title="bbox 345 2719 1913 2795">
     <span class='ocr_line' id='line_1_42' title="bbox 345 2719 1913 2795; baseline 0.006 -24"><span class='ocrx_word' id='word_1_307' title='bbox 345 2719 597 2773; x_wconf 83' lang='lat' dir='ltr'><strong>umbram</strong></span> <span class='ocrx_word' id='word_1_308' title='bbox 627 2720 931 2777; x_wconf 87' lang='lat' dir='ltr'><strong>sanctitatis</strong></span> <span class='ocrx_word' id='word_1_309' title='bbox 950 2722 1289 2777; x_wconf 88' lang='lat' dir='ltr'><strong>audientium</strong></span> <span class='ocrx_word' id='word_1_310' title='bbox 1318 2724 1568 2795; x_wconf 84' lang='lat' dir='ltr'><strong>decipere</strong></span> <span class='ocrx_word' id='word_1_311' title='bbox 1591 2724 1913 2795; x_wconf 82' lang='lat' dir='ltr'><strong>simplicita-</strong></span> 
     </span>
    </p>
   </div>
   <div class='ocr_carea' id='block_1_43' title="bbox 345 2809 1914 2887">
    <p class='ocr_par' dir='ltr' id='par_1_43' title="bbox 345 2809 1914 2887">
     <span class='ocr_line' id='line_1_43' title="bbox 345 2809 1914 2887; baseline 0.005 -23"><span class='ocrx_word' id='word_1_312' title='bbox 345 2818 483 2868; x_wconf 87' lang='lat' dir='ltr'><strong>tem.</strong></span> <span class='ocrx_word' id='word_1_313' title='bbox 509 2809 615 2876; x_wconf 83' lang='lat' dir='ltr'><strong>Qui</strong></span> <span class='ocrx_word' id='word_1_314' title='bbox 642 2825 773 2865; x_wconf 87' lang='lat' dir='ltr'><strong>vero</strong></span> <span class='ocrx_word' id='word_1_315' title='bbox 798 2826 1047 2868; x_wconf 84' lang='lat' dir='ltr'><strong>sermone</strong></span> <span class='ocrx_word' id='word_1_316' title='bbox 1070 2829 1358 2883; x_wconf 88' lang='lat' dir='ltr'><strong>perversus</strong></span> <span class='ocrx_word' id='word_1_317' title='bbox 1378 2826 1492 2881; x_wconf 90' lang='lat' dir='ltr'><strong>est,</strong></span> <span class='ocrx_word' id='word_1_318' title='bbox 1521 2824 1576 2871; x_wconf 90' lang='lat' dir='ltr'><strong>et</strong></span> <span class='ocrx_word' id='word_1_319' title='bbox 1609 2815 1914 2887; x_wconf 81' lang='lat' dir='ltr'><strong>disciplinis</strong></span> 
     </span>
    </p>
   </div>
   <div class='ocr_carea' id='block_1_44' title="bbox 348 2900 1911 2978">
    <p class='ocr_par' dir='ltr' id='par_1_44' title="bbox 348 2900 1911 2978">
     <span class='ocr_line' id='line_1_44' title="bbox 348 2900 1911 2978; baseline 0.005 -23"><span class='ocrx_word' id='word_1_320' title='bbox 348 2900 517 2955; x_wconf 89' lang='lat' dir='ltr'><strong>saluti</strong></span> <span class='ocrx_word' id='word_1_321' title='bbox 551 2903 881 2967; x_wconf 84' lang='lat' dir='ltr'><strong>contrarius,</strong></span> <span class='ocrx_word' id='word_1_322' title='bbox 913 2918 1093 2959; x_wconf 87' lang='lat' dir='ltr'><strong>mores</strong></span> <span class='ocrx_word' id='word_1_323' title='bbox 1114 2915 1295 2961; x_wconf 91' lang='lat' dir='ltr'><strong>autem</strong></span> <span class='ocrx_word' id='word_1_324' title='bbox 1319 2909 1649 2978; x_wconf 87' lang='lat' dir='ltr'><strong>compositos</strong></span> <span class='ocrx_word' id='word_1_325' title='bbox 1672 2916 1727 2974; x_wconf 86' lang='lat' dir='ltr'><strong>et</strong></span> <span class='ocrx_word' id='word_1_326' title='bbox 1745 2922 1911 2963; x_wconf 84' lang='lat' dir='ltr'><strong>orna-</strong></span> 
     </span>
    </p>
   </div>
   <div class='ocr_carea' id='block_1_45' title="bbox 346 2992 1911 3072">
    <p class='ocr_par' dir='ltr' id='par_1_45' title="bbox 346 2992 1911 3072">
     <span class='ocr_line' id='line_1_45' title="bbox 346 2992 1911 3072; baseline 0.007 -25"><span class='ocrx_word' id='word_1_327' title='bbox 346 3000 436 3047; x_wconf 91' lang='lat' dir='ltr'><strong>tos</strong></span> <span class='ocrx_word' id='word_1_328' title='bbox 464 2992 661 3059; x_wconf 86' lang='lat' dir='ltr'><strong>habet,</strong></span> <span class='ocrx_word' id='word_1_329' title='bbox 687 2996 822 3052; x_wconf 93' lang='lat' dir='ltr'><strong>nihil</strong></span> <span class='ocrx_word' id='word_1_330' title='bbox 844 2997 1176 3066; x_wconf 86' lang='lat' dir='ltr'><strong>facitaliud,</strong></span> <span class='ocrx_word' id='word_1_331' title='bbox 1214 3000 1319 3056; x_wconf 90' lang='lat' dir='ltr'><strong>nisi</strong></span> <span class='ocrx_word' id='word_1_332' title='bbox 1359 3001 1556 3072; x_wconf 87' lang='lat' dir='ltr'><strong>accipit</strong></span> <span class='ocrx_word' id='word_1_333' title='bbox 1594 3002 1911 3069; x_wconf 76' lang='lat' dir='ltr'><strong>indumenta</strong></span> 
     </span>
    </p>
   </div>
   <div class='ocr_carea' id='block_1_46' title="bbox 345 3084 1911 3170">
    <p class='ocr_par' dir='ltr' id='par_1_46' title="bbox 345 3084 1911 3170">
     <span class='ocr_line' id='line_1_46' title="bbox 345 3084 1911 3170; baseline 0.009 -34"><span class='ocrx_word' id='word_1_334' title='bbox 345 3084 500 3138; x_wconf 82' lang='lat' dir='ltr'><strong>varia</strong></span> <span class='ocrx_word' id='word_1_335' title='bbox 533 3085 766 3143; x_wconf 88' lang='lat' dir='ltr'><strong>instituti</strong></span> <span class='ocrx_word' id='word_1_336' title='bbox 799 3089 958 3158; x_wconf 90' lang='lat' dir='ltr'><strong>boni,</strong></span> <span class='ocrx_word' id='word_1_337' title='bbox 1002 3099 1058 3147; x_wconf 90' lang='lat' dir='ltr'><strong>et</strong></span> <span class='ocrx_word' id='word_1_338' title='bbox 1098 3094 1535 3161; x_wconf 69' lang='lat' dir='ltr'><strong>conversationis,</strong></span> <span class='ocrx_word' id='word_1_339' title='bbox 1573 3096 1770 3170; x_wconf 88' lang='lat' dir='ltr'><strong>quietae</strong></span> <span class='ocrx_word' id='word_1_340' title='bbox 1794 3136 1810 3160; x_wconf 92' lang='lat'><strong>,</strong></span> <span class='ocrx_word' id='word_1_341' title='bbox 1854 3104 1911 3152; x_wconf 91' lang='lat' dir='ltr'><strong>et</strong></span> 
     </span>
    </p>
   </div>
   <div class='ocr_carea' id='block_1_47' title="bbox 342 3176 1983 3271">
    <p class='ocr_par' dir='ltr' id='par_1_47' title="bbox 342 3176 1983 3271">
     <span class='ocr_line' id='line_1_47' title="bbox 342 3176 1983 3271; baseline 0.009 -40"><span class='ocrx_word' id='word_1_342' title='bbox 342 3176 652 3271; x_wconf 78' lang='lat' dir='ltr'><strong>circumdat</strong></span> <span class='ocrx_word' id='word_1_343' title='bbox 681 3195 745 3237; x_wconf 88' lang='lat' dir='ltr'><strong>ea</strong></span> <span class='ocrx_word' id='word_1_344' title='bbox 776 3181 938 3239; x_wconf 89' lang='lat' dir='ltr'><strong>idolis</strong></span> <span class='ocrx_word' id='word_1_345' title='bbox 971 3184 1107 3249; x_wconf 90' lang='lat' dir='ltr'><strong>suis,</strong></span> <span class='ocrx_word' id='word_1_346' title='bbox 1144 3194 1200 3240; x_wconf 89' lang='lat' dir='ltr'><strong>ut</strong></span> <span class='ocrx_word' id='word_1_347' title='bbox 1234 3187 1411 3257; x_wconf 81' lang='lat' dir='ltr'><strong>magis.</strong></span> <span class='ocrx_word' id='word_1_348' title='bbox 1429 3176 1665 3271; x_wconf 84' lang='lat' dir='ltr'><strong>decipiat</strong></span> <span class='ocrx_word' id='word_1_349' title='bbox 1686 3189 1910 3244; x_wconf 76' lang='lat' dir='ltr'><strong>audien-</strong></span> <span class='ocrx_word' id='word_1_350' title='bbox 1938 3208 1983 3267; x_wconf 70' lang='grc' dir='ltr'>α</span> 
     </span>
    </p>
   </div>
   <div class='ocr_carea' id='block_1_48' title="bbox 347 3268 1914 3352">
    <p class='ocr_par' dir='ltr' id='par_1_48' title="bbox 347 3268 1914 3352">
     <span class='ocr_line' id='line_1_48' title="bbox 347 3268 1914 3352; baseline 0.009 -30"><span class='ocrx_word' id='word_1_351' title='bbox 347 3276 449 3323; x_wconf 86' lang='lat' dir='ltr'><strong>tes.</strong></span> <span class='ocrx_word' id='word_1_352' title='bbox 470 3268 681 3326; x_wconf 85' lang='lat' dir='ltr'><strong>idcirco</strong></span> <span class='ocrx_word' id='word_1_353' title='bbox 713 3274 945 3330; x_wconf 89' lang='lat' dir='ltr'><strong>sollicite</strong></span> <span class='ocrx_word' id='word_1_354' title='bbox 971 3292 1262 3334; x_wconf 87' lang='lat' dir='ltr'><strong>caveamus</strong></span> <span class='ocrx_word' id='word_1_355' title='bbox 1311 3268 1617 3349; x_wconf 76' lang='lat' dir='ltr'><strong>haereticos,</strong></span> <span class='ocrx_word' id='word_1_356' title='bbox 1647 3281 1740 3352; x_wconf 91' lang='lat' dir='ltr'><strong>qui</strong></span> <span class='ocrx_word' id='word_1_357' title='bbox 1780 3297 1914 3338; x_wconf 89' lang='lat' dir='ltr'><strong>con-</strong></span> 
     </span>
    </p>
   </div>
   <div class='ocr_carea' id='block_1_49' title="bbox 345 3361 1912 3440">
    <p class='ocr_par' dir='ltr' id='par_1_49' title="bbox 345 3361 1912 3440">
     <span class='ocr_line' id='line_1_49' title="bbox 345 3361 1912 3440; baseline 0.011 -28"><span class='ocrx_word' id='word_1_358' title='bbox 345 3361 673 3419; x_wconf 76' lang='lat' dir='ltr'><strong>versationis</strong></span> <span class='ocrx_word' id='word_1_359' title='bbox 701 3365 1104 3437; x_wconf 59' lang='lat' dir='ltr'><strong>optimmsunt,</strong></span> <span class='ocrx_word' id='word_1_360' title='bbox 1134 3385 1374 3440; x_wconf 72' lang='lat' dir='ltr'><strong>quorum</strong></span> <span class='ocrx_word' id='word_1_361' title='bbox 1408 3370 1548 3439; x_wconf 82' lang='lat' dir='ltr'><strong>forte</strong></span> <span class='ocrx_word' id='word_1_362' title='bbox 1592 3373 1758 3428; x_wconf 87' lang='lat' dir='ltr'><strong>vitam</strong></span> <span class='ocrx_word' id='word_1_363' title='bbox 1802 3389 1912 3430; x_wconf 88' lang='lat' dir='ltr'><strong>non</strong></span> 
     </span>
    </p>
   </div>
   <div class='ocr_carea' id='block_1_50' title="bbox 345 3451 1912 3536">
    <p class='ocr_par' dir='ltr' id='par_1_50' title="bbox 345 3451 1912 3536">
     <span class='ocr_line' id='line_1_50' title="bbox 345 3451 1912 3536; baseline 0.012 -32"><span class='ocrx_word' id='word_1_364' title='bbox 345 3460 455 3506; x_wconf 90' lang='lat' dir='ltr'><strong>tam</strong></span> <span class='ocrx_word' id='word_1_365' title='bbox 478 3451 622 3510; x_wconf 90' lang='lat' dir='ltr'><strong>Deus</strong></span> <span class='ocrx_word' id='word_1_366' title='bbox 643 3471 808 3526; x_wconf 89' lang='lat' dir='ltr'><strong>quam</strong></span> <span class='ocrx_word' id='word_1_367' title='bbox 840 3459 1094 3517; x_wconf 91' lang='lat' dir='ltr'><strong>diabolus</strong></span> <span class='ocrx_word' id='word_1_368' title='bbox 1127 3461 1403 3518; x_wconf 84' lang='lat' dir='ltr'><strong>instruxit.</strong></span> <span class='ocrx_word' id='word_1_369' title='bbox 1454 3463 1589 3519; x_wconf 84' lang='lat' dir='ltr'><strong>Nam</strong></span> <span class='ocrx_word' id='word_1_370' title='bbox 1636 3466 1912 3536; x_wconf 90' lang='lat' dir='ltr'><strong>quomodo</strong></span> 
     </span>
    </p>
   </div>
   <div class='ocr_carea' id='block_1_51' title="bbox 344 3545 1914 3630">
    <p class='ocr_par' dir='ltr' id='par_1_51' title="bbox 344 3545 1914 3630">
     <span class='ocr_line' id='line_1_51' title="bbox 344 3545 1914 3630; baseline 0.01 -33"><span class='ocrx_word' id='word_1_371' title='bbox 344 3545 610 3614; x_wconf 87' lang='lat' dir='ltr'><strong>quasdam</strong></span> <span class='ocrx_word' id='word_1_372' title='bbox 636 3548 916 3608; x_wconf 88' lang='lat' dir='ltr'><strong>illecebras</strong></span> <span class='ocrx_word' id='word_1_373' title='bbox 948 3567 1198 3608; x_wconf 82' lang='lat' dir='ltr'><strong>escarum</strong></span> <span class='ocrx_word' id='word_1_374' title='bbox 1229 3569 1468 3630; x_wconf 74' lang='lat' dir='ltr'><strong>aucupes</strong></span> <span class='ocrx_word' id='word_1_375' title='bbox 1487 3563 1820 3626; x_wconf 88' lang='lat' dir='ltr'><strong>proponunt,</strong></span> <span class='ocrx_word' id='word_1_376' title='bbox 1853 3566 1914 3612; x_wconf 92' lang='lat' dir='ltr'><strong>ut</strong></span> 
     </span>
    </p>
   </div>
   <div class='ocr_carea' id='block_1_52' title="bbox 347 3634 1910 3718">
    <p class='ocr_par' dir='ltr' id='par_1_52' title="bbox 347 3634 1910 3718">
     <span class='ocr_line' id='line_1_52' title="bbox 347 3634 1910 3718; baseline 0.01 -29"><span class='ocrx_word' id='word_1_377' title='bbox 347 3634 565 3694; x_wconf 89' lang='lat' dir='ltr'><strong>facilius</strong></span> <span class='ocrx_word' id='word_1_378' title='bbox 593 3654 720 3696; x_wconf 86' lang='lat' dir='ltr'><strong>aves</strong></span> <span class='ocrx_word' id='word_1_379' title='bbox 750 3642 968 3712; x_wconf 82' lang='lat' dir='ltr'><strong>capiant</strong></span> <span class='ocrx_word' id='word_1_380' title='bbox 994 3659 1092 3714; x_wconf 88' lang='lat' dir='ltr'><strong>per</strong></span> <span class='ocrx_word' id='word_1_381' title='bbox 1116 3645 1571 3702; x_wconf 87' lang='lat' dir='ltr'><strong>oblectamentum</strong></span> <span class='ocrx_word' id='word_1_382' title='bbox 1599 3649 1738 3718; x_wconf 87' lang='lat' dir='ltr'><strong>gulae</strong></span> <span class='ocrx_word' id='word_1_383' title='bbox 1756 3687 1773 3714; x_wconf 96' lang='lat'><strong>,</strong></span> <span class='ocrx_word' id='word_1_384' title='bbox 1808 3649 1910 3715; x_wconf 89' lang='lat' dir='ltr'><strong>sic,</strong></span> 
     </span>
    </p>
   </div>
   <div class='ocr_carea' id='block_1_53' title="bbox 348 3730 1913 3811">
    <p class='ocr_par' dir='ltr' id='par_1_53' title="bbox 348 3730 1913 3811">
     <span class='ocr_line' id='line_1_53' title="bbox 348 3730 1913 3811; baseline 0.01 -29"><span class='ocrx_word' id='word_1_385' title='bbox 348 3737 410 3782; x_wconf 79' lang='lat' dir='ltr'><strong>ut</strong></span> <span class='ocrx_word' id='word_1_386' title='bbox 441 3730 704 3788; x_wconf 89' lang='lat' dir='ltr'><strong>audacius</strong></span> <span class='ocrx_word' id='word_1_387' title='bbox 728 3732 940 3803; x_wconf 86' lang='lat' dir='ltr'><strong>dicam,</strong></span> <span class='ocrx_word' id='word_1_388' title='bbox 973 3745 1058 3793; x_wconf 90' lang='lat' dir='ltr'><strong>est</strong></span> <span class='ocrx_word' id='word_1_389' title='bbox 1078 3738 1323 3807; x_wconf 62' lang='lat' dir='ltr'><strong>quaedam</strong></span> <span class='ocrx_word' id='word_1_390' title='bbox 1361 3739 1628 3796; x_wconf 88' lang='lat' dir='ltr'><strong>castitatis</strong></span> <span class='ocrx_word' id='word_1_391' title='bbox 1672 3740 1913 3811; x_wconf 87' lang='lat' dir='ltr'><strong>diaboli,</strong></span> 
     </span>
    </p>
   </div>
   <div class='ocr_carea' id='block_1_54' title="bbox 347 3821 1914 3905">
    <p class='ocr_par' dir='ltr' id='par_1_54' title="bbox 347 3821 1914 3905">
     <span class='ocr_line' id='line_1_54' title="bbox 347 3821 1914 3905; baseline 0.01 -29"><span class='ocrx_word' id='word_1_392' title='bbox 347 3821 401 3878; x_wconf 87' lang='lat' dir='ltr'><strong>id</strong></span> <span class='ocrx_word' id='word_1_393' title='bbox 425 3831 510 3882; x_wconf 87' lang='lat' dir='ltr'><strong>est</strong></span> <span class='ocrx_word' id='word_1_394' title='bbox 558 3825 806 3898; x_wconf 89' lang='lat' dir='ltr'><strong>decipula</strong></span> <span class='ocrx_word' id='word_1_395' title='bbox 834 3829 1088 3888; x_wconf 68' lang='lat' dir='ltr'><strong>humanae</strong></span> <span class='ocrx_word' id='word_1_396' title='bbox 1115 3833 1331 3898; x_wconf 68' lang='lat' dir='ltr'><strong>animae,</strong></span> <span class='ocrx_word' id='word_1_397' title='bbox 1372 3841 1432 3889; x_wconf 87' lang='lat' dir='ltr'><strong>ut</strong></span> <span class='ocrx_word' id='word_1_398' title='bbox 1468 3849 1565 3905; x_wconf 87' lang='lat' dir='ltr'><strong>per</strong></span> <span class='ocrx_word' id='word_1_399' title='bbox 1605 3834 1914 3892; x_wconf 88' lang='lat' dir='ltr'><strong>istiusmodi</strong></span> 
     </span>
    </p>
   </div>
   <div class='ocr_carea' id='block_1_55' title="bbox 345 3917 1916 3998">
    <p class='ocr_par' dir='ltr' id='par_1_55' title="bbox 345 3917 1916 3998">
     <span class='ocr_line' id='line_1_55' title="bbox 345 3917 1916 3998; baseline 0.008 -28"><span class='ocrx_word' id='word_1_400' title='bbox 345 3917 690 3986; x_wconf 82' lang='lat' dir='ltr'><strong>castitatem,</strong></span> <span class='ocrx_word' id='word_1_401' title='bbox 734 3929 788 3975; x_wconf 90' lang='lat' dir='ltr'><strong>et</strong></span> <span class='ocrx_word' id='word_1_402' title='bbox 817 3925 1321 3991; x_wconf 87' lang='lat' dir='ltr'><strong>mansuetudinem,</strong></span> <span class='ocrx_word' id='word_1_403' title='bbox 1351 3927 1692 3997; x_wconf 86' lang='lat' dir='ltr'><strong>etjustitiam</strong></span> <span class='ocrx_word' id='word_1_404' title='bbox 1739 3928 1916 3998; x_wconf 91' lang='lat' dir='ltr'><strong>possit</strong></span> 
     </span>
    </p>
   </div>
   <div class='ocr_carea' id='block_1_56' title="bbox 346 4005 1914 4080">
    <p class='ocr_par' dir='ltr' id='par_1_56' title="bbox 346 4005 1914 4080">
     <span class='ocr_line' id='line_1_56' title="bbox 346 4005 1914 4080; baseline 0.008 -19"><span class='ocrx_word' id='word_1_405' title='bbox 346 4005 563 4065; x_wconf 81' lang='lat' dir='ltr'><strong>facilius</strong></span> <span class='ocrx_word' id='word_1_406' title='bbox 592 4025 808 4080; x_wconf 88' lang='lat' dir='ltr'><strong>capere,</strong></span> <span class='ocrx_word' id='word_1_407' title='bbox 837 4020 893 4067; x_wconf 88' lang='lat' dir='ltr'><strong>et</strong></span> <span class='ocrx_word' id='word_1_408' title='bbox 920 4012 1071 4070; x_wconf 86' lang='lat' dir='ltr'><strong>falsis</strong></span> <span class='ocrx_word' id='word_1_409' title='bbox 1093 4017 1438 4073; x_wconf 85' lang='lat' dir='ltr'><strong>sermonibus</strong></span> <span class='ocrx_word' id='word_1_410' title='bbox 1467 4016 1703 4074; x_wconf 89' lang='lat' dir='ltr'><strong>irretire.</strong></span> <span class='ocrx_word' id='word_1_411' title='bbox 1732 4017 1914 4075; x_wconf 87' lang='lat' dir='ltr'><strong>Diver-</strong></span> 
     </span>
    </p>
   </div>
   <div class='ocr_carea' id='block_1_57' title="bbox 346 4101 1915 4182">
    <p class='ocr_par' dir='ltr' id='par_1_57' title="bbox 346 4101 1915 4182">
     <span class='ocr_line' id='line_1_57' title="bbox 346 4101 1915 4182; baseline 0.009 -28"><span class='ocrx_word' id='word_1_412' title='bbox 346 4101 426 4156; x_wconf 86' lang='lat' dir='ltr'><strong>sis</strong></span> <span class='ocrx_word' id='word_1_413' title='bbox 471 4103 720 4160; x_wconf 83' lang='lat' dir='ltr'><strong>diabolus</strong></span> <span class='ocrx_word' id='word_1_414' title='bbox 769 4114 977 4177; x_wconf 84' lang='lat' dir='ltr'><strong>pugnat</strong></span> <span class='ocrx_word' id='word_1_415' title='bbox 1024 4107 1274 4176; x_wconf 90' lang='lat' dir='ltr'><strong>insidiis,</strong></span> <span class='ocrx_word' id='word_1_416' title='bbox 1318 4117 1374 4164; x_wconf 92' lang='lat' dir='ltr'><strong>ut</strong></span> <span class='ocrx_word' id='word_1_417' title='bbox 1423 4110 1685 4166; x_wconf 73' lang='lat' dir='ltr'><strong>miserum</strong></span> <span class='ocrx_word' id='word_1_418' title='bbox 1721 4110 1915 4182; x_wconf 87' lang='lat' dir='ltr'><strong>perdat</strong></span> 
     </span>
    </p>
   </div>
   <div class='ocr_carea' id='block_1_58' title="bbox 346 4191 1913 4258">
    <p class='ocr_par' dir='ltr' id='par_1_58' title="bbox 346 4191 1913 4258">
     <span class='ocr_line' id='line_1_58' title="bbox 346 4191 1913 4258; baseline 0.009 -13"><span class='ocrx_word' id='word_1_419' title='bbox 346 4191 658 4258; x_wconf 89' lang='lat' dir='ltr'><strong>hominem,</strong></span> <span class='ocrx_word' id='word_1_420' title='bbox 690 4206 746 4252; x_wconf 87' lang='lat' dir='ltr'><strong>et</strong></span> <span class='ocrx_word' id='word_1_421' title='bbox 775 4198 975 4253; x_wconf 91' lang='lat' dir='ltr'><strong>bonam</strong></span> <span class='ocrx_word' id='word_1_422' title='bbox 1000 4199 1160 4255; x_wconf 87' lang='lat' dir='ltr'><strong>malis</strong></span> <span class='ocrx_word' id='word_1_423' title='bbox 1198 4201 1387 4256; x_wconf 89' lang='lat' dir='ltr'><strong>tribuit</strong></span> <span class='ocrx_word' id='word_1_424' title='bbox 1431 4202 1597 4257; x_wconf 88' lang='lat' dir='ltr'><strong>vitam</strong></span> <span class='ocrx_word' id='word_1_425' title='bbox 1643 4202 1711 4258; x_wconf 88' lang='lat' dir='ltr'><strong>ad</strong></span> <span class='ocrx_word' id='word_1_426' title='bbox 1760 4202 1913 4258; x_wconf 69' lang='lat' dir='ltr'><strong>decio</strong></span> 
     </span>
    </p>
   </div>
   <div class='ocr_carea' id='block_1_59' title="bbox 349 4280 1913 4353">
    <p class='ocr_par' dir='ltr' id='par_1_59' title="bbox 349 4280 1913 4353">
     <span class='ocr_line' id='line_1_59' title="bbox 349 4280 1913 4353; baseline 0.011 -18"><span class='ocrx_word' id='word_1_427' title='bbox 349 4280 575 4350; x_wconf 86' lang='lat' dir='ltr'><strong>piendos</strong></span> <span class='ocrx_word' id='word_1_428' title='bbox 596 4285 862 4353; x_wconf 88' lang='lat' dir='ltr'><strong>videntes,</strong></span> <span class='ocrx_word' id='word_1_429' title='bbox 892 4296 946 4344; x_wconf 87' lang='lat' dir='ltr'><strong>et</strong></span> <span class='ocrx_word' id='word_1_430' title='bbox 980 4291 1181 4346; x_wconf 89' lang='lat' dir='ltr'><strong>malam</strong></span> <span class='ocrx_word' id='word_1_431' title='bbox 1211 4292 1372 4347; x_wconf 85' lang='lat' dir='ltr'><strong>bonis</strong></span> <span class='ocrx_word' id='word_1_432' title='bbox 1414 4294 1584 4350; x_wconf 87' lang='lat' dir='ltr'><strong>inurit</strong></span> <span class='ocrx_word' id='word_1_433' title='bbox 1624 4296 1913 4352; x_wconf 86' lang='lat' dir='ltr'><strong>conscien-</strong></span> 
     </span>
    </p>
   </div>
   <div class='ocr_carea' id='block_1_60' title="bbox 348 4374 1914 4459">
    <p class='ocr_par' dir='ltr' id='par_1_60' title="bbox 348 4374 1914 4459">
     <span class='ocr_line' id='line_1_60' title="bbox 348 4374 1914 4459; baseline 0.012 -32"><span class='ocrx_word' id='word_1_434' title='bbox 348 4374 501 4430; x_wconf 91' lang='lat' dir='ltr'><strong>tiam.</strong></span> <span class='ocrx_word' id='word_1_435' title='bbox 550 4376 681 4432; x_wconf 85' lang='lat' dir='ltr'><strong>Mihi</strong></span> <span class='ocrx_word' id='word_1_436' title='bbox 718 4379 821 4450; x_wconf 91' lang='lat' dir='ltr'><strong>ipsi</strong></span> <span class='ocrx_word' id='word_1_437' title='bbox 873 4382 967 4452; x_wconf 86' lang='lat' dir='ltr'><strong>qui</strong></span> <span class='ocrx_word' id='word_1_438' title='bbox 1004 4381 1060 4437; x_wconf 92' lang='lat' dir='ltr'><strong>in</strong></span> <span class='ocrx_word' id='word_1_439' title='bbox 1107 4382 1349 4441; x_wconf 88' lang='lat' dir='ltr'><strong>Ecclesia</strong></span> <span class='ocrx_word' id='word_1_440' title='bbox 1394 4387 1652 4457; x_wconf 72' lang='lat' dir='ltr'><strong>praedico,</strong></span> <span class='ocrx_word' id='word_1_441' title='bbox 1689 4388 1914 4459; x_wconf 88' lang='lat' dir='ltr'><strong>laqueos</strong></span> 
     </span>
    </p>
   </div>
   <div class='ocr_carea' id='block_1_61' title="bbox 347 4470 1913 4539">
    <p class='ocr_par' dir='ltr' id='par_1_61' title="bbox 347 4470 1913 4539">
     <span class='ocr_line' id='line_1_61' title="bbox 347 4470 1913 4539; baseline 0.011 -20"><span class='ocrx_word' id='word_1_442' title='bbox 347 4480 489 4536; x_wconf 76' lang='lat' dir='ltr'><strong>saepe</strong></span> <span class='ocrx_word' id='word_1_443' title='bbox 517 4470 721 4539; x_wconf 89' lang='lat' dir='ltr'><strong>tendit,</strong></span> <span class='ocrx_word' id='word_1_444' title='bbox 747 4480 806 4528; x_wconf 89' lang='lat' dir='ltr'><strong>ut</strong></span> <span class='ocrx_word' id='word_1_445' title='bbox 836 4482 1002 4533; x_wconf 88' lang='lat' dir='ltr'><strong>totam</strong></span> <span class='ocrx_word' id='word_1_446' title='bbox 1034 4475 1333 4532; x_wconf 89' lang='lat' dir='ltr'><strong>Ecclesiam</strong></span> <span class='ocrx_word' id='word_1_447' title='bbox 1364 4493 1432 4533; x_wconf 81' lang='lat' dir='ltr'><strong>ex</strong></span> <span class='ocrx_word' id='word_1_448' title='bbox 1466 4493 1584 4534; x_wconf 87' lang='lat' dir='ltr'><strong>mea</strong></span> <span class='ocrx_word' id='word_1_449' title='bbox 1617 4495 1913 4537; x_wconf 87' lang='lat' dir='ltr'><strong>conversa-</strong></span> 
     </span>
    </p>
   </div>
   <div class='ocr_carea' id='block_1_62' title="bbox 345 4559 1907 4640">
    <p class='ocr_par' dir='ltr' id='par_1_62' title="bbox 345 4559 1907 4640">
     <span class='ocr_line' id='line_1_62' title="bbox 345 4559 1907 4640; baseline 0.012 -30"><span class='ocrx_word' id='word_1_450' title='bbox 345 4559 491 4615; x_wconf 83' lang='lat' dir='ltr'><strong>tione</strong></span> <span class='ocrx_word' id='word_1_451' title='bbox 513 4562 832 4619; x_wconf 84' lang='lat' dir='ltr'><strong>confundat.</strong></span> <span class='ocrx_word' id='word_1_452' title='bbox 863 4566 930 4623; x_wconf 88' lang='lat' dir='ltr'><strong>Et</strong></span> <span class='ocrx_word' id='word_1_453' title='bbox 953 4569 1072 4624; x_wconf 91' lang='lat' dir='ltr'><strong>ideo</strong></span> <span class='ocrx_word' id='word_1_454' title='bbox 1101 4570 1223 4639; x_wconf 91' lang='lat' dir='ltr'><strong>plus</strong></span> <span class='ocrx_word' id='word_1_455' title='bbox 1262 4570 1316 4624; x_wconf 92' lang='lat' dir='ltr'><strong>hi</strong></span> <span class='ocrx_word' id='word_1_456' title='bbox 1350 4571 1442 4640; x_wconf 92' lang='lat' dir='ltr'><strong>qui</strong></span> <span class='ocrx_word' id='word_1_457' title='bbox 1466 4582 1595 4627; x_wconf 90' lang='lat' dir='ltr'><strong>sunt</strong></span> <span class='ocrx_word' id='word_1_458' title='bbox 1637 4572 1688 4632; x_wconf 92' lang='lat' dir='ltr'><strong>in</strong></span> <span class='ocrx_word' id='word_1_459' title='bbox 1728 4574 1907 4629; x_wconf 90' lang='lat' dir='ltr'><strong>medio</strong></span> 
     </span>
    </p>
   </div>
   <div class='ocr_carea' id='block_1_63' title="bbox 346 4656 1905 4734">
    <p class='ocr_par' dir='ltr' id='par_1_63' title="bbox 346 4656 1905 4734">
     <span class='ocr_line' id='line_1_63' title="bbox 346 4656 1905 4734; baseline 0.013 -32"><span class='ocrx_word' id='word_1_460' title='bbox 346 4656 730 4725; x_wconf 83' lang='lat' dir='ltr'><strong>oppugnantur</strong></span> <span class='ocrx_word' id='word_1_461' title='bbox 759 4660 827 4715; x_wconf 92' lang='lat' dir='ltr'><strong>ab</strong></span> <span class='ocrx_word' id='word_1_462' title='bbox 851 4661 1094 4728; x_wconf 91' lang='lat' dir='ltr'><strong>inimico,</strong></span> <span class='ocrx_word' id='word_1_463' title='bbox 1129 4675 1188 4718; x_wconf 92' lang='lat' dir='ltr'><strong>ut</strong></span> <span class='ocrx_word' id='word_1_464' title='bbox 1217 4679 1315 4734; x_wconf 82' lang='lat' dir='ltr'><strong>per</strong></span> <span class='ocrx_word' id='word_1_465' title='bbox 1338 4666 1552 4723; x_wconf 87' lang='lat' dir='ltr'><strong>ruinam</strong></span> <span class='ocrx_word' id='word_1_466' title='bbox 1594 4667 1763 4724; x_wconf 88' lang='lat' dir='ltr'><strong>unius</strong></span> <span class='ocrx_word' id='word_1_467' title='bbox 1806 4667 1905 4723; x_wconf 79' lang='lat' dir='ltr'><strong>bo—</strong></span> 
     </span>
    </p>
   </div>
   <div class='ocr_carea' id='block_1_64' title="bbox 345 4746 1906 4826">
    <p class='ocr_par' dir='ltr' id='par_1_64' title="bbox 345 4746 1906 4826">
     <span class='ocr_line' id='line_1_64' title="bbox 345 4746 1906 4826; baseline 0.012 -29"><span class='ocrx_word' id='word_1_468' title='bbox 345 4746 509 4809; x_wconf 82' lang='lat' dir='ltr'><strong>minis</strong></span> <span class='ocrx_word' id='word_1_469' title='bbox 537 4764 659 4818; x_wconf 68' lang='lat' dir='ltr'><strong>qua:</strong></span> <span class='ocrx_word' id='word_1_470' title='bbox 688 4750 855 4806; x_wconf 89' lang='lat' dir='ltr'><strong>celari</strong></span> <span class='ocrx_word' id='word_1_471' title='bbox 884 4769 993 4809; x_wconf 91' lang='lat' dir='ltr'><strong>non</strong></span> <span class='ocrx_word' id='word_1_472' title='bbox 1035 4764 1246 4826; x_wconf 90' lang='lat' dir='ltr'><strong>potest,</strong></span> <span class='ocrx_word' id='word_1_473' title='bbox 1296 4758 1552 4814; x_wconf 78' lang='lat' dir='ltr'><strong>erunibus</strong></span> <span class='ocrx_word' id='word_1_474' title='bbox 1586 4760 1906 4816; x_wconf 87' lang='lat' dir='ltr'><strong>scandalum</strong></span> 
     </span>
    </p>
   </div>
   <div class='ocr_carea' id='block_1_65' title="bbox 347 4837 1908 4922">
    <p class='ocr_par' dir='ltr' id='par_1_65' title="bbox 347 4837 1908 4922">
     <span class='ocr_line' id='line_1_65' title="bbox 347 4837 1908 4922; baseline 0.01 -33"><span class='ocrx_word' id='word_1_475' title='bbox 347 4837 469 4905; x_wconf 87' lang='lat' dir='ltr'><strong>tiat,</strong></span> <span class='ocrx_word' id='word_1_476' title='bbox 500 4850 555 4895; x_wconf 91' lang='lat' dir='ltr'><strong>et</strong></span> <span class='ocrx_word' id='word_1_477' title='bbox 583 4841 912 4912; x_wconf 86' lang='lat' dir='ltr'><strong>impediatur</strong></span> <span class='ocrx_word' id='word_1_478' title='bbox 941 4845 1071 4902; x_wconf 83' lang='lat' dir='ltr'><strong>ﬁdes</strong></span> <span class='ocrx_word' id='word_1_479' title='bbox 1095 4862 1192 4917; x_wconf 87' lang='lat' dir='ltr'><strong>per</strong></span> <span class='ocrx_word' id='word_1_480' title='bbox 1229 4849 1698 4906; x_wconf 88' lang='lat' dir='ltr'><strong>conversationem</strong></span> <span class='ocrx_word' id='word_1_481' title='bbox 1732 4851 1908 4922; x_wconf 88' lang='lat' dir='ltr'><strong>pessi-</strong></span> 
     </span>
    </p>
   </div>
   <div class='ocr_carea' id='block_1_66' title="bbox 346 4932 1906 5013">
    <p class='ocr_par' dir='ltr' id='par_1_66' title="bbox 346 4932 1906 5013">
     <span class='ocr_line' id='line_1_66' title="bbox 346 4932 1906 5013; baseline 0.01 -31"><span class='ocrx_word' id='word_1_482' title='bbox 346 4943 490 4984; x_wconf 87' lang='lat' dir='ltr'><strong>mam</strong></span> <span class='ocrx_word' id='word_1_483' title='bbox 525 4932 871 4989; x_wconf 88' lang='lat' dir='ltr'><strong>elericorum.</strong></span> <span class='ocrx_word' id='word_1_484' title='bbox 896 4934 1112 5003; x_wconf 89' lang='lat' dir='ltr'><strong>Omnia,</strong></span> <span class='ocrx_word' id='word_1_485' title='bbox 1137 4948 1196 4994; x_wconf 92' lang='lat' dir='ltr'><strong>ut</strong></span> <span class='ocrx_word' id='word_1_486' title='bbox 1224 4940 1483 5008; x_wconf 72' lang='lat' dir='ltr'><strong>diximus,</strong></span> <span class='ocrx_word' id='word_1_487' title='bbox 1506 4942 1758 5001; x_wconf 88' lang='lat' dir='ltr'><strong>diabolus</strong></span> <span class='ocrx_word' id='word_1_488' title='bbox 1784 4958 1906 5013; x_wconf 85' lang='lat' dir='ltr'><strong>ope-</strong></span> 
     </span>
    </p>
   </div>
   <div class='ocr_carea' id='block_1_67' title="bbox 346 5027 1967 5098">
    <p class='ocr_par' dir='ltr' id='par_1_67' title="bbox 346 5027 1967 5098">
     <span class='ocr_line' id='line_1_67' title="bbox 346 5027 1967 5098; baseline 0.009 -24"><span class='ocrx_word' id='word_1_489' title='bbox 346 5029 519 5088; x_wconf 83' lang='lat' dir='ltr'><strong>ratur,</strong></span> <span class='ocrx_word' id='word_1_490' title='bbox 551 5033 607 5079; x_wconf 90' lang='lat' dir='ltr'><strong>et</strong></span> <span class='ocrx_word' id='word_1_491' title='bbox 637 5040 702 5080; x_wconf 88' lang='lat' dir='ltr'><strong>ea</strong></span> <span class='ocrx_word' id='word_1_492' title='bbox 726 5042 846 5096; x_wconf 84' lang='lat' dir='ltr'><strong>quae</strong></span> <span class='ocrx_word' id='word_1_493' title='bbox 878 5027 1128 5082; x_wconf 90' lang='lat' dir='ltr'><strong>videntur</strong></span> <span class='ocrx_word' id='word_1_494' title='bbox 1158 5045 1280 5086; x_wconf 89' lang='lat' dir='ltr'><strong>esse</strong></span> <span class='ocrx_word' id='word_1_495' title='bbox 1307 5032 1471 5097; x_wconf 87' lang='lat' dir='ltr'><strong>bona,</strong></span> <span class='ocrx_word' id='word_1_496' title='bbox 1509 5047 1610 5088; x_wconf 90' lang='lat' dir='ltr'><strong>nec</strong></span> <span class='ocrx_word' id='word_1_497' title='bbox 1658 5042 1816 5098; x_wconf 90' lang='lat' dir='ltr'><strong>sunt,</strong></span> <span class='ocrx_word' id='word_1_498' title='bbox 1856 5041 1912 5089; x_wconf 90' lang='lat' dir='ltr'><strong>et</strong></span> <span class='ocrx_word' id='word_1_499' title='bbox 1963 5045 1967 5049; x_wconf 84' lang='lat'>&#39;</span> 
     </span>
    </p>
   </div>
   <div class='ocr_carea' id='block_1_68' title="bbox 345 5122 1907 5191">
    <p class='ocr_par' dir='ltr' id='par_1_68' title="bbox 345 5122 1907 5191">
     <span class='ocr_line' id='line_1_68' title="bbox 345 5122 1907 5191; baseline 0.01 -27"><span class='ocrx_word' id='word_1_500' title='bbox 345 5125 409 5170; x_wconf 80' lang='lat' dir='ltr'><strong>ea</strong></span> <span class='ocrx_word' id='word_1_501' title='bbox 432 5129 558 5183; x_wconf 71' lang='lat' dir='ltr'><strong>quae</strong></span> <span class='ocrx_word' id='word_1_502' title='bbox 586 5131 683 5186; x_wconf 86' lang='lat' dir='ltr'><strong>per</strong></span> <span class='ocrx_word' id='word_1_503' title='bbox 718 5126 969 5173; x_wconf 88' lang='lat' dir='ltr'><strong>naturam</strong></span> <span class='ocrx_word' id='word_1_504' title='bbox 1003 5134 1158 5174; x_wconf 90' lang='lat' dir='ltr'><strong>suam</strong></span> <span class='ocrx_word' id='word_1_505' title='bbox 1205 5122 1343 5177; x_wconf 90' lang='lat' dir='ltr'><strong>mala</strong></span> <span class='ocrx_word' id='word_1_506' title='bbox 1382 5133 1546 5191; x_wconf 87' lang='lat' dir='ltr'><strong>sunt;</strong></span> <span class='ocrx_word' id='word_1_507' title='bbox 1585 5124 1769 5179; x_wconf 88' lang='lat' dir='ltr'><strong>omnia</strong></span> <span class='ocrx_word' id='word_1_508' title='bbox 1807 5125 1907 5179; x_wconf 91' lang='lat' dir='ltr'><strong>ad-</strong></span> 
     </span>
    </p>
   </div>
   <div class='ocr_carea' id='block_1_69' title="bbox 344 5207 1908 5285">
    <p class='ocr_par' dir='ltr' id='par_1_69' title="bbox 344 5207 1908 5285">
     <span class='ocr_line' id='line_1_69' title="bbox 344 5207 1908 5285; baseline 0.008 -28"><span class='ocrx_word' id='word_1_509' title='bbox 344 5219 562 5260; x_wconf 81' lang='lat' dir='ltr'><strong>versum</strong></span> <span class='ocrx_word' id='word_1_510' title='bbox 592 5207 885 5263; x_wconf 84' lang='lat' dir='ltr'><strong>humanam</strong></span> <span class='ocrx_word' id='word_1_511' title='bbox 919 5218 1319 5266; x_wconf 89' lang='lat' dir='ltr'><strong>commentatur</strong></span> <span class='ocrx_word' id='word_1_512' title='bbox 1346 5212 1606 5267; x_wconf 88' lang='lat' dir='ltr'><strong>animam.</strong></span> <span class='ocrx_word' id='word_1_513' title='bbox 1633 5211 1785 5269; x_wconf 90' lang='lat' dir='ltr'><strong>Unde</strong></span> <span class='ocrx_word' id='word_1_514' title='bbox 1813 5216 1908 5285; x_wconf 91' lang='lat' dir='ltr'><strong>qui</strong></span> 
     </span>
    </p>
   </div>
   <div class='ocr_carea' id='block_1_70' title="bbox 343 5301 1908 5376">
    <p class='ocr_par' dir='ltr' id='par_1_70' title="bbox 343 5301 1908 5376">
     <span class='ocr_line' id='line_1_70' title="bbox 343 5301 1908 5376; baseline 0.008 -26"><span class='ocrx_word' id='word_1_515' title='bbox 343 5311 535 5361; x_wconf 74' lang='lat' dir='ltr'><strong>curam</strong></span> <span class='ocrx_word' id='word_1_516' title='bbox 569 5301 730 5363; x_wconf 85' lang='lat' dir='ltr'><strong>habet</strong></span> <span class='ocrx_word' id='word_1_517' title='bbox 758 5304 882 5359; x_wconf 67' lang='lat' dir='ltr'><strong>vitae</strong></span> <span class='ocrx_word' id='word_1_518' title='bbox 906 5320 1038 5369; x_wconf 74' lang='lat' dir='ltr'><strong>suae,</strong></span> <span class='ocrx_word' id='word_1_519' title='bbox 1076 5321 1253 5376; x_wconf 87' lang='lat' dir='ltr'><strong>neque</strong></span> <span class='ocrx_word' id='word_1_520' title='bbox 1284 5307 1701 5364; x_wconf 88' lang='lat' dir='ltr'><strong>mansuetudine</strong></span> <span class='ocrx_word' id='word_1_521' title='bbox 1738 5308 1908 5364; x_wconf 64' lang='lat' dir='ltr'><strong>haere—</strong></span> 
     </span>
    </p>
   </div>
   <div class='ocr_carea' id='block_1_71' title="bbox 347 5405 1909 5479">
    <p class='ocr_par' dir='ltr' id='par_1_71' title="bbox 347 5405 1909 5479">
     <span class='ocr_line' id='line_1_71' title="bbox 347 5405 1909 5479; baseline 0.007 -22"><span class='ocrx_word' id='word_1_522' title='bbox 347 5405 581 5459; x_wconf 88' lang='lat' dir='ltr'><strong>ticorum</strong></span> <span class='ocrx_word' id='word_1_523' title='bbox 606 5409 838 5478; x_wconf 87' lang='lat' dir='ltr'><strong>capitur,</strong></span> <span class='ocrx_word' id='word_1_524' title='bbox 854 5409 920 5464; x_wconf 88' lang='lat' dir='ltr'><strong>ad</strong></span> <span class='ocrx_word' id='word_1_525' title='bbox 944 5410 1387 5466; x_wconf 88' lang='lat' dir='ltr'><strong>consentiendum</strong></span> <span class='ocrx_word' id='word_1_526' title='bbox 1411 5412 1674 5467; x_wconf 65' lang='lat' dir='ltr'><strong>doctrina:</strong></span> <span class='ocrx_word' id='word_1_527' title='bbox 1695 5428 1909 5479; x_wconf 90' lang='lat' dir='ltr'><strong>eorum,</strong></span> 
     </span>
    </p>
   </div>
   <div class='ocr_carea' id='block_1_72' title="bbox 2018 1952 3585 2032">
    <p class='ocr_par' dir='ltr' id='par_1_72' title="bbox 2018 1952 3585 2032">
     <span class='ocr_line' id='line_1_72' title="bbox 2018 1952 3585 2032; baseline -0.009 -16"><span class='ocrx_word' id='word_1_528' title='bbox 2018 1962 2220 2018; x_wconf 89' lang='lat' dir='ltr'><strong>imitari</strong></span> <span class='ocrx_word' id='word_1_529' title='bbox 2243 1963 2552 2032; x_wconf 89' lang='lat' dir='ltr'><strong>quempiam</strong></span> <span class='ocrx_word' id='word_1_530' title='bbox 2573 2002 2589 2027; x_wconf 95' lang='lat'><strong>,</strong></span> <span class='ocrx_word' id='word_1_531' title='bbox 2622 1958 2934 2029; x_wconf 88' lang='lat' dir='ltr'><strong>propositus</strong></span> <span class='ocrx_word' id='word_1_532' title='bbox 2968 1964 3054 2011; x_wconf 89' lang='lat' dir='ltr'><strong>est</strong></span> <span class='ocrx_word' id='word_1_533' title='bbox 3085 1955 3243 2010; x_wconf 91' lang='lat' dir='ltr'><strong>nobis</strong></span> <span class='ocrx_word' id='word_1_534' title='bbox 3268 1953 3335 2007; x_wconf 89' lang='lat' dir='ltr'><strong>ad</strong></span> <span class='ocrx_word' id='word_1_535' title='bbox 3365 1952 3585 2006; x_wconf 83' lang='lat' dir='ltr'><strong>imitan-</strong></span> 
     </span>
    </p>
   </div>
   <div class='ocr_carea' id='block_1_73' title="bbox 2016 2047 3582 2118">
    <p class='ocr_par' dir='ltr' id='par_1_73' title="bbox 2016 2047 3582 2118">
     <span class='ocr_line' id='line_1_73' title="bbox 2016 2047 3582 2118; baseline -0.007 -12"><span class='ocrx_word' id='word_1_536' title='bbox 2016 2051 2145 2106; x_wconf 91' lang='lat' dir='ltr'><strong>dum</strong></span> <span class='ocrx_word' id='word_1_537' title='bbox 2177 2049 2431 2105; x_wconf 83' lang='lat' dir='ltr'><strong>Christus</strong></span> <span class='ocrx_word' id='word_1_538' title='bbox 2461 2049 2643 2106; x_wconf 79' lang='lat' dir='ltr'><strong>Jesus.</strong></span> <span class='ocrx_word' id='word_1_539' title='bbox 2682 2047 2950 2118; x_wconf 89' lang='lat' dir='ltr'><strong>Descripti</strong></span> <span class='ocrx_word' id='word_1_540' title='bbox 2986 2055 3115 2102; x_wconf 87' lang='lat' dir='ltr'><strong>sunt</strong></span> <span class='ocrx_word' id='word_1_541' title='bbox 3168 2053 3320 2101; x_wconf 88' lang='lat' dir='ltr'><strong>actus</strong></span> <span class='ocrx_word' id='word_1_542' title='bbox 3359 2051 3582 2113; x_wconf 81' lang='lat' dir='ltr'><strong>aposto-</strong></span> 
     </span>
    </p>
   </div>
   <div class='ocr_carea' id='block_1_74' title="bbox 2014 2134 3580 2211">
    <p class='ocr_par' dir='ltr' id='par_1_74' title="bbox 2014 2134 3580 2211">
     <span class='ocr_line' id='line_1_74' title="bbox 2014 2134 3580 2211; baseline -0.003 -17"><span class='ocrx_word' id='word_1_543' title='bbox 2014 2140 2192 2196; x_wconf 82' lang='lat' dir='ltr'><strong>loruzn</strong></span> <span class='ocrx_word' id='word_1_544' title='bbox 2212 2181 2228 2206; x_wconf 94' lang='lat'><strong>,</strong></span> <span class='ocrx_word' id='word_1_545' title='bbox 2258 2149 2314 2196; x_wconf 88' lang='lat' dir='ltr'><strong>et</strong></span> <span class='ocrx_word' id='word_1_546' title='bbox 2339 2142 2724 2211; x_wconf 89' lang='lat' dir='ltr'><strong>prophetarum</strong></span> <span class='ocrx_word' id='word_1_547' title='bbox 2749 2149 2896 2211; x_wconf 84' lang='lat' dir='ltr'><strong>gesta</strong></span> <span class='ocrx_word' id='word_1_548' title='bbox 2920 2138 2989 2193; x_wconf 91' lang='lat' dir='ltr'><strong>de</strong></span> <span class='ocrx_word' id='word_1_549' title='bbox 3009 2137 3183 2193; x_wconf 88' lang='lat' dir='ltr'><strong>sacris</strong></span> <span class='ocrx_word' id='word_1_550' title='bbox 3203 2134 3580 2191; x_wconf 86' lang='lat' dir='ltr'><strong>voluminibus</strong></span> 
     </span>
    </p>
   </div>
   <div class='ocr_carea' id='block_1_75' title="bbox 2017 2225 3584 2303">
    <p class='ocr_par' dir='ltr' id='par_1_75' title="bbox 2017 2225 3584 2303">
     <span class='ocr_line' id='line_1_75' title="bbox 2017 2225 3584 2303; baseline -0.006 -16"><span class='ocrx_word' id='word_1_551' title='bbox 2017 2232 2401 2303; x_wconf 77' lang='lat' dir='ltr'><strong>agnoscimus;</strong></span> <span class='ocrx_word' id='word_1_552' title='bbox 2434 2231 2563 2286; x_wconf 90' lang='lat' dir='ltr'><strong>illud</strong></span> <span class='ocrx_word' id='word_1_553' title='bbox 2595 2231 2874 2300; x_wconf 87' lang='lat' dir='ltr'><strong>exemplar</strong></span> <span class='ocrx_word' id='word_1_554' title='bbox 2901 2231 3118 2284; x_wconf 88' lang='lat' dir='ltr'><strong>tlrmum</strong></span> <span class='ocrx_word' id='word_1_555' title='bbox 3150 2234 3268 2292; x_wconf 90' lang='lat' dir='ltr'><strong>est,</strong></span> <span class='ocrx_word' id='word_1_556' title='bbox 3300 2225 3434 2280; x_wconf 91' lang='lat' dir='ltr'><strong>illud</strong></span> <span class='ocrx_word' id='word_1_557' title='bbox 3455 2240 3584 2295; x_wconf 82' lang='lat' dir='ltr'><strong>pro-</strong></span> 
     </span>
    </p>
   </div>
   <div class='ocr_carea' id='block_1_76' title="bbox 2014 2319 3584 2393">
    <p class='ocr_par' dir='ltr' id='par_1_76' title="bbox 2014 2319 3584 2393">
     <span class='ocr_line' id='line_1_76' title="bbox 2014 2319 3584 2393; baseline -0.003 -17"><span class='ocrx_word' id='word_1_558' title='bbox 2014 2322 2255 2393; x_wconf 88' lang='lat' dir='ltr'><strong>positum</strong></span> <span class='ocrx_word' id='word_1_559' title='bbox 2289 2322 2556 2389; x_wconf 90' lang='lat' dir='ltr'><strong>solidum,</strong></span> <span class='ocrx_word' id='word_1_560' title='bbox 2591 2322 2735 2393; x_wconf 91' lang='lat' dir='ltr'><strong>quod</strong></span> <span class='ocrx_word' id='word_1_561' title='bbox 2773 2321 2863 2392; x_wconf 87' lang='lat' dir='ltr'><strong>qui</strong></span> <span class='ocrx_word' id='word_1_562' title='bbox 2904 2320 3057 2390; x_wconf 90' lang='lat' dir='ltr'><strong>sequi</strong></span> <span class='ocrx_word' id='word_1_563' title='bbox 3104 2319 3255 2388; x_wconf 90' lang='lat' dir='ltr'><strong>cupit</strong></span> <span class='ocrx_word' id='word_1_564' title='bbox 3288 2356 3304 2383; x_wconf 98' lang='lat'><strong>,</strong></span> <span class='ocrx_word' id='word_1_565' title='bbox 3353 2329 3584 2372; x_wconf 85' lang='lat' dir='ltr'><strong>securus</strong></span> 
     </span>
    </p>
   </div>
   <div class='ocr_carea' id='block_1_77' title="bbox 2016 2408 3583 2482">
    <p class='ocr_par' dir='ltr' id='par_1_77' title="bbox 2016 2408 3583 2482">
     <span class='ocr_line' id='line_1_77' title="bbox 2016 2408 3583 2482; baseline -0.004 -15"><span class='ocrx_word' id='word_1_566' title='bbox 2016 2413 2337 2482; x_wconf 90' lang='lat' dir='ltr'><strong>ingreditur.</strong></span> <span class='ocrx_word' id='word_1_567' title='bbox 2384 2411 2441 2468; x_wconf 90' lang='lat' dir='ltr'><strong>Si</strong></span> <span class='ocrx_word' id='word_1_568' title='bbox 2480 2428 2610 2470; x_wconf 89' lang='lat' dir='ltr'><strong>vero</strong></span> <span class='ocrx_word' id='word_1_569' title='bbox 2638 2413 2936 2482; x_wconf 66' lang='lat' dir='ltr'><strong>quaerimus</strong></span> <span class='ocrx_word' id='word_1_570' title='bbox 2975 2410 3131 2465; x_wconf 91' lang='lat' dir='ltr'><strong>nobis</strong></span> <span class='ocrx_word' id='word_1_571' title='bbox 3176 2408 3475 2478; x_wconf 86' lang='lat' dir='ltr'><strong>culpabiles</strong></span> <span class='ocrx_word' id='word_1_572' title='bbox 3515 2408 3583 2461; x_wconf 88' lang='lat' dir='ltr'><strong>ad</strong></span> 
     </span>
    </p>
   </div>
   <div class='ocr_carea' id='block_1_78' title="bbox 2016 2493 3584 2565">
    <p class='ocr_par' dir='ltr' id='par_1_78' title="bbox 2016 2493 3584 2565">
     <span class='ocr_line' id='line_1_78' title="bbox 2016 2493 3584 2565; baseline -0.006 -8"><span class='ocrx_word' id='word_1_573' title='bbox 2016 2502 2383 2557; x_wconf 68' lang='lat' dir='ltr'><strong>aemulandum</strong></span> <span class='ocrx_word' id='word_1_574' title='bbox 2405 2540 2420 2565; x_wconf 95' lang='lat'><strong>,</strong></span> <span class='ocrx_word' id='word_1_575' title='bbox 2454 2511 2512 2556; x_wconf 92' lang='lat' dir='ltr'><strong>ut</strong></span> <span class='ocrx_word' id='word_1_576' title='bbox 2545 2516 2668 2555; x_wconf 91' lang='lat' dir='ltr'><strong>cum</strong></span> <span class='ocrx_word' id='word_1_577' title='bbox 2704 2501 2989 2563; x_wconf 83' lang='lat' dir='ltr'><strong>dicamus,</strong></span> <span class='ocrx_word' id='word_1_578' title='bbox 3033 2496 3123 2551; x_wconf 91' lang='lat' dir='ltr'><strong>ille</strong></span> <span class='ocrx_word' id='word_1_579' title='bbox 3159 2495 3348 2560; x_wconf 89' lang='lat' dir='ltr'><strong>docet,</strong></span> <span class='ocrx_word' id='word_1_580' title='bbox 3393 2504 3450 2549; x_wconf 91' lang='lat' dir='ltr'><strong>et</strong></span> <span class='ocrx_word' id='word_1_581' title='bbox 3497 2493 3584 2548; x_wconf 90' lang='lat' dir='ltr'><strong>his</strong></span> 
     </span>
    </p>
   </div>
   <div class='ocr_carea' id='block_1_79' title="bbox 2015 2591 3581 2665">
    <p class='ocr_par' dir='ltr' id='par_1_79' title="bbox 2015 2591 3581 2665">
     <span class='ocr_line' id='line_1_79' title="bbox 2015 2591 3581 2665; baseline -0.006 -17"><span class='ocrx_word' id='word_1_582' title='bbox 2015 2609 2138 2665; x_wconf 79' lang='lat' dir='ltr'><strong>quae</strong></span> <span class='ocrx_word' id='word_1_583' title='bbox 2158 2594 2315 2650; x_wconf 90' lang='lat' dir='ltr'><strong>docet</strong></span> <span class='ocrx_word' id='word_1_584' title='bbox 2341 2593 2472 2648; x_wconf 88' lang='lat' dir='ltr'><strong>facit</strong></span> <span class='ocrx_word' id='word_1_585' title='bbox 2491 2593 2605 2664; x_wconf 90' lang='lat' dir='ltr'><strong>ipse</strong></span> <span class='ocrx_word' id='word_1_586' title='bbox 2625 2591 2919 2658; x_wconf 86' lang='lat' dir='ltr'><strong>contraria,</strong></span> <span class='ocrx_word' id='word_1_587' title='bbox 2941 2591 3228 2646; x_wconf 86' lang='lat' dir='ltr'><strong>adversum</strong></span> <span class='ocrx_word' id='word_1_588' title='bbox 3257 2595 3581 2658; x_wconf 73' lang='lat' dir='ltr'><strong>praeceptum</strong></span> 
     </span>
    </p>
   </div>
   <div class='ocr_carea' id='block_1_80' title="bbox 2015 2680 3598 2755">
    <p class='ocr_par' dir='ltr' id='par_1_80' title="bbox 2015 2680 3598 2755">
     <span class='ocr_line' id='line_1_80' title="bbox 2015 2680 3598 2755; baseline -0.008 -14"><span class='ocrx_word' id='word_1_589' title='bbox 2015 2686 2233 2742; x_wconf 88' lang='lat' dir='ltr'><strong>Domini</strong></span> <span class='ocrx_word' id='word_1_590' title='bbox 2264 2687 2518 2751; x_wconf 87' lang='lat' dir='ltr'><strong>facimus,</strong></span> <span class='ocrx_word' id='word_1_591' title='bbox 2552 2686 2646 2755; x_wconf 92' lang='lat' dir='ltr'><strong>qui</strong></span> <span class='ocrx_word' id='word_1_592' title='bbox 2675 2684 2955 2739; x_wconf 85' lang='lat' dir='ltr'><strong>mandavit</strong></span> <span class='ocrx_word' id='word_1_593' title='bbox 2984 2683 3263 2738; x_wconf 89' lang='lat' dir='ltr'><strong>doctrinas</strong></span> <span class='ocrx_word' id='word_1_594' title='bbox 3292 2680 3598 2749; x_wconf 47' lang='lat' dir='ltr'><strong>magistrum</strong></span> 
     </span>
    </p>
   </div>
   <div class='ocr_carea' id='block_1_81' title="bbox 2017 2770 3584 2849">
    <p class='ocr_par' dir='ltr' id='par_1_81' title="bbox 2017 2770 3584 2849">
     <span class='ocr_line' id='line_1_81' title="bbox 2017 2770 3584 2849; baseline -0.006 -16"><span class='ocrx_word' id='word_1_595' title='bbox 2017 2795 2138 2833; x_wconf 84' lang='lat' dir='ltr'><strong>rum</strong></span> <span class='ocrx_word' id='word_1_596' title='bbox 2165 2778 2338 2849; x_wconf 85' lang='lat' dir='ltr'><strong>magis</strong></span> <span class='ocrx_word' id='word_1_597' title='bbox 2367 2777 2705 2834; x_wconf 79' lang='lat' dir='ltr'><strong>considerari</strong></span> <span class='ocrx_word' id='word_1_598' title='bbox 2731 2775 2927 2831; x_wconf 88' lang='lat' dir='ltr'><strong>debere</strong></span> <span class='ocrx_word' id='word_1_599' title='bbox 2959 2790 3123 2845; x_wconf 88' lang='lat' dir='ltr'><strong>quam</strong></span> <span class='ocrx_word' id='word_1_600' title='bbox 3155 2775 3315 2828; x_wconf 85' lang='lat' dir='ltr'><strong>vitas.</strong></span> <span class='ocrx_word' id='word_1_601' title='bbox 3341 2770 3584 2827; x_wconf 11' lang='lat' dir='ltr'><strong>Haec-rdi-</strong></span> 
     </span>
    </p>
   </div>
   <div class='ocr_carea' id='block_1_82' title="bbox 2013 2865 3583 2939">
    <p class='ocr_par' dir='ltr' id='par_1_82' title="bbox 2013 2865 3583 2939">
     <span class='ocr_line' id='line_1_82' title="bbox 2013 2865 3583 2939; baseline -0.006 -14"><span class='ocrx_word' id='word_1_602' title='bbox 2013 2871 2191 2926; x_wconf 81' lang='lat' dir='ltr'><strong>eimus</strong></span> <span class='ocrx_word' id='word_1_603' title='bbox 2234 2870 2307 2925; x_wconf 84' lang='lat' dir='ltr'><strong>de</strong></span> <span class='ocrx_word' id='word_1_604' title='bbox 2337 2884 2405 2924; x_wconf 89' lang='lat' dir='ltr'><strong>eo</strong></span> <span class='ocrx_word' id='word_1_605' title='bbox 2453 2869 2594 2939; x_wconf 87' lang='lat' dir='ltr'><strong>quod</strong></span> <span class='ocrx_word' id='word_1_606' title='bbox 2637 2869 2903 2938; x_wconf 89' lang='lat' dir='ltr'><strong>scriptum</strong></span> <span class='ocrx_word' id='word_1_607' title='bbox 2948 2875 3031 2921; x_wconf 90' lang='lat' dir='ltr'><strong>est</strong></span> <span class='ocrx_word' id='word_1_608' title='bbox 3064 2885 3078 2920; x_wconf 88' lang='lat'><strong>:</strong></span> <span class='ocrx_word' id='word_1_609' title='bbox 3112 2865 3583 2932; x_wconf 76' lang='lat' dir='ltr'><strong>Accepistivestem</strong></span> 
     </span>
    </p>
   </div>
   <div class='ocr_carea' id='block_1_83' title="bbox 2014 2954 3584 3029">
    <p class='ocr_par' dir='ltr' id='par_1_83' title="bbox 2014 2954 3584 3029">
     <span class='ocr_line' id='line_1_83' title="bbox 2014 2954 3584 3029; baseline -0.004 -13"><span class='ocrx_word' id='word_1_610' title='bbox 2014 2970 2160 3016; x_wconf 69' lang='lat' dir='ltr'><strong>tuam</strong></span> <span class='ocrx_word' id='word_1_611' title='bbox 2190 2960 2577 3024; x_wconf 75' lang='lat' dir='ltr'><strong>versicolorem,</strong></span> <span class='ocrx_word' id='word_1_612' title='bbox 2603 2969 2654 3013; x_wconf 84' lang='lat' dir='ltr'><strong>et</strong></span> <span class='ocrx_word' id='word_1_613' title='bbox 2678 2958 2930 3029; x_wconf 75' lang='lat' dir='ltr'><strong>aperuisti</strong></span> <span class='ocrx_word' id='word_1_614' title='bbox 2959 2956 3092 3023; x_wconf 56' lang='lat' dir='ltr'><strong>illa,</strong></span> <span class='ocrx_word' id='word_1_615' title='bbox 3110 2956 3164 3010; x_wconf 91' lang='lat' dir='ltr'><strong>id</strong></span> <span class='ocrx_word' id='word_1_616' title='bbox 3197 2965 3282 3012; x_wconf 87' lang='lat' dir='ltr'><strong>est</strong></span> <span class='ocrx_word' id='word_1_617' title='bbox 3309 2970 3437 3010; x_wconf 89' lang='lat' dir='ltr'><strong>vasa</strong></span> <span class='ocrx_word' id='word_1_618' title='bbox 3466 2954 3584 3025; x_wconf 82' lang='lat' dir='ltr'><strong>glo-</strong></span> 
     </span>
    </p>
   </div>
   <div class='ocr_carea' id='block_1_84' title="bbox 2010 3048 3159 3121">
    <p class='ocr_par' dir='ltr' id='par_1_84' title="bbox 2010 3048 3159 3121">
     <span class='ocr_line' id='line_1_84' title="bbox 2010 3048 3159 3121; baseline -0.005 -14"><span class='ocrx_word' id='word_1_619' title='bbox 2010 3050 2352 3115; x_wconf 83' lang='lat' dir='ltr'><strong>rificationis,</strong></span> <span class='ocrx_word' id='word_1_620' title='bbox 2384 3067 2505 3121; x_wconf 79' lang='lat' dir='ltr'><strong>quae</strong></span> <span class='ocrx_word' id='word_1_621' title='bbox 2535 3050 2586 3104; x_wconf 92' lang='lat' dir='ltr'><strong>in</strong></span> <span class='ocrx_word' id='word_1_622' title='bbox 2618 3050 2760 3104; x_wconf 82' lang='lat' dir='ltr'><strong>idola</strong></span> <span class='ocrx_word' id='word_1_623' title='bbox 2791 3048 3159 3104; x_wconf 83' lang='lat' dir='ltr'><strong>commutasti.</strong></span> 
     </span>
    </p>
   </div>
   <div class='ocr_carea' id='block_1_85' title="bbox 2086 3136 3577 3213">
    <p class='ocr_par' dir='ltr' id='par_1_85' title="bbox 2086 3136 3577 3213">
     <span class='ocr_line' id='line_1_85' title="bbox 2086 3136 3577 3213; baseline -0.006 -15"><span class='ocrx_word' id='word_1_624' title='bbox 2086 3141 2247 3213; x_wconf 79' lang='lat'><strong>383</strong></span> <span class='ocrx_word' id='word_1_625' title='bbox 2273 3142 2329 3196; x_wconf 71' lang='grc'><strong>4.</strong></span> <span class='ocrx_word' id='word_1_626' title='bbox 2372 3140 2634 3212; x_wconf 88' lang='lat' dir='ltr'><strong>Sequitur</strong></span> <span class='ocrx_word' id='word_1_627' title='bbox 2665 3141 2749 3194; x_wconf 67' lang='lat'><strong>‘9:</strong></span> <span class='ocrx_word' id='word_1_628' title='bbox 2783 3139 2853 3193; x_wconf 82' lang='lat' dir='ltr'><strong>Et</strong></span> <span class='ocrx_word' id='word_1_629' title='bbox 2878 3139 3049 3193; x_wconf 78' lang='lat' dir='ltr'><strong>oleum</strong></span> <span class='ocrx_word' id='word_1_630' title='bbox 3075 3152 3282 3201; x_wconf 81' lang='lat' dir='ltr'><strong>meum,</strong></span> <span class='ocrx_word' id='word_1_631' title='bbox 3316 3143 3363 3190; x_wconf 86' lang='lat' dir='ltr'><strong>et</strong></span> <span class='ocrx_word' id='word_1_632' title='bbox 3400 3136 3577 3189; x_wconf 80' lang='lat' dir='ltr'><strong>incen-</strong></span> 
     </span>
    </p>
   </div>
   <div class='ocr_carea' id='block_1_86' title="bbox 2015 3224 3584 3303">
    <p class='ocr_par' dir='ltr' id='par_1_86' title="bbox 2015 3224 3584 3303">
     <span class='ocr_line' id='line_1_86' title="bbox 2015 3224 3584 3303; baseline -0.005 -15"><span class='ocrx_word' id='word_1_633' title='bbox 2015 3250 2133 3289; x_wconf 73' lang='lat' dir='ltr'><strong>sum</strong></span> <span class='ocrx_word' id='word_1_634' title='bbox 2168 3249 2337 3287; x_wconf 85' lang='lat' dir='ltr'><strong>meum</strong></span> <span class='ocrx_word' id='word_1_635' title='bbox 2364 3232 2588 3303; x_wconf 75' lang='lat' dir='ltr'><strong>posuisti</strong></span> <span class='ocrx_word' id='word_1_636' title='bbox 2645 3242 2768 3285; x_wconf 84' lang='lat' dir='ltr'><strong>ante</strong></span> <span class='ocrx_word' id='word_1_637' title='bbox 2812 3229 3001 3300; x_wconf 74' lang='lat' dir='ltr'><strong>[aciem</strong></span> <span class='ocrx_word' id='word_1_638' title='bbox 3051 3243 3252 3284; x_wconf 81' lang='lat' dir='ltr'><strong>eorum.</strong></span> <span class='ocrx_word' id='word_1_639' title='bbox 3304 3224 3584 3295; x_wconf 86' lang='lat' dir='ltr'><strong>Scriptura</strong></span> 
     </span>
    </p>
   </div>
   <div class='ocr_carea' id='block_1_87' title="bbox 2014 3317 3582 3392">
    <p class='ocr_par' dir='ltr' id='par_1_87' title="bbox 2014 3317 3582 3392">
     <span class='ocr_line' id='line_1_87' title="bbox 2014 3317 3582 3392; baseline -0.006 -11"><span class='ocrx_word' id='word_1_640' title='bbox 2014 3325 2242 3381; x_wconf 88' lang='lat' dir='ltr'><strong>docente</strong></span> <span class='ocrx_word' id='word_1_641' title='bbox 2279 3323 2591 3390; x_wconf 89' lang='lat' dir='ltr'><strong>didicimus,</strong></span> <span class='ocrx_word' id='word_1_642' title='bbox 2623 3323 2752 3392; x_wconf 90' lang='lat' dir='ltr'><strong>quia</strong></span> <span class='ocrx_word' id='word_1_643' title='bbox 2807 3332 3116 3377; x_wconf 87' lang='lat' dir='ltr'><strong>sanctorum</strong></span> <span class='ocrx_word' id='word_1_644' title='bbox 3157 3318 3334 3375; x_wconf 89' lang='lat' dir='ltr'><strong>oratio</strong></span> <span class='ocrx_word' id='word_1_645' title='bbox 3383 3318 3456 3374; x_wconf 90' lang='lat' dir='ltr'><strong>sit</strong></span> <span class='ocrx_word' id='word_1_646' title='bbox 3495 3317 3582 3372; x_wconf 89' lang='lat' dir='ltr'><strong>in-</strong></span> 
     </span>
    </p>
   </div>
   <div class='ocr_carea' id='block_1_88' title="bbox 2014 3414 3580 3476">
    <p class='ocr_par' dir='ltr' id='par_1_88' title="bbox 2014 3414 3580 3476">
     <span class='ocr_line' id='line_1_88' title="bbox 2014 3414 3580 3476; baseline -0.006 0"><span class='ocrx_word' id='word_1_647' title='bbox 2014 3435 2259 3476; x_wconf 82' lang='lat' dir='ltr'><strong>censum.</strong></span> <span class='ocrx_word' id='word_1_648' title='bbox 2308 3420 2395 3474; x_wconf 87' lang='lat' dir='ltr'><strong>Ait</strong></span> <span class='ocrx_word' id='word_1_649' title='bbox 2441 3419 2586 3474; x_wconf 88' lang='lat' dir='ltr'><strong>enim</strong></span> <span class='ocrx_word' id='word_1_650' title='bbox 2624 3418 2718 3472; x_wconf 69' lang='lat'><strong>7°:</strong></span> <span class='ocrx_word' id='word_1_651' title='bbox 2771 3415 3053 3472; x_wconf 76' lang='lat' dir='ltr'><strong>[mensum</strong></span> <span class='ocrx_word' id='word_1_652' title='bbox 3096 3423 3272 3470; x_wconf 83' lang='lat' dir='ltr'><strong>autem</strong></span> <span class='ocrx_word' id='word_1_653' title='bbox 3318 3414 3580 3469; x_wconf 79' lang='lat' dir='ltr'><strong>orationes</strong></span> 
     </span>
    </p>
   </div>
   <div class='ocr_carea' id='block_1_89' title="bbox 2014 3506 3581 3580">
    <p class='ocr_par' dir='ltr' id='par_1_89' title="bbox 2014 3506 3581 3580">
     <span class='ocr_line' id='line_1_89' title="bbox 2014 3506 3581 3580; baseline -0.004 -15"><span class='ocrx_word' id='word_1_654' title='bbox 2014 3520 2318 3565; x_wconf 63' lang='lat' dir='ltr'><strong>satictorum</strong></span> <span class='ocrx_word' id='word_1_655' title='bbox 2342 3519 2484 3565; x_wconf 77' lang='lat' dir='ltr'><strong>sunt.</strong></span> <span class='ocrx_word' id='word_1_656' title='bbox 2517 3510 2719 3580; x_wconf 86' lang='lat' dir='ltr'><strong>Siergo</strong></span> <span class='ocrx_word' id='word_1_657' title='bbox 2740 3508 2972 3563; x_wconf 82' lang='lat' dir='ltr'><strong>instituti</strong></span> <span class='ocrx_word' id='word_1_658' title='bbox 3002 3507 3070 3562; x_wconf 89' lang='lat' dir='ltr'><strong>ad</strong></span> <span class='ocrx_word' id='word_1_659' title='bbox 3102 3506 3426 3571; x_wconf 91' lang='lat' dir='ltr'><strong>orationem,</strong></span> <span class='ocrx_word' id='word_1_660' title='bbox 3453 3519 3581 3559; x_wconf 89' lang='lat' dir='ltr'><strong>cum</strong></span> 
     </span>
    </p>
   </div>
   <div class='ocr_carea' id='block_1_90' title="bbox 2015 3598 3584 3668">
    <p class='ocr_par' dir='ltr' id='par_1_90' title="bbox 2015 3598 3584 3668">
     <span class='ocr_line' id='line_1_90' title="bbox 2015 3598 3584 3668; baseline -0.003 -12"><span class='ocrx_word' id='word_1_661' title='bbox 2015 3601 2160 3657; x_wconf 90' lang='lat' dir='ltr'><strong>illam</strong></span> <span class='ocrx_word' id='word_1_662' title='bbox 2192 3601 2300 3657; x_wconf 91' lang='lat' dir='ltr'><strong>Deo</strong></span> <span class='ocrx_word' id='word_1_663' title='bbox 2327 3601 2621 3657; x_wconf 87' lang='lat' dir='ltr'><strong>debeamus</strong></span> <span class='ocrx_word' id='word_1_664' title='bbox 2667 3600 2882 3666; x_wconf 82' lang='lat' dir='ltr'><strong>oli‘erre,</strong></span> <span class='ocrx_word' id='word_1_665' title='bbox 2909 3600 2960 3654; x_wconf 89' lang='lat' dir='ltr'><strong>id</strong></span> <span class='ocrx_word' id='word_1_666' title='bbox 2982 3609 3067 3654; x_wconf 89' lang='lat' dir='ltr'><strong>est</strong></span> <span class='ocrx_word' id='word_1_667' title='bbox 3093 3599 3200 3653; x_wconf 86' lang='lat' dir='ltr'><strong>Deo</strong></span> <span class='ocrx_word' id='word_1_668' title='bbox 3223 3598 3363 3668; x_wconf 81' lang='lat' dir='ltr'><strong>legis</strong></span> <span class='ocrx_word' id='word_1_669' title='bbox 3383 3607 3434 3652; x_wconf 91' lang='lat' dir='ltr'><strong>et</strong></span> <span class='ocrx_word' id='word_1_670' title='bbox 3453 3612 3584 3666; x_wconf 86' lang='lat' dir='ltr'><strong>pro-</strong></span> 
     </span>
    </p>
   </div>
   <div class='ocr_carea' id='block_1_91' title="bbox 2013 3687 3585 3763">
    <p class='ocr_par' dir='ltr' id='par_1_91' title="bbox 2013 3687 3585 3763">
     <span class='ocr_line' id='line_1_91' title="bbox 2013 3687 3585 3763; baseline -0.003 -16"><span class='ocrx_word' id='word_1_671' title='bbox 2013 3694 2323 3763; x_wconf 89' lang='lat' dir='ltr'><strong>phetarum,</strong></span> <span class='ocrx_word' id='word_1_672' title='bbox 2360 3692 2471 3747; x_wconf 72' lang='lat' dir='ltr'><strong>Deo</strong></span> <span class='ocrx_word' id='word_1_673' title='bbox 2493 3692 2799 3757; x_wconf 85' lang='lat' dir='ltr'><strong>Abraham,</strong></span> <span class='ocrx_word' id='word_1_674' title='bbox 2821 3690 2930 3745; x_wconf 91' lang='lat' dir='ltr'><strong>Deo</strong></span> <span class='ocrx_word' id='word_1_675' title='bbox 2959 3689 3129 3756; x_wconf 91' lang='lat' dir='ltr'><strong>Isaac,</strong></span> <span class='ocrx_word' id='word_1_676' title='bbox 3160 3689 3270 3744; x_wconf 90' lang='lat' dir='ltr'><strong>Deo</strong></span> <span class='ocrx_word' id='word_1_677' title='bbox 3295 3687 3463 3743; x_wconf 84' lang='lat' dir='ltr'><strong>Jacob</strong></span> <span class='ocrx_word' id='word_1_678' title='bbox 3483 3727 3499 3752; x_wconf 95' lang='lat'><strong>,</strong></span> <span class='ocrx_word' id='word_1_679' title='bbox 3530 3697 3585 3742; x_wconf 89' lang='lat' dir='ltr'><strong>et</strong></span> 
     </span>
    </p>
   </div>
   <div class='ocr_carea' id='block_1_92' title="bbox 2015 3778 3581 3855">
    <p class='ocr_par' dir='ltr' id='par_1_92' title="bbox 2015 3778 3581 3855">
     <span class='ocr_line' id='line_1_92' title="bbox 2015 3778 3581 3855; baseline -0.003 -18"><span class='ocrx_word' id='word_1_680' title='bbox 2015 3782 2162 3837; x_wconf 85' lang='lat' dir='ltr'><strong>Patri</strong></span> <span class='ocrx_word' id='word_1_681' title='bbox 2191 3781 2319 3838; x_wconf 84' lang='lat' dir='ltr'><strong>Jcsn</strong></span> <span class='ocrx_word' id='word_1_682' title='bbox 2349 3782 2573 3846; x_wconf 84' lang='lat' dir='ltr'><strong>Christi,</strong></span> <span class='ocrx_word' id='word_1_683' title='bbox 2610 3780 2890 3835; x_wconf 72' lang='lat' dir='ltr'><strong>offerimus</strong></span> <span class='ocrx_word' id='word_1_684' title='bbox 2922 3795 3045 3850; x_wconf 76' lang='lat' dir='ltr'><strong>quae</strong></span> <span class='ocrx_word' id='word_1_685' title='bbox 3073 3778 3173 3855; x_wconf 83' lang='lat' dir='ltr'><strong>ipsi</strong></span> <span class='ocrx_word' id='word_1_686' title='bbox 3194 3779 3581 3843; x_wconf 81' lang='lat' dir='ltr'><strong>confinximus,</strong></span> 
     </span>
    </p>
   </div>
   <div class='ocr_carea' id='block_1_93' title="bbox 2016 3866 3577 3947">
    <p class='ocr_par' dir='ltr' id='par_1_93' title="bbox 2016 3866 3577 3947">
     <span class='ocr_line' id='line_1_93' title="bbox 2016 3866 3577 3947; baseline -0.006 -17"><span class='ocrx_word' id='word_1_687' title='bbox 2016 3874 2071 3929; x_wconf 90' lang='lat' dir='ltr'><strong>in</strong></span> <span class='ocrx_word' id='word_1_688' title='bbox 2101 3883 2309 3929; x_wconf 90' lang='lat' dir='ltr'><strong>tantum</strong></span> <span class='ocrx_word' id='word_1_689' title='bbox 2332 3882 2392 3927; x_wconf 90' lang='lat' dir='ltr'><strong>ut</strong></span> <span class='ocrx_word' id='word_1_690' title='bbox 2414 3873 2696 3927; x_wconf 90' lang='lat' dir='ltr'><strong>incensum</strong></span> <span class='ocrx_word' id='word_1_691' title='bbox 2730 3870 2823 3947; x_wconf 83' lang='lat' dir='ltr'><strong>Dei</strong></span> <span class='ocrx_word' id='word_1_692' title='bbox 2846 3884 3216 3940; x_wconf 82' lang='lat' dir='ltr'><strong>proponamus</strong></span> <span class='ocrx_word' id='word_1_693' title='bbox 3258 3867 3417 3923; x_wconf 88' lang='lat' dir='ltr'><strong>idolis</strong></span> <span class='ocrx_word' id='word_1_694' title='bbox 3441 3906 3463 3932; x_wconf 54' lang='lat'><strong>,,</strong></span> <span class='ocrx_word' id='word_1_695' title='bbox 3506 3866 3577 3920; x_wconf 90' lang='lat' dir='ltr'><strong>fa-</strong></span> 
     </span>
    </p>
   </div>
   <div class='ocr_carea' id='block_1_94' title="bbox 2014 3953 3585 4031">
    <p class='ocr_par' dir='ltr' id='par_1_94' title="bbox 2014 3953 3585 4031">
     <span class='ocr_line' id='line_1_94' title="bbox 2014 3953 3585 4031; baseline -0.01 -13"><span class='ocrx_word' id='word_1_696' title='bbox 2014 3963 2191 4018; x_wconf 89' lang='lat' dir='ltr'><strong>cimus</strong></span> <span class='ocrx_word' id='word_1_697' title='bbox 2217 3962 2268 4017; x_wconf 82' lang='lat' dir='ltr'><strong>id</strong></span> <span class='ocrx_word' id='word_1_698' title='bbox 2298 3961 2441 4031; x_wconf 82' lang='lat' dir='ltr'><strong>quod</strong></span> <span class='ocrx_word' id='word_1_699' title='bbox 2466 3960 2667 4014; x_wconf 90' lang='lat' dir='ltr'><strong>dicitur</strong></span> <span class='ocrx_word' id='word_1_700' title='bbox 2699 3959 2751 4011; x_wconf 93' lang='lat' dir='ltr'><strong>in</strong></span> <span class='ocrx_word' id='word_1_701' title='bbox 2777 3954 3031 4026; x_wconf 72' lang='lat' dir='ltr'><strong>praesenti</strong></span> <span class='ocrx_word' id='word_1_702' title='bbox 3062 3973 3076 4009; x_wconf 91' lang='lat'><strong>:</strong></span> <span class='ocrx_word' id='word_1_703' title='bbox 3112 3953 3301 4014; x_wconf 75' lang='lat' dir='ltr'><strong>Oleum</strong></span> <span class='ocrx_word' id='word_1_704' title='bbox 3330 3967 3502 4014; x_wconf 60' lang='lat' dir='ltr'><strong>meum</strong></span> <span class='ocrx_word' id='word_1_705' title='bbox 3530 3961 3585 4004; x_wconf 85' lang='lat' dir='ltr'><strong>et</strong></span> 
     </span>
    </p>
   </div>
   <div class='ocr_carea' id='block_1_95' title="bbox 2014 4038 3581 4118">
    <p class='ocr_par' dir='ltr' id='par_1_95' title="bbox 2014 4038 3581 4118">
     <span class='ocr_line' id='line_1_95' title="bbox 2014 4038 3581 4118; baseline -0.008 -11"><span class='ocrx_word' id='word_1_706' title='bbox 2014 4054 2283 4115; x_wconf 80' lang='lat' dir='ltr'><strong>incensum</strong></span> <span class='ocrx_word' id='word_1_707' title='bbox 2302 4066 2472 4106; x_wconf 87' lang='lat' dir='ltr'><strong>meum</strong></span> <span class='ocrx_word' id='word_1_708' title='bbox 2496 4047 2866 4118; x_wconf 67' lang='lat' dir='ltr'><strong>posuistiaute</strong></span> <span class='ocrx_word' id='word_1_709' title='bbox 2898 4043 3086 4113; x_wconf 73' lang='lat' dir='ltr'><strong>[aciem</strong></span> <span class='ocrx_word' id='word_1_710' title='bbox 3124 4058 3324 4097; x_wconf 85' lang='lat' dir='ltr'><strong>eorum.</strong></span> <span class='ocrx_word' id='word_1_711' title='bbox 3384 4038 3581 4097; x_wconf 72' lang='lat' dir='ltr'><strong>Verum</strong></span> 
     </span>
    </p>
   </div>
   <div class='ocr_carea' id='block_1_96' title="bbox 2014 4132 3583 4209">
    <p class='ocr_par' dir='ltr' id='par_1_96' title="bbox 2014 4132 3583 4209">
     <span class='ocr_line' id='line_1_96' title="bbox 2014 4132 3583 4209; baseline -0.008 -9"><span class='ocrx_word' id='word_1_712' title='bbox 2014 4145 2117 4209; x_wconf 81' lang='lat' dir='ltr'><strong>iste</strong></span> <span class='ocrx_word' id='word_1_713' title='bbox 2152 4143 2220 4197; x_wconf 89' lang='lat' dir='ltr'><strong>de</strong></span> <span class='ocrx_word' id='word_1_714' title='bbox 2240 4142 2464 4196; x_wconf 86' lang='lat' dir='ltr'><strong>incenso</strong></span> <span class='ocrx_word' id='word_1_715' title='bbox 2486 4140 2556 4194; x_wconf 91' lang='lat' dir='ltr'><strong>sit</strong></span> <span class='ocrx_word' id='word_1_716' title='bbox 2590 4137 2910 4203; x_wconf 85' lang='lat' dir='ltr'><strong>intellectus.</strong></span> <span class='ocrx_word' id='word_1_717' title='bbox 2947 4135 3089 4202; x_wconf 85' lang='lat' dir='ltr'><strong>Quid</strong></span> <span class='ocrx_word' id='word_1_718' title='bbox 3131 4132 3583 4204; x_wconf 81' lang='lat' dir='ltr'><strong>respondebimus</strong></span> 
     </span>
    </p>
   </div>
   <div class='ocr_carea' id='block_1_97' title="bbox 2015 4224 3580 4301">
    <p class='ocr_par' dir='ltr' id='par_1_97' title="bbox 2015 4224 3580 4301">
     <span class='ocr_line' id='line_1_97' title="bbox 2015 4224 3580 4301; baseline -0.009 -10"><span class='ocrx_word' id='word_1_719' title='bbox 2015 4235 2085 4290; x_wconf 92' lang='lat' dir='ltr'><strong>de</strong></span> <span class='ocrx_word' id='word_1_720' title='bbox 2115 4234 2234 4291; x_wconf 89' lang='lat' dir='ltr'><strong>oleo</strong></span> <span class='ocrx_word' id='word_1_721' title='bbox 2248 4230 2483 4295; x_wconf 79' lang='lat' dir='ltr'><strong>?_-OIeum</strong></span> <span class='ocrx_word' id='word_1_722' title='bbox 2517 4239 2600 4291; x_wconf 84' lang='lat' dir='ltr'><strong>est</strong></span> <span class='ocrx_word' id='word_1_723' title='bbox 2629 4243 2740 4301; x_wconf 88' lang='lat' dir='ltr'><strong>quo</strong></span> <span class='ocrx_word' id='word_1_724' title='bbox 2777 4227 2857 4280; x_wconf 85' lang='lat' dir='ltr'><strong>vir</strong></span> <span class='ocrx_word' id='word_1_725' title='bbox 2885 4235 3107 4281; x_wconf 89' lang='lat' dir='ltr'><strong>sanctus</strong></span> <span class='ocrx_word' id='word_1_726' title='bbox 3134 4226 3375 4296; x_wconf 88' lang='lat' dir='ltr'><strong>ungitur,</strong></span> <span class='ocrx_word' id='word_1_727' title='bbox 3400 4224 3580 4284; x_wconf 82' lang='lat' dir='ltr'><strong>oleum</strong></span> 
     </span>
    </p>
   </div>
   <div class='ocr_carea' id='block_1_98' title="bbox 2013 4314 3581 4389">
    <p class='ocr_par' dir='ltr' id='par_1_98' title="bbox 2013 4314 3581 4389">
     <span class='ocr_line' id='line_1_98' title="bbox 2013 4314 3581 4389; baseline -0.009 -8"><span class='ocrx_word' id='word_1_728' title='bbox 2013 4323 2241 4389; x_wconf 78' lang='lat' dir='ltr'><strong>Christi,</strong></span> <span class='ocrx_word' id='word_1_729' title='bbox 2265 4323 2445 4377; x_wconf 91' lang='lat' dir='ltr'><strong>oleum</strong></span> <span class='ocrx_word' id='word_1_730' title='bbox 2475 4329 2677 4383; x_wconf 64' lang='lat' dir='ltr'><strong>sancta:</strong></span> <span class='ocrx_word' id='word_1_731' title='bbox 2704 4317 2986 4372; x_wconf 70' lang='lat' dir='ltr'><strong>doctrinae.</strong></span> <span class='ocrx_word' id='word_1_732' title='bbox 3023 4316 3161 4371; x_wconf 86' lang='lat' dir='ltr'><strong>Cum</strong></span> <span class='ocrx_word' id='word_1_733' title='bbox 3204 4329 3333 4385; x_wconf 88' lang='lat' dir='ltr'><strong>ergo</strong></span> <span class='ocrx_word' id='word_1_734' title='bbox 3375 4314 3581 4382; x_wconf 82' lang='lat' dir='ltr'><strong>accepit</strong></span> 
     </span>
    </p>
   </div>
   <div class='ocr_carea' id='block_1_99' title="bbox 2013 4404 3583 4486">
    <p class='ocr_par' dir='ltr' id='par_1_99' title="bbox 2013 4404 3583 4486">
     <span class='ocr_line' id='line_1_99' title="bbox 2013 4404 3583 4486; baseline -0.008 -15"><span class='ocrx_word' id='word_1_735' title='bbox 2013 4415 2209 4486; x_wconf 85' lang='lat' dir='ltr'><strong>aliquis</strong></span> <span class='ocrx_word' id='word_1_736' title='bbox 2235 4414 2340 4468; x_wconf 88' lang='lat' dir='ltr'><strong>hoc</strong></span> <span class='ocrx_word' id='word_1_737' title='bbox 2364 4414 2548 4469; x_wconf 84' lang='lat' dir='ltr'><strong>oleum</strong></span> <span class='ocrx_word' id='word_1_738' title='bbox 2573 4426 2683 4483; x_wconf 73' lang='lat' dir='ltr'><strong>Quo</strong></span> <span class='ocrx_word' id='word_1_739' title='bbox 2708 4409 2930 4480; x_wconf 89' lang='lat' dir='ltr'><strong>ungitur</strong></span> <span class='ocrx_word' id='word_1_740' title='bbox 2952 4416 3196 4474; x_wconf 88' lang='lat' dir='ltr'><strong>sanctus,</strong></span> <span class='ocrx_word' id='word_1_741' title='bbox 3223 4407 3273 4461; x_wconf 89' lang='lat' dir='ltr'><strong>id</strong></span> <span class='ocrx_word' id='word_1_742' title='bbox 3295 4416 3379 4461; x_wconf 90' lang='lat' dir='ltr'><strong>est</strong></span> <span class='ocrx_word' id='word_1_743' title='bbox 3433 4404 3583 4461; x_wconf 82' lang='lat' dir='ltr'><strong>Scri-</strong></span> 
     </span>
    </p>
   </div>
   <div class='ocr_carea' id='block_1_100' title="bbox 1939 4499 3580 4601">
    <p class='ocr_par' dir='ltr' id='par_1_100' title="bbox 1939 4499 3580 4601">
     <span class='ocr_line' id='line_1_100' title="bbox 1939 4499 3580 4601; baseline -0.005 -38"><span class='ocrx_word' id='word_1_744' title='bbox 1939 4542 1988 4601; x_wconf 78' lang='lat' dir='ltr'><strong>D</strong></span> <span class='ocrx_word' id='word_1_745' title='bbox 2015 4516 2230 4579; x_wconf 78' lang='lat' dir='ltr'><strong>pturam</strong></span> <span class='ocrx_word' id='word_1_746' title='bbox 2259 4520 2472 4570; x_wconf 84' lang='lat' dir='ltr'><strong>sacram</strong></span> <span class='ocrx_word' id='word_1_747' title='bbox 2509 4504 2878 4569; x_wconf 78' lang='lat' dir='ltr'><strong>instituentem</strong></span> <span class='ocrx_word' id='word_1_748' title='bbox 2905 4501 3178 4573; x_wconf 87' lang='lat' dir='ltr'><strong>quomodo</strong></span> <span class='ocrx_word' id='word_1_749' title='bbox 3203 4507 3448 4570; x_wconf 89' lang='lat' dir='ltr'><strong>oporteat</strong></span> <span class='ocrx_word' id='word_1_750' title='bbox 3481 4499 3580 4554; x_wconf 77' lang='lat' dir='ltr'><strong>ba-</strong></span> 
     </span>
    </p>
   </div>
   <div class='ocr_carea' id='block_1_101' title="bbox 2013 4586 3576 4665">
    <p class='ocr_par' dir='ltr' id='par_1_101' title="bbox 2013 4586 3576 4665">
     <span class='ocr_line' id='line_1_101' title="bbox 2013 4586 3576 4665; baseline -0.004 -16"><span class='ocrx_word' id='word_1_751' title='bbox 2013 4592 2209 4665; x_wconf 81' lang='lat' dir='ltr'><strong>ptizari</strong></span> <span class='ocrx_word' id='word_1_752' title='bbox 2242 4594 2297 4649; x_wconf 90' lang='lat' dir='ltr'><strong>in</strong></span> <span class='ocrx_word' id='word_1_753' title='bbox 2321 4586 2540 4648; x_wconf 88' lang='lat' dir='ltr'><strong>nomine</strong></span> <span class='ocrx_word' id='word_1_754' title='bbox 2560 4590 2760 4655; x_wconf 70' lang='lat' dir='ltr'><strong>Patris,</strong></span> <span class='ocrx_word' id='word_1_755' title='bbox 2788 4599 2843 4646; x_wconf 86' lang='lat' dir='ltr'><strong>et</strong></span> <span class='ocrx_word' id='word_1_756' title='bbox 2861 4589 3006 4658; x_wconf 91' lang='lat' dir='ltr'><strong>Filii,</strong></span> <span class='ocrx_word' id='word_1_757' title='bbox 3029 4599 3085 4645; x_wconf 91' lang='lat' dir='ltr'><strong>et</strong></span> <span class='ocrx_word' id='word_1_758' title='bbox 3111 4588 3344 4659; x_wconf 87' lang='lat' dir='ltr'><strong>Spiritus</strong></span> <span class='ocrx_word' id='word_1_759' title='bbox 3369 4589 3576 4644; x_wconf 87' lang='lat' dir='ltr'><strong>sancti:</strong></span> 
     </span>
    </p>
   </div>
   <div class='ocr_carea' id='block_1_102' title="bbox 2011 4680 3581 4757">
    <p class='ocr_par' dir='ltr' id='par_1_102' title="bbox 2011 4680 3581 4757">
     <span class='ocr_line' id='line_1_102' title="bbox 2011 4680 3581 4757; baseline -0.006 -15"><span class='ocrx_word' id='word_1_760' title='bbox 2011 4696 2068 4743; x_wconf 87' lang='lat' dir='ltr'><strong>et</strong></span> <span class='ocrx_word' id='word_1_761' title='bbox 2087 4701 2259 4757; x_wconf 90' lang='lat' dir='ltr'><strong>pauca</strong></span> <span class='ocrx_word' id='word_1_762' title='bbox 2289 4693 2632 4740; x_wconf 91' lang='lat' dir='ltr'><strong>commutans</strong></span> <span class='ocrx_word' id='word_1_763' title='bbox 2656 4685 2874 4738; x_wconf 78' lang='lat' dir='ltr'><strong>tinxerit</strong></span> <span class='ocrx_word' id='word_1_764' title='bbox 2890 4681 3223 4752; x_wconf 87' lang='lat' dir='ltr'><strong>quempiam,</strong></span> <span class='ocrx_word' id='word_1_765' title='bbox 3248 4689 3301 4734; x_wconf 90' lang='lat' dir='ltr'><strong>et</strong></span> <span class='ocrx_word' id='word_1_766' title='bbox 3321 4680 3581 4750; x_wconf 84' lang='lat' dir='ltr'><strong>quodam-</strong></span> 
     </span>
    </p>
   </div>
   <div class='ocr_carea' id='block_1_103' title="bbox 2013 4772 3580 4844">
    <p class='ocr_par' dir='ltr' id='par_1_103' title="bbox 2013 4772 3580 4844">
     <span class='ocr_line' id='line_1_103' title="bbox 2013 4772 3580 4844; baseline -0.005 -13"><span class='ocrx_word' id='word_1_767' title='bbox 2013 4777 2176 4831; x_wconf 90' lang='lat' dir='ltr'><strong>modo</strong></span> <span class='ocrx_word' id='word_1_768' title='bbox 2208 4775 2424 4839; x_wconf 86' lang='lat' dir='ltr'><strong>dixerit,</strong></span> <span class='ocrx_word' id='word_1_769' title='bbox 2444 4775 2556 4844; x_wconf 88' lang='lat' dir='ltr'><strong>jam</strong></span> <span class='ocrx_word' id='word_1_770' title='bbox 2587 4789 2693 4828; x_wconf 85' lang='lat' dir='ltr'><strong>non</strong></span> <span class='ocrx_word' id='word_1_771' title='bbox 2732 4788 2790 4827; x_wconf 91' lang='lat' dir='ltr'><strong>es</strong></span> <span class='ocrx_word' id='word_1_772' title='bbox 2816 4772 3242 4827; x_wconf 88' lang='lat' dir='ltr'><strong>catechumenus</strong></span> <span class='ocrx_word' id='word_1_773' title='bbox 3262 4809 3277 4835; x_wconf 94' lang='lat'><strong>,</strong></span> <span class='ocrx_word' id='word_1_774' title='bbox 3311 4785 3580 4825; x_wconf 88' lang='lat' dir='ltr'><strong>consecu-</strong></span> 
     </span>
    </p>
   </div>
   <div class='ocr_carea' id='block_1_104' title="bbox 2013 4863 3581 4934">
    <p class='ocr_par' dir='ltr' id='par_1_104' title="bbox 2013 4863 3581 4934">
     <span class='ocr_line' id='line_1_104' title="bbox 2013 4863 3581 4934; baseline -0.004 -11"><span class='ocrx_word' id='word_1_775' title='bbox 2013 4874 2175 4923; x_wconf 88' lang='lat' dir='ltr'><strong>cutus</strong></span> <span class='ocrx_word' id='word_1_776' title='bbox 2201 4882 2260 4922; x_wconf 91' lang='lat' dir='ltr'><strong>es</strong></span> <span class='ocrx_word' id='word_1_777' title='bbox 2281 4867 2553 4921; x_wconf 84' lang='lat' dir='ltr'><strong>lavacrum</strong></span> <span class='ocrx_word' id='word_1_778' title='bbox 2576 4864 2828 4921; x_wconf 69' lang='lat' dir='ltr'><strong>secunda:</strong></span> <span class='ocrx_word' id='word_1_779' title='bbox 2840 4863 3202 4934; x_wconf 85' lang='lat' dir='ltr'><strong>generationis</strong></span> <span class='ocrx_word' id='word_1_780' title='bbox 3226 4880 3241 4929; x_wconf 90' lang='lat'><strong>;</strong></span> <span class='ocrx_word' id='word_1_781' title='bbox 3272 4864 3392 4919; x_wconf 80' lang='lat' dir='ltr'><strong>talis</strong></span> <span class='ocrx_word' id='word_1_782' title='bbox 3415 4863 3581 4918; x_wconf 90' lang='lat' dir='ltr'><strong>homo</strong></span> 
     </span>
    </p>
   </div>
   <div class='ocr_carea' id='block_1_105' title="bbox 2017 4954 3581 5026">
    <p class='ocr_par' dir='ltr' id='par_1_105' title="bbox 2017 4954 3581 5026">
     <span class='ocr_line' id='line_1_105' title="bbox 2017 4954 3581 5026; baseline -0.003 -15"><span class='ocrx_word' id='word_1_783' title='bbox 2017 4957 2212 5026; x_wconf 90' lang='lat' dir='ltr'><strong>accipit</strong></span> <span class='ocrx_word' id='word_1_784' title='bbox 2234 4957 2411 5012; x_wconf 91' lang='lat' dir='ltr'><strong>oleum</strong></span> <span class='ocrx_word' id='word_1_785' title='bbox 2445 4955 2562 5024; x_wconf 82' lang='lat' dir='ltr'><strong>Dei,</strong></span> <span class='ocrx_word' id='word_1_786' title='bbox 2589 4964 2642 5009; x_wconf 86' lang='lat' dir='ltr'><strong>et</strong></span> <span class='ocrx_word' id='word_1_787' title='bbox 2672 4956 2975 5022; x_wconf 90' lang='lat' dir='ltr'><strong>incensum,</strong></span> <span class='ocrx_word' id='word_1_788' title='bbox 3001 4962 3055 5009; x_wconf 90' lang='lat' dir='ltr'><strong>et</strong></span> <span class='ocrx_word' id='word_1_789' title='bbox 3097 4955 3249 5025; x_wconf 91' lang='lat' dir='ltr'><strong>ponit</strong></span> <span class='ocrx_word' id='word_1_790' title='bbox 3277 4954 3407 5009; x_wconf 87' lang='lat' dir='ltr'><strong>illud</strong></span> <span class='ocrx_word' id='word_1_791' title='bbox 3455 4962 3581 5008; x_wconf 89' lang='lat' dir='ltr'><strong>ante</strong></span> 
     </span>
    </p>
   </div>
   <div class='ocr_carea' id='block_1_106' title="bbox 2016 5028 3581 5116">
    <p class='ocr_par' dir='ltr' id='par_1_106' title="bbox 2016 5028 3581 5116">
     <span class='ocr_line' id='line_1_106' title="bbox 2016 5028 3581 5116; baseline -0.004 -14"><span class='ocrx_word' id='word_1_792' title='bbox 2016 5046 2210 5102; x_wconf 89' lang='lat' dir='ltr'><strong>faciem</strong></span> <span class='ocrx_word' id='word_1_793' title='bbox 2237 5048 2526 5102; x_wconf 77' lang='lat' dir='ltr'><strong>idolorum.</strong></span> <span class='ocrx_word' id='word_1_794' title='bbox 2571 5045 2638 5100; x_wconf 83' lang='lat' dir='ltr'><strong>Et</strong></span> <span class='ocrx_word' id='word_1_795' title='bbox 2665 5028 2823 5114; x_wconf 65' lang='lat' dir='ltr'><strong>partes</strong></span> <span class='ocrx_word' id='word_1_796' title='bbox 2852 5061 2990 5104; x_wconf 77' lang='lat' dir='ltr'><strong>meos</strong></span> <span class='ocrx_word' id='word_1_797' title='bbox 3035 5062 3163 5116; x_wconf 82' lang='lat' dir='ltr'><strong>quos</strong></span> <span class='ocrx_word' id='word_1_798' title='bbox 3190 5045 3310 5099; x_wconf 86' lang='lat' dir='ltr'><strong>dedi</strong></span> <span class='ocrx_word' id='word_1_799' title='bbox 3338 5044 3451 5112; x_wconf 83' lang='lat' dir='ltr'><strong>tibi,</strong></span> <span class='ocrx_word' id='word_1_800' title='bbox 3506 5045 3581 5097; x_wconf 81' lang='lat' dir='ltr'><strong>si-</strong></span> 
     </span>
    </p>
   </div>
   <div class='ocr_carea' id='block_1_107' title="bbox 2016 5137 3579 5206">
    <p class='ocr_par' dir='ltr' id='par_1_107' title="bbox 2016 5137 3579 5206">
     <span class='ocr_line' id='line_1_107' title="bbox 2016 5137 3579 5206; baseline -0.001 -15"><span class='ocrx_word' id='word_1_801' title='bbox 2016 5139 2231 5206; x_wconf 83' lang='lat' dir='ltr'><strong>mila,et</strong></span> <span class='ocrx_word' id='word_1_802' title='bbox 2271 5138 2439 5203; x_wconf 75' lang='lat' dir='ltr'><strong>melle,</strong></span> <span class='ocrx_word' id='word_1_803' title='bbox 2476 5149 2522 5192; x_wconf 85' lang='lat' dir='ltr'><strong>et</strong></span> <span class='ocrx_word' id='word_1_804' title='bbox 2552 5138 2663 5199; x_wconf 79' lang='lat' dir='ltr'><strong>oleo</strong></span> <span class='ocrx_word' id='word_1_805' title='bbox 2694 5137 2863 5198; x_wconf 72' lang='lat' dir='ltr'><strong>cibari</strong></span> <span class='ocrx_word' id='word_1_806' title='bbox 2898 5148 2946 5191; x_wconf 89' lang='lat' dir='ltr'><strong>te</strong></span> <span class='ocrx_word' id='word_1_807' title='bbox 2974 5138 3042 5192; x_wconf 68' lang='grc'><strong>⁷³.</strong></span> <span class='ocrx_word' id='word_1_808' title='bbox 3093 5138 3231 5192; x_wconf 89' lang='lat' dir='ltr'><strong>Ecce</strong></span> <span class='ocrx_word' id='word_1_809' title='bbox 3284 5152 3450 5206; x_wconf 87' lang='lat' dir='ltr'><strong>panes</strong></span> <span class='ocrx_word' id='word_1_810' title='bbox 3485 5151 3579 5190; x_wconf 87' lang='lat' dir='ltr'><strong>no-</strong></span> 
     </span>
    </p>
   </div>
   <div class='ocr_carea' id='block_1_108' title="bbox 2014 5228 3578 5299">
    <p class='ocr_par' dir='ltr' id='par_1_108' title="bbox 2014 5228 3578 5299">
     <span class='ocr_line' id='line_1_108' title="bbox 2014 5228 3578 5299; baseline -0.002 -13"><span class='ocrx_word' id='word_1_811' title='bbox 2014 5230 2113 5286; x_wconf 86' lang='lat' dir='ltr'><strong>stri</strong></span> <span class='ocrx_word' id='word_1_812' title='bbox 2179 5230 2355 5294; x_wconf 77' lang='lat' dir='ltr'><strong>simila</strong></span> <span class='ocrx_word' id='word_1_813' title='bbox 2403 5230 2760 5289; x_wconf 83' lang='lat' dir='ltr'><strong>mundissima</strong></span> <span class='ocrx_word' id='word_1_814' title='bbox 2808 5231 2862 5294; x_wconf 82' lang='lat' dir='ltr'><strong>in</strong></span> <span class='ocrx_word' id='word_1_815' title='bbox 2926 5229 3263 5299; x_wconf 86' lang='lat' dir='ltr'><strong>Scripturis,</strong></span> <span class='ocrx_word' id='word_1_816' title='bbox 3314 5240 3367 5283; x_wconf 89' lang='lat' dir='ltr'><strong>et</strong></span> <span class='ocrx_word' id='word_1_817' title='bbox 3419 5228 3578 5283; x_wconf 82' lang='lat' dir='ltr'><strong>mella</strong></span> 
     </span>
    </p>
   </div>
   <div class='ocr_carea' id='block_1_109' title="bbox 2014 5321 3577 5393">
    <p class='ocr_par' dir='ltr' id='par_1_109' title="bbox 2014 5321 3577 5393">
     <span class='ocr_line' id='line_1_109' title="bbox 2014 5321 3577 5393; baseline 0 -17"><span class='ocrx_word' id='word_1_818' title='bbox 2014 5337 2178 5393; x_wconf 89' lang='lat' dir='ltr'><strong>apum</strong></span> <span class='ocrx_word' id='word_1_819' title='bbox 2225 5321 2338 5392; x_wconf 90' lang='grc'><strong>(18)</strong></span> <span class='ocrx_word' id='word_1_820' title='bbox 2390 5323 2799 5393; x_wconf 86' lang='lat' dir='ltr'><strong>prophetarum.</strong></span> <span class='ocrx_word' id='word_1_821' title='bbox 2844 5322 2952 5379; x_wconf 83' lang='lat' dir='ltr'><strong>Ista</strong></span> <span class='ocrx_word' id='word_1_822' title='bbox 3005 5324 3189 5377; x_wconf 87' lang='lat' dir='ltr'><strong>omnia</strong></span> <span class='ocrx_word' id='word_1_823' title='bbox 3235 5322 3378 5376; x_wconf 90' lang='lat' dir='ltr'><strong>dedit</strong></span> <span class='ocrx_word' id='word_1_824' title='bbox 3421 5321 3577 5376; x_wconf 86' lang='lat' dir='ltr'><strong>nubis</strong></span> 
     </span>
    </p>
   </div>
   <div class='ocr_carea' id='block_1_110' title="bbox 2018 5412 3578 5485">
    <p class='ocr_par' dir='ltr' id='par_1_110' title="bbox 2018 5412 3578 5485">
     <span class='ocr_line' id='line_1_110' title="bbox 2018 5412 3578 5485; baseline 0.001 -18"><span class='ocrx_word' id='word_1_825' title='bbox 2018 5412 2185 5481; x_wconf 88' lang='lat' dir='ltr'><strong>Deus,</strong></span> <span class='ocrx_word' id='word_1_826' title='bbox 2210 5425 2267 5475; x_wconf 82' lang='lat' dir='ltr'><strong>et</strong></span> <span class='ocrx_word' id='word_1_827' title='bbox 2287 5414 2486 5477; x_wconf 76' lang='lat' dir='ltr'><strong>ciba_vit</strong></span> <span class='ocrx_word' id='word_1_828' title='bbox 2504 5430 2606 5476; x_wconf 88' lang='lat' dir='ltr'><strong>nos</strong></span> <span class='ocrx_word' id='word_1_829' title='bbox 2627 5415 2693 5470; x_wconf 90' lang='lat' dir='ltr'><strong>de</strong></span> <span class='ocrx_word' id='word_1_830' title='bbox 2715 5415 2946 5485; x_wconf 87' lang='lat' dir='ltr'><strong>panibus</strong></span> <span class='ocrx_word' id='word_1_831' title='bbox 2970 5415 3376 5485; x_wconf 88' lang='lat' dir='ltr'><strong>prophetarum,</strong></span> <span class='ocrx_word' id='word_1_832' title='bbox 3410 5419 3465 5467; x_wconf 87' lang='lat' dir='ltr'><strong>et</strong></span> <span class='ocrx_word' id='word_1_833' title='bbox 3511 5413 3578 5473; x_wconf 85' lang='lat' dir='ltr'><strong>de</strong></span> 
     </span>
    </p>
   </div>
   <div class='ocr_carea' id='block_1_111' title="bbox 414 5525 1915 5603">
    <p class='ocr_par' dir='ltr' id='par_1_111' title="bbox 414 5525 1915 5599">
     <span class='ocr_line' id='line_1_111' title="bbox 414 5525 1915 5599; baseline 0.006 -21"><span class='ocrx_word' id='word_1_834' title='bbox 414 5525 460 5558; x_wconf 79' lang='lat'><strong>&quot;</strong></span> <span class='ocrx_word' id='word_1_835' title='bbox 494 5525 689 5582; x_wconf 85' lang='lat' dir='ltr'><strong>Ezccb.</strong></span> <span class='ocrx_word' id='word_1_836' title='bbox 720 5543 845 5594; x_wconf 79' lang='lat' dir='ltr'><strong>xu,</strong></span> <span class='ocrx_word' id='word_1_837' title='bbox 878 5527 965 5585; x_wconf 91' lang='grc'><strong>18.</strong></span> <span class='ocrx_word' id='word_1_838' title='bbox 1038 5530 1085 5562; x_wconf 82' lang='grc'><strong>⁸⁸</strong></span> <span class='ocrx_word' id='word_1_839' title='bbox 1114 5529 1303 5586; x_wconf 84' lang='lat' dir='ltr'><strong>Matth.</strong></span> <span class='ocrx_word' id='word_1_840' title='bbox 1334 5547 1491 5587; x_wconf 68' lang='grc' dir='ltr'>χχιιι.</span> <span class='ocrx_word' id='word_1_841' title='bbox 1513 5531 1569 5599; x_wconf 76' lang='lat'><strong>2,</strong></span> <span class='ocrx_word' id='word_1_842' title='bbox 1597 5532 1649 5586; x_wconf 76' lang='lat'><strong>3.</strong></span> <span class='ocrx_word' id='word_1_843' title='bbox 1722 5533 1767 5573; x_wconf 74' lang='grc' dir='ltr'><strong>⁸ο</strong></span> <span class='ocrx_word' id='word_1_844' title='bbox 1797 5531 1915 5589; x_wconf 74' lang='grc' dir='ltr'>Ειθι</span> 
     </span>
    </p>
   </div>
   <div class='ocr_carea' id='block_1_112' title="bbox 2012 5525 3368 5603">
    <p class='ocr_par' dir='ltr' id='par_1_112' title="bbox 2026 5531 3368 5603">
     <span class='ocr_line' id='line_1_112' title="bbox 2026 5531 3368 5603; baseline -0.001 -15"><span class='ocrx_word' id='word_1_845' title='bbox 2026 5549 2145 5598; x_wconf 80' lang='lat' dir='ltr'><strong>xvi,</strong></span> <span class='ocrx_word' id='word_1_846' title='bbox 2177 5534 2264 5588; x_wconf 79' lang='grc'><strong>18.</strong></span> <span class='ocrx_word' id='word_1_847' title='bbox 2338 5534 2393 5566; x_wconf 56' lang='grc' dir='ltr'><strong>⁷⁸η</strong></span> <span class='ocrx_word' id='word_1_848' title='bbox 2419 5537 2586 5603; x_wconf 88' lang='lat' dir='ltr'><strong>Apoc.</strong></span> <span class='ocrx_word' id='word_1_849' title='bbox 2622 5550 2674 5590; x_wconf 92' lang='lat' dir='ltr'><strong>v.</strong></span> <span class='ocrx_word' id='word_1_850' title='bbox 2699 5533 2752 5588; x_wconf 93' lang='lat'><strong>8.</strong></span> <span class='ocrx_word' id='word_1_851' title='bbox 2830 5534 2872 5567; x_wconf 82' lang='grc'><strong>⁷¹</strong></span> <span class='ocrx_word' id='word_1_852' title='bbox 2902 5531 3101 5588; x_wconf 87' lang='lat' dir='ltr'><strong>Ezech.</strong></span> <span class='ocrx_word' id='word_1_853' title='bbox 3132 5547 3243 5597; x_wconf 71' lang='lat' dir='ltr'><strong>xw,</strong></span> <span class='ocrx_word' id='word_1_854' title='bbox 3280 5532 3368 5587; x_wconf 85' lang='grc'><strong>19.</strong></span> 
     </span>
    </p>
   </div>
   <div class='ocr_carea' id='block_1_113' title="bbox 415 5662 1905 5734">
    <p class='ocr_par' dir='ltr' id='par_1_113' title="bbox 415 5662 1905 5734">
     <span class='ocr_line' id='line_1_113' title="bbox 415 5662 1905 5734; baseline 0.003 -18"><span class='ocrx_word' id='word_1_855' title='bbox 415 5664 528 5734; x_wconf 75' lang='lat' dir='ltr'><strong>(l8)</strong></span> <span class='ocrx_word' id='word_1_856' title='bbox 564 5663 643 5734; x_wconf 80' lang='lat' dir='ltr'><strong>Et</strong></span> <span class='ocrx_word' id='word_1_857' title='bbox 669 5662 826 5717; x_wconf 85' lang='lat' dir='ltr'><strong>mella</strong></span> <span class='ocrx_word' id='word_1_858' title='bbox 852 5680 1045 5733; x_wconf 85' lang='lat' dir='ltr'><strong>apum,</strong></span> <span class='ocrx_word' id='word_1_859' title='bbox 1069 5674 1176 5721; x_wconf 88' lang='lat' dir='ltr'><strong>etc.</strong></span> <span class='ocrx_word' id='word_1_860' title='bbox 1204 5666 1422 5721; x_wconf 66' lang='lat' dir='ltr'><strong>Catena:</strong></span> <span class='ocrx_word' id='word_1_861' title='bbox 1462 5681 1597 5721; x_wconf 89' lang='lat' dir='ltr'><strong>mss.</strong></span> <span class='ocrx_word' id='word_1_862' title='bbox 1622 5684 1636 5719; x_wconf 88' lang='lat'><strong>:</strong></span> <span class='ocrx_word' id='word_1_863' title='bbox 1667 5666 1805 5721; x_wconf 81' lang='grc' dir='ltr'>Μέλι</span> <span class='ocrx_word' id='word_1_864' title='bbox 1840 5666 1905 5721; x_wconf 83' lang='grc' dir='ltr'>ἂν</span> 
     </span>
    </p>
   </div>
   <div class='ocr_carea' id='block_1_114' title="bbox 416 5733 1906 5809">
    <p class='ocr_par' dir='ltr' id='par_1_114' title="bbox 416 5733 1906 5809">
     <span class='ocr_line' id='line_1_114' title="bbox 416 5733 1906 5809; baseline 0.003 -23"><span class='ocrx_word' id='word_1_865' title='bbox 416 5733 614 5809; x_wconf 26' lang='grc' dir='ltr'><strong>λιισσῷγ</strong></span> <span class='ocrx_word' id='word_1_866' title='bbox 643 5735 781 5787; x_wconf 76' lang='grc' dir='ltr'><strong>εἰσιν</strong></span> <span class='ocrx_word' id='word_1_867' title='bbox 806 5735 957 5809; x_wconf 36' lang='lat' dir='ltr'><strong>uineae</strong></span> <span class='ocrx_word' id='word_1_868' title='bbox 982 5735 1087 5789; x_wconf 79' lang='grc' dir='ltr'><strong>τῶν</strong></span> <span class='ocrx_word' id='word_1_869' title='bbox 1112 5736 1402 5809; x_wconf 64' lang='grc' dir='ltr'><strong>προφηιεῶν</strong></span> <span class='ocrx_word' id='word_1_870' title='bbox 1432 5735 1653 5809; x_wconf 54' lang='lat' dir='ltr'><strong>Occupat</strong></span> <span class='ocrx_word' id='word_1_871' title='bbox 1687 5738 1787 5809; x_wconf 56' lang='grc' dir='ltr'><strong>καὶ1</strong></span> <span class='ocrx_word' id='word_1_872' title='bbox 1799 5737 1906 5791; x_wconf 83' lang='grc' dir='ltr'><strong>τῶν</strong></span> 
     </span>
    </p>
   </div>
   <div class='ocr_carea' id='block_1_115' title="bbox 389 5802 1903 5879">
    <p class='ocr_par' dir='ltr' id='par_1_115' title="bbox 389 5802 1903 5879">
     <span class='ocr_line' id='line_1_115' title="bbox 389 5802 1903 5879; baseline 0.003 -22"><span class='ocrx_word' id='word_1_873' title='bbox 389 5802 723 5876; x_wconf 70' lang='grc' dir='ltr'><strong>ὑαγγελίωνο</strong></span> <span class='ocrx_word' id='word_1_874' title='bbox 753 5804 1049 5875; x_wconf 76' lang='grc' dir='ltr'><strong>σεμξδαλις,</strong></span> <span class='ocrx_word' id='word_1_875' title='bbox 1081 5807 1136 5861; x_wconf 82' lang='grc' dir='ltr'>αἱ</span> <span class='ocrx_word' id='word_1_876' title='bbox 1158 5802 1363 5865; x_wconf 48' lang='grc' dir='ltr'><strong>’ἐκλέῶν</strong></span> <span class='ocrx_word' id='word_1_877' title='bbox 1390 5802 1619 5863; x_wconf 74' lang='grc' dir='ltr'>ἐντολῶν</span> <span class='ocrx_word' id='word_1_878' title='bbox 1649 5807 1870 5879; x_wconf 78' lang='grc' dir='ltr'><strong>πράξεις</strong></span> <span class='ocrx_word' id='word_1_879' title='bbox 1889 5849 1903 5875; x_wconf 84' lang='grc'><strong>,</strong></span> 
     </span>
    </p>
   </div>
   <div class='ocr_carea' id='block_1_116' title="bbox 2010 5665 3574 5741">
    <p class='ocr_par' dir='ltr' id='par_1_116' title="bbox 2010 5665 3574 5741">
     <span class='ocr_line' id='line_1_116' title="bbox 2010 5665 3574 5741; baseline 0.003 -21"><span class='ocrx_word' id='word_1_880' title='bbox 2010 5667 2258 5741; x_wconf 55' lang='lat' dir='ltr'><strong>natabant</strong></span> <span class='ocrx_word' id='word_1_881' title='bbox 2297 5666 2387 5721; x_wconf 78' lang='grc' dir='ltr'><strong>τὸν</strong></span> <span class='ocrx_word' id='word_1_882' title='bbox 2428 5668 2589 5741; x_wconf 51' lang='grc' dir='ltr'>ᾅρῖον</span> <span class='ocrx_word' id='word_1_883' title='bbox 2630 5668 2728 5740; x_wconf 77' lang='grc' dir='ltr'><strong>τὴν</strong></span> <span class='ocrx_word' id='word_1_884' title='bbox 2777 5667 3000 5741; x_wconf 26' lang='grc' dir='ltr'><strong>καρδᾼίᾳν</strong></span> <span class='ocrx_word' id='word_1_885' title='bbox 3042 5665 3356 5741; x_wconf 72' lang='grc' dir='ltr'>ἀνθρώπου.</span> <span class='ocrx_word' id='word_1_886' title='bbox 3392 5668 3574 5741; x_wconf 74' lang='grc' dir='ltr'><strong>Τᾳῦτττ</strong></span> 
     </span>
    </p>
   </div>
   <div class='ocr_carea' id='block_1_117' title="bbox 2010 5737 3574 5811">
    <p class='ocr_par' dir='ltr' id='par_1_117' title="bbox 2010 5737 3574 5811">
     <span class='ocr_line' id='line_1_117' title="bbox 2010 5737 3574 5811; baseline 0 -18"><span class='ocrx_word' id='word_1_887' title='bbox 2010 5737 2355 5811; x_wconf 67' lang='grc' dir='ltr'><strong>ἀνατιθέασιν</strong></span> <span class='ocrx_word' id='word_1_888' title='bbox 2400 5737 2656 5811; x_wconf 45' lang='lat' dir='ltr'><strong>caepione,</strong></span> <span class='ocrx_word' id='word_1_889' title='bbox 2686 5737 2754 5793; x_wconf 73' lang='grc' dir='ltr'><strong>ὀἱ</strong></span> <span class='ocrx_word' id='word_1_890' title='bbox 2802 5737 2865 5792; x_wconf 63' lang='grc' dir='ltr'><strong>ὲπί</strong></span> <span class='ocrx_word' id='word_1_891' title='bbox 2903 5737 3274 5811; x_wconf 59' lang='grc' dir='ltr'><strong>δόγματι-ικαὶ</strong></span> <span class='ocrx_word' id='word_1_892' title='bbox 3319 5739 3574 5811; x_wconf 77' lang='grc' dir='ltr'>πράξεσιν</span> 
     </span>
    </p>
   </div>
   <div class='ocr_carea' id='block_1_118' title="bbox 2012 5808 3574 5880">
    <p class='ocr_par' dir='ltr' id='par_1_118' title="bbox 2012 5808 3574 5880">
     <span class='ocr_line' id='line_1_118' title="bbox 2012 5808 3574 5880; baseline -0.003 -17"><span class='ocrx_word' id='word_1_893' title='bbox 2012 5809 2430 5880; x_wconf 73' lang='grc' dir='ltr'><strong>ἁμαρτάνοντες.</strong></span> <span class='ocrx_word' id='word_1_894' title='bbox 2474 5808 2587 5864; x_wconf 81' lang='lat' dir='ltr'><strong>Mcl</strong></span> <span class='ocrx_word' id='word_1_895' title='bbox 2614 5825 2807 5879; x_wconf 80' lang='lat' dir='ltr'><strong>apum,</strong></span> <span class='ocrx_word' id='word_1_896' title='bbox 2850 5808 3313 5879; x_wconf 69' lang='lat' dir='ltr'><strong>contemplationes</strong></span> <span class='ocrx_word' id='word_1_897' title='bbox 3349 5808 3469 5869; x_wconf 68' lang='lat' dir='ltr'><strong>sunt</strong></span> <span class='ocrx_word' id='word_1_898' title='bbox 3508 5821 3574 5859; x_wconf 68' lang='lat' dir='ltr'><strong>ea:</strong></span> 
     </span>
    </p>
   </div>
  </div>
