4070 6296
309 397 414 453 723

1688 383 1970 445 IIOMILIA
2011 385 2143 441 VIII.

3460 386 3565 444 730

307 529 442 572 sitos
461 514 518 568 in
547 512 862 568 melioribus
888 510 1255 578 constituere;
1282 510 1378 567 sed
1401 509 1527 580 quia
1559 508 1733 565 noluit
1753 521 1887 561 con-
1914 503 1959 560 Α
1987 505 2197 560 alienos
2225 521 2254 559 a
2288 505 2514 561 veritate
2543 504 2875 561 aedificantes
2899 502 3122 559 domum
3149 518 3216 559 ex
3239 501 3326 560 bis
3357 518 3566 560 sermo-

307 606 432 658 silia
466 603 676 669 audire,
713 602 889 656 uoluit
936 601 1029 656 Dei
1066 602 1305 670 recipere
1336 607 1624 670 prmccpta,
1674 597 1886 652 dubitat

305 696 473 762 Deus,
504 702 554 748 et
583 709 644 748 se
675 692 806 751 dicit
839 692 1051 747 nescire
1078 693 1207 762 quid
1242 693 1425 747 faciat.
1460 690 1528 745 In
1558 707 1659 760 quo
1682 690 1883 743 consti-

304 797 453 839 tuam
475 800 567 838 cor
592 793 763 849 tuum,
784 783 916 836 dicit
941 784 1153 838 Adonai
1175 784 1427 837 Dominus
1446 785 1471 837 ?
1489 782 1627 849 Quid
1652 781 1886 836 faciam?

304 879 356 933 in
383 892 495 946 quo
515 877 843 930 constituam
863 875 885 929 ?
905 874 1087 930 Multis
1110 885 1451 945 peccatorum
1469 875 1702 930 vinculis
1718 873 1884 929 strin-

303 969 469 1041 get-is,
501 968 698 1023 delicta
732 977 824 1029 tua
853 968 1144 1037 prohibent
1184 969 1350 1023 vitam
1391 976 1562 1030 tuam,
1589 976 1650 1022 ut
1681 983 1712 1021 a
1744 966 1883 1022 meis

301 1060 655 1118 sermonibus
689 1059 1065 1114 constituaris.
1102 1059 1216 1130 Ego
1259 1060 1376 1130 Ipse
1409 1059 1720 1129 frequenter
1749 1072 1886 1113 con-

299 1153 528 1208 stituere
549 1151 724 1218 volui,
757 1149 982 1221 loquens
1013 1151 1108 1204 tibi
1132 1166 1227 1220 per
1250 1162 1469 1211 sanctos
1498 1165 1672 1214 meos,
1695 1159 1748 1204 et
1771 1163 1880 1202 non

295 1247 526 1303 audisti.
560 1244 719 1300 Nunc
745 1245 938 1316 ignoro
966 1244 1098 1314 quid
1131 1243 1353 1309 faciam,
1389 1254 1442 1298 et
1471 1245 1594 1299 dico
1633 1243 1730 1296 tibi
1767 1261 1778 1295 :
1813 1241 1880 1296 1η

291 1356 400 1410 quo
446 1340 768 1394 constituam
811 1353 902 1390 cor
945 1348 1119 1402 tuum,
1161 1338 1293 1390 dicit
1338 1337 1546 1390 Δάοηαὶ
1597 1335 1876 1399 Dominus,

289 1447 416 1484 cum
450 1439 507 1482 tu
547 1429 717 1498 facias
762 1428 870 1480 [nec
911 1429 1094 1480 omnia
1126 1443 1285 1496 opera
1319 1427 1558 1481 mulieris
1591 1427 1878 1480 meretricis

285 1522 580 1591 procacis?
610 1518 761 1588 Saepe
791 1517 1034 1572 diximus
1059 1518 1187 1587 quia
1213 1517 1560 1573 fortitudines
1591 1517 1878 1572 contrariae

286 1623 488 1669 amant
535 1610 978 1683 pulchritudines
1017 1614 1212 1666 animae
1264 1614 1536 1675 humanae,
1572 1618 1626 1664 et
1657 1609 1878 1680 quando

285 1707 533 1775 suscipit
565 1709 746 1761 anima
782 1709 1020 1762 humana
1051 1704 1261 1761 semina
1289 1713 1595 1758 amatorum
1625 1717 1873 1768 suorum,

284 1797 707 1875 quodammodo
755 1799 1055 1855 fornicetur
1096 1813 1219 1852 cum
1267 1797 1378 1862 eis;
1423 1795 1515 1851 sed
1552 1794 1681 1865 quia
1723 1802 1777 1850 et
1818 1795 1873 1848 in

282 1892 579 1948 Communi
623 1891 732 1946 vita
778 1901 906 1948 sunt
939 1891 1134 1961 aliqua:
1169 1889 1500 1950 meretrices,
1543 1901 1666 1957 qua:
1701 1884 1874 1940 forni-

282 1987 496 2035 cantur
522 1996 644 2035 cum
676 1981 1004 2036 verecundia
1040 1980 1208 2034 latere
1237 1979 1555 2047 cupientes;
1587 1977 1708 2030 aliae
1740 1991 1872 2031 vero

282 2088 420 2150 qua:
451 2089 556 2130 non
587 2073 760 2128 solum
787 2073 992 2142 pudore
1023 2071 1217 2126 delicta
1249 2085 1357 2123 non
1395 2069 1597 2133 velant,
1625 2067 1717 2123 sed
1748 2082 1874 2122 cum

287 2163 446 2218 omni
493 2177 552 2217 se
595 2162 925 2234 procacitate
985 2161 1357 2230 prostituunt;
1403 2157 1525 2213 ideo
1576 2155 1877 2225 assumpsit

287 2253 602 2322 exemplum
631 2252 826 2308 animae
855 2249 1159 2304 meretricis
1184 2248 1236 2302 in
1261 2247 1560 2316 peccatrice
1587 2247 1691 2301 ista
1714 2244 1877 2300 Jeru-

288 2343 488 2407 salem,
521 2353 574 2397 et
598 2343 676 2401 ait
703 2357 822 2396 eam
854 2341 1088 2397 similem
1120 2339 1319 2394 factam
1352 2337 1598 2393 mulieris
1632 2336 1877 2391 fornica-

288 2436 392 2489 riae
423 2434 673 2504 procacis
696 2433 750 2488 in
778 2432 1140 2488 fornicatione
1165 2447 1283 2486 sua.
1315 2428 1470 2498 Saepe
1499 2445 1530 2483 a
1555 2428 1716 2482 nobis
1744 2427 1874 2482 talia

288 2527 733 2586 committuntur.
771 2525 876 2599 Qui
929 2526 1075 2580 enim
1123 2539 1155 2579 a
1203 2522 1467 2592 religione
1511 2535 1622 2575 non
1657 2521 1876 2589 penitus

289 2625 664 2683 τερθεδθνυιιι,
693 2617 992 2671 vincuntur
1018 2628 1148 2668 ναι-ο
1179 2627 1208 2666 a
1233 2620 1480 2681 peccato,
1511 2618 1564 2664 et
1583 2615 1875 2678 peccantes

288 2711 463 2766 latere
491 2709 824 2770 desiderant,
865 2705 1066 2760 similia
1114 2703 1326 2760 faciunt
1368 2701 1642 2756 meretrici
1675 2701 1873 2753 erube-

292 2799 494 2854 scenti.
528 2798 632 2864 Qui
671 2812 797 2851 vero
825 2797 1141 2865 religionem
1185 2793 1404 2864 penitus
1437 2800 1778 2854 aversantur,
1818 2789 1873 2843 in

293 2899 510 2944 tantum
548 2900 608 2944 ut
636 2905 742 2943 non
777 2898 970 2942 curent
1008 2888 1075 2943 de
1105 2888 1384 2957 episc0po,
1416 2884 1483 2939 de
1513 2880 1869 2954 presbyteris,

289 2985 361 3039 de
386 2984 651 3050 diacouis,
689 2983 756 3038 de
787 2980 1072 3046 fratribus,
1102 2981 1197 3035 sed
1226 2994 1351 3034 cum
1371 2977 1517 3032 omni
1544 2975 1873 3045 procacitate

289 3074 636 3143 delinquunt,
668 3073 878 3128 similes
899 3073 1039 3127 fiunt
1061 3069 1336 3126 meretrici
1365 3083 1490 3124 cum
1521 3065 1718 3122 fiducia
1746 3082 1872 3137 pro~

1987 594 2148 650 nibus
2185 595 2278 665 qui
2318 596 2372 650 in
2412 593 2596 666 Moyse
2636 595 2911 665 leguntur,
2947 610 3015 650 ex
3050 594 3136 650 bis
3164 609 3303 665 quos
3339 594 3393 649 in
3427 593 3561 649 Isaia

1986 694 2040 738 et
2064 683 2319 751 Jeremia,
2354 695 2408 739 et
2437 685 2718 756 prephetis
2742 685 2966 756 reliquis
2991 685 3332 751 invenerunt,
3363 683 3568 740 intelli-

1984 775 2067 845 gis
2100 789 2270 830 novas
2300 774 2577 831 doctrinas
2618 774 3036 831 fornicationem
3073 790 3197 830 esse
3233 773 3563 842 Jerusalem,

1984 879 2106 934 quae
2137 865 2367 919 aediﬁcat
2401 865 2632 935 lupanar
2660 881 2820 921 suum
2853 879 2958 919 non
2989 863 3044 918 in
3071 863 3222 918 omni
3250 863 3358 930 via,
3384 863 3559 919 sed-in

1983 955 2160 1024 capite
2185 956 2366 1010 omnis
2391 955 2508 1010 viae.
2529 954 2586 1009 Si
2616 957 2758 1010 enim
2781 963 3090 1026 praeventus
3116 954 3239 1024 quis
3261 952 3423 1008 fuerit
3443 962 3566 1024 post

1983 1047 2311 1117 principium
2342 1047 2534 1118 Moysi,
2565 1048 2852 1102 exordium
2883 1047 3295 1118 prophetarum,
3333 1046 3400 1101 ad
3432 1061 3563 1115 pro-

1981 1136 2209 1192 fundum
2245 1138 2364 1208 ejus
2399 1147 2453 1192 et
2488 1138 2770 1193 scientiam
2811 1139 3056 1193 omnium
3083 1139 3384 1208 pervenire,
3428 1137 3564 1192 nihil

1981 1238 2160 1298 potest
2192 1229 2370 1284 facere
2399 1231 2502 1284 ista
2534 1231 2788 1284 meretrix
2819 1229 3096 1286 aedificans
3121 1230 3354 1300 lupanar
3386 1231 3438 1285 in
3469 1245 3564 1286 ca-

1981 1324 2091 1392 pite
2117 1325 2297 1379 omnis
2327 1325 2426 1379 via:
2446 1341 2460 1390 ;
2484 1341 2607 1380 eum
2641 1325 2836 1395 qtnerit
2865 1325 2957 1395 qui
2991 1325 3226 1394 primum
3261 1324 3562 1381 Ecclesiam

1981 1415 2301 1486 ingreditur,
2331 1417 2425 1488 qtti
2457 1418 2580 1473 fidei
2609 1417 2875 1472 elementa
2901 1418 3150 1485 suscipit,
3175 1418 3268 1486 qui
3299 1417 3453 1473 rudis
3476 1425 3564 1474 est

1979 1503 2032 1558 in
2064 1507 2440 1572 sacramentis,
2472 1523 2595 1561 eum
2623 1508 2716 1577 qui
2743 1507 2798 1560 in
2820 1505 3047 1561 exordio
3078 1507 3201 1561 fidei
3229 1507 3562 1564 constitutus

1979 1605 2061 1652 est
2089 1597 2203 1651 vult
2231 1598 2578 1652 introducere
2603 1599 2656 1650 in
2689 1598 2917 1666 lupanar
2946 1612 3129 1663 suum,
3155 1597 3432 1654 aedificans
3455 1615 3562 1654 tne-

1980 1689 2260 1744 retriciam
2296 1688 2544 1743 domum.
2584 1687 2651 1742 Et
2685 1689 2810 1758 quia
2848 1687 3162 1757 frequenter
3191 1688 3478 1744 fornicatio
3503 1690 3559 1744 in

1981 1779 2276 1848 Scripturis
2298 1781 2634 1845 nominatur,
2660 1793 2934 1848 exponere
2955 1779 3079 1832 volo
3103 1781 3375 1834 sermonis
3399 1780 3558 1837 istius

1977 1888 2220 1928 causam.
2256 1869 2620 1926 Ecclesiastici
2652 1869 2745 1938 qui
2778 1869 2832 1922 in
2863 1867 3106 1924 Ecclesia
3131 1880 3260 1926 sunt
3282 1870 3552 1941 magistri,

1976 1986 2156 2024 mores
2184 1979 2419 2039 purgant
2459 1977 2567 2022 tam
2610 1981 2740 2021 suos
2768 1981 2931 2036 quam
2968 1979 3218 2028 suorum,
3263 1973 3316 2019 et
3350 1979 3418 2018 ex
3457 1963 3560 2019 hac

1977 2063 2254 2133 diligentia
2284 2060 2552 2114 aediﬁcant
2579 2058 2829 2112 domum—
2845 2056 2938 2113 Dei
2971 2056 3294 2122 Ecclesiam,
3330 2065 3384 2111 et
3412 2071 3553 2126 opus

1975 2169 2166 2208 eorum
2189 2150 2476 2206 aedificatio
2506 2149 2598 2203 Dei
2627 2158 2730 2204 est.
2757 2147 3008 2203 Haeretici
3031 2147 3300 2202 ardificant
3324 2149 3556 2218 lupanar

1978 2245 2033 2300 in
2065 2245 2214 2299 omni
2246 2245 2368 2310 via;
2395 2251 2454 2297 ut
2479 2252 2607 2313 puta
2643 2242 2903 2312 magister
2928 2243 2995 2296 de
3023 2240 3237 2296 officina
3262 2239 3555 2309 Valentini,

1977 2337 2239 2407 magister
2264 2337 2331 2391 de
2355 2344 2498 2391 coetu
2523 2333 2801 2397 Basilidis,
2826 2334 3086 2395 magister
3110 2333 3175 2387 de
3205 2333 3558 2390 tabernacqu

1977 2429 2288 2495 Marcionis,
2313 2440 2364 2484 et
2387 2439 2710 2484 ceterorum
2735 2426 3114 2481 haereticorum
3143 2425 3414 2480 aedificant
3436 2442 3558 2481 me-

1977 2523 2161 2577 retrici
2195 2523 2440 2578 domum.
2504 2519 2871 2591 Congrcgatio
2916 2518 3059 2572 enim
3103 2518 3347 2572 omnium
3396 2519 3557 2572 mall-

1977 2629 2207 2684 gnorum
2235 2613 2465 2682 lupanar
2486 2622 2586 2668 est.
2621 2612 2727 2666 Sed
2757 2610 2886 2680 quid
2918 2609 3049 2663 dicit
3079 2607 3400 2679 Scriptura?
3422 2608 3555 2678 Fili,

1977 2721 2037 2758 ne
2060 2704 2302 2758 intendas
2331 2705 2387 2758 in
2413 2703 2611 2758 malam
2636 2702 2930 2765 mulierem,
2956 2700 3058 2754 mel
3081 2702 3221 2754 enim
3243 2701 3472 2754 distillat
3492 2701 3557 2754 de

1977 2796 2132 2849 labiis
2176 2795 2412 2850 mulieris
2456 2794 2810 2850 meretricis".
2862 2791 3016 2847 Unde
3059 2795 3107 2847 ei
3154 2792 3259 2846 mel
3297 2793 3552 2849 distillat?

1974 2891 2207 2948 Distillat
2231 2892 2375 2946 enim
2411 2891 2516 2946 mel
2551 2891 2618 2946 de
2646 2889 2806 2944 labiis
2832 2888 3081 2943 mulieris
3113 2888 3435 2942 meretricis.
3467 2885 3558 2941 ln-

1976 3001 2164 3057 gressa
2192 2993 2275 3039 est
2311 2985 2375 3039 ad
2413 2983 2656 3056 Moysen,
2698 2983 2763 3037 ad
2803 2981 3019 3046 Isaiam,
3058 2980 3123 3034 ad
3156 2979 3471 3044 Jeremiam,
3499 2987 3556 3036 οἱ

1972 3079 2038 3134 de
2060 3077 2356 3147 Scripturis
2381 3092 2571 3132 eorum
2597 3076 2700 3132 sibl
2729 3075 2888 3131 mella
2912 3074 3146 3144 collegit.
3177 3072 3326 3128 Vade
3347 3071 3416 3127 ad
3441 3072 3551 3128 ha!-

290 3166 516 3220 stitutsc.
541 3162 800 3230 Qucritur
821 3177 951 3234 ergo
975 3162 1028 3216 in
1055 3161 1308 3232 praesenti
1337 3161 1457 3215 loco
1479 3160 1544 3215 de
1571 3160 1870 3230 peccatrice
1896 3182 1940 3241 ο
1973 3170 2174 3227 τειξροε
2218 3172 2525 3242 loquentes,
2575 3169 2693 3224 haec
2741 3167 2875 3223 dicit
2925 3166 3163 3239 Moyses,
3205 3166 3321 3221 ιιαιο
3356 3164 3550 3230 Isaias,

287 3253 591 3310 Jerusalem
615 3252 778 3319 Deus,
807 3253 936 3321 quia
958 3250 1087 3307 facit
1107 3266 1272 3321 opera
1296 3249 1543 3304 mulieris
1568 3248 1868 3304 meretricis

289 3345 692 3410 inverecunda),
723 3353 778 3399 et
803 3343 937 3399 dicit
973 3343 1038 3399 ad
1071 3358 1191 3399 eam
1222 3359 1236 3397 :
1271 3341 1339 3395 Et
1373 3342 1640 3412 fornicata
1676 3357 1729 3394 es
1771 3340 1870 3393 tri-

287 3441 502 3516 pliciter
548 3440 600 3494 in
648 3437 866 3512 ﬁliabus
917 3437 1044 3493 tuis.
1092 3435 1462 3507 Exposuimus
1501 3435 1606 3490 hoc
1651 3433 1871 3504 quando

289 3531 453 3600 nobis
475 3531 681 3596 dictum
713 3539 825 3586 est:
847 3528 1159 3598 Ediﬁcasti
1185 3527 1414 3595 lupanar
1443 3536 1594 3603 tuum
1619 3526 1676 3579 in
1699 3527 1871 3596 capite

287 3622 460 3694 cumis
495 3622 611 3685 vita,
633 3630 680 3674 et
712 3619 888 3682 basem
923 3629 1067 3672 tuam
1095 3619 1265 3688 fecisti
1294 3619 1352 3672 in
1382 3618 1526 3672 omni
1560 3617 1761 3688 platea.

361 3715 419 3768 9..
463 3712 730 3768 Volumus
760 3721 942 3767 autem
989 3722 1044 3766 et
1081 3727 1227 3767 nunc
1257 3711 1602 3781 interpretari
1639 3710 1767 3782 quid
1800 3710 1871 3765 sit

285 3807 560 3870 aedificare
589 3805 838 3878 lupanar,
864 3819 973 3859 non
1002 3803 1252 3858 similiter
1285 3803 1340 3857 in
1371 3803 1521 3857 omni
1549 3803 1658 3870 via,
1694 3801 1787 3857 sed
1814 3802 1866 3856 in

286 3899 466 3969 capite
493 3885 672 3952 omnis
712 3896 846 3964 viai;
881 3910 951 3950 ne
975 3893 1259 3950 suffecisse
1287 3892 1540 3949 videatur
1572 3894 1872 3950 aedificasse

285 3976 523 4063 lupanar
557 3987 609 4042 in
641 3987 816 4058 capite
845 3986 1028 4054 omnis
1051 3986 1177 4050 vim,
1210 3984 1304 4040 sed
1342 3984 1568 4059 insuper
1599 3994 1648 4038 et
1682 3983 1869 4039 basem

284 4097 444 4139 suam
482 4081 731 4152 posuisse
771 4079 826 4134 in
859 4079 1010 4145 omni
1047 4079 1246 4148 platea.
1291 4077 1408 4138 Duo
1436 4093 1566 4148 ergo
1598 4077 1869 4147 generalia

282 4184 508 4248 peccata
557 4171 820 4243 peccavit,
861 4187 987 4226 cum
1027 4168 1316 4236 aedificavit
1357 4168 1588 4238 lupanar
1617 4184 1782 4224 suum
1813 4169 1868 4223 in

281 4268 464 4337 capite
493 4266 675 4322 omnis
705 4266 922 4332 via‘,,ct
963 4280 1087 4319 cum
1123 4263 1248 4324 fecit
1277 4264 1462 4318 basem
1496 4272 1550 4318 et
1583 4264 1871 4318 constituit

280 4372 404 4413 cam
441 4359 494 4410 in
525 4355 672 4409 omni
709 4355 884 4426 platea
917 4352 1175 4408 meretrix
1206 4352 1534 4418 Jerusalem.
1571 4351 1703 4429 Quae
1742 4363 1870 4409 sunt

279 4465 414 4520 ergo
447 4449 564 4503 ista:
597 4448 729 4504 vim?
759 4447 909 4501 State
950 4447 1004 4500 in
1045 4447 1172 4513 viis,
1211 4455 1260 4500 et
1293 4447 1618 4517 interrogate
1650 4447 1864 4502 semitas

1972 3262 2086 3319 haec
2113 3261 2401 3328 Jeremias,
2440 3271 2493 3318 et
2525 3261 2732 3316 videbis
2762 3259 3038 3331 quomodo
3070 3259 3137 3314 de
3167 3257 3328 3314 labiis
3356 3273 3547 3314 eorum

1972 3368 2081 3408 non
2131 3354 2304 3409 ﬂuant
2349 3353 2531 3420 mella,
2581 3351 2673 3407 sed
2723 3351 2988 3407 distillent
3035 3350 3443 3420 decerpentium
3486 3350 3554 3405 de

1972 3441 2269 3514 Scripturis
2298 3443 2462 3499 verba
2491 3441 2842 3513 paucissima.
2869 3441 2935 3496 Et
2957 3441 3079 3496 ideo
3107 3443 3212 3495 mel
3239 3441 3465 3496 distiliat
3485 3440 3554 3494 de

1968 3533 2130 3590 labiis
2163 3535 2407 3592 mulieris
2439 3533 2762 3590 meretricis.
2790 3535 2848 3586 In
2880 3533 3057 3602 capite
3083 3546 3212 3602 ergo
3240 3534 3420 3587 omnis
3442 3534 3546 3587 vite

1973 3625 2204 3682 aedificat
2237 3627 2486 3696 lupanar.
2522 3626 2676 3695 Esto,
2716 3623 3050 3680 intellectum
3078 3621 3148 3677 sit
3181 3622 3430 3691 lupanar,
3463 3621 3553 3675 in-

1972 3727 2330 3788 terpretemur
2358 3729 2410 3774 et
2436 3719 2619 3774 basem
2665 3731 2830 3788 quam
2858 3714 2912 3768 in
2943 3713 3198 3768 omnibus
3229 3713 3421 3782 plateis
3451 3728 3552 3782 po-

1970 3808 2081 3862 suit
2106 3809 2360 3863 meretrix
2392 3808 2718 3865 Jerusalem.
2755 3808 3030 3879 Scriptum
3070 3813 3156 3861 est
3189 3805 3243 3858 in
3274 3803 3381 3858 alio
3405 3802 3550 3868 loco,

1970 3901 2248 3972 quomodo
2284 3901 2338 3954 in
2371 3902 2564 3972 plateis
2590 3901 2878 3956 manifeste
2906 3899 3134 3953 advocat
3161 3904 3550 3968 praetereuntes

1970 3993 2265 4060 meretrix;
2291 3993 2440 4048 varie
2473 3993 2673 4064 quippe
2697 4001 2981 4064 peccatum
3008 4007 3110 4047 nos
3149 3992 3216 4046 ad
3240 4005 3299 4046 se
3333 3989 3550 4046 trahere

1971 4083 2212 4151 festinat,
2247 4086 2364 4140 sive
2407 4101 2503 4155 per
2539 4087 2811 4152 haeresim,
2844 4086 2958 4140 sive
2990 4100 3087 4155 per
3124 4083 3376 4154 gentilcm
3411 4096 3549 4138 con-

1971 4176 2355 4229 versationem.
2383 4173 2449 4228 Et
2477 4190 2572 4244 per
2599 4175 2762 4246 387
2787 4175 3034 4229 haeresim
3063 4174 3301 4244 quidem,
3328 4172 3548 4243 quando

1969 4265 2195 4320 aedificat
2228 4266 2459 4334 lupanar
2489 4265 2544 4320 iu
2569 4267 2748 4335 capite
2780 4265 2961 4320 onmis
2991 4265 3091 4320 vim
3121 4281 3134 4330 ;
3169 4280 3264 4334 per
3291 4263 3546 4334 gentilem

1970 4367 2150 4414 autem
2176 4359 2670 4423 conversationem,
2706 4357 2925 4428 quando
2955 4359 3137 4413 basem
3163 4359 3314 4428 ponit
3345 4359 3398 4412 in
3424 4373 3547 4413 om-

1970 4453 2133 4506 nibus
2159 4450 2370 4520 plateis.
2400 4449 2539 4504 Lata
2570 4458 2648 4505 est
2682 4451 2827 4505 enim
2865 4464 2914 4505 et
2945 4460 3128 4521 patens
3156 4452 3238 4505 uia
3260 4467 3378 4521 quia
3398 4450 3546 4505 ducit

284 4539 502 4596 Domini
531 4550 776 4605 a'tcrnas,
798 4550 845 4592 et
875 4538 1038 4592 videte
1061 4554 1177 4608 qua:
1205 4539 1274 4592 sit
1298 4539 1383 4591 via
1407 4537 1566 4602 bona,
1601 4549 1650 4592 et
1677 4540 1863 4593 ambu-
1897 4526 1941 4580 D
1971 4543 2040 4597 ad
2072 4543 2419 4611 perditionem
2441 4541 2484 4598 ⁸.
2521 4541 2658 4596 Cum
2684 4557 2815 4613 ergo
2847 4557 2968 4610 quae
3001 4541 3153 4607 dicit,
3183 4551 3237 4597 et
3262 4541 3314 4594 in
3343 4539 3545 4610 quibus

281 4639 394 4688 tate
421 4632 474 4686 in
497 4649 558 4686 ea
581 4633 623 4686 ⁵.
659 4631 836 4686 lllult.e
861 4641 990 4687 sunt
1017 4632 1116 4686 via:
1142 4631 1504 4701 sempiternae.
1535 4630 1591 4692 Si
1617 4631 1861 4697 retinetis.

279 4741 402 4780 eam
436 4723 834 4795 expositionem
876 4739 1040 4794 quam
1083 4723 1395 4794 frequenter
1429 4725 1673 4793 exhibui,
1709 4727 1861 4782 scitis

280 4827 336 4871 ct
377 4815 602 4888 Moysen
657 4815 798 4870 viam
827 4831 969 4882 esse,
997 4828 1050 4870 et
1075 4816 1319 4886 singulos
1341 4818 1755 4888 prephetarum.
1793 4818 1859 4880 Et

283 4910 564 4979 quomodo
602 4909 785 4964 multa:
817 4916 946 4962 sunt
977 4909 1311 4978 margaritae,
1354 4925 1491 4977 quas
1527 4926 1748 4966 necesse
1778 4920 1862 4966 est

284 5001 566 5071 possidere
604 5016 729 5055 cum
767 4997 860 5069 qui
887 5009 1147 5054 venturus
1185 5008 1268 5054 est
1299 5001 1364 5053 ad
1393 5016 1555 5054 uuam
1584 5003 1866 5070 pretiosis-

285 5095 484 5150 simam
517 5093 891 5165 margaritam,
927 5090 1006 5146 sic
1044 5099 1256 5159 oportet
1287 5090 1494 5162 ingredi
1525 5094 1724 5150 multas
1751 5095 1864 5150 vias

286 5182 456 5256 Moysi
475 5195 528 5239 ct
545 5185 936 5254 prOphctarum
960 5180 1351 5237 onmiunLeum
1380 5183 1472 5252 qui
1504 5195 1761 5242 venturus
1781 5197 1866 5243 est

284 5278 352 5332 ad
381 5277 650 5332 dicentem
683 5295 697 5330 :
735 5275 844 5346 Ego
871 5291 986 5327 sum
1011 5273 1094 5327 via
1118 5273 1159 5328 ‘.
1190 5273 1294 5328 Sed
1319 5275 1452 5330 dicit
1473 5277 1602 5331 mihi
1627 5279 1858 5348 aliquis:

278 5365 414 5434 Quid
445 5366 512 5421 ad
553 5367 892 5437 propositum
939 5363 1175 5433 pertinet
1210 5365 1355 5434 quod
1394 5365 1608 5423 locutus
1645 5373 1736 5426 es?
1758 5370 1860 5427 Cui

283 5455 364 5511 sic
399 5459 741 5527 respondebo
768 5474 781 5510 :
809 5455 1118 5510 IEdificavit
1157 5456 1212 5510 in
1249 5457 1396 5510 omni
1437 5459 1521 5514 via
1560 5459 1860 5518 Jerusalem

285 5547 515 5617 lupanar
558 5563 742 5603 suum.
784 5545 841 5601 Si
880 5546 1318 5603 consideraveris
1353 5547 1636 5606 haereticos
1670 5567 1861 5610 omnes

362 5659 386 5691 ⁸
406 5658 607 5714 Jcrem.
632 5676 709 5726 γι,
747 5660 834 5714 l6.

927 5660 948 5692 ⁸
975 5658 1134 5714 Joan.
1161 5675 1275 5727 xiv,
1307 5661 1360 5716 6.
1435 5663 1454 5694 ⁷
1479 5661 1639 5720 Prov.
1654 5665 1714 5733 'v,
1741 5669 1796 5736 2,
1825 5672 1881 5730 5.

1968 4635 2249 4690 audientes
2293 4633 2564 4688 instruere
2609 4643 2864 4701 conatur,
2895 4633 2962 4688 de
2993 4633 3291 4703 Scripturis
3324 4631 3542 4696 asserit,

1967 4727 2197 4781 aedificat
2240 4726 2471 4794 lupanar
2517 4725 2570 4780 in
2620 4724 2800 4794 capite
2847 4725 3029 4779 omnis
3073 4725 3191 4780 viae.
3239 4723 3376 4778 Cum
3414 4738 3543 4778 vero

1968 4819 2193 4875 moralis
2225 4820 2378 4874 locus
2415 4816 2579 4872 fuerit
2606 4815 2927 4881 dissolutus,
2958 4823 3010 4868 et
3038 4814 3318 4868 luxuriosa
3351 4814 3542 4884 praeci-

1967 4913 2123 4983 piens
2165 4896 2433 4966 lascivum
2476 4909 2662 4964 fecerit
2691 4908 3017 4971 auditorem,
3059 4906 3189 4976 quid
3231 4907 3379 4963 aliud
3412 4907 3542 4965 fecit

1968 5022 2131 5077 quam
2166 5007 2347 5059 basem
2376 5005 2561 5073 posuit
2593 5003 2646 5058 in
2681 5003 2831 5056 omni
2862 4999 2986 5054 via?

2037 5100 2092 5154 3.
2138 5096 2255 5152 Non
2295 5106 2370 5150 est
2407 5098 2550 5166 facta
2587 5103 2644 5147 ut
2685 5092 2936 5146 meretrix
2973 5107 3294 5162 congregans
3338 5106 3538 5145 mercc-

1964 5196 2055 5246 des
2074 5191 2119 5243 ⁹.
2171 5189 2466 5244 Videamus
2507 5185 2848 5241 meretricem
2888 5185 3165 5241 mercedes
3203 5197 3539 5254 congregan-

1966 5294 2096 5350 tem,
2139 5292 2193 5337 et
2232 5282 2391 5336 aliam
2442 5295 2635 5335 rursus
2679 5293 2786 5332 non
2821 5289 3260 5348 congregantem.
3315 5275 3390 5330 De
3437 5275 3538 5329 hac

1964 5374 2108 5429 enim
2133 5372 2398 5442 quaeritur
2423 5369 2581 5440 quasi
2615 5369 2683 5423 de
2715 5367 3000 5423 meretrice
3031 5383 3139 5421 non
3177 5372 3538 5435 congregante

1967 5466 2270 5520 mercedes.
2319 5463 2458 5518 Cum
2500 5462 2688 5516 videro
2733 5476 2853 5517 esse
2897 5461 3236 5516 meretricem
3267 5457 3376 5527 (94)
3414 5471 3538 5526 qua!

1964 5571 2074 5610 non
2125 5562 2421 5623 congreget
2466 5553 2784 5618 mercedes,
2832 5559 2886 5605 et
2916 5551 3096 5621 legero
3143 5551 3212 5604 ad
3261 5550 3418 5604 istam
3450 5548 3539 5603 di-

1954 5669 2181 5726 I'Matth.
2204 5682 2302 5730 vn,
2331 5665 2416 5719 15.
2493 5664 2723 5720 ’Ezech.
2752 5679 2865 5731 xvr,
2885 5662 2971 5718 3i.

355 5749 464 5843 fit?
487 5749 1406 5843 ”f‘_‘f.'°_£‘_:€"'m"‘6£'."'
1453 5769 1559 5812 ειε·
1597 5758 1841 5843 ,αημοιρω

1974 5763 2108 5817 οὖσα
2140 5759 2338 5842 ὲαςδτὴν
2368 5755 2659 5843 ιξοιχᾶέθαι
2691 5759 2809 5820 ταῖς
2841 5756 3242 5843 ἀηςτικειμξναιε
3275 5755 3534 5843 donius“

287 5834 416 5889 tntis.
445 5838 459 5876 :
487 5820 666 5894 Πόρνη
703 5819 820 5873 ἐστὶ
851 5821 1156 5894 συνάγουσα
1189 5819 1514 5900 μισθώματα
1535 5867 1549 5895 ,
1581 5828 1726 5902 ψυχὴ
1774 5832 1854 5886 ὲν-

1960 5833 2048 5891 otii
2070 5833 2169 5904 τῆς
2198 5828 2490 5902 etiamm,
2528 5829 2616 5884 ἵνα
2650 5828 3078 5902 προσποιήσηται
3105 5829 3267 5902 ἑαυτῇ
3296 5828 3364 5884 τὰ
3391 5835 3535 5904 πκρὲ
