4070 6296
568 310 669 369 731

1736 321 2059 385 ORIGENIS
2094 327 2163 385 ιΝ
2195 330 2628 388 EZECHIELEM

3719 348 3828 405 752

571 445 743 501 ctum,
793 436 921 505 quia
968 410 1109 493 facta
1159 436 1231 494 sit
1271 446 1332 493 ut
1360 440 1618 496 meretrix
1665 458 1774 499 non
1808 461 2149 519 congregans
2175 453 2227 515 Δ
2326 452 2379 509 1.
2420 453 2523 521 Qui
2568 456 2698 527 legit
2745 456 2798 512 in
2852 457 3121 529 principio
3167 463 3468 533 pr0phetiaa
3512 463 3827 527 Jerusalem

573 527 880 591 mercedes,
923 527 1101 582 dicam
1157 531 1481 601 congregari
1531 536 1810 593 mercedes
1857 555 1979 596 esse
2020 557 2148 611 pec-

572 619 753 675 cando
781 619 1002 674 divitem
1033 619 1170 685 fieri,
1199 622 1478 693 peccando
1504 626 1734 697 gloriam
1775 630 1830 684 in
1863 634 2143 690 saeculari-

571 709 676 765 bus
702 725 1046 779 comparare,
1076 717 1354 783 peccando
1386 714 1618 775 feliciter
1646 721 1700 775 in
1731 724 1937 779 mundo
1959 741 2141 796 agere.

567 798 798 866 Quando
829 815 928 871 per
958 813 1265 873 peccatum,
1295 817 1355 862 ut
1379 807 1514 874 dixi,
1541 810 1645 867 ista
1671 824 1999 880 nascuntur,
2030 816 2143 872 for-

567 892 784 948 nicatur
815 894 1001 951 anima
1040 906 1095 953 et
1119 911 1416 970 congregat
1450 906 1732 964 mercedes
1762 908 2142 967 fornicationis

563 999 705 1048 suae,
751 984 1018 1056 gloriam,
1047 988 1273 1047 divitias
1318 1002 1373 1048 et
1402 995 1613 1065 reliqua
1642 1012 1765 1067 quae
1796 1000 1849 1055 in
1879 1003 2139 1070 perditio-

561 1090 687 1133 nem
715 1078 912 1134 anima:
949 1096 1062 1136 suae
1096 1084 1460 1154 conquisivit;
1495 1090 1715 1158 quando
1743 1107 1872 1147 vero
1901 1091 2140 1150 fornica-

560 1176 653 1224 tur
684 1177 741 1225 et
780 1186 888 1226 non
910 1172 1022 1243 agit
1067 1189 1325 1245 prospere
1355 1177 1410 1232 in
1444 1182 1797 1239 saecularibus
1831 1186 2017 1253 rebus,
2042 1188 2137 1245 sed

559 1274 659 1332 per
688 1261 795 1317 hoc
824 1263 971 1333 quod
998 1267 1243 1335 peccavit
1273 1269 1437 1323 etiam
1481 1270 1769 1329 infeliciter
1791 1276 1924 1332 vivit
1949 1277 2004 1332 in
2029 1294 2133 1335 sae-

559 1351 707 1418 culo,
730 1354 988 1409 meretrix
1008 1365 1093 1412 est
1115 1371 1222 1413 non
1247 1374 1584 1432 congregans
1605 1366 1890 1422 mercedes
1917 1376 1973 1424 et
1997 1383 2136 1425 con-

558 1443 727 1501 traria
750 1442 978 1513 faciens,
1014 1448 1066 1502 id
1096 1458 1182 1504 est
1209 1448 1521 1509 fornicariis
1546 1457 1824 1514 mercedes
1854 1459 2002 1515 ultro
2038 1462 2136 1519 tri-

558 1534 755 1592 buens.
791 1536 861 1591 Et
917 1549 975 1592 tu
1003 1540 1199 1595 dedisti
1226 1546 1488 1601 mercedes
1522 1549 1762 1604 omnibus
1799 1554 2131 1608 amatoribus

559 1627 664 1683 tuis
687 1629 756 1682 ".
800 1625 1204 1700 Nonnunquam
1256 1633 1439 1691 anima
1472 1635 1670 1694 divites
1696 1636 1826 1694 facit
1846 1640 1960 1711 (25)
1990 1657 2135 1698 ama-

556 1727 702 1777 tores
730 1734 891 1787 suos,
936 1720 1179 1778 laetantes
1217 1722 1270 1778 in
1299 1739 1366 1780 eo
1407 1728 1553 1796 quod
1584 1732 1895 1800 acceperint
1930 1748 2134 1790 merce-

2245 546 2520 612 qnomodo
2566 547 2843 618 increpata
2890 570 2963 608 su
3008 568 3167 621 quasi
3219 554 3425 612 habens
3477 556 3718 614 radicem
3761 569 3818 618 et-

2233 634 2651 702 .generationrm
2699 638 2769 694 de
2825 648 2967 701 terra
3008 643 3297 707 Chanaan,
3355 654 3562 714 patrem
3613 648 3813 705 Amor-

2242 723 2472 792 rhaeum,
2514 737 2853 801 matremque
2892 731 3200 797 (lethaeum;
3235 734 3283 788 is
3323 734 3369 791 si
3413 736 3606 806 legerit
3649 740 3814 798 etiam

2244 814 2360 869 lucc
2387 832 2510 885 qua:
2538 834 2683 874 nunc
2711 821 3055 893 interpretari
3087 825 3331 890 nitimur,
3368 830 3579 897 putabit
3621 834 3810 889 eadem

2242 908 2438 977 repeti,
2487 917 2543 964 et
2595 918 2763 966 unum
2813 930 3117 971 sermonem
3167 918 3458 988 dupliciter
3507 925 3810 992 praadicari.

2242 995 2700 1071 Sedquidiligens
2729 1002 2897 1058 lector
2919 1016 3025 1072 est,
3063 1017 3116 1063 et
3148 1009 3215 1063 ad
3244 1026 3432 1065 curam
3472 1013 3587 1082 ejus
3611 1016 3811 1074 divina:

2241 1087 2538 1159 Scriptura:
2587 1092 2949 1163 signiﬁcantia
2976 1102 3235 1169 pertinet,
3264 1109 3318 1155 et
3342 1101 3552 1159 confert
3579 1116 3806 1175 praster-

2238 1180 2314 1236 ita
2379 1185 2738 1250 praesentibus
2773 1197 2828 1241 et
2865 1189 3088 1244 verbum
3121 1191 3288 1246 verbo
3332 1198 3629 1264 componit,
3663 1199 3810 1257 vide-

2238 1271 2317 1326 bit
2353 1272 2716 1331 difl‘ereutiam
2768 1294 2876 1333 non
2920 1278 3223 1335 fortuitam.
3268 1283 3345 1337 lbi
3390 1286 3591 1355 quippe
3630 1290 3805 1356 radix,

2236 1362 2414 1434 inquit
2436 1366 2502 1431 “,
2546 1375 2667 1434 tua,
2699 1378 2749 1423 et
2792 1372 3059 1440 generatio
3103 1381 3194 1428 tua
3235 1373 3298 1428 de
3340 1384 3482 1431 terra
3516 1376 3805 1448 Chanaan;

2235 1456 2381 1525 quod
2427 1457 2482 1512 in
2519 1461 2774 1530 prtesenti
2825 1477 2934 1517 non
2963 1452 3203 1520 dicitur}
3252 1465 3418 1521 Pater
3459 1479 3583 1523 tuus
3617 1472 3796 1525 Amor-

2240 1547 2441 1617 rhtcus,
2479 1559 2530 1603 et
2561 1562 2729 1605 mater
2756 1562 2849 1607 tua
2879 1553 3285 1626 Cethaza;quod
3310 1573 3456 1614 nunc
3494 1575 3603 1617 non
3638 1561 3802 1633 signi-

2234 1639 2447 1696 ficatur.
2500 1640 2563 1697 Et
2592 1642 2786 1699 iterum
2820 1644 2891 1699 ibi
2922 1646 3158 1716 primum
3189 1649 3409 1718 ponitur
3437 1674 3450 1705 ;
3488 1649 3656 1707 Pater
3683 1663 3800 1709 tuus

2236 1732 2630 1799 Amorrhteus;
2672 1735 2971 1791 secundum
3015 1753 3030 1789 :
3076 1736 3251 1792 Mater
3296 1747 3389 1793 tua
3429 1738 3639 1796 Cethwa
3657 1758 3683 1807 ,',
3718 1742 3802 1799 hic

556 1810 655 1866 des
680 1811 750 1866 ab
776 1825 860 1868 ea.
901 1810 1006 1868 Sed
1049 1814 1181 1870 dicit
1211 1815 1345 1871 mihi
1371 1795 1624 1876 auditor:
1663 1795 2005 1881 Manifestius
2033 1841 2132 1882 ex-
2163 1795 2208 1853 Β
2235 1837 2406 1879 vero:
2436 1822 2608 1878 Mater
2650 1836 2821 1879 vestra
2860 1825 3092 1895 Cet/uva,
3128 1837 3177 1883 et
3207 1840 3357 1899 pater
3394 1842 3560 1886 vester
3614 1833 3804 1888 Amor-

552 1916 695 1972 pone
722 1903 997 1973 quomodo
1019 1903 1320 1962 fornicetur
1356 1906 1537 1963 anima
1573 1911 1852 1968 mercedes
1872 1915 2121 1973 tribuens

552 1994 620 2048 de
646 1992 810 2048 rebus
838 1993 937 2048 viri
962 1995 1070 2051 sui.
1109 1995 1201 2054 Sic
1227 1999 1373 2054 enim
1406 2001 1484 2057 ait
1523 2010 1578 2057 et
1609 2002 1663 2056 in
1694 2005 1969 2073 praesenti,
1995 2015 2049 2062 et
2075 2007 2131 2063 in

551 2085 676 2141 aliis
703 2084 1018 2158 frequenter
1045 2089 1181 2148 locis
1207 2107 1390 2147 sermo
1416 2091 1658 2162 divinus,
1685 2096 1813 2166 quia
1847 2098 2133 2156 sustulerit

549 2192 615 2234 ea
650 2193 774 2250 qua
808 2189 938 2235 sunt
970 2181 1110 2247 viri,
1169 2192 1224 2238 et
1269 2184 1480 2240 dederit
1522 2188 1781 2243 meretrix
1825 2187 2127 2246 Jerusalem

550 2272 888 2330 amatoribus
935 2274 1072 2332 suis.
1122 2274 1266 2343 Quid
1307 2286 1390 2337 est
1443 2280 1546 2336 hoc
1586 2282 1734 2352 quod
1775 2282 2006 2353 largitus
2044 2293 2129 2341 est

547 2361 598 2419 ei
633 2361 716 2417 vir
749 2379 905 2431 suus,
934 2379 1058 2436 qua:
1100 2376 1286 2436 postea
1329 2367 1471 2425 facta
1509 2370 1755 2427 adultera
1792 2388 1955 2429 omne
1977 2375 2126 2446 quod

549 2455 758 2525 accepit
791 2454 961 2512 donat
1008 2459 1350 2516 amatoribus
1384 2461 1540 2517 suis?
1573 2462 1669 2518 Vir
1710 2465 1909 2520 animae
1941 2481 2124 2522 sermo

547 2542 645 2600 Dei
676 2556 779 2614 cst,
823 2565 1061 2621 sponsus
1099 2562 1315 2609 amator
1344 2570 1526 2618 verus,
1562 2556 1655 2626 qui
1689 2557 1837 2613 dedit
1872 2558 1924 2613 ei
1958 2557 2126 2615 casti-

544 2645 734 2705 tatem,
769 2640 916 2698 dedit
942 2642 1237 2714 justitiam,
1269 2646 1418 2701 dedit
1469 2656 1663 2703 caetera
1696 2648 1860 2703 bona.
1893 2650 2123 2717 Quando

542 2743 675 2801 ergo
696 2733 930 2789 voluerit
966 2737 1147 2792 anima
1180 2737 1334 2807 sequi
1384 2736 1736 2795 fortitudines
1791 2742 2120 2813 contrarias,

544 2819 601 2877 id
625 2830 730 2888 est,
758 2832 817 2878 ut
840 2825 1054 2896 planius
1086 2826 1288 2893 dicam,
1313 2827 1497 2885 decem
1525 2830 1684 2886 annis
1713 2831 1906 2900 pudice
1935 2832 2120 2889 vivens

542 2912 611 2969 ad
643 2923 947 2971 extremum
978 2916 1145 2973 fuerit
1169 2918 1455 2984 fornicata,
1485 2920 1682 2991 accipit
1709 2922 1851 2979 bona
1874 2924 1974 2979 viri
2009 2924 2117 2991 sui,

545 3019 670 3074 quae
703 3006 875 3062 multo
923 3017 1166 3078 tempore
1197 3026 1322 3066 cum
1375 3011 1563 3069 labore
1593 3014 1904 3085 quaesierat,
1938 3024 1994 3072 et
2024 3017 2119 3073 dat

545 3107 611 3151 ea
648 3098 987 3154 amatoribus
1020 3101 1155 3159 suis.
1191 3102 1294 3169 Qui
1329 3106 1671 3177 sanguinarii
1712 3117 1987 3166 amatores
2028 3124 2117 3164 ra-
2142 3133 2186 3192 ο

541 3188 700 3258 piunt
739 3189 807 3244 ad
847 3205 908 3246 se
943 3191 1170 3251 virtutes
1224 3198 1436 3253 misera:
1478 3198 1712 3265 animos,
1759 3208 1815 3256 et
1859 3201 2120 3261 incedunt

536 3278 859 3349 jactabundi
903 3296 1069 3353 super
1116 3285 1323 3344 divitiis
1375 3290 1495 3358 cius
1530 3299 1584 3345 et
1619 3291 1809 3347 dicunt
1853 3309 1866 3347 :
1915 3295 2118 3357 abstuli

539 3370 591 3427 ei
621 3370 972 3430 decennalem
1007 3377 1335 3447 castitatem,
1360 3382 1535 3453 eripui
1569 3383 1638 3438 ab
1665 3401 1729 3440 ea
1757 3386 2118 3458 quinquennii

537 3462 831 3533 justitiam,
861 3470 1130 3525 vindicavi
1166 3471 1296 3526 mihi
1343 3472 1688 3531 fortitudines
1718 3477 1879 3548 ejus:
1916 3479 2117 3537 oblitus

538 3562 627 3612 est
673 3560 920 3615 omnium
964 3561 1231 3618 bonorum
1298 3565 1419 3636 ejus
1460 3565 1605 3622 Deus
1651 3584 1773 3640 quae
1824 3569 2116 3641 aliquando

535 3645 694 3717 fecit,
743 3652 1004 3722 quoniam
1065 3656 1459 3724 comprehensa
1514 3667 1597 3714 est
1649 3658 1704 3713 in
1752 3670 2009 3730 peccato,
2061 3670 2117 3717 et

535 3738 738 3796 oblitus
789 3747 877 3797 est
917 3741 1067 3814 ejus,
1115 3749 1244 3817 quia
1293 3746 1545 3804 confessa
1596 3759 1681 3805 est
1727 3752 1884 3808 nobis
1934 3753 2114 3809 amica

534 3837 725 3885 nostra
775 3839 984 3888 secreta
1029 3848 1152 3904 quae
1206 3835 1475 3903 audierat,
1528 3847 1583 3893 et
1645 3840 1868 3897 tradidit
1927 3842 2113 3898 omnia

536 3920 683 3976 bona
724 3923 883 3978 nobis
913 3926 1255 3983 amatoribus
1284 3929 1422 3985 suis.
1459 3927 1591 3997 Qua:
1630 3930 1924 3999 discentes,
1962 3933 2111 3989 omni

533 4013 781 4068 custodia
836 4029 1119 4072 servemus
1178 4034 1276 4074 cor
1337 4028 1613 4088 nostrum,
1658 4030 1714 4077 et
1768 4023 2112 4082 attendamus

533 4103 824 4175 nequando
866 4120 930 4162 ea
967 4123 1089 4179 qua:
1123 4109 1222 4164 viri
1264 4120 1395 4166 sunt
1431 4111 1718 4166 tradantur
1766 4114 2111 4172 amatoribus

533 4195 647 4251 suis
685 4212 699 4250 :
735 4195 866 4267 quin
898 4197 1083 4269 potius
1136 4199 1429 4258 invitemus
1477 4217 1740 4272 sponsum
1796 4220 2106 4261 sermonem

528 4299 583 4343 et
632 4291 912 4347 veritatem
940 4335 957 4361 ,
1015 4300 1080 4349 ut
1127 4295 1287 4353 nobis
1348 4295 1517 4354 faciat
1565 4310 1891 4358 ornamenta
1940 4317 2107 4360 aurea

431 4382 437 4388 ’
529 4380 696 4436 variis
745 4399 1003 4452 expressa
1053 4385 1224 4455 signis
1258 4403 1354 4457 per
1393 4389 1544 4445 varia
1589 4401 1880 4462 praecepta,
1926 4403 1981 4449 et
2009 4409 2104 4450 or-

2235 1913 2427 1971 rhaans.
2479 1912 2554 1969 lbi
2596 1915 2753 1984 quasi
2790 1916 2856 1971 ad
2893 1932 3056 1971 unam
3104 1933 3286 1974 sermo
3331 1921 3412 1989 fit,
3441 1922 3530 1978 hic
3550 1924 3709 1993 quasi
3735 1925 3799 1979 ad

2232 2004 2518 2075 plurimas.
2547 2004 2659 2063 Nec
2681 2007 2846 2071 enim,
2877 2018 2938 2062 ut
2963 2010 3213 2078 superius
3240 2011 3474 2078 dixerat,
3504 2014 3599 2080 ait,
3632 2025 3802 2070 mater

2232 2104 2347 2163 tua,
2398 2096 2493 2152 sed
2551 2105 2720 2153 mater
2766 2107 2959 2154 vestra.
3010 2098 3245 2166 Quando
3303 2117 3436 2173 ergo
3484 2104 3801 2161 diffunditur

2228 2197 2537 2258 peccatum,
2566 2197 2622 2244 et
2665 2189 2882 2261 longius
2916 2192 3122 2248 malitia
3163 2196 3428 2263 procedit,
3463 2206 3516 2251 et
3549 2207 3801 2268 peccato-

2228 2296 2316 2336 res
2351 2296 2451 2338 sua
2483 2281 2624 2338 inter
2649 2298 2709 2338 se
2742 2292 2964 2354 peccata
2987 2284 3325 2355 discerpunt,
3370 2297 3500 2344 tunc
3531 2305 3641 2343 non
3673 2305 3794 2361 pec-

2226 2381 2377 2429 cator
2411 2389 2576 2439 unus,
2620 2390 2806 2430 verum
2852 2375 2906 2433 in
2940 2392 3048 2431 uno
3095 2386 3223 2433 sunt
3255 2380 3496 2449 plurimi,
3538 2380 3700 2436 sicuti
3744 2381 3805 2436 in.

2225 2465 2453 2521 exordio
2486 2467 2709 2537 quando
2750 2476 2869 2523 erat
2902 2468 3233 2539 principium
3276 2471 3652 2542 delinquendi,
3696 2489 3800 2529 nec

2223 2557 2353 2613 dum
2386 2567 2545 2614 erant
2585 2568 2746 2615 tanta:
2789 2570 3007 2630 quanta:
3050 2577 3196 2616 nunc
3238 2572 3363 2617 sunt
3396 2564 3793 2620 multitudines.

2228 2647 2380 2706 Unde
2412 2650 2555 2706 utile
2598 2650 2733 2706 mihi
2763 2650 2976 2705 videtur
3016 2666 3047 2706 a
3084 2654 3336 2723 pra'senti
3377 2669 3629 2710 sermone
3659 2670 3799 2725 pau-

2220 2737 2397 2793 lulum
2429 2739 2769 2795 recedentem
2809 2748 3060 2796 naturam
3102 2743 3449 2800 considerare
3471 2746 3682 2814 peccati
3714 2756 3806 2802 at-

2220 2844 2329 2902 que
2351 2830 2639 2886 virtutum.
2703 2830 2806 2887 Ubi
2831 2841 3051 2903 peccata
3086 2845 3234 2901 sunt,
3266 2837 3341 2893 ibi
3368 2848 3452 2895 est
3477 2838 3795 2907 multitudo,

2220 2919 2296 2975 ibi
2338 2922 2672 2992 schismata,
2724 2925 2798 2980 ibi
2827 2927 3093 2996 haereses,
3142 2928 3214 2983 ibi
3265 2929 3670 2998 dissensiones;
3704 2932 3794 2988 ubi

2217 3019 2402 3067 autem
2452 3012 2664 3082 virtus,
2707 3014 2783 3071 ibi
2829 3017 3218 3089 singularitas,
3271 3020 3345 3075 ibi
3397 3021 3550 3089 unio,
3587 3038 3652 3079 ex
3681 3038 3790 3094 quo

2219 3101 2466 3158 omnium
2500 3104 2837 3162 credentium
2863 3120 2981 3165 erat
3006 3126 3100 3167 cor
3119 3126 3288 3167 unum
3314 3120 3368 3167 et
3388 3114 3569 3170 anima
3596 3132 3703 3172 una
3724 3116 3790 3172 “.

2220 3193 2288 3249 Et
2328 3203 2390 3250 ut
2439 3196 2781 3255 manifestius
2844 3200 3060 3271 dicam',
3129 3204 3459 3275 principium
3522 3209 3794 3265 malorum

2219 3288 2467 3343 omnium
2512 3297 2598 3345 est
2639 3291 2956 3363 multitudo,
3012 3296 3341 3367 principium
3397 3300 3564 3372 388
3612 3314 3794 3359 autem

2217 3378 2485 3435 bonorum
2514 3383 2914 3453 coangustatio,
2937 3392 2991 3439 et
3019 3401 3049 3441 a
3079 3388 3251 3444 turbis
3280 3389 3333 3444 in
3364 3391 3794 3462 singularitatem

2217 3470 2457 3527 redactio
2484 3491 2497 3527 :
2527 3483 2586 3529 ut
2610 3481 2740 3544 puta
2776 3490 2877 3530 nos
2906 3491 3097 3533 omnes
3124 3479 3169 3534 si
3201 3480 3445 3537 salvandi
3474 3498 3690 3550 sumus,
3725 3489 3792 3541 ad

2217 3562 2508 3629 unionem,
2545 3572 2606 3619 ut
2641 3564 2867 3635 perfecti
2916 3567 3217 3626 efﬁciamur
3262 3572 3318 3627 in
3367 3573 3556 3630 eodem
3603 3592 3790 3643 sensu,

2215 3661 2273 3707 et
2305 3653 2360 3708 in
2387 3653 2578 3710 eadem
2632 3657 2937 3725 sententia,
2984 3668 3037 3714 et
3071 3661 3246 3717 simus
3289 3679 3459 3719 unum
3500 3680 3700 3736 corpus
3737 3675 3792 3722 et

2214 3760 2361 3801 unus
2413 3746 2660 3815 spiritus.
2722 3747 2779 3802 Si
2822 3764 2953 3805 vero
3002 3751 3136 3806 tales
3184 3752 3377 3821 simus,
3423 3764 3483 3811 ut
3535 3772 3643 3812 non
3688 3772 3790 3814 nos

2211 3835 2397 3891 unitas
2437 3836 2873 3907 circumscribat,
2900 3841 2992 3896 sed
3023 3853 3077 3896 et
3096 3842 3163 3896 de
3194 3843 3353 3899 nobis
3380 3846 3485 3900 dici
3514 3854 3689 3918 possit
3713 3850 3785 3905 “:

2212 3922 2326 3995 Ego
2362 3926 2573 3996 quidem
2609 3944 2728 3981 sum
2751 3927 2938 3993 Pauli,
2991 3947 3084 4002 ego
3126 3949 3244 3987 vero
3283 3934 3492 4005 Apollo,
3537 3955 3629 4009 ego
3673 3956 3788 3993 vero

2212 4014 2422 4085 Cephea,
2455 4025 2510 4072 et
2543 4018 2723 4073 adhuc
2758 4034 2790 4074 a
2825 4021 3030 4076 malitia
3071 4023 3378 4081 sciudimur
3404 4036 3567 4098 atque
3592 4030 3788 4086 dividi-

2210 4121 2354 4175 mur,
2388 4122 2497 4163 non
2536 4124 2729 4166 sumus
2767 4109 2937 4166 futuri
2984 4113 3074 4169 ubi
3115 4124 3244 4170 sunt
3284 4117 3361 4171 illi
3395 4120 3489 4189 qui
3529 4121 3786 4192 redigun-

2208 4204 2300 4252 tur
2323 4197 2376 4252 in
2407 4198 2686 4255 unionem.
2722 4199 2856 4256 Nam
2889 4212 2949 4257 ut
2971 4203 3132 4261 Pater
3161 4216 3215 4261 et
3241 4206 3411 4266 Filius
3444 4228 3612 4267 unum
3637 4223 3783 4283 sunt,

2207 4289 2289 4345 sic
2325 4290 2421 4360 qui
2454 4307 2623 4346 unum
2679 4293 2930 4363 spiritum
2964 4295 3189 4362 habent,
3226 4299 3280 4354 in
3316 4302 3575 4358 unionem
3622 4321 3780 4362 coar-

2206 4389 2444 4436 ctantur.
2479 4383 2570 4437 Ait
2601 4384 2801 4453 quippe
2833 4384 3083 4441 Salvator
3109 4387 3152 4420 ¹⁵
3180 4404 3193 4441 :
3222 4387 3336 4460 Ego
3357 4401 3406 4446 et
3431 4390 3591 4447 Pater
3625 4412 3783 4449 unum

526 4474 638 4527 nati
685 4473 858 4530 effecti
899 4491 1269 4545 praeparemur
1306 4477 1428 4533 viro
1467 4489 1656 4536 nostro
1700 4479 1828 4538 Jesu
1857 4484 2102 4541 Christo:

2220 4489 2419 4539 :umus;
2457 4486 2511 4530 et
2561 4493 2575 4529 :
2615 4474 2777 4530 Pater
2806 4489 3008 4543 sancte,
3062 4497 3207 4548 rogo,
3252 4492 3311 4537 ut
3353 4484 3491 4539 sicut
3523 4502 3617 4556 ego
3644 4499 3694 4543 et
3729 4498 3784 4542 tu

525 4565 613 4618 cui
654 4573 737 4622 est
771 4565 941 4637 gloria
986 4575 1042 4621 et
1079 4567 1370 4637 imperium
1415 4570 1470 4624 in
1510 4571 1707 4627 saecula
1750 4575 2096 4634 saeculorum.

523 4654 718 4711 Amen.

1082 4755 1373 4813 HOMILIA
1410 4757 1508 4812 IX.

525 4865 604 4921 De
637 4884 697 4922 eo
736 4871 874 4945 quod
913 4872 1112 4945 dicitur
1147 4873 1236 4925 “:
1286 4888 1306 4923 ι
1350 4871 1526 4926 Mater
1564 4884 1736 4945 vestra
1775 4875 2005 4945 Cethtea,
2050 4890 2103 4935 et

592 4949 747 5006 pater
771 4940 1128 5020 Amorrha'us,
1173 4961 1193 5020 ρ
1233 4960 1396 5020 usque
1422 4944 1464 4975 “
1491 4963 1507 5001 :
1544 4964 1565 4996 ι
1592 4944 1661 5000 Et
1690 4963 1905 5003 manum
1935 4940 2093 5020 egeno

589 5021 640 5062 et
664 5011 885 5079 pauperi
913 5027 1014 5065 non
1039 5011 1359 5085 porrigebat.
1396 5032 1416 5066 ι

584 5145 628 5179 ι·
654 5144 851 5200 Ezech.
879 5133 1106 5215 “1,35.
1214 5151 1258 5185 ίο
1282 5152 1413 5210 ibid.
1444 5155 1540 5212 ts.

515 5215 604 5272 3t).
677 5217 722 5250 ¹⁶
747 5215 904 5274 Joan.
944 5235 1074 5286 xvu,
1111 5222 1198 5290 ll,
1231 5223 1321 5281 2|.

1631 5158 1671 5189 ¹¹
1702 5157 1832 5214 ibid.
1861 5160 1953 5219 49.

1400 5226 1441 5257 ³⁷
1462 5225 1661 5297 Ephes.
1692 5244 1765 5297 1v,
1797 5229 1883 5286 15.

2048 5163 2092 5197 ¹²
2110 5161 2242 5219 ibid.
2270 5163 2326 5218 '5.

2205 4580 2367 4618 unum
2388 4582 2592 4628 sumus,
2618 4567 2695 4621 ita
2731 4577 2780 4621 et
2808 4568 2901 4623 isti
2930 4570 2985 4623 in
3014 4571 3164 4626 nobis
3195 4589 3358 4627 unum
3397 4576 3505 4629 sint
3532 4576 3596 4632 “.
3625 4577 3693 4633 Et
3725 4580 3777 4633 in

2204 4654 2466 4723 Apostolo
2492 4656 2691 4726 legitur
2721 4659 2762 4689 "'
2787 4674 2800 4710 :
2830 4658 3003 4713 Donec
3048 4676 3386 4718 occurramus
3422 4681 3598 4721 omnes
3625 4668 3679 4722 in
3709 4669 3779 4723 υἱ-

2205 4764 2324 4802 rum
2347 4748 2634 4818 perfectum
2665 4760 2714 4804 et
2740 4751 2795 4804 in
2822 4767 3119 4806 mensuram
3152 4755 3326 4809 (etatis
3353 4757 3698 4826 plenitudinis
3728 4762 3780 4815 in

2205 4840 2466 4895 unitatem
2522 4840 2744 4897 Christi.
2798 4841 2860 4896 Et
2906 4859 3164 4898 rursum:
3204 4844 3380 4900 Donec
3418 4851 3782 4917 perveniamus

2202 4947 2379 4986 omnes
2426 4932 2482 4985 in
2526 4932 2783 4985 unitatem
2820 4934 3056 5002 corporis
3104 4943 3155 4988 et
3192 4936 3413 5005 spiritus
3448 4936 3669 4996 Christi.
3701 4939 3780 4997 Ex

2196 5035 2306 5092 quo
2350 5021 2724 5092 signiﬁcatur,
2770 5021 2899 5092 quia
2961 5022 3133 5079 virtus
3177 5039 3244 5080 ex
3280 5026 3531 5096 plurimis
3607 5046 3774 5086 unum

2423 5163 2469 5194 ¹³
2496 5161 2615 5217 Act.
2648 5178 2721 5230 1v,
2750 5164 2840 5219 52.
2938 5165 2980 5197 "
3011 5166 3032 5219 Ι
3061 5165 3183 5221 Cor.
3214 5166 3381 5234 111,4.
3459 5167 3500 5201 “
3527 5166 3688 5226 Joan.
3723 5185 3778 5236 ι.

517 5339 856 5427 ἀνθρὼξτοις,
883 5342 1041 5427 δόξαγ
1072 5345 1166 5399 καὶ
1197 5345 1448 5427 πλοῦτον.
1489 5347 1743 5427 Μθνςιτίω
1769 5368 2088 5427 congregans

2220 5358 2377 5419 ιύταῖς
2406 5353 2749 5427 μισθώματα,
2779 5354 3179 5427 ἐμπαρέχουσειλ
3199 5353 3267 5409 τὰ
3288 5355 3356 5427 ἐκ
3389 5354 3526 5427 Θεοῦ
3554 5356 3775 5413 δοθέντα

521 5412 813 5491 mercedes.
842 5430 905 5469 ea
932 5414 1218 5491 animaest
1247 5433 1364 5487 qua:
1399 5418 1662 5491 peccando
1710 5412 1936 5491 seipstnn
1958 5412 2094 5478 ’ξοη-

522 5482 870 5560 stuprandant
895 5486 1176 5560 contrariis
1200 5482 1545 5560 potestatibus
1567 5482 1852 5560 permittit,
1877 5503 1935 5548 ut
1970 5495 2093 5550 inde

525 5551 929 5631 apudnhomines
959 5556 1069 5631 sibi
1090 5551 1315 5631 gloriam
1339 5569 1390 5612 et
1419 5551 1635 5631 diuitias
1666 5572 1836 5631 paret.

600 5620 938 5708 tgslAnipta
955 5620 1152 5706 divites
1174 5629 1328 5708 facit,
1351 5638 1454 5685 etc.
1477 5620 1695 5708 catena;
1719 5649 1851 5708 mss.
1877 5634 2095 5708 εῌόρνη

531 5690 1072 5787 Ξτέωξέοξδιξοῦσα,
1107 5690 1461 5787 proﬂigata,
1480 5700 1653 5787 ,ψυχὴ
1714 5707 1854 5787 ταῖς.
1884 5690 2099 5787 ﬁculni;

533 5758 874 5830 mpvsdoaoa
898 5765 956 5820 ἐν
981 5758 1456 5839 ταῖξάκαθάῖρταιέ
1477 5758 1756 5840 δόνᾶὶίεσι,
1771 5758 1865 5829 xui.
1885 5758 2107 5832 itaadd

2193 5429 2330 5499 ab'gﬁ
2376 5424 2596 5499 uiatore,
2624 5426 2718 5499 uati.
2748 5424 2889 5480 κατὰ
2915 5424 3250 5499 ρίκείᾳς
3280 5425 3539 5499 δυνᾴμεις
3571 5429 3773 5499 ὁπυυρ-

2196 5484 2368 5567 γοῦξξα
2409 5484 2868 5567 τοῖςᾜελήματιν
2920 5484 3121 5567 αὐῖεῷν.
3179 5484 3436 5567 Μένειήεὲ
3473 5484 3769 5567 prwrogaits

2198 5564 2478 5630 mercedes,
2511 5564 2693 5619 anima
2709 5564 2795 5619 est
2822 5581 2939 5634 qua:
2958 5564 3295 5637 uoluptatum
3321 5565 3578 5637 illecebris
3604 5564 3773 5637 fomi-

2199 5647 2355 5695 catur
2389 5638 2444 5690 in
2482 5637 2707 5704 impuris
2745 5634 3091 5703 potestatibus
3112 5677 3126 5699 ,
3153 5636 3329 5703 eisque
3355 5634 3448 5692 dat
3480 5634 3761 5694 mercedes.

2200 5708 2341 5762 dona
2367 5723 2575 5779 quotes:
2608 5704 2714 5759 Deo
2740 5704 2941 5779 accepit
2972 5704 3081 5779 illis
3107 5703 3365 5779 prmbens,
3398 5717 3447 5761 et
3468 5752 3481 5776 ,
3514 5716 3772 5779 quantum

2201 5780 2258 5833 in
2286 5795 2341 5834 se
2369 5774 2467 5846 est,
2493 5777 2708 5832 illarum
2740 5774 3094 5830 voluntatibus
3128 5775 3371 5832 serviens.
