4070 6296
310 316 415 373 755

1688 316 1974 374 HOMlLlA
2012 317 2104 373 IX.

3451 330 3554 388 754

315 434 500 504 faciat,
533 444 588 491 et
621 448 841 491 necesse
870 435 1028 492 nobis
1067 436 1139 492 sit
1167 452 1336 492 unum
1367 455 1461 509 per
1499 456 1618 495 eam
1656 441 1794 507 ﬁeri,
1824 449 1876 494 cl
1906 431 1948 501 Α
1981 455 2172 497 ειιιιιιιε
2200 442 2577 500 haereticorum
2615 455 2778 518 atque
2815 447 3096 518 gentilium
3123 449 3344 519 quando
3378 449 3554 504 delin-

315 534 504 596 fugere
549 525 972 580 multitudinem.
1023 525 1088 580 Et
1127 524 1245 581 haec
1288 527 1506 596 quidem
1547 529 1690 583 dicta
1734 539 1880 593 sunt,

311 617 442 688 quia
483 617 535 670 in
575 616 844 686 praeterita
893 617 1128 672 lectione
1173 621 1541 690 conscriptum
1575 629 1694 675 est:
1723 621 1885 676 Pater

309 719 456 776 tuus,
509 717 551 764 et
590 717 761 762 mater
805 720 935 774 tua,
975 721 1022 763 et
1055 711 1212 763 radix
1253 713 1602 780 generationis
1641 725 1781 777 tute;
1829 716 1882 767 in

309 800 564 872 praesenti
598 815 724 854 vero
751 819 762 854 :
795 802 969 857 Mater
997 813 1166 855 vestra
1191 812 1244 856 et
1268 813 1419 872 pater
1446 815 1628 858 vester.
1665 803 1740 859 lbi
1775 819 1880 858 non

309 893 624 960 didicimus,
665 892 792 948 licet
831 892 997 948 fuerit
1042 909 1224 948 sermo
1258 894 1324 948 de
1363 904 1512 964 patre
1541 895 1880 962 Amorrbaio,

311 998 364 1044 et
392 987 460 1042 de
489 995 663 1040 matre
689 986 923 1051 Ccthaza,
964 1002 1182 1041 sorores
1217 988 1412 1042 habere
1437 988 1759 1055 Jerusalem,
1797 991 1883 1044 hic

308 1096 438 1136 vero
473 1079 682 1134 addidit
718 1099 731 1134 :
771 1078 962 1144 Mater,
1001 1079 1252 1148 inquiens
1287 1082 1348 1146 ¹⁸,
1385 1092 1554 1135 vestra
1591 1081 1883 1145 Cetliwa,et

309 1183 460 1243 pater
497 1181 666 1225 vester
690 1171 1030 1224 Amorrlueus
1050 1213 1064 1235 ,
1104 1181 1150 1224 et
1185 1188 1336 1224 soror
1365 1181 1536 1225 vestra
1567 1174 1742 1227 senior
1777 1174 1882 1229 Sa-

307 1265 504 1327 maria,
538 1263 647 1317 litec
672 1272 719 1316 et
745 1263 872 1331 ﬁlia:
907 1262 1019 1330 ejus
1045 1279 1162 1330 qua:
1199 1264 1401 1316 habitat
1441 1280 1472 1316 a
1495 1265 1729 1318 sinistris
1755 1267 1880 1331 tuis,

309 1363 358 1407 et
401 1370 555 1407 soror
597 1363 686 1406 tua
717 1353 904 1421 junior
932 1370 1048 1422 qua:
1085 1353 1287 1405 habitat
1328 1372 1359 1406 a
1403 1355 1601 1408 dextris
1631 1353 1878 1410 Sodoma.

306 1444 600 1513 Quomodo
639 1446 813 1500 virtus
845 1462 929 1500 me
957 1445 1088 1499 facit
1121 1447 1288 1500 lilium
1319 1445 1570 1512 Abrahae,
1607 1449 1650 1502 si
1687 1463 1883 1503 secun-

306 1537 441 1590 dum
489 1552 606 1590 eam
637 1537 854 1600 vixero;
909 1551 1072 1605 opera
1116 1536 1312 1604 quippe
1337 1535 1609 1590 Abraham
1654 1537 1878 1602 faciens,

310 1628 460 1683 tilins
483 1637 564 1683 est
589 1628 898 1691 Abraham;
934 1628 1012 1682 sic
1045 1627 1171 1682 vitia
1203 1625 1410 1681 faciunt
1442 1643 1526 1682 me
1559 1628 1727 1682 tilium
1761 1631 1880 1684 dia-

307 1720 440 1774 boli.
475 1719 656 1774 Omnis
678 1720 812 1772 enim
838 1720 929 1788 qui
956 1719 1082 1788 facit
1103 1729 1463 1787 peccatum,ea:
1491 1720 1700 1774 diabolo
1725 1731 1878 1774 natus

307 1823 385 1863 est
414 1812 478 1864 η.
507 1808 691 1865 Virtus
721 1826 808 1865 me
847 1809 971 1865 facit
1014 1811 1175 1865 etiam
1230 1811 1451 1866 fratrem
1481 1813 1683 1867 habere
1719 1811 1878 1866 Chri-

311 1911 485 1967 stum,
519 1910 579 1955 ut
609 1917 732 1954 cum
765 1902 942 1955 bonus
975 1917 1038 1956 ac
1066 1902 1201 1956 bene
1233 1913 1479 1959 moratus
1521 1903 1694 1968 fuero,
1734 1905 1882 1957 dicat

307 1995 458 2058 Patri
482 2010 582 2048 suo
605 1996 648 2027 '°
673 2012 688 2050 :
717 1993 963 2048 Narrabo
988 2011 1171 2049 nomen
1197 2007 1344 2048 tuum
1367 1995 1621 2064 fratribus
1651 1998 1798 2062 meis,
1823 1997 1878 2048 in

307 2085 746 2151 niediaDEcclesia
785 2085 1006 2139 cantabo
1035 2095 1102 2139 te.
1153 2085 1217 2140 Et
1243 2087 1481 2156 loquitur
1513 2088 1576 2141 ad
1611 2103 1728 2141 eam
1759 2102 1880 2155 qum

308 2177 565 2232 nuntiare
599 2187 810 2246 poterat
837 2177 998 2230 verba
1031 2177 1150 2246 ejus
1174 2178 1216 2208 ²¹
1245 2193 1258 2228 :
1313 2176 1457 2231 Vade
1487 2188 1536 2231 et
1564 2179 1651 2230 die
1688 2177 1876 2245 fratri-

308 2269 404 2321 bus
432 2268 578 2322 meis.
608 2266 892 2334 Quomodo
926 2274 1106 2319 autem
1135 2266 1308 2320 virtus
1339 2265 1558 2320 fratrem
1587 2266 1719 2319 mibi
1755 2266 1882 2320 facit

311 2360 601 2414 Dominum
625 2357 833 2423 Jesum,
858 2359 928 2412 ita
955 2359 1159 2412 malitia
1177 2357 1443 2427 plurimos
1464 2358 1658 2411 fratres
1688 2358 1879 2426 acqui-

311 2452 399 2516 rit,
422 2452 595 2505 ethos
619 2459 948 2519 peceatores,
976 2458 1029 2502 et
1063 2451 1176 2504 haec
1205 2450 1321 2519 ipsa
1354 2460 1483 2504 tunc
1516 2449 1646 2502 mihi
1676 2446 1875 2502 fratres

310 2553 533 2610 gelierat
556 2558 677 2597 cum
715 2542 966 2596 creverit.
993 2540 1050 2596 Si
1084 2541 1301 2610 quidem
1330 2540 1548 2611 quando
1589 2539 1876 2594 exordium

309 2644 429 2688 erat
460 2633 780 2703 pcccatrieis
810 2632 1130 2698 Jerusalem,
1166 2631 1399 2686 necdum
1445 2631 1679 2686 habebat
1723 2645 1878 2683 soro-

313 2741 430 2780 rem
462 2725 785 2788 Samariam,
817 2725 1045 2779 necdum
1091 2724 1138 2778 ci
1171 2732 1289 2776 erat
1320 2737 1576 2792 germana
1608 2720 1874 2787 Sodoma;

312 2829 442 2867 cum
475 2827 603 2867 vero
633 2815 901 2881 processit
939 2815 992 2867 in
1024 2814 1248 2877 scelere,
1274 2823 1333 2868 ut
1363 2813 1666 2883 praeteritus
1698 2827 1878 2867 sermo

312 2902 660 2966 monstravit,
683 2901 870 2956 effecta
896 2910 978 2956 est
1013 2903 1185 2957 media
1214 2904 1443 2956 duarum
1475 2917 1749 2964 sororum,
1785 2918 1875 2959 se-

309 2994 486 3048 nioris
517 2991 778 3047 Samariaa
801 3003 855 3048 et
881 2993 1116 3062 junioris
1149 2992 1417 3048 Sodomae.
1444 2993 1572 3059 Qua:
1605 3003 1728 3048 sunt
1762 2993 1878 3049 istae

309 3085 433 3139 duae
478 3098 699 3139 sorores
749 3083 1066 3153 peccatricis
1122 3082 1465 3139 Jerusalem?
1519 3083 1770 3140 Schisma
1824 3096 1877 3140 et

310 3176 582 3246 separatio
613 3175 794 3246 populi
830 3175 1073 3230 fecerunt
1109 3175 1434 3231 Samariam.
1469 3175 1524 3230 Si
1562 3177 1778 3244 quidem
1813 3193 1878 3232 eo

310 3279 556 3338 tempore
585 3256 708 3323 cum
754 3267 938 3322 decem
974 3267 1151 3322 tribus
1199 3277 1500 3332 cesserunt,
1535 3267 1774 3324 dicentes
1801 3271 1876 3325 "z

314 3357 438 3412 Non
463 3368 540 3414 est
567 3358 715 3413 nobis
738 3374 862 3428 pars
897 3359 954 3411 in
981 3357 1174 3423 David,
1211 3375 1303 3412 nec
1336 3374 1449 3412 sors
1493 3360 1546 3413 in
1571 3360 1685 3429 filio
1707 3358 1876 3425 Jesse,

308 3460 439 3506 tunc
467 3451 587 3506 dua:
609 3465 788 3506 vaccae
815 3465 992 3505 aureae
1020 3451 1330 3506 constituta:
1361 3460 1490 3506 sunt
1513 3467 1540 3505 a
1566 3449 1876 3517 Jeroboam,

307 3552 364 3595 et
401 3540 542 3596 facta
576 3553 660 3597 est
685 3540 933 3597 Samaria
977 3542 1200 3610 scissio;
1239 3558 1360 3612 quae
1403 3543 1576 3612 magis
1623 3552 1746 3613 post
1787 3560 1880 3599 ca-

306 3633 609 3702 ptivitatem
643 3633 828 3687 decem
874 3632 1112 3686 tribuum
1140 3633 1315 3687 erevit
1366 3634 1586 3702 quando
1623 3635 1880 3689 custodes

306 3725 378 3779 ab
405 3725 642 3796 Assyriis
689 3725 754 3779 ad
794 3723 1008 3779 lsraelis
1044 3732 1244 3778 terram
1294 3724 1447 3778 missi
1499 3733 1626 3779 sunt
1657 3725 1749 3794 qui
1786 3739 1881 3778 vo-

305 3827 504 3872 cantur
541 3816 891 3872 Samaritani.
930 3817 1122 3871 Somer
1154 3817 1297 3870 enim
1343 3827 1521 3870 custos
1555 3817 1879 3886 interpreta-

307 3918 401 3964 tur
441 3911 622 3981 lingua
653 3908 1028 3964 Hebraeorum.
1064 3907 1229 3980 Ergo,
1259 3917 1319 3964 ut
1347 3911 1528 3964 dicere
1581 3925 1874 3980 cmperam,

305 4002 539 4057 necdum
569 4017 724 4057 soror
752 4017 871 4056 mea
899 4009 985 4056 est
1009 3998 1279 4066 Samaria,
1314 4001 1552 4072 quandiu
1583 4017 1613 4055 a
1644 4003 1880 4071 peccatis

307 4093 469 4164 longe
501 4108 651 4158 sum;
700 4092 920 4162 quando
946 4107 1075 4145 vero
1101 4106 1425 4161 peccavero,
1458 4101 1712 4147 crescunt
1745 4093 1878 4147 mihi

307 4186 433 4240 duae
483 4200 725 4250 sorores,
773 4185 956 4240 senior
985 4182 1252 4248 Samaria,
1302 4192 1356 4237 et
1399 4183 1586 4252 junior
1618 4183 1874 4238 Sodoma.

309 4276 444 4343 Quae
490 4276 647 4346 cujus
692 4277 918 4347 figuram
967 4277 1202 4331 habeant
1258 4275 1694 4331 consideremus.
1744 4273 1878 4341 Qui-

309 4385 528 4439 cunque
559 4370 879 4439 promittunt
903 4369 1064 4423 verba
1094 4367 1296 4431 divina,
1324 4377 1378 4420 et
1406 4382 1511 4420 non
1550 4367 1690 4422 sicut
1717 4367 1878 4436 polli-

1987 533 2232 599 quimus,
2269 532 2395 602 quia
2425 533 2670 589 Samaria
2699 535 2961 604 accipitur
3005 537 3058 590 in
3104 537 3319 598 haeresi,
3365 547 3418 593 et
3456 538 3556 592 So-

1984 623 2145 677 doma
2179 624 2231 677 in
2259 625 2577 694 gentilitate.
2618 625 2832 681 llabitat
2867 637 3047 682 autem
3086 644 3115 682 a
3143 630 3383 684 sinistris
3426 647 3552 700 pec-

1985 715 2206 770 catricis
2255 715 2556 772 Jerusalem
2617 717 2899 783 Samaria,
2970 735 2999 772 a
3031 721 3237 776 dextris
3293 720 3549 776 Sodoma.

1984 806 2369 864 Honorabilius
2398 811 2596 879 quippe
2630 811 2770 880 apud
2813 825 2932 865 eam
2971 820 3252 880 peceatum
3293 821 3376 866 est
3405 815 3550 881 quod

1986 897 2130 955 facto
2153 901 2531 967 committitur,
2556 911 2607 956 et
2631 901 2753 956 ideo
2777 918 2806 956 a
2827 903 3031 958 dextris
3049 902 3168 971 ejus
3193 903 3428 958 Sodoma
3447 913 3549 959 est.

1987 989 2336 1062 Rursumque
2366 1009 2466 1048 nec
2492 992 2738 1048 Samaria
2775 995 2930 1062 longe
2961 1003 3064 1057 est,
3093 995 3219 1064 quia
3259 1011 3286 1049 a
3317 995 3554 1053 sinistris

1983 1084 2102 1153 ejus
2153 1095 2557 1150 commoratur,
2600 1095 2653 1140 et
2699 1086 3009 1156 increpatur
3052 1088 3142 1157 qui
3198 1089 3556 1143 ambulaverit

1984 1192 2106 1230 cum
2136 1176 2348 1233 ﬁliabus
2379 1188 2432 1233 et
2461 1180 2748 1234 sororibus
2777 1180 2892 1234 suis
2924 1180 2976 1233 in
3006 1179 3260 1234 omnibus
3300 1180 3555 1249 iniquita-

1983 1268 2152 1333 tibus,
2191 1278 2243 1324 et
2299 1271 2350 1324 in
2405 1281 2614 1326 tantum
2668 1270 3063 1334 ambulaverit,
3111 1280 3169 1326 ut
3218 1274 3553 1342 comparatio

1983 1360 2304 1415 delictorum
2357 1362 2478 1432 ejus
2523 1363 2738 1417 illarum
2787 1362 3104 1432 iniquitates
3153 1361 3345 1418 fecerit
3389 1363 3553 1432 justi-

1983 1451 2136 1505 tiam.
2200 1451 2348 1507 Unde
2400 1462 2612 1522 oportet
2661 1469 2956 1524 agnoscere
3003 1454 3323 1523 iniquitates
3375 1454 3543 1509 Sodo-

1981 1560 2219 1609 morum,
2251 1554 2311 1599 ut
2337 1545 2560 1601 edoctus
2593 1546 2898 1600 custodiam
2926 1561 3012 1599 me
3046 1546 3113 1600 ab
3137 1547 3237 1611 eis,
3271 1563 3339 1601 ue
3364 1548 3549 1618 capiar

1981 1635 2343 1706 ignoratione,
2372 1653 2493 1708 quae
2516 1648 2645 1692 sunt
2676 1638 2991 1707 iniquitates
3020 1634 3406 1692 Sodomorum.

2050 1727 2102 1782 2.
2159 1727 2529 1783 Verumtamen
2568 1729 2875 1798 iniquitates
2910 1728 3153 1784 Sodoma?
3191 1730 3388 1782 sororis
3425 1737 3548 1786 tute.

1981 1819 2111 1895 Quae
2141 1821 2435 1890 iniquitas?
2464 1820 2738 1889 Superbia.
2772 1819 2839 1873 In
2866 1821 3150 1875 saturitate
3174 1837 3390 1890 panum,
3415 1836 3466 1873 et
3495 1823 3549 1874 in

1979 1912 2304 1965 abundantia
2341 1912 2616 1981 affluebant
2661 1912 2776 1979 ipsa
2814 1919 2862 1964 et
2901 1911 3029 1979 ﬁliae
3066 1910 3180 1978 ejus
3203 1952 3216 1974 ,
3249 1921 3296 1964 et
3330 1927 3548 1964 manum

1979 2005 2226 2074 pauperis
2285 2004 2569 2074 indigentis
2609 2020 2714 2056 non
2749 2003 3108 2072 suspiciebant
3137 2002 3201 2055 ".
3261 2002 3414 2068 Quod
3468 2004 3552 2056 in-

1979 2095 2207 2164 aequalia
2255 2094 2366 2147 sint
2399 2103 2617 2163 peccata
2645 2092 2940 2163 Scripturis
2973 2095 3246 2148 utentibus
3293 2095 3423 2148 nulli
3451 2096 3552 2150 du—

1979 2186 2127 2240 bium
2162 2194 2264 2239 est.
2319 2185 2435 2239 Alia
2473 2185 2671 2254 quippe
2710 2199 2926 2255 magna,
2959 2185 3065 2238 alia
3115 2186 3325 2238 minora
3361 2187 3430 2239 ab
3467 2187 3550 2242 bis

1977 2294 2098 2333 esse
2127 2279 2401 2333 dicuntur.
2425 2275 2563 2331 Cum
2596 2286 2776 2330 autem
2815 2285 2944 2330 sunt
2976 2276 3282 2346 inaequalia,
3315 2277 3417 2331 hoc
3466 2286 3552 2332 est

1981 2387 2168 2440 parva,
2196 2371 2280 2426 vel
2321 2369 2580 2434 maxima,
2616 2367 2843 2422 forsitan
2891 2367 3090 2439 aliquis
3135 2369 3375 2438 inquii-at
3405 2369 3548 2437 quod

1981 2460 2120 2513 inter
2153 2459 2405 2512 universa
2435 2467 2653 2527 peccata
2688 2458 2756 2510 sit
2795 2457 3004 2527 majus;
3035 2469 3088 2512 et
3115 2460 3349 2526 proclive
3377 2460 3552 2513 susci-

1978 2551 2146 2620 pitur,
2187 2549 2431 2603 omnium
2476 2557 2823 2618 peccatorum
2867 2564 2990 2603 esse
3036 2547 3237 2616 majus,
3287 2551 3401 2604 sive
3443 2549 3552 2604 for-

1978 2643 2327 2705 nicationem,
2364 2640 2478 2695 sive
2510 2639 3060 2705 immunditiam,sive
3093 2641 3457 2712 quodcunque
3483 2644 3552 2696 li-

1979 2733 2185 2789 bidinis
2226 2733 2719 2802 inquinamentum.
2773 2729 2914 2785 Sunt
2941 2731 3160 2802 quidem
3193 2741 3247 2786 et
3288 2733 3389 2787 ista
3422 2747 3549 2787 vere

1981 2824 2364 2879 abominabilia
2391 2833 2554 2894 atque
2587 2824 2812 2894 polluta,
2846 2824 2938 2878 sed
2970 2839 3076 2877 non
3105 2825 3231 2878 talia
3261 2824 3420 2894 quale
3447 2823 3551 2878 hoc

1979 2917 2123 2988 quod
2173 2931 2318 2971 nunc
2391 2916 2459 2970 ab
2531 2914 2808 2985 Scriptura
2866 2914 3022 2984 quasi
3077 2915 3252 2984 majus
3303 2915 3548 2968 omnium

1977 3010 2390 3072 condemnatur,
2425 3022 2454 3060 a
2478 3022 2587 3076 quo
2613 3023 2713 3062 nos
2742 3006 3036 3060 observare
3065 3005 3351 3060 debemus.
3389 3004 3546 3071 Quod

1905 3116 1949 3179 ρ
1981 3116 2109 3170 ergo
2141 3107 2224 3154 est
2245 3107 2523 3168 peceatum
2554 3099 2732 3170 majus
2760 3098 3015 3155 omnibus
3048 3098 3321 3168 peccatis?
3357 3096 3552 3168 Utique

1985 3191 2114 3246 illud
2153 3201 2372 3261 propter
2411 3192 2554 3261 quod
2601 3201 2651 3246 et
2686 3191 2938 3247 diabolus
2976 3193 3202 3245 corruit.
3269 3191 3422 3258 Quod
3465 3200 3548 3246 est

1984 3283 2088 3337 hoc
2131 3294 2410 3352 peccatum
2455 3285 2506 3337 in
2543 3299 2652 3354 quo
2695 3293 2840 3337 tanta
2875 3283 3181 3337 sublimitas
3230 3283 3448 3344 cedidit,
3494 3291 3552 3335 ut

1980 3374 2152 3430 elatus
2196 3376 2251 3428 in
2289 3374 2556 3445 judicium
2608 3376 2772 3446 389
2824 3374 3025 3429 incidat
3106 3374 3307 3427 diaboli
3346 3375 3428 3428 ’δῖ’
3477 3375 3554 3429 ait

1982 3467 2294 3538 Apostolus.
2338 3467 2569 3532 lnﬂatio,
2606 3468 2895 3536 superbia,
2923 3467 3230 3536 arrogantia
3265 3476 3548 3536 peccatum

1982 3559 2181 3612 diaboli
2222 3568 2332 3618 est,
2388 3566 2441 3612 et
2471 3559 2539 3611 ob
2569 3557 2682 3611 haec
2731 3557 2930 3611 delicta
2967 3555 3034 3610 ad
3076 3565 3250 3610 terras
3301 3556 3555 3624 migravit

1982 3649 2047 3704 de
2077 3651 2236 3704 caelo.
2301 3647 2454 3711 Unde
2508 3647 2647 3700 Dens
2693 3646 2929 3716 superbis
2977 3647 3212 3710 resistit,
3265 3645 3550 3698 humilibus

1982 3750 2156 3792 autem
2202 3738 2294 3790 dat
2338 3738 2562 3807 gratiam
2596 3736 2683 3788 "‘2
2719 3736 2781 3787 Et
2805 3735 2932 3805 quid
2957 3733 3188 3801 superbit
3224 3741 3362 3786 terra
3395 3741 3443 3784 et
3475 3732 3552 3784 ci-

1983 3831 2064 3882 nis
2097 3829 2163 3889 ³⁷,
2201 3837 2260 3881 ιιι
2284 3828 2447 3880 homo
2472 3824 2780 3894 arrogantia
2809 3816 3123 3879 sublevetur
3173 3821 3371 3875 oblitus
3422 3821 3550 3889 quid

1980 3919 2104 3981 erit,
2135 3927 2188 3973 et
2213 3933 2374 3988 quam
2410 3915 2588 3986 fragili
2617 3913 2840 3969 vasculo
2865 3913 3232 3975 contineatur,
3267 3919 3319 3963 et
3351 3909 3551 3979 quibus

1981 4011 2314 4068 stercoribus
2345 4009 2636 4062 immersus
2665 4006 2756 4067 sit,
2808 4013 2862 4058 et
2889 4003 3068 4068 qualia
3102 4017 3317 4072 semper
3347 4017 3551 4071 purga-

1980 4111 2164 4155 menta
2197 4099 2264 4154 de
2290 4114 2384 4152 sua
2416 4112 2579 4150 carne
2617 4093 2909 4165 projieiat?
2951 4093 3092 4159 Quid
3127 4094 3270 4148 enim
3303 4093 3377 4147 ait
3405 4092 3552 4146 Scri-

1980 4190 2176 4262 ptura?
2211 4187 2350 4254 Quid
2376 4185 2606 4255 superbit
2636 4194 2776 4237 terra
2809 4194 2859 4238 et
2880 4184 3056 4238 cinis?
3084 4191 3137 4238 et
3165 4201 3179 4238 :
3216 4182 3285 4236 In
3311 4184 3416 4236 vita
3437 4183 3552 4251 ejus

1978 4281 2198 4352 projecit
2251 4281 2522 4332 interanea
2565 4277 2678 4345 ejus
2703 4275 2770 4329 ".
2807 4275 3070 4345 Superbia
3116 4275 3352 4345 peccatis
3374 4273 3553 4329 omni—

1980 4375 2083 4429 bus
2125 4372 2302 4442 major
2344 4379 2457 4436 est,
2495 4378 2549 4422 et
2575 4369 2745 4438 ipsius
2797 4367 2998 4422 diaboli
3031 4367 3325 4438 principale
3355 4382 3550 4436 pecca—

307 4469 501 4514 centur
543 4459 742 4513 habent
775 4459 828 4512 in
873 4474 941 4536 se.
956 4457 1355 4528 praedicationis
1389 4456 1697 4522 veritatem,
1732 4457 1788 4510 bi
1824 4453 1875 4510 in
1910 4455 1954 4511 D
1983 4475 2119 4520 tum,
2157 4464 2213 4518 Si
2243 4462 2460 4532 quando
2487 4459 2767 4529 Scriptura
2793 4459 2994 4514 diaboli
3021 4467 3240 4529 peccata
3272 4457 3549 4522 describit,

309 4550 610 4620 Scripturis
651 4550 945 4620 figuraliter
973 4549 1219 4604 Samaria
1242 4548 1614 4602 nominantur.
1651 4545 1760 4612 Vw,
1797 4548 1880 4600 in-

308 4646 426 4715 quit
448 4645 516 4710 ",
546 4644 908 4712 spernentibus
939 4641 1088 4704 Sion,
1117 4653 1166 4697 et
1198 4641 1481 4712 ﬁdentibus
1504 4641 1558 4694 in
1581 4653 1756 4694 monte
1775 4639 1865 4695 Sa-

308 4732 517 4797 maria,
545 4731 882 4784 vindemiasti
924 4731 1250 4800 principatus
1292 4730 1543 4800 gentium.
1589 4728 1754 4796 Quasi
1786 4731 1873 4785 di-

306 4825 470 4888 xerit,
503 4839 582 4878 vae
610 4824 696 4878 bis
726 4824 819 4893 qui
849 4831 1112 4892 spernunt
1137 4822 1432 4878 Eeclesiam
1451 4863 1467 4888 ,
1495 4832 1550 4877 et
1593 4823 1874 4878 confidunt

307 4930 469 4986 super
491 4915 802 4985 arrogantia
826 4922 880 4968 et
903 4913 1083 4968 verbis
1108 4913 1442 4968 tumentibus
1471 4914 1871 4969 haereticorum.

310 5006 424 5064 Hoc
450 5008 599 5063 enim
629 5016 715 5062 est
746 5022 1000 5076 spernere
1034 5005 1165 5061 Sion
1215 5016 1270 5062 et
1293 5008 1571 5063 confidere
1612 5008 1664 5062 in
1695 5018 1878 5064 mente

312 5099 594 5155 Samarize.
650 5099 705 5152 Si
747 5113 878 5168 ergo
908 5113 1198 5167 peccamus
1247 5109 1302 5153 et
1347 5115 1446 5154 nos
1497 5101 1875 5168 ecclesiastici,

310 5207 418 5245 non
450 5203 578 5247 sunt
629 5207 658 5245 a
689 5192 844 5247 nobis
873 5189 1033 5245 alieni
1063 5189 1299 5244 haeretici
1333 5190 1384 5243 in
1411 5190 1720 5260 dogmatum
1749 5206 1877 5260 pra-

311 5283 497 5337 vitate.
528 5280 670 5337 Male
700 5283 843 5338 enim
873 5281 1047 5337 credit
1073 5281 1388 5351 quicunque
1415 5290 1621 5350 peccat.
1653 5281 1710 5335 Si
1748 5295 1876 5334 con-

310 5377 671 5429 versationem
697 5375 895 5429 malam
927 5374 1211 5439 habemus,
1237 5371 1474 5427 Sodoma
1504 5389 1660 5428 soror
1691 5384 1874 5428 nostra

311 5475 414 5521 est.
442 5466 682 5522 Gentiles
709 5467 906 5536 quippe
935 5475 1062 5521 sunt
1083 5463 1341 5519 Sodoma.
1377 5466 1552 5535 Atque
1581 5466 1654 5520 ita
1681 5465 1876 5526 fratres

389 5582 431 5614 ⁸³
454 5580 650 5636 Ezech.
676 5597 786 5646 XVI,
806 5581 892 5646 45,
917 5579 1002 5634 46.
1085 5582 1126 5614 ιθ
1159 5579 1346 5634 Hann.
1367 5599 1448 5647 ιιι,
1472 5581 1526 5636 8.

311 5666 388 5776 ’ἃ
421 5652 473 5709 1.
559 5648 817 5706 "Ezech.
849 5667 957 5718 svi,
983 5651 1071 5707 49.
1147 5652 1191 5684 ’⁵
1226 5651 1244 5705 l
1273 5650 1410 5706 Tim.
1439 5668 1532 5718 ιιι,
1569 5652 1620 5706 6.

1606 5582 1650 5612 ’⁸⁵
1674 5581 1815 5638 Psal.
1845 5601 1933 5640 χιιι
1952 5627 1966 5648 ,
1990 5583 2079 5637 9.5.
2154 5583 2195 5613 ²¹
2224 5579 2381 5634 Joan.
2408 5597 2499 5639 xx.
2526 5581 2612 5637 i7.

1699 5654 1745 5686 ”
1777 5653 1892 5710 Jac.
1925 5672 1996 5719 tv,
2023 5657 2074 5706 ti.

1980 4555 2222 4610 invenies
2284 4567 2347 4606 ea
2414 4550 2481 4604 de
2542 4549 2811 4619 superbiai
2873 4547 3022 4604 fonte
3074 4547 3348 4602 manantia
3400 4563 3412 4600 :
3463 4545 3553 4600 Ait

1979 4646 2174 4714 quippe
2200 4647 2244 4676 ²⁹
2281 4661 2295 4697 :
2337 4641 2544 4694 Viribus
2594 4640 2826 4710 faciam,
2873 4649 2923 4693 et
2963 4640 3226 4710 sapientia
3258 4637 3550 4691 intellectus

1978 4739 2220 4807 auferam
2264 4737 2393 4805 ﬁnes
2440 4733 2711 4802 gentium.
2748 4741 2798 4785 et
2839 4731 3149 4801 fortitudine
3179 4747 3357 4784 eorum
3386 4731 3550 4800 depa-

1976 4847 2125 4892 scar,
2172 4839 2220 4882 et
2266 4825 2593 4880 commovebo
2636 4826 2870 4878 civitates
2915 4841 3030 4894 quae
3071 4824 3471 4889 inliabitautur,
3501 4833 3550 4878 et

1982 4923 2157 4977 orbem
2192 4931 2453 4975 terrarum
2480 4922 2780 4971 universum
2809 4917 3237 4986 comprehendam
3262 4929 3316 4972 ut
3344 4918 3550 4983 nidum,

1982 5024 2032 5068 et
2054 5013 2206 5084 quasi
2234 5012 2509 5080 confracta
2532 5025 2627 5063 ova
2654 5007 2913 5076 auferam.
2950 5006 3082 5062 Vide
3109 5023 3388 5064 sermones
3409 5008 3550 5078 ejus,

1983 5104 2262 5176 quomodo
2290 5101 2510 5171 superbi
2543 5101 2674 5164 sint,
2701 5100 2976 5169 quomodo
2999 5110 3336 5170 arrogantes,
3360 5108 3413 5153 et
3439 5099 3552 5153 uni-

1981 5210 2139 5251 versa
2171 5210 2269 5264 pro
2295 5194 2466 5248 nihilo
2493 5193 2674 5248 ducat.
2712 5191 2870 5246 Tales
2892 5203 3018 5248 sunt
3041 5207 3230 5247 omnes
3255 5191 3550 5260 jactatione

1979 5297 2033 5342 et
2063 5285 2313 5354 superbia
2351 5284 2541 5338 inllati.
2597 5283 2820 5362 Materia
2852 5283 3154 5352 superbiae,
3195 5282 3429 5345 divitiae,
3465 5281 3549 5334 di-

1980 5381 2178 5448 gnitas,
2201 5376 2369 5446 gloria
2395 5375 2693 5429 saecularis.
2722 5372 3056 5442 Frequenter
3083 5388 3249 5428 causa
3281 5369 3551 5440 superbiae

1979 5477 2065 5524 est
2088 5467 2136 5521 ei
2161 5467 2254 5536 qui
2292 5467 2509 5536 ignorat
2540 5465 2740 5519 habere
2762 5464 3185 5520 ecclesiasticam
3209 5464 3551 5533 dignitatem,

2694 5583 2737 5613 ”
2761 5581 2824 5635 111
2847 5580 2976 5652 Reg.
3009 5596 3107 5646 xit,
3137 5580 3252 5652 16.7
3299 5579 3546 5652 "Amos.

2153 5653 2195 5683 ’⁷
2219 5650 2386 5707 Eccli.
2413 5669 2466 5719 χ,
2491 5653 2544 5708 9.
2640 5653 2686 5685 ’⁸
2719 5652 2848 5708 ibid.
2879 5650 2945 5716 9,
2972 5653 3056 5706 to.
3164 5651 3208 5684 ”
3237 5651 3340 5705 lsa.
3368 5666 3422 5718 ιι,
3462 5651 3550 5715 i3,
