4070 6296
537 357 644 413 755

1702 355 2026 413 ORIGENIS
2064 354 2131 411 IN
2172 352 2609 410 EZECIIIELEM

3711 374 3816 435 736

543 478 899 534 sacerdotalis
933 477 1067 531 ordo
1110 489 1163 532 ct
1209 476 1458 532 leriticus
1486 477 1708 550 gradus.
1765 479 1964 546 Quanti
1998 495 2119 550 pre-
2149 479 2548 550 Ajustillcatur
2589 477 2659 532 ab
2699 475 3036 542 Jerusalem,
3084 475 3212 546 quia
3254 474 3322 530 ab
3350 489 3410 531 se
3452 473 3803 532 sceleratiora

547 571 747 644 sbyteri
781 568 1056 624 constituti
1092 568 1243 621 obliti
1293 577 1420 622 sunt
1449 569 1774 626 humilitatis
1811 589 1823 626 :
1856 572 2014 642 quasi
2043 572 2123 626 id-

545 665 698 718 circo
735 662 939 715 fuerint
983 661 1240 727 ordinati,
1273 670 1328 716 ut
1361 662 1596 718 humiles
1627 678 1747 719 esse
1773 664 2120 722 desisterent.

542 753 688 822 Quin
721 753 902 823 potius
929 753 1289 808 humilitatem
1319 755 1474 826 sequi
1501 756 1804 812 debuerant
1827 798 1839 821 ,
1887 759 2012 828 quia
2042 759 2126 813 di-

545 845 808 915 gnitatem
841 841 1060 898 fuerant
1098 845 1416 912 consecuti,
1465 846 1681 902 dicente
1717 848 1994 920 Scriptura
2029 850 2074 881 ³⁸
2107 868 2122 904 :

546 934 758 999 Quanto
799 951 1021 1006 magnus
1067 936 1268 1005 fueris,
1307 947 1454 990 tanto
1483 937 1708 992 humilia
1757 941 2002 1002 teipsum.
2059 939 2126 994 Et

545 1026 804 1082 dilectum
837 1026 1138 1098 Synagogze
1184 1037 1235 1084 te
1279 1028 1426 1093 facit,
1463 1031 1700 1088 nobilius
1726 1033 2006 1088 summitte
2032 1049 2126 1089 ca--

548 1129 647 1191 put
678 1129 862 1185 tuum;
899 1121 1092 1175 ducem
1125 1130 1174 1176 te
1200 1121 1574 1188 instituerunt,
1606 1125 1716 1178 noli
1750 1126 1984 1188 elevari,
2018 1127 2126 1181 noli

543 1210 659 1264 fieri
703 1212 756 1264 in
798 1210 878 1264 eis
914 1211 1071 1280 quasi
1106 1227 1248 1268 unus
1287 1228 1350 1267 ex
1401 1214 1554 1284 ipsis.
1595 1217 1816 1284 Oportet
1843 1217 2129 1283 humilem,

547 1310 761 1370 oportet
810 1317 932 1356 esse
977 1302 1279 1371 dejectum,
1329 1314 1541 1376 oportet
1589 1304 1776 1377 fugere
1817 1308 2125 1377 superbiam

547 1393 816 1447 malorum
840 1393 1083 1447 omnium
1102 1403 1282 1466 caput.
1302 1395 1594 1451 Considera
1614 1397 1957 1468 Evangelium
1981 1398 2130 1469 quali

550 1486 1008 1540 condemnatione
1056 1486 1317 1542 Pharisaei
1353 1489 1608 1558 superbia
1642 1498 1697 1543 et
1715 1489 1941 1560 jactatio
1971 1488 2133 1545 feria-

547 1583 658 1632 tur.
717 1575 905 1632 Stabat
952 1577 1265 1636 Pbarisaeus
1295 1590 1346 1634 et
1373 1581 1502 1635 talia
1555 1580 1696 1635 intra
1729 1597 1787 1636 se
1814 1582 2009 1636 orabat
2037 1582 2078 1614 ³¹
2114 1601 2128 1638 :

550 1668 716 1735 Deus,
751 1670 952 1739 gratias
981 1687 1078 1739 ago
1116 1670 1231 1734 tibi,
1276 1673 1402 1742 quia
1437 1689 1537 1726 non
1576 1691 1692 1726 sum
1733 1682 1791 1726 ut
1835 1676 2010 1728 cu'teri
2039 1675 2132 1728 ho-

549 1761 739 1823 mines,
771 1769 1030 1827 raptores,
1063 1762 1253 1830 iniqui,
1305 1763 1572 1827 adulteri,
1607 1772 1654 1818 et
1685 1774 1740 1819 ut
1770 1765 1867 1818 iste
1893 1765 2131 1834 publica-

2226 571 2536 637 commisit,
2567 582 2620 624 et
2647 567 2788 623 forte
2813 567 3116 622 Jerusalem
3154 567 3222 622 ab
3250 567 3355 622 alia
3381 567 3569 638 aliqua
3597 583 3721 638 qua:
3745 583 3805 624 se

2224 664 2379 734 pejor
2425 671 2509 718 est
2555 662 2792 717 civitate.
2851 659 2943 716 Sic
2971 659 3714 730 estquidamjustilicandus
3738 659 3806 714 ab

2225 757 2585 822 Antichristo,
2619 755 2711 826 qui
2740 755 2805 810 ad
2832 755 2986 810 illum
3022 761 3372 823 comparatur
3392 791 3408 817 ,
3445 761 3499 807 et
3529 751 3676 806 illius
3703 750 3805 806 ini-

2227 851 2433 922 quitate
2482 864 2546 904 ac
2594 848 2896 905 sceleribus
2946 847 3126 902 minor
3176 845 3470 916 reperitur.
3524 843 3808 901 Pessimus

2227 957 2357 996 vero
2390 941 2602 995 daemon
2633 949 2736 1006 est,
2767 949 2840 1006 et,
2867 949 2926 993 ut
2953 939 3142 1002 aiunt,
3178 938 3342 992 miser
3367 937 3461 1007 qui
3494 936 3561 991 ab
3588 937 3682 991 illo
3707 936 3806 1006 ju-

2227 1034 2498 1090 stiticatur
2527 1049 2541 1085 :
2580 1031 2720 1086 forte
2765 1041 2820 1086 et
2864 1041 3016 1100 pater
3047 1031 3194 1084 illius
3225 1029 3295 1084 ab
3319 1044 3386 1083 eo
3411 1045 3516 1082 non
3537 1028 3808 1098 justitica-

2228 1135 2337 1187 tur,
2371 1125 2542 1179 multo
2575 1123 2667 1178 illo
2693 1122 3013 1178 sceleratior
3059 1130 3328 1190 repertus.
3388 1117 3647 1172 Dominus
3670 1131 3805 1173 vero

2229 1231 2386 1271 meus
2412 1215 2572 1271 Jesus
2599 1213 2853 1270 Christus
2890 1212 3226 1283 justiticatur
3259 1211 3416 1281 juxta
3445 1209 3809 1279 dispensatio-

2228 1321 2352 1360 nem
2384 1306 2567 1362 carnis
2602 1320 2766 1376 quam
2793 1304 2862 1358 ob
2895 1311 3139 1358 nostram
3183 1300 3414 1356 salutem
3450 1299 3806 1366 circumtulit,

2229 1398 2299 1453 ab
2332 1398 2629 1462 Abraham,
2657 1397 2726 1452 ab
2761 1396 2930 1458 Isaac,
2963 1393 3032 1450 ab
3057 1393 3259 1460 Jacob,
3290 1403 3342 1448 et
3371 1410 3401 1448 a
3427 1394 3658 1463 reliquis
3683 1408 3808 1460 pro-

2232 1488 2430 1558 phetis.
2490 1486 2723 1554 Quando
2754 1488 2900 1541 enim
2933 1485 3192 1540 omnibus
3231 1484 3394 1554 justis
3421 1494 3475 1538 et
3505 1482 3805 1554 prophetis,

2232 1594 2294 1634 ac
2321 1579 2492 1634 beatis
2521 1580 2830 1649 quibusque
2854 1567 2910 1631 in
2939 1577 3402 1645 comparationem
3434 1578 3620 1632 missis
3655 1578 3804 1632 inve-

2232 1671 2381 1725 nitur
2424 1672 2759 1726 contrarium
2811 1670 2936 1724 huic
2985 1669 3129 1738 quod
3163 1669 3362 1723 dicitur
3394 1670 3462 1723 de
3489 1667 3730 1724 Sodoma
3753 1677 3807 1724 et

2233 1763 2569 1828 Jerusalem,
2618 1761 2790 1833 magis
2845 1760 3088 1831 glorifico
3138 1757 3474 1814 Salvatorem
3537 1769 3804 1815 nostrum.

548 1869 672 1908 nus.
712 1851 906 1920 Jejuno
938 1852 1014 1906 bis
1042 1854 1093 1906 in
1123 1853 1372 1908 Subbatn.
1421 1856 1482 1908 At
1513 1871 1641 1910 vero
1673 1856 2004 1914 Publicauus
2029 1858 2131 1911 hu—
2163 1839 2207 1893 Β
2235 1855 2392 1922 Quod
2431 1864 2612 1910 autem
2658 1855 2781 1909 dico
2831 1851 3140 1908 istiusmodi
3171 1861 3272 1914 est,
3320 1861 3371 1906 et
3406 1852 3515 1907 Deo
3550 1853 3809 1922 largiente

551 1943 755 1997 militer
791 1951 845 1996 et
879 1953 1162 1997 mansuete
1194 1945 1411 2014 longius
1460 1955 1610 2000 stans
1652 1964 1758 2000 non
1805 1957 1920 2002 erat
1961 1963 2130 2002 ausus

558 2049 734 2102 neque
763 2034 952 2088 oculos
989 2036 1204 2099 levare,
1233 2046 1288 2090 et
1325 2037 1539 2093 dicebat
1569 2040 1610 2070 ³⁸
1644 2058 1658 2094 :
1694 2039 1966 2110 Propitius
1995 2049 2128 2107 esto,

554 2123 719 2189 Deus,
752 2127 881 2179 mihi
904 2129 1190 2195 peccatori.
1241 2128 1306 2188 I’t
1333 2131 1613 2185 descendit
1640 2132 1691 2185 in
1723 2132 1946 2187 domum
1973 2149 2130 2188 suam

549 2217 878 2286 publicanus
898 2217 1253 2288 justiticatus.
1282 2218 1400 2276 Non
1429 2221 1745 2292 simpliciter
1763 2223 2127 2294 justiticatus:

553 2307 649 2363 sed
679 2309 1016 2379 justifieatus
1044 2312 1454 2382 comparatione
1481 2312 1766 2371 Phariswi.
1823 2316 2133 2372 Observan-

553 2400 659 2455 dus
712 2401 913 2471 quippe
973 2412 1058 2457 est
1121 2403 1538 2475 diligentissime
1604 2408 1784 2465 omnis
1837 2408 2134 2480 Scriptura:

557 2506 760 2557 sermo,
789 2493 942 2558 ordo,
975 2494 1254 2560 iunctura.
1321 2496 1481 2550 Aliud
1514 2508 1592 2552 est
1621 2499 1936 2568 justiticari,
1986 2501 2133 2556 aliud

555 2599 621 2637 ex
651 2585 758 2638 alio
801 2585 1115 2654 justiticari.
1172 2587 1361 2642 Simile
1393 2599 1473 2644 est
1509 2591 1856 2659 publicanum
1888 2609 1916 2646 a
1942 2592 2134 2647 Phari-

556 2692 666 2730 smo
690 2676 1047 2744 justiﬁcatum
1079 2678 1248 2734 fuisse
1269 2723 1282 2743 ,
1320 2681 1395 2734 illi
1427 2683 1569 2750 quod
1599 2683 1832 2738 Sodoma
1861 2693 1914 2740 et
1946 2683 2137 2741 Sama-

555 2768 632 2821 ria
675 2784 741 2822 ex
787 2772 1197 2842 comparatione
1239 2773 1558 2841 peccatricis
1592 2773 1889 2830 Jerusalem
1933 2776 2137 2846 justiﬁ-

553 2869 691 2914 catae
719 2868 867 2914 sunt.
926 2861 991 2916 Et
1015 2877 1237 2918 necesse
1263 2873 1348 2918 est
1378 2881 1477 2920 nos
1511 2866 1560 2919 id
1588 2867 1748 2931 scire,
1789 2867 1916 2936 quia
1960 2884 2134 2924 unus-

554 2949 790 3020 quisque
840 2961 1084 3004 nostrum
1122 2952 1174 3004 in
1205 2953 1293 3007 die
1319 2952 1512 3021 judicii
1557 2954 1626 3009 ab
1655 2955 2134 3026 aliojustiticetur,

557 3045 613 3090 et
639 3038 707 3090 ab
740 3038 848 3092 alio
877 3039 1291 3095 condemnetur.
1332 3041 1504 3097 Etiam
1539 3058 1662 3098 cum
1691 3043 1958 3101 fuerimus
1981 3046 2138 3116 justi-

558 3128 701 3182 flcati
735 3144 798 3183 ex
827 3131 956 3196 alio,
988 3130 1200 3200 justitia
1234 3132 1322 3188 illa
1349 3149 1458 3188 non
1487 3143 1596 3190 tam
1624 3136 1799 3191 laudis
1829 3153 1992 3208 quam
2025 3139 2136 3194 cri-

561 3221 727 3276 minis
758 3223 878 3276 loco
911 3223 1150 3292 ponitur.
1186 3223 1387 3296 Utputa
1412 3227 1455 3282 si
1488 3226 1740 3284 inventus
1777 3227 1929 3284 fuero
1961 3229 2136 3286 Sodo-

562 3312 748 3368 mitica
791 3313 991 3368 habere
1019 3326 1258 3384 peccata,
1293 3326 1344 3371 et
1381 3317 1522 3374 alius
1567 3318 1916 3388 protrahatur
1940 3321 1993 3374 in
2025 3336 2139 3375 me-

559 3401 711 3456 dium
741 3402 834 3473 qui
862 3403 1098 3473 duplicia
1125 3405 1329 3460 scelera
1355 3408 1709 3475 commiserit,
1732 3409 2004 3478 justificor
2025 3412 2140 3482 qui-

561 3495 711 3562 dem,
764 3495 856 3551 sed
906 3497 1181 3566 justiticor
1228 3513 1335 3554 non
1385 3509 1441 3553 ut
1486 3498 1694 3569 justus,
1748 3517 1934 3556 verum
1987 3513 2046 3558 ut
2069 3519 2138 3559 ex

558 3587 966 3658 comparatione
1015 3589 1134 3658 ejus
1162 3590 1253 3660 qui
1298 3590 1451 3660 plura
1484 3591 2019 3662 connnisit,judicor
2050 3595 2138 3666 ju-

561 3685 708 3741 stus,
754 3690 878 3730 cum
909 3691 936 3728 a
963 3676 1176 3746 justitia
1201 3679 1359 3750 longe
1386 3679 1513 3734 sim.
1575 3677 1668 3735 Vae
1695 3681 1768 3734 illi
1805 3682 2012 3736 homini
2043 3685 2138 3754 qui

559 3783 592 3824 a
643 3768 830 3822 multis
877 3769 1254 3838 peccatoribus
1311 3771 1674 3842 justiticatur;
1721 3781 1780 3827 ut
1824 3775 2138 3830 econ'rario

561 3861 795 3915 multum
832 3861 1021 3917 beatus
1065 3863 1158 3932 qui
1211 3865 1622 3933 comparatione
1642 3865 1919 3937 justortun
1953 3867 2138 3938 justus

563 3953 888 4010 ostenditur.
942 3952 1255 4012 Invenimus
1295 3955 1350 4012 in
1389 3955 1685 4029 Scripturze
1714 3958 1964 4016 laudibus
1989 3961 2138 4030 posi-

561 4051 704 4106 tum,
741 4044 899 4100 bonis
927 4061 1049 4102 esse
1089 4049 1402 4108 meliorem:
1442 4060 1632 4121 utputa
1663 4052 1847 4108 nullus
1894 4055 1973 4110 sic
2014 4053 2140 4111 fecit

561 4146 774 4193 rectum
810 4149 934 4195 ante
976 4139 1170 4197 faciem
1199 4141 1450 4210 Domini,
1481 4155 1541 4200 ut
1568 4147 1656 4201 ille
1676 4191 1692 4214 ,
1723 4157 1778 4202 et
1809 4147 1928 4213 ille,
1956 4150 2139 4206 nullus

562 4231 644 4285 sic
670 4229 880 4287 Pascha
935 4233 1228 4293 celebravit
1282 4245 1342 4292 ut
1366 4236 1565 4294 Josias.
1622 4238 1699 4296 Ex
1745 4256 1856 4310 quo
1898 4243 2140 4298 ostendi-

563 4331 654 4378 tur
687 4327 1148 4394 comparationem
1189 4327 1304 4382 fieri
1353 4329 1664 4398 justorum,
1711 4341 1766 4387 et
1809 4331 1960 4388 illum
2015 4349 2141 4390 vere

559 4430 682 4470 esse
707 4416 916 4486 justum
947 4418 1038 4487 qui
1076 4419 1156 4472 sic
1175 4418 1461 4488 justifieari
1492 4434 1785 4478 mereatur.
1845 4423 2059 4480 Utinam
2088 4435 2142 4482 et

564 4523 666 4579 ego
697 4509 930 4564 collatus
959 4510 1299 4579 sapientibus
1331 4511 1549 4582 sapiens
1581 4516 1842 4584 reperiar,
1884 4527 1938 4572 et
1975 4518 2143 4588 justis
2177 4543 2220 4599 ι)

558 4601 771 4671 judicer
801 4601 1005 4672 justus.
1071 4599 1208 4658 Nolo
1244 4603 1444 4674 quippe
1486 4605 1776 4674 jttstilicari
1817 4610 1887 4664 ab
1915 4610 2142 4682 iniquis,

563 4693 691 4762 quia
721 4693 845 4747 talis
867 4692 1084 4762 justitia
1114 4692 1410 4748 criminosa
1440 4703 1542 4749 est.

637 4784 690 4837 5.
732 4785 858 4840 Haec
887 4785 1194 4854 auticipans
1220 4785 1433 4842 locutus
1464 4803 1618 4850 sum,
1655 4790 1784 4854 qu'a
1822 4791 1874 4844 in
1913 4790 1997 4847 his
2023 4807 2145 4862 quae

567 4875 703 4929 lecta
749 4886 875 4930 sunt
922 4878 1126 4931 dicitur
1155 4877 1199 4910 ³³
1243 4895 1258 4932 :
1313 4876 1638 4948 Justtﬁcasti
1676 4898 1878 4936 sorores
1925 4894 2044 4936 tuas
2087 4887 2142 4939 in

569 4969 810 5020 omnibus
858 4969 1226 5037 iniquitatibus
1261 4972 1365 5027 tuis
1409 4989 1539 5043 quas
1585 4973 1778 5042 fecisti.
1819 4973 2140 5031 Justificatie

571 5069 702 5118 sunt
727 5061 870 5115 enim
901 5057 1141 5118 Samaria
1171 5069 1227 5118 et
1251 5061 1480 5115 Sodoma
1511 5079 1574 5115 ex
1604 5063 1972 5132 iniquitatibus
1995 5066 2148 5126 Jeru-

575 5154 761 5210 salem.
789 5153 851 5206 In
879 5153 1113 5205 omnibus
1136 5152 1499 5222 iniquitatibus
1527 5155 1629 5207 tuis
1649 5171 1778 5224 quas
1809 5157 1976 5225 fecisti
1992 5159 2147 5229 justi-

575 5247 748 5317 ρεαδςιί
778 5245 897 5298 illas
926 5261 1079 5312 super
1105 5253 1174 5298 te.
1208 5244 1411 5300 Idcirco
1443 5245 1750 5316 diligentius
1779 5249 2143 5317 attendamus,

578 5349 638 5394 ut
684 5338 956 5409 possimus
996 5352 1289 5406 agnoscere
1327 5353 1516 5392 omnes
1553 5353 1654 5394 nos
1695 5338 1748 5392 in
1785 5340 1870 5394 die
1895 5340 2080 5409 judicii
2114 5357 2147 5398 a

578 5431 852 5499 pejoribus
896 5428 1098 5483 nostris
1139 5429 1540 5494 justifieandos,
1578 5439 1634 5483 et
1676 5446 1889 5487 rursum
1927 5448 1956 5485 a
1991 5435 2148 5493 nobis

565 5519 704 5573 alios
745 5517 1057 5589 justiﬁcari.
1121 5515 1276 5573 Unus
1307 5518 1456 5573 solus
1499 5527 1581 5574 est
1605 5519 1699 5589 qui
1727 5519 2058 5590 justifieatur
2080 5523 2149 5580 ab

566 5610 840 5676 omnibus,
867 5619 923 5665 et
946 5611 1060 5680 ipse
1085 5611 1293 5665 nullum
1324 5610 1608 5681 justificat.
1668 5610 1872 5686 Utputa
1907 5611 2148 5670 Sodoma

671 5724 716 5754 ³ο
742 5722 906 5777 Eccli.
935 5741 1023 5790 ut,
1046 5724 1138 5779 20.
1238 5725 1280 5757 ³³
1315 5723 1445 5778 Luc.
1475 5741 1608 5779 xvm
1629 5767 1644 5790 ,
1673 5725 1760 5780 II.
1839 5728 1883 5760 "
1914 5727 2046 5786 ibid.
2079 5726 2164 5782 15.

1238 5725 1280 5757 ³³
1315 5723 1445 5778 Luc.
1475 5741 1608 5779 xvm
1629 5767 1644 5791 ,
1673 5725 1760 5780 II.

596 5792 678 5848 i6.

763 5795 807 5826 ³⁸
828 5793 984 5848 Joan.
1017 5810 1057 5861 ι,
1088 5796 1140 5849 5.
1219 5797 1262 5828 ³⁷
1300 5794 1500 5865 Ephcs.
1527 5811 1600 5863 vr,
1627 5797 1713 5850 12.

2233 1947 2522 2002 orantibus
2575 1947 2730 2001 vobis
2768 1946 3019 2016 praebebo
3053 1945 3119 1998 de
3147 1942 3445 2013 Scripturis
3474 1945 3810 2015 explanatio-

2233 2055 2378 2095 nem.
2459 2037 2607 2093 Fecit
2654 2036 2890 2092 Sodoma
2930 2049 3242 2108 peccatum;
3293 2037 3542 2092 Samaria
3590 2021 3809 2107 quoque

2232 2130 2511 2202 peccavit,
2560 2130 2938 2200 iniquitatibus
2985 2130 3179 2186 obruta
3225 2139 3309 2185 est
3336 2129 3674 2194 Jerusalem,
3715 2128 3808 2184 sed

2234 2223 2447 2278 minora
2503 2230 2726 2293 peccata
2781 2237 2812 2276 a
2867 2221 3172 2292 majoribus
3229 2221 3641 2290 justiticantur,
3707 2220 3810 2276 sub

2235 2314 2484 2384 exemplo
2513 2328 2622 2384 quo
2650 2312 2886 2368 Sodoma
2923 2313 3258 2383 justiticatur
3287 2329 3318 2368 a
3356 2329 3545 2369 sorore
3585 2329 3685 2370 sua
3718 2312 3810 2368 Je-

2235 2411 2493 2466 rusalem.
2553 2407 2837 2476 Quomodo
2881 2408 3047 2479 igitur
3092 2408 3350 2478 iniquitas
3393 2408 3689 2479 justiticat,
3731 2406 3814 2464 sic

2235 2501 2565 2557 condemnat
2593 2500 2887 2571 aliquando
2913 2499 3148 2570 justitia.
3205 2498 3404 2554 Verum
3425 2540 3440 2563 ,
3463 2514 3649 2568 quaeso
3667 2540 3684 2565 ,
3711 2513 3811 2553 ex-

2236 2604 2419 2663 specta
2444 2591 2738 2662 paulisper,
2769 2588 2944 2645 donec
2966 2589 3213 2644 docearis
3241 2589 3693 2659 quemadmodum
3721 2589 3809 2642 di.-

2237 2695 2390 2740 catur
2437 2683 2804 2739 condemnare
2842 2682 3076 2753 justitia.
3134 2681 3394 2752 Iniquitas
3436 2696 3556 2736 mea
3594 2681 3813 2750 justitia

2235 2784 2321 2832 est
2344 2775 2751 2845 comparatione
2777 2775 3002 2843 majoris
3029 2775 3353 2844 iniquitatis.
3404 2772 3495 2827 Sic
3519 2781 3575 2828 et
3590 2773 3815 2842 justitia

2236 2882 2357 2921 mea
2388 2882 2454 2919 ex
2495 2864 2903 2935 comparatione
2934 2865 3248 2934 multiplicis
3286 2863 3512 2933 justiti-aa
3555 2863 3814 2933 iniquitas

2237 2966 2538 3028 reputatur.
2583 2956 2873 3026 Propterea
2904 2973 3006 3010 non
3031 2955 3425 3026 justiﬁcabitur
3452 2957 3502 3008 in
3537 2965 3810 3023 conspectu

2239 3059 2328 3104 tuo
2360 3049 2529 3103 omnis
2562 3050 2731 3102 rivens
2757 3047 2822 3100 “.
2871 3046 3059 3102 Fuerit
3082 3047 3209 3102 licet
3243 3047 3428 3117 justus
3451 3045 3614 3117 390
3637 3046 3810 3101 Abra-

2238 3142 2388 3210 ham,
2405 3149 2460 3196 et
2476 3141 2660 3212 justus
2676 3138 2910 3210 Moyses,
2928 3139 3113 3210 justus
3129 3141 3504 3210 unusquisque
3525 3139 3813 3193 illustrium

2244 3230 2484 3285 virorum
2532 3247 2546 3284 :
2584 3228 2680 3284 sed
2719 3229 2786 3283 ad
2818 3229 3283 3298 comparationem
3312 3228 3516 3284 Christi
3549 3244 3658 3283 non
3683 3235 3816 3284 sunt

2239 3321 2396 3393 justi.
2438 3320 2560 3375 Lux
2581 3335 2772 3374 eorum
2802 3335 2924 3374 cum
2959 3319 3080 3390 ejus
3110 3320 3231 3374 luce
3255 3320 3556 3390 composita
3582 3321 3819 3376 tenebrae

2243 3413 2608 3482 reperiuntur.
2670 3410 2737 3466 Et
2783 3412 3059 3481 quomodo
3101 3411 3286 3467 lumen
3324 3413 3561 3468 lucerna:
3587 3413 3656 3468 ad
3686 3413 3817 3469 solis

2245 3503 2430 3558 radios
2455 3504 2815 3565 obscuratur,
2842 3509 2894 3554 et
2927 3500 3072 3554 velut
3095 3500 3201 3554 alia
3238 3501 3484 3570 quaedam
3523 3514 3668 3554 caeca
3697 3514 3819 3553 ma-

2245 3596 2408 3652 teries
2464 3593 2929 3659 contenebrescit;
2975 3592 3054 3646 sic
3101 3592 3227 3648 licet
3277 3592 3479 3663 fulgeat
3537 3591 3814 3662 justorum

2243 3686 2489 3740 omnium
2539 3684 2722 3738 lumen
2769 3691 2894 3737 ante
2940 3681 3226 3745 homines,
3263 3696 3371 3736 non
3421 3691 3602 3736 tamen
3651 3679 3817 3752 fulget

2247 3787 2374 3832 ante
2401 3776 2704 3831 Christum.
2760 3772 2958 3829 Luceat
2983 3773 3180 3844 quippe
3209 3772 3384 3826 lumen
3419 3781 3680 3840 vestrum,
3711 3788 3817 3828 non

2245 3869 2563 3939 simpliciter
2595 3868 2800 3922 dictum
2825 3876 2946 3934 est,
2980 3866 3074 3923 sed
3123 3867 3293 3920 luceat
3339 3875 3462 3920 ante
3488 3866 3722 3921 homines
3751 3865 3816 3920 ⁵⁵.

2244 3962 2383 4016 Ante
2408 3959 2687 4015 Christum
2723 3974 2830 4014 non
2865 3966 3040 4030 potest
3066 3959 3246 4022 lumen
3279 3956 3484 4030 fulgere
3513 3958 3815 4029 justorum.

2250 4050 2322 4107 Ut
2362 4051 2620 4122 splendor
2651 4051 2793 4108 luna:
2828 4064 2883 4108 et
2913 4052 3169 4108 micantia
3203 4051 3326 4107 οωιὶ
3373 4051 3549 4106 sidera
3571 4092 3587 4118 ,
3637 4050 3820 4120 prius-

2247 4161 2412 4214 quam
2444 4145 2527 4199 sol
2554 4149 2785 4212 oriatur,
2822 4144 2876 4198 in
2907 4144 3236 4200 stationibus
3266 4142 3382 4198 suis
3413 4143 3666 4210 rutilant,
3697 4153 3820 4199 orto

2247 4253 2379 4293 vero
2411 4237 2525 4292 sole
2548 4236 2994 4304 absconduntur;
3025 4237 3104 4292 sic
3137 4236 3318 4290 lumen
3353 4234 3608 4291 Ecclesia:
3644 4243 3704 4290 ut
3737 4235 3820 4290 lu-

2247 4343 2372 4382 men
2405 4328 2568 4392 luna‘,
2615 4328 2934 4398 priusquam
2979 4329 3189 4382 oriatur
3234 4327 3417 4381 lumen
3451 4327 3582 4382 illud
3627 4341 3818 4381 verum

2247 4421 2380 4476 solis
2401 4421 2662 4490 justitia,
2694 4421 3037 4491 resplendet,
3069 4430 3122 4475 et
3148 4420 3356 4476 clarum
3387 4429 3470 4475 est
3491 4429 3617 4474 ante
3645 4419 3821 4474 homi-

2249 4528 2380 4577 nes;
2417 4527 2541 4566 cum
2573 4521 2754 4566 autem
2804 4511 3058 4567 Christus
3089 4512 3320 4576 venerit,
3378 4519 3504 4565 ante
3535 4526 3660 4566 eum
3690 4525 3820 4566 cou-

2245 4603 2603 4660 teuebrescet.
2664 4603 2873 4658 Dicitur
2898 4614 2954 4658 et
2978 4603 3106 4658 alibi
3136 4603 3182 4635 ³⁸
3213 4622 3225 4658 :
3263 4602 3381 4657 Lua:
3403 4604 3458 4656 in
3487 4602 3710 4656 tenebris
3736 4603 3818 4655 lu-

2245 4704 2344 4748 cet.
2379 4693 2512 4761 Quae
2539 4703 2622 4750 est
2647 4695 2736 4749 illa
2768 4695 2860 4749 lux
2891 4709 3014 4765 qua:
3045 4695 3187 4751 lucet
3220 4695 3273 4749 in
3316 4694 3591 4750 tenebris?
3638 4692 3820 4748 Justov

2245 4801 2368 4842 rum
2402 4787 2494 4840 lux
2530 4787 2584 4840 in
2619 4787 2858 4843 tenebris
2891 4787 3054 4843 lucet.
3091 4788 3149 4842 ln
3182 4788 3382 4857 quibus
3405 4787 3684 4842 tenebris?
3718 4785 3819 4840 Ubi

2246 4887 2322 4932 est
2347 4879 2494 4932 nobis
2519 4888 2785 4933 certamen
2813 4880 3061 4933 adversus
3083 4890 3308 4933 rectores
3341 4877 3674 4932 tenebrarum
3698 4878 3821 4932 ista—

2249 4987 2363 5025 rum
2388 4971 2454 5025 ³⁷.
2496 4968 2622 5025 Illuc
2649 4969 2741 5039 qui
2775 4969 3088 5040 diligentius
3124 4971 3448 5041 longiusque
3476 4970 3817 5034 discusserit,

2249 5077 2357 5116 non
2388 5060 2588 5131 poterit
2615 5058 2816 5123 inﬂari,
2858 5059 3047 5117 videns
3079 5059 3260 5114 lumen
3290 5075 3454 5117 suum,
3484 5058 3552 5114 ad
3594 5074 3819 5126 compa-

2248 5154 2516 5208 rationem
2556 5152 2778 5222 majoris
2808 5151 3032 5213 luminis
3078 5153 3328 5210 tenebras
3356 5151 3618 5220 reputari.
3679 5147 3819 5216 Quid

2247 5259 2330 5305 est
2374 5248 2588 5318 justitia
2639 5261 2759 5301 mea
2807 5245 3020 5300 etiamsi
3077 5243 3278 5298 Paulus
3327 5242 3608 5313 apostolus
3654 5239 3822 5296 liam?

2250 5339 2391 5409 Quid
2444 5339 2706 5405 castitas,
2761 5337 2976 5393 etiamsi
3037 5335 3282 5405 Joscph?
3331 5333 3473 5402 Quid
3537 5333 3818 5396 fortitudo.

2251 5433 2464 5488 etiamsi
2494 5431 2666 5488 Judas
2699 5429 3040 5484 Machabarus
3068 5429 3370 5489 exsistam?
3407 5427 3546 5492 Quid
3579 5426 3684 5486 alia
3718 5424 3824 5478 virv

2254 5537 2343 5580 tus
2375 5524 2672 5592 sapientiae,
2710 5523 2922 5577 etiamsi
2957 5521 3214 5575 Salomon
3247 5535 3557 5589 appaream,
3588 5517 3655 5571 ad
3681 5531 3824 5572 corn-

2256 5615 2592 5690 parationem
2643 5613 2735 5668 Dei
2781 5621 2837 5673 et
2881 5613 2948 5666 ad
2989 5628 3177 5666 eorum
3235 5611 3327 5682 qui
3368 5609 3624 5674 meliores
3659 5605 3826 5672 sunt?

2245 5727 2290 5760 ³³
2320 5726 2515 5783 Ezech.
2543 5743 2652 5795 xw,
2688 5723 2776 5781 5|.
2858 5723 2901 5756 "’
2932 5723 3071 5782 Psal.
3115 5740 3282 5792 cxur,
3308 5723 3365 5777 ’3.
3442 5724 3488 5757 ³⁸
3522 5720 3714 5777 Matth.
3739 5735 3790 5785 ν,
