4070 6296
336 387 446 444 737

1703 391 1983 448 HOMILIA
2019 393 2114 452 IX.

3511 408 3580 463 38

337 507 506 578 Ergo,
536 516 596 561 ut
617 506 796 561 dicere
821 521 1164 576 coeperamus
1182 547 1197 571 ,
1244 505 1505 578 iniquitas
1533 507 1829 578 justificat,
1858 519 1912 565 et
1939 515 1985 572 Α
2010 520 2166 567 erant
2195 522 2414 583 peccata
2437 515 2703 584 Sodoma,
2732 527 2788 572 ut
2819 517 2873 571 in
2903 518 3186 575 saturitate
3211 533 3412 589 panum
3441 531 3495 576 et
3527 522 3580 576 in

331 597 548 668 justitia
581 599 814 652 aliorum
843 599 1256 668 comparatione
1277 600 1628 666 condemnat,
1663 601 1868 656 idcirco
1896 619 1910 656 :

340 686 411 742 Ut
434 688 750 757 justi/iceris
779 690 1105 742 sermonibus
1135 690 1262 755 tuis,
1293 699 1342 742 et
1371 691 1548 745 vincas
1577 707 1694 744 cum
1707 691 1914 759 judica-

335 782 414 834 ris
445 781 526 844 ³³,
577 781 776 835 dicitur
805 781 870 834 ad
905 780 1097 835 Deum.
1161 780 1216 835 Si
1253 797 1337 837 me
1358 783 1472 838 vult
1501 784 1714 838 salvare
1742 783 1907 848 Deus,

339 887 446 926 non
495 873 650 926 affert
699 873 754 926 in
797 872 1064 941 judicium
1099 874 1281 928 lumen
1320 890 1516 941 suum;
1558 877 1604 931 si
1646 876 1761 930 vult
1789 891 1911 932 esse

333 962 689 1025 incolumem,
727 976 835 1016 non
866 961 1038 1016 defert
1070 962 1251 1016 lumen
1287 962 1492 1018 Christi
1516 964 1632 1031 sui;
1667 965 1907 1035 alioquin

331 1053 523 1123 puniet
556 1068 669 1118 me;
703 1052 878 1106 defert
903 1068 1033 1107 vero
1069 1053 1249 1108 lumen
1279 1055 1550 1109 minorum
1571 1096 1587 1120 ,
1629 1065 1909 1126 comparat

333 1144 468 1198 mihi
519 1143 808 1198 inferiores
837 1160 1105 1214 quosque.
1166 1145 1384 1211 Quanto
1411 1148 1647 1217 amplius
1671 1148 1908 1216 majores

331 1234 470 1289 mihi
502 1235 866 1304 melioresque
899 1236 1212 1302 contulerit,
1259 1247 1407 1292 tanto
1435 1241 1557 1308 plus
1585 1239 1764 1308 justus
1788 1255 1902 1308 ero,

330 1325 376 1380 si
409 1324 486 1378 illi
522 1339 552 1378 a
586 1339 671 1377 me
699 1326 897 1394 reperti
939 1325 1144 1381 fuerint
1187 1328 1448 1384 minores.
1519 1329 1777 1386 Similiter
1822 1343 1906 1388 est

328 1419 464 1471 illud
491 1419 821 1487 intelligere,
854 1421 998 1489 quod
1029 1422 1097 1476 ab
1120 1421 1378 1491 Apostolo
1422 1425 1624 1480 dicitur
1657 1427 1700 1460 ³³
1727 1446 1741 1481 :
1781 1429 1904 1482 Alia

328 1507 506 1578 gloria
529 1509 680 1572 solis,
713 1508 826 1562 alia
856 1510 1029 1580 gloria
1055 1512 1216 1579 luna,
1251 1514 1363 1567 alia
1395 1515 1568 1585 gloria
1592 1517 1901 1584 stellarum;

327 1599 488 1653 stella
513 1601 654 1654 enim
693 1618 725 1654 a
756 1603 913 1656 stella
944 1603 1123 1672 cii/fert
1162 1608 1213 1658 in
1241 1606 1528 1673 claritate;
1561 1611 1637 1663 sic
1670 1626 1902 1666 resurre-

327 1692 437 1743 ctio
463 1700 812 1747 mortuorum.
840 1692 1003 1750 Verbi
1033 1696 1226 1765 gratia,
1251 1696 1463 1768 fulgens
1490 1709 1544 1754 et
1563 1700 1694 1755 illud
1723 1703 1899 1771 sidus,

326 1796 440 1836 non
463 1783 517 1836 in
547 1795 838 1854 conspectu
868 1786 1150 1844 lucidioris
1181 1790 1376 1855 stella,
1412 1790 1505 1846 sed
1541 1792 1898 1860 obscurioris,

326 1871 518 1925 micat.
560 1871 693 1938 Quis
723 1884 967 1930 nostrum
993 1887 1166 1947 potest
1195 1881 1262 1934 ad
1285 1880 1458 1936 instar
1483 1880 1687 1952 fulgere
1714 1885 1902 1941 luna?

329 1961 467 2031 Quis
493 1963 770 2020 lucidioris
802 1967 1041 2022 siderum
1074 1985 1365 2026 coruscare
1396 1972 1642 2029 lumine?
1693 1975 1902 2033 Secun-

329 2065 458 2113 dum
491 2059 543 2114 id
572 2058 717 2129 quod
748 2059 1010 2130 scriptum
1038 2070 1123 2116 est.
1153 2062 1206 2116 in
1241 2062 1462 2118 Daniele
1485 2065 1529 2096 ‘°
1559 2083 1573 2119 :
1603 2064 1897 2138 Fulgebunt

327 2151 467 2205 sicut
497 2151 650 2205 stella
680 2153 737 2205 in
767 2154 986 2207 scecula.

396 2239 452 2293 4.
513 2239 580 2294 Et
629 2241 746 2296 hac
788 2242 1006 2312 quidem
1057 2244 1366 2301 necessario
1419 2246 1800 2318 disputamus,
1836 2259 1898 2306 ut

327 2331 517 2400 procul
549 2348 582 2386 a
606 2333 859 2402 superbia
883 2335 1204 2390 recedamus
1231 2355 1244 2391 :
1273 2335 1668 2395 Sodomiticum
1697 2344 1897 2414 quippe

325 2434 610 2492 peccatum
643 2434 728 2480 est
776 2427 993 2496 superbi
1037 2427 1318 2496 iniquitas.
1379 2428 1504 2486 Hac
1532 2430 1892 2491 Sodomorum

325 2516 532 2569 sororis
562 2524 665 2570 tua
693 2518 948 2588 superbia
973 2519 1116 2574 unde
1141 2529 1416 2587 nascatur,
1452 2533 1506 2577 et
1534 2539 1671 2594 quas
1698 2525 1894 2582 habeat

325 2606 558 2671 radices,
611 2608 854 2679 adjungit
885 2610 928 2641 “
975 2629 988 2664 :
1027 2609 1094 2664 In
1135 2614 1428 2666 saturitate
1467 2630 1698 2682 panum,
1742 2627 1792 2671 et
1835 2619 1890 2672 in

323 2695 656 2749 abundantia
679 2698 975 2767 amittebant.
1001 2699 1057 2754 Si
1083 2701 1183 2755 soli
1215 2703 1406 2757 littera
1427 2706 1692 2768 attendas,
1720 2709 1889 2765 multa

322 2785 656 2840 abundantia
675 2789 979 2858 antiquitus
1011 2791 1064 2846 in
1095 2791 1349 2849 Sodomis
1378 2793 1499 2850 fuit.
1531 2794 1659 2851 Erat
1688 2799 1890 2869 quippe

324 2877 470 2959 terra
504 2887 693 2929 eorum
725 2885 784 2931 ut
812 2879 1099 2946 paradisus
1145 2881 1260 2948 Dei,
1295 2892 1348 2938 et
1373 2893 1434 2939 ut
1473 2895 1614 2939 terra
1643 2884 1884 2959 Egypti.

322 2957 380 3012 Si
423 2969 606 3016 autem
651 2979 680 3017 a
727 2967 932 3020 carnali
968 2968 1240 3026 intellectu
1291 2972 1356 3026 ad
1403 2974 1701 3042 spiritalem
1730 2957 1885 3031 icon-

316 3054 620 3116 sceuderis.
655 3064 714 3110 ut
742 3058 928 3114 videas
952 3062 1225 3129 quomodo
1247 3065 1495 3132 superbia
1520 3064 1882 3124 Sodomorum

2017 601 2351 656 abundantia
2396 603 2577 670 fuerit,
2615 606 2740 662 talis
2787 614 2967 661 autem
3009 617 3093 663 est
3126 617 3180 664 et
3213 609 3365 665 dives
3396 611 3488 679 qui
3527 611 3581 664 in

2015 690 2308 763 Evangelio
2341 695 2692 761 describitur,
2733 697 2866 752 nulli
2899 698 3123 754 dubium
3158 701 3288 770 quin
3317 701 3470 756 dives
3494 703 3584 758 ille

2013 783 2293 838 Sodomita
2319 785 2408 840 sit.
2426 785 2711 852 Quomodo
2740 798 2919 843 autem
2942 789 3176 845 Sodoma
3195 800 3248 845 et
3271 792 3394 846 ﬁlia
3411 793 3582 847 Sodo-

2009 890 2225 928 morum
2284 878 2530 946 superba
2586 878 2830 943 fuerunt,
2891 879 3025 935 tales
3087 893 3216 936 sunt
3265 893 3580 952 arrogantes

2008 965 2226 1030 anima,
2273 974 2328 1020 et
2375 966 2499 1020 ﬁlia
2534 966 2897 1023 Sodomorum
2944 985 3286 1041 quacunque
3327 973 3578 1028 nesciunt

2009 1053 2215 1106 dictum
2251 1053 2296 1085 "
2339 1073 2351 1108 :
2398 1053 2582 1110 Omnis
2627 1057 2717 1126 qui
2760 1073 2813 1110 se
2855 1058 3085 1125 exultat,
3113 1060 3503 1126 humiliabitur,
3530 1070 3578 1114 et

2007 1145 2096 1214 qui
2122 1161 2175 1198 se
2198 1145 2443 1198 humiliat
2469 1147 2808 1202 exaltabitur.

2075 1234 2129 1288 5.
2169 1233 2283 1288 Hoc
2313 1245 2426 1289 erat
2447 1237 2495 1290 ei
2517 1246 2566 1290 et
2588 1238 2802 1307 ﬁliabus
2834 1239 2950 1309 ejus
2974 1238 3040 1292 “.
3091 1239 3296 1294 Dehinc
3330 1242 3578 1312 sequitur

2008 1323 2155 1378 aliud
2183 1323 2434 1380 Sodoma
2462 1326 2718 1381 delictum
2740 1367 2756 1393 ,
2793 1331 2938 1399 quod
2975 1329 3238 1386 debemus
3277 1331 3475 1398 dicere,
3505 1349 3575 1389 ne

2005 1414 2061 1468 in
2094 1416 2258 1470 simili
2303 1417 2531 1471 crimine
2576 1419 2928 1488 reperiamur.
2975 1419 3044 1475 Et
3081 1438 3297 1475 manum
3328 1426 3575 1494 pauperis

2003 1514 2053 1560 et
2085 1508 2279 1576 egentis
2318 1523 2423 1560 non
2474 1509 2794 1579 suscipiebat
2827 1510 2893 1565 ⁴⁶.
2945 1511 3244 1568 Considera
3292 1515 3576 1584 diligenter

2007 1597 2474 1652 enumerationem
2521 1609 2870 1668 peccatorum
2919 1600 3187 1658 Sodomae.
3222 1606 3336 1675 Ego
3373 1606 3489 1675 ipse
3525 1611 3574 1661 si

1996 1687 2150 1756 juxta
2195 1687 2339 1742 vires
2379 1705 2528 1752 meas
2580 1707 2798 1746 manum
2846 1695 3097 1763 pauperis
3130 1705 3185 1749 et
3233 1698 3410 1765 gentis
3463 1713 3572 1752 non

2003 1779 2301 1849 adjuvero,
2333 1778 2725 1838 Sodomiticum
2758 1783 2932 1839 habeo
2969 1795 3273 1853 peccatum.
3315 1787 3575 1858 Sequitur

2002 1873 2106 1926 alia
2136 1873 2431 1928 accusatio.
2461 1872 2532 1926 Et
2561 1876 2778 1942 superbe
2797 1875 3125 1946 gloriabatur
3145 1877 3213 1933 “.
3253 1877 3318 1932 Et
3343 1880 3567 1949 jactatio

2001 1962 2188 2031 gloria
2220 1962 2614 2018 Sodomiticum
2646 1965 2853 2020 crimen
2882 1975 2986 2020 est.
3037 1965 3176 2022 Sunt
3208 1978 3388 2024 autem
3423 1987 3572 2040 qua-

2000 2052 2123 2105 dam
2155 2051 2406 2124 Egyptia
2438 2063 2694 2122 peccata,
2725 2055 2970 2124 quadam
3019 2056 3383 2127 Sodomitica;
3443 2071 3571 2116 sunt

1998 2143 2105 2196 alia
2139 2141 2502 2213 Babylonica,
2548 2145 2653 2198 alia
2685 2145 2936 2216 Assyria,
2982 2147 3086 2202 alia
3116 2147 3429 2214 Moabitica,
3463 2153 3568 2206 alia

1996 2233 2382 2288 Ammanitica.
2440 2233 2572 2298 Quis
2629 2236 2840 2304 sapiens
2885 2247 2936 2291 et
2980 2238 3240 2308 intelliget
3294 2241 3438 2294 ista?
3473 2251 3567 2296 aut

1995 2324 2113 2394 quis
2156 2323 2454 2395 intelligens
2497 2334 2547 2380 et
2586 2335 2831 2396 agnoscet
2871 2345 2932 2382 ea
2958 2328 3044 2383 ‘7?
3118 2329 3568 2401 Quotiescunque

1996 2414 2228 2484 legimus
2261 2431 2323 2470 ea
2362 2432 2484 2486 qua
2529 2417 2596 2472 de
2627 2416 2989 2474 Sodomorum
3039 2421 3395 2478 subversione
3431 2438 3567 2479 con-

1997 2507 2201 2576 scripta
2267 2517 2423 2573 sunt,
2489 2525 2600 2564 non
2651 2510 2928 2577 dicamus,
2997 2513 3335 2572 miserabiles
3389 2513 3568 2570 Sodo-

1997 2599 2165 2663 mita,
2198 2615 2434 2669 quorum
2463 2601 2691 2656 ulterius
2718 2601 2929 2658 fructus
2952 2611 3094 2658 terra
3119 2619 3228 2659 non
3254 2605 3430 2671 affert,
3464 2607 3568 2661 mi-

1992 2689 2253 2746 serabiles
2281 2690 2438 2760 391
2473 2691 2811 2762 multumque
2856 2694 3164 2763 plangendi,
3201 2697 3296 2766 qui
3335 2705 3444 2751 tam
3474 2697 3564 2750 lu-

1991 2781 2182 2851 gubria
2213 2791 2266 2837 et
2293 2789 2404 2836 tam
2437 2783 2552 2836 dira
2582 2783 2824 2853 perpessi
2857 2791 2985 2838 sunt
3012 2800 3031 2842 :
3059 2787 3190 2855 quin
3222 2795 3400 2856 potius
3427 2801 3562 2842 cono

1987 2883 2268 2929 vertamus
2297 2875 2442 2929 hunc
2472 2873 2530 2928 in
2557 2875 2718 2930 corda
2765 2885 2950 2931 nostra
2989 2891 3316 2944 sermonem,
3352 2892 3563 2934 scrute-

1987 2979 2112 3018 mur
2138 2979 2300 3018 renes
2328 2973 2382 3019 et
2404 2965 2760 3035 cogitationes
2783 2974 3024 3032 nostras,
3041 2974 3242 3024 ettunc
3257 2969 3563 3025 videbimus

1985 3069 2082 3110 eos
2109 3070 2248 3125 quos
2278 3055 2604 3124 plangimus,
2633 3055 2686 3110 in
2718 3056 2876 3112 nobis
2907 3056 3232 3113 intrinsecus
3271 3061 3560 3125 contineri,

316 3143 373 3197 in
403 3146 684 3202 saturitate
707 3164 910 3217 panum
946 3160 1000 3205 et
1025 3153 1076 3206 in
1104 3154 1434 3212 abundantia
1466 3157 1702 3227 fltixerit,
1730 3162 1882 3217 utili-
1909 3173 1952 3233 α
1984 3157 2038 3201 ει
2075 3147 2200 3216 quia
2247 3146 2577 3202 S°d01“ilica
2611 3159 2664 3202 ει
2705 3147 2958 3218 Ᾱῖῧγβιίδ
2997 3156 3053 3200 et
3089 3150 3333 3220 Assyrias
3367 3160 3422 3205 θῐ
3455 3151 3560 3206 alia

314 3243 483 3290 tatem
507 3237 688 3307 capies
715 3248 769 3294 et
798 3241 862 3295 ad
893 3242 1017 3297 vita
1042 3243 1298 3312 oflicium,
1322 3257 1375 3302 et
1403 3249 1470 3304 ad
1502 3251 1606 3306 alia
1635 3253 1880 3323 quadam

312 3329 520 3400 majora
546 3332 845 3401 majoribus
874 3338 1212 3408 corrigenda.
1246 3339 1626 3412 Proponamus
1645 3347 1880 3416 primum

311 3419 368 3474 id
399 3423 543 3490 quod
575 3432 700 3478 ante
723 3425 924 3482 multos
948 3427 1064 3482 dies
1091 3429 1288 3485 lectum
1317 3441 1428 3500 est,
1465 3435 1685 3490 divitem
1712 3438 1880 3494 vesti-

312 3519 431 3564 tum
467 3511 630 3583 bysso
672 3523 726 3569 et
756 3530 994 3585 purpura
1031 3519 1272 3587 quotidie
1304 3522 1514 3579 deliciis
1559 3525 1882 3597 luxuriaque

309 3601 580 3658 laetantem
601 3643 617 3668 ,
649 3614 704 3658 et
746 3603 1013 3662 Lazarum
1055 3610 1340 3665 vulnerum
1379 3613 1500 3668 tabe
1527 3622 1582 3668 et
1611 3616 1876 3672 vermium

306 3692 512 3762 pedore
547 3693 855 3749 confectum
880 3735 898 3762 ,
929 3708 1258 3767 quarentem
1288 3703 1539 3756 solatium
1579 3702 1740 3759 famis
1767 3723 1880 3763 sua

309 3785 480 3841 micas
503 3801 623 3856 qua
646 3787 713 3842 de
742 3805 930 3844 mensa
961 3790 1080 3859 ejus
1111 3791 1432 3848 decidebant
1456 3794 1523 3847 ι’.
1564 3793 1878 3866 Opportune

306 3888 490 3930 autem
523 3893 668 3932 nunc
699 3879 752 3933 in
784 3879 929 3934 hunc
958 3880 1136 3935 locum
1165 3885 1472 3953 exemplum
1495 3886 1638 3940 istud
1664 3888 1874 3956 incidit,

305 3975 366 4020 ut
413 3969 758 4037 perspicuum
809 3970 903 4025 fiat
950 3987 1072 4041 qua
1127 3973 1389 4043 iniquitas
1437 3977 1623 4032 divitis
1685 3977 1870 4035 fuerit.

304 4056 571 4128 Locuples
597 4071 732 4125 erat,
766 4063 1076 4118 abundabat
1098 4065 1326 4121 deliciis.
1369 4066 1488 4123 Non
1537 4071 1681 4126 enim
1711 4087 1875 4127 accu-

305 4151 450 4205 savit
490 4166 615 4206 eum
647 4151 930 4224 Scriptura
954 4195 970 4220 ,
1019 4157 1179 4226 quasi
1214 4157 1434 4214 divitias
1481 4161 1536 4214 in
1587 4162 1873 4232 iniquitate

301 4242 634 4310 possederit;
674 4260 779 4299 non
811 4261 934 4300 eum
969 4247 1289 4303 criminatus
1312 4259 1395 4303 est
1422 4266 1605 4306 sermo
1630 4254 1868 4319 divinus,

301 4335 446 4404 quod
479 4337 856 4392 meretricibus
879 4338 1027 4393 dedit
1052 4356 1066 4394 :
1097 4355 1202 4394 non
1228 4341 1576 4409 homicidam,
1607 4356 1700 4400 aut
1724 4348 1870 4403 aliud

301 4427 668 4497 quodcunque
695 4429 964 4484 scelerum
997 4429 1308 4486 facientem.
1341 4432 1446 4488 Sed
1479 4434 1525 4489 si
1553 4439 1866 4494 consideres

1984 3238 2236 3292 universa
2272 3247 2492 3306 peccata
2530 3253 2652 3308 qua
2694 3239 2967 3310 castigans
3013 3240 3292 3312 Scriptura
3329 3257 3558 3297 enume-

1983 3339 2086 3395 rat,
2116 3339 2400 3385 versentur
2429 3331 2481 3383 in
2517 3331 2692 3386 nobis.
2738 3331 2967 3386 l’olliciti
3005 3349 3168 3403 supra
3201 3350 3393 3389 sumus
3439 3350 3556 3389 ma-

1977 3419 2070 3489 jus
2099 3418 2302 3488 aliquid
2334 3418 2400 3472 de
2433 3417 2709 3488 Scriptura
2745 3418 3008 3476 dicturos.
3047 3420 3296 3477 Sodoma
3323 3425 3378 3477 in
3405 3433 3558 3479 satu-

1982 3511 2143 3566 ritate
2196 3510 2382 3580 panis,
2431 3518 2486 3565 et
2537 3511 2591 3564 in
2637 3497 2968 3566 abundantia
3017 3522 3179 3582 atque
3230 3509 3460 3581 deli¢iis,
3505 3524 3560 3568 et

1981 3604 2286 3660 istiusmodi
2326 3604 2560 3674 peccatis
2597 3603 2930 3674 delinquenti
2963 3604 3047 3658 lex
3089 3604 3390 3674 loquitur"
3416 3622 3434 3659 :
3456 3605 3558 3658 At-

1981 3697 2130 3752 tende
2174 3697 2362 3759 tibi,ne
2393 3696 2663 3750 comedens
2699 3706 2747 3750 et
2785 3696 2960 3750 bibens
3001 3696 3246 3765 repletus,
3281 3705 3332 3748 et
3373 3696 3555 3749 domos

1979 3785 2142 3839 bonas
2171 3786 2465 3854 adiﬁcans,
2496 3784 2674 3838 ovibus
2703 3785 2808 3838 tuis
2833 3793 2883 3840 et
2911 3784 3068 3838 bobus
3095 3787 3200 3838 tuis
3230 3784 3556 3852 multiplica-

1979 3881 2046 3932 tis
2093 3878 2212 3945 tibi,
2259 3889 2476 3948 argento
2525 3890 2572 3932 et
2623 3895 2756 3932 auro
2801 3876 3184 3946 multiplicatus
3227 3875 3552 3931 obliviscaris

1975 3969 2258 4023 Dominum
2294 3967 2480 4021 Deum.
2527 3967 2593 4022 Et
2627 3969 2678 4022 in
2726 3968 2834 4022 alio
2884 3968 3047 4022 loco:
3098 3968 3466 4032 manducavit,
3498 3976 3552 4021 ct

1974 4062 2130 4125 bibit,
2165 4069 2217 4114 et
2251 4068 2526 4115 saturatus
2556 4067 2659 4124 est,
2701 4069 2753 4113 et
2787 4058 3143 4124 incrassatus,
3187 4058 3553 4114 recalcitravit

1973 4153 2200 4206 dilectus
2217 4150 2279 4203 ⁸³.
2310 4149 2518 4204 Similia
2553 4150 2636 4206 his
2665 4149 2921 4203 Salomon
2947 4151 3000 4203 in
3026 4149 3341 4207 Proverbiis
3369 4151 3447 4206 ait
3467 4144 3546 4206 I"’:

1974 4242 2292 4299 Constituite
2329 4241 2457 4293 mihi
2485 4250 2659 4293 autem
2698 4241 2992 4293 necessaria
3019 4249 3067 4294 et
3106 4241 3448 4310 suﬁcientia,
3487 4248 3547 4295 ut

1971 4351 2074 4388 non
2106 4331 2328 4400 repletus
2356 4329 2581 4383 mendax
2614 4329 2762 4398 ﬁam,
2798 4339 2846 4382 et
2877 4329 3074 4394 dicam,
3097 4327 3219 4394 Quis
3250 4345 3330 4382 me
3367 4328 3550 4382 videt?

1971 4434 2063 4479 aut
2091 4439 2240 4494 egens
2267 4421 2432 4492 furer,
2464 4429 2512 4474 et
2529 4419 2725 4490 jurabo
2755 4436 2940 4474 nomen
2966 4421 3079 4476 Dei.
3105 4421 3543 4491 Simpliciterquc

301 4517 405 4573 hoc
444 4521 591 4588 quod
624 4521 676 4574 in
712 4523 962 4590 praesenti
1003 4525 1266 4593 scriptum
1313 4534 1416 4590 est,
1464 4534 1518 4581 et,
1552 4527 1683 4583 illud
1720 4530 1866 4598 quod
1899 4518 1941 4572 D
1971 4516 2258 4572 dicendum
2295 4513 2424 4584 quia
2455 4513 2590 4567 nihil
2630 4513 2710 4567 sic
2753 4512 2806 4567 in
2851 4515 3218 4582 arrogantiam
3261 4513 3451 4579 elevet,
3486 4522 3544 4568 ut

299 4608 354 4663 in
378 4609 670 4681 Evangelio
692 4613 912 4681 dicitur,
935 4611 1143 4672 videbis
1167 4618 1293 4687 quia
1314 4626 1368 4671 et
1395 4617 1543 4672 illius
1567 4620 1864 4677 maximum

298 4712 579 4771 peccatum
608 4705 748 4760 inter
772 4707 1022 4762 universa
1053 4717 1270 4777 peccata
1300 4710 1553 4779 superbia
1585 4709 1782 4766 fuerit:
1808 4714 1862 4770 in

299 4796 584 4850 saturitate
629 4812 851 4866 panum,
898 4808 950 4853 et
999 4799 1053 4853 in
1097 4800 1431 4858 abundantia
1475 4803 1700 4860 afﬂuens
1751 4821 1862 4862 non

297 4884 486 4940 habuit
515 4887 880 4942 miserationis
918 4887 1168 4944 affectum
1199 4891 1266 4944 ad
1298 4907 1421 4946 eum
1456 4894 1549 4962 qui
1581 4904 1707 4949 ante
1735 4911 1862 4965 por-

296 4987 380 5032 tas
409 4993 540 5033 suas
560 4979 842 5034 confectus
865 4980 1137 5035 ulceribus
1158 4982 1400 5051 jacebat;
1442 4985 1536 5039 sed
1566 4986 1618 5039 in
1653 4994 1858 5041 tantam

298 5070 606 5139 superbiam
649 5072 823 5126 elatus
869 5079 952 5126 est
998 5072 1305 5141 despiciens
1353 5083 1746 5143 paupertatem,
1799 5085 1859 5132 ut

297 5175 406 5214 non
437 5171 777 5232 computaret
806 5177 984 5232 neque
1016 5161 1331 5217 inferiorum
1365 5165 1646 5233 supplicia,
1685 5181 1860 5236 neque

294 5258 612 5312 communia
649 5257 1000 5312 humanitatis
1028 5255 1182 5326 jura,
1220 5254 1347 5324 quia
1376 5264 1650 5324 oporteret
1679 5257 1858 5310 homi-

294 5361 416 5400 nem
469 5348 705 5402 bnmana
753 5361 970 5416 sapere,
1014 5355 1068 5401 et
1111 5345 1166 5400 in
1207 5345 1400 5401 alienis
1458 5345 1860 5425 calamitatibus

293 5451 392 5505 pro
433 5438 598 5492 simili
643 5437 955 5492 conditione
998 5436 1082 5492 sui
1131 5435 1536 5506 quodammodo
1585 5434 1890 5509 misereri,

293 5525 388 5584 Est
430 5529 594 5600 igitur
643 5538 699 5584 et
745 5529 896 5585 dives
939 5528 1028 5583 ille
1062 5527 1363 5583 Sodomita.
1423 5526 1482 5580 Si
1532 5525 1677 5581 enim
1728 5525 1856 5582 talia

1970 4610 2171 4665 divitia
2197 4616 2251 4663 et
2293 4605 2574 4669 saturitas,
2629 4612 2685 4658 et
2742 4604 2896 4659 cibus
2944 4619 3110 4674 opum
3161 4604 3539 4672 plurimarum,

1967 4701 2201 4770 dignitas
2225 4713 2444 4769 quoque
2477 4705 2531 4752 et
2574 4705 2833 4766 potestas.
2889 4695 2984 4751 Est
3029 4703 3210 4750 autem
3262 4696 3426 4751 etiam
3473 4696 3541 4751 ad

1968 4793 2162 4847 altiora
2216 4799 2612 4860 transgressum
2657 4788 2857 4850 videre,
2898 4788 3028 4856 quia
3081 4788 3389 4856 superbiam
3434 4787 3542 4842 fre-

1967 4893 2194 4955 quenter
2223 4881 2480 4945 nutriam,
2514 4880 2558 4935 si
2590 4877 2828 4932 divinum
2865 4892 3169 4931 sermonem
3202 4879 3537 4946 intellexero,

1967 4978 2012 5032 si
2040 4975 2337 5044 sapientior
2366 4972 2575 5028 caeteris
2593 4969 2776 5024 fuero.
2815 4968 3050 5023 Scientia
3073 4969 3270 5039 quippe
3297 4971 3449 5038 inﬂat
3470 4971 3536 5032 δι,

1965 5083 2072 5121 non
2098 5082 2198 5136 ego
2229 5066 2374 5130 dico,
2416 5063 2508 5118 sed
2541 5063 2852 5132 Apostolus.
2892 5061 2958 5116 Et
3000 5061 3124 5116 ideo
3160 5077 3351 5116 vereor
3383 5079 3450 5116 ne
3485 5071 3539 5116 et

1961 5158 2078 5228 ipse
2121 5155 2400 5212 sustollar.
2447 5153 2652 5208 Dantur
2701 5160 2756 5206 et
2806 5151 3132 5206 charismata
3180 5149 3248 5204 ad
3295 5149 3348 5203 id
3392 5149 3535 5217 quod

1961 5250 2195 5320 expedit.
2229 5247 2286 5303 Si
2331 5247 2396 5302 ad
2439 5247 2542 5302 hoc
2585 5245 2783 5300 dantur
2820 5242 2965 5313 quod
3009 5241 3244 5312 expedit,
3289 5240 3412 5309 quis
3453 5247 3538 5296 est

1959 5341 2049 5396 ille
2079 5341 2168 5396 cui
2218 5355 2326 5394 non
2371 5337 2624 5407 expedit?
2664 5334 2727 5388 Et
2767 5349 2866 5388 cur
2909 5347 3017 5388 non
3070 5331 3340 5401 expediat,
3382 5329 3530 5384 audi.

1958 5431 2185 5486 Inferior
2206 5428 2426 5499 subjicit
2450 5425 2777 5480 inflationem
2798 5433 2850 5478 et
2870 5422 3161 5493 quamdam
3187 5420 3530 5490 placitionem

1957 5522 2064 5587 sui,
2106 5521 2236 5575 dum
2288 5533 2347 5572 se
2404 5524 2560 5587 putat
2605 5515 2744 5569 inter
2787 5522 3013 5568 cateros
3063 5511 3324 5565 eminere.
3378 5506 3537 5578 Saepe

383 5667 426 5698 ³⁸
449 5666 588 5720 Psal.
623 5682 672 5731 ι,
708 5667 760 5719 6.
841 5667 883 5699 "
907 5665 928 5718 Ι
956 5666 1082 5721 Cor.
1107 5680 1198 5732 xv,
1220 5639 1310 5726 Μ.
1339 5661 1429 5716 42.
1506 5661 1552 5732 δέ
1575 5659 1724 5732 Dan.
1744 5675 1842 5732 xit,
1869 5661 1884 5714 Ξ

2000 5657 2042 5691 ⁴¹
2069 5656 2262 5712 Ezech.
2306 5670 2414 5732 xvi,
2442 5652 2531 5706 49.
2598 5649 2643 5682 δ’
2674 5649 2806 5732 late.
2832 5665 2940 5732 avni.
3089 5647 3220 5732 bne.
3258 5662 3410 5732 xviiii;
3439 5647 3532 5732 ll.

1250 5735 1296 5766 “
1329 5732 1459 5786 ibid.
1483 5731 1571 5785 50.

293 5736 336 5769 ’⁸⁵
361 5735 557 5790 Ezech.
588 5752 697 5801 xw,
728 5737 811 5790 49.
931 5737 975 5768 ⁵⁸
1005 5735 1134 5790 ibid.
1250 5735 1296 5766 “
1329 5735 1459 5786 ibid.
1483 5735 1571 5785 50.
1682 5735 1725 5760 ⁸⁷

297 5823 469 5857 xxxii.
500 5808 584 5857 15.
661 5807 706 5838 ⁵⁸
739 5804 899 5857 Prov.
933 5821 1062 5857 xxx.
1095 5805 1149 5857 8.
1175 5803 1230 5857 9.
1316 5805 1360 5838 ⁸³
1391 5801 1558 5857 lCor.
1585 5814 1703 5857 vm.
1736 5800 1760 5852 i

1545 5841 1558 5856 ο
1593 5837 1703 5865 VIII,
1741 5837 1787 5852 ι.

297 5823 469 5873 xxxn,
500 5808 584 5860 15.
661 5807 706 5838 ⁵⁸
739 5804 899 5860 Prov.
933 5821 1062 5872 xxx,
1095 5805 1149 5873 8,
1175 5803 1230 5867 9,.

1682 5730 1725 5760 "
1762 5731 1900 5786 Osee
1932 5745 2042 5797 xw,
2081 5729 2168 5783 10.

2276 5726 2320 5757 ⁸⁸
2349 5722 2506 5778 Deut.
2535 5735 2650 5789 VIII,
2697 5720 2786 5789 11,
2849 5720 2938 5789 12,
2990 5718 3188 5787 15,14.
3297 5718 3342 5752 ⁴⁹
3369 5715 3520 5774 Deut
