4070 6296
544 388 651 446 739

1712 388 2039 444 ORIGEN'S
2080 390 2141 441 IN
2182 390 2612 444 EZECIIIELEM

3691 394 3799 447 7m

546 511 711 580 igitur
754 510 1009 566 saturitas
1057 523 1256 579 panum
1291 517 1346 562 et
1385 507 1716 564 abundantia
1763 510 1990 564 materia
2040 517 2124 564 est
2154 513 2195 569 A
2227 519 2349 578 post
2374 510 2711 566 confusionis
2739 529 2902 584 opera
2929 528 3050 569 esse
3083 513 3422 574 erubescere,
3463 521 3516 564 et
3555 525 3655 580 pro
3682 527 3802 567 sce-

545 601 885 671 arrogantiaa.
922 598 1072 667 Sxepe
1106 608 1285 651 autem
1333 606 1388 652 et
1426 598 1493 652 de
1539 599 1918 668 spiritualibus
1959 599 2120 653 donis

545 691 810 760 superbia:
861 690 1067 743 crimen
1121 690 1388 752 exm'itur,
1438 699 1492 744 ct
1547 705 1654 744 non
1699 701 1784 744 cst
1833 690 2122 759 utrobique

543 781 854 835 discrimen.
883 777 1090 834 Tantus
1114 781 1195 833 vir
1214 781 1493 849 apostolus
1519 780 1719 836 Paulus
1750 783 2117 837 necessarium

543 867 733 922 habuit
764 867 1054 936 colaphum
1087 867 1262 936 angeli
1290 866 1529 932 Satanae,
1562 878 1622 922 ut
1650 884 1774 922 eum
1809 869 2120 938 colapbiza-

540 969 624 1014 ret
661 975 728 1014 ne
755 959 1059 1013 elevaretur
1088 959 1339 1018 multum,
1391 959 1520 1028 quia
1553 974 1718 1014 orans
1746 967 1798 1014 et
1823 959 2122 1028 deprecans

539 1051 710 1105 Deum
747 1048 1055 1118 impetravit
1083 1062 1183 1118 pro
1221 1049 1407 1103 multis
1433 1063 1576 1116 saepe
1602 1048 1746 1117 quod
1778 1037 1960 1117 petiit;
1993 1063 2118 1103 cum

539 1152 718 1196 autem
755 1142 918 1194 etiam
951 1153 1049 1209 pro
1079 1141 1179 1193 hoc
1217 1141 1476 1208 petiissct,
1521 1155 1621 1194 nec
1655 1150 1800 1195 esset
1841 1142 1986 1210 quod
2026 1156 2122 1210 pe-

541 1234 698 1286 tierat
725 1239 1070 1294 consecutus,
1094 1230 1296 1283 dictum
1318 1240 1399 1284 est
1423 1231 1472 1284 ci
1496 1231 1578 1284 ἰε
1609 1229 1809 1301 Sufﬁcit
1831 1233 1924 1285 tibi
1943 1235 2120 1302 gratia

537 1340 674 1384 mea,
711 1323 874 1375 virtus
921 1322 1059 1374 enim
1104 1323 1158 1374 in
1209 1322 1519 1390 inﬁrmitate
1563 1323 1857 1391 perﬁcitur.
1898 1322 2122 1393 Oportet

540 1415 720 1482 itaque
752 1414 939 1467 timere
966 1428 1089 1466 eum
1119 1413 1210 1481 qui
1245 1413 1423 1466 adhuc
1449 1413 1502 1466 in
1541 1429 1740 1484 genere
1770 1415 2032 1482 humano,
2066 1427 2122 1471 et

539 1507 592 1559 in
628 1509 729 1560 hac
761 1507 1014 1576 praesenti
1059 1507 1178 1561 luce
1215 1515 1481 1572 versatur,
1529 1522 1637 1561 non
1677 1509 1852 1562 solum
1897 1525 1958 1565 ea
1999 1527 2121 1580 quae

539 1598 681 1652 bona
718 1607 979 1667 putantur
1009 1597 1063 1651 in
1092 1597 1314 1664 saeculo,
1350 1597 1443 1651 sed
1474 1598 1635 1652 etiam
1668 1614 1789 1668 qua:
1823 1616 1948 1654 vere
1978 1601 2118 1656 bona

537 1699 664 1744 sunt
693 1709 706 1743 :
731 1690 858 1762 quia
886 1706 1080 1761 magna
1109 1705 1215 1745 non
1241 1705 1532 1760 possumus
1559 1693 1848 1748 sustinere.
1879 1692 2119 1750 Exhibeo

537 1783 606 1836 ad
639 1783 1007 1850 probationem
1050 1783 1331 1850 pra-sentis
1371 1785 1655 1839 sententiae
1690 1784 1976 1840 historiam
2013 1784 2119 1839 Da-

537 1874 650 1940 vid,
689 1875 740 1927 in
771 1889 876 1943 qua
906 1875 1270 1929 conscribitur
1303 1874 1355 1928 in
1383 1873 1567 1929 Uriam
1605 1890 1734 1930 eum
1774 1876 2118 1932 commisisse

537 1973 844 2033 peccatum.
887 1965 1026 2018 Ante
1062 1962 1248 2017 Uriam
1291 1965 1498 2019 nullum
1547 1965 1800 2020 delictum
1850 1967 2119 2035 reperitur

538 2054 592 2106 in
650 2053 867 2108 David:
915 2055 1105 2109 beatus
1153 2055 1319 2110 homo
1367 2065 1507 2123 erat,
1555 2065 1609 2110 et
1650 2057 1767 2112 sine
1799 2058 2017 2126 querela
2061 2057 2116 2111 in

535 2156 829 2214 conspectu
859 2145 974 2199 Dei.
1000 2145 1138 2211 Quia
1174 2161 1302 2200 vero
1329 2147 1586 2202 conscius
1629 2147 1732 2203 sibi
1766 2148 1890 2202 vitae
1920 2148 2120 2203 imma-

535 2238 728 2293 culatae
768 2237 982 2292 locutus
1023 2249 1104 2293 est
1149 2239 1294 2308 quod
1343 2254 1450 2293 non
1497 2239 1758 2294 debuerat
1804 2239 1989 2294 dicens
2024 2241 2113 2295 "z

535 2328 772 2394 Exaudi,
806 2328 1048 2395 Domine,
1080 2330 1356 2398 justitiam
1396 2346 1596 2394 meam;
1633 2331 1842 2384 intende
1869 2332 2118 2400 depreca-

535 2422 667 2476 tioni
693 2437 837 2475 niese.
868 2421 1099 2476 Auribus
1130 2424 1334 2492 percipe
1377 2424 1668 2476 orationem
1705 2439 1871 2475 meam
1914 2439 2015 2476 non
2060 2425 2117 2476 in

533 2513 690 2568 labiis
715 2513 937 2567 dolosis.
970 2514 1048 2568 De
1081 2515 1227 2568 vultu
1262 2524 1350 2569 tuo
1373 2515 1636 2586 judicium
1675 2531 1842 2568 meum
1873 2516 2116 2584 prodeat;

535 2605 674 2658 oculi
721 2605 797 2658 tui
830 2605 1039 2659 videant
1068 2609 1362 2678 wguitates.
1406 2607 1656 2662 Probasti
1703 2624 1795 2662 cor
1837 2626 2028 2678 meum,
2064 2621 2114 2666 et

534 2698 764 2751 eisitasti
792 2708 961 2763 nocte;
981 2700 1105 2769 igne
1136 2716 1215 2753 me
1241 2701 1582 2766 examinasti,
1606 2711 1654 2752 et
1683 2715 1787 2753 non
1809 2711 1887 2754 est
1907 2703 2115 2758 inventa

535 2791 590 2845 in
621 2808 699 2844 me
725 2791 1014 2861 iniquitas;
1045 2799 1100 2846 et
1131 2792 1246 2846 haec
1277 2793 1432 2856 dixit,
1461 2793 1589 2860 quia
1621 2792 1857 2847 visitatio
1881 2793 1975 2848 Dei
2001 2810 2119 2864 pro-

537 2891 655 2953 pter
679 2885 1074 2938 conscientiam
1115 2891 1172 2938 et
1213 2885 1336 2937 vine
1375 2883 1768 2938 beatitudinem
1808 2885 1984 2940 eidem
2029 2901 2118 2940 re-

540 2986 976 3045 praesentaretur,
1014 2986 1253 3054 tentatus
1283 2983 1388 3040 est,
1427 2975 1663 3032 nudatus
1691 2978 1896 3033 auxilio
1941 2987 1999 3032 ut
2033 2979 2118 3033 vi-

541 3069 691 3123 deret
740 3069 870 3138 quid
929 3069 1170 3122 humana
1221 3069 1393 3138 possit
1449 3068 1760 3125 infirmitas.
1814 3069 2117 3127 Recedente

539 3161 737 3258 quippe
771 3160 1021 3230 przcsidio
1060 3159 1185 3227 Dei,
1221 3161 1310 3215 ille
1346 3161 1707 3258 castissimus,
1746 3162 1836 3218 ille
1875 3163 2114 3218 admira-
2139 3195 2186 3258 ο

542 3247 664 3307 bilis
716 3250 768 3304 in
823 3250 1117 3319 pudicitia,
1167 3251 1262 3320 qui
1321 3252 1604 3306 audierat:
1653 3250 1715 3306 Si
1763 3253 1947 3306 mundi
1989 3263 2112 3308 sunt

535 3341 705 3409 pueri,
751 3340 982 3394 maxime
1026 3357 1059 3394 a
1099 3343 1317 3396 muliere
1338 3343 1404 3408 ⁸⁸,
1445 3352 1500 3396 et
1536 3351 1820 3414 acceperat
1854 3342 2117 3399 Euchari-

535 3430 696 3486 stiam
731 3431 888 3502 quasi
925 3432 1191 3497 mundus,
1227 3447 1334 3486 non
1378 3434 1555 3502 potuit
1593 3449 1978 3504 perseverare,
2020 3436 2114 3491 sed

536 3523 590 3576 in
618 3538 684 3578 eo
718 3533 962 3592 repertus
986 3532 1069 3578 est
1096 3523 1349 3592 crimine,
1381 3525 1436 3578 in
1466 3539 1574 3594 quo
1605 3526 1704 3580 sibi
1749 3527 1906 3595 quasi
1937 3509 2115 3580 conti-

537 3630 670 3669 nens
705 3613 1082 3684 applaudeliat.
1128 3613 1186 3669 Si
1217 3615 1341 3685 quis
1389 3630 1518 3686 ergo
1567 3616 1819 3670 conscius
1863 3617 2114 3684 puritatis

535 3721 647 3761 suze
675 3707 914 3776 seipsum
957 3708 1340 3777 giorilicaverit
1386 3724 1493 3763 non
1540 3709 1748 3764 habens
1791 3711 2112 3765 memoriam

536 3798 681 3852 illius
712 3799 838 3852 dicti
864 3799 910 3830 ⁸⁸
941 3814 958 3854 :
987 3799 1126 3863 Quid
1157 3811 1332 3853 autem
1365 3799 1519 3853 habes
1545 3801 1686 3870 quod
1709 3816 1811 3854 non
1842 3803 2117 3871 accepisti?

538 3889 596 3942 Si
621 3900 792 3943 mrtem
823 3891 1092 3957 accepisti,
1118 3890 1245 3960 quid
1262 3891 1508 3960 gloriaris
1522 3891 1676 3961 quasi
1696 3908 1796 3944 non
1815 3893 2074 3960 acceperis
2091 3893 2118 3947 Ρ

538 3979 882 4048 relinquitur,
908 3987 962 4033 et
989 3980 1280 4034 derelictus
1301 3981 1463 4034 discit
1483 3981 1874 4050 experimento,
1904 3983 2031 4050 quia
2060 3983 2115 4037 in

538 4070 624 4124 his
640 4069 798 4124 bonis
813 4086 1042 4139 quorum
1071 4071 1173 4126 sibi
1199 4072 1454 4127 conscius
1469 4081 1605 4137 erat,
1623 4087 1729 4126 non
1757 4080 1864 4126 tam
1886 4073 2002 4141 ipse
2029 4073 2116 4128 sui

536 4161 746 4216 exstitit
761 4177 1126 4232 eausa,qnam
1146 4162 1238 4232 qui
1271 4163 1412 4220 Deus
1426 4165 1687 4219 virtutum
1715 4165 1961 4219 omnium
1993 4163 2116 4220 fons

535 4261 634 4306 est.
662 4249 739 4304 Ex
753 4252 956 4321 quibus
974 4262 1198 4322 apparet
1224 4261 1279 4308 et
1303 4256 1639 4309 saturitatem
1665 4270 1890 4325 panum,
1905 4263 1957 4309 et
1973 4255 2115 4309 dona

536 4343 802 4411 Spiritalia
833 4344 880 4398 ei
925 4345 1018 4414 qui
1062 4361 1125 4400 ea
1167 4361 1273 4400 non
1311 4357 1489 4416 potest
1521 4358 1812 4412 sustinere,
1854 4363 2116 4418 generare

537 4435 868 4504 superbiam.
900 4433 1105 4491 Idcirco
1133 4436 1405 4506 fugiamus
1437 4454 1467 4492 a
1505 4439 1743 4495 Sodoma
1784 4451 1836 4497 et
1878 4444 2114 4511 peccatis

2218 600 2425 655 ieribus
2450 603 2564 657 suis
2593 606 2926 660 verecundos
2966 606 3156 661 oculos
3195 605 3465 674 dejicere,
3510 619 3691 673 neque
3718 606 3796 660 sic

2221 694 2436 760 procaci
2481 695 2628 748 vultu
2679 695 2946 761 incedere,
2977 697 3136 767 quasi
3173 697 3309 751 nihil
3342 695 3568 750 omnino
3604 710 3802 766 peccav

2222 785 2378 838 verit.
2434 785 2644 840 Bonum
2692 797 2777 842 est
2818 789 3017 859 quippe
3071 799 3194 860 post
3239 788 3584 844 confusionis
3631 804 3799 860 opera

2222 874 2482 929 confundi
2511 893 2525 929 :
2557 877 2683 945 quia
2714 893 2856 946 saepe
2879 888 2934 932 et
2962 879 3065 934 hoc
3109 879 3328 933 malitite
3371 878 3563 934 artifex
3605 880 3800 950 inope-

2222 977 2395 1034 ratur,
2439 984 2508 1023 ne
2557 983 2809 1040 peccator
2839 976 2904 1028 ad
2951 975 3326 1044 paenitentiam
3372 976 3571 1038 redeat,
3615 983 3672 1030 et
3717 976 3803 1032 sic

2223 1067 2344 1126 agat
2375 1059 2534 1127 quasi
2569 1061 2747 1116 adhuc
2777 1063 2829 1116 in
2859 1062 3067 1132 justitia
3098 1073 3425 1134 perseveret.
3462 1065 3652 1121 Videre
3675 1081 3803 1136 pos-

2221 1161 2433 1212 sumus,
2460 1158 2515 1204 et
2538 1165 2603 1205 ex
2637 1154 2951 1222 quotidiana
2985 1157 3092 1209 vita
3129 1156 3338 1211 discere
3374 1157 3575 1211 multos
3612 1157 3801 1211 homi-

2222 1252 2350 1291 num
2384 1249 2506 1309 post
2527 1252 2748 1310 peccata
2777 1259 2874 1300 sua
2903 1261 3009 1299 non
3059 1247 3235 1301 solum
3279 1263 3383 1301 non
3435 1247 3616 1317 lugere
3651 1247 3800 1317 quod

2221 1326 2501 1398 fecerunt,
2555 1348 2743 1388 verum
2798 1335 2963 1389 etiam
3012 1337 3225 1405 procaci
3285 1336 3461 1392 fronte
3511 1337 3800 1394 defendere

2219 1423 2472 1491 proprias
2498 1425 2705 1480 ruinas.
2737 1424 2955 1482 Grande
2987 1428 3169 1496 itaque
3200 1427 3518 1483 beneficium
3538 1429 3604 1481 in
3641 1426 3800 1483 Jeru-

2219 1515 2387 1568 salem
2418 1527 2791 1581 conservatur,
2817 1522 2861 1574 si
2887 1529 3064 1574 tamen
3096 1520 3279 1573 credat
3302 1520 3500 1575 dicenti
3528 1518 3794 1575 Domino:

2221 1604 2290 1659 Et
2321 1615 2375 1659 tu
2407 1609 2742 1676 confundere.
2789 1609 2974 1681 Neque
3003 1621 3159 1680 putes
3198 1612 3263 1664 ad
3307 1609 3644 1667 Hierusalem
3681 1621 3797 1667 tan-

2221 1705 2333 1752 tum
2376 1699 2490 1753 ha:c
2513 1716 2634 1756 esse
2667 1703 2832 1767 dicta,
2887 1712 2942 1757 et
2984 1718 3094 1756 non
3144 1703 3210 1756 ad
3265 1703 3512 1774 singulos
3551 1714 3794 1758 nostrum

2219 1791 2310 1858 qui
2339 1790 2551 1845 delictis
2580 1801 2828 1847 tenemur
2854 1793 3098 1847 obnuxii.
3135 1792 3523 1863 Unusquisque
3545 1795 3688 1849 enim
3713 1811 3798 1851 se-

2220 1879 2396 1949 ipsum
2439 1882 2768 1949 consideret,
2809 1885 2938 1953 quid
2981 1884 3168 1939 fecerit
3206 1883 3525 1939 confusione
3550 1887 3795 1956 dignum,

2220 1969 2350 2039 quid
2383 1979 2539 2041 turpe
2570 1973 2786 2027 locutus
2817 1975 2908 2041 sit,
2951 1990 3114 2044 super
3157 1991 3266 2044 quo
3311 1991 3418 2031 non
3460 1977 3658 2031 habeat
3698 1993 3798 2030 au-

2217 2061 2427 2116 daciam
2455 2063 2615 2132 quasi
2653 2065 2800 2120 dicto
2842 2066 3007 2129 bono,
3038 2067 3166 2137 quid
3197 2068 3358 2138 392
3399 2070 3652 2140 cogitarit
3694 2069 3796 2122 tale

2217 2153 2360 2222 quod
2393 2155 2591 2210 rubore
2641 2157 2865 2227 dignum
2889 2158 3101 2214 videtur
3129 2161 3196 2214 ab
3222 2177 3287 2214 eo
3307 2163 3398 2230 qui
3429 2161 3608 2217 cordis
3631 2171 3685 2216 et
3713 2178 3798 2215 re.

2217 2245 2304 2300 nis
2339 2247 2549 2301 occulta
2573 2248 2914 2314 considerat;
2952 2259 3156 2304 etcum
3193 2251 3484 2322 diligenter
3507 2252 3796 2322 perviderit

2217 2336 2598 2406 Cogitationes,
2630 2337 2795 2404 facta,
2831 2355 3132 2405 sermones,
3175 2349 3306 2396 tunc
3337 2343 3522 2396 audiet
3561 2344 3796 2411 prophe-

2220 2432 2329 2479 tam
2362 2426 2628 2483 dicentem
2659 2445 2672 2483 :
2705 2426 2773 2481 Et
2803 2437 2857 2484 tt
2893 2429 3228 2498 confundere.
3270 2429 3399 2485 Post
3431 2431 3574 2500 quod
3605 2446 3637 2485 a
3668 2445 3795 2498 pro-

2216 2516 2378 2585 pheta
2405 2516 2655 2587 jungitur
2676 2518 2722 2550 ⁸⁸
2747 2537 2762 2574 :
2793 2519 2862 2572 Et
2891 2523 3068 2591 accipe
3093 2522 3431 2592 ignominiam
3464 2531 3607 2574 tuam
3635 2523 3691 2574 in
3730 2537 3792 2575 eo

2215 2609 2353 2678 quod
2376 2609 2691 2681 justiﬁcusti
2725 2628 2930 2667 sorores
2967 2624 3106 2669 tuas.
3132 2614 3384 2686 Sequitur
3409 2613 3790 2669 confusionem

2217 2696 2537 2768 ignominia,
2578 2709 2632 2755 et
2677 2701 2771 2756 dat
2819 2702 2964 2756 Deus
3011 2703 3062 2757 ei
3111 2703 3204 2772 qui
3261 2701 3581 2758 confusione
3628 2703 3794 2773 digna

2217 2790 2420 2860 gessit,
2461 2791 2627 2846 etiam
2673 2792 3061 2862 ignominiam,
3095 2794 3337 2864 dixitque
3382 2794 3449 2848 ad
3502 2808 3630 2848 eum
3667 2811 3682 2848 ;
3726 2793 3795 2846 Et

2215 2883 2392 2952 accipe
2425 2883 2772 2953 ignominiam
2810 2895 2976 2940 tuam.
3011 2884 3222 2942 Poteris
3272 2895 3454 2940 autem
3497 2884 3794 2954 intelligere

2216 2975 2362 3046 quod
2411 2975 2634 3043 dicitur,
2677 2977 2726 3032 si
2779 2978 3216 3033 consideraveris
3269 2993 3392 3047 qua:
3439 2976 3680 3047 quotidie
3734 2977 3786 3029 in

2218 3067 2526 3123 civitatibus
2551 3069 2700 3122 ﬁant.
2733 3069 3088 3124 lnhonoratio
3121 3069 3224 3124 civi
3263 3078 3346 3125 est
3371 3070 3439 3124 de
3477 3067 3647 3138 patria
3689 3082 3784 3121 sua

2217 3159 2488 3224 exsulare,
2518 3169 2572 3214 et
2595 3159 2818 3214 infamia
2844 3159 3126 3215 decurioni
3165 3161 3316 3216 eradi
3349 3161 3416 3215 de
3447 3160 3571 3215 albo
3604 3161 3787 3221 curiae,

2215 3260 2268 3305 et
2295 3250 2670 3320 cujuscunque
2695 3251 2918 3306 alterius
2947 3251 3274 3306 conditionis
3301 3250 3508 3305 homini
3560 3250 3790 3321 relinqui

2217 3340 2436 3410 quidem
2470 3342 2522 3394 in
2549 3342 2678 3406 vita,
2706 3342 2799 3398 sed
2821 3357 2944 3396 cum
2966 3341 3283 3413 ignominia,
3317 3343 3432 3398 sive
3460 3344 3514 3396 in
3538 3342 3792 3411 operibus

2213 3433 2483 3503 publicis,
2530 3435 2644 3489 sive
2687 3435 2739 3488 in
2790 3434 2966 3488 insula
3017 3435 3199 3502 aliqua
3241 3435 3552 3489 solitudinis
3591 3434 3790 3486 vivere.

2213 3523 2456 3595 l-ntellige
2477 3535 2657 3578 autem
2711 3525 2845 3579 mihi
2895 3527 3103 3596 justum
3147 3526 3385 3596 judicent
3419 3525 3473 3598 ei
3507 3525 3603 3595 qui
3631 3525 3790 3593 digna

2214 3609 2437 3664 infamia
2463 3609 2654 3664 fecerit
2682 3610 2949 3666 dicentem
2981 3629 2994 3664 :
3025 3611 3070 3665 Ο
3097 3621 3151 3666 ιιι
3197 3613 3286 3682 qui
3329 3625 3505 3681 poena:
3542 3625 3669 3665 reus
3709 3624 3788 3672 es,

2214 3701 2325 3756 noli
2359 3702 2612 3758 exsilium
2663 3712 2814 3757 tuum
2857 3718 2984 3758 cum
3031 3718 3266 3758 mmrore
3313 3703 3590 3772 suscipere
3626 3719 3640 3756 :
3682 3715 3791 3754 non

2214 3791 2360 3847 enim
2409 3793 2703 3847 mereberis
2745 3793 3198 3860 misericordiam,
3237 3795 3281 3850 si
3310 3794 3562 3850 irasceris
3587 3795 3654 3848 ad
3677 3808 3792 3863 po:-

2215 3899 2378 3950 nam;
2414 3885 2546 3953 quin
2583 3885 2764 3953 potius
2797 3884 3036 3955 intellige
3065 3884 3230 3954 digne
3273 3893 3326 3940 te
3369 3886 3480 3954 pati
3509 3885 3655 3954 quod
3696 3899 3790 3954 pa-

2215 3977 2377 4042 teris;
2419 3986 2473 4031 et
2500 3991 2626 4031 cum
2657 3986 2709 4031 te
2742 3977 3136 4040 humiliaveris,
3161 3985 3326 4044 atque
3354 3976 3787 4046 dixerisjustum

2214 4069 2282 4124 de
2311 4077 2362 4124 te
2393 4067 2596 4124 factum
2629 4084 2751 4124 esse
2777 4069 3065 4139 judicium,
3093 4069 3319 4124 forsitan
3359 4069 3786 4124 misericordiam

2213 4159 2565 4230 consequeris
2613 4162 2682 4215 ab
2707 4175 2774 4215 eo
2802 4159 2896 4230 qui
2935 4160 3790 4229 potestpostcondemnationem

2213 4251 2281 4307 ad
2331 4253 2620 4322 pristinum
2667 4261 2719 4308 te
2766 4261 2966 4309 statum
3003 4267 3278 4307 revocare.
3321 4251 3604 4318 Quomodo
3641 4251 3787 4305 enim

2213 4345 2338 4400 licet
2377 4361 2572 4415 magno
2603 4346 2832 4416 principi
2875 4345 3109 4400 liberare
3140 4346 3375 4415 aliquem
3408 4345 3474 4399 de
3503 4346 3701 4408 insula,
3734 4353 3787 4398 et

2213 4438 2280 4492 de
2293 4440 2507 4505 exsilio,
2534 4447 2588 4493 et
2613 4439 2682 4493 de
2713 4437 2946 4508 publicis
2973 4436 3239 4500 vinculis;
3269 4437 3444 4492 multo
3467 4437 3640 4507 magis
3664 4435 3787 4490 licet

535 4529 688 4596 ejus;
737 4528 1009 4600 fugiamus
1059 4545 1090 4583 a
1143 4528 1410 4597 Samaria,
1443 4541 1497 4586 et
1547 4535 1867 4588 criminibus
1911 4537 2110 4605 quibus
2144 4535 2187 4590 D
2217 4532 2586 4587 universitatis
2644 4529 2756 4586 Deo
2823 4545 2948 4586 eum
2997 4533 3092 4602 qui
3157 4531 3514 4585 inhonoratos
3557 4537 3676 4594 est,
3732 4527 3786 4581 in

537 4620 835 4690 castigatur
876 4619 1075 4674 misera
1121 4617 1444 4686 Jerusalem,
1479 4632 1539 4677 ut
1585 4623 1639 4676 in
1685 4625 1956 4680 universis
2001 4625 2112 4680 Deo

538 4712 698 4766 nobis
733 4711 1103 4768 fortitudinem
1139 4712 1506 4778 ministrante,
1545 4715 1905 4770 humilitatem
1945 4726 1999 4771 et
2024 4717 2116 4786 ju-

539 4804 739 4857 stitiam
768 4821 1168 4882 consequamur
1197 4806 1251 4860 in
1280 4805 1498 4861 Christo
1520 4805 1672 4874 Jesu,
1696 4810 1782 4863 cui
1824 4817 1907 4864 est
1943 4809 2114 4881 gloria

538 4902 594 4949 et
623 4893 908 4965 imperium
945 4898 996 4951 in
1029 4899 1226 4954 saecula
1253 4899 1598 4953 saeculorum.
1639 4901 1831 4956 Amen.

1133 5009 1416 5067 HOMILIA
1455 5012 1523 5069 Χ.

540 5096 618 5152 De
643 5115 701 5152 eo
731 5099 1149 5176 quodscriptum
1179 5117 1253 5160 est
1277 5107 1323 5140 ⁸⁸
1350 5125 1363 5137 -
1393 5125 1411 5156 ‹
1450 5107 1591 5176 Ergo
1617 5117 1664 5161 et
1693 5115 1749 5160 tu
1772 5107 2106 5176 confundere,

607 5179 658 5224 et
675 5182 838 5247 porta
872 5174 1216 5243 ignominiam
1253 5186 1432 5240 tuam;
1467 5197 1484 5229 ι
1514 5174 1672 5247 usque
1688 5178 1771 5232 '7:
1803 5196 1822 5229 ι
1854 5174 1922 5232 Et
1943 5179 2112 5234 susci-

608 5242 729 5294 tabo
757 5258 850 5313 ego
883 5242 1250 5301 testamentum
1276 5264 1446 5301 meum
1469 5242 1657 5303 tecum.
1689 5267 1708 5300 ι

609 5352 662 5414 1.
697 5352 938 5411 Primum
971 5357 1188 5427 quidem
1217 5367 1320 5426 est,
1357 5360 1565 5415 nullum
1599 5377 1736 5432 Opus
1765 5359 1942 5416 facere
1973 5376 2108 5416 con-

537 5442 790 5513 fusionis,
823 5449 915 5504 sed
946 5448 1128 5503 omnia
1163 5450 1290 5504 talia
1327 5467 1449 5521 quae
1481 5463 1712 5522 possunt
1746 5453 1913 5508 Deum
1941 5453 2108 5508 libera

538 5534 714 5593 fronte
740 5541 1026 5610 respicere.
1061 5539 1200 5607 Quia
1232 5558 1378 5610 vero,
1415 5555 1475 5600 ut
1507 5546 1776 5613 homines,
1817 5562 1958 5617 saepe
1981 5561 2108 5617 pce-

536 5642 746 5694 camus,
790 5632 1072 5688 sciendum
1104 5637 1421 5703 secundam,
1460 5647 1520 5694 ut
1557 5646 1634 5694 ita
1673 5639 1874 5707 dicam,
1919 5653 2109 5693 navem

549 5809 601 5822 -A
626 5741 672 5772 "
762 5741 892 5822 Cor.
926 5761 1025 5822 an,
1051 5746 1105 5800 9.
1181 5747 1226 5779 "
1252 5747 1394 5806 Psal.
1427 5768 1537 5813 xvi,
1567 5754 1616 5822 l,
1646 5753 1703 5822 2,
1731 5753 1783 5808 5.

536 5811 624 5867 60.
697 5813 743 5844 "
786 5814 913 5870 ibid.
939 5811 1026 5874 5‘2.

2215 4626 2476 4679 honorem
2517 4623 2807 4693 priStinum
2864 4624 3166 4688 restituere,
3217 4623 3262 4676 si
3311 4631 3491 4676 tamen
3544 4620 3785 4676 sentiens

2214 4717 2471 4773 delictum
2501 4731 2660 4771 suum
2694 4715 2982 4772 confessus
3007 4716 3168 4770 fuerit
3190 4715 3352 4785 digne
3378 4729 3436 4769 se
3459 4713 3785 4768 sustinuisse

2214 4809 2360 4878 quod
2398 4823 2594 4878 passus
2617 4815 2721 4863 est.
2758 4807 2907 4862 Dabo
2934 4817 2988 4862 et
3020 4807 3165 4861 aliud
3191 4806 3497 4876 exemplum
3526 4808 3594 4861 de
3618 4806 3788 4860 eccle-

2215 4900 2430 4956 siastica
2454 4900 2868 4956 consuetudine.
2906 4899 3132 4954 Infamia
3164 4907 3243 4954 est
3288 4911 3319 4951 a
3352 4899 3555 4968 populo
3597 4896 3690 4951 Dei
3731 4905 3784 4950 et

2217 4992 2460 5048 Ecclesia
2508 4993 2772 5064 separari.
2825 4991 3073 5048 Dedecus
3134 5000 3216 5047 est
3272 4991 3326 5044 in
3369 4989 3612 5045 Ecclesia
3663 5004 3784 5044 sur-

2219 5099 2346 5157 gere
2374 5085 2442 5142 de
2474 5101 2734 5142 consessu
2762 5085 3103 5156 presbyterii,
3139 5084 3328 5154 projici
3369 5083 3438 5138 de
3466 5082 3784 5137 diaconatus

2216 5178 2406 5247 gradu.
2449 5177 2516 5232 Et
2546 5178 2763 5249 quidem
2794 5192 2981 5232 eorum
3005 5178 3096 5248 qui
3131 5177 3486 5246 abjiciuntur,
3516 5174 3606 5228 alii
3642 5172 3784 5227 sedi-

2217 5271 2391 5324 tiones
2428 5274 2790 5330 commovent,
2821 5266 2908 5321 alii
2938 5280 3066 5320 vero
3085 5264 3348 5335 judicium
3392 5264 3448 5317 in
3491 5277 3552 5317 se
3581 5259 3779 5314 factum

2214 5375 2339 5416 cum
2370 5359 2516 5414 omni
2551 5357 2853 5414 humilitate
2891 5357 3216 5426 suscipiunt.
3251 5355 3576 5424 Quicunque
3621 5352 3782 5421 igitur

2213 5452 2524 5521 exiguntur,
2565 5459 2622 5504 et
2663 5449 2852 5504 dolore
2892 5449 3252 5518 depositionis
3294 5463 3408 5502 suae
3453 5449 3782 5516 congregant

2215 5544 2444 5614 populos
2470 5543 2536 5598 ad
2571 5543 2809 5599 schisma
2838 5541 3164 5605 faciendum,
3193 5550 3251 5595 et
3280 5539 3574 5596 sollicitant
3602 5537 3783 5592 multi-

2213 5636 2455 5692 tudinem
2489 5635 2850 5707 malignorum
2874 5675 2889 5701 ,
2937 5651 3044 5690 non
3086 5634 3360 5704 accipiunt
3408 5631 3780 5687 inhonoratio—

1861 5752 1907 5786 “
1939 5753 2103 5824 llteg.
2137 5752 2322 5816 “1,4.
2398 5751 2442 5782 ⁸⁸
2467 5747 2486 5804 l
2509 5750 2661 5816 Cor.,
2695 5765 2768 5817 iv,
2799 5749 2850 5805 7.
2923 5750 2970 5782 "'
2993 5747 3211 5817 Ezech.,
3244 5762 3353 5816 xvi,
3387 5745 3474 5801 ΒΞ.
3552 5746 3595 5778 ⁸⁷
3649 5741 3778 5800 ibid.
