4070 6296
552 371 669 427 743

1719 373 2043 432 ORIGENIS
2084 373 2151 428 IN
2192 373 2628 432 EZECllIELEil

3726 374 3828 430 7.1-i-

550 485 724 545 Netno
755 489 900 560 quod
954 490 1057 546 sibi
1091 490 1301 547 socium
1336 498 1421 547 est
1462 499 1516 547 et
1555 503 1843 564 cognatum
1879 495 2129 550 emittere
2159 497 2200 553 Α
2231 497 2409 560 tuo,in
2443 496 2625 550 diebus
2651 498 2908 565 superbia:
2940 506 3064 560 true,
3091 499 3530 567 quemadmodum
3559 508 3702 546 nunc
3728 511 3825 562 0p-

549 590 749 651 potest,
783 597 968 637 verum
1020 583 1286 638 emittitur
1331 585 1477 654 quod
1507 586 1654 642 aliud
1698 597 1782 642 est
1822 587 1892 642 ab
1932 603 1999 642 eo
2035 587 2129 657 qui

549 674 768 729 emittit.
811 673 900 729 Sic
944 685 998 728 et
1045 689 1146 729 nos
1193 677 1468 745 peccando
1509 678 1794 735 irritamus
1831 678 2027 746 Deum,
2072 687 2130 735 ut

548 765 728 819 mittat
751 764 887 818 iram
924 781 1087 834 quam
1124 766 1242 835 ipse
1271 783 1381 822 non
1411 769 1594 825 habet.

618 857 670 911 5.
699 856 827 912 Post
852 857 986 920 haec,
1016 855 1074 915 id
1102 866 1186 913 cst
1222 869 1346 929 post
1381 862 1752 929 aversionem,
1802 863 2005 919 dicitur
2027 865 2072 902 “
2111 880 2126 917 :

547 946 777 1002 Sodoma
820 964 973 1000 soror
1006 957 1128 1013 tua,
1173 959 1224 1003 et
1265 950 1394 1019 ﬁlice
1437 955 1552 1021 ejus
1596 956 1944 1008 restituentur
1991 955 2129 1008 sicut

542 1051 694 1096 erant
722 1043 786 1095 ab
814 1043 988 1096 initio.
1026 1042 1199 1098 Venio
1239 1045 1304 1098 ad
1338 1044 1602 1115 imagines
1622 1054 1678 1101 et
1705 1047 1928 1117 ﬁguras,
1955 1057 2010 1101 et
2048 1049 2130 1102 vi-

543 1131 647 1186 deo
675 1141 879 1202 quanto
908 1141 1152 1202 tempore
1179 1136 1490 1190 excruciata
1526 1135 1762 1192 Sodoma
1809 1139 2130 1194 restituatur

541 1219 600 1278 in
625 1223 933 1294 antiquum.
971 1225 1028 1278 Si
1054 1233 1236 1280 autem
1263 1226 1316 1280 id
1351 1227 1496 1296 quod
1529 1243 1625 1297 per
1652 1229 1880 1300 liguram
1917 1230 2124 1284 dictum

542 1322 628 1369 est
662 1314 736 1369 ita
771 1329 832 1370 se
862 1315 1044 1380 habet,
1078 1316 1208 1386 quid
1253 1316 1321 1372 de
1353 1331 1420 1372 eo
1451 1317 1542 1371 ﬁet
1573 1320 1664 1385 qui
1717 1336 1843 1375 vere
1885 1319 2126 1376 Sodoma

543 1404 752 1462 fuerit?
799 1405 995 1462 Statim
1047 1416 1174 1478 post
1214 1409 1478 1464 diluvium
1524 1412 1734 1467 decima
1776 1414 2126 1483 generatione

541 1513 706 1568 passa
737 1507 822 1554 est
865 1497 1104 1555 Sodoma
1140 1516 1203 1555 ea
1248 1517 1370 1572 quae
1418 1502 1472 1556 in
1520 1502 1715 1560 Genesi
1768 1507 2021 1577 leguntur
2054 1511 2121 1565 "’.

542 1589 676 1646 Erat
704 1592 850 1647 enim
878 1594 1031 1662 prius
1060 1593 1218 1664 quasi
1251 1594 1540 1664 paradisus
1564 1595 1680 1661 Dei,
1711 1607 1765 1652 et
1791 1602 1950 1669 quasi
1981 1611 2124 1658 terra

544 1681 785 1754 Egypti;
823 1694 1195 1741 verumtamen
1229 1686 1434 1742 factum
1484 1697 1568 1744 est
1601 1687 1854 1746 Sodomze
1896 1694 1946 1747 id
1977 1695 2124 1764 quod

542 1775 706 1830 etiam
753 1793 901 1833 nunc
946 1779 1191 1850 vestigiis
1237 1781 1474 1850 regionis
1529 1782 1648 1852 ejus
1690 1785 1925 1854 perspici
1972 1788 2120 1843 licet.

2235 585 2508 654 probrium
2536 603 2588 640 es
2627 586 2867 655 ﬁliarum
2911 588 3116 658 Syrica,
3163 595 3211 638 et
3259 583 3501 638 omnibus
3544 599 3666 654 qua:
3703 593 3827 639 sunt

2236 676 2293 729 in
2320 678 2550 730 circuitu
2581 688 2669 731 tuo
2718 679 2957 748 ﬁliarum
2991 679 3408 748 alienigenarum
3437 692 3555 746 quae
3589 677 3827 730 circum-

2236 768 2366 820 dant
2391 778 2439 821 te
2472 768 2526 821 in
2553 785 2701 838 gyro.
2732 767 3039 838 Impietates
3075 779 3193 821 tuas
3236 779 3293 821 tu
3346 777 3501 835 porta
3531 767 3599 822 ⁷¹.
3639 763 3685 817 Ο
3714 767 3825 820 clc—

2235 858 2638 912 mentissimum
2682 857 2849 912 Deum
2887 860 3310 915 satisfacientem
3363 858 3430 912 de
3472 857 3828 913 restitutione

2235 957 2398 1016 atque
2432 948 2698 1002 dicentem
2737 967 2750 1003 :
2785 947 3090 1018 Impietates
3128 959 3246 1003 tuas
3272 958 3321 1002 et
3363 941 3674 1018 iniquitates
3703 959 3825 1002 tuas

2233 1041 2428 1110 porta!
2451 1030 2564 1095 Non
2586 1041 2785 1097 frustra
2815 1044 2935 1096 dico
2965 1062 2978 1097 :
3010 1041 3457 1108 restitueris;sed
3485 1057 3604 1096 cum
3628 1043 3826 1112 impie-

2234 1140 2372 1185 tates
2401 1131 2565 1203 394
2587 1143 2710 1188 luas
2739 1143 2791 1187 et
2826 1135 3140 1204 iniquitates
3169 1143 3290 1189 tuas
3322 1133 3664 1198 cxbauseris,
3686 1143 3825 1188 tunc

2233 1222 2288 1276 in
2329 1223 2508 1278 locum
2563 1226 2850 1294 pristinum
2897 1227 3224 1281 restitueris.
3263 1226 3551 1292 Quomodo
3589 1227 3822 1280 vulnera

2232 1331 2354 1384 quae
2379 1317 2433 1370 in
2460 1332 2686 1386 corpore
2711 1327 2857 1385 sunt,
2888 1334 3029 1388 saepe
3063 1334 3231 1388 parvo
3261 1328 3505 1388 tempore
3536 1319 3819 1384 accidunt,

2231 1407 2454 1462 medela:
2504 1424 2633 1464 vero
2681 1411 2970 1464 vulnerum
3011 1427 3136 1464 cum
3167 1412 3456 1466 tormentis
3490 1411 3820 1466 adhibentur

2231 1497 2542 1568 ingentibus
2577 1515 2686 1554 non
2713 1502 2869 1570 juxta
2897 1503 3264 1572 aequalitatem
3311 1501 3574 1571 temporis
3606 1517 3720 1571 quo
3756 1503 3820 1556 il-

2229 1590 2354 1645 lata:
2391 1601 2538 1658 sunt,
2561 1592 2655 1646 sed
2680 1591 2836 1662 juxta
2866 1595 3129 1648 rationem
3155 1595 3491 1660 curationis;
3519 1594 3672 1649 verbi
3696 1612 3818 1665 gra~

2230 1681 2328 1746 tia,
2363 1680 2418 1734 in
2452 1691 2654 1751 puncto
2681 1684 2826 1739 hora:
2855 1684 3093 1740 fractura
3125 1701 3322 1740 manus
3349 1693 3402 1740 et
3429 1685 3583 1755 pedis
3605 1687 3814 1741 contri-

2230 1773 2308 1830 tio
2335 1775 2551 1841 accidit,
2589 1776 2692 1830 hoc
2719 1778 2864 1847 quod
2897 1779 2950 1831 in
2981 1779 3198 1834 modico
3239 1777 3443 1833 factum
3474 1791 3578 1844 est,
3609 1781 3815 1834 mensi-

542 1864 684 1922 Ecce
728 1870 916 1938 quanti
965 1870 1078 1940 jam
1128 1880 1433 1942 temporum
1479 1873 1670 1929 circuli
1723 1878 2058 1935 transierunt
2111 1899 2124 1935 :
2158 1857 2202 1912 Β
2230 1867 2334 1922 bus
2366 1865 2479 1920 fere
2507 1868 2703 1932 "ibus,
2735 1884 2800 1923 ac
2833 1869 2992 1940 '0980
3022 1879 3265 1940 ιθιηνοτθ
3289 1871 3379 1923 Vi‘
3416 1879 3684 1936 curam";
3735 1873 3814 1927 Sic

542 1970 670 2010 ecce
703 1958 806 2011 tria
838 1958 1006 2013 millia
1039 1975 1308 2014 annorum
1340 1971 1488 2029 sunt,
1515 1971 1570 2018 et
1608 1963 1847 2022 Sodoma
1878 1970 2124 2025 nondum

541 2055 628 2102 est
657 2049 928 2113 restituta;
976 2066 1084 2106 non
1122 2052 1213 2106 illa
1255 2051 1494 2110 Sodoma
1537 2071 1659 2124 quae
1694 2059 1747 2110 in
1783 2059 1939 2129 signo
1981 2072 2036 2116 et
2071 2061 2126 2117 in

539 2139 830 2208 aenigmate
851 2142 1090 2210 ponitur,
1123 2144 1215 2198 sed
1243 2144 1334 2200 illa
1382 2161 1505 2214 qua:
1531 2145 1586 2200 in
1624 2147 1870 2204 veritatis
1916 2153 2128 2209 ratione

540 2229 886 2299 perspicitur.
932 2232 1100 2288 Aiunt
1161 2234 1369 2291 Hebraei
1427 2236 1720 2294 Sodomam
1769 2241 1823 2296 in
1873 2245 2125 2298 eumdem

540 2329 742 2376 statum
783 2324 1174 2381 restituendam
1211 2327 1266 2382 in
1305 2343 1416 2398 quo
1445 2339 1499 2385 et
1540 2341 1701 2387 antea
1748 2335 2017 2399 constitit,
2067 2344 2126 2391 ut

539 2427 762 2497 rursum
801 2417 1058 2484 paradiso
1089 2417 1183 2474 Dei
1212 2428 1267 2474 et
1292 2429 1451 2476 terrae
1497 2422 1714 2494 Egypti
1747 2435 2120 2497 comparetur.

543 2493 604 2560 Si
637 2506 743 2563 hoc
775 2523 834 2563 se
861 2509 942 2564 sic
974 2511 1158 2578 habet,
1189 2523 1243 2568 et
1271 2515 1385 2570 sive
1415 2493 1656 2572 futurum
1686 2528 1792 2585 est,
1821 2493 1936 2576 sive
1967 2537 2076 2577 non
2105 2542 2120 2578 :

539 2606 859 2668 quaerentur
887 2601 1032 2656 enim
1059 2603 1370 2662 istiusmodi
1402 2623 1490 2663 res
1509 2609 1651 2679 apud
1679 2623 1774 2666 eos
1798 2612 1890 2682 qui
1921 2613 2125 2671 doctis-

539 2687 665 2742 simi
697 2698 847 2756 sunt;
892 2701 1154 2748 utautem
1188 2694 1281 2750 [lat
1314 2697 1460 2767 quod
1495 2699 1718 2766 dicitur,
1768 2703 2125 2772 complebun-

540 2786 632 2832 tur
669 2781 802 2836 mihi
836 2798 1106 2838 annorum
1137 2786 1241 2840 tria
1273 2788 1474 2856 millia,
1528 2797 1583 2844 et
1628 2800 1760 2846 tunc
1805 2795 2123 2850 restituetur

537 2873 850 2928 excruciata
878 2874 1052 2930 tribus
1081 2877 1321 2932 millibus
1351 2893 1624 2935 annorum
1655 2881 1914 2948 Sodoma,
1955 2885 2008 2940 id
2039 2895 2124 2942 est

538 2962 722 3018 anima
753 2978 873 3018 mea
909 2983 923 3019 :
961 2962 1220 3032 Sodoma,
1258 2969 1393 3024 meis
1417 2986 1579 3040 poena
1618 2976 1874 3042 peccatis.
1905 2975 2122 3034 Grande

539 3053 886 3110 intervallum
923 3061 1185 3128 temporis
1215 3061 1360 3117 inter
1390 3065 1790 3123 restitutionem
1822 3079 1875 3125 et
1905 3072 2119 3128 ruinam

539 3148 783 3216 positum
811 3158 914 3204 est.
949 3149 1122 3205 Etiam
1159 3153 1206 3209 si
1247 3154 1554 3212 restituaris
1596 3157 1669 3213 ita
1713 3168 1774 3214 ut
1819 3164 2119 3233 antiquitus
2145 3189 2190 3248 ο

539 3251 686 3302 eras,
715 3237 839 3292 vide
864 3249 1066 3308 quanta
1091 3244 1388 3300 exhaurias
1418 3247 1582 3314 mala,
1617 3252 1840 3319 quantis
1878 3254 2114 3322 primum

541 3325 944 3383 calamitatibus
970 3331 1318 3399 opprintaris.
1354 3332 1465 3389 Hoc
1502 3344 1684 3391 autem
1717 3340 1862 3408 quod
1894 3341 1962 3395 de
2016 3341 2120 3397 So-

538 3413 701 3469 doma
733 3416 973 3472 diximus
1001 3458 1017 3482 ,
1053 3428 1107 3475 et
1145 3421 1214 3476 de
1258 3420 1505 3480 Samaria
1555 3442 1773 3498 quoque
1820 3429 2119 3503 intelligere

537 3503 820 3562 debemus.
847 3507 914 3562 Et
941 3509 1055 3580 ipsa
1087 3512 1288 3583 quippe
1329 3516 1561 3572 necdum
1585 3528 1667 3574 est
1695 3521 1942 3576 restituta
1962 3567 1976 3590 ,
2022 3527 2117 3582 sed

537 3609 605 3650 ex
637 3610 703 3651 eo
735 3604 976 3668 tempore
1006 3617 1116 3672 quo
1148 3603 1334 3659 decem
1366 3608 1538 3663 tribus
1561 3609 1750 3679 ejecta:
1775 3623 1904 3668 sunt
1931 3614 1999 3670 de
2025 3615 2121 3671 Ju-

535 3685 651 3742 dtea
680 3698 735 3743 et
755 3689 823 3745 de
849 3689 1119 3762 Samaria,
1145 3704 1200 3750 et
1224 3699 1592 3767 captivitatem
1629 3703 1909 3771 sustinuit,
1941 3719 1996 3761 et
2020 3723 2120 3762 no-

535 3793 660 3833 men
693 3782 901 3852 accepit
931 3799 1040 3838 non
1091 3785 1296 3842 habens
1327 3791 1540 3846 accolas
1574 3808 1721 3848 suos.
1781 3794 2120 3854 Restituetur

537 3879 719 3926 autem
744 3884 798 3928 et
827 3874 920 3930 illa
949 3877 1092 3932 sicut
1126 3879 1178 3933 in
1217 3881 1483 3950 principio
1512 3883 1612 3937 fuit
1646 3901 1769 3940 cum
1799 3888 1985 3943 decem
2016 3892 2116 3945 tri-

536 3963 638 4019 bus
671 3964 869 4022 iuerint
901 3983 1152 4036 reversae,
1178 3981 1238 4026 ut
1279 3974 1520 4029 solvatur
1553 3976 1603 4030 id
1656 3979 1801 4046 quod
1852 3981 2116 4050 scriptum

535 4065 622 4111 cst
652 4056 698 4088 ⁸⁸
749 4051 762 4110 ξ
815 4059 1066 4128 Captivus
1117 4066 1306 4119 ductus
1364 4076 1442 4120 est
1487 4069 1711 4138 papulas
1760 4071 1817 4124 in
1871 4074 2115 4143 Assyrios

535 4163 699 4218 usque
725 4149 778 4202 in
806 4149 1116 4206 hodiernum
1146 4155 1305 4210 diem.
1339 4155 1396 4212 Si
1427 4170 1608 4216 autem
1639 4169 1792 4216 tanto
1820 4174 1943 4233 post
1973 4173 2113 4222 tem-

534 4255 666 4312 pore
689 4243 1002 4299 restituetur
1033 4246 1085 4301 id
1115 4249 1260 4316 quod
1293 4253 1572 4319 praecessit
1598 4254 1651 4308 in
1681 4255 1922 4326 signum,
1945 4275 2116 4330 quan-

533 4331 607 4386 do
629 4341 684 4386 tu
717 4333 1040 4400 restitueris,
1075 4336 1120 4391 si
1147 4345 1326 4392 tamen
1359 4342 1662 4397 restitueris
1691 4342 2034 4402 Samaritana
2059 4356 2115 4403 et

534 4423 787 4480 haeretica
823 4427 1026 4490 anima,
1054 4443 1176 4496 quae
1209 4429 1517 4486 simulacris
1538 4442 1591 4486 et
1620 4431 1770 4489 feriis
1795 4450 1902 4490 non
1943 4438 2111 4504 veris,

533 4529 600 4569 ac
630 4515 902 4586 ﬁgmentis
942 4518 1009 4572 de
1050 4516 1338 4573 Jeroboam
1377 4523 1540 4576 corde
1565 4525 1911 4582 venientibus
1937 4527 2113 4582 credi-

532 4608 687 4662 disti?
719 4607 949 4674 Quando
979 4609 1308 4676 restitueris,
1335 4627 1368 4667 ο
1392 4613 1572 4669 anima
1603 4614 1810 4681 infelix,
1835 4632 1956 4672 cum
1986 4625 2111 4688 post

533 4709 683 4756 tanta
716 4703 913 4759 szecula
963 4703 1285 4759 restituatur
1323 4705 1631 4773 exemplum
1683 4709 1806 4762 tui?
1841 4707 1897 4764 Si
1928 4719 2108 4766 autem

535 4793 638 4844 hoc
669 4808 829 4862 super
869 4795 1106 4850 Sodoma
1134 4803 1189 4850 et
1219 4794 1465 4850 Samaria
1517 4797 1596 4865 ιιι,
1639 4815 1761 4868 qua:
1797 4800 2110 4869 justiﬁcaue

535 4896 663 4940 sunt
687 4887 754 4939 ab
778 4885 1099 4953 Jerusalem,
1128 4888 1258 4957 quid
1291 4887 1579 4943 dicendum
1607 4899 1690 4944 est
1714 4891 1780 4945 de
1813 4892 1926 4961 ipsa
1953 4891 2111 4948 Jeru-

534 4976 702 5030 salem
749 4993 869 5046 quaz
910 4981 1341 5047 supradictarum
1395 4980 1599 5035 scelera
1649 4982 2006 5050 justiﬁcavit?
2039 4984 2108 5039 Et

533 5067 882 5122 restituemini
911 5069 1044 5123 sicut
1077 5069 1140 5123 ab
1167 5071 1316 5124 initio
1342 5071 1540 5140 fuistis.
1571 5071 1638 5125 Et
1672 5084 1729 5126 tu
1757 5083 1806 5126 et
1837 5075 1966 5142 ﬁlice
2003 5086 2108 5131 tute

532 5161 882 5234 restituentini
929 5164 1068 5214 sicut
1111 5163 1288 5231 fuistis
1317 5166 1369 5216 in
1412 5165 1672 5234 principio
1715 5166 1780 5220 ".
1837 5165 1953 5221 Scit
2003 5168 2108 5224 hoc

532 5255 676 5325 quod
716 5253 848 5308 dicit
879 5275 890 5308 :
920 5252 1068 5308 Sicut
1100 5255 1278 5324 fuistis
1306 5256 1360 5309 in
1383 5257 1643 5326 principio
1661 5273 1681 5323 ;
1724 5266 1777 5313 et
1823 5257 1991 5314 Isaias
2018 5260 2108 5315 di-

531 5363 660 5404 cens
687 5346 732 5378 ⁷⁸
760 5366 774 5402 :
806 5345 876 5402 Et
910 5348 1227 5401 constituam
1244 5349 1454 5417 judices
1489 5357 1606 5403 tuos
1635 5357 1693 5402 ut
1721 5350 1869 5418 prius
1902 5361 1952 5405 et
1982 5367 2108 5405 con-

529 5438 762 5493 siliarios
787 5450 900 5492 tuos
931 5448 988 5491 ut
1020 5439 1074 5490 in
1103 5440 1341 5494 exordio.

596 5531 650 5584 4.
680 5529 747 5584 Et
770 5531 873 5585 nisi
901 5541 1033 5586 esset
1062 5530 1295 5586 Sodoma
1322 5548 1473 5586 soror
1506 5541 1595 5586 tua
1628 5533 1680 5586 in
1697 5535 1908 5598 auditu,
1935 5536 1988 5589 in
2012 5551 2104 5590 ore

599 5652 644 5683 “
671 5651 867 5707 Ezech.
903 5671 1014 5721 xvx,
1044 5653 1132 5708 55.
1207 5653 1251 5685 ⁸⁷
1282 5651 1417 5708 Gen.
1446 5670 1562 5716 χιιι,
1590 5653 1675 5708 10.

533 5737 658 5792 va,
705 5721 812 5783 56,
873 5723 986 5790 57,
1048 5725 1136 5779 58.
1246 5725 1290 5756 ⁷³
1346 5724 1502 5787 ibid.,
1547 5725 1636 5792 59,
1681 5723 1768 5778 60.

533 5791 579 5824 “
607 5789 802 5845 Ezcclt.
837 5808 950 5863 xvr,
974 5789 1079 5847 6i.
1153 5795 1198 5826 ⁷⁷
1238 5792 1369 5849 ibid.
1403 5795 1492 5863 61,
1521 5789 1631 5849 62f
1683 5795 1730 5828 ⁷³
1762 5793 1893 5851 ibid.
1930 5795 2019 5862 6‘2,
2051 5796 2152 5852 65..

1767 5655 1813 5686 ⁸⁸
1840 5652 1906 5708 1V
1935 5653 2066 5725 Reg.
2084 5668 2218 5718 xvu,
2236 5652 2327 5708 23.

1889 5725 1936 5756 ⁷³
1979 5722 2131 5780 Deut.
2176 5739 2348 5785 xxxu,
2392 5722 2482 5778 ω.

2228 1969 2284 2014 et
2306 1959 2554 2028 voluptas
2587 1976 2710 2030 quae
2737 1977 2931 2017 nervos
2964 1963 3160 2017 animae
3197 1962 3446 2026 succidit,
3485 1973 3539 2017 et
3567 1963 3811 2031 luxuria,

2227 2056 2281 2103 et
2308 2049 2474 2104 semel
2507 2051 2763 2106 universa
2805 2061 3055 2121 peccata,
3101 2068 3224 2111 cum
3265 2053 3318 2106 in
3350 2069 3518 2122 parvo
3568 2064 3813 2125 tempore

2228 2140 2498 2197 infelicem
2531 2145 2768 2198 animam
2802 2145 3112 2212 illexerunt,
3141 2156 3194 2200 et
3225 2146 3290 2200 ad
3324 2147 3461 2202 vitia
3501 2157 3808 2214 traxerunt,

2229 2248 2482 2303 magnum
2516 2244 2701 2304 postea
2734 2246 2947 2306 tempus
2973 2238 3028 2291 in
3067 2239 3350 2308 suppliciis
3376 2248 3430 2293 et
3465 2241 3810 2296 cruciatibus

2227 2334 2636 2393 promerentur.
2678 2325 2908 2395 Pmpter
2942 2328 3087 2396 quod
3125 2328 3227 2382 hoc
3260 2328 3391 2382 dicit
3423 2328 3691 2385 Dominus
3722 2331 3805 2383 7':

2226 2409 2296 2463 Et
2322 2411 2519 2481 faciam
2553 2415 2609 2467 in
2637 2423 2684 2468 te
2709 2415 2845 2469 sicut
2880 2415 3076 2485 fecisti,
3095 2416 3234 2470 sicut
3263 2418 3504 2487 sprevisti
3541 2418 3653 2472 lucc
3675 2435 3812 2487 prte-

2225 2504 2513 2559 uaricando
2567 2514 2937 2561 testamentum
2984 2524 3178 2574 meum,
3208 2517 3259 2563 et
3299 2525 3493 2563 memor
3526 2526 3637 2564 ero.
3677 2508 3806 2563 Pri-

2225 2612 2376 2650 mum
2399 2637 2414 2662 ,
2448 2599 2707 2668 quomodo
2741 2596 2915 2668 fecisti
2946 2601 3144 2669 faciam
3171 2599 3294 2666 tibi;
3345 2600 3574 2665 deinde,
3602 2616 3807 2654 memor

2222 2705 2312 2744 ero
2363 2692 2660 2744 testamenti
2703 2692 2804 2744 ntei
2832 2692 2970 2762 quod
3003 2692 3104 2762 feci
3133 2703 3301 2746 tecum
3329 2691 3381 2745 in
3404 2691 3585 2745 diebus
3624 2693 3810 2760 infan-

2225 2781 2315 2835 tia:
2349 2790 2471 2835 tute.
2548 2781 2703 2837 Fecit
2735 2784 2935 2854 quippe
2979 2791 3366 2839 testamentum
3409 2785 3464 2838 in
3490 2783 3688 2839 diebus
3716 2777 3805 2838 in-

2223 2871 2406 2926 fantia:
2431 2872 2571 2942 ejus.
2597 2873 2848 2929 Diximus
2877 2884 3060 2930 autem
3091 2891 3257 2946 supra
3279 2876 3554 2946 quomodo
3583 2892 3708 2932 cum
3739 2891 3804 2932 ea

2224 2960 2415 3018 fecerit
2447 2972 2854 3020 testamentum.
2914 2965 2986 3020 Et
3009 2965 3276 3022 suscitabo
3311 2968 3405 3020 tibi
3437 2977 3801 3023 testamentum

2222 3054 2278 3107 in
2304 3065 2582 3111 aeternum.
2645 3055 2760 3128 Ego
2809 3059 2990 3112 occido
3015 3097 3028 3124 ,
3061 3069 3108 3112 et
3137 3076 3230 3129 ego
3264 3059 3538 3128 uiuiﬁcabo
3558 3101 3574 3126 ,
3625 3061 3701 3114 ait
3728 3060 3794 3114 ⁷³.

2223 3144 2327 3213 Qui
2373 3162 2496 3201 cum
2533 3147 2634 3202 ista
2665 3150 2968 3218 promittit,
3017 3150 3232 3206 dolores
3264 3150 3425 3218 facit,
3477 3160 3531 3206 et
3579 3168 3799 3206 rursum

2229 3238 2502 3294 restituet.
2545 3236 2844 3308 Percussit,
2875 3249 2930 3296 et
2955 3256 3150 3297 manus
3202 3242 3322 3311 ejus
3371 3243 3664 3298 sanabunt.
3709 3241 3803 3296 Di-

2222 3330 2365 3385 citur
2417 3331 2471 3386 in
2520 3331 2744 3388 Michaea
2769 3334 2815 3364 ἰ
2845 3351 2859 3388 :
2898 3333 3046 3388 Iram
3078 3333 3295 3389 Domini
3325 3336 3626 3401 sustinebo,
3675 3337 3803 3404 quia

2220 3424 2431 3493 peccavi
2459 3425 2528 3490 ei,
2560 3424 2722 3478 donec
2743 3425 2998 3494 justiﬁcet
3029 3426 3137 3496 ipse
3169 3443 3386 3480 causam
3413 3444 3604 3481 meam.
3649 3425 3802 3492 Quo-

2223 3513 2385 3567 modo
2410 3512 2743 3582 justiilcatur
2777 3529 2942 3568 causa
2976 3516 3134 3568 mea?
3169 3514 3398 3582 Quando
3420 3517 3557 3570 iram
3581 3511 3800 3570 Domini

2221 3603 2556 3670 sustinuero,
2588 3605 2681 3673 qui
2715 3604 2934 3660 divitias
2970 3605 3233 3661 bonitatis
3263 3607 3385 3676 ejus
3414 3617 3468 3662 et
3502 3608 3799 3676 patientiae,

2220 3703 2273 3747 et
2301 3693 2732 3764 longanitnitatis
2781 3696 3106 3764 contempsi,
3155 3705 3209 3751 et
3237 3697 3392 3766 juxta
3426 3715 3604 3752 meam
3649 3698 3801 3752 duri-

2219 3787 2350 3840 tiam
2380 3794 2435 3840 et
2463 3786 2810 3856 impmnitens
2847 3802 2942 3841 cor
2973 3786 3333 3844 thesaurizavi
3371 3790 3502 3844 mihi
3537 3790 3712 3858 iram.
3743 3795 3798 3848 in

2219 3877 2307 3930 die
2346 3877 2440 3931 ira:
2471 3885 2525 3931 et
2550 3877 2899 3932 revelationis
2930 3878 3064 3948 justi
3095 3879 3285 3948 judicii
3320 3879 3412 3934 Dei
3445 3882 3512 3936 ⁷³.

2290 3984 2343 4037 5.
2384 3982 2452 4036 Et
2477 3983 2899 4038 dehonestaberis
2937 3987 2990 4038 in
3028 4002 3086 4038 eo
3116 3988 3254 4056 quod
3283 3989 3560 4056 suscepisti
3589 4006 3795 4045 sorores

2221 4084 2342 4126 tuas
2365 4075 2594 4127 seniores
2628 4091 2748 4128 cum
2773 4076 3202 4141 adolescentulis,
3233 4088 3280 4130 et
3311 4077 3448 4131 dabo
3489 4079 3586 4132 tibi
3618 4097 3708 4134 eas
3739 4083 3794 4134 in

2217 4164 2625 4233 aedificationem
2653 4165 2700 4196 "‘
2719 4205 2734 4219 .
2790 4165 2965 4236 Supra
2995 4182 3160 4221 unam
3189 4168 3322 4222 dixit
3345 4184 3587 4224 sororem
3622 4171 3794 4226 Sodo-

2217 4270 2363 4308 mam
2387 4295 2403 4320 ,
2451 4263 2506 4309 et
2549 4255 2711 4308 aliam
2747 4254 3050 4310 Samariam
3072 4296 3086 4319 ,
3121 4272 3267 4311 nunc
3308 4259 3503 4328 repetit
3533 4269 3588 4314 et
3613 4261 3746 4315 dicit
3776 4279 3788 4314 :

2217 4348 2436 4404 Sorores
2484 4358 2603 4403 tuas
2629 4350 2881 4413 seniores,
2932 4365 3055 4404 cum
3087 4349 3271 4405 senior
3301 4360 3508 4406 tantum
3545 4350 3788 4407 Samaria

2216 4441 2319 4506 sit,
2371 4449 2426 4496 et
2474 4441 2874 4496 adolescentior
2925 4439 3200 4507 Sodoma;
3255 4459 3443 4498 verum
3491 4445 3621 4514 quia
3670 4445 3792 4499 tiliae

2145 4554 2186 4608 ο
2214 4547 2402 4588 earum
2434 4533 2515 4587 eis
2544 4539 3034 4600 connumerantur,
3055 4534 3188 4588 dicit
3209 4537 3454 4590 omnium
3482 4554 3645 4592 unam
3666 4555 3790 4595 esse

2214 4624 2470 4694 speciem.
2529 4622 2756 4689 Quantae
2811 4634 2993 4679 autem
3047 4626 3170 4680 tilias
3218 4626 3582 4683 Sodomorum
3638 4640 3786 4696 sunt,

2215 4721 2379 4768 tanta:
2410 4721 2465 4768 et
2497 4713 2778 4768 Samaria.
2843 4713 2913 4767 Et
2945 4715 3081 4769 dabo
3114 4716 3210 4770 tibi
3257 4735 3345 4772 eas
3386 4719 3440 4772 in
3473 4721 3788 4788 a’diﬁcatio-

2213 4821 2330 4860 nem
2352 4841 2367 4869 ,
2401 4815 2450 4860 et
2485 4822 2589 4860 non
2612 4823 2676 4860 ea:
2703 4815 3013 4860 testamento
3048 4819 3168 4876 tuo,
3203 4819 3252 4863 et
3281 4811 3546 4865 suscitabo
3587 4829 3680 4882 ego
3713 4823 3788 4866 te-

2212 4905 2536 4952 stamentum
2567 4913 2739 4951 meum
2768 4906 2934 4951 tecum
2961 4899 3028 4953 ⁷⁷.
3067 4898 3364 4955 Considera
3398 4904 3564 4957 linem
3595 4920 3785 4973 repro-

2213 4987 2494 5042 missionis
2528 5005 2543 5042 :
2580 4985 2650 5039 Et
2683 5004 2959 5058 cognosces
2988 4989 3112 5059 quia
3145 5007 3238 5060 ego
3264 4991 3523 5046 Dominus
3544 5035 3558 5059 ,
3596 5010 3652 5046 ut
3681 5011 3787 5048 me-

2213 5080 2431 5134 mineris
2457 5089 2507 5134 et
2532 5079 2876 5149 confundaris
2908 5081 2975 5146 7°,
3009 5082 3058 5135 id
3089 5091 3170 5137 est
3205 5099 3328 5136 cum
3367 5085 3637 5153 receperis
3661 5101 3786 5154 peca-

2213 5179 2333 5228 cata
2363 5179 2478 5239 tua,
2512 5182 2567 5226 et
2600 5180 2873 5226 remorata
2905 5170 3095 5237 fueris,
3126 5181 3258 5228 tunc
3287 5174 3659 5231 confunderis.
3714 5175 3783 5228 Et

2207 5263 2352 5318 ultra
2369 5279 2468 5318 non
2487 5263 2586 5318 erit
2611 5263 2704 5316 tibi
2721 5279 2777 5316 os
2793 5264 2995 5332 aperire
3012 5264 3078 5317 ⁷⁵.
3115 5262 3250 5318 Cum
3275 5281 3531 5335 recepero
3562 5277 3782 5336 peccata

2208 5370 2328 5410 mea
2381 5363 2436 5409 et
2469 5353 2757 5408 restitutus
2794 5353 2968 5418 fuero,
3002 5353 3145 5408 iacto
3187 5370 3400 5410 mecum
3433 5365 3780 5424 testamento,

2209 5454 2340 5501 tunc
2387 5446 2623 5516 amplius
2653 5445 2894 5514 intelligo
2922 5445 3063 5500 mala
3088 5461 3206 5500 mea
3228 5487 3244 5511 ,
3275 5458 3327 5501 et
3356 5447 3698 5516 confundor,
3732 5458 3784 5503 et

2205 5534 2460 5591 conscius
2488 5532 2619 5586 mihi
2648 5532 2790 5587 ultro
2820 5541 3021 5587 memet
3043 5533 3229 5603 punio.
3272 5531 3408 5589 Vide
3437 5544 3617 5590 autem
3649 5535 3781 5604 quid

2435 5651 2482 5732 ξ’
2514 5649 2855 5732 Ezech;_xvt,
2883 5651 2976 5706 55..
3040 5651 3092 5732 1°
3119 5649 3408 5732 lsa.__t,_g6.
3501 5654 3549 5685 ⁷⁸·
3579 5652 3777 5732 Bacch.

2243 5722 2482 5849 iam.
2603 5721 2648 5754 ⁷⁸
2693 5720 2856 5776 Mich.
2895 5736 2991 5788 vn,
3039 5721 3099 5777 9.
3213 5722 3258 5756 ⁷⁸
3302 5721 3461 5778 Rom.
3512 5739 3573 5795 ιι,
3615 5725 3675 5793 4,
3722 5723 3777 5778 5.
