4070 6296
340 349 443 405 745

1668 342 1950 398 IIOMILIA
1991 341 2082 396 XI.

3476 336 3577 418 τω

337 462 469 516 mihi
503 462 748 528 eveniat,
773 469 834 517 ut
861 461 1002 516 ultra
1031 475 1136 516 non
1169 460 1240 516 sit
1268 459 1499 514 liberum
1536 473 1598 512 os
1629 458 1840 527 aperire
1871 473 1901 510 a
1932 463 1978 519 Α
2006 453 2723 522 necessarieindigemus,ut
2747 461 2980 508 nontam
3003 467 3281 524 egoquam
3301 458 3584 515 orantibus

333 551 474 606 facie
507 553 836 623 ignominiae,
853 563 908 607 et
935 551 1156 623 quando
1177 551 1410 605 eveniat.
1451 549 1518 602 In
1547 565 1607 603 eo
1630 549 1767 618 quod
1789 565 1910 618 pro-

332 645 554 715 pitietur
581 646 678 700 tibi
705 645 770 698 ⁸⁸.
836 644 947 700 Nec
1001 655 1132 699 tunc
1174 643 1392 713 quidem
1453 642 1672 710 quando
1725 640 1907 710 propi-

331 738 506 793 tiatur
535 737 670 791 mihi
703 738 872 792 multa
899 737 1166 806 peccanti,
1202 751 1425 806 possum
1457 749 1520 788 os
1548 734 1777 804 aperire,
1808 747 1910 788 nec

333 829 557 899 quando
601 829 837 899 ignoscit
881 829 1179 884 sceleribus
1225 830 1362 885 meis
1411 829 1622 883 alienus
1676 843 1796 882 sum
1842 827 1910 881 ab

335 921 660 991 ignominia,
693 921 785 976 sed
825 922 1066 976 sentiens
1101 922 1305 976 scelera
1335 936 1454 975 mea
1485 929 1745 990 perpetuo
1774 934 1910 973 con—

336 1014 581 1070 scientiae
608 1028 743 1068 meae
768 1014 890 1082 igne
919 1014 1245 1068 discrucior.
1286 1013 1493 1069 Idcirco
1525 1015 1651 1082 quia
1686 1012 1912 1084 ignomi-

335 1105 425 1160 nia
455 1113 510 1160 et
537 1103 793 1161 confusio
834 1114 1033 1160 aeterna
1066 1107 1225 1160 nobis
1256 1108 1493 1175 reposita
1523 1115 1604 1160 est
1639 1106 1685 1160 si
1719 1120 1911 1175 pecca-

333 1196 579 1252 verimus
602 1237 617 1262 ,
655 1196 805 1250 omni
846 1197 1010 1250 corde
1038 1213 1323 1266 precemur
1354 1198 1523 1251 Deum
1548 1237 1562 1261 ,
1597 1206 1657 1251 ut
1687 1197 1776 1251 det
1810 1211 1911 1250 no-

333 1287 420 1341 bis
451 1301 630 1356 usque
675 1286 742 1341 ad
793 1288 953 1341 linem
986 1298 1038 1342 et
1068 1287 1234 1342 animi
1268 1299 1320 1342 et
1353 1290 1599 1358 corporis
1654 1288 1775 1343 nisu
1811 1303 1908 1359 pro

335 1378 564 1432 veritate
593 1377 954 1444 contendere;
991 1387 1050 1432 ut
1080 1379 1293 1435 etiamsi
1320 1380 1539 1450 aliquod
1574 1389 1788 1450 tempus
1821 1381 1909 1433 in-

335 1470 537 1526 Stiterit
560 1471 706 1539 quod
724 1478 968 1526 nostram
993 1472 1268 1525 examinet
1285 1471 1441 1525 fidem
1463 1470 1610 1542 (nam
1635 1483 1693 1525 ut
1714 1487 1908 1525 aurum

335 1561 600 1632 probatur
634 1561 688 1615 in
717 1560 973 1628 fornace,
1001 1562 1081 1616 sic
1113 1562 1247 1615 ﬁdes
1277 1572 1465 1616 nostra
1492 1562 1543 1615 in
1580 1561 1823 1632 periculo
1857 1569 1911 1615 ct

332 1653 813 1722 persecutionibus
868 1654 1275 1724 examinatur),
1332 1653 1550 1707 etiamsi
1603 1653 1908 1724 persecutio

331 1745 593 1814 eruperit,
643 1744 882 1799 inveniat
930 1761 1030 1800 nos
1061 1754 1418 1815 praeparatos,
1467 1761 1533 1798 ne
1563 1746 1758 1800 domus
1809 1760 1908 1799 no-

2009 547 2165 601 vobis
2211 544 2384 614 gratia
2431 543 2528 598 Dei
2565 546 2617 598 in
2663 560 2748 599 me
2791 545 3055 599 edisserat
3101 544 3421 600 solutionem
3443 563 3581 617 pro-

2008 638 2258 694 blematis
2291 646 2346 691 et
2371 635 2698 707 :rnigmatis,
2731 637 2842 690 sive
2867 636 3161 704 parabolae.

2077 732 2132 786 2.
2169 729 2300 795 Quae
2324 739 2408 785 est
2433 744 2566 798 ergo
2597 728 2855 798 parabola
2887 728 3086 796 aquila:
3110 743 3275 796 quam
3331 731 3385 784 in
3441 747 3582 802 prat-

2010 822 2150 878 senti
2206 821 2447 890 Spiritus
2481 828 2704 875 sanctus
2755 819 3032 873 ostendit?
3081 818 3213 885 Qua:
3255 837 3363 876 non
3406 824 3584 880 solum

2009 911 2212 982 aquila,
2237 911 2330 966 sed
2353 911 2516 965 etiam
2545 908 2957 978 comparatione
2999 918 3326 964 caeterarum
3367 915 3582 983 aquila-
3669 959 3672 962 ί

2008 1018 2130 1056 rum
2165 1015 2360 1071 magna
2391 998 2574 1068 aquila
2598 1039 2613 1064 ,
2644 1006 2698 1052 et
2725 997 3024 1067 ingentium
3050 997 3286 1066 alarum,
3319 1008 3374 1055 et
3423 1000 3580 1072 longa

2008 1099 2258 1155 extensu,
2288 1098 2343 1143 et
2369 1089 2525 1158 plena
2552 1087 2849 1158 unguibus,
2878 1086 3013 1154 sive,
3061 1099 3120 1143 ut
3163 1090 3383 1159 quidam
3412 1091 3585 1148 inter-

2008 1194 2254 1258 pretatus
2284 1194 2386 1249 est,
2419 1185 2575 1254 plena
2601 1183 2803 1252 plumis
2835 1183 3114 1238 scribitur.
3144 1182 3261 1239 Non
3289 1185 3466 1241 solum
3498 1187 3586 1244 his

2009 1295 2132 1348 qua:
2163 1279 2402 1333 diximus
2432 1276 2604 1346 major
2630 1287 2713 1330 est
2732 1275 2942 1330 caeteris
2971 1277 3191 1346 aquilis,
3226 1293 3414 1334 verum
3442 1280 3494 1334 in
3518 1297 3585 1336 eo

2006 1370 2094 1423 vel
2125 1368 2396 1438 praecipua
2433 1376 2556 1432 est,
2583 1366 2729 1435 quod
2785 1366 3006 1420 ductum
3035 1366 3195 1422 habet
3242 1368 3477 1426 intrandi
3527 1372 3585 1427 in

2009 1451 2296 1508 Libanum.
2326 1453 2462 1508 Nam
2487 1455 2797 1524 ingrediens
2820 1455 2930 1510 illic
2951 1457 3019 1510 ab
3041 1458 3238 1512 arbore
3265 1461 3414 1515 cedri
3464 1477 3587 1532 qua:

2010 1546 2062 1599 in
2104 1545 2312 1601 Libano
2341 1548 2446 1602 sita
2476 1556 2593 1600 erat
2628 1548 2831 1614 electa,
2866 1551 3257 1609 teneritudines
3288 1563 3342 1608 ct
3369 1571 3587 1611 summa

2010 1651 2239 1706 quicque
2271 1637 2544 1706 decerpsit
2565 1677 2579 1701 ,
2613 1646 2668 1691 et
2691 1640 2868 1693 attulit
2903 1640 2956 1694 in
2991 1648 3190 1696 terram
3216 1643 3499 1709 Chanaan,
3530 1647 3586 1702 in

2010 1727 2283 1782 civitatem
2331 1728 2445 1783 sive
2476 1732 2872 1801 negotiatorum
2907 1773 2922 1799 ,
2977 1733 3091 1786 sive
3128 1735 3536 1802 negotiatricem
3569 1781 3585 1804 ,

333 1845 448 1890 stra
483 1836 536 1889 in
569 1837 746 1891 hieme
775 1846 1018 1900 corruat,
1052 1852 1120 1891 ne
1151 1837 1436 1891 aedificatio
1467 1837 1623 1906 quasi
1657 1837 1710 1891 in
1739 1853 1903 1892 arena

2016 1819 2125 1876 sive
2159 1823 2568 1892 translatorum,
2605 1826 2718 1880 sive
2751 1834 2915 1893 certe,
2947 1836 3005 1880 ut
3034 1826 3384 1900 Septuaginta
3414 1832 3584 1887 inter-

333 1933 648 1978 constructa
699 1926 1110 1994 tempestatibus
1141 1925 1465 1994 dissipetur;
1498 1936 1558 1980 ut
1593 1942 1716 1981 cum
1745 1927 1907 1982 flave—

333 2017 444 2069 rint
474 2017 619 2070 venti
646 2015 869 2082 diaboli,
902 2017 954 2069 id
984 2025 1068 2070 est
1097 2017 1321 2086 spiritus
1353 2018 1595 2087 pessimi,
1627 2033 1788 2087 opera
1819 2033 1910 2072 no-

249 2113 253 2116 “
333 2119 446 2162 stra
500 2109 793 2178 persistant
827 2124 951 2177 qua:
981 2125 1155 2178 usque
1204 2110 1270 2162 ad
1320 2110 1463 2163 hanc
1491 2109 1632 2162 diem
1661 2109 1910 2178 perstite-

332 2209 479 2266 runt,
508 2201 551 2254 si
583 2210 759 2255 tamen
792 2217 898 2254 non
933 2209 1060 2256 sunt
1087 2201 1295 2255 occulte
1322 2201 1569 2262 subruta,
1591 2208 1643 2254 et
1667 2200 1720 2253 in
1750 2214 1911 2268 expe-

332 2289 556 2344 ditionis
592 2290 836 2370 accinctu
860 2290 1272 2352 manifestemus
1311 2287 1630 2342 charitatem
1666 2292 1911 2339 nostram

332 2396 494 2452 quam
529 2381 792 2435 habemus
835 2381 901 2434 ad
935 2380 1100 2435 lieum
1153 2381 1207 2434 in
1244 2379 1462 2433 Christo
1490 2376 1639 2442 Jesu,
1689 2377 1780 2431 cui
1829 2385 1913 2431 est

332 2474 506 2545 gloria
537 2483 590 2527 et
622 2473 909 2542 imperium
941 2473 995 2527 in
1032 2472 1229 2528 saecula
1258 2470 1606 2526 saeculorum.
1640 2467 1831 2522 Amen.

905 2607 1194 2664 HOMILIA
1235 2606 1326 2662 XI.

334 2726 412 2780 De
438 2741 499 2778 eo
528 2725 664 2794 quod
711 2725 911 2777 dictum
948 2722 1132 2794 est“;
1178 2740 1195 2772 α
1245 2720 1651 2794 Fili_ltontinis_,
1688 2734 1913 2794 propone

407 2789 632 2864 mnig'ma
666 2803 714 2847 et
748 2795 832 2864 dic
879 2791 1188 2860 purabolam
1226 2792 1301 2864 ad
1344 2791 1556 2844 domum
1599 2789 1808 2857 Israel,
1863 2797 1914 2844 et

406 2861 547 2918 dices
578 2879 596 2917 :
623 2863 815 2934 Aquila
843 2878 1154 2932 magnarum
1181 2861 1414 2925 alarum,
1448 2879 1468 2912 ι
1500 2869 1602 2914 etc.

407 3005 458 3058 1.
483 3003 811 3059 Exercitatio
841 3017 1152 3072 corporum,
1177 3009 1229 3056 et
1257 3000 1308 3054 in
1338 3009 1506 3055 totum
1544 2997 1913 3055 fortitudinem

333 3109 610 3169 comparat
631 3100 697 3154 iis
713 3100 804 3169 qui
826 3104 1166 3160 exercentur,
1185 3105 1237 3150 et
1253 3110 1347 3164 per
1369 3103 1549 3164 partes
1571 3093 1918 3163 unumquod-

2013 1914 2208 1981 pretati
2235 1919 2384 1979 sunt,
2409 1925 2676 1968 muratam
2705 1935 2719 1981 ;
2743 1925 2795 1969 et
2819 1917 2997 1984 posuit
3024 1918 3124 1973 hoc
3150 1922 3294 1988 quod
3322 1922 3389 1977 de
3427 1924 3588 1979 cedro

2010 2004 2201 2058 Libani
2232 2018 2560 2076 sumpserat,
2594 2017 2653 2062 ut
2685 2009 3022 2077 plantaretur
3037 2020 3088 2064 et
3111 2023 3374 2069 cresceret
3401 2015 3454 2069 in
3480 2023 3590 2071 Ier-

2010 2110 2125 2148 ram
2157 2094 2438 2152 Chanaan.
2479 2097 2612 2152 Post
2632 2099 2746 2154 haec
2778 2101 2969 2154 eadem
3026 2103 3207 2171 aquila
3261 2104 3328 2160 de
3379 2107 3589 2164 semine

2011 2193 2190 2248 terrae,
2224 2186 2367 2240 unde
2401 2197 2711 2256 sumpserat
2745 2189 3090 2245 summitates
3122 2191 3288 2258 cedri,
3320 2199 3591 2251 extrinse-

2013 2288 2112 2328 cus
2150 2274 2253 2329 sibi
2281 2290 2465 2330 semen
2501 2277 2727 2346 accepit,
2751 2287 2804 2332 et
2827 2279 3092 2347 plantavit
3127 2280 3262 2336 illud
3312 2283 3367 2336 in
3396 2299 3590 2356 campo

2013 2363 2315 2420 frondifero
2338 2383 2502 2436 super
2527 2385 2724 2438 aquam
2753 2371 3005 2425 multam.
3044 2371 3158 2427 Hoc
3196 2383 3378 2430 autem
3407 2377 3588 2447 ipsum

2013 2457 2158 2524 quod
2187 2457 2253 2512 de
2275 2466 2419 2512 terra
2443 2460 2703 2514 Chanaan
2737 2460 2914 2516 fuerat
2935 2473 3277 2534 assumptum
3300 2467 3368 2522 ab
3385 2483 3447 2522 ea
3469 2485 3591 2538 qua:

2013 2546 2204 2602 Libani
2227 2565 2440 2604 summa
2474 2567 2704 2622 quaeque
2733 2553 3098 2625 decerpserat,
3132 2557 3306 2623 idest,
3337 2563 3482 2630 quod
3507 2577 3593 2617 se-

2014 2641 2192 2694 cunda
2219 2641 2336 2696 vice
2375 2651 2679 2712 acceperat,
2711 2642 2911 2699 factum
2951 2656 3034 2701 est
3067 2649 3120 2701 in
3145 2648 3304 2703 vitem
3340 2665 3448 2704 non
3481 2649 3596 2706 for-

2016 2741 2147 2795 tem,
2197 2734 2291 2787 sed
2329 2733 2622 2802 inﬁrmam,
2646 2752 2834 2790 verum
2864 2739 3025 2792 etiam
3059 2749 3266 2795 statura
3297 2743 3589 2812 pusillam;

2015 2834 2069 2879 et
2099 2825 2347 2896 palmites
2391 2826 2554 2895 hujus
2589 2829 2712 2882 vitis
2747 2828 2975 2883 infirmae
3021 2831 3264 2885 reclinati
3299 2843 3447 2901 sunt,
3493 2851 3593 2906 pro

2015 2932 2082 2971 eo
2107 2917 2252 2987 quod
2275 2917 2341 2970 de
2369 2915 2576 2972 Libano
2611 2927 2664 2972 et
2707 2919 2870 2973 cedro
2907 2919 3086 2974 fuerat
3128 2933 3492 2993 assumptum,
3536 2927 3592 2980 in

2019 3021 2228 3065 tantum
2260 3019 2321 3066 ut
2348 3011 2559 3066 radices
2589 3027 2716 3066 suas
2748 3013 2852 3067 sub
2887 3014 3060 3082 ipsius
3108 3023 3310 3070 trunco
3353 3018 3595 3074 consitas

2018 3103 2260 3158 haberet.
2298 3100 2363 3155 Et
2389 3102 2607 3171 quidem
2635 3100 2774 3156 facta
2801 3112 2884 3156 est
2929 3104 3078 3170 vitis,
3100 3113 3153 3159 et
3185 3105 3311 3161 fecit
3336 3110 3592 3180 propagi-

337 3209 443 3260 que
463 3192 767 3247 membrum
788 3205 1092 3259 sensusque
1115 3189 1484 3243 membrorum
1514 3186 1816 3256 vegetiores
1835 3185 1914 3239 fa-
1941 3189 1982 3247 C
2019 3209 2135 3256 nes,
2169 3201 2224 3246 et
2252 3192 2494 3246 extendit
2521 3193 2744 3247 arbusta
2768 3208 2888 3248 sua.
2925 3193 2992 3248 Et
3023 3204 3146 3265 post
3169 3197 3281 3252 haec
3317 3201 3466 3255 venit
3488 3199 3593 3255 alia

336 3283 410 3337 cit
433 3283 498 3337 ad
523 3282 892 3338 suﬂerendum
923 3282 1074 3351 quid,
1098 3280 1267 3335 autad
1284 3279 1626 3334 sentiendum
1656 3296 1669 3331 :
1698 3287 1755 3332 ut
1786 3285 1912 3345 puta

335 3375 619 3430 oculorum
640 3375 806 3440 acies,
827 3374 872 3429 si
901 3373 1228 3427 exercitetur
1245 3373 1300 3425 in
1326 3372 1467 3434 visu,
1494 3371 1704 3425 acutior
1726 3369 1819 3423 fiat
1847 3370 1914 3424 ad

335 3468 626 3522 videndum
647 3485 661 3533 ;
681 3482 862 3532 aures,
890 3467 934 3520 si
957 3465 1296 3535 frequentius
1313 3463 1555 3527 audiant,
1583 3463 1776 3517 melius
1794 3477 1914 3532 pos-

338 3567 464 3615 sunt
477 3573 670 3613 vocum
695 3571 887 3626 capere
913 3554 1300 3610 dissonantias.
1327 3552 1439 3607 Hoc
1463 3561 1643 3606 autem
1664 3560 1716 3605 et
1737 3551 1791 3604 in
1817 3565 1917 3604 ca:-

337 3652 466 3706 teris
488 3648 889 3704 membrislicet
913 3647 1338 3715 deprehendere,
1368 3645 1512 3714 quod
1530 3646 1582 3697 in
1608 3643 1798 3712 paucis
1825 3657 1915 3696 os-

335 3743 631 3798 tendimus.
656 3739 856 3795 Verum
888 3739 1018 3808 quid
1044 3737 1178 3791 mihi
1201 3736 1421 3805 prodest
1441 3734 1506 3788 ad
1525 3733 1914 3788 beatitudinem

334 3843 387 3890 et
405 3833 474 3888 ad
499 3835 662 3887 vitam
686 3831 1090 3900 sempiternam,
1118 3828 1162 3880 si
1193 3841 1392 3894 corpus
1437 3823 1918 3879 exercitationibus

337 3923 658 3980 roboretur?
682 3922 835 3987 Quod
855 3920 987 3973 mihi
1005 3929 1087 3973 est
1106 3918 1555 3980 emolumentum,
1569 3913 1780 3968 etiamsi
1803 3912 1920 3966 for-

339 4017 550 4071 Iissimo
574 4029 797 4084 corpore
815 4016 962 4076 fiam,
985 4009 1197 4065 etiamsi
1217 4008 1470 4062 omnibus
1487 4004 1746 4060 membris
1760 4017 1921 4073 vege-

337 4116 426 4160 tus
448 4103 729 4161 incedam?
754 4099 1071 4157 Econtrario
1099 4107 1276 4151 autem
1310 4097 1354 4151 si
1377 4111 1572 4152 sensus
1605 4095 1798 4148 animae
1823 4094 1922 4148 ha-

335 4200 508 4254 buero
524 4197 846 4251 exercitatos
875 4193 939 4247 ad
968 4191 1308 4247 sentiendum
1333 4189 1482 4258 quid,
1509 4189 1574 4242 ad
1601 4188 1920 4242 discendum

334 4292 451 4346 dies
467 4298 759 4357 noctesque
780 4286 1109 4349 contrivero,
1137 4299 1244 4339 non
1267 4284 1439 4337 solum
1465 4281 1518 4334 in
1543 4281 1641 4335 hac
1659 4281 1760 4334 vita
1790 4280 1921 4334 mihi

335 4382 616 4445 conducit,
658 4381 750 4436 sed
784 4380 947 4434 etiam
977 4377 1316 4431 recedentem
1352 4377 1417 4430 de
1459 4389 1688 4444 corpore
1734 4387 1924 4442 prose-

335 4482 556 4542 quetur.
604 4472 807 4526 Idcirco
841 4472 892 4525 in
928 4469 1200 4541 parabolis
1229 4477 1283 4521 et
1327 4467 1380 4520 in
1422 4467 1802 4537 aauigmalibus
1843 4463 1926 4517 lo-

2019 3285 2221 3354 aquila,
2256 3292 2308 3339 et
2341 3285 2455 3354 ipsa
2490 3300 2708 3355 magna,
2762 3289 2978 3357 magnis
3027 3289 3128 3343 alis
3157 3297 3211 3343 et
3238 3291 3478 3361 copiosis
3511 3293 3595 3346 vel

2016 3377 2218 3447 plumis
2257 3377 2370 3431 sive
2411 3377 2723 3446 unguibus;
2768 3388 2821 3432 et
2859 3393 2984 3433 ecce
3030 3380 3134 3434 ista
3188 3381 3316 3436 vitis
3361 3382 3427 3436 de
3486 3398 3595 3451 qua

2016 3483 2162 3522 nunc
2189 3467 2449 3531 diximus,
2487 3467 2736 3523 veniente
2770 3468 3008 3523 secunda
3055 3472 3266 3539 aquila,
3303 3472 3595 3528 declinavit

2018 3567 2402 3614 testamentum
2436 3576 2595 3614 suum
2643 3559 2707 3612 ad
2741 3575 2884 3625 eam,
2928 3577 3190 3628 spernens
3223 3563 3276 3616 id
3307 3571 3594 3618 testamcn~

2019 3661 2132 3704 tum
2164 3652 2309 3721 quod
2331 3653 2483 3721 prius
2507 3667 2630 3706 cum
2659 3651 2854 3705 arbore
2880 3649 3172 3714 fecerat,in
3198 3669 3304 3722 qua
3335 3654 3594 3708 reclinata

2018 3741 2146 3795 vitis
2197 3740 2372 3794 fuerat
2407 3741 2594 3795 effecta
2617 3781 2630 3805 ,
2668 3750 2722 3795 et
2754 3741 3144 3811 propaginibus
3173 3742 3330 3797 factis
3371 3743 3594 3798 arbusta

2020 3831 2187 3885 latius
2223 3831 2458 3896 fuderat,
2496 3842 2548 3886 et
2581 3834 2862 3902 complexa
2891 3844 2974 3889 est
3005 3835 3297 3888 secundam
3331 3835 3592 3904 aquilam,

2020 3933 2074 3977 et
2121 3923 2333 3978 radices
2359 3940 2486 3978 suas
2541 3940 2571 3978 a
2619 3925 2800 3993 priore
2851 3925 3131 3979 transtulit
3159 3926 3224 3980 ad
3255 3939 3591 3996 sequentem.

2021 4011 2225 4068 Deinde
2261 4015 2511 4084 palmites
2553 4016 2735 4069 emisit
2777 4017 2843 4070 ad
2891 4016 3126 4086 aquilam
3173 4019 3500 4085 secundam,
3535 4031 3596 4076 ut

2021 4105 2272 4174 irrigaret
2301 4120 2419 4158 eam
2453 4121 2576 4158 cum
2600 4106 2753 4174 gleba
2793 4107 3147 4176 plantationis
3169 4109 3287 4178 ejus
3323 4110 3377 4162 in
3399 4125 3593 4180 campo

2023 4197 2168 4250 bono
2215 4205 2269 4248 et
2315 4210 2454 4264 aqua
2511 4196 2700 4249 multa.
2730 4196 2796 4250 Et
2845 4197 3064 4266 quidem
3122 4199 3338 4268 irrigata
3368 4211 3450 4254 est
3481 4203 3597 4259 haec

2025 4287 2140 4356 ipsa
2162 4286 2307 4353 vitis,
2344 4297 2396 4340 et
2427 4287 2689 4341 translata
2726 4288 2792 4342 ad
2825 4289 3062 4357 aquilam
3086 4292 3403 4356 secundam,
3424 4301 3480 4346 ut
3511 4292 3594 4348 fa-

2025 4384 2168 4431 ceret
2199 4377 2552 4442 incrementa,
2574 4385 2634 4429 ut
2660 4377 2879 4432 afferret
2906 4376 3137 4432 fructum
3173 4419 3188 4445 ,
3247 4389 3305 4433 ut
3334 4380 3484 4436 fieret
3540 4381 3596 4437 in

2025 4467 2186 4520 vitem
2212 4482 2486 4536 magnam.
2512 4466 2721 4523 Idcirco
2768 4471 3042 4540 prOphetae
3075 4470 3373 4540 imperatur
3404 4481 3462 4526 ut
3510 4474 3597 4528 di-

337 4571 498 4617 cutus
546 4572 629 4618 est
662 4563 805 4617 Deus
827 4603 839 4624 ,
867 4570 928 4615 ut
964 4558 1281 4614 extenderet
1313 4573 1371 4612 se
1403 4572 1558 4610 mens
1593 4565 1800 4616 nostra.
1837 4551 1919 4606 vel
1952 4537 1996 4590 Β
2024 4569 2130 4626 cat,
2166 4561 2292 4629 quia
2317 4569 2698 4616 testamentum
2746 4564 3153 4634 transgrediens
3182 4563 3308 4620 vitis
3331 4566 3474 4635 quod
3509 4565 3592 4622 fe-

336 4656 522 4726 potius
570 4653 624 4707 in
666 4669 835 4709 unum
880 4654 1139 4723 colligens
1171 4651 1439 4705 dictorum
1484 4649 1758 4702 intueatur
1789 4661 1917 4698 acu-

339 4747 509 4812 mina,
553 4754 608 4800 et
651 4760 679 4797 a
716 4747 960 4813 corporis
1002 4745 1148 4798 vitiis
1186 4742 1464 4804 recedens,
1496 4740 1622 4792 dum
1671 4737 1920 4805 intelligit

337 4839 661 4902 veritatem,
706 4835 830 4889 vitae
875 4851 985 4889 suae
1043 4849 1261 4888 cursum
1321 4832 1616 4887 secundum
1667 4828 1919 4883 eumdem

339 4935 558 5003 dirigat.
585 4931 707 4985 Ilaec
724 4934 776 4987 in
799 4931 1062 5000 prooemio
1087 4930 1346 4994 diximus,
1370 4929 1498 4998 quia
1525 4942 1705 4982 sermo
1727 4925 1819 4980 Dei
1845 4924 1924 4979 fa-

341 5035 461 5078 ctus
491 5031 575 5077 est
601 5023 666 5076 ad
696 5020 1032 5074 Ezechielem
1065 5020 1248 5072 dicens
1279 5037 1290 5071 :
1335 5017 1446 5070 Fili
1479 5017 1728 5081 hominis,
1759 5030 1920 5067 narra

341 5116 738 5178 narrationem,
789 5122 837 5166 et
883 5112 968 5164 dic
1013 5109 1322 5178 parabolam
1364 5109 1432 5162 ad
1469 5109 1681 5162 domum
1719 5106 1915 5161 Israel.

342 5204 446 5260 Pro
479 5206 585 5259 hoc
635 5214 815 5260 autem
861 5203 1006 5272 quod
1053 5191 1405 5270 Septuaginta
1461 5201 1779 5268 interpretes
1819 5212 1918 5266 po-

343 5307 573 5350 suerunt
609 5289 965 5349 narrationem
987 5334 1001 5354 ,
1029 5292 1169 5346 alius
1217 5292 1282 5346 de
1327 5291 1710 5359 interpretibus
1747 5297 1919 5344 trans-

347 5388 485 5452 tulit,
503 5403 726 5456 propone
743 5385 1008 5456 problema
1025 5401 1044 5449 ;
1061 5385 1221 5447 alius,
1238 5383 1418 5453 profer
1432 5381 1732 5450 problema;
1753 5380 1916 5445 alius,

345 5478 587 5548 signi/ica
612 5480 854 5547 amigma.
876 5476 1037 5548 395
1057 5476 1224 5546 Igitur
1246 5485 1298 5530 et
1318 5475 1594 5544 problema
1610 5481 1665 5528 et
1689 5472 1918 5542 aenigma

346 5580 398 5623 et
413 5570 668 5639 parabola
690 5577 774 5623 est
801 5569 942 5637 quod
976 5570 1173 5622 lectum
1191 5576 1290 5622 est.
1321 5565 1376 5619 Si
1401 5564 1620 5634 quando
1642 5564 1917 5619 illumina-

347 5661 492 5714 t‘ione
522 5661 854 5732 indiguimus
897 5660 1138 5715 scientia:
1176 5657 1292 5725 Dei,
1317 5671 1464 5711 nunc
1486 5656 1570 5710 vel
1607 5655 1841 5711 maxime
1865 5664 1919 5712 et

444 5845 489 5874 ⁸⁰
521 5844 716 5897 Εχιψιη.
743 5857 871 5906 uti,
897 5844 982 5899 63.
1060 5844 1099 5876 ⁸¹
1130 5844 1329 5902 Εῑθθὴ.
1363 5863 1514 5916 XVIII,
1547 5847 1601 5916 2,
1631 5851 1686 5910 5.

616 5941 887 6000 PATROL.
921 5938 1037 6000 Gn.
1070 5939 1246 6004 XIII.

2022 4662 2170 4707 cerat
2201 4667 2326 4706 cum
2353 4653 2536 4720 aquila
2585 4654 2788 4723 priore,
2818 4663 2872 4709 et
2897 4665 3140 4710 statuens
3173 4656 3301 4710 illud
3346 4672 3468 4711 cum
3502 4672 3591 4711 se-

2023 4746 2354 4811 cunda,non
2403 4745 2688 4815 dirigatur,
2745 4762 2921 4816 neque
2969 4746 3179 4800 radices
3216 4749 3593 4804 teneritudinis

2023 4837 2142 4905 ejus
2194 4835 2478 4902 efﬂoreat;
2535 4837 2667 4905 quin
2723 4838 2903 4906 potius
2954 4835 3164 4893 frttctus
3199 4838 3317 4908 ejus
3375 4849 3596 4910 propter

2025 4927 2492 4981 transcensionem
2522 4927 2642 4996 ejus
2673 4935 2946 4996 putreant,
3004 4937 3055 4982 et
3104 4941 3356 4984 arescant
3410 4931 3594 4984 omnia

2027 5027 2148 5081 qum
2177 5011 2243 5066 de
2265 5027 2326 5066 ea
2352 5013 2688 5077 oriebantur,
2722 5023 2776 5067 et
2809 5013 2920 5084 jam
2957 5016 3097 5070 ultra
3116 5032 3223 5071 non
3251 5017 3446 5073 habeat
3471 5020 3597 5074 bra-

2025 5101 2208 5157 chium
2247 5119 2502 5173 magnum
2535 5115 2588 5157 et
2609 5104 2869 5172 populum
2895 5108 3162 5174 multum;
3214 5109 3475 5164 evellatur
3504 5125 3598 5164 au-

2025 5202 2132 5247 tem
2173 5193 2454 5258 radicitus,
2476 5204 2528 5248 et
2556 5195 2682 5248 licet
2708 5196 2928 5264 irrigata
2955 5199 3044 5262 sit,
3077 5207 3256 5253 tamen
3289 5216 3396 5254 non
3419 5216 3599 5269 perse-

2022 5293 2193 5349 veret,
2217 5293 2272 5339 et
2295 5301 2402 5340 non
2430 5288 2696 5356 dirigatur
2732 5289 2785 5341 in
2819 5289 3121 5343 ubertatem
3151 5308 3164 5355 ;
3198 5292 3494 5360 statimque
3537 5300 3600 5344 ut

2018 5378 2307 5447 contigerit
2333 5394 2451 5433 cam
2478 5387 2671 5436 ventus
2707 5396 2892 5446 urens,
2933 5391 3166 5445 arescat,
3203 5391 3256 5436 et
3291 5397 3412 5437 cum
3440 5382 3597 5452 gleba

2018 5469 2371 5538 plantationis
2401 5487 2514 5526 suae
2541 5472 2791 5526 siccetur.
2826 5471 2940 5528 Hoc
2964 5474 3268 5544 propositio
3304 5473 3476 5543 ipsius
3511 5473 3597 5528 hi-

2021 5563 2203 5618 storiae
2231 5564 2495 5632 exposcit,
2527 5572 2585 5618 ut
2616 5579 2738 5634 quae
2774 5564 3061 5619 obscurius
3085 5565 3227 5619 dicta
3277 5575 3440 5630 sunt,
3468 5565 3596 5636 qui-

2023 5652 2252 5710 busdam
2302 5652 2577 5723 adjunctis
2622 5653 2966 5710 sermonibus
3009 5654 3229 5725 planius
3254 5670 3598 5711 enarramus.

3287 5927 3368 5988 εδ
