4070 6296
536 336 642 390 7:7

1701 331 2022 389 ORlCENIS
2069 333 2136 388 IN
2191 335 2622 392 EZECHIEI.EM

3702 335 3795 392 748

538 456 608 512 lat
631 461 675 513 si
700 466 884 513 tantus
912 455 1065 512 labor
1092 461 1193 513 est,
1233 462 1289 506 ut
1320 452 1498 521 ipsum
1535 453 1682 523 quod
1712 455 1915 510 dicitur
1953 456 2115 510 intel-
2146 462 2191 517 Δ
2221 459 2288 513 ab
2303 459 2511 514 auxilio
2535 460 2653 527 Dei,
2692 467 2745 514 et
2768 471 2952 529 pejora
2980 458 3180 527 patitur
3214 471 3379 527 quam
3419 461 3547 510 ante
3576 471 3797 526 perpes-

541 552 761 622 Iigatur,
788 547 914 619 quid
950 561 1169 601 necesse
1191 554 1273 599 est
1296 545 1475 599 dicere
1520 547 1693 615 ipsam
1745 549 2109 616 quaestionem

543 650 799 712 quantam
830 639 1021 693 habeat
1051 636 1460 706 obscuritatem,
1490 653 1611 707 quae
1630 639 1701 692 sit
1727 641 1910 710 aquila
1942 641 2112 711 prior,

541 733 670 806 quid
700 733 771 786 sit
799 729 1058 796 Libanus,
1108 745 1229 799 qua:
1262 728 1484 797 cedrus,
1526 744 1649 786 auze
1678 744 1896 786 summa
1922 731 2068 786 cedri
2097 773 2112 799 ,

540 840 658 895 quae
672 822 851 893 aquila
883 822 1144 887 secunda,
1171 837 1292 891 quae
1315 821 1601 875 translatio
1627 821 1752 876 vitis
1784 838 1812 875 a
1840 822 2022 892 priore
2048 823 2115 877 ad

539 915 893 987 sequentem?
925 913 981 968 Si
1035 914 1329 983 aliquando
1384 912 1476 967 Dei
1524 912 1859 982 indiguimus
1911 916 2116 968 auxilio

540 1012 788 1077 (semper
813 1014 994 1061 autem
1048 1005 1100 1059 in
1135 1003 1417 1058 intellectu
1464 1003 1872 1072 Scripturarum
1907 1001 2113 1073 Spiritu

452 1089 464 1098 ’
504 1136 509 1139 -
537 1107 726 1154 sancto
756 1096 1134 1167 indigemus),
1167 1111 1313 1150 nunc
1342 1095 1584 1165 profecto
1620 1103 1835 1162 tempus
1862 1094 2114 1163 estquod

538 1191 696 1246 nobis
717 1199 936 1259 praestet
957 1189 1247 1250 auxilium,
1282 1197 1335 1242 et
1381 1189 1584 1257 pandat
1627 1188 1743 1256 ipse
1792 1203 1914 1256 qum
1954 1186 2111 1241 dixit.

536 1282 819 1351 Quomodo
852 1281 1101 1335 Salvator
1167 1289 1349 1336 noster
1408 1281 1458 1332 in
1509 1278 1814 1350 Evangeliis
1845 1278 2112 1348 quasdam

535 1374 819 1443 parabolas
853 1374 965 1442 ipse
999 1373 1403 1441 interpretatur,
1449 1370 1528 1424 sic
1575 1383 1628 1424 et
1666 1384 1813 1424 nunc
1851 1371 2113 1440 pmphcta

536 1468 589 1520 in
612 1471 847 1522 secunda
885 1465 1167 1536 prophetia
1192 1479 1312 1533 quae
1349 1463 1400 1515 in
1431 1462 1659 1531 reliquis
1685 1462 1823 1515 Iecta
1858 1471 1942 1517 est
1970 1502 1985 1526 ,
2041 1460 2117 1515 si-

536 1557 759 1627 gniﬁcat.
788 1556 914 1626 quia
951 1555 1131 1624 aquila
1185 1553 1333 1623 prior
1360 1550 1871 1606 Nabuchodonosor
1898 1549 2009 1621 (26)
2045 1551 2113 1605 sit

538 1665 630 1704 rex
656 1648 952 1718 Babylonis
981 1646 1074 1717 qui
1120 1646 1398 1715 ingressus
1420 1651 1504 1697 est
1535 1642 1588 1696 in
1625 1640 1920 1708 Libanum,
1953 1642 2004 1696 id
2034 1649 2117 1696 est

536 1740 838 1796 Jerusalem
871 1757 886 1805 ;
919 1748 972 1794 et
1006 1737 1214 1807 accepit
1257 1736 1325 1792 de
1372 1734 1604 1790 summis
1640 1734 1810 1798 cedri,
1839 1735 1892 1789 id
1921 1743 2004 1789 est
2029 1750 2115 1790 re-

2218 564 2313 602 sus
2342 559 2428 604 est
2456 565 2484 603 a
2511 547 3034 604 Nabuchodonosor.
3066 547 3314 602 Diximus
3339 547 3667 602 solutionem
3704 565 3797 619 pa-

2216 640 2417 694 rabolae
2456 640 2611 709 juxta
2660 640 2897 694 litteram
2927 648 3021 705 ,et
3080 639 3132 693 id
3187 639 3331 707 quod
3377 640 3642 707 scriptum
3670 650 3795 697 est:

2217 730 2466 799 sequitur
2494 730 2686 786 durior
2715 730 3114 800 interpretatio,
3152 738 3205 783 et
3241 729 3471 785 diﬂicilis
3497 731 3565 785 ad
3597 732 3797 786 intelli-

2194 819 2475 889 gendum,
2528 820 2829 875 secundum
2890 835 3076 874 verum
3136 817 3682 886 Nabuchodonosor,
3747 833 3801 878 et

2216 927 2404 966 verum
2432 910 2795 978 Pharaonem,
2829 922 2885 967 et
2913 929 2977 967 ea
3002 913 3163 966 verba
3200 925 3320 981 quae
3349 912 3415 966 de
3435 913 3635 982 aquilis
3653 929 3799 984 prae-

2216 1001 2361 1057 dicta
2390 1014 2538 1061 sunt.
2572 1004 2782 1060 Idcirco
2834 1013 3014 1060 autem
3046 1014 3172 1058 ante
3195 1004 3658 1073 interpositionem
3704 1021 3797 1062 se-

2215 1094 2431 1161 quentis
2467 1095 2755 1161 lectionis,
2819 1096 2962 1151 hanc
3018 1095 3416 1165 expositionem
3470 1100 3795 1172 summatim

2215 1183 2561 1254 strictimque
2614 1187 3003 1255 praediximus,
3045 1194 3104 1241 ut
3141 1196 3197 1240 et
3239 1202 3479 1256 praesens
3508 1190 3663 1245 locus
3714 1189 3795 1245 fa—

2215 1276 2374 1332 cilius
2410 1277 2765 1349 intelligatur,
2789 1289 2841 1335 ct
2869 1280 3226 1335 nihilominus
3260 1289 3510 1337 servetur
3542 1283 3660 1339 loco
3698 1301 3796 1339 suo

2213 1365 2426 1435 plenior
2460 1367 2769 1437 expositio,
2828 1380 2883 1423 et
2933 1384 3278 1439 consequens
3319 1371 3577 1441 parabola
3632 1375 3793 1429 etiam

2213 1456 2373 1525 juxta
2408 1459 2725 1529 allegoriam
2766 1461 3030 1518 latissime
3059 1463 3381 1518 disseratur.

2287 1545 2339 1600 5.
2370 1546 2569 1602 Verum
2596 1565 2739 1604 nunc
2761 1566 2931 1621 pauca
2956 1552 3219 1608 debemus
3232 1567 3536 1619 assumere,
3562 1565 3617 1612 et
3638 1534 3802 1626 quasi

2215 1639 2452 1707 quodam
2512 1654 2857 1697 armamento
2922 1641 3121 1699 futurae
3167 1645 3602 1715 interpretationi
3652 1651 3791 1706 viam

2216 1739 2469 1785 sternere
2495 1730 2671 1787 dehis
2694 1749 2816 1802 qua:
2846 1732 3003 1789 nobis
3036 1733 3124 1788 Dei
3164 1736 3602 1806 gratialargitur,
3621 1742 3794 1795 scien-

539 1846 657 1901 gem
681 1804 979 1886 Jerusalem
1028 1839 1081 1883 et
1122 1804 1394 1898 principes
1440 1827 1599 1895 ejus;
1634 1836 1686 1881 et
1731 1827 1910 1882 attulit
1954 1842 2017 1883 ea
2057 1829 2112 1882 in
2148 1804 2188 1858 Β
2219 1829 2299 1876 tes
2323 1823 2450 1891 qmd
2476 1822 2529 1876 in
2556 1824 2805 1893 sequenti
2835 1825 3050 1893 plenius
3079 1804 3537 1895 exponemusIAc
3556 1834 3790 1900 primum

538 1932 737 1978 terram
764 1924 1165 1986 Chaldaaorum,
1199 1921 1407 1978 scilicet
1434 1921 1488 1974 in
1518 1919 1865 1990 Babylonem.
1895 1918 2117 1975 Planta-

539 2017 615 2069 vit
636 2015 837 2085 quippe
867 2016 920 2069 in
949 2015 1313 2083 captivitatem
1346 2013 1618 2082 accipiens
1665 2011 1807 2066 tilios
1834 2010 2022 2074 Israel,
2059 2023 2114 2068 et

535 2106 602 2159 de
623 2107 773 2177 regio
797 2105 1022 2169 semine,
1054 2105 1199 2159 etde
1244 2119 1440 2174 genere
1492 2104 1797 2173 principum
1834 2104 1887 2157 in
1922 2105 2111 2159 eadem

537 2209 676 2256 terra
734 2200 1037 2254 constituit.
1077 2196 1206 2252 Post
1263 2197 1366 2252 hoc
1395 2207 1598 2261 autem,
1638 2204 1694 2251 et
1736 2205 1859 2264 post
1907 2195 2112 2266 regiam

536 2292 781 2361 stirpem,
817 2290 921 2344 alia
952 2303 1171 2360 quoque
1200 2288 1490 2343 multitudo
1513 2296 1669 2357 capta
1696 2296 1781 2342 est
1804 2286 1872 2341 ab
1904 2302 1970 2341 eo
1999 2325 2013 2351 ,
2059 2295 2115 2342 et

536 2381 660 2434 vitis
680 2380 867 2435 ell‘ecta
887 2390 986 2445 est,
1019 2396 1123 2433 non
1156 2388 1263 2432 tam
1299 2380 1521 2434 robusta
1578 2393 1741 2450 quam
1781 2377 1960 2433 fuerat
1986 2395 2109 2433 cum

535 2472 730 2527 fuisset
756 2473 809 2528 in
848 2474 1001 2526 vinea
1027 2471 1116 2527 Dei
1142 2481 1195 2525 et
1231 2472 1281 2525 in
1312 2480 1456 2527 terra
1484 2483 1692 2538 sancta,
1724 2472 1813 2526 uhi
1844 2472 2111 2526 sacrificia

509 2562 626 2615 Dei
656 2562 1027 2626 celebrantur,
1064 2562 1157 2617 sed
1184 2569 1301 2615 erat
1327 2561 1379 2616 in
1414 2561 1689 2631 Babylone
1729 2561 1988 2615 translata
2032 2560 2114 2614 vi-

537 2656 607 2708 tis
635 2653 870 2707 infirma.
889 2651 985 2709 llis
1005 2653 1078 2706 ita
1104 2652 1291 2722 gestis,
1321 2653 1462 2707 inter
1484 2650 1823 2708 Pharaonem
1856 2651 1970 2723 (27)
2020 2666 2112 2706 re-

539 2761 655 2816 gem
683 2744 925 2816 Egypti,
953 2754 1005 2799 et
1026 2742 1540 2799 NabuchodonosOr
1576 2759 1754 2813 regem
1784 2742 2076 2814 Babylonis
2096 2783 2112 2809 ,

537 2837 737 2892 bellum
766 2846 948 2891 ortum
974 2845 1076 2890 est.
1109 2835 1276 2905 Igitur
1306 2835 1540 2905 populus
1567 2836 1660 2905 qui
1710 2850 1833 2889 cum
1895 2833 2114 2903 regibus

539 2929 653 2984 suis
679 2944 742 2984 ac
769 2928 937 2997 stirpe
985 2927 1306 2995 optimatum
1352 2925 1519 2997 396
1546 2927 1615 2979 ab
1651 2925 1890 2996 Assyriis
1936 2923 2117 2979 fuerat

551 3019 804 3082 amictus,
838 3027 1046 3087 reperta
1064 3018 1349 3071 occasione
1388 3034 1495 3087 qua
1532 3017 1723 3088 jugum
1746 3015 2115 3072 Nabuchodo-

552 3126 717 3165 nosor
743 3110 1002 3180 abjiceret
1045 3118 1099 3163 et
1124 3109 1242 3178 ejus
1300 3109 1529 3179 imperio
1568 3108 1904 3174 liberaretur,
1931 3108 2115 3163 intulit

552 3216 612 3256 se
641 3202 708 3257 ad
735 3201 1026 3257 secundam
1058 3201 1296 3271 aquilam
1341 3200 1623 3271 grandem,
1651 3216 1973 3271 magnarum
2000 3201 2115 3255 ala-

537 3308 684 3356 rum,
712 3292 764 3346 id
801 3301 883 3347 est
914 3291 1274 3346 Pharaonem.
1298 3289 1500 3364 Deinde
1529 3291 1609 3346 sic
1638 3291 1829 3346 ordine
1863 3301 2115 3347 currente

539 3400 742 3451 rerum,
769 3384 896 3454 quia
930 3382 1074 3439 Deus
1098 3399 1202 3438 non
1238 3382 1513 3437 Pharaoni
1548 3382 1870 3447 tradiderat,
1896 3383 1990 3438 sed
2015 3382 2117 3438 Na-

537 3475 983 3542 buchodonosor,
1031 3488 1084 3529 et
1119 3475 1193 3529 illi
1239 3489 1350 3529 non
1397 3473 1730 3529 sustinentes
1748 3474 2015 3543 judicium
2063 3484 2117 3529 et

536 3570 823 3641 imperium
847 3568 985 3638 ejus,
1009 3575 1364 3622 excusserant
1388 3567 1578 3636 jugum
1612 3564 2115 3620 Nabuchodonosor

534 3662 603 3717 de
627 3660 928 3717 cervicibus
947 3660 1079 3725 suis,
1106 3669 1159 3713 et
1191 3659 1256 3713 ad
1280 3656 1617 3711 Pharaonem
1651 3656 1975 3728 transgressi
1997 3655 2116 3711 fue-

535 3762 679 3819 rant,
704 3753 782 3807 ira
812 3752 901 3806 Dei
924 3767 1088 3821 super
1107 3766 1203 3805 eos
1227 3750 1516 3820 iugruit,et
1539 3758 1729 3804 contra
1756 3749 1932 3804 evenit
1950 3764 2114 3819 quam

539 3852 874 3913 putaverant.
904 3841 1127 3913 Oportet
1157 3843 1357 3913 quippe
1387 3856 1512 3895 eum
1557 3842 1650 3912 qui
1676 3857 1707 3895 a
1735 3846 1842 3895 Deo
1887 3841 2115 3895 damna-

533 3944 644 3997 tur,
666 3952 771 3989 non
801 3934 986 4004 fugere
1009 3934 1333 3990 sententiam
1363 3934 1503 4002 ejus,
1532 3947 1632 3987 nec
1658 3932 1992 3987 voluntatem
2029 3932 2115 4002 ju-

536 4028 771 4081 dicantis
803 4027 938 4081 velle
989 4035 1222 4092 mutare,
1275 4038 1465 4079 verum
1513 4022 1913 4092 patientissime
1947 4023 2113 4077 susti-

538 4134 690 4184 nere,
722 4118 893 4173 donec
918 4118 1034 4188 ipse
1058 4117 1198 4173 Deus
1228 4118 1422 4171 liberet
1460 4116 1554 4187 qui
1598 4114 1896 4170 damnavit.
1942 4114 2115 4183 Igitur

536 4209 666 4279 quia
683 4210 749 4263 ad
763 4208 1102 4264 Pharaonem
1132 4208 1412 4265 transtulit
1432 4224 1490 4264 se
1504 4208 1758 4278 populus,
1784 4205 2118 4275 relinquitur

2214 1913 2430 1982 quidem
2448 1914 2737 1984 videndum
2757 1926 2860 1981 est,
2884 1933 3052 1986 quare
3072 1915 3580 1975 Nabuchodonosor
3593 1934 3647 1977 et
3664 1922 3795 1978 Pha-

2217 2020 2312 2058 rao
2339 2006 2536 2075 aquila:
2556 2007 2832 2062 dicantur.
2865 2008 3116 2064 Forsitan
3146 2013 3345 2080 quarrit
3382 2013 3654 2084 quispiam
3696 2015 3792 2085 qui

2213 2112 2321 2151 non
2350 2097 2523 2153 otiose
2571 2106 2627 2153 et
2668 2099 2985 2155 transitoria
3036 2100 3348 2172 Scripturas
3389 2104 3563 2175 legit:
3612 2104 3792 2160 Nabu-

2212 2189 2559 2245 chodonosor
2575 2190 2755 2260 aquila
2779 2202 2861 2247 est
2885 2208 3103 2263 magna,
3138 2203 3192 2248 et
3220 2211 3542 2267 magnarum
3562 2197 3789 2262 aiarum,

2212 2292 2265 2337 et
2302 2282 2390 2336 hic
2428 2281 2640 2337 Pharao
2695 2284 2799 2339 alia
2834 2287 3014 2354 aquila
3047 2302 3244 2356 magna
3292 2289 3544 2344 similiter
3580 2290 3788 2344 alarum

2214 2372 2540 2442 ingentium,
2570 2374 2705 2428 etin
2739 2376 2851 2446 lege
2880 2378 3021 2433 inter
3065 2379 3346 2434 immunda
3383 2382 3640 2435 animalia
3694 2396 3789 2452 po-

2215 2465 2318 2519 sita
2350 2475 2434 2519 est
2466 2467 2648 2535 aquila
2675 2484 2689 2533 ;
2722 2483 2894 2537 quare
2925 2479 2976 2523 et
2999 2470 3180 2540 justus
3223 2471 3375 2527 dives
3400 2472 3622 2527 enectus
3647 2488 3789 2541 prse-

2214 2566 2369 2624 parat
2390 2557 2493 2612 sibi
2520 2558 2637 2612 alas
2669 2560 2885 2628 aquilae,
2922 2571 2980 2614 ut
3004 2563 3432 2630 possitconverti
3464 2563 3517 2617 in
3560 2564 3785 2617 domum

2216 2647 2479 2718 principis
2506 2649 2588 2703 sui
2611 2650 2634 2702 ?
2655 2648 2835 2716 Quare
2871 2653 3032 2706 etiam
3064 2654 3414 2722 repromissio
3440 2654 3688 2724 quaedam
3708 2663 3793 2709 est

2214 2738 2356 2809 apud
2387 2738 2580 2794 Isaiam
2598 2743 2913 2811 prophetam
2939 2744 3205 2799 dicentem
3233 2745 3277 2777 ⁸¹
3301 2764 3313 2800 :
3343 2744 3490 2800 Iusti
3532 2748 3791 2816 accipient

2214 2845 2411 2899 pennas
2433 2841 2490 2884 ut
2508 2832 2721 2903 aquilae,
2743 2844 2952 2888 current
2980 2845 3028 2888 et
3055 2851 3159 2889 non
3184 2837 3523 2904 laborabunt,
3550 2838 3793 2908 gradien-

2217 2930 2304 2976 tur
2321 2932 2371 2976 et
2398 2940 2501 2979 non
2527 2924 2854 2980 esurient?Si
2871 2927 3013 2981 enim
3042 2928 3324 2982 immunda
3357 2923 3440 2983 est
3468 2930 3666 2998 aquila,
3688 2945 3788 2983 non

2226 3019 2441 3081 oportet
2475 3026 2575 3068 nos
2609 3029 2815 3083 pennas
2849 3017 3095 3087 accipere
3126 3025 3183 3071 ut
3205 3014 3469 3088 aquilam,
3502 3034 3621 3074 cum
3650 3017 3783 3088 justi

2142 3135 2188 3196 ο
2219 3103 2518 3172 fuerimus;
2554 3123 2729 3175 neque
2756 3123 2881 3163 cum
2908 3109 3108 3165 divitiae
3139 3110 3293 3165 nobis
3322 3111 3594 3166 creverint
3624 3126 3784 3180 opor-

2217 3204 2293 3250 tet
2318 3212 2620 3266 praeparare
2649 3212 2748 3253 nos
2775 3199 2931 3254 nobis
2951 3214 3158 3269 pennas
3188 3201 3401 3271 aquilae.
3429 3201 3528 3256 Cui
3556 3202 3788 3271 primum

2219 3288 2652 3356 respondendum
2683 3297 2786 3352 est,
2820 3290 3066 3359 quaedam
3120 3292 3338 3347 nomina
3367 3293 3684 3348 animalium
3735 3294 3791 3349 ir.

2223 3381 2500 3449 Scriptura
2533 3384 2586 3439 in
2616 3392 2846 3456 utroque
2871 3401 3089 3457 genere,
3123 3386 3175 3440 id
3204 3386 3364 3440 estin
3398 3386 3538 3439 malo
3566 3401 3629 3439 ac
3653 3386 3793 3441 bono

2221 3479 2395 3548 pesita
2429 3497 2442 3532 :
2469 3488 2529 3533 ut
2553 3488 2677 3548 puta
2716 3480 2797 3533 leo
2826 3488 2881 3534 et
2906 3480 2960 3533 in
2990 3480 3186 3548 bonam
3218 3480 3482 3548 accipitur
3510 3489 3564 3535 et
3594 3481 3646 3534 in
3680 3497 3790 3535 ma-

2221 3568 2326 3624 lam
2356 3578 2583 3639 partem.
2619 3568 2678 3623 In
2726 3569 2920 3623 bonam
2964 3570 3042 3624 sic
3075 3570 3160 3622 ⁸³ε
3193 3570 3410 3626 Catulus
3441 3571 3604 3626 leonis
3633 3572 3788 3633 Iuda,

2220 3675 2285 3713 ea:
2315 3662 2722 3729 germinatione,
2755 3661 2833 3729 fili
2877 3663 2967 3727 mi,
3001 3664 3299 3728 ascendisti,
3333 3666 3643 3720 accumbens
3671 3667 3791 3719 dor-

2220 3754 2363 3806 misti
2391 3762 2446 3806 ut
2472 3754 2566 3819 leo,
2594 3764 2641 3808 et
2666 3765 2719 3809 ut
2741 3756 2949 3811 catulus
2974 3757 3171 3825 leonis;
3202 3761 3316 3831 quis
3345 3760 3791 3814 suscitabiteam?

2223 3841 2279 3895 In
2327 3842 2518 3896 malam
2555 3860 2684 3897 vero
2729 3856 2936 3913 partem
2979 3849 3057 3900 sic
3097 3850 3146 3881 ⁸⁸
3193 3866 3204 3899 :
3248 3850 3589 3904 Adversarius
3622 3862 3790 3903 noster

2218 3928 2461 3984 diabolus
2500 3942 2556 3985 ut
2585 3932 2662 3986 leo
2691 3935 2898 4002 rugiens
2921 3950 3161 4005 quarens
3194 3935 3443 3989 devorare
3465 3934 3673 3998 circuit,
3703 3935 3787 3989 cui

2217 4022 2427 4090 expedit
2459 4040 2551 4077 nos
2580 4026 2821 4080 resistere
2851 4028 3031 4096 ﬁrmos
3063 4028 3117 4082 in
3144 4028 3268 4096 ﬁde.
3299 4026 3403 4083 Sed
3430 4036 3484 4083 et
3516 4028 3778 4098 malignus

2224 4114 2574 4184 supplantare
2616 4119 2842 4186 cupiens
2864 4119 3154 4173 insidiatur
3183 4121 3238 4172 in
3266 4119 3493 4186 occulto,
3530 4127 3590 4172 ut
3621 4119 3699 4171 leo
3726 4114 3776 4166 in

2222 4205 2469 4271 spelunca
2488 4223 2585 4259 sua
2615 4206 2900 4260 insidiatur
2934 4219 2988 4261 ut
3025 4210 3198 4277 rapiat
3225 4226 3508 4279 pauperem
3542 4209 3610 4262 ⁸⁸.
3642 4207 3786 4273 Quo-

613 4343 660 4373 “
686 4343 791 4398 lsa.
828 4360 915 4408 λι,
949 4344 1041 4398 51.
1093 4343 1139 4376 ⁸³
1168 4344 1303 4399 Gen.
1332 4359 1481 4410 rus,
1509 4343 1562 4397 9.
1613 4341 1661 4374 “
1682 4342 1700 4396 I
1722 4341 1867 4397 Petr.
1896 4358 1951 4408 ν,
1985 4341 2035 4408 8,
2067 4341 2115 4396 9.

2216 4343 2240 4373 ηδ
2262 4340 2407 4398 Psal.
2433 4361 2508 4409 Ix,
2540 4345 2593 4407 9,
2627 4344 2712 4399 i0.

611 4455 725 4526 (26)
753 4457 958 4531 _z_iquila
984 4458 1150 4531 prior
1176 4456 1698 4531 Nabuchodonosor,
1715 4525 1727 4531 _
1744 4465 1847 4531 etc.
1894 4454 2113 4531 Catena;

2216 4472 2347 4531 mss.
2387 4456 2401 4509 ἑ
2445 4457 2501 4510 '0
2537 4455 2785 4531 §edrepog
2823 4458 3047 4531 derogo
3078 4458 3275 4531 1ζδαραῲ
3314 4460 3450 4513 ἐστι.
3502 4459 3695 4531 Γὲγθνε
3730 4459 3792 4531 δὲ

541 4542 673 4598 mss.
709 4545 720 4578 :
752 4526 908 4598 Κριτᾷ
944 4526 1039 4596 μὲν
1073 4526 1133 4598 ab
1162 4526 1415 4598 ρητργηὸ
1457 4526 1672 4598 πρῶτᾳς
1704 4525 1860 4598 ἀετρς
1899 4527 2064 4598 ἐστιν-
2085 4526 2114 4576 ὁ

538 4594 1032 4667 Ναϐουχοδονόσὸρ,
1084 4594 1437 4667 ὃζεῇσῆλθεν
1456 4594 1578 4667 “ei;
1599 4594 1690 4648 τὸν
1734 4594 2114 4667 Λίβανςιγρῃτὴν

551 4664 857 4740 ’ζερορὸάὶίὴ
867 4684 924 4736 μ,
970 4664 1065 4740 gat
1101 4665 1291 4740 ἐλαϐεν
1321 4668 1394 4740 ἐξ(Δ
1412 4664 1519 4718 τῶν
1550 4664 1880 4740 ἄκρων-τῆς.
1908 4664 2113 4735 Κέδρου

540 4734 638 4808 tot}
651 4734 917 4808 justiti-Ea
945 4736 1045 4807 τῆς
1106 4735 1515 4808 Ἰερουσαλὴμ),
1540 4734 1636 4808 uel.
1682 4736 1807 4808 τοὺς
1828 4734 2115 4808 ’ᾇρχονῖας

543 4804 735 4878 absim,
752 4808 875 4878 _i_ca't_
894 4804 1122 4878 ἤνεγκεν
1142 4804 1222 4871 εἷς
1247 4807 1350 4877 γῆν
1376 4804 1918 4878 Χαλδαξωνηείςμτὴῄ
1943 4804 2116 4878 Βαϐψ-

544 4873 706 4926 λῶνα.
751 4873 1041 4944 Ἐφύτὲυάε
1073 4878 1181 4948 γὰρ
1215 4873 1272 4930 ὲὺ
1302 4873 1760 4998 ὲῖᾶαῑχμαλωσίᾳ.
1793 4873 1971 4929 λαϐὼν
1990 4876 2113 4938 τοὺς

546 4944 694 4998 υἱοὺς
736 4943 947 4998 Ἰσραὴλ
974 4949 1069 4998 σὺν
1101 4947 1196 4998 τοῦ
1233 4946 1356 4998 Βασι
1395 4963 1509 4998 ικου
1545 4946 1856 4998 σπέρματος
1887 4948 1982 4998 καὶ
2020 4944 2113 4998 τοῦ

546 4944 694 5020 κριοὺς
736 4943 947 5020 Ἰσρριὴλ
974 4943 1212 5020 obruad
1233 4943 1509 5020 Bato-littqu
1545 4943 1856 5020 σζπέρματος
1887 4948 1982 5020 καὶ
2015 4944 2114 5020 τοῦ

546 5014 1014 5088 ἀρχοντικοῦίξςαὶ
1044 5017 1105 5071 τὸ
1135 5014 1261 5088 ἄλλῤ
1292 5017 1491 5088 πλῆθος
1516 5014 1738 5088 γέχοὺέν
1769 5020 1849 5080 εἰς
1877 5017 1968 5070 τὸν
2005 5016 2114 5088 diu:

547 5084 727 5159 ῖςὲλονο
759 5085 855 5154 οὐχ
887 5084 1059 5159 obsto;
1084 5087 1320 5159 ἰσχυρὸν,
1357 5084 1557 5159 dicare
1583 5085 1651 5159 ἦν
1684 5088 1820 5159 μετὰ
1844 5088 1999 5159 Θεοῦ.
2031 5084 2114 5139 Ad

545 5155 780 5227 litteram
829 5155 1060 5221 quidem,
1096 5155 1268 5227 prima
1311 5157 1490 5227 aquila
1530 5155 1839 5227 magnarum
1884 5158 2114 5222 alarum,

548 5223 1037 5297 Nabuchodonosor
1071 5223 1169 5279 est.
1211 5226 1267 5280 Is
1295 5223 1518 5296 namque
1545 5228 1599 5280 in
1620 5223 1882 5280 Libanum
1912 5229 2117 5297 ingres-

544 5312 655 5356 sus,
694 5296 748 5347 id
777 5305 885 5366 est,
916 5293 1236 5366 Jerusalem,
1266 5300 1398 5366 cepit
1426 5293 1491 5351 ea:
1520 5298 1921 5352 summitatibus
1951 5293 2115 5359 cedri,

546 5380 711 5437 regem
752 5365 987 5437 videlicet
1024 5364 1329 5421 Jerusalem
1354 5378 1401 5420 et
1436 5369 1691 5437 principes
1730 5368 1864 5436 ejus,
1904 5377 1952 5421 et
1987 5366 2106 5419 tulit

547 5435 598 5507 in
631 5447 826 5490 terram
854 5436 1246 5497 Clmlrlworum,
1290 5435 1470 5503 nempe
1516 5438 1854 5507 Babylonem.
1895 5436 2120 5493 Planta-

547 5503 616 5557 υἷι
652 5507 792 5559 enim
834 5507 889 5559 in
927 5508 1252 5575 captivitate,
1278 5523 1484 5561 sumens
1518 5503 1659 5575 ﬁlios
1691 5506 1862 5561 Israel
1886 5524 2003 5560 cum
2034 5523 2118 5560 se-

548 5575 685 5647 mine
708 5576 847 5645 regio
869 5587 917 5629 et
947 5578 1232 5643 senatoria,
1257 5588 1306 5630 et
1336 5576 1542 5647 reliqua
1573 5578 1854 5631 multitudo
1878 5578 2024 5647 facta
2043 5586 2120 5630 est

548 5640 605 5761 ili)!
641 5640 818 5711 vitem,
855 5662 958 5699 non
1003 5640 1297 5712 robustum,
1329 5657 1384 5700 ut
1424 5640 1571 5712 olim,
1615 5651 1824 5719 quando
1856 5640 1970 5703 erat
1999 5663 2118 5700 cum

602 5727 682 5761 eo.
1778 5748 1783 5753 -

602 5727 682 5765 εο.
1778 5748 1783 5753 .

622 5783 736 5853 (9.7)
781 5781 878 5837 His
916 5785 994 5838 ita
1022 5788 1200 5856 gestis,
1236 5788 1373 5841 inter
1407 5786 1755 5856 Pharaonem,
1779 5798 1880 5844 etc.
1914 5786 2158 5866 Cutina;

2216 4528 2447 4602 πόλεμος
2477 4527 2569 4580 τοῦ
2595 4527 2797 4602 tineas?)
2826 4527 3479 4602 rebstonBovo'wr'
3507 4527 3597 4602 καὶ
3628 4528 3789 4602 λαϐάς

2262 4613 2377 4670 svo;
2409 4597 2659 4670 ἁφρρμῆς
2684 4596 2719 4648 ’ὁ
2756 4596 3516 4670 λᾳὸέμὴὸουλήθῇἀφηνιὰὲαι
3550 4600 3655 4652 ὑπὸ
3696 4600 3788 4654 τοῦ

2262 4615 2377 4658 ενος
2409 4615 2659 4667 αφορμης
2691 4615 2719 4648 o
2757 4615 2881 4659 Λαος
2913 4615 3183 4670 ηοουληυη
3219 4615 3516 4670 aequant.
3550 4615 3655 4652 υπο
3696 4617 3788 4654 του

2217 4615 2380 4741 E91033
2411 4667 2508 4741 19ft
2540 4667 3027 4741 Na6ouxodoudcopj
3063 4671 3151 4741 et;
3175 4670 3233 4724 ὃν
3261 4670 3574 4741 παρέδωκεν
3607 4670 3790 4741 sese;

2216 4735 2411 4825 εὐτεὺς
2436 4736 2648 4825 angat;
2671 4735 3159 4825 quapiag‘dfittp‘v,
3184 4741 3278 4794 καὶ
3289 4735 3688 4825 (abacta/£69m
3716 4740 3791 4811 τῷ
3822 4796 3825 4803 ν

2217 4804 2486 4882 ζυγῷ-τρῖ)
2519 4804 2723 4882 {apath—
2748 4804 2809 4882 ob
2835 4808 3261 4882 >εοιίιτὰήβούληοέινΔ
3285 4804 3420 4882 Θέορ
3450 4804 3791 4882 ﬁget-{cavsa}

2217 4878 2312 4950 καὶ
2341 4876 2463 4946 οὐχὶ
2500 4875 2577 4947 τῷ
2600 4875 2694 4950 ego
2739 4877 2873 4950 θεοῖ)
2915 4875 3278 4950 μᾶλλονξΔιὰ
3317 4875 3791 4950 τοῦτᾷίδεινότερα

2216 4947 2675 5022 πεῐᾳονται-πᾳρὰ
2702 4947 2794 5022 rei";
2827 4947 3044 5022 (Papam,
3071 4948 3198 5022 ad»:
3223 4950 3372 5022 παρᾲ
3397 4949 3492 5022 seu
3520 4947 3792 5022 Na60uxo-

2216 5017 2464 5089 Boudeop.
2490 5017 2672 5089 Ταῦλεα
2704 5018 2759 5089 δὲ
2792 5017 2921 5089 περῖ
2949 5020 3043 5072 τοῦ
3071 5018 3200 5072 λαοῦ
3243 5017 3656 5089 ὗτὲολειφθέντος
3701 5017 3792 5075 ἆξαι

2217 5088 2312 5164 rei]
2335 5086 2628 5164 λῃζρθένῖος
2649 5086 2884 5164 Ortona;
2907 5090 3403 5164 Na6ouxoé‘ovtiaop,
3439 5086 3582 5164 nata
3608 5086 3677 5164 fro
3694 5092 3792 5164 ρη-

2216 5158 2328 5211 τόν.
2363 5157 2602 5213 Secunda
2633 5160 2811 5227 aquila
2846 5160 3059 5213 Pharao
3093 5157 3191 5213 est.
3247 5157 3373 5213 Fuit
3416 5162 3553 5214 enim
3600 5157 3792 5214 bellum

2220 5229 2494 5282 Pharaoni
2529 5227 3181 5301 cumNabuchodonosor,
3226 5243 3539 5301 arreptaque
3569 5232 3790 5301 populus

2219 5301 2491 5371 occasione
2531 5299 2692 5352 coluit
2737 5299 3271 5353 Nabuchodonosoris
3313 5299 3502 5371 jugum
3554 5299 3791 5354 excutere

2220 5370 2306 5423 cui
2354 5370 2489 5423 Deus
2539 5371 2680 5438 ipsos
2729 5370 3023 5423 tradiderat
3072 5381 3284 5438 propter
3331 5370 3545 5438 peccata
3591 5385 3791 5427 eorum.

2223 5438 2620 5510 malueruntque
2664 5453 2849 5493 contra
2895 5440 2992 5493 Dei
3037 5444 3353 5510 voluntatem
3404 5440 3698 5494 Pharaonis
3743 5449 3791 5493 et

2223 5524 2323 5581 non
2353 5509 2546 5581 potius;
2566 5510 2659 5581 Dei
2680 5510 2870 5581 jugum
2914 5509 3364 5581 subire.__idcirco
3410 5513 3655 5580 gratiora
3680 5526 3790 5581 ipa-

2223 5580 2417 5632 tientur
2444 5597 2476 5633 a
2511 5578 2808 5642 Pharaone,
2848 5596 3007 5648 quam
3037 5598 3069 5633 a
3098 5578 3151 5633 Ν
3156 5578 3635 5634 abucltodonosore.
3668 5580 3791 5632 Ηωε

2223 5649 2291 5722 ad
2323 5651 2554 5722 litteram
2596 5650 2661 5703 de
2702 5651 2891 5720 papula
2932 5650 3021 5722 qui
3061 5650 3295 5721 reliquus
3337 5649 3535 5721 fuerat,
3569 5660 3617 5706 et
3645 5666 3784 5722 quem

2226 5718 2712 5774 Nabuchodonosor
2744 5720 3112 5775 transtulerat.
