4070 6296
264 403 368 461 710

1678 401 1952 458 HOMlLiA
1991 405 2083 462 XI.

3423 405 3526 461 756

264 523 430 578 modo
452 537 586 594 ergo
618 524 703 578 leo
726 523 926 578 dicitur
955 531 1009 577 et
1037 523 1090 576 in
1121 523 1317 578 malam
1347 529 1551 591 pattem
1578 529 1631 575 ct
1659 520 1711 574 in
1746 520 1846 574 bo-
1878 524 1924 581 Α
1952 531 2011 576 ut
2043 522 2248 593 aquila,
2277 532 2328 577 et
2351 523 2404 576 in
2437 521 2533 577 Dei
2564 530 2718 592 parte
2749 521 2900 578 dives
2946 521 3170 579 eiectus
3198 523 3393 594 aquilae
3417 526 3523 580 sibi

261 631 412 682 nam,
449 630 560 671 non
589 626 675 670 est
703 617 1062 684 incongruum
1096 617 1257 670 etiam
1291 615 1528 684 aquilam
1558 614 1611 666 in
1644 625 1845 666 utram-

258 723 366 777 que
387 716 600 777 partem
634 710 833 780 accipi.
869 708 935 762 Et
956 723 1056 778 ego
1084 709 1351 778 suspicor,
1374 707 1560 777 justus
1610 721 1716 759 non
1764 716 1847 760 est

257 786 463 866 aquila,
499 798 598 853 sed
633 800 790 869 quasi
813 801 1015 869 aquila,
1047 799 1334 853 aemulatur
1360 799 1557 869 quippe
1585 798 1841 867 aquilam.

259 885 322 942 Et
351 891 640 956 quomodo
672 906 900 961 serpens
935 908 1106 948 arreus
1144 901 1304 964 typus
1343 893 1445 947 fuit
1495 893 1796 948 Salvatoris
1825 910 1839 945 ε

257 993 432 1047 neque
454 980 611 1034 enim
644 996 866 1050 serpens
910 991 1030 1043 erat
1075 997 1218 1044 vere,
1253 983 1346 1038 sed
1380 984 1693 1037 imitabatur
1725 999 1842 1038 ser-

256 1079 497 1139 pentem,
531 1071 752 1126 dicente
781 1071 1010 1127 Domino
1030 1073 1078 1106 ⁸⁸
1108 1090 1120 1127 :
1155 1071 1223 1127 Ut
1262 1073 1467 1144 Moyses
1496 1073 1711 1129 elevavit
1735 1092 1844 1128 ser-

255 1171 461 1231 pentem
493 1163 553 1217 in
583 1164 814 1227 deserto,
841 1165 916 1217 sic
935 1174 1138 1234 oportet
1161 1164 1392 1218 exaltari
1425 1164 1628 1219 Filium
1669 1165 1842 1219 homi—

252 1255 368 1318 nis;
399 1255 600 1309 eodem
640 1257 806 1310 modo
855 1265 908 1310 et
955 1257 1138 1325 justus
1174 1271 1283 1310 non
1336 1266 1445 1310 tam
1496 1257 1674 1326 aquila
1715 1267 1796 1312 est
1823 1298 1841 1324 ,

251 1361 415 1414 quam
443 1348 651 1417 aquilae
675 1347 890 1412 similis,
912 1352 1038 1416 quia
1062 1348 1109 1401 ei
1127 1349 1256 1402 utile
1271 1357 1354 1403 est
1374 1348 1662 1418 imaginem
1689 1348 1844 1417 aqui-

252 1438 315 1492 la:
340 1440 570 1492 sectari.
601 1438 764 1493 Juxta
798 1440 944 1493 hunc
975 1439 1306 1494 intellectum
1335 1482 1350 1506 ,
1399 1448 1452 1494 et
1486 1439 1538 1493 in
1570 1439 1677 1492 alio
1723 1440 1841 1494 loco

249 1540 589 1599 praeceptum
621 1530 830 1598 accepit
861 1529 1064 1598 justus,
1108 1539 1167 1584 ut
1200 1531 1271 1585 sit
1303 1530 1522 1600 sapiens
1551 1531 1692 1585 sicut
1721 1546 1838 1585 ser-

249 1635 407 1688 pens,
440 1636 554 1674 non
603 1629 663 1674 ut
719 1622 812 1674 fiat
855 1635 1101 1688 serpens,
1129 1621 1220 1675 sed
1256 1636 1324 1675 ne
1357 1637 1386 1675 a
1413 1621 1524 1674 veri
1570 1622 1841 1691 serpentis

251 1711 505 1782 capiatur
530 1713 757 1767 astutia.
786 1711 843 1767 Si
865 1722 1044 1767 autem
1078 1730 1258 1769 sermo
1284 1713 1378 1767 Dei
1414 1711 1722 1784 Scripturas
1752 1715 1839 1768 di-

248 1803 484 1872 ligenter
507 1806 812 1870 excutiens,
843 1815 895 1858 et
913 1805 1139 1874 spiritus
1157 1806 1222 1859 de
1247 1821 1356 1874 quo
1369 1805 1625 1875 scriptum
1656 1807 1832 1861 est":

251 1891 491 1964 Spiritus
523 1895 703 1948 omnia
736 1905 1009 1963 scrutatur
1032 1898 1193 1950 etiam
1221 1895 1333 1949 alta
1360 1893 1455 1948 Dei
1478 1936 1492 1962 ,
1519 1896 1572 1949 in
1607 1897 1837 1966 alicujus

250 1985 496 2039 animam
542 1985 772 2050 venerit,
813 1981 1259 2041 manifestissime
1289 1986 1540 2040 ostendet
1587 1986 1653 2040 de
1685 1985 1837 2042 Scri-

250 2077 429 2146 pturis
463 2085 521 2131 et
567 2077 806 2145 aquilam
853 2084 907 2131 et
939 2077 1149 2131 leonem
1209 2077 1262 2130 in
1316 2087 1471 2146 parte
1510 2078 1836 2133 mundorum

251 2166 587 2221 animalium
641 2166 862 2235 posita:
922 2165 1205 2220 cherubim
1257 2163 1350 2218 Dei
1388 2166 1589 2220 habere
1643 2165 1836 2222 faciem

250 2261 503 2316 hominis
533 2272 587 2315 et
614 2259 807 2315 faciem
845 2260 1018 2315 leonis
1034 2274 1065 2312 a
1096 2258 1303 2314 dextris
1321 2269 1562 2330 quatuor
1579 2263 1837 2330 partium,

248 2360 302 2406 et
341 2351 548 2407 faciem
575 2352 729 2406 vituli
758 2361 811 2406 et
839 2351 1034 2406 faciem
1055 2354 1251 2423 aquilae
1280 2369 1310 2409 a
1340 2354 1578 2411 sinistris
1606 2366 1840 2425 quatuor

249 2445 497 2513 partium
526 2463 538 2498 :
571 2453 625 2498 et
647 2445 761 2498 haec
810 2457 932 2511 quae
957 2445 1010 2498 in
1033 2445 1316 2499 cherubim
1345 2447 1616 2510 videntur,
1658 2448 1711 2501 id
1757 2457 1840 2503 est

250 2537 442 2606 aquila
479 2545 534 2591 et
560 2536 666 2604 leo,
698 2535 900 2590 munda
925 2546 1070 2591 sunt.
1098 2535 1241 2591 Nihil
1272 2538 1470 2608 quippe
1497 2539 1836 2594 immundum

249 2637 338 2683 est
367 2629 425 2682 in
463 2643 628 2682 curru
661 2629 776 2682 Dei.
810 2627 876 2680 Et
921 2630 1200 2697 quomodo
1233 2638 1288 2684 tu
1318 2631 1385 2684 de
1437 2631 1688 2701 gentibus
1721 2647 1840 2686 cre-

250 2719 396 2772 dens
427 2719 667 2773 mundus
692 2711 917 2774 eﬂ‘eCtus
944 2734 1003 2774 es
1033 2737 1047 2774 :
1087 2719 1153 2772 Et
1174 2721 1312 2790 quod
1349 2720 1492 2775 Deus
1519 2721 1791 2776 mandavit
1820 2762 1836 2789 ,

255 2820 315 2861 tu
339 2825 404 2861 ne
429 2824 702 2862 commune
725 2811 923 2863 dixeris
957 2811 1003 2843 ⁸⁸
1033 2851 1049 2876 ,
1088 2813 1289 2867 dicitur
1339 2812 1407 2867 de
1435 2796 1690 2868 omnibus
1719 2829 1840 2884 qua

252 2905 401 2958 ctelo
426 2907 714 2974 pendentia
727 2915 942 2962 ostensa
972 2917 1100 2963 sunt
1125 2907 1311 2976 Petro;
1341 2909 1420 2963 sic
1443 2909 1732 2965 mundatus
1756 2919 1841 2965 est

251 2993 341 3047 leo
373 3003 430 3049 et
463 2997 644 3065 aquila
691 3012 813 3066 qum
862 2997 915 3050 in
957 2999 1239 3052 cherubim
1285 3009 1675 3069 apparuerunt.
1728 2998 1840 3056 Nec

251 3101 367 3140 non
393 3095 481 3141 est
508 3087 652 3142 aliud
685 3089 829 3158 quod
857 3087 910 3141 in
944 3088 1142 3144 Christi
1167 3089 1396 3145 adventu
1422 3090 1668 3146 futurum
1698 3108 1839 3163 prte-

254 3179 518 3233 dicatur:
553 3179 700 3233 novit
724 3179 989 3234 mundum
1022 3181 1256 3246 leonem,
1281 3182 1542 3238 mundam
1578 3192 1632 3240 et
1679 3186 1836 3256 aqui-

253 3269 386 3335 lam,
421 3285 546 3341 quas
597 3278 946 3340 nuncupatur
995 3271 1322 3327 immunda:
1376 3271 1554 3344 Lupus
1601 3275 1740 3330 enim
1783 3286 1834 3332 et

256 3363 386 3431 agni
408 3373 701 3431 pascentur
723 3362 880 3415 simul
905 3364 971 3418 ⁸⁸.
1036 3361 1222 3434 Lupus
1254 3365 1400 3420 enim
1441 3367 1536 3437 qui
1582 3383 1706 3422 cum
1733 3382 1834 3424 ove

221 3508 224 3510 γ
255 3456 521 3510 innoxius
561 3456 823 3525 pascitur,
858 3469 970 3510 non
1001 3465 1084 3510 est
1115 3456 1257 3511 ultra
1287 3457 1682 3514 observandus.
1711 3458 1831 3516 Non

252 3548 614 3603 mihidicilur
647 3547 715 3603 de
745 3547 839 3601 tali
871 3547 1000 3616 lupo
1026 3548 1071 3580 9°
1111 3563 1125 3600 :
1154 3547 1420 3601 Attendite
1445 3549 1508 3602 ab
1532 3549 1608 3602 eis
1635 3550 1728 3620 qui
1748 3567 1833 3604 ve-

252 3641 400 3694 niunt
432 3641 506 3694 ad
545 3657 631 3694 vos
659 3641 714 3695 in
742 3643 929 3695 vestitu
958 3643 1130 3694 ovium
1156 3679 1170 3703 ,
1194 3640 1336 3692 intus
1360 3651 1535 3693 autem
1562 3653 1684 3696 sunt
1722 3641 1833 3710 lupi

251 3749 500 3802 rapaces.
529 3732 818 3803 Signanter
847 3733 1060 3786 locutus
1089 3738 1191 3791 est,
1220 3731 1405 3785 dicens
1437 3748 1450 3784 :
1487 3729 1638 3783 Intus
1657 3739 1831 3784 autem

251 3834 370 3877 sunt
406 3824 525 3892 lupi
558 3839 794 3892 rapaces.
853 3821 994 3876 Sunt
1032 3821 1233 3891 quippe
1255 3821 1348 3875 alii
1394 3836 1501 3874 non
1566 3837 1787 3890 rapaces
1815 3864 1830 3888 ,

251 3917 478 3985 quando
498 3915 610 3985 lupi
633 3923 687 3970 et
708 3915 833 3985 agni
851 3923 1142 3983 pascentur
1169 3913 1372 3976 simul,
1422 3924 1476 3967 et
1520 3913 1744 3981 vitulus,
1779 3923 1832 3969 et

255 4017 470 4074 taurus,
500 4017 555 4062 et
585 4008 668 4062 leo
701 4006 1099 4077 pariteiedent.
1135 4003 1273 4060 Cum
1313 4014 1492 4059 autem
1524 4005 1688 4060 fuerit
1722 4017 1828 4060 tam

253 4100 596 4155 diversarum
621 4098 761 4150 inter
783 4111 843 4151 se
867 4105 1192 4148 naturarum
1226 4093 1280 4148 in
1309 4094 1413 4149 fide
1445 4093 1648 4150 Christi
1689 4095 1829 4152 facta

255 4191 490 4245 sociatio
517 4230 531 4253 ,
557 4189 641 4242 leo
668 4202 778 4241 non
801 4186 905 4240 erit
928 4185 1042 4254 jam
1067 4185 1402 4250 immundus,
1431 4199 1617 4239 verum
1649 4185 1830 4240 ferita-

257 4281 320 4334 tis
343 4295 466 4336 suae
487 4279 853 4342 obliviscetur,
874 4284 928 4330 et
944 4274 1198 4329 universa
1224 4274 1480 4328 animalia
1501 4289 1621 4343 quae
1641 4274 1693 4328 in
1718 4276 1831 4346 lege

259 4371 346 4429 Dei
375 4373 638 4428 dicuntur
657 4367 956 4430 immunda,
981 4365 1305 4422 conditionis
1318 4365 1552 4435 antiquze
1571 4365 1832 4435 recipient

256 4465 574 4532 puritatem.
610 4459 723 4515 Hoc
753 4466 934 4514 autem
965 4466 1018 4512 et
1045 4472 1110 4512 ex
1149 4464 1302 4526 parte
1333 4457 1445 4526 jam
1482 4455 1680 4510 factum
1709 4465 1791 4510 est
1812 4499 1827 4524 ,

1950 629 2153 684 pennas
2177 621 2439 685 praeparet
2459 614 2525 667 ad
2553 613 2871 668 volandum.

2019 708 2073 760 4.
2110 704 2310 760 Verum
2345 715 2403 761 ut
2440 707 2507 762 ad
2561 708 2902 777 propositum
2939 707 3179 772 redeam,
3218 706 3525 776 specialiter

1949 797 2206 866 quiddam
2243 800 2581 866 significatur
2605 801 2671 854 de
2695 798 3217 864 Nabuchodonosor,
3251 801 3378 868 quia
3409 816 3524 854 ma-

1949 906 2053 960 gna
2089 899 2143 945 et
2173 907 2498 962 magnarum
2523 892 2753 958 alarum,
2804 900 2858 946 et
2908 892 2992 946 sui
3043 894 3358 946 extensione
3403 893 3522 945 lon-

1947 984 2193 1051 gissima,
2226 985 2278 1038 in
2309 992 2518 1039 tantum
2542 993 2602 1040 ut
2631 1000 2798 1040 ausus
2821 983 2985 1038 fuerit
3009 984 3190 1038 dicere
3215 985 3281 1038 ⁹¹ε
3313 982 3524 1038 Viribus

1946 1075 2165 1144 faciam,
2207 1078 2468 1146 sapientia
2512 1077 2806 1131 intellectus
2851 1079 3089 1147 auferam
3123 1078 3253 1147 ﬁnes
3291 1079 3524 1148 gentium
3613 1107 3615 1109 ι

1944 1177 1993 1219 et
2032 1167 2274 1220 virtutem
2307 1184 2487 1220 eorum
2521 1169 2794 1236 depascar,
2836 1179 2884 1221 et
2924 1171 3250 1223 commovebo
3286 1172 3522 1224 civitates

1943 1275 2060 1328 qua:
2090 1258 2472 1322 inlzabitantnr,
2501 1268 2550 1312 et
2573 1259 2746 1312 orbem
2773 1271 3031 1314 terrarum
3057 1262 3355 1315 universum
3380 1278 3525 1316 com-

1943 1349 2257 1418 prehendant
2287 1365 2445 1401 manu
2479 1357 2537 1402 ut
2567 1350 2772 1417 nidum,
2809 1360 2858 1405 et
2905 1351 3058 1422 quasi
3108 1353 3382 1422 confracta
3425 1370 3523 1407 ova

1943 1439 2204 1508 auferam.
2249 1439 2386 1492 Ecce
2436 1437 2535 1492 ista
2582 1448 2666 1493 est
2703 1441 2949 1494 extensio
2991 1441 3199 1495 alarum
3234 1444 3375 1513 ejus.
3411 1441 3524 1499 Nec

1945 1533 2048 1585 hoc
2076 1530 2124 1583 ei
2157 1529 2373 1595 sttﬂicit,
2409 1544 2596 1583 verum
2633 1531 2907 1600 unguibus
2936 1533 3128 1600 plenus
3155 1543 3255 1598 cst,
3293 1544 3346 1589 et
3381 1535 3525 1590 mul-

1944 1622 2012 1676 tis
2041 1622 2262 1691 plumis,
2292 1629 2347 1674 et
2377 1621 2537 1675 habet
2577 1622 2797 1676 ductum
2842 1623 3081 1679 intrandi
3127 1626 3181 1680 in
3227 1625 3520 1694 Libanum,

1943 1721 2003 1766 ut
2029 1713 2174 1766 cedri
2204 1712 2323 1781 ejus
2350 1728 2561 1766 summa
2595 1713 2867 1782 decerpat.
2895 1715 3148 1781 Quandiu
3176 1717 3230 1771 hi
3256 1719 3350 1788 qui
3372 1735 3523 1774 com-

1943 1805 2299 1858 morabantnr
2347 1804 2398 1856 in
2451 1803 2662 1858 Libano
2721 1821 2830 1859 non
2885 1815 3281 1875 peccaverunt,
3331 1809 3386 1864 id
3438 1817 3523 1865 est

1941 1895 2182 1966 quandiu
2217 1896 2271 1947 in
2317 1892 2671 1967 Jerosolymis
2716 1897 2899 1967 positi,
2950 1907 3080 1953 sunt
3124 1899 3178 1954 in
3223 1901 3522 1957 sceleribus

1922 1985 2304 2055 deprehensi,
2358 2001 2465 2038 non
2530 1987 2738 2055 accepit
2792 1998 3110 2056 potestatem
3168 1990 3271 2045 ista
3326 2007 3522 2062 magna

1939 2079 2120 2148 aquila
2151 2086 2212 2131 ut
2246 2078 2621 2146 ingrederetur
2673 2079 2726 2131 in
2769 2077 3060 2146 Libanum,
3094 2095 3269 2151 neque
3301 2098 3521 2137 assum-

1938 2170 2048 2238 psit
2077 2169 2178 2223 sibi
2212 2169 2401 2232 electa,
2435 2177 2487 2223 et
2532 2171 2678 2224 cedri
2713 2186 2897 2226 semen
2945 2173 3173 2244 regium,
3223 2185 3278 2230 et
3317 2179 3522 2246 princi-

1941 2277 2069 2331 pum
2102 2263 2346 2330 stirpem.
2400 2261 2505 2315 lsta
2541 2263 2741 2331 quippe
2793 2274 2921 2318 sunt
2967 2267 3343 2322 teneritudinis
3376 2270 3515 2338 ejus,

1939 2368 2061 2422 quae
2090 2353 2325 2422 quodam
2361 2361 2604 2421 tempore
2635 2368 2745 2407 non
2779 2352 3003 2409 fuerunt
3038 2357 3174 2411 duro
3209 2360 3373 2413 corde
3401 2378 3414 2414 :
3443 2367 3519 2416 at.

1939 2453 2118 2498 tamen
2149 2445 2328 2513 rapuit
2377 2459 2461 2508 ea,
2507 2445 2634 2513 quia
2688 2459 3047 2515 peccaverunt
3098 2449 3150 2502 in
3202 2449 3513 2508 Dominum.

1941 2535 2136 2605 Aquila
2184 2536 2285 2592 ista
2334 2537 2586 2604 grandis,
2636 2539 2801 2592 totius
2850 2540 3064 2595 arboris
3114 2543 3399 2598 cacumina
3457 2545 3512 2598 in

1939 2627 2200 2683 Chanaan
2237 2629 2532 2694 transtulit,
2574 2629 2699 2698 quia
2743 2628 3041 2699 ﬁguraliter
3090 2630 3512 2703 Babyloniorum

1940 2729 2082 2774 terra
2113 2720 2384 2774 maledicti
2413 2721 2670 2775 Chanaan
2704 2721 2922 2786 dicitur,
2952 2722 3019 2776 de
3047 2739 3156 2794 quo
3188 2726 3262 2780 ait
3289 2725 3401 2780 Noe
3417 2728 3464 2759 θ’
3492 2745 3510 2783 :

1940 2808 2258 2862 Maledictus
2301 2823 2430 2876 puer
2477 2807 2764 2875 Chanaan,
2812 2810 3048 2878 famulus
3096 2815 3197 2867 erit
3251 2814 3512 2884 fratribus

1939 2903 2069 2958 suis.
2105 2901 2160 2954 In
2189 2900 2404 2955 civitate
2436 2906 2653 2970 quoque
2680 2902 3104 2969 negotiatorum.
3135 2905 3248 2960 sive
3275 2911 3514 2980 negotia-

1939 2995 2094 3060 trice,
2127 2994 2240 3049 sive
2277 2990 2744 3057 transferentium,
2773 3002 2868 3048 aut
2891 3005 3035 3049 certe
3064 3005 3297 3062 inarata,
3333 3002 3515 3068 posuit.

1942 3087 2047 3140 hoc
2076 3084 2218 3154 quod
2250 3083 2316 3138 de
2341 3083 2504 3137 cedro
2527 3083 2844 3150 abstulerat,
2874 3096 2927 3139 et
2953 3089 3160 3158 accepit
3193 3089 3296 3144 sibi
3333 3092 3398 3146 de
3425 3107 3512 3148 se-

1861 3189 1905 3248 c
1941 3177 2086 3230 mine
2115 3184 2293 3240 teme,
2319 3174 2432 3243 jam
2466 3189 2575 3228 non
2601 3173 2667 3228 de
2697 3175 2982 3230 altioribus
3008 3181 3207 3246 solum,
3231 3183 3322 3236 sed
3347 3184 3510 3238 etiam

1939 3269 2006 3322 de
2032 3266 2370 3331 minoribus,
2417 3274 2472 3320 et
2514 3266 2580 3320 de
2629 3267 2832 3336 pepulo
2875 3266 3220 3338 Judaeorum,
3266 3284 3319 3328 et
3364 3276 3512 3333 dedit

1940 3360 2072 3414 illud
2101 3359 2154 3414 in
2182 3373 2433 3429 campum
2468 3356 2851 3425 frondiferum,
2879 3376 3040 3430 super
3064 3379 3260 3432 aquam
3288 3368 3511 3423 multam

1938 3452 2337 3522 respiciendum
2390 3449 2672 3505 constituit
2719 3450 2880 3516 illud,
2927 3461 2982 3506 et
3028 3464 3277 3510 exortum
3314 3468 3416 3524 est,
3460 3469 3514 3515 et

1937 3541 2141 3597 factum
2169 3549 2253 3596 est
2280 3541 2329 3594 in
2361 3541 2523 3593 vitem
2559 3541 2790 3594 lirmam.
2819 3541 3125 3597 lntirmatns
3157 3555 3239 3600 est
3267 3563 3391 3601 vere
3417 3565 3514 3619 po-

1937 3636 2098 3705 pulus
2129 3634 2222 3688 Dei
2248 3634 2301 3688 in
2335 3631 2628 3702 Babylone,
2662 3642 2717 3687 ct
2747 3633 2866 3687 ideo
2905 3649 3078 3702 neque
3107 3637 3376 3693 canticum
3404 3639 3511 3694 Do-

1936 3725 2072 3780 mini
2108 3733 2329 3778 cantare
2360 3731 2592 3790 poterat,
2636 3721 2822 3774 dicens
2849 3723 2895 3753 ⁹³
2924 3741 2936 3775 :
2974 3721 3245 3786 Quomodo
3275 3729 3512 3781 cantabi-

1938 3833 2053 3871 mus
2090 3814 2355 3868 canticum
2397 3811 2606 3865 Domini
2645 3812 2700 3863 in
2733 3821 2872 3865 terra
2914 3812 3129 3867 aliena?
3157 3812 3362 3868 Revera
3401 3833 3509 3872 non

1937 3913 2150 3976 poterat
2198 3902 2412 3958 infirma
2461 3917 2569 3955 non
2613 3917 2734 3956 esse
2782 3917 2902 3971 quae
2946 3902 3182 3971 plantata
3228 3904 3405 3960 fuerat
3454 3910 3508 3963 in

1936 3998 2227 4069 Babylone.
2261 3994 2382 4062 Quo
2409 4002 2564 4063 pacto
2595 3993 2732 4046 vires
2765 3993 3022 4062 pristinas
3058 4009 3356 4053 reservaret
3389 4016 3510 4070 qua:

1935 4091 2061 4144 vitis
2086 4087 2382 4158 Babylonia
2414 4102 2536 4140 esse
2569 4084 2859 4152 coepisset?
2891 4084 3022 4151 Quae
3064 4089 3188 4156 quia
3225 4089 3278 4142 in
3322 4097 3511 4146 sancta

1937 4192 2080 4238 terra
2111 4179 2322 4233 fructus
2353 4191 2462 4230 non
2494 4176 2715 4237 fecerat,
2752 4175 2872 4230 ideo
2917 4178 3178 4233 translata
3205 4180 3273 4233 ab
3305 4183 3506 4251 aquila,

1935 4283 1989 4328 et
2026 4273 2080 4326 in
2116 4279 2260 4326 terra
2287 4269 2466 4340 posita
2497 4267 2776 4332 Chanaan,
2809 4267 2947 4322 facta
2976 4277 3060 4322 est
3085 4269 3138 4322 in
3168 4270 3330 4325 vitem
3359 4272 3512 4326 infir-

1935 4380 2080 4420 mam
2104 4361 2231 4417 etin
2254 4359 2504 4430 pusillam
2534 4357 3031 4424 statura.Quandiu
3066 4359 3118 4412 in
3152 4369 3290 4414 terra
3323 4372 3508 4417 saneta

1937 4457 2063 4522 fuit,
2094 4455 2286 4523 ingens
2317 4450 2442 4505 vitis
2468 4458 2585 4504 erat
2611 4467 2624 4504 :
2651 4451 2870 4519 quando
2901 4465 3031 4504 vero
3054 4451 3317 4507 translata
3345 4463 3430 4507 est
3453 4455 3506 4508 in

255 4569 301 4612 et
332 4555 658 4627 pienissime
686 4553 739 4607 in
772 4552 1014 4608 secundo
1043 4550 1402 4620 eomplehitur
1422 4548 1832 4606 adventu.Pra:«
1859 4541 1904 4596 D
1935 4551 2070 4605 fines
2101 4556 2468 4616 peccatorum,
2505 4552 2560 4597 et
2605 4542 2816 4596 infirma
2869 4551 2920 4597 et
2967 4559 3131 4612 parva
3183 4544 3370 4600 effecta
3402 4557 3503 4602 est.

250 4649 406 4703 venit
437 4647 602 4712 igitur
646 4649 1050 4698 sacramentum
1100 4641 1246 4712 quod
1296 4649 1576 4694 ostensum
1637 4650 1720 4697 est
1775 4646 1830 4697 in

255 4736 565 4801 cherubim,
600 4735 678 4789 rei
711 4735 1038 4792 veritatem:
1086 4741 1140 4787 et
1193 4733 1245 4785 in
1302 4739 1509 4785 tantum
1555 4732 1730 4787 leonis
1778 4746 1833 4789 et

255 4830 455 4902 aquilae
490 4828 655 4883 facies
695 4841 820 4880 cum
847 4825 970 4878 aliis
1018 4823 1263 4878 facicbus
1293 4831 1534 4894 cognatae
1567 4831 1731 4891 sunt,
1771 4834 1832 4879 ut

257 4921 436 4990 majus
464 4918 619 4972 nobis
652 4915 900 4971 videatur
918 4914 1107 4975 vitulo,
1141 4924 1193 4968 et
1221 4922 1397 4977 tauro,
1415 4914 1639 4969 etleone
1665 4916 1830 4969 simul

256 5011 628 5080 pascentibus,
661 5009 712 5063 id
737 5007 880 5078 quod
897 5007 1145 5076 apparuit
1168 5012 1220 5059 in
1261 5006 1561 5060 cherubim.
1587 5006 1669 5060 Ab
1691 5002 1828 5061 Isaia

260 5103 622 5176 quippe‘nihil
649 5102 715 5156 de
740 5101 825 5155 his
857 5114 978 5170 qua:
1003 5098 1257 5167 praedicta
1276 5109 1402 5151 sunt
1429 5097 1531 5152 sibi
1552 5099 1830 5157 cohaerens

264 5204 314 5249 et
336 5187 496 5266 397
523 5193 754 5248 invicem
785 5203 1092 5244 connexum
1143 5187 1555 5257 repromittitur.
1595 5189 1655 5242 In
1703 5188 1832 5242 che-

267 5289 440 5343 rubim
471 5302 598 5340 vero
623 5282 1049 5353 unumquodque
1098 5280 1297 5334 animal
1328 5295 1450 5334 cum
1489 5280 1596 5334 alio
1625 5295 1828 5351 cogna-

262 5390 372 5435 tum
405 5388 506 5445 est,
533 5378 698 5432 facies
718 5374 872 5430 vituli
901 5372 1056 5427 faciei
1086 5371 1279 5435 leonis,
1309 5381 1363 5426 et
1381 5371 1558 5425 vultus
1586 5371 1822 5426 hominis

259 5474 427 5531 vultui
458 5471 671 5542 aquilae.
707 5467 823 5524 Non
862 5466 1026 5536 igitur
1061 5478 1389 5533 magnopere
1439 5463 1675 5528 mireris,
1699 5479 1822 5518 cum

259 5565 472 5621 Pharao
502 5573 555 5618 et
581 5561 890 5633 praecedens
917 5575 1042 5615 eum
1080 5556 1582 5612 Nabuchodonosor
1626 5556 1824 5625 aquilas

261 5667 640 5726 nuncupantur
665 5673 681 5722 ;
713 5654 894 5722 justus
923 5666 1051 5706 vero
1077 5665 1282 5720 pennas
1305 5663 1583 5704 assumere
1608 5647 1822 5703 dicatur

310 5774 356 5806 ⁸⁸
384 5773 541 5828 Joan.
569 5788 649 5832 III,
679 5771 760 5822 lt.
856 5769 899 5799 ⁸⁷
933 5766 1108 5822 lCor.
1142 5781 1202 5831 tt,
1252 5765 1336 5820 10.
1448 5761 1638 5832 ⁸⁸ΑΑει.
1676 5777 1733 5824 x,
1763 5760 1850 5832 l5.

260 5840 300 5872 ”
328 5844 463 5900 Gen.
493 5859 566 5907 Ix,
594 5830 682 5894 25.
759 5839 804 5870 ³³
853 5837 993 5891 Psal.
1029 5830 1245 5902 exuri,
1285 5835 1337 5889 ι.
1405 5832 1452 5868 ’⁸
1476 5830 1646 5887 Exod.
1675 5847 1764 5899 xx,
1790 5831 1852 5887 2.

1933 4640 1999 4695 Et
2026 4649 2079 4694 tu
2103 4638 2286 4709 igitur,
2318 4637 2445 4691 vitis
2468 4649 2588 4704 quae
2615 4650 2702 4688 me
2735 4635 2912 4697 audis,
2945 4635 2989 4688 si
3021 4632 3101 4689 vis
3133 4651 3254 4691 esse
3288 4653 3505 4707 magna,

1934 4733 2044 4787 noli
2084 4731 2232 4786 exire
2274 4729 2340 4784 de
2383 4726 2636 4783 Ecclesiae
2684 4724 2905 4785 finibus,
2957 4739 3214 4792 permane
3256 4726 3308 4778 in
3362 4737 3502 4782 terra

1932 4833 2119 4880 saneta
2149 4819 2473 4876 Jerusalem.
2518 4816 2674 4882 Quod
2709 4817 2753 4870 si
2800 4823 3020 4884 propter
3054 4825 3272 4884 peccata
3313 4818 3366 4871 in
3410 4835 3504 4888 pe-

1921 4919 2044 4988 jora
2077 4912 2375 4976 corrueris,
2415 4907 2762 4964 transfereris
2792 4907 2846 4959 in
2881 4906 3040 4959 aliam
3073 4913 3294 4971 terram,
3319 4918 3372 4962 et
3394 4910 3503 4964 eris

1931 5011 1985 5065 in
2014 5010 2178 5063 vitem
2209 5004 2485 5076 pusillam,
2531 5009 2583 5054 et
2621 4999 2872 5070 palmites
2917 4999 2992 5052 tui
3028 4998 3293 5064 decident,
3325 5012 3378 5054 et
3414 5017 3505 5054 ra-

1930 5101 2078 5156 dices
2105 5109 2210 5151 tum
2241 5093 2613 5155 siccabuntur,
2649 5090 2704 5143 in
2742 5097 2950 5143 tantum
2987 5099 3044 5142 ut
3076 5100 3262 5159 postea
3291 5090 3502 5144 deside-

1931 5206 2020 5245 res
2044 5187 2388 5258 requiescere
2422 5196 2585 5252 super
2619 5181 2779 5235 aliam
2815 5179 3077 5249 aquilam,
3106 5188 3168 5232 ut
3195 5195 3339 5234 nunc
3368 5179 3502 5233 dici—

1930 5289 2040 5344 tur,
2077 5291 2397 5348 magnarum
2449 5274 2658 5328 alarum
2703 5279 2757 5325 et
2809 5269 3166 5340 plurimorum
3215 5267 3498 5337 unguium.

1929 5371 2140 5424 Bonum
2172 5377 2257 5423 est
2297 5366 2720 5423 condemnatum
2769 5362 2822 5416 in
2869 5359 3340 5416 eondemnationis
3379 5371 3505 5426 per-

1931 5478 2150 5518 manere
2194 5458 2484 5523 sententia,
2515 5455 2756 5528 quandiu
2799 5454 2846 5510 ei
2889 5454 3021 5506 libet
3066 5452 3160 5523 qui
3201 5449 3498 5505 damnavit.

1929 5559 2046 5613 Non
2076 5567 2361 5610 curramus
2389 5551 2632 5604 volentes
2665 5548 2729 5602 ad
2765 5545 3128 5600 Pharaonem.
3165 5542 3222 5598 Si
3251 5540 3396 5596 enim
3434 5539 3500 5594 ad

1931 5661 2052 5704 eum
2077 5641 2574 5706 currimus,contra
2593 5638 2759 5693 Deum
2781 5636 3010 5691 facimus
3037 5635 3130 5705 qui
3151 5633 3371 5689 dixit“:
3391 5629 3500 5702 Ego

1948 5760 1991 5793 ”
2023 5757 2126 5815 lsa.
2167 5770 2244 5824 XI,
2270 5753 2322 5807 6.
2411 5753 2457 5786 ⁹⁹
2478 5752 2665 5807 Matth.
2702 5768 2794 5817 vn,
2833 5749 2918 5803 15.
2993 5748 3036 5780 ⁹¹
3074 5750 3174 5804 lsa.
3212 5765 3264 5815 κ,
3295 5748 3378 5816 l3,
3410 5749 3495 5804 Η.
