4070 6296
559 379 655 435 ῗέιὶ

1761 376 2080 433 OlllGENIS
2115 374 2178 427 IN
2219 372 2647 427 EZECHIELEM

3725 377 3826 433 752

561 515 677 554 sum
696 499 953 552 Dominus
975 494 1371 564 Deustuus,qui
1393 503 1439 547 te
1465 495 1623 548 eduxi
1643 495 1707 548 de
1732 505 1874 550 terra
1889 493 2131 565 Egypti,
2165 496 2207 550 Α
2243 491 2443 558 populo
2473 499 2683 560 peccat,
2719 499 2773 545 et
2804 490 2869 543 de
2901 488 2993 545 Dei
3022 489 3173 559 plebe
3204 490 3409 546 diaboli
3451 491 3665 561 laqueis
3694 509 3826 563 pra:-

564 592 626 646 de
649 591 804 646 domo
839 590 1124 644 servitutis.
1169 587 1250 642 Ad
1296 585 1801 643 Nabuchodonosor
1843 583 1991 640 enim
2030 600 2135 639 non

567 696 674 740 tam
709 694 899 752 ερτιηιθ
925 696 1307 751 properamus,
1329 696 1493 751 quam
1533 680 1880 736 condemnati
1926 688 1980 734 et
2017 693 2140 749 per-

565 770 718 825 tracti
750 769 815 822 ad
849 783 972 823 eum
1009 784 1221 823 sumus.

632 863 681 918 5.
719 860 975 927 Sequitur
994 862 1038 893 ⁸⁵
1065 880 1078 915 :
1131 860 1196 914 Et
1235 866 1435 930 [actum
1467 870 1567 928 est,
1599 863 1783 933 aquila
1816 865 1986 918 altera
2022 880 2138 918 ma—

562 968 686 1021 gna,
715 953 920 1023 magnis
950 952 1052 1005 alis
1097 963 1146 1006 et
1202 952 1427 1019 copiosis
1476 954 1758 1023 unguibus,
1798 964 1847 1008 et
1882 972 1995 1009 ecce
2022 956 2140 1008 vitis

562 1047 669 1098 ista
702 1045 1093 1114 amplexabitur
1118 1061 1254 1111 eam,
1298 1044 1348 1097 id
1393 1056 1497 1106 est,
1544 1047 1839 1101 secundam
1879 1047 2138 1117 aquilam.

564 1136 762 1192 Evenit
780 1152 921 1206 saepe
944 1146 1000 1190 nt
1030 1138 1097 1191 ab
1119 1152 1224 1191 una
1249 1137 1521 1191 contraria
1548 1135 1860 1193 fortitudine
1884 1140 1951 1194 ad
1978 1139 2142 1193 aliam

564 1227 976 1283 transferamur.
1022 1225 1270 1283 Iusserat
1300 1227 1444 1281 enim
1479 1226 1644 1292 Deus,
1680 1236 1739 1282 ut
1773 1228 2140 1284 Israelitarum

561 1320 795 1390 populus
826 1319 928 1373 sub
956 1316 1463 1375 Nabuchodonosor
1507 1319 1697 1390 jugum
1741 1319 1879 1374 colla
1906 1320 2143 1376 submit-

564 1417 720 1475 teret,
755 1417 813 1464 ut
838 1409 1073 1478 legimus
1103 1409 1155 1463 in
1189 1406 1446 1476 Jeremia,
1477 1409 1529 1462 in
1567 1418 1776 1464 tantum
1818 1417 1877 1464 ut
1917 1411 2146 1467 commi-

562 1512 788 1557 naretur
831 1500 881 1556 ei
926 1501 1019 1571 qui
1065 1501 1133 1555 ab
1180 1501 1301 1570 ejus
1341 1500 1563 1555 servitio
1609 1501 1939 1570 declinaret;
1981 1513 2037 1558 et
2079 1518 2146 1559 eo

574 1599 816 1657 tempore
858 1604 965 1656 quo
1005 1587 1292 1643 Jeremiam
1333 1590 1682 1659 exposuimus
1703 1631 1716 1656 ,
1747 1607 1809 1646 ea
1842 1610 1964 1664 quae
1991 1595 2151 1650 nobis

574 1679 743 1748 gratia
775 1679 868 1733 Dei
902 1681 1181 1735 orantibus
1210 1679 1363 1735 vobis
1391 1681 1578 1753 largita
1607 1695 1707 1750 est,
1741 1685 1854 1739 sive
1883 1695 2029 1741 certe
2061 1699 2150 1742 ut-

575 1787 789 1840 cunque
834 1772 1134 1838 sensimus,
1178 1788 1450 1844 exponere
1497 1776 1675 1831 conati
1727 1792 1936 1833 sumus.
1969 1778 2151 1835 Noluit

574 1873 755 1917 autem
786 1863 839 1918 id
881 1863 1059 1919 facere
1102 1866 1244 1935 quod
1296 1864 1471 1922 fuerat
1517 1867 1839 1938 imperatum
1861 1910 1876 1935 ,
1906 1872 2002 1926 sed
2032 1875 2149 1942 pal-
2173 1846 2217 1906 Β

572 1955 730 2011 mites
758 1971 885 2011 suos
912 1957 1151 2011 extendit
1182 1956 1248 2012 ad
1292 1958 1628 2014 Pharaonem
1672 1961 1726 2014 in
1756 1962 1910 2032 gleba
1937 1964 2149 2033 planta-

574 2046 737 2100 tionis
767 2047 916 2115 ejus;
966 2048 1034 2103 ab
1077 2064 1142 2102 eo
1193 2050 1485 2105 constituta
1535 2060 1620 2107 est
1662 2052 1717 2106 in
1760 2068 1953 2121 campo
1984 2070 2149 2123 super

572 2151 763 2204 aquam
801 2137 1051 2203 multam,
1087 2149 1145 2194 ut
1191 2140 1399 2197 fructus
1445 2142 1662 2198 affer-ret
1708 2144 2042 2214 uberrimos;
2092 2158 2148 2203 et

569 2230 781 2284 deserta
815 2230 1044 2302 {Egypto
1090 2249 1305 2289 rursum
1345 2234 1631 2307 {Egyptum
1683 2241 2012 2311 concupivit,
2048 2258 2148 2311 pu-

568 2329 691 2374 tans
745 2336 802 2376 se
855 2323 1154 2378 ubertatem
1207 2325 1489 2395 pristinam
1527 2338 1940 2385 consecuturam
1984 2351 1997 2385 :
2042 2333 2148 2389 hoc

567 2416 624 2469 in
672 2419 860 2487 primis
919 2421 1160 2492 cogitans
1219 2422 1363 2492 quod
1409 2424 1452 2477 si
1520 2424 2019 2483 Nabuchodonosor
2079 2430 2147 2485 ad

566 2507 903 2565 Pharaonem
945 2513 1367 2579 transcenderet,
1406 2518 1614 2573 radices
1656 2519 1916 2586 firmaret,
1949 2522 2147 2577 evelle-

568 2612 652 2656 ret
690 2612 985 2665 staturam,
1025 2605 1234 2662 fructus
1281 2608 1519 2664 alierret.
1561 2608 1669 2664 Sed
1720 2610 1773 2665 in
1816 2612 2148 2667 contrarium

567 2710 727 2762 quam
779 2697 990 2764 putavit
1039 2701 1219 2754 omnia
1282 2701 1612 2758 reciderunt.
1664 2705 1896 2761 Fructus
1946 2706 2149 2777 quippe

566 2784 686 2854 ejus
713 2786 890 2840 omnis
924 2789 1271 2857 computruit,
1306 2799 1361 2844 et
1388 2791 1769 2860 pullulationes
1800 2808 1921 2863 qua:
1950 2796 2144 2851 saltem

565 2875 792 2931 modicm
825 2876 879 2930 in
909 2877 1234 2949 Babylonem
1266 2891 1547 2947 venerant,
1583 2884 1883 2941 mutatione
1912 2886 2148 2958 regionis

566 2975 925 3032 exaruerunt,
968 2967 1020 3020 in
1072 2977 1280 3023 tantum
1321 2979 1381 3026 ut
1428 2972 1683 3028 radicitus
1714 2974 1899 3030 evulsa
1946 2977 2034 3043 sit,
2075 2992 2147 3033 ne

567 3049 707 3104 ultra
743 3051 797 3105 in
826 3053 1047 3110 brachio
1078 3073 1270 3127 magno
1299 3067 1393 3114 aut
1421 3060 1475 3114 in
1522 3063 1722 3133 populo
1749 3064 1982 3133 plurimo
2011 3081 2145 3121 con-

567 3142 885 3201 valesceret.
916 3146 1055 3213 Quid
1087 3150 1138 3202 in
1170 3165 1227 3205 se
1263 3152 1379 3207 haec
1410 3161 1556 3208 tanta
1586 3155 1670 3208 vel
1704 3155 1829 3210 talia
1862 3157 2145 3213 continent
2171 3188 2214 3247 α

565 3238 937 3291 sacramenta?
980 3238 1117 3304 Quid
1184 3243 1553 3314 unusquisque
1609 3259 1790 3301 sermo
1839 3245 2145 3316 significat?

564 3325 895 3393 Possumus,
938 3330 980 3383 si
1027 3340 1204 3386 tamen
1240 3335 1535 3390 habeamus
1561 3337 1853 3402 auditores,
1885 3339 1952 3394 ad
1981 3339 2138 3394 aliam

563 3420 851 3486 quamdam
874 3420 1170 3476 Jerusalem
1198 3428 1583 3493 conscendere,
1610 3438 1664 3484 et
1682 3429 1777 3484 tibi
1803 3432 2141 3490 demonstra-

567 3524 629 3562 re
657 3506 934 3578 quomodo
968 3506 1148 3578 aquila
1183 3520 1378 3575 magna
1407 3505 1628 3562 ductum
1662 3522 1821 3562 suum
1848 3506 2061 3572 fecerit,
2093 3516 2149 3563 et

569 3598 624 3651 in
680 3600 823 3653 hanc
869 3614 1031 3668 quam
1080 3611 1226 3652 nune
1270 3612 1369 3651 nos
1421 3598 1764 3669 possidemus
1814 3598 2147 3670 Babylonem

567 3692 911 3749 summitates
957 3692 1076 3763 ejus
1147 3693 1419 3747 detulerit.
1485 3692 1787 3749 Possumus
1852 3696 2145 3751 secretiora

567 3783 816 3852 quaedam
843 3784 911 3839 de
953 3783 1235 3841 Pharaone
1278 3785 1467 3854 loqui:
1510 3801 1699 3840 verum
1737 3787 1861 3856 quia
1903 3797 2147 3857 tempore

548 3885 931 3939 .coarctamur,
958 3884 1009 3930 et
1030 3874 1168 3931 forte
1186 3878 1446 3953 audenter
1468 3879 1835 3948 promittimus
1858 3880 2006 3949 quod
2038 3896 2146 3935 non

568 3965 848 4021 valeamus
882 3965 1124 4034 implere,
1153 3965 1220 4020 ad
1251 3967 1462 4022 minora
1510 3968 1819 4035 redeamus,
1850 3979 1903 4023 et
1946 3985 2145 4025 secun-

571 4056 701 4109 dum
731 4072 1044 4111 mensuram
1091 4058 1397 4115 intellectus
1432 4061 1607 4115 nostri
1649 4059 1731 4116 sic
1767 4062 1947 4130 potius
1975 4076 2146 4132 espo-

545 4163 786 4204 namus.
819 4147 974 4204 Venit
997 4151 1063 4205 ad
1090 4150 1252 4205 istum
1275 4150 1564 4218 Libanum,
1592 4153 1697 4208 hoc
1718 4162 1800 4208 est
1819 4153 2145 4218 Ecclesiam,

569 4238 661 4292 ubi
690 4238 883 4294 hostiae
921 4237 1037 4302 Dei,
1070 4239 1161 4293 ubi
1194 4239 1477 4297 incensum
1506 4242 1816 4297 orationum
1849 4241 1971 4311 ejus
2000 4242 2148 4297 cele-

550 4330 779 4392 bratur,
814 4329 917 4384 ista
944 4344 1139 4399 magna
1171 4338 1224 4384 et
1245 4345 1373 4385 vera
1403 4333 1583 4401 aquila
1620 4328 2146 4398 Nabuchbdonosor,

562 4418 623 4472 id
653 4427 735 4475 est
760 4419 926 4490 393
955 4420 1228 4487 diabolus,
1263 4428 1317 4474 et
1347 4424 1542 4490 rapuit.
1567 4422 1723 4478 Absit
1752 4432 1935 4480 autem
1963 4440 1994 4478 a
2018 4431 2150 4478 tein-

2247 582 2480 650 peditur.
2507 580 2847 651 Quapropter
2872 582 3067 637 diebus
3097 592 3150 637 et
3187 583 3438 638 noctibus
3460 591 3571 638 tam
3603 599 3704 655 pro
3730 601 3830 640 no-

2245 671 2329 726 bis
2376 687 2542 741 quam
2599 686 2698 741 pro
2746 670 3011 727 fratribus
3063 674 3270 728 nostris
3320 673 3415 729 Dei
3473 676 3832 745 imploremus

2245 766 2545 832 auxilium,
2588 779 2658 820 ne
2706 764 2833 833 quis
2885 765 2953 819 de
3014 763 3316 821 Jerusalem
3367 767 3731 824 transferatur
3771 770 3826 825 in

2241 857 2526 925 Chanaan,
2565 873 2634 911 ne
2676 857 2943 913 sententia
2980 857 3100 927 ejus
3131 858 3346 913 deserta
3377 874 3408 913 a
3446 859 3730 917 voluntate
3759 863 3820 917 il-

2243 950 2347 1004 lius
2380 949 2447 1003 ad
2488 949 2652 1002 aliam
2702 947 2991 1003 tendamus
3020 948 3280 1017 aquilam,
3334 962 3389 1004 et
3435 951 3616 1005 veniat
3660 967 3828 1024 super

2244 1055 2345 1094 nos
2391 1039 2471 1094 ira
2526 1038 2730 1109 major.
2751 1047 2803 1094 et
2850 1047 3123 1110 putrescat
3163 1041 3415 1097 universa
3451 1042 3741 1116 plantatio,
3772 1055 3829 1101 et

2244 1128 2460 1186 fructus
2513 1129 2717 1199 pariter
2757 1144 2881 1185 cum
2941 1130 3217 1187 radicibus
3269 1142 3503 1188 arescat.
3552 1133 3827 1191 Plantatio

2244 1219 2443 1291 quippe
2488 1219 2795 1276 Jerusalem
2842 1235 2952 1276 non
3002 1230 3181 1292 potest
3215 1223 3270 1277 in
3324 1224 3429 1278 alia
3485 1233 3629 1280 terra
3684 1225 3825 1283 ferre

2244 1311 2480 1379 fructus,
2508 1328 2617 1368 non
2643 1311 2776 1368 facit
2807 1313 3060 1384 palmites
3106 1314 3161 1369 in
3213 1313 3415 1371 ﬁnibus
3466 1318 3682 1383 alienis,
3731 1320 3825 1375 sed

2246 1404 2429 1458 statim
2465 1419 2588 1457 cum
2618 1404 2772 1474 gleba
2798 1419 2898 1459 sua
2933 1404 3174 1458 siccatur
3214 1408 3260 1461 si
3295 1422 3402 1461 non
3446 1424 3828 1478 perseverave-

2245 1499 2316 1553 rit
2339 1499 2393 1554 in
2423 1499 2698 1554 voluntate
2732 1497 2849 1561 Dei,
2882 1504 2937 1553 et
2984 1497 3038 1551 in
3082 1497 3324 1555 Ecclesia
3364 1500 3506 1570 ejus,
3555 1501 3611 1557 id
3649 1515 3734 1559 est
3771 1506 3823 1560 in

2246 1591 2424 1650 factis.
2466 1598 2519 1646 et
2545 1591 2913 1656 sermonibus,
2958 1600 3011 1644 et
3052 1590 3276 1646 scientia
3323 1595 3574 1649 veritatis
3622 1595 3824 1652 Christi

2244 1683 2398 1742 Jesu:
2422 1685 2511 1741 cui
2535 1695 2617 1740 est
2650 1685 2822 1756 gloria
2864 1695 2918 1740 et
2960 1684 3247 1755 imperium
3281 1685 3335 1739 in
3369 1686 3568 1741 s:ecula
3600 1688 3827 1743 saeculo—

2245 1793 2390 1832 rum.
2426 1777 2623 1832 Amen.
3462 1770 3477 1781 ’

2816 1886 3101 1944 HOMlLlA
3138 1888 3253 1943 XII.

2247 1979 2406 2052 Degeo
2434 1981 2571 2052 quod
2603 1980 2858 2048 scriptum
2898 1991 2974 2034 est
2999 1980 3084 2052 "__:
3128 1999 3146 2032 ι
3180 1978 3292 2052 Fili
3333 1980 3587 2045 hominis,
3622 1981 3709 2035 die
3756 1984 3825 2036 ad

2315 2049 2523 2104 domum
2556 2060 2948 2120 exasperantem
2974 2066 2992 2103 :
3027 2049 3260 2105 Nescitis
3304 2052 3431 2113 quid
3480 2053 3582 2105 ista
3618 2052 3826 2123 signi/i-

2314 2130 2450 2175 cent.
2484 2139 2502 2171 ι

2315 2233 2367 2287 1.
2393 2230 2467 2285 Ea
2495 2246 2617 2302 quae
2641 2230 2753 2301 jam
2782 2246 2949 2301 supra
2977 2231 3272 2285 memoravi
3299 2230 3365 2285 de
3393 2232 3604 2287 duabus
3630 2234 3827 2302 aquilis

2245 2325 2485 2395 magnis,
2526 2335 2581 2380 et
2625 2339 2944 2394 magnarum
2981 2324 3225 2390 alarum,
3263 2332 3318 2378 et
3360 2338 3679 2395 magnorum
3722 2341 3827 2379 un-

2243 2418 2450 2487 guium,
2484 2431 2855 2486 necnon.quaa
2887 2416 3065 2487 prima
3111 2426 3167 2469 et
3207 2416 3444 2471 secunda
3482 2417 3663 2486 aquila
3707 2432 3828 2486 ges-

2245 2519 2453 2576 serunt,
2486 2524 2632 2564 nunc
2653 2508 2807 2577 quasi
2840 2508 2893 2562 in
2922 2506 3205 2578 prophetia
3233 2507 3429 2561 scilicet
3459 2508 3688 2577 ﬁgurata
3713 2510 3830 2562 vult

2242 2618 2308 2657 ex
2346 2611 2498 2671 parte
2526 2614 2707 2656 sermo
2744 2598 2963 2654 divinus
3004 2613 3291 2668 exponere,
3324 2598 3481 2652 nobis
3516 2598 3583 2653 ad
3616 2599 3826 2653 intelli-

2252 2692 2486 2764 gendum
2533 2692 2848 2761 relinquens
2898 2706 3019 2760 quae
3062 2691 3179 2760 ipse
3221 2690 3425 2746 dimisit
3473 2691 3701 2746 intacta.
3754 2693 3831 2746 Ae

2244 2788 2481 2857 primum
2537 2785 2755 2855 quidem
2815 2783 2943 2840 licet
2995 2798 3136 2855 saepe
3175 2783 3288 2853 jam
3334 2775 3599 2850 dixerim,
3647 2793 3827 2839 tamen

2244 2878 2408 2933 etiam
2469 2892 2616 2931 nunc
2669 2874 2875 2945 aliquid
2920 2891 3029 2929 non
3084 2890 3283 2929 novum
3341 2873 3543 2930 inferre
3590 2876 3829 2930 conabor

2244 2966 2388 3038 quod
2439 2974 2641 3022 nostrae
2683 2966 2877 3020 animae
2928 2964 3132 3019 tribuat
3176 2964 3427 3029 salutem,
3471 2964 3525 3019 in
3571 2979 3636 3019 eo
3678 2966 3824 3035 quod

2244 3062 2450 3116 dictum
2478 3071 2562 3115 est
2587 3060 2650 3114 ad
2687 3058 3004 3129 prophetam
3024 3059 3067 3090 "
3096 3076 3110 3112 :
3141 3056 3238 3111 Dic
3268 3058 3337 3111 ad
3375 3063 3586 3112 domum
3615 3060 3820 3112 amari-

2246 3160 2486 3216 cantem,
2523 3150 2637 3215 sive
2679 3148 3102 3203 exacerbantem.
3147 3145 3266 3201 Non
3312 3148 3456 3201 enim
3509 3146 3708 3202 addidit
3757 3149 3825 3203 ad

2249 3246 2473 3300 domum
2507 3241 2946 3307 exacerbantcm,
2971 3241 3084 3295 sive
3111 3249 3521 3310 exasperautem
3552 3256 3658 3298 me.
3689 3240 3756 3295 Et
3784 3241 3831 3296 si

2250 3333 2502 3388 volumus
2524 3331 2706 3386 videre
2728 3329 3037 3399 cujusmodi
3065 3331 3136 3385 sit
3162 3339 3442 3400 peccatum
3467 3331 3827 3400 exasperatio,

2255 3425 2542 3480 audiamus
2574 3437 2737 3493 quam
2772 3421 2951 3476 dulcia
2984 3421 3031 3476 ei
3072 3420 3165 3491 qui
3197 3421 3446 3492 intelligit
3484 3423 3701 3492 eloquia
3735 3420 3830 3476 Dei

2250 3525 2400 3578 sunt,
2440 3515 2639 3571 dicenti
2668 3514 2715 3546 "
2753 3532 2765 3567 :
2805 3512 2978 3577 Quam
3007 3511 3190 3565 dulcia
3220 3512 3423 3583 gutturi
3462 3530 3575 3567 meo
3620 3514 3830 3586 eloquia

2252 3617 2369 3671 tua.
2405 3605 2531 3661 Haec
2569 3606 2887 3661 naturaliter
2913 3604 3091 3659 dulcia
3120 3619 3243 3659 cum
3274 3606 3672 3674 assumpserint
3708 3622 3827 3660 ere-

2249 3700 2461 3763 deutes,
2504 3708 2599 3753 aut
2641 3697 2778 3751 bene
2817 3697 3039 3763 vivunt,
3076 3705 3170 3751 aut
3212 3710 3337 3750 vere
3371 3697 3705 3750 contrarium
3751 3696 3829 3752 fa-

2249 3792 2422 3848 ciunt.
2453 3788 2520 3844 Et
2557 3791 2603 3846 si
2636 3790 2854 3860 quidem
2889 3789 3042 3861 juxta
3075 3789 3314 3844 divinam
3360 3790 3603 3861 regulam
3648 3793 3826 3860 ingre—

2247 3885 2490 3952 diuntur,
2538 3890 2818 3939 reservant
2861 3868 3077 3952 eloquia
3117 3881 3209 3935 Dei
3254 3882 3310 3937 in
3353 3896 3419 3937 eo
3455 3882 3677 3937 dulcore
3717 3897 3827 3952 quo

2250 3982 2374 4030 nata
2401 3983 2546 4030 sunt.
2574 3972 2736 4028 Juxta
2770 3974 2873 4027 mei
2900 3981 3082 4027 autem
3106 3972 3276 4026 animi
3304 3979 3511 4025 motum
3543 3982 3672 4041 puto
3700 3973 3826 4040 quia

2249 4066 2679 4122 conversationis
2717 4066 2959 4120 bonitate
2988 4072 3043 4118 et
3079 4072 3314 4134 augeant
3352 4063 3693 4133 eloquiorum
3732 4064 3826 4120 Dei

2250 4159 2572 4213 suavitatem
2608 4156 2897 4212 miscentes
2925 4154 3267 4209 dulcedinem
3310 4154 3431 4209 vitae
3466 4155 3672 4210 dulcori
3710 4170 3827 4210 ser-

2251 4249 2451 4305 monis.
2485 4247 2578 4302 Sin
2609 4263 2736 4303 vero
2763 4247 2886 4317 quis
2914 4253 3120 4317 peccet,
3161 4254 3215 4301 et
3248 4254 3399 4299 extra
3433 4257 3698 4315 praecepta
3729 4246 3824 4302 Dei

2252 4355 2545 4411 perversus
2569 4339 2805 4403 incedat,
2842 4337 2945 4392 iste
2971 4336 3243 4406 accipiens
3269 4335 3584 4391 dulcissima
3613 4336 3827 4407 eloquia

2254 4428 2370 4495 Dei,
2398 4444 2492 4499 per
2514 4438 2763 4483 naturam
2788 4426 3122 4481 amarissimi
3149 4427 3356 4496 peccati
3378 4425 3649 4497 (amarum
3676 4426 3829 4496 quip—

568 4510 794 4580 poribus
828 4509 1051 4571 nostris,
1106 4516 1164 4561 ut
1220 4509 1287 4562 de
1340 4512 1569 4566 suminis
1616 4512 1785 4577 cedri,
1832 4512 1885 4567 id
1939 4520 2024 4568 est
2083 4514 2149 4569 de
2179 4535 2224 4590 ο
2257 4534 2321 4588 pe
2346 4528 2626 4590 peccatum
2659 4516 2922 4588 estquod
2962 4516 3302 4571 dulcedinem
3347 4520 3616 4582 εει-ιιιοηίε
3643 4527 3829 4572 exter-

568 4600 929 4671 principibus,
959 4606 1013 4654 et
1046 4599 1113 4653 de
1158 4599 1307 4670 regio
1337 4602 1542 4657 semine
1566 4603 1619 4656 in
1661 4604 1920 4659 Chanaan
1968 4613 2147 4661 trans-

569 4694 728 4750 ferat.
776 4690 1008 4749 Oremus
1049 4709 1118 4749 ne
1162 4695 1254 4747 tiat
1304 4693 1447 4762 quod
1475 4709 1616 4765 saepe
1652 4694 1856 4751 factum
1894 4705 1997 4753 est.
2043 4696 2147 4752 As-

573 4784 777 4853 sumpti
808 4785 953 4839 enim
987 4792 1114 4841 sunt
1143 4785 1385 4856 quidam,
1421 4793 1475 4841 et
1506 4786 1561 4840 in
1589 4785 1916 4859 Babylonem
1962 4797 2144 4845 trans-

568 4874 690 4942 lati,
730 4875 824 4945 qui
878 4877 931 4930 in
973 4876 1213 4934 Ecclesia
1243 4879 1516 4949 principes
1543 4878 1784 4946 fuerunt,
1828 4888 1882 4935 et
1925 4890 2144 4951 propter

569 4973 853 5036 peceatum
884 4982 1043 5021 suum
1075 4969 1140 5023 de
1165 4968 1357 5023 Libani
1383 4971 1694 5025 summitate
1724 4972 1940 5026 sublati.
1971 4971 2147 5042 Super

571 5058 661 5115 bis
700 5058 986 5115 dicendum
1030 5069 1133 5130 est,
1179 5064 1307 5134 quia
1357 5064 1537 5134 aquila
1583 5081 1775 5136 magna
1822 5082 2143 5136 magnorum

570 5154 859 5224 unguium,
890 5154 1090 5225 plumis
1115 5163 1336 5213 extensa
1365 5160 1634 5228 acceperit
1670 5159 1736 5214 de
1767 5158 2143 5216 cacuminibus

571 5245 740 5312 cedri,
771 5257 822 5302 et
852 5247 1113 5300 deraserit
1143 5263 1238 5304 eos
1265 5249 1332 5304 de
1368 5249 1595 5316 Libano,
1632 5251 1682 5305 id
1710 5260 1794 5305 est
1831 5249 1898 5304 de
1922 5248 2139 5306 Jerusa-

571 5337 698 5403 lem,
730 5349 785 5394 et
819 5338 1144 5409 plantaverit
1192 5344 1245 5395 in
1295 5351 1435 5396 terra
1480 5342 1761 5398 Chanaan.
1801 5341 1919 5398 Non
1967 5342 2142 5397 solum

572 5441 752 5488 autem
783 5433 967 5503 aquila
1001 5433 1106 5488 ista
1135 5450 1349 5490 summa
1375 5436 1543 5501 cedri,
1595 5436 1645 5491 id
1693 5445 1776 5491 est
1813 5436 1880 5491 de
1910 5436 2145 5506 Optima-

570 5532 688 5582 tum
715 5542 912 5599 genere
937 5526 1039 5583 sibi
1067 5529 1327 5595 vindicat,
1355 5529 1448 5584 sed
1483 5539 1538 5584 et
1574 5537 1731 5584 terra:
1757 5543 1942 5585 semen
1978 5529 2144 5599 rapit,

574 5627 628 5674 et
664 5621 922 5678 transfert
969 5622 1024 5677 in
1071 5632 1271 5679 terram
1304 5622 1560 5679 Chanaan
1587 5664 1603 5689 ,
1651 5621 1870 5694 quando
1915 5622 2038 5694 quis
2076 5623 2143 5679 de

2258 4611 2473 4681 minat),
2508 4612 2563 4664 in
2602 4624 2848 4664 amarum
2889 4623 3134 4679 saporem
3169 4622 3385 4664 omnem
3425 4609 3622 4681 redigit
3649 4611 3832 4667 suavi-

2256 4711 2440 4759 tatem.
2482 4700 2637 4765 Quod
2676 4701 2931 4765 dicimus,
2967 4702 3181 4772 plenius
3234 4701 3653 4770 animadvertes,
3687 4704 3832 4760 acci-

2255 4796 2409 4867 piens
2430 4793 2755 4864 exemplum.
2783 4792 2958 4848 llerba
2980 4808 3102 4863 quae
3130 4793 3464 4849 absinthium
3490 4795 3829 4863 nominatur,

2253 4886 2577 4941 naturaliter
2603 4900 2786 4939 amara
2823 4893 2907 4940 est
2943 4902 2955 4938 :
2995 4884 3137 4939 hanc
3171 4884 3216 4939 si
3256 4884 3560 4940 secundum
3599 4886 3834 4955 qualita-

2253 4989 2360 5035 tem
2396 4988 2450 5033 et
2476 4978 2829 5048 quantitatem
2866 4976 3040 5031 mellis
3072 4977 3126 5029 in
3162 4976 3267 5031 mel
3293 4977 3528 5045 injicias,
3566 4978 3835 5032 amaritu-

2251 5073 2379 5126 dine
2417 5086 2513 5125 sua
2556 5068 2722 5123 vincit
2766 5070 2885 5139 ejus
2931 5068 3273 5134 suavitatem,
3309 5077 3363 5121 et
3401 5068 3544 5139 cogit
3579 5085 3831 5125 amarum

2252 5162 2543 5233 essequod
2566 5162 2724 5215 dulce
2754 5169 2857 5216 est.
2890 5158 3064 5229 Hujus
3089 5159 3270 5214 herba:
3296 5160 3406 5213 vim
3437 5160 3599 5216 habet
3635 5177 3833 5231 pecca.

2255 5265 2389 5310 tum.
2420 5255 2476 5308 Si
2520 5252 2672 5324 plura
2716 5267 3028 5323 peccavero,
3068 5251 3189 5321 plus
3237 5252 3623 5308 amaritudinis
3672 5255 3831 5309 mitto

2254 5348 2308 5402 in
2327 5346 2667 5401 dulcedinem
2696 5346 3007 5399 scrmomnn
3037 5343 3150 5398 Dei.
3183 5340 3238 5396 Si
3261 5344 3466 5413 grande
3497 5343 3663 5401 fuerit
3685 5346 3829 5415 quod

2251 5439 2525 5508 delinquo,
2558 5445 2731 5492 totum
2762 5434 3037 5490 duleorem
3075 5433 3251 5488 mellis
3280 5443 3432 5488 verto
3476 5435 3531 5489 in
3571 5437 3827 5492 acerbum

2250 5545 2522 5599 saporem.
2548 5529 2614 5584 Et
2656 5529 2857 5584 idcirco
2906 5525 3069 5593 Deus,
3120 5527 3212 5596 qui
3245 5542 3554 5581 sermonem
3599 5544 3761 5585 suum
3798 5544 3829 5582 a

2252 5620 2630 5694 peccatoribus
2659 5618 3037 5675 conculcatum
3066 5618 3368 5686 ulciscitur,
3403 5619 3700 5690 unicuique
3734 5634 3830 5690 pro

648 5784 692 5871 θ’
714 5809 911 5864 Ezech.
944 5826 1078 5879 xvn,
1108 5813 1160 5865 7.
1237 5812 1281 5842 "
1313 5811 1511 5866 Ezech.
1544 5828 1676 5878 xvn,
1707 5812 1790 5867 12.
1845 5814 1914 5885 -97
1949 5811 2081 5867 ibid.
2158 5812 2205 5844 "
2232 5809 2376 5868 Psal.
2406 5823 2596 5876 cxvm,
2626 5805 2752 5860 105.
