4070 6296
309 362 406 419 755

1674 361 1955 420 HOMILIA
1992 362 2104 419 Xll.

3454 367 3558 421 758

297 479 558 543 qualitate
600 480 889 538 amarioris
937 485 1079 545 vitae,
1126 489 1181 536 et
1212 496 1312 552 pro
1350 482 1514 537 modo
1560 482 1875 540 intentionis
1904 489 1948 545 Α
1976 484 2188 553 Josias,
2240 492 2332 540 aut
2381 496 2524 541 certe
2575 486 2884 555 quicunque
2923 484 3104 554 justus
3146 500 3240 539 rex
3275 495 3464 556 regnat
3500 484 3554 541 in

298 573 714 628 atnatitudiuem
762 590 1045 644 poenarum
1081 575 1581 646 suppliciorumque
1615 575 1868 630 restituit.

296 657 357 713 Et
383 662 431 715 si
465 664 683 732 quidem
714 681 813 720 nos
839 666 931 735 qui
971 667 1084 722 haec
1105 668 1359 732 dicimus,
1400 676 1455 722 et
1496 667 1661 722 semel
1698 667 1872 722 credi-

293 752 475 808 dimus
503 753 635 821 Deo,
664 757 1092 825 peccaverimus,
1137 774 1460 829 exasperare
1500 758 1726 812 nitimur
1760 775 1872 813 scr-

293 854 508 896 mouem
541 843 660 913 ejus
693 863 705 899 :
739 845 831 914 qui
864 861 993 900 vero
1029 848 1242 916 penitus
1277 863 1307 901 a
1340 847 1443 902 fide
1477 849 1597 916 ejus
1635 864 1874 903 recesse-

291 940 441 995 runt,
470 949 652 1004 neque
683 934 913 1005 ingressi
948 937 1418 1005 suntEcclesiam,
1450 938 1503 992 hi
1528 954 1636 993 non
1668 939 1876 994 faciunt

290 1036 479 1077 amara
507 1024 720 1095 eloquia
749 1025 866 1080 Dei.
892 1025 1176 1093 Quomodo
1203 1028 1347 1082 enim
1375 1037 1603 1098 possunt
1631 1030 1875 1083 suavita-

288 1120 397 1166 tem
426 1127 751 1183 exasperare
779 1131 1092 1172 sermonum
1123 1119 1323 1188 quibus
1358 1122 1599 1174 nondum
1635 1120 1878 1175 credide-

292 1203 460 1257 runt?
503 1202 737 1274 Ideoque
784 1207 941 1262 nobis
996 1208 1102 1262 alia
1146 1220 1434 1263 servantur
1478 1219 1742 1266 tormenta
1783 1213 1877 1282 qui

288 1292 542 1349 videmur
571 1296 813 1363 credere,
853 1306 908 1353 et
949 1298 1002 1352 in
1045 1300 1161 1368 ipsa
1200 1299 1519 1355 credulitate
1562 1317 1876 1371 peccamus,

289 1384 358 1440 ab
381 1400 572 1441 eorum
604 1379 871 1458 supplicio
902 1390 997 1460 qui
1030 1405 1096 1445 ne
1113 1390 1325 1445 initium
1345 1393 1562 1462 quidem
1587 1393 1878 1448 credulita-

289 1482 363 1537 tis
394 1481 725 1536 habuerunt.
763 1481 829 1537 Et
864 1497 933 1537 ne
965 1484 1310 1541 solummodo
1358 1496 1611 1557 putemus
1652 1491 1877 1543 verbum

287 1588 395 1628 nos
424 1588 754 1643 exasperare
803 1573 1015 1630 Domini
1058 1576 1103 1632 si
1149 1593 1458 1648 peccemus,
1490 1579 1744 1635 delictum
1782 1596 1881 1634 no-

288 1674 466 1720 strum
500 1681 674 1736 usque
700 1667 768 1721 ad
798 1666 970 1733 ipsius
1002 1668 1093 1723 Dei
1134 1668 1388 1739 injuriam
1425 1673 1691 1742 pervenit.
1732 1673 1880 1727 Scri-

288 1764 443 1824 ptum
473 1764 557 1809 est
589 1756 733 1810 enim
761 1757 805 1790 θ’
842 1758 985 1826 quod
1032 1759 1125 1828 qui
1169 1769 1375 1830 peccat,
1417 1776 1513 1830 per
1548 1762 1877 1831 praevarica-

1979 577 2216 646 populo,
2267 592 2373 631 non
2420 585 2599 647 potest
2644 577 2745 631 iste
2789 573 3294 630 Nabuchodonosor
3344 576 3555 631 vinctos

1975 667 2244 722 abducere
2273 677 2369 721 aut
2406 668 2698 737 principes,
2741 676 2833 721 aut
2862 667 3118 736 populum
3158 665 3224 721 de
3259 662 3464 722 Iudaea.
3497 666 3558 722 Si

1974 771 2153 813 autem
2186 774 2287 814 nos
2316 758 2428 829 (28)
2454 761 2546 828 qui
2577 760 2825 813 videmur
2855 758 3107 814 Ecclesiae
3137 773 3389 828 praeesse,
3429 774 3553 827 pec.-

1975 850 2281 905 caverimus
2326 852 2504 907 locum
2553 852 2744 905 dantes
2806 850 3021 905 diabolo
3069 850 3354 905 adversum
3406 849 3557 905 Pauli

1979 950 2302 1010 praeceptum
2342 940 2575 997 dicentis
2608 941 2630 973 ⁸
2664 960 2676 994 :
2711 940 2892 995 Nolite
2923 940 3095 993 locant
3134 940 3262 993 dare
3306 938 3555 1002 diabolo;

1976 1032 2385 1103 quodammodo
2417 1049 2510 1103 per
2539 1034 2733 1089 delicta
2765 1044 2945 1088 nostra
2974 1049 3095 1103 qum
3123 1031 3355 1088 fecimus
3385 1034 3439 1086 in
3468 1030 3557 1086 Je-

1978 1125 2237 1190 rusalem,
2269 1126 2614 1180 occasionem
2651 1125 2940 1179 tribuimus
2970 1123 3469 1179 Nabuchodonosor
3498 1129 3559 1179 ut

1977 1216 2312 1285 ingrediatur
2357 1217 2632 1271 civitatem
2683 1227 2963 1282 sanetam,
3015 1228 3069 1271 ct
3120 1216 3353 1271 abducat
3390 1232 3559 1282 quos-

1978 1323 2193 1377 cunque
2231 1309 2484 1364 voluerit.
2551 1308 2653 1373 Qui
2711 1323 2836 1363 vero
2886 1325 2992 1361 non
3044 1315 3268 1376 peccat,
3322 1307 3558 1361 excludit

1979 1397 2504 1464 Nabuchodonosor,
2543 1408 2603 1454 ut
2632 1414 2738 1452 non
2772 1398 2940 1467 possit
2987 1398 3040 1452 in
3090 1405 3288 1450 terram
3339 1395 3428 1450 Dei
3483 1396 3557 1449 in«

1979 1490 2151 1561 gredi.
2189 1489 2331 1562 Ergo
2367 1490 2625 1545 omnibus
2652 1490 2857 1546 viribus
2888 1489 3239 1544 excludamus
3274 1486 3557 1541 Nabucho-

1980 1583 2243 1650 donosor,
2279 1594 2338 1638 ut
2387 1583 2452 1638 ad
2500 1583 2716 1638 beatum
2757 1582 2916 1636 istius
2948 1579 3201 1634 Ecclesia:
3228 1588 3557 1634 conventum

1980 1690 2087 1729 non
2131 1674 2546 1744 appropinquct.
2596 1671 2968 1727 Excludamus
3003 1681 3183 1725 autem
3235 1686 3359 1725 eum
3400 1686 3559 1724 assu—

1981 1774 2190 1820 mentcs
2225 1766 2429 1820 clavem
2469 1764 2747 1830 scientias;
2792 1762 3145 1819 excludamus
3177 1777 3301 1816 eum
3331 1777 3558 1816 conver-

290 1849 497 1902 tionem
529 1847 662 1918 legis
703 1848 868 1903 Deum
902 1849 1209 1906 inhonorat.
1240 1850 1438 1906 Parum
1476 1862 1593 1907 erat
1624 1855 1669 1909 si
1705 1855 1877 1909 dixis—
1907 1857 1950 1911 Β
1980 1857 2192 1912 Satione
2222 1865 2276 1912 et
2307 1856 2465 1912 factis
2507 1857 2686 1920 bonis,
2722 1864 2781 1909 ut
2818 1871 2930 1921 non
2983 1855 3158 1923 rapiat
3197 1869 3374 1920 regem
3402 1852 3559 1908 Jeru-

289 1948 395 2006 set,
422 1939 715 1993 inhonorat
750 1941 1037 2010 angelum;
1070 1959 1214 1998 nunc
1239 1955 1442 2008 autem,
1479 1962 1574 2015 per
1616 1950 1874 2016 praevari-

284 2033 584 2100 cationem,
612 2032 809 2103 inquit,
832 2037 966 2108 legis
988 2037 1154 2091 Deum
1183 2037 1488 2094 inhonorat.
1519 2039 1877 2107 Quotiescun-

283 2140 394 2195 que
439 2125 861 2194 prazvaricamur
911 2129 1081 2198 legem
1126 2128 1245 2197 Dei,
1286 2133 1450 2185 toties
1482 2133 1874 2189 inhonoramus

286 2214 490 2282 Deum;
525 2224 578 2270 et
599 2224 808 2285 qttanto
837 2218 1045 2287 majora
1083 2218 1479 2290 delinquimus,
1519 2229 1671 2276 tanto
1702 2224 1874 2293 majo-

285 2308 442 2363 ribus
493 2310 839 2364 contumeliis
894 2309 1160 2366 allicimus
1214 2311 1415 2377 Deum;
1467 2322 1674 2382 quanto
1720 2316 1873 2385 plura

286 2390 601 2466 peccamus,
634 2408 785 2453 tanto
821 2400 940 2467 plus
978 2401 1369 2457 inhonoramus
1402 2402 1614 2457 Patrem
1641 2404 1874 2459 ctChri-

289 2498 435 2542 stum
463 2489 602 2558 ejus,
634 2490 778 2545 sicut
805 2490 1066 2560 scriptum
1114 2501 1197 2546 est
1220 2494 1236 2524 ¹
1267 2511 1282 2547 :
1316 2492 1526 2558 Quanto
1566 2496 1734 2565 magis
1776 2512 1874 2565 pu-

287 2581 422 2634 tatis
452 2582 716 2635 deteriora
748 2582 935 2635 mereri
963 2584 1223 2652 supplicia
1253 2585 1341 2655 qui
1371 2584 1575 2639 Filium
1617 2586 1709 2639 Dei
1749 2603 1874 2641 cono

286 2670 598 2738 calcaverit,
645 2681 693 2727 et
727 2674 1036 2743 sanguinem
1071 2678 1365 2729 testamenti
1403 2677 1663 2745 pollutum
1706 2677 1873 2733 duxe-

286 2763 385 2826 rit,
410 2763 464 2815 in
495 2779 598 2833 quo
629 2766 993 2832 sanctificatus
1018 2776 1116 2833 est,
1143 2777 1192 2821 et
1217 2769 1430 2837 spiritui
1459 2770 1644 2841 gratia,
1680 2780 1870 2825 contu-

288 2853 506 2907 meliam
539 2853 761 2923 fecerit?
788 2854 957 2924 Igitur
982 2856 1292 2928 quicunque
1326 2867 1526 2928 peccat.
1563 2874 1867 2931 exasperat,

286 2953 344 3000 et
383 2946 770 2999 contumeliam
810 2946 955 3014 facit,
984 2956 1038 3002 et
1073 2947 1365 3004 inhonorat
1392 2958 1498 3005 tam
1528 2950 1619 3006 Dei
1654 2952 1870 3023 eloquia

287 3051 414 3105 qua:
444 3037 704 3107 suscepit,
734 3053 898 3107 quam
932 3055 1055 3094 eum
1087 3039 1179 3109 qui
1214 3041 1421 3095 docuit.

361 3124 416 3183 9.
449 3127 547 3181 Dic
563 3144 700 3181 nunc
724 3129 792 3181 ad
814 3129 1023 3183 danaum
1041 3143 1438 3201 exasperanlem
1457 3147 1474 3186 :
1494 3132 1722 3190 Nescitis
1742 3137 1871 3208 quid

295 3219 409 3272 sint
439 3220 543 3273 ista
559 3222 601 3285 ‘,
635 3222 683 3275 id
715 3230 798 3275 est
819 3237 940 3291 qua:
968 3222 1020 3276 in
1050 3223 1304 3293 parabola
1329 3224 1473 3279 dicta
1510 3234 1638 3281 sunt
1658 3202 1871 3298 aquila—
1899 3202 1942 3259 (δ

290 3327 437 3366 rum.
467 3310 604 3367 Dic:
629 3312 759 3368 Cum
792 3316 989 3368 venerit
1016 3331 1107 3369 rea:
1135 3316 1425 3387 Babylonis
1457 3320 1526 3373 ad
1551 3319 1870 3386 Jerusalem,

287 3420 339 3463 et
366 3412 624 3480 acceperit
657 3428 826 3480 regem
853 3412 988 3482 ejus,
1025 3421 1074 3466 et
1105 3414 1363 3483 principes
1386 3414 1500 3485 ejus
1527 3416 1567 3470 ³.
1598 3415 1871 3484 Quantum

287 3501 358 3555 ad
405 3501 688 3557 historiam
732 3505 966 3573 pertinet
1003 3505 1399 3575 prOphetantis,
1431 3509 1734 3576 expositum
1766 3520 1870 3573 est,

290 3591 440 3660 quod
494 3591 1002 3650 Nabuchodonosor
1062 3597 1270 3652 venerit
1323 3597 1378 3652 in
1434 3596 1872 3670 Jerosolymam,

297 3683 466 3754 399
494 3692 549 3740 et
576 3686 818 3755 captivos
842 3688 1058 3742 duxerit
1089 3689 1407 3745 Sedechiam
1440 3706 1622 3760 regem
1653 3690 1872 3757 Judzeze,

290 3781 346 3828 et
396 3775 667 3845 principes
702 3778 791 3847 qui
827 3787 983 3832 erant
1026 3792 1149 3835 cum
1191 3795 1279 3846 eo,
1331 3791 1648 3853 partemque
1694 3784 1875 3853 populi

293 3863 605 3922 Iudaeorum
643 3885 659 3922 :
692 3885 899 3925 necnon
933 3870 1095 3924 etiam
1128 3870 1258 3926 illud
1290 3872 1570 3940 addemus,
1601 3874 1874 3944 quomodo

295 3956 618 4025 plantaverit
646 3974 739 4014 eos
766 3959 818 4013 in
861 3968 1001 4014 terra
1031 3959 1339 4032 Babylonis.
1387 3963 1491 4019 Sed
1527 3980 1634 4018 non
1667 3973 1874 4022 stemus

294 4048 349 4101 in
385 4048 583 4112 littera,
618 4066 717 4104 nec
745 4051 1046 4106 horreamus
1079 4052 1132 4105 in
1177 4053 1435 4119 historia,
1477 4056 1650 4126 magis
1693 4064 1872 4110 autem

296 4148 354 4194 tu
388 4142 480 4210 qui
517 4142 569 4195 in
606 4140 904 4211 Scripturis
938 4142 1028 4196 Dei
1061 4141 1361 4213 profectum
1400 4146 1588 4208 habes,
1637 4156 1690 4200 et
1732 4145 1872 4201 nosti

296 4231 425 4303 quia
452 4232 557 4286 ista
587 4233 762 4286 omnia
781 4232 1079 4303 ﬁguraliter
1100 4235 1469 4305 contingebant
1506 4235 1637 4300 illis,
1675 4238 1875 4306 scripta

295 4334 419 4376 sunt
459 4331 633 4375 autem
668 4340 762 4392 pro
795 4322 964 4390 nobis,
997 4325 1054 4377 in
1097 4342 1226 4396 quos
1269 4325 1399 4396 ﬁnes
1437 4325 1750 4381 circulorum
1778 4327 1874 4381 de-

295 4424 575 4468 currerunt
624 4414 663 4468 ⁸.
730 4412 902 4470 Instat
962 4431 1087 4471 ecce
1154 4432 1314 4473 verus
1370 4416 1875 4475 Nabuchodonosor

297 4520 549 4575 quarens
575 4505 788 4574 aliquos
816 4521 1008 4575 capere
1035 4507 1101 4562 de
1139 4507 1318 4562 nobis.
1373 4507 1439 4561 Et
1476 4507 1710 4578 primum
1752 4510 1876 4580 qui-
1908 4534 1951 4589 ι)

296 4597 421 4651 dem
452 4596 623 4666 cupit,
674 4598 719 4651 si
757 4596 870 4650 fieri
906 4606 1114 4667 potest,
1155 4601 1223 4654 de
1254 4598 1588 4670 principibus
1619 4599 1871 4657 Ecclesia:

298 4687 544 4758 captivos
589 4686 693 4741 sibi
757 4687 955 4743 ducere
996 4702 1229 4744 :verum
1275 4690 1517 4761 quandiu
1569 4690 1828 4749 Ezechias
1854 4736 1869 4762 ,

369 4806 415 4837 ’³
451 4803 621 4877 Rom.
636 4819 704 4877 μ,
732 4804 844 4877 εςςε
880 4805 917 4877 _'
943 4804 1106 4862 Hebr.
1130 4807 1296 4873 x,29.
1371 4811 1390 4842 ⁵³
1416 4807 1612 4864 Ezech.
1645 4827 1777 4877 xvu,
1819 4813 1907 4868 12.
1985 4815 2007 4847 ³
2029 4808 2162 4866 ibid.

303 4889 440 4941 xvu,
482 4875 569 4940 12,
604 4874 689 4928 15.
765 4874 784 4905 ⁷
825 4874 845 4927 1
880 4872 1020 4929 Petr.
1055 4891 1116 4943 ιι,
1146 4872 1201 4931 9.

379 4989 504 5060 (28),
531 4988 591 5044 Si
621 4999 804 5060 autem!
844 5005 961 5060 nos,
1011 4998 1126 5060 etc.
1175 4987 1392 5060 Catenae
1430 5005 1562 5046 mss.
1607 4993 1746 5046 :Atcit
1774 4994 1875 5058 τὰς

301 5057 576 5141 ἀμάρτίᾳς
619 5058 930 5141 κυριεύειεαί
977 5057 1210 5141 τξςρτεὸ
1242 5057 1658 5141 ,τοῦητξονηροῆ
1702 5057 1875 5141 βξᾷοὺς

301 5077 576 5183 drapetae
619 5077 930 5131 κυριευεται
977 5077 1059 5121 τις
1107 5077 1210 5110 υπο
1256 5077 1350 5111 του
1401 5077 1658 5141 πονητέον,
1702 5077 1875 5127 οιοοῡς

301 5149 335 5184 α
375 5147 453 5200 τῳ
476 5129 638 5200 τόπον
681 5129 974 5200 μεταϐῆναι
1006 5129 1099 5200 ἐπέ
1127 5127 1316 5200 αὐτόνέ
1343 5129 1455 5200 Καὶ
1486 5148 1641 5184 τουτο
1668 5131 1824 5196 εἰδὼς
1847 5134 1877 5185 ὁ

303 5196 517 5262 Παῦλος
539 5196 710 5270 ἔλεγέ·
741 5197 838 5267 Μὴ
866 5196 1002 5253 δότε
1030 5199 1227 5270 τόπονᾲ
1244 5196 1324 5270 τῷ
1348 5198 1620 5270 διαϐόλῳ.
1652 5200 1877 5270 Propter

302 5278 518 5337 peccata
551 5269 828 5340 contingit,
860 5279 919 5322 ut
951 5268 1066 5340 quis
1098 5267 1318 5340 maligni
1352 5267 1878 5340 dontinationiisub-

303 5341 484 5399 datur,
523 5341 658 5391 dans
687 5337 971 5403 eilocum,
1001 5348 1057 5390 ut
1105 5337 1188 5407 ad
1217 5338 1386 5407 ipsum
1418 5348 1673 5393 transeat.
1709 5339 1876 5407 quue

304 5410 474 5529 zcilens
524 5407 728 5461 Paulus
785 5407 1033 5462 dicebat:
1079 5424 1098 5457 ε
1137 5404 1317 5461 Nolite
1366 5408 1536 5462 locum
1581 5409 1709 5464 dare
1753 5404 1874 5464 dia-

338 5495 442 5529 oo.
483 5497 502 5529 ι

338 5478 442 5533 010.
483 5497 502 5530 ι

374 5549 489 5614 (29)
530 5546 597 5600 Id
624 5555 719 5611 est,
753 5545 1133 5614 confusionem,
1165 5554 1269 5600 etc.
1303 5545 1519 5601 Catena:
1552 5563 1683 5602 mss.
1714 5565 1727 5602 :
1764 5549 1872 5601 Ba-

308 5616 483 5709 6ult‘pv
524 5616 883 5709 égpqvatiitat
915 5616 1207 5709 funesti.
1244 5615 1874 5709 Baﬁugmv’”€ottv’qltﬁg

310 5687 507 5758 {caulae
726 5756 736 5758 _
765 5685 1066 5758 Euyxée'tat
1118 5685 1230 5758 γὰρ
1277 5684 1430 5758 eam
1459 5686 1607 5758 οὐδὲν
1657 5684 1876 5758 εέρήνής

309 5754 524 5826 ἔχοντα,
565 5756 685 5809 οὐδὲ
716 5754 984 5826 ὁμονοίας.
1027 5754 1264 5824 Babylon
1305 5754 1662 5825 confusionem
1698 5754 1875 5814 sonat.

1977 1949 2167 2013 salem,
2215 1959 2270 2002 et
2321 1948 2592 2018 principes
2623 1947 2772 2016 ejus,
2826 1953 2886 2002 ut
2930 1961 3038 2000 non
3082 1946 3314 1999 abducat
3361 1960 3455 2000 eos
3502 1946 3554 1997 iu

1974 2036 2301 2109 Babylonem
2353 2037 2684 2106 captivitatis
2748 2050 2864 2091 suae
2916 2035 3274 2104 tritnnphum.
3329 2035 3384 2087 Si
3432 2051 3558 2088 vero

1976 2129 2216 2199 aliquem
2252 2144 2319 2183 ex
2359 2128 2521 2183 nobis
2556 2128 2772 2183 vincere
2802 2128 3041 2198 potuerit
3070 2143 3247 2182 saevus
3279 2126 3555 2190 inimicus,

1976 2222 2125 2276 ducit
2165 2237 2288 2275 eum
2327 2221 2378 2274 in
2421 2219 2784 2292 Babylonem,
2840 2236 2949 2275 non
3001 2219 3053 2273 in
3098 2220 3274 2274 locum
3317 2218 3555 2289 amplum

1974 2311 2206 2382 alicujus
2253 2318 2446 2374 terrae,
2483 2310 2577 2365 scd
2628 2310 2681 2363 in
2734 2309 3063 2380 Babylonem
3115 2311 3327 2371 animae,
3381 2311 3431 2363 id
3475 2322 3559 2364 est

1974 2401 2349 2455 confusionem
2392 2399 2527 2470 (29).
2580 2398 2914 2468 Frequenter
2963 2398 3202 2453 diximus
3229 2399 3555 2471 Babylonem

1975 2492 2331 2562 confusionem
2389 2490 2755 2561 interpretari.
2807 2489 3132 2560 Quicunque
3177 2492 3323 2545 enim
3369 2491 3437 2545 ab
3490 2507 3558 2545 co

1973 2581 2149 2636 victus
2215 2579 2507 2635 abducitur
2569 2578 2623 2632 in
2690 2577 3070 2633 confusionem
3140 2580 3336 2633 mentis
3404 2593 3555 2643 suae.

1973 2671 2294 2729 trausfertur
2319 2673 2373 2727 in
2404 2672 2751 2742 Babylonem.
2786 2669 3163 2739 Respiciamus
3191 2671 3256 2725 ad
3287 2669 3559 2740 quotidiao

1974 2781 2098 2820 nam
2131 2765 2319 2819 vitam.
2363 2762 2420 2818 Si
2446 2763 2666 2833 quando
2694 2762 2994 2816 viderimus
3026 2761 3263 2815 animam
3294 2776 3326 2816 a
3358 2777 3554 2831 pecea-

1972 2855 2063 2923 tis,
2091 2871 2120 2910 a
2149 2854 2317 2920 vitiis,
2351 2868 2382 2907 a
2406 2854 2650 2919 tristitia,
2681 2852 2750 2907 ab
2792 2852 2894 2920 ira,
2931 2868 2961 2905 a
2986 2851 3290 2916 desideriis,
3325 2852 3395 2906 ab
3423 2865 3557 2906 ava-

1971 2946 2095 3001 ritia
2146 2945 2428 3013 confundi,
2465 2945 2706 3000 sciamus
2754 2943 2929 2998 istamr
2950 2958 3071 2998 esse
3107 2958 3271 3012 quam
3306 2942 3556 2997 diabolus

1973 3039 2205 3095 abducat
2255 3038 2309 3092 in
2345 3036 2696 3109 Babylonem.
2748 3033 2807 3089 Si
2863 3049 2992 3089 vero
3039 3034 3323 3105 principali
3372 3035 3553 3090 cordis

1974 3131 2360 3202 tranquillitas.
2393 3130 2681 3194 serenitas,
2733 3144 2834 3198 pax
2887 3127 3121 3183 fructum
3157 3126 3366 3195 fecerit,
3415 3129 3557 3183 scia-

1977 3238 2099 3277 mus
2145 3222 2271 3291 quia
2314 3220 2614 3275 Jerusalcm
2664 3228 2909 3274 versetur
2956 3219 3009 3273 in
3044 3235 3140 3285 ca;
3189 3218 3326 3273 visio
3360 3220 3557 3289 quippe

1976 3312 2125 3383 pacis
2160 3312 2491 3367 intrinsecus
2518 3322 2619 3367 est.

2045 3406 2101 3461 5.
2148 3403 2213 3457 Et
2250 3405 2392 3459 ducit
2427 3421 2512 3459 eos
2546 3403 2614 3457 ad
2651 3419 2704 3457 se
2742 3402 2797 3456 in
2830 3402 3174 3473 Babylonem,
3216 3413 3265 3456 et
3301 3404 3464 3457 sumit
3490 3401 3555 3454 de

1974 3498 2169 3550 semine
2219 3497 2364 3566 regni
2401 3505 2451 3550 et
2498 3495 2731 3564 disponit
2785 3494 2854 3546 ad
2901 3496 3068 3564 ipsum
3113 3504 3481 3549 testamentum
3507 3495 3548 3545 ⁸.

1975 3586 2181 3643 Omnes
2217 3588 2308 3657 qui
2343 3586 2449 3657 (50)
2487 3601 2794 3641 sermonem
2829 3585 2922 3640 Dei
2953 3585 3309 3655 suscepimus,
3342 3585 3549 3655 regium

1977 3694 2160 3734 scmeu
2195 3691 2386 3732 sumus
2423 3693 2437 3728 :
2470 3674 2677 3728 Etenim
2709 3672 2868 3742 genus
2909 3675 3132 3729 electum
3172 3690 3454 3738 vocantur,
3499 3685 3549 3727 et

1978 3769 2148 3839 regale
2167 3768 2537 3830 sacerdotium,
2573 3782 2694 3834 gens
2726 3774 2911 3818 sancta
2935 3807 2953 3833 ,
2989 3765 3212 3835 populus
3247 3766 3552 3835 acquisitio-

1976 3863 2057 3915 nis
2085 3862 2126 3914 ".
2171 3858 2226 3913 Si
2275 3857 2401 3927 quis
2444 3873 2575 3928 ergo
2620 3871 2685 3910 ex
2726 3856 2883 3910 nobis
2909 3856 3003 3926 qui
3043 3856 3095 3908 in
3127 3856 3318 3909 ordine
3354 3856 3551 3926 regalis

1976 3952 2201 4008 seminis
2244 3949 2524 4004 constituti
2567 3963 2778 4013 sumus,
2828 3963 2921 4017 per
2952 3955 3231 4016 peccatum
3266 3962 3423 4001 suum
3460 3963 3551 4000 ca-

1976 4044 2157 4115 ptivus
2202 4042 2490 4096 abducitur
2520 4056 2548 4095 a
2577 4040 2817 4106 diabolo,
2866 4039 3007 4093 haud
3050 4038 3274 4093 dubium
3308 4047 3393 4093 est
3419 4040 3549 4107 quin

1975 4138 2041 4191 de
2072 4134 2219 4205 regio
2249 4146 2442 4204 genere
2491 4132 2560 4187 sit
2605 4131 2871 4187 abductus
2905 4130 2959 4185 iu
2990 4130 3337 4202 Babylonem,
3371 4140 3425 4184 et
3466 4129 3549 4183 fa-

1975 4229 2085 4284 ciat
2111 4236 2495 4282 testamentum
2535 4240 2659 4280 cum
2706 4223 3224 4287 Nabuchodonosor,
3268 4224 3394 4293 quia
3434 4222 3547 4293 jam

1978 4326 2359 4375 testamentum
2392 4317 2486 4371 Dei
2518 4315 2798 4387 spreverit.
2852 4314 3191 4386 lmpossibile
3229 4312 3428 4384 quippe
3467 4323 3551 4368 est

1975 4410 2253 4465 hominem
2300 4407 2419 4464 siue
2468 4414 2790 4462 testamento
2831 4422 2973 4462 esse.
3018 4406 3076 4461 Si
3128 4406 3294 4461 habes
3328 4405 3441 4474 (51)
3473 4413 3550 4459 te-

1978 4510 2306 4558 stamentum
2335 4498 2429 4554 Dei
2459 4498 2511 4552 in
2560 4508 2631 4563 te,
2681 4513 2787 4554 non
2831 4506 3007 4568 potest
3051 4504 3435 4551 testamentum
3472 4503 3550 4550 te-

1976 4609 2101 4652 cum
2134 4593 2313 4650 facere
2345 4590 2866 4647 Nabuchodonosor.
2914 4589 3083 4644 Porro
3111 4588 3155 4642 si
3188 4586 3432 4656 repulisti
3472 4597 3551 4641 te-

1979 4694 2306 4746 stamentum
2336 4683 2431 4739 Dei
2483 4699 2577 4754 per
2619 4681 3116 4753 praevaricationem
3167 4678 3549 4733 mandatorum

2241 4805 2265 4839 ι
2286 4803 2308 4858 ι
2330 4803 2459 4860 Cor.
2497 4819 2551 4868 ι,
2582 4802 2667 4859 ll.
2744 4801 2765 4833 ⁸
2797 4799 2996 4868 Ephes.
3033 4812 3105 4862 tv,
3130 4796 3220 4850 27.
3299 4797 3319 4827 ⁸
3349 4795 3544 4853 Ezech.

1974 4992 2073 5047 Est
2115 4998 2289 5044 autem
2343 4984 2587 5056 Babylon
2632 4983 2845 5037 habitus
2892 4981 3134 5056 malitiae.
3191 4980 3549 5056 Confunditur

1971 5061 2109 5117 enim
2141 5059 2252 5122 ille,
2284 5057 2410 5110 dum
2440 5052 2572 5109 nihil
2599 5057 2745 5122 pacis
2775 5060 2867 5105 aut
2890 5053 3184 5106 concordia:
3205 5052 3381 5122 habet.

2045 5129 2160 5200 (570)
2204 5126 2395 5200 Omnes
2422 5126 2532 5200 qui,
2565 5121 2670 5200 etc:
2709 5122 2931 5200 galeam
2963 5139 3097 5200 mss.
3119 5142 3144 5200 _:
3183 5121 3424 5200 Σπέρμῆ
3450 5121 3548 5200 βεε-

1974 5191 2178 5262 σιΧείαξ
2218 5198 2356 5250 εἰσὶν
2396 5197 2445 5249 οἱ
2489 5191 2923 5266 παραδεξάμενοι
2955 5193 3044 5266 τεὸν
3072 5192 3228 5266 λόχον
3267 5191 3360 5244 τοῦ
3388 5191 3546 5266 8e06,

1959 5268 2082 5333 ὀἷος
2115 5261 2391 5338 ὁνΔᾳνοὴλ,
2445 5266 2540 5338 uel.
2571 5261 2628 5317 ὀι
2662 5261 2808 5334 τρεῖς
2859 5262 3063 5326 παῖδες.
3118 5262 3304 5338 Semen
3351 5261 3551 5338 regium

1973 5328 2116 5406 sunt,
2145 5337 2234 5411 qui
2283 5328 2608 5411 Diti—verbum
2629 5328 2990 5402 susceperunt,
3023 5333 3196 5402 qualis
3227 5332 3327 5401 fuit
3362 5328 3550 5383 Daniel

1973 5422 2022 5465 et
2057 5422 2161 5464 tres
2186 5424 2302 5476 puer
2316 5423 2352 5459 ι.

1985 5550 2009 5562 -
2053 5480 2166 5562 (Ξὲ)
2209 5476 2267 5531 δέ
2312 5474 2509 5562 ut“;
2537 5469 3419 5562 εξξι.,δέξεσθε,φξβ-ρῖηέὶὲκωὲ
3459 5473 3556 5562 ’ξὴί

1981 5540 2245 5619 διοίθήᾶιην
2274 5545 2408 5619 πρὸς
2440 5545 2532 5619 τὸν
2559 5543 2723 5619 Θξρνι
2742 5542 2801 5595 οὐ
2837 5542 3058 5619 δὶόνοξται
3083 5540 3341 5619 titubabat
3374 5540 3556 5619 διαβῆ-

1983 5635 2085 5689 κην
2116 5611 2250 5687 apt;
2272 5611 2364 5667 τὸν
2382 5612 2576 5689 ,νοητὸν
2603 5611 3090 5683 Ναϐουχοδονόσορ.
3138 5612 3241 5689 Qui
3280 5627 3428 5689 curm
3452 5611 3555 5689 om

1983 5680 2349 5741 testamentum
2374 5680 2546 5747 habet,
2576 5680 2943 5736 testamentum
2966 5680 3085 5736 cum
3109 5680 3340 5749 spiritali
3375 5682 3556 5739 Nabu-

1984 5758 2334 5812 chodonosore
2366 5754 2638 5824 disponere
2677 5769 2775 5809 non
2807 5762 2997 5824 potest.
