4070 6296
578 410 682 468 75S

1793 403 2118 460 ORIGENIS
2157 402 2224 457 IN
2262 401 2697 458 EZECHIELEM

3743 400 3844 454 750

575 523 738 592 ejus,
808 518 1094 590 suscepisti
1165 523 1552 572 testamentum
1622 513 2148 570 Nabuchodonosor.
2182 519 2226 573 Α
2253 513 2420 567 duces
2456 521 2612 566 terrae
2655 512 2774 580 ejus
2823 510 3073 579 accipiet,
3119 519 3177 564 ut
3224 511 3355 565 fiant
3388 512 3441 566 in
3490 528 3716 581 regnum
3767 517 3845 569 in-

577 617 852 684 Scriptum
883 621 966 668 est
1015 611 1158 667 enim
1195 611 1217 642 ⁸
1252 629 1266 667 :
1301 609 1548 680 Disponit
1594 610 1664 664 ad
1715 626 1832 664 eum
1884 619 2156 663 testamen-

575 721 688 762 tum
715 721 888 767 suum,
923 713 973 757 et
1017 704 1222 757 inducit
1267 720 1386 756 eunt
1425 705 1481 756 in
1521 703 1963 757 maledictionem.
2012 701 2154 755 Deus

573 796 628 852 in
667 793 1042 849 benedictione
1073 793 1356 847 nobiscum
1401 801 1781 848 testamentum
1829 790 1959 844 facit
1991 807 2005 856 ;
2043 787 2152 842 Na-

569 886 992 942 buchodonosor
1026 901 1153 939 vero
1204 893 1588 940 testamentum
1631 899 1791 939 suum
1827 883 1880 937 in
1925 883 2150 937 maledi-

568 978 747 1032 ctione
795 979 1098 1034 constituit.
1151 976 1266 1032 Non
1321 987 1496 1047 potest
1529 978 1582 1030 in
1615 976 1991 1032 benedictione
2031 991 2152 1030 esse

568 1070 660 1138 qui
695 1079 910 1138 pactum
947 1069 1130 1124 fecerit
1158 1086 1282 1123 eum
1313 1068 1835 1125 Nabuchodonosor.
1886 1068 1988 1123 Sed
2021 1069 2152 1123 dicit

478 1162 483 1166 ’
567 1162 700 1216 inibi
735 1161 933 1230 aliquis
960 1163 1051 1232 qui
1091 1163 1143 1214 in
1177 1160 1476 1229 Scripturis
1507 1161 1708 1216 divinis
1747 1169 1830 1214 est
1858 1159 2104 1214 eruditus
2133 1177 2146 1212 :

567 1252 786 1308 Invenio
836 1254 888 1307 in
936 1254 1051 1323 lege
1080 1252 1247 1322 Moysi
1286 1252 1691 1306 maledictiones
1720 1250 2047 1306 constitutas
2094 1250 2147 1304 iu

568 1353 928 1413 peceatorem.
969 1342 1024 1396 Si
1059 1359 1187 1412 ergo
1221 1351 1488 1412 praecepto
1518 1341 1613 1396 Dei
1641 1342 1983 1396 maledictum
2016 1356 2150 1396 con-

566 1435 816 1491 stitutum
865 1445 948 1488 est
983 1434 1036 1488 in
1079 1444 1413 1502 peccatores,
1464 1449 1562 1488 cur
1601 1449 1707 1487 non
1753 1441 1805 1487 et
1840 1432 2147 1486 econtrario

566 1526 711 1595 apud
745 1525 1023 1579 diabolum
1051 1525 1299 1593 quaedam
1331 1524 1636 1578 benedictio
1668 1526 1756 1591 sit,
1787 1535 1843 1578 ut
1879 1525 1966 1578 alii
2003 1526 2144 1594 apud

566 1632 690 1669 eum
730 1619 784 1670 in
837 1615 1214 1670 benedictione
1263 1615 1416 1682 fiant,
1471 1616 1559 1669 alii
1612 1617 1665 1670 in
1727 1618 2147 1672 maledictione?

569 1705 705 1762 lluic
741 1720 870 1774 ergo
917 1717 1072 1761 acute
1115 1716 1167 1760 et
1196 1707 1460 1761 acerrime
1505 1707 1883 1776 interroganti,
1930 1709 2008 1762 sic
2048 1723 2143 1762 eo-

568 1798 739 1854 uabor
765 1813 1071 1865 occurrere,
1121 1808 1172 1851 ct
1215 1799 1395 1853 dicere
1443 1799 1568 1868 quia
1607 1808 1659 1852 et
1688 1801 1932 1868 quaedam
1958 1799 2028 1853 sit
2054 1800 2144 1854 be-

568 1890 802 1946 nedictio
848 1905 878 1943 a
927 1889 1471 1953 Nabuchodonosor,
1543 1906 1706 1958 quam
1767 1890 1907 1945 Deus
1955 1891 2144 1959 procul

565 1980 785 2048 abjieiat
813 1995 844 2034 a
873 1979 1062 2045 nobis;
1116 1990 1170 2034 et
1211 1979 1520 2042 maledictio
1547 1980 1613 2034 de
1643 1997 1749 2050 qua
1786 1997 1929 2034 nunc
1963 1980 2144 2035 dicere

565 2071 846 2138 debemus,
895 2087 1014 2140 qua:
1063 2071 1222 2141 digne
1267 2086 1432 2140 super
1467 2080 1778 2140 peccatores
1811 2072 1974 2126 venit.
2011 2071 2143 2138 Quze

564 2173 646 2217 est
713 2163 876 2233 igitur
929 2164 1232 2218 benedictio
1295 2162 1853 2218 Nabuchodonosor?
1914 2164 2143 2230 Quando

559 2252 758 2320 aliquis
804 2252 858 2306 in
911 2253 1114 2306 mundo
1162 2254 1268 2308 isto
1309 2253 1547 2322 locuples
1581 2252 1776 2317 fuerit,
1825 2264 1877 2308 et
1918 2255 2143 2310 feliciter

561 2346 812 2410 gesserit,
859 2354 912 2398 et
959 2346 1142 2398 omnia
1179 2345 1228 2398 ei
1267 2359 1528 2414 prospero
1568 2360 1732 2400 cursu
1771 2345 2049 2411 fluxerint,
2087 2348 2140 2400 in

560 2441 771 2492 tantum
805 2441 862 2486 ut
893 2433 1022 2487 illud
1047 2433 1192 2504 quod
1217 2435 1480 2504 scriptum
1514 2445 1596 2490 est
1626 2435 1672 2490 ei
1706 2438 2072 2507 possitaptari
2095 2439 2137 2492 ⁹.

556 2523 662 2581 Bos
679 2524 792 2593 ejus
817 2540 918 2576 non
949 2525 1108 2592 faciet
1148 2522 1468 2577 abortionem
1487 2539 1507 2587 ,°
1543 2533 1591 2578 et
1625 2524 1668 2577 si
1696 2525 2001 2579 universam
2037 2539 2138 2579 sae—

555 2614 662 2668 culi
705 2613 894 2668 habuit
938 2615 1386 2684 prosperitatem,
1434 2614 1739 2670 benedictio
1775 2614 2138 2670 Nabuchodo-

555 2720 720 2765 nosor
745 2720 909 2775 super
934 2722 1057 2760 eum
1091 2715 1192 2761 est.
1223 2706 1528 2760 Maledictio
1557 2723 1686 2762 vero
1714 2707 1768 2762 in
1795 2723 1881 2775 eo,
1917 2709 2138 2778 quando

555 2794 754 2866 aliquis
785 2796 987 2850 recedit
1019 2813 1047 2850 a
1084 2795 1215 2862 Deo,
1262 2807 1315 2851 ct
1347 2797 1703 2852 nihilominus
1737 2800 1791 2852 in
1835 2808 1987 2868 parte
2022 2800 2137 2854 dia~

553 2885 666 2941 boli
712 2887 1042 2942 constitutus
1092 2889 1329 2944 miseriis
1391 2888 1779 2959 suppliciisque
1831 2899 2133 2960 torquetur.

552 2976 684 3034 Vult
727 2979 892 3048 igitur
925 2980 1101 3048 Deus,
1137 2989 1198 3036 ut
1243 2998 1388 3037 nunc
1413 2981 1696 3052 Scriptura
1723 2993 2134 3049 commemorat,

554 3079 939 3128 testamentum
981 3072 1165 3128 lsraeli
1201 3075 1638 3129 maledictionem
1679 3090 1801 3129 esse
1846 3077 1988 3145 apud
2027 3075 2137 3130 Na-

553 3157 994 3220 buchodonosor.
1049 3158 1114 3213 Et
1145 3159 1266 3213 ideo
1294 3160 1420 3228 quia
1459 3160 1629 3214 voluit
1671 3175 1928 3230 spernere
1969 3170 2134 3216 testa-
2162 3185 2204 3240 ο

554 3259 798 3308 mentum
823 3248 1325 3306 Nabuchodonosor
1355 3268 1448 3307 rex
1475 3251 1799 3318 Jerusalem,
1828 3263 1881 3307 et
1915 3253 2135 3308 mittens

554 3343 776 3412 angelos
813 3358 944 3397 suos
979 3342 1030 3395 in
1079 3341 1370 3413 (Egyptum
1406 3352 1789 3397 testamentum
1835 3359 1958 3396 cum
1991 3342 2135 3396 Pha-

553 3447 722 3486 raone
751 3431 930 3488 facere
958 3444 1186 3487 conatus
1210 3442 1312 3496 est,
1341 3432 1417 3486 ait
1447 3449 1628 3488 sermo
1655 3433 1873 3488 divinus
1897 3433 1938 3464 ¹⁰
1967 3452 1978 3487 :
2010 3431 2136 3486 Non

552 3525 848 3596 dirigetur,
903 3541 1003 3579 non
1044 3524 1359 3579 salvabitur.
1401 3523 1742 3594 Quapropter
1787 3533 1999 3592 oportet
2037 3539 2135 3579 nos

551 3617 694 3672 ferre
726 3617 1010 3686 patienter,
1048 3633 1170 3672 cum
1221 3634 1251 3670 a
1303 3615 1411 3670 Deo
1449 3617 1717 3670 tradimur
1755 3615 1967 3670 ultioni.
2008 3614 2136 3670 Tra-

549 3710 688 3765 didit
715 3711 1004 3781 quemdam
1031 3709 1098 3764 de
1121 3720 1266 3765 cmtu
1301 3710 1557 3764 Ecclesiae
1586 3708 1885 3779 Apostolus
1917 3708 2134 3762 diabolo

551 3805 608 3858 in
661 3804 933 3860 interitum
967 3803 1150 3858 carnis
1198 3821 1212 3856 :
1260 3812 1314 3858 et
1356 3803 1580 3858 tradidit
1627 3803 1680 3856 in
1731 3804 1914 3856 carnis
1949 3802 2134 3856 interi-

551 3905 691 3961 tum,
734 3909 842 3947 non
883 3901 942 3949 ut
984 3893 1233 3964 perderet
1258 3893 1422 3965 400
1449 3894 1729 3959 traditum,
1759 3892 1852 3948 sed
1887 3903 1945 3946 ut
1975 3893 2135 3962 spiri-

550 3996 666 4044 tum
703 3985 885 4040 traditi
925 3995 1290 4041 conservaret.
1342 3985 1421 4039 Ex
1457 4001 1568 4055 quo
1622 3983 1902 4054 Scriptura
1933 3984 2008 4038 ait
2039 3985 2079 4014 “
2117 4002 2130 4036 :

556 4073 782 4129 Tradere
816 4077 1115 4130 istiusmodi
1153 4075 1370 4132 Satanae
1399 4078 1455 4130 in
1503 4076 1778 4129 interitum
1825 4077 2023 4140 carnis,
2075 4084 2132 4127 ut

549 4168 768 4236 spiritus
797 4167 974 4222 salvus
1003 4168 1098 4236 ﬁat
1138 4169 1194 4222 in
1225 4169 1307 4222 die
1333 4169 1529 4237 judicii
1566 4168 1780 4222 Domini
1808 4165 1958 4222 Jesu.
1999 4167 2135 4220 Tra-

549 4261 695 4311 ditur
727 4265 909 4310 autem
941 4258 1225 4311 tormentis
1258 4273 1530 4328 peccator,
1562 4267 1619 4312 ut
1650 4259 1879 4327 recipiat
1903 4258 1956 4311 in
1989 4272 2126 4325 pra:-

550 4348 690 4402 senti
734 4348 1018 4418 supplicia,
1069 4358 1122 4402 et
1163 4363 1263 4418 pro
1303 4351 1538 4416 peccatis
1578 4349 1693 4402 suis
1740 4347 2034 4410 cruciatus,
2063 4345 2116 4398 in

548 4437 734 4494 futuro
775 4435 1114 4505 refrigerium
1164 4447 1568 4504 consequatur,
1609 4445 1658 4490 et
1707 4437 1814 4489 dici
1860 4436 2032 4504 possit
2064 4435 2131 4488 de

2261 606 2423 659 firmi.
2467 603 2745 657 infirmum
2782 603 3012 657 efﬁcitur
3057 619 3313 670 regnum,
3355 605 3500 673 quod
3548 607 3614 660 de
3651 618 3839 664 sancta

2261 701 2397 744 terra
2459 692 2512 745 in
2565 690 2892 761 Babylonem
2964 693 3310 747 transfertur.
3380 692 3575 749 Nullus
3643 698 3842 767 quippe

2257 781 2412 838 fortis
2452 783 2502 836 in
2531 783 2822 853 Babylone,
2857 783 2907 837 id
2938 796 3021 837 est
3049 784 3098 836 in
3129 784 3449 840 confusione
3481 787 3681 843 mentis
3709 804 3840 845 suae.

2255 873 2491 928 Omnino
2515 891 2621 928 non
2667 884 2842 944 potest
2884 875 3068 930 extolli
3119 877 3282 930 homo
3312 878 3405 946 qui
3435 877 3701 935 confusus
3733 887 3840 947 est,

2256 976 2314 1020 ut
2352 969 2623 1024 custodiat
2657 977 3042 1024 testamentum
3075 987 3278 1036 meum,
3301 981 3360 1024 ut
3386 980 3586 1026 statuat
3612 973 3744 1028 illud
3785 984 3846 1030 et

2253 1057 2496 1112 discedat
2523 1059 2591 1113 ab
2622 1076 2708 1125 eo,
2741 1070 2801 1114 ut
2827 1061 3003 1115 mittat
3029 1061 3250 1115 nuntios
3277 1078 3408 1117 suos
3443 1063 3494 1115 in
3518 1063 3835 1134 Egj'ptum.

2252 1147 2358 1203 lste
2390 1150 2482 1218 qui
2514 1165 2544 1204 a
2569 1149 3074 1207 Nabuchodonosor
3107 1163 3326 1222 propter
3351 1165 3572 1223 peccata
3605 1172 3701 1210 sua
3725 1165 3843 1211 tor-

2252 1251 2437 1296 menta
2485 1244 2805 1312 perpetitur,
2847 1254 2901 1298 et
2945 1245 3112 1298 mittit
3152 1245 3374 1299 nuntios
3411 1261 3540 1300 suos
3577 1247 3631 1300 in
3668 1247 3838 1318 Aﬂgy-

2249 1343 2425 1402 ptum,
2460 1349 2570 1388 non
2611 1335 3159 1392 fereustraditionem
3201 1353 3306 1407 qua
3358 1339 3500 1392 hosti
3541 1355 3834 1396 concessus

2249 1434 2332 1480 est
2370 1442 2400 1480 a
2437 1425 2565 1491 Deo,
2596 1437 2656 1481 ut
2687 1429 2775 1482 det
2811 1429 2860 1482 ei
2899 1444 3072 1498 equos
3111 1439 3165 1484 et
3207 1431 3465 1500 populum
3497 1433 3752 1498 multum,
3781 1435 3836 1490 id

2248 1519 2426 1588 poscit
2472 1521 2616 1588 quod
2667 1522 2718 1574 in
2765 1520 2885 1574 loco
2937 1523 3271 1590 prohibitum
3317 1533 3401 1579 est
3453 1543 3467 1579 :
3523 1540 3634 1580 non
3688 1527 3833 1582 enim

2248 1610 2634 1679 multiplicabis
2667 1612 2762 1665 tibi
2801 1628 2971 1681 equos
3003 1614 3081 1677 ¹²,
3119 1615 3196 1668 ait
3233 1613 3533 1685 Scriptura.
3591 1615 3652 1671 Si
3696 1620 3833 1672 diri-

2246 1706 2414 1766 getur,
2445 1699 2492 1750 si
2521 1698 2815 1754 salvabitur
2842 1703 2931 1772 qui
2963 1703 3092 1772 facit
3120 1703 3361 1767 adversa,
3392 1714 3440 1759 et
3477 1709 3832 1775 prwvaricaus

2249 1794 2702 1846 testamentum“.
2736 1793 3060 1862 Oportucrat
3085 1813 3209 1851 eum
3254 1799 3346 1867 qui
3391 1799 3624 1855 traditus
3657 1800 3833 1858 fuerat

2249 1891 2632 1939 testamentum
2701 1884 3202 1942 Nabuchodonosor
3277 1890 3547 1945 sustinere
3621 1892 3831 1962 suppli-

2245 1975 2389 2030 cium
2431 1993 2444 2030 :
2486 1991 2674 2029 verum
2713 1993 2820 2030 non
2865 1980 3133 2043 sustinet,
3167 1989 3220 2034 et
3269 1980 3474 2038 idcirco
3523 1981 3723 2038 dicitur
3763 1985 3834 2040 de

2242 2080 2308 2120 eo
2339 2083 2351 2118 :
2389 2064 2510 2120 Non
2541 2065 2854 2120 salvabitur.

2313 2155 2367 2210 4.
2421 2154 2546 2209 Vivo
2575 2174 2702 2226 ego,
2736 2158 2866 2211 dicit
2910 2159 3119 2213 Adonai
3147 2159 3437 2226 Dominus,
3479 2163 3581 2216 nisi
3619 2163 3674 2216 in
3707 2163 3825 2218 loco

2243 2250 2376 2318 regis
2405 2249 2495 2318 qui
2535 2250 2809 2302 constituit
2849 2267 2966 2303 eum
2990 2290 3004 2314 ,
3035 2251 3125 2321 qui
3171 2253 3369 2321 spernit
3411 2254 3827 2309 maledictionem

2242 2356 2432 2405 meam,
2464 2350 2511 2393 et
2551 2350 2906 2410 transgressus
2929 2352 3004 2395 est
3034 2353 3401 2398 testamentum
3437 2363 3608 2399 meum
3635 2348 3696 2402 “.
3731 2346 3827 2402 Est

2240 2431 2464 2500 quidam
2516 2433 2609 2500 qui
2655 2432 2949 2487 inhonorat
2987 2434 3418 2490 maledictionem
3461 2435 3592 2502 Dei,
3643 2446 3698 2491 et
3741 2447 3828 2492 est

2242 2525 2380 2577 alius
2419 2524 2514 2592 qui
2562 2524 2807 2578 honorat'
2833 2539 2974 2578 eam.
3023 2523 3132 2580 Nec
3170 2525 3391 2580 dubium
3431 2534 3545 2592 est,
3587 2528 3718 2596 quin
3765 2527 3822 2580 in

2242 2613 2493 2681 praisenti
2525 2612 2591 2666 de
2623 2612 2728 2667 isto
2754 2623 3015 2682 queratur
3049 2611 3212 2679 Deus,
3247 2614 3340 2684 qui
3382 2614 3823 2669 maledictionem

2240 2716 2394 2756 suam
2427 2703 2852 2758 inhonoraverit.
2889 2704 3027 2760 Cum
3065 2706 3211 2760 enim
3239 2706 3360 2775 quis
3391 2706 3624 2761 traditus
3657 2705 3825 2760 fuerit

2239 2795 2522 2864 Suppliciis
2561 2805 2620 2849 ut
2666 2795 3000 2865 castigetur,
3060 2805 3116 2851 et
3151 2811 3258 2851 non
3309 2796 3632 2852 sustinuerit
3673 2797 3818 2866 quod

2239 2897 2568 2956 praeceptum
2617 2896 2731 2952 est,
2775 2888 3068 2942 inhonorat
3113 2886 3548 2942 maledictionem
3598 2885 3712 2942 Dei.
3767 2880 3823 2934 Si

2241 2993 2366 3032 vero
2399 2979 2718 3033 sustinuerit
2751 2994 2874 3032 cum
2904 2979 3051 3034 omni
3091 2980 3535 3044 mansuetudine,
3563 2989 3617 3034 et
3641 2979 3808 3034 bene-

2237 3069 2492 3132 dictione,
2522 3080 2574 3123 et
2606 3069 2900 3139 gratiarum
2931 3071 3145 3126 actione
3179 3071 3247 3126 ad
3276 3071 3470 3137 Deum,
3509 3072 3604 3125 iste
3640 3070 3812 3124 hono-

2239 3171 2320 3214 rat
2361 3161 2793 3216 maledictionem
2825 3162 2978 3231 ejus;
3013 3172 3067 3217 et
3105 3178 3228 3216 eum
3275 3162 3618 3216 lionoravcrit
3645 3161 3813 3216 male-

2237 3251 2554 3318 dictionem,
2586 3267 2808 3306 necesse
2834 3261 2917 3306 est
2940 3261 2998 3306 ut
3023 3252 3188 3306 etiam
3217 3253 3647 3308 benedictionem
3671 3251 3816 3305 illius

2236 3355 2618 3415 consequatur.
2647 3345 2714 3399 Et
2746 3355 3105 3416 transgressus
3129 3359 3202 3400 est
3227 3355 3595 3400 testamentum
3621 3361 3815 3410 meum,

2237 3455 2354 3491 cum
2386 3439 2499 3506 ipso
2547 3439 2602 3490 in
2635 3438 2804 3491 medio
2846 3437 3134 3507 Babylonis
3179 3439 3470 3503 morietur,
3517 3447 3566 3490 et
3607 3454 3710 3491 non
3761 3438 3816 3489 in

2235 3531 2426 3583 virtute
2461 3547 2684 3599 magna,
2729 3546 2890 3600 neque
2926 3531 2979 3583 in
3012 3530 3166 3584 turba
3201 3529 3372 3582 multa
3415 3529 3572 3598 faciet
3603 3527 3816 3582 Pharao

2235 3623 2429 3677 bellum
2460 3624 2522 3677 ιδ.
2555 3621 2672 3676 Non
2703 3633 2877 3692 potest
2907 3623 2956 3676 ei
2994 3623 3086 3692 qui
3119 3631 3493 3690 transgressus
3540 3619 3720 3683 fuerit,
3761 3629 3817 3674 et

2235 3715 2646 3770 inhonoraverit
2691 3714 3125 3769 maledictionem
3162 3713 3279 3780 Dei,
3321 3712 3535 3767 Pharao
3577 3713 3816 3767 tribuere

2235 3808 2522 3873 auxilium,
2567 3823 2753 3861 verum
2794 3807 2848 3860 in
2879 3806 3056 3861 medio
3094 3805 3386 3876 Babylonis
3423 3820 3516 3874 pro
3547 3821 3644 3860 sua
3672 3819 3814 3875 prae-

2233 3900 2570 3954 varicatione
2597 3897 2880 3952 morietur.

2305 3991 2357 4046 5.
2400 3989 2602 4044 Deinde
2623 3988 2889 4058 sequitur,
2921 3994 3175 4040 etnarrat
3201 3984 3329 4053 quid
3348 3993 3664 4054 peccatores
3692 4000 3814 4053 pas-

2235 4081 2348 4136 suri
2379 4089 2540 4146 sunt,
2570 4090 2623 4133 et
2649 4081 2769 4148 post
2803 4080 2917 4133 haec
2947 4078 3289 4146 prosperiora
3319 4092 3547 4145 quaeque
3573 4092 3813 4130 contine.

2233 4178 2452 4236 morat,
2503 4169 2691 4223 dicens
2727 4168 2770 4199 ¹⁶
2806 4189 2818 4223 ;
2849 4168 3117 4235 Accipiam
3159 4182 3276 4235 ergo
3326 4167 3390 4218 de
3424 4165 3600 4218 electis
3647 4165 3812 4230 cedri,

2232 4269 2282 4314 et
2321 4261 2384 4314 de
2412 4259 2599 4313 vertice
2628 4258 2800 4311 cordis
2850 4256 3108 4320 avellam,
3142 4266 3190 4308 et
3232 4255 3483 4324 plantabo
3535 4256 3708 4323 ipsum
3756 4256 3810 4308 in

2235 4363 2405 4406 monte
2437 4355 2659 4407 excelso.
2705 4349 2835 4404 Post
2885 4348 3291 4402 maledictiones
3328 4363 3466 4416 quas
3507 4363 3670 4415 supra
3702 4364 3808 4400 me-

2235 4445 2590 4505 moravimus,
2629 4441 2980 4511 repromissio
3013 4441 3364 4494 beatitudinis
3391 4450 3444 4494 et
3478 4439 3808 4495 dulcissima:

548 4545 634 4591 εον
671 4527 875 4598 reccllit
912 4527 1053 4580 mala
1102 4541 1200 4580 sua
1251 4527 1304 4579 ίη
1357 4527 1461 4579 "ila
1515 4544 1632 4581 sua-
1689 4527 1745 4581 Si
1793 4529 1916 4596 (illis
1943 4527 2126 4596 ίὲίιιινο
2160 4519 2205 4574 Ῐ)
2235 4537 2640 4606 pollicitationis
2672 4535 2726 4588 in
2757 4535 2860 4588 fine
2892 4533 3163 4588 sermonis
3194 4533 3493 4602 profertur;
3535 4535 3659 4602 quia
3692 4535 3805 4603 jam

548 4621 728 4690 pinnis
760 4617 1110 4674 excruciatus
1142 4616 1300 4686 juxta
1348 4617 1694 4670 maledictum
1744 4618 1796 4671 in
1833 4634 1942 4686 quo
1984 4617 2130 4672 Deus

553 4711 734 4778 posuit
783 4717 1137 4778 peccatores,
1202 4705 1452 4760 maluerit
1493 4705 1678 4776 fugere
1733 4706 2030 4775 supplicia,
2077 4717 2129 4761 et

554 4801 768 4854 mittere
804 4801 870 4854 ad
907 4798 1200 4870 Egyptum
1247 4812 1347 4868 pro
1381 4796 1596 4850 auxiliis
1636 4798 2018 4866 comparandis
2058 4798 2126 4851 ad

551 4889 891 4945 Pharaonem
935 4907 966 4945 a
1009 4906 1119 4960 quo
1165 4889 1415 4944 liberavit
1457 4889 1599 4944 Deus
1633 4890 1890 4959 populum
1932 4905 2124 4956 suum,

550 4998 661 5037 non
691 4981 972 5051 dirigetur,
1019 4999 1125 5036 non
1161 4982 1476 5038 salvabitur.
1529 4980 1586 5035 Si
1635 4983 1758 5050 quis
1798 4989 1977 5035 autem
2022 4998 2120 5050 pa-

549 5075 748 5129 tienter
789 5071 1224 5126 maledictionem
1264 5071 1605 5135 sustinuerit,
1639 5079 1694 5125 et
1727 5071 1989 5140 supplicia
2017 5071 2123 5126 Na-

547 5165 1006 5229 buchodonosor,
1055 5174 1108 5218 et
1157 5172 1366 5233 tempus
1411 5170 1755 5230 peccatorum
1803 5179 2026 5218 suorum
2069 5164 2121 5218 in

548 5261 792 5316 cruciatu
842 5257 1212 5328 compleverit,
1245 5257 1518 5325 quomodo
1562 5257 1650 5311 ille
1698 5259 1790 5326 qui
1825 5259 2121 5313 secundum

547 5352 821 5424 Epistolas
871 5349 1024 5405 Pauli
1067 5348 1411 5404 excruciatus
1461 5358 1576 5412 est,
1629 5358 1689 5403 ut
1734 5350 1957 5418 spiritus
2006 5351 2125 5420 ejus

549 5445 728 5499 salvus
758 5443 910 5497 fieret
940 5443 990 5495 in
1023 5441 1109 5494 die
1135 5439 1348 5508 judicii,
1385 5439 1486 5493 iste
1514 5439 1673 5494 finem
1705 5441 1969 5510 optimum
2001 5458 2124 5496 con-

543 5548 825 5607 sequetur.
877 5533 1089 5589 lnducit
1137 5547 1266 5602 ergo
1315 5547 1438 5587 eum
1481 5533 1531 5586 in
1577 5533 2032 5597 maledictionem,
2069 5543 2122 5588 et

623 5736 644 5765 ⁸
670 5741 863 5796 Ezech.
897 5757 1032 5803 xvii,
1064 5742 1150 5794 l3.
1227 5743 1246 5771 ε’
1274 5741 1376 5795 Joh
1408 5756 1524 5803 χχι,
1551 5744 1637 5795 10.

552 5823 686 5876 nn,
723 5811 809 5865 is.
912 5810 1254 5873 “ibid.,16.
1291 5812 1332 5842 ιε
1367 5811 1497 5864 ibid.
1539 5813 1620 5878 ιδ,
1655 5811 1737 5864 l7.

1719 5744 1759 5773 ¹⁰
1796 5741 1992 5795 Ezech.
2028 5755 2158 5801 xvn,
2206 5737 2289 5793 13.

1817 5812 1859 5844 ⁸⁸
1888 5811 2097 5866 Ezech:
2120 5826 2252 5876 xvii,
2276 5809 2364 5863 2'2.

2231 4627 2324 4694 qui
2355 4624 2635 4695 suppliciis
2674 4623 3008 4693 indigebant,
3039 4623 3255 4678 fuerant
3289 4638 3384 4692 pro
3416 4625 3652 4692 peccatis
3692 4623 3809 4677 suis

2231 4724 2505 4770 tormenta
2540 4715 2804 4784 perpessi.
2855 4713 3004 4768 Intra
3058 4714 3436 4782 memetipsum
3468 4729 3594 4768 vero
3625 4715 3808 4768 consi-

2229 4806 2446 4869 derans,
2480 4813 2533 4860 et
2561 4804 2849 4875 diligenter
2878 4805 3035 4859 istius
3060 4805 3162 4858 loci
3195 4820 3414 4859 sensum
3444 4814 3804 4874 pertractans,

2230 4895 2467 4950 arbitror
2496 4896 2563 4950 de
2592 4895 2855 4965 apostolis
2908 4896 3239 4964 prophetari.
3297 4895 3388 4950 lsti
3438 4896 3638 4966 quippe
3681 4905 3806 4950 sunt

2225 4984 2292 5039 de
2334 4984 2518 5039 electis
2557 4985 2726 5050 cedri,
2771 4985 2838 5039 de
2887 4986 3234 5048 summitate,
3279 4986 3347 5040 de
3391 4985 3623 5049 vertice,
3667 5002 3804 5056 quos

2225 5075 2374 5129 dedit
2403 5075 2544 5130 Deus
2572 5075 2627 5129 in
2655 5076 2892 5130 virorem
2933 5078 3140 5142 saaeuli,
3175 5079 3369 5132 radens
3395 5080 3556 5133 corda
3591 5094 3801 5140 eorum,

2226 5177 2279 5221 et
2312 5167 2561 5235 plantans
2600 5181 2695 5220 eos
2739 5167 2790 5220 iu
2842 5177 3024 5221 monte
3062 5169 3276 5224 excelso
3303 5169 3430 5223 Jesu
3459 5169 3676 5224 Christo
3707 5168 3804 5221 Do-

2227 5261 2377 5313 mino
2420 5273 2627 5312 nosuo.
2677 5257 2746 5311 Et
2794 5260 3107 5327 suspendam
3161 5262 3334 5328 ipsum
3377 5262 3430 5313 in
3475 5272 3646 5315 monte
3696 5260 3802 5312 atto

2232 5348 2424 5414 Israel,
2459 5360 2508 5402 et
2537 5351 2808 5425 plantabo,
2850 5361 2898 5404 et
2931 5351 3181 5418 producet
3221 5353 3595 5422 propaginem,
3632 5362 3681 5404 et
3718 5352 3802 5421 fa-

2229 5443 2325 5493 ciet
2370 5441 2600 5510 fructum
2633 5443 2696 5494 ”.
2753 5441 3019 5496 Fecerunt
3061 5444 3146 5496 isti
3200 5445 3558 5511 prOpagines,
3607 5445 3797 5496 attule-

2230 5543 2353 5585 runt
2385 5531 2612 5589 fructus.
2662 5531 2728 5584 Et
2775 5535 2873 5585 erit
2907 5536 2960 5585 in
3002 5535 3214 5586 cedrum
3243 5549 3485 5603 magnam
3520 5536 3580 5588 ³⁸.
3615 5534 3801 5590 Consi-

2389 5738 2485 5840 ηιξ
2833 5809 2873 5839 η
2899 5739 3133 5862 ξῒζ-ιιῗωι.
3173 5755 3306 5805 xvii,
3345 5741 3429 5794 16.

2520 5824 2534 5860 ι
2579 5827 2589 5862 ι
2636 5849 2675 5864 ..
2778 5849 2790 5862 .
2899 5826 2913 5863 ι
2956 5825 2970 5862 ι
3015 5848 3028 5864 ο

2520 5824 2675 5876 ιυια.,
2701 5824 2790 5862 ao.
2833 5824 2873 5839 ὀ
2899 5824 3028 5864 iniu.

3535 5742 3576 5771 ”
3602 5741 3792 5796 Ezech.
