4070 6296
332 364 429 418 ’ἶ57

1703 364 1991 421 HOMILIA
2029 361 2166 422 Xlll.

3480 361 3583 417 733

327 482 452 540 dera
482 478 901 547 magnitudinem
938 488 990 532 et
1033 480 1418 536 sublimitatem
1460 480 1712 536 Ecclesiae
1741 479 1899 536 Chri-
1931 484 1971 539 Α
2001 480 2146 531 omni
2169 478 2406 546 aperanti
2432 475 2643 542 bonum,
2690 474 2880 532 Iudico
2925 476 3152 545 primum
3188 485 3236 530 et
3274 473 3479 530 erca.
3517 476 3584 531 Et

326 572 415 638 sti,
467 579 523 624 ut
572 569 844 639 intelligas
883 568 1038 637 juxta
1078 571 1494 638 promissionem
1545 572 1633 625 Dei
1693 570 1895 625 factum

320 677 440 719 esse
464 661 606 731 quod
638 661 837 715 dicitur
869 661 910 693 ¹⁹
945 678 958 714 :
995 660 1061 714 Et
1099 663 1198 715 erit
1230 663 1281 714 in
1307 663 1521 718 cedrum
1549 680 1815 733 magnam,
1847 672 1896 717 et

319 755 593 825 requiescet
630 769 786 822 super
820 770 879 806 eo
921 753 1093 807 omnis
1123 754 1268 821 aris,
1306 764 1356 808 et
1387 771 1536 809 omne
1564 755 1769 810 volatile
1799 756 1895 810 sub

320 840 499 895 umbra
526 841 643 908 ejus
680 841 979 910 requiescet.
1008 842 1242 896 Assume
1266 842 1361 897 tibi
1392 859 1598 912 pennas
1628 845 1897 899 sermonis

321 931 428 999 Dei,
455 942 507 987 et
538 933 745 1001 poteris
776 948 1066 1002 repansare
1100 934 1203 989 sub
1232 934 1334 989 hac
1358 936 1552 990 arbore
1590 951 1712 1006 quae
1743 936 1896 1005 plan—

316 1033 419 1079 tata
454 1033 541 1079 est
574 1023 631 1078 in
671 1034 855 1078 monte
884 1022 1124 1081 excelso.
1155 1023 1224 1077 Et
1258 1027 1569 1095 requiescet,
1619 1036 1669 1079 et
1710 1042 1897 1096 propa-

310 1116 451 1186 gines
492 1116 609 1185 ejus
653 1117 995 1171 restituentur
1041 1118 1107 1191 ’9.
1156 1116 1291 1173 Vide
1329 1119 1606 1188 quomodo
1652 1120 1706 1173 in
1752 1120 1893 1176 bona

312 1217 459 1277 parte
490 1209 776 1278 prophetia
814 1210 1053 1264 liniatur.
1102 1207 1362 1279 Sequitur
1393 1213 1534 1265 enim
1568 1214 1610 1245 ¹¹
1645 1230 1657 1266 :
1688 1210 1757 1265 Et
1806 1230 1894 1267 co-

307 1303 551 1363 gnasceut
582 1296 755 1348 omnia
789 1295 935 1366 ligna
960 1297 1164 1365 campi,
1200 1297 1340 1367 quod
1371 1315 1463 1369 ego
1510 1299 1762 1357 Dominus
1804 1304 1893 1373 qui

305 1384 526 1440 humilia
578 1385 783 1456 lignum
826 1389 1017 1443 altum.
1066 1388 1295 1458 Lignum
1339 1390 1507 1444 altum
1542 1394 1771 1463 populus
1796 1394 1894 1450 Ju-

303 1475 541 1532 daaorum
571 1488 678 1543 est,
704 1480 799 1549 qui
822 1496 970 1535 nunc
991 1480 1311 1537 humiliatus
1337 1484 1558 1541 sceleris
1589 1485 1674 1539 sui
1701 1501 1891 1556 poenas

302 1569 421 1635 luit,
450 1572 588 1641 quia
620 1572 673 1626 in
701 1573 869 1629 Deum
899 1585 1147 1629 nostrum
1182 1574 1368 1631 Jcsum
1392 1577 1669 1633 Christum
1698 1596 1891 1636 manus

298 1675 468 1715 ausus
494 1671 584 1716 est
615 1662 847 1718 mittere.
888 1662 959 1716 Et
998 1664 1195 1719 extollo
1228 1665 1431 1737 lignum
1475 1668 1673 1723 humile
1707 1671 1775 1723 “.
1808 1671 1887 1725 Tu

299 1768 423 1807 eras
489 1754 702 1824 lignum
754 1755 997 1820 humile,
1054 1755 1259 1826 lignum
1318 1757 1629 1828 dejectum,
1681 1760 1886 1831 lignum

2004 569 2263 638 adjuvare
2298 569 2597 639 principem
2637 567 3028 632 lsraelitarum,
3083 567 3380 638 principem
3431 569 3581 638 regni

2006 661 2345 727 Graecorum,
2384 659 2615 717 fortasse
2657 661 2771 730 jam
2818 659 3017 715 factum
3072 668 3175 714 est.
3232 661 3289 712 in
3345 660 3579 714 adventu

2002 755 2204 824 quippe
2255 753 2470 808 Domini
2523 754 2629 807 mei
2676 752 2804 809 .lesu
2856 752 3079 813 Christi,
3130 751 3381 822 princeps
3417 751 3581 808 Israel

2004 848 2212 916 adjuvit
2245 848 2548 917 principem
2584 846 2734 914 regni
2764 846 3100 910 Graecorum,
3136 853 3194 898 ut
3226 853 3411 914 gentes
3444 859 3578 899 con-

2003 928 2365 1008 sequerentur
2411 938 2664 1005 salutem,
2709 947 2762 993 et
2795 938 2872 992 illi
2905 938 3178 993 credendo
3213 938 3574 994 salvarentur.

2001 1030 2178 1100 Atque
2218 1031 2293 1085 ita
2332 1031 2389 1086 in
2420 1031 2567 1087 hunc
2600 1033 2822 1087 modum
2857 1032 3056 1086 dicitur
3082 1031 3301 1100 quidam
3328 1030 3578 1100 princeps

2000 1125 2152 1196 regni
2184 1124 2498 1192 Persarum,
2559 1126 2701 1181 sicut
2745 1125 2925 1179 dictus
2951 1131 3035 1178 est
3068 1122 3292 1177 Michael
3327 1121 3579 1191 princeps

2002 1216 2391 1284 Israelitarum,
2417 1225 2472 1272 ct
2497 1218 2637 1273 alius
2663 1217 2998 1274 Graecorum.
3031 1213 3147 1269 Non
3187 1222 3316 1269 sunt
3353 1228 3482 1283 ergo
3521 1212 3575 1267 hi

2002 1309 2274 1374 homines,
2318 1324 2418 1364 nec
2460 1309 2759 1364 secundum
2800 1310 3041 1363 locorum
3076 1306 3338 1361 vocabula
3372 1306 3423 1358 in
3452 1306 3575 1375 qui.

1998 1398 2102 1454 bus
2127 1399 2396 1465 imperant
2429 1401 2806 1454 nominantur.
2846 1397 2999 1454 Unde
3022 1406 3075 1453 et
3102 1397 3397 1467 Apostolus
3418 1399 3575 1466 quasi

1996 1505 2107 1544 non
2155 1490 2223 1544 de
2272 1491 2589 1545 hominibus
2630 1491 2941 1560 disputans,
2993 1491 3066 1544 ait
3093 1489 3139 1520 ⁸⁸
3187 1507 3201 1543 :
3246 1488 3573 1558 Sapientiam

1995 1581 2136 1633 enim
2169 1580 2434 1651 loquimur
2458 1582 2595 1637 inter
2620 1581 2902 1651 perfectos,
2927 1581 3246 1649 sapientiam
3272 1590 3446 1633 autem
3469 1595 3575 1633 non

1995 1674 2152 1743 hujus
2186 1674 2390 1739 sa‘culi,
2428 1691 2589 1746 neque
2625 1676 2924 1744 principum
2959 1673 3142 1727 saeculi
3174 1673 3331 1726 istius
3363 1673 3452 1742 qui
3485 1671 3575 1726 de-

1996 1778 2297 1832 struantur,
2325 1768 2415 1821 sed
2450 1767 2715 1837 loquimur
2750 1767 2847 1820 Dei
2888 1766 3203 1835 sapientiam
3235 1766 3289 1818 in
3324 1766 3573 1832 mysterio

300 1851 457 1897 ωτι·ίὲ
495 1846 741 1909 διωθηεῖ
786 1861 977 1899 verum
1009 1846 1323 1902 sublimaVit
1368 1856 1421 1902 te
1456 1848 1620 1904 Deus.
1673 1849 1742 1904 Et
1779 1868 1892 1905 ανε-
1924 1844 1963 1898 Β
1995 1856 2329 1922 absconsum,
2364 1873 2521 1926 quam
2550 1856 2948 1925 praedestinavit
2983 1856 3121 1909 Deus
3150 1863 3273 1907 ante
3296 1851 3495 1906 sarcula
3519 1854 3574 1905 in

298 1936 438 2005 facio
466 1937 675 2007 lignum
704 1937 867 1992 viride
897 1938 962 1992 ’³.
999 1937 1228 2009 Lignum
1260 1939 1429 1995 viride
1452 1940 1889 1998 circumcisionis

298 2038 381 2084 est
416 2030 672 2099 populus,
712 2031 805 2099 qui
841 2031 1116 2099 quondam
1152 2031 1427 2101 pullulans
1455 2043 1509 2087 et
1531 2032 1733 2087 ﬂorens
1762 2033 1887 2100 fuit,

300 2136 488 2175 rerum
538 2122 704 2176 nimia
742 2138 887 2176 nunc
914 2123 1159 2177 siccitate
1196 2125 1513 2190 contabuit;
1560 2125 1648 2178 ubi
1691 2126 1890 2194 quippe

296 2226 445 2266 nunc
484 2211 698 2267 vividus
739 2227 921 2267 sermo
964 2212 1108 2282 apud
1148 2215 1282 2269 eos?
1312 2213 1414 2268 Ubi
1452 2215 1711 2269 virtutum
1752 2216 1889 2271 cho-

297 2306 426 2360 rus?
465 2305 533 2358 Et
560 2307 867 2359 revirescere
890 2306 1033 2375 facio
1056 2306 1259 2376 lignum
1289 2307 1501 2360 aridum
1530 2307 1595 2361 ’³.
1622 2308 1702 2362 Tu
1736 2307 1884 2364 fuisti

293 2395 508 2466 lignum
536 2397 749 2451 aridum
770 2438 786 2462 ,
833 2408 889 2452 et
936 2398 1063 2452 fecit
1092 2408 1143 2452 te
1178 2399 1508 2453 revirescere
1543 2399 1743 2453 Christi
1791 2400 1889 2454 ad-

294 2497 517 2544 ventus.
551 2488 663 2559 Ego
689 2489 942 2544 Dominus
967 2488 1172 2543 locutus
1202 2506 1323 2544 sum
1349 2499 1399 2544 et
1422 2490 1623 2559 faciam
1650 2492 1718 2545 ’⁸.
1756 2491 1888 2557 Qui-

292 2579 399 2634 bus
423 2579 587 2636 dictis
618 2590 678 2635 ut
697 2589 753 2637 et
782 2597 882 2637 nos
909 2582 1326 2649 rcvirescamus,
1365 2590 1425 2643 ut
1468 2581 1679 2638 fructus
1710 2584 1889 2638 valea-

292 2686 423 2725 mus
453 2671 675 2736 aﬂerre,
720 2682 779 2728 ut
823 2673 1135 2742 germinans
1182 2673 1390 2741 lignum
1435 2683 1491 2728 et
1527 2689 1636 2729 non
1681 2676 1884 2732 siccum

291 2758 622 2828 efﬁciamur,
656 2772 715 2817 ut
738 2780 1018 2833 nunquam
1050 2766 1117 2819 ad
1156 2765 1370 2820 radices
1407 2775 1625 2820 nostras
1655 2776 1889 2835 ponatur

293 2849 512 2907 securis
549 2866 672 2921 qua:
706 2853 757 2906 in
789 2852 1084 2924 Evangelia
1119 2855 1463 2925 praedicatur,
1495 2860 1757 2913 attentius
1796 2856 1886 2913 Je-

291 2954 422 2995 sum
464 2939 744 2999 Christum
786 2943 1077 3000 Dominum
1120 2955 1369 3001 nostrum
1416 2962 1540 3002 cum
1573 2946 1732 3003 Patre
1781 2964 1886 3005 suo

294 3048 627 3105 precemur:
660 3034 747 3089 cui
799 3046 882 3091 est
933 3037 1103 3107 gloria
1155 3047 1210 3094 et
1259 3038 1547 3109 imperium
1587 3038 1643 3093 in
1683 3040 1882 3095 saecula

290 3123 640 3180 saeculorum.
679 3124 875 3182 Amen.

751 3236 910 3309 401
953 3236 1241 3293 HOMILIA
1273 3237 1406 3301 XIII.

294 3324 374 3381 De
398 3341 459 3380 ea
485 3327 625 3396 quod
655 3329 856 3402 dicitur
880 3329 929 3402 'f
958 3348 969 3383 :
1003 3349 1021 3381 ε
1058 3328 1169 3384 Fili
1191 3331 1441 3395 hominis,
1468 3332 1581 3387 leva
1606 3333 1879 3402 planctum

358 3410 522 3472 super
570 3414 739 3466 regem
794 3398 943 3469 Tyri,
992 3410 1042 3453 et
1082 3417 1216 3470 pane
1260 3402 1455 3472 faciem
1496 3398 1644 3458 tuam
1693 3415 1882 3462 contra

357 3464 646 3521 Sidonem'.
685 3488 705 3520 ι

353 3578 422 3637 1-
464 3579 783 3650 Praecipitur
816 3581 976 3638 nobis
1019 3583 1088 3639 ab
1129 3584 1402 3656 episcopis
1443 3587 1720 3644 discutere
1758 3603 1879 3645 ser-

280 3684 517 3726 monem
564 3673 830 3743 principis
883 3672 1036 3745 Tyri,
1088 3685 1147 3730 ut
1195 3676 1383 3733 laudes
1421 3678 1543 3745 ejus
1579 3679 1880 3750 culpasque

287 3765 585 3818 dicamus:
608 3778 820 3818 necnon
866 3762 1083 3835 jussum
1110 3772 1214 3831 est,
1245 3774 1305 3823 ut
1335 3765 1401 3823 de
1440 3766 1726 3823 Pharaone
1756 3785 1882 3839 rege

287 3848 523 3927 Egypti
552 3856 735 3926 aliqua
777 3866 1156 3925 retractemus.
1200 3857 1482 3929 Plangitur
1515 3859 1699 3929 itaque
1730 3861 1880 3930 prino

286 3961 428 4017 ceps
459 3944 610 4016 Tyri,
665 3963 768 4002 nec
797 3947 1100 4016 putandum
1132 3956 1212 4002 est
1250 3949 1396 4003 hunc
1431 3949 1707 4004 hominem
1735 3967 1877 4006 esse.

286 4036 344 4094 in
368 4039 561 4094 medio
585 4040 786 4109 quippe
806 4039 1089 4094 cherubim
1114 4039 1296 4094 nullus
1325 4038 1604 4094 hominum
1626 4049 1712 4096 est
1734 4057 1882 4097 crea-

288 4143 407 4196 tus,
452 4140 509 4187 et
548 4132 603 4185 in
648 4132 903 4202 paradiso
934 4130 1052 4197 Dei,
1084 4132 1130 4187 si
1165 4132 1488 4201 simpliciter
1521 4133 1762 4187 litteram
1794 4149 1880 4188 se-

287 4225 541 4296 quimur,
583 4224 865 4279 hominum
896 4224 1079 4279 nullus
1110 4233 1196 4280 est
1224 4223 1516 4279 enutritus.
1564 4223 1628 4278 Et
1661 4240 1785 4279 cum
1824 4225 1878 4280 in

289 4313 556 4385 paradiso
593 4313 937 4379 deliciarum,
977 4313 1140 4368 sicuti
1181 4313 1444 4378 diximus,
1488 4328 1648 4367 nemo
1693 4312 1877 4380 fuerit,

295 4421 451 4463 nunc
478 4406 682 4461 dicitur
714 4406 970 4476 princeps
1010 4403 1138 4477 Tyri
1170 4406 1223 4459 in
1254 4404 1508 4475 paradiso
1549 4405 1876 4459 deliciarum

1991 1945 2217 2015 gloriam
2267 1953 2525 2008 nostram,
2591 1960 2750 2013 quant
2807 1942 2985 1995 nullus
3042 1941 3339 2011 principum
3389 1936 3572 1992 sa'culi

1990 2039 2144 2091 istius
2176 2037 2438 2106 cognovit.
2474 2034 2533 2089 Si
2571 2035 2709 2088 enim
2745 2035 3125 2104 cognovissent,
3162 2047 3427 2102 nunquam
3460 2029 3574 2084 Da»

1990 2130 2188 2182 minum
2220 2128 2406 2197 glariw
2444 2126 2853 2196 cruciﬁxissent.
2900 2125 2966 2180 Et
3012 2122 3156 2195 quod
3193 2125 3353 2179 istius
3387 2122 3570 2178 saaculi

1990 2219 2265 2290 principes
2320 2219 2714 2274 cruciﬁxerunt
2765 2219 3101 2272 Salvatorem
3153 2227 3207 2272 et
3255 2215 3567 2277 Dominum.

1992 2313 2275 2384 prophetia
2304 2313 2459 2367 testis
2480 2320 2584 2379 est,
2614 2310 2861 2365 dicens"
2879 2328 2892 2364 :
2910 2309 3206 2363 Astiterunt
3230 2324 3369 2376 reges
3394 2316 3567 2369 terra.

1988 2418 2040 2459 et
2067 2404 2328 2474 principes
2353 2410 2698 2457 convenerunt
2714 2402 2767 2455 in
2778 2418 2938 2455 unum
2953 2400 3202 2454 adrersus
3221 2398 3501 2452 Dominum
3519 2409 3567 2449 et

1989 2496 2243 2550 adversus
2273 2492 2545 2547 Christum
2561 2496 2696 2560 ejus.
2720 2490 2873 2546 Unde
2889 2489 3083 2545 etalibi
3101 2489 3153 2543 in
3174 2486 3405 2542 Psalmis
3436 2486 3569 2541 scri-

1990 2586 2139 2639 bitur
2166 2586 2209 2617 ³⁰
2229 2602 2242 2639 :
2261 2582 2370 2653 Ego
2384 2582 2533 2636 dixi:
2553 2581 2645 2635 Dii
2657 2583 2804 2646 estis,
2818 2591 2866 2635 et
2880 2582 2980 2650 ﬁlii
2999 2579 3211 2634 Excelsi
3234 2595 3446 2642 omnes;
3482 2596 3568 2634 vos

1992 2683 2170 2727 autem
2186 2683 2242 2728 ut
2262 2675 2496 2728 homines
2516 2672 2834 2737 moriemini,
2849 2680 2897 2724 et
2916 2680 3164 2740 tanquant
3182 2684 3315 2722 unus
3340 2668 3402 2723 de
3422 2669 3571 2737 prin-

1994 2766 2202 2834 cipibus
2228 2766 2450 2820 cadetis.
2475 2764 2539 2819 Et
2560 2772 2644 2819 est
2662 2765 2732 2817 ibi
2750 2778 2930 2819 sermo
2941 2763 3008 2817 de
3030 2761 3178 2815 nullo
3192 2760 3405 2830 penitus
3426 2758 3570 2828 prin-

1987 2857 2109 2926 cipe
2158 2856 2453 2926 corporali.
2498 2853 2554 2908 Si
2604 2855 2772 2924 igitur
2816 2862 2899 2908 est
2941 2852 3162 2922 quidam
3203 2850 3453 2919 princeps
3480 2865 3568 2904 re-

1985 2949 2080 3018 gni
2107 2947 2423 3015 Persarum,
2449 2948 2493 3002 si
2525 2956 2610 3001 est
2634 2944 2886 3015 princeps
2915 2941 3281 2997 Israelitarum
3316 2939 3565 3002 Michael,

1984 3048 2385 3107 consequenter
2415 3047 2471 3095 et
2501 3036 2629 3108 Tyri
2668 3036 2920 3107 princeps
2955 3044 3038 3089 est
3070 3052 3083 3089 :
3111 3042 3166 3088 et
3205 3033 3272 3087 de
3306 3032 3391 3085 his
3421 3047 3565 3086 nunc

1908 3174 1951 3232 ο
1989 3131 2327 3201 principibus
2369 3128 2718 3199 propheticus
2764 3143 2945 3183 sermo
2991 3125 3254 3195 loquitur.
3293 3123 3561 3190 Quoniam

1985 3232 2166 3277 autem
2191 3231 2245 3276 et
2265 3221 2331 3277 de
2360 3219 2544 3292 Moyse.
2569 3218 2941 3272 testimonium
2976 3216 3199 3285 polliciti
3234 3230 3442 3277 sumus,
3467 3228 3566 3268 au-

1983 3313 2158 3370 sculta
2205 3310 2353 3381 quod
2393 3310 2747 3381 sequitur”:
2791 3307 3014 3372 Quando
3046 3305 3311 3360 diuidebat
3349 3304 3566 3358 Altissi-

1984 3419 2099 3456 mus
2130 3412 2328 3473 gentes,
2380 3418 2498 3456 eum
2539 3400 2899 3455 disseminavit
2949 3397 3091 3466 ﬁlias
3134 3398 3327 3459 Adam,
3374 3397 3563 3450 statuit

1983 3493 2113 3562 ﬁnes
2155 3492 2386 3562 gentium
2437 3490 2724 3553 secundum
2757 3502 3033 3541 numerum
3080 3483 3385 3554 angelorum
3432 3482 3554 3546 Dei,

1983 3584 2121 3647 sive,
2155 3593 2213 3637 ut
2245 3582 2440 3636 melius
2476 3581 2657 3645 habet,
2691 3578 2978 3633 secundum
3020 3591 3295 3629 numerum
3327 3574 3563 3644 ﬁliarum

1984 3672 2180 3737 Israel,
2220 3683 2268 3727 et
2301 3674 2445 3741 facta
2471 3682 2547 3726 est
2577 3688 2702 3740 pars
2736 3669 2947 3723 Domini
2972 3668 3195 3737 populus
3224 3665 3339 3733 ejus
3370 3663 3560 3723 Jacab.

1984 3767 2087 3822 Alii
2122 3765 2349 3835 principi
2374 3764 2516 3819 facta
2549 3772 2634 3819 est
2662 3778 2789 3832 pars
2817 3761 3015 3831 Tyrus,
3039 3759 3131 3813 alii
3159 3756 3415 3828 Babylon,
3440 3758 3561 3812 aliis

1984 3862 2103 3915 aliae
2136 3860 2420 3913 nationes:
2454 3865 2615 3926 atque
2648 3856 2722 3909 ita
2758 3854 2810 3907 in
2856 3855 3001 3906 hunc
3033 3851 3253 3903 modum
3290 3849 3561 3921 principes

1982 3949 2344 4018 possederunt
2380 3960 2571 3999 omnes
2611 3945 2748 3996 lines
2790 3941 3055 4011 gentium.
3101 3937 3159 3991 Si
3212 3939 3337 4008 quis
3378 3949 3556 3993 autem

1981 4048 2137 4110 putat
2176 4039 2359 4106 legens
2403 4036 2456 4088 in
2505 4033 2804 4102 Scripturis
2835 4030 2992 4097 quasi
3030 4030 3097 4083 de
3133 4029 3443 4083 hominibus
3474 4030 3558 4083 di-

1981 4144 2152 4191 ctum,
2186 4127 2451 4195 intelligat
2483 4126 2649 4179 altius
2688 4121 2975 4194 spiritalis,
3012 4131 3065 4177 et
3099 4138 3129 4176 a
3162 4123 3310 4177 nullo
3341 4123 3559 4192 judica-

1980 4234 2089 4278 tus.
2122 4219 2525 4289 Dignoscuntur
2559 4214 2705 4268 enim
2740 4212 2987 4283 quaedam
3022 4213 3088 4268 dc
3120 4211 3558 4268 Nabuchodonoo

1981 4328 2073 4368 sor
2100 4326 2224 4380 rege
2249 4306 2617 4380 Assyriorum,
2649 4319 2772 4373 qua:
2808 4318 2917 4357 non
2952 4306 3285 4357 conveniunt
3312 4318 3558 4374 persanaa

1979 4403 2119 4473 ejus.
2171 4399 2316 4455 Dixit
2359 4398 2505 4452 enim
2529 4398 2572 4429 ³³
2606 4414 2620 4450 ;
2656 4394 2723 4450 In
2755 4393 3069 4466 fortitudine
3102 4394 3321 4463 faciam,
3369 4404 3417 4447 et
3461 4411 3554 4449 sa-

289 4509 461 4556 natus
490 4510 656 4569 atque
683 4499 978 4555 enutritus.
1014 4497 1148 4566 Quis
1179 4506 1262 4554 est
1290 4498 1391 4553 iste
1418 4498 1670 4568 princeps
1713 4496 1876 4568 Tyri?
1906 4508 1951 4563 ι)
1978 4494 2179 4565 pientia
2210 4490 2506 4546 intellectus
2537 4489 2778 4559 auferam
2807 4488 2937 4558 ﬁnes
2971 4488 3223 4559 gentium,
3249 4496 3296 4540 et
3321 4501 3553 4539 camma-

291 4590 599 4646 Veniamus
621 4590 688 4643 ad
723 4589 1019 4656 Danielem,
1050 4600 1103 4645 et
1125 4588 1473 4645 occasionem
1503 4589 1875 4660 intelligentia

292 4680 652 4751 reperientes,
679 4679 925 4734 dicamus
957 4695 1065 4735 non
1108 4695 1229 4736 esse
1275 4681 1548 4751 principes
1578 4696 1873 4752 corporeos

291 4772 361 4825 de
388 4770 594 4840 quibus
629 4784 776 4824 nunc
819 4769 1103 4839 quaeritur.
1152 4770 1286 4826 Post
1318 4770 1594 4827 Danielem
1624 4771 1692 4828 ab
1720 4773 1872 4845 Apo-

294 4864 437 4919 stolo
461 4872 710 4933 petamus
743 4864 1070 4932 exemplum.
1104 4864 1305 4920 Deinde
1330 4882 1547 4921 rursum
1579 4866 1872 4936 propheta-

293 4972 416 5011 rum
465 4956 776 5012 testimonia
826 4970 1102 5012 vocemus.
1156 4956 1253 5013 His
1281 4959 1539 5013 omnibus
1585 4960 1748 5014 etiam
1785 4960 1876 5014 ille

294 5049 636 5118 copulandas
664 5060 745 5103 est
766 5047 943 5107 locus.
977 5048 1123 5118 quia
1154 5048 1337 5121 Moyse
1363 5050 1415 5103 in
1451 5048 1872 5105 Deuteronomio

297 5153 404 5193 non
441 5149 670 5193 tacetur.
715 5138 851 5209 Age,
886 5154 1031 5193 nunc
1078 5141 1403 5207 replicemus
1431 5143 1702 5211 exempla,
1736 5141 1873 5196 inci-

298 5231 508 5298 pientes
545 5247 575 5286 a
616 5229 858 5287 Daniele.
911 5230 1192 5301 Princeps,
1236 5233 1331 5295 ait,
1376 5234 1592 5288 videtur
1618 5232 1867 5288 Michael.

296 5320 484 5391 Ibique
517 5337 758 5384 rursum,
786 5327 1039 5392 princeps
1068 5321 1268 5388 Israel;
1308 5333 1359 5377 et
1400 5324 1454 5377 in
1489 5324 1868 5391 consequenti,

298 5410 527 5470 Michael
553 5414 847 5485 adjuvabat
869 5415 1167 5484 principem
1194 5414 1340 5484 regni
1370 5414 1728 5484 gentium.Ad
1757 5416 1871 5470 haec

300 5505 464 5561 addat
500 5506 795 5575 Apostolus
817 5508 860 5537 ’⁷
897 5528 909 5561 ι
948 5504 1131 5561 Gloria
1169 5515 1341 5561 autem
1381 5515 1430 5559 et
1464 5507 1634 5561 honor
1674 5515 1724 5559 et
1763 5520 1872 5576 paa:

310 5658 330 5670 ~
397 5640 439 5673 ⁸³
472 5637 668 5695 Ezech.
703 5656 835 5703 xvn,
865 5639 957 5693 23.
1063 5643 1107 5673 ’θ
1138 5641 1265 5695 ibid.

308 5709 391 5766 21.
447 5710 652 5764 “Rom
710 5709 889 5770 ".10.

306 5786 474 5843 "15a.
506 5795 563 5848 κ,
594 5779 680 5835 15.
758 5780 801 5811 ³⁸
828 5777 932 5836 lsa.
959 5796 1070 5847 xw,
1109 5782 1193 5837 H.
1272 5781 1315 5815 ”
1351 5781 1545 5836 Elech-
1577 5794 1729 5846 Σιιιι
1761 5779 1814 5835 5-

690 5868 835 5881 ηιξ,

1346 5640 1388 5673 ³⁸
1418 5640 1571 5698 iliid..
1608 5639 1697 5692 24.
1776 5641 1821 5671 ⁸⁸
1846 5638 1978 5693 ibid.

1001 5711 1046 5744 ⁸⁸
1074 5710 1241 5766 lCor.
1286 5727 1345 5777 Il,
1376 5711 1429 5775 6,
1463 5710 1516 5773 7,
1550 5710 1602 5763 8.
1646 5710 1689 5741 ’θ
1721 5708 1862 5764 Psal.
1908 5726 1971 5775 ιι,
2014 5711 2068 5765 2.

1980 4586 2102 4641 veba
2131 4584 2371 4639 civitates
2394 4580 2743 4645 inltabitatas,
2784 4589 2834 4633 et
2860 4579 3033 4634 orbem
3057 4589 3319 4634 terrarum
3350 4594 3554 4631 omnem

1980 4675 2436 4748 comprehendam;
2459 4672 2858 4729 et:ascendant
2901 4688 3056 4739 super
3091 4670 3273 4726 sidera
3317 4672 3453 4731 cazli,
3501 4681 3553 4724 et

1980 4770 2162 4834 nubes,
2210 4778 2261 4825 et
2296 4768 2527 4837 reliqua,
2571 4776 2622 4820 et
2664 4781 2753 4819 era
2800 4763 2992 4818 sinulis
3032 4763 3306 4818 Altissima
3329 4764 3393 4817 ³³.
3431 4763 3554 4820 lima

1980 4859 2501 4917 Nabuchodonosor.
2549 4854 2642 4912 Sic
2685 4867 2737 4911 et
2777 4856 3031 4926 princeps
3073 4854 3200 4927 Tyri
3238 4865 3293 4910 et
3318 4854 3549 4910 Pharao.

1977 4951 2164 5022 Neque
2198 4951 2343 5005 enim
2380 4949 2432 5003 in
2467 4957 2678 5003 tantum
2721 4947 2957 5017 agitatus
2998 4955 3080 5002 est
3124 4945 3281 5002 furiis
3309 4962 3468 5001 verus
3499 4955 3553 5000 ct

1976 5059 2273 5114 corporeus
2294 5041 2531 5106 Pharao,
2569 5049 2628 5093 ut
2662 5040 2865 5092 diceret
2899 5057 2911 5091 :
2948 5036 3064 5091 Mea
3089 5050 3206 5092 sunt
3232 5039 3477 5107 ﬂumina,
3501 5046 3552 5091 et

1976 5157 2068 5210 ego
2096 5138 2195 5208 feci
2226 5154 2308 5191 ea.
2344 5135 2459 5191 Hoc
2488 5147 2668 5189 autem
2693 5142 2818 5189 ante
2848 5135 3047 5189 lectum
3077 5144 3157 5190 est
3185 5136 3238 5189 in
3272 5133 3551 5204 prophetia

1977 5246 2099 5301 quae
2127 5241 2210 5284 est
2234 5229 2497 5283 adversus
2526 5225 2887 5303 Pharaonem.
2918 5227 3104 5296 Neque
3135 5241 3373 5295 unquam
3400 5224 3551 5295 priu-

1978 5327 2154 5392 cipem
2188 5320 2362 5386 illum,
2396 5318 2449 5373 id
2483 5326 2565 5373 est
2609 5333 2929 5389 corporeum
2976 5317 3315 5371 Pharaonem
3360 5316 3551 5367 draco-

1980 5429 2100 5468 nem
2131 5418 2522 5480 nuncupasset,
2550 5410 2737 5464 dicens
2752 5408 2795 5441 “
2821 5428 2828 5435 ’
2857 5407 2990 5462 Ecce
3015 5425 3107 5475 ego
3128 5423 3281 5476 super
3304 5405 3547 5458 Pharao-

1978 5521 2092 5559 nem
2115 5505 2399 5557 draconem
2423 5500 2516 5571 qui
2545 5499 2686 5554 sedet
2711 5500 2765 5552 in
2793 5499 2963 5553 media
2994 5500 3271 5567 ﬂuminum
3305 5494 3545 5566 zEgypti,

2053 5634 2099 5671 ³⁸
2128 5636 2260 5693 ibid.
2337 5638 2382 5668 ”
2410 5633 2542 5691 ibid.
2637 5634 2683 5666 ³⁵
2721 5634 2851 5689 ibid.
2931 5634 2975 5665 "
3008 5632 3198 5686 Enecb.
3233 5648 3421 5693 Πῖιιι,
3464 5631 3546 5696 Η,

2166 5708 2209 5741 ⁸ο
2264 5705 2408 5765 Psal.
2470 5720 2656 5771 ιιιιι,
2702 5707 2755 5768 6,
2809 5705 2858 5759 7.
2960 5704 2998 5736 ³¹
3035 5702 3191 5757 Deut.
3222 5702 3539 5769 sumius.
