4070 6296
492 412 596 468 750

1669 397 1992 457 ORlGENlS
2030 394 2098 451 1N
2138 389 2569 451 EZEGHIELEM

3657 363 3760 425 760

492 531 583 601 qui
612 529 742 584 dicit
770 543 788 581 :
830 524 950 579 Mea
990 529 1114 578 sunt
1152 519 1403 590 ﬂumina,
1436 526 1485 573 et
1508 534 1601 590 ego
1629 518 1730 587 feci
1760 534 1842 573 ea.
1874 514 2076 571 Verum
2108 519 2154 576 Α
2184 514 2240 568 in
2277 511 2637 584 perditionem
2669 515 2882 563 creatos
2921 502 3078 560 esse?
3120 498 3490 555 Criminantur
3535 491 3760 548 Creato-

493 625 601 678 hoc
627 621 681 675 in
709 620 830 674 loco
860 614 1081 686 preprio
1115 621 1449 675 reservetur,
1491 610 1637 682 quod
1684 624 1834 665 nunc
1868 607 2071 661 idcirco

492 710 894 781 assumpsimus
920 713 981 760 ut
1017 720 1111 776 per
1140 705 1421 759 notionem
1454 702 1861 772 Scripturarum
1897 697 2072 752 mani-

483 802 685 858 festius
712 799 863 853 fieret
878 795 934 851 id
956 794 1103 866 quod
1128 794 1416 849 videbatur
1442 794 1736 847 occultum.
1769 788 2071 843 Adversum

492 890 596 944 hos
619 886 893 957 principes
921 892 1005 939 est
1033 883 1192 938 nobis
1224 898 1424 954 pugna.
1458 880 1524 935 Et
1555 881 1699 936 beati
1727 875 2072 957 apostoliqui

493 954 649 1036 missi
685 977 904 1034 fuerant
929 977 997 1031 ad
1040 975 1467 1046 praedicandum,
1514 975 1735 1045 quando
1762 974 1831 1028 ab
1862 971 1948 1026 his
1970 954 2072 1039 qui

492 1073 630 1124 lines
685 1066 929 1138 gentium
987 1063 1342 1134 possederant
1401 1064 1653 1117 homines
1704 1061 2070 1123 abducebant,

494 1157 840 1229 patiebantur
871 1154 1120 1209 insidias.
1168 1153 1329 1207 Verbi
1381 1153 1555 1222 gratia
1602 1152 1809 1207 dictant
1855 1150 1963 1205 sit:
1991 1151 2076 1203 in-

492 1249 666 1320 gressi
697 1256 825 1303 sunt
852 1245 1083 1317 apostoli
1114 1244 1340 1315 Tyrum.
1362 1258 1680 1315 persecutus
1709 1252 1792 1298 est
1813 1256 1907 1296 eos
1929 1240 2077 1311 prin-

492 1357 621 1412 ceps
642 1339 807 1412 Tyri;
832 1336 1195 1393 ascenderunt
1212 1336 1585 1398 Antiochiam,
1614 1334 1954 1405 impugnavit
1982 1346 2076 1386 eos

492 1433 747 1505 princeps
769 1430 920 1501 regni
953 1428 1144 1501 Syrim,
1171 1429 1271 1483 iste
1292 1436 1409 1482 erat
1429 1428 1520 1496 qui
1546 1427 1783 1482 bellabat
1813 1425 2077 1479 adversus

493 1538 614 1588 eos,
643 1538 751 1578 non
782 1535 975 1578 omnes
1013 1520 1104 1589 qui
1140 1519 1492 1591 putabantur,
1524 1528 1582 1573 ut
1609 1517 1778 1574 ludas
1810 1518 2073 1587 proditor.

499 1615 789 1683 Quomodo
818 1613 964 1669 enim
1010 1613 1099 1667 ille
1140 1627 1248 1666 non
1283 1611 1657 1681 principaliter
1692 1609 1966 1679 putandus
1996 1617 2080 1664 est

498 1704 813 1777 prodidisse
839 1703 1202 1766 Salvatorem,
1227 1701 1308 1756 sic
1334 1703 1495 1756 etiam
1532 1700 1796 1770 apostolis
1819 1699 2077 1754 omnibus

497 1797 592 1867 qui
630 1796 1063 1867 persecutionem
1113 1795 1259 1865 passi
1305 1804 1452 1857 sunt,
1503 1793 1641 1847 alius
1687 1790 1789 1846 fuit
1828 1791 2078 1861 princeps

2176 620 2317 670 rem,
2367 612 2430 658 ut
2474 618 2533 658 se
2583 598 2907 656 criminibus
2934 594 3238 651 absolvant.
3274 590 3463 659 Accipe
3492 587 3758 640 lamenta-

2178 698 2372 751 tionem
2411 696 2573 751 istam
2610 708 2767 762 super
2809 705 2981 761 regem
3021 684 3331 756 Babylonis,
3361 691 3410 735 et
3436 680 3600 744 dices,
3631 693 3764 748 quo—

2175 789 2332 843 modo
2386 787 2607 841 cessavit
2646 786 2736 855 qui
2784 780 3086 853 repetebat?
3128 774 3387 848 quomodo
3433 772 3628 844 quievit
3671 770 3763 840 qui

2175 883 2415 953 exigebat
2439 881 2519 935 ἐἴ
2556 879 2613 932 In
2667 892 2847 947 regem
2902 871 3194 944 Babylonis
3240 869 3342 923 ista
3389 865 3647 920 dicuntur
3668 860 3760 916 ’ἐ

2178 975 2454 1041 Quomodo
2484 972 2673 1027 cecidit
2707 969 2923 1038 Lucifer
2950 967 3013 1020 de
3046 964 3204 1027 caelo,
3235 961 3325 1032 qui
3358 974 3514 1013 mane
3551 955 3764 1010 orieba-

2179 1077 2288 1130 tur,
2318 1068 2575 1121 contritus
2600 1074 2678 1118 est
2708 1065 2762 1117 in
2792 1059 3024 1115 terram?
3056 1056 3121 1110 Et
3152 1055 3240 1109 ille
3269 1053 3338 1107 de
3368 1051 3507 1107 cutio
3539 1048 3761 1113 cecidit,

2178 1169 2242 1214 et.
2262 1161 2364 1215 iste
2400 1157 2741 1230 signaculum
2776 1148 3171 1212 similitudinis,
3202 1159 3408 1201 corona
3435 1139 3762 1208 decoris,~in

2178 1253 2434 1325 paradiso
2470 1250 2789 1307 deliciarum
2822 1245 3080 1301 nutritus.
3125 1242 3261 1296 Ecce
3287 1251 3480 1294 omnes
3513 1237 3581 1291 de
3618 1236 3762 1291 ccelo

2181 1344 2466 1407 cecidisse,
2518 1356 2630 1396 non
2688 1336 3036 1394 descendisse
3099 1332 3440 1397 referuntur;
3496 1326 3765 1381 Dominus

2180 1450 2310 1490 vero
2341 1448 2496 1487 meus
2530 1433 2599 1487 de
2629 1430 2770 1486 caelo
2798 1425 3099 1491 descendit,
3133 1432 3189 1479 et
3214 1422 3309 1492 qui
3342 1417 3625 1475 descendit
3649 1417 3766 1486 ipse

2180 1533 2265 1580 est
2296 1524 2439 1579 ﬁlius
2466 1522 2727 1578 hominis.
2756 1520 2825 1574 At
2853 1533 2962 1573 non
3002 1517 3143 1572 sicut
3175 1513 3428 1569 Satanas.
3462 1509 3582 1565 Non
3616 1508 3764 1562 enim

2181 1617 2550 1673 descenditde
2584 1614 2743 1679 cado,
2783 1625 2960 1681 neque
2988 1611 3036 1663 ei
3072 1608 3204 1663 mali
3226 1606 3521 1677 quidquam
3553 1601 3766 1656 accide-

2180 1717 2284 1775 rat,
2317 1709 2362 1764 si
2394 1706 2785 1762 descendisset.
2833 1700 2973 1755 Audi
3013 1696 3202 1752 Jesum
3239 1695 3508 1775 dicentem
3537 1690 3583 1722 ἰο
3614 1707 3628 1744 :
3672 1687 3766 1742 γε.

2182 1801 2368 1857 debam
2393 1798 2653 1853 Satanam
2688 1794 2842 1865 quasi
2872 1789 3054 1862 fulgur
3080 1789 3145 1842 de
3174 1786 3302 1842 caelo
3329 1784 3623 1845 cadentem,
3656 1794 3765 1835 non

496 1888 916 1960 persecutionis.
964 1886 1239 1956 Scriptum
1278 1895 1363 1940 est
1399 1885 1598 1955 quippe
1629 1884 1696 1939 de
1724 1882 1972 1937 Juda":
2013 1881 2080 1935 Et

2193 1893 2628 1951 descendentem.
2677 1887 2880 1943 Verum
2928 1899 3037 1938 non
3074 1882 3224 1938 solus
3255 1879 3507 1934 Salvator
3549 1892 3579 1930 e
3627 1875 3768 1930 coelo

495 1991 616 2053 post
667 1981 955 2037 buccellam
997 1979 1235 2034 introivit
1270 1980 1327 2031 in
1365 1978 1521 2031 illum
1560 1976 1810 2032 Satanas.
1844 1974 1963 2029 Non
1999 1984 2084 2030 est

499 2074 645 2128 enim
677 2071 837 2127 nobis
866 2086 1045 2142 pugna
1080 2070 1343 2125 adversus
1369 2082 1591 2123 carnem
1644 2075 1698 2121 et
1739 2067 2082 2136 sanguinem,

497 2165 625 2221 licet
650 2164 936 2219 videantur
960 2178 1023 2218 ex
1056 2178 1223 2218 carne
1255 2171 1307 2218 et
1343 2161 1610 2233 sanguine
1644 2160 1739 2230 qui
1775 2175 1879 2214 nos
1903 2174 2086 2229 perse-

500 2264 768 2328 quuntur.
794 2253 914 2309 Non
945 2269 1039 2309 eos
1060 2254 1361 2321 oderimus,
1388 2253 1522 2324 quin
1553 2252 1736 2322 potius
1764 2250 2084 2321 diligamus,

501 2346 632 2402 licet
683 2343 892 2399 inimici
941 2343 1100 2399 nobis
1144 2343 1308 2398 vclint
1350 2357 1696 2414 permanere,
1727 2341 2089 2396 misereamur

501 2453 716 2505 eorum,
777 2435 1107 2492 daemonium
1168 2435 1391 2503 habent,
1458 2435 1745 2506 patiuntur
1790 2433 2084 2488 insaniam.

500 2527 621 2586 Non
650 2539 762 2585 tam
792 2529 1012 2611 bidsunt
1032 2527 1320 2583 adversum
1347 2543 1468 2591 nos,
1496 2527 1589 2597 qui
1610 2542 1711 2582 nos
1740 2540 2085 2596 persequun~

503 2635 616 2689 tur,
659 2634 824 2692 quam
871 2619 949 2675 illi
979 2619 1074 2691 qui
1103 2620 1268 2675 corda
1297 2634 1486 2675 eorum
1518 2617 1681 2691 402
1712 2618 2083 2687 repleverunt.

505 2714 707 2771 Verum
749 2713 966 2770 Domini
1000 2714 1357 2784 deprecemur
1390 2713 1678 2776 auxilium,
1738 2721 1795 2765 ut
1840 2709 2088 2764 infirmos

506 2809 744 2863 habeant
783 2813 1015 2862 conatus
1051 2806 1185 2860 tanti
1225 2805 1523 2861 adversarii
1562 2812 1752 2859 contra
1791 2802 2089 2856 humanam

508 2899 746 2955 animam
789 2897 1132 2963 dimicantes,
1169 2905 1224 2952 et
1251 2897 1500 2952 dicamus
1526 2897 1610 2949 “z
1655 2894 1779 2948 Nisi
1816 2894 1942 2964 quia
1981 2893 2091 2946 Do-

509 2990 682 3045 minus
711 3000 825 3044 erat
858 2992 914 3044 in
941 2991 1114 3055 nobis,
1157 2990 1212 3043 in
1249 3005 1308 3042 eo
1337 3004 1457 3041 cum
1494 2994 1831 3056 exsurgerent
1856 2984 2089 3038 homines

507 3083 562 3137 in
594 3098 709 3149 nos,
734 3082 967 3151 forsitan
993 3083 1128 3136 vivos
1152 3080 1494 3152 deglutisscnt
1523 3095 1635 3132 nos.
1667 3076 1837 3147 Igitur
1860 3087 1943 3132 est
1969 3075 2092 3146 qui-

509 3175 635 3230 dam
664 3173 918 3244 princeps
945 3172 1096 3244 Tyri,
1124 3182 1179 3228 et
1206 3171 1490 3243 prophetia
1522 3184 1630 3223 non
1666 3170 1733 3229 de
1764 3169 1952 3223 Hiram
1988 3186 2090 3227 nos

505 3267 685 3332 docet,
724 3265 826 3320 hoc
854 3265 1056 3335 quippe
1083 3278 1282 3318 nomen
1317 3264 1371 3318 in
1409 3264 1568 3318 tertio
1595 3263 1909 3335 Regnorum
1947 3264 2090 3319 libro

509 3356 774 3427 scriptum
804 3364 907 3421 est,
956 3370 1066 3410 non
1096 3354 1162 3409 de
1204 3355 1313 3409 alio
1354 3355 1598 3426 principe
1627 3354 1780 3427 Tyri,
1814 3370 1992 3426 neque
2024 3355 2093 3410 de

511 3461 789 3519 quoquam
814 3447 1052 3514 homine,
1080 3461 1189 3500 non
1214 3460 1317 3502 nos
1349 3447 1586 3501 humana
1623 3446 1823 3502 docent
1849 3446 2091 3515 eloquia,

513 3539 610 3594 sed
642 3537 850 3603 divina,
899 3545 954 3592 et
997 3539 1247 3607 quredam
1291 3537 1605 3605 ineffabilia,
1652 3546 1707 3592 et
1752 3546 1965 3592 sacrata
1991 3537 2094 3592 sub

512 3631 765 3704 personis
809 3630 1119 3685 hominum.
1150 3628 1369 3683 Pharao
1400 3630 1564 3683 homo
1607 3636 1690 3685 est
1719 3648 1732 3682 :
1759 3630 1904 3683 aliud
1932 3629 2093 3699 quid-

516 3722 643 3775 dam
676 3719 898 3776 crudior
923 3718 1222 3788 intelligere
1256 3717 1619 3773 Pharaonem.
1663 3717 1728 3772 Et
1755 3717 1923 3772 Nabal
1959 3719 2095 3773 Car-

513 3813 643 3869 meli
672 3815 837 3867 homo
857 3821 960 3875 est,
984 3820 1036 3865 et
1061 3809 1242 3864 Hiram
1266 3810 1452 3876 homo,
1478 3811 1569 3865 sed
1601 3810 1745 3864 aliud
1769 3810 1872 3865 sub
1899 3825 2094 3865 eorum

515 3906 715 3961 doceor
743 3903 934 3975 elligie.
967 3902 1103 3969 Quis
1140 3911 1223 3957 est
1255 3910 1439 3955 tantus
1467 3910 1520 3956 et
1548 3902 1673 3955 talis
1704 3902 1797 3969 qui
1826 3916 1856 3955 a
1896 3913 2090 3970 corpo-

519 3997 729 4054 ralibus
755 3997 1107 4059 conscendat,
1135 3993 1229 4064 qui
1256 4009 1285 4047 a
1310 3992 1618 4048 visibilibus
1643 3991 1937 4047 invisibilia
1964 4006 2098 4046 con-

521 4087 830 4157 templetur,
864 4096 918 4141 et
965 4086 1139 4156 possit
1176 4084 1612 4155 unumquodque
1652 4083 1845 4139 horum
1897 4098 2097 4139 secun~

521 4182 653 4236 dum
687 4177 782 4233 Dei
808 4178 1111 4249 intelligere
1140 4177 1512 4231 voluntatem?

592 4301 647 4356 2.
688 4298 824 4368 Quis
872 4307 1117 4367 estergo
1152 4295 1409 4365 princeps
1447 4294 1550 4350 iste
1585 4293 1884 4358 discamus,
1922 4303 1979 4348 ut
2007 4308 2101 4348 co-

524 4402 847 4467 gnoscentes
874 4388 1344 4454 lamentationem,
1374 4386 1538 4441 etiam
1577 4387 1722 4456 quod
1756 4402 1900 4441 nunc
1938 4400 2102 4454 super

522 4501 585 4541 ea
611 4485 832 4550 dicitur,
854 4481 1144 4536 evitemus.
1169 4478 1452 4548 Plangitur
1476 4478 1726 4546 princeps
1752 4476 1899 4548 Tyri.
1927 4475 2100 4543 Quam

2186 1986 2467 2044 descendit
2495 2002 2510 2038 :
2547 1980 2792 2052 quotidie
2832 1975 3123 2032 multitudo
3152 1972 3455 2038 descendit,
3490 1981 3543 2024 et
3570 1983 3767 2023 ascen-

2185 2079 2267 2135 dit
2311 2092 2476 2147 super
2520 2073 2716 2128 Filium
2760 2068 3023 2125 hominis.
3064 2064 3326 2120 Videbitis
3380 2063 3528 2118 enim
3580 2059 3767 2114 caelum

2189 2178 2451 2240 apertum,
2481 2177 2531 2221 et
2580 2164 2790 2235 angelos
2836 2161 2934 2215 Dei
2964 2157 3297 2213 ascendentes
3322 2163 3372 2208 et
3402 2152 3767 2207 descendentes

2186 2278 2342 2332 super
2371 2259 2570 2313 Filium
2594 2255 2819 2309 hominis
2846 2255 2914 2305 “.
2942 2251 3010 2304 Et
3028 2259 3083 2304 ιιι
3108 2256 3361 2318 exspecta
3390 2243 3769 2301 ascensionem

2188 2364 2363 2409 tuam.
2392 2349 2628 2405 Tantum
2664 2362 2692 2399 a
2732 2345 2892 2400 ruina
2923 2357 3215 2412 consurge,
3242 2348 3296 2396 et
3320 2338 3447 2393 audi
3478 2352 3771 2404 :exsurge,

2186 2443 2512 2509 Jerusalem,
2561 2458 2590 2494 a
2638 2438 2795 2493 ruina
2830 2447 2942 2501 tua,
2981 2449 3136 2506 spera
3170 2432 3297 2503 quia
3329 2431 3405 2485 sis
3434 2441 3774 2483 ascensurus

2187 2541 2242 2593 in
2275 2536 2499 2601 coelum,
2543 2542 2596 2588 et
2621 2544 2754 2587 cave
2782 2544 2852 2584 ne
2877 2528 2974 2582 tibi
3004 2540 3222 2597 quoque
3250 2524 3460 2578 dicatur
3486 2520 3529 2552 ι’
3563 2540 3576 2575 :
3611 2518 3774 2571 Nun-

2188 2624 2314 2698 quid
2343 2624 2434 2695 qui
2456 2622 2602 2676 cadit
2628 2635 2732 2674 non
2757 2617 3031 2686 resurget?
3069 2622 3162 2667 aut
3192 2627 3397 2666 aversus
3428 2625 3532 2662 non
3556 2624 3776 2662 conver-

2191 2717 2369 2771 tetur?
2400 2713 2493 2769 Va:
2523 2713 2618 2782 qui
2666 2715 3060 2766 convertuntur
3104 2703 3459 2761 conversione
3506 2700 3774 2771 pessima,

2190 2808 2324 2864 dicit
2367 2805 2654 2862 Dominus.
2702 2801 2770 2855 Et
2813 2801 2917 2855 iste
2965 2798 3148 2867 itaque
3189 2797 3256 2851 de
3286 2795 3371 2850 bis
3401 2808 3545 2848 unus
3569 2801 3656 2847 est
3680 2790 3774 2860 qui

2192 2908 2441 2966 ruerunt,
2490 2906 2546 2952 et
2591 2895 2868 2967 plangitur
2920 2891 2991 2946 ab
3041 2889 3266 2944 homine
3318 2887 3593 2957 princeps,
3645 2899 3771 2939 cum

2192 2992 2445 3062 princeps
2469 2987 2745 3042 hominem
2768 2982 2897 3038 [lere
2910 2980 3178 3037 debuerit.
3203 2978 3376 3031 Homo
3395 2987 3478 3031 est
3501 2975 3766 3041 Ezechiel,

2193 3095 2247 3140 et
2281 3082 2422 3137 illius
2468 3076 2747 3143 hominis;
2792 3073 2888 3144 qui
2920 3086 3052 3128 vero
3084 3070 3381 3142 plangitur,
3410 3066 3770 3123 Nabuchodo-

2198 3188 2362 3230 nosor
2385 3180 2469 3226 est
2493 3185 2590 3225 rex
2621 3167 2930 3239 Babylonis.
2953 3162 3152 3232 Accipe
3176 3170 3230 3215 et
3250 3169 3306 3214 tu
3330 3158 3772 3214 lamentationem

2195 3276 2341 3321 tuam
2377 3277 2542 3333 super
2575 3273 2755 3330 regem
2782 3255 3097 3328 Babylonis,
3120 3262 3176 3308 et
3200 3252 3350 3309 dices
3378 3250 3423 3281 “
3453 3269 3469 3307 :
3502 3249 3778 3329 Quomodo

2193 3356 2386 3428 quievit
2416 3326 2507 3424 qui
2531 3326 2887 3421 repetebat,et
2902 3326 3148 3416 reliqua.
3177 3343 3478 3399 Considera
3513 3343 3567 3395 in
3598 3326 3778 3411 quan-

2197 3461 2306 3504 tam
2350 3460 2501 3517 spem
2545 3452 2776 3499 vocatus
2806 3441 2907 3503 sis,
2935 3454 2969 3493 o
2998 3438 3184 3501 homo,
3216 3437 3310 3506 qui
3341 3450 3507 3491 carne
3537 3435 3777 3490 circum-

2194 3542 2359 3596 datus
2391 3539 2528 3593 dicis
2559 3535 2644 3591 *δε
2690 3534 2861 3600 Quasi
2911 3532 2996 3585 lac
3027 3547 3108 3584 me
3152 3529 3436 3594 emulsisti,
3483 3527 3777 3598 coagulasti

2196 3642 2373 3687 autem
2401 3646 2483 3684 me
2513 3628 2583 3682 ad
2628 3624 3036 3681 similitudimen
3069 3622 3231 3688 casei,
3271 3630 3389 3675 cute
3434 3629 3484 3674 et
3529 3618 3776 3673 carnibus

2197 3742 2277 3780 me
2307 3724 2530 3790 vestisti,
2561 3719 2766 3776 ossibus
2795 3727 2844 3773 et
2873 3718 3042 3772 nervis
3070 3732 3150 3770 me
3179 3715 3480 3769 contexisti.
3526 3712 3608 3768 Tu
3650 3728 3778 3784 ergo

2197 3815 2291 3886 qui
2325 3814 2393 3869 de
2423 3812 2738 3869 conditione
2768 3819 2860 3863 tua
2893 3804 3140 3870 dolebas,
3175 3819 3301 3859 ecce
3330 3803 3563 3873 plangis,
3609 3810 3664 3857 et
3691 3802 3778 3856 ille

2199 3907 2291 3978 qui
2318 3920 2484 3962 carne
2516 3919 2625 3958 non
2652 3911 2736 3957 est
2761 3898 3152 3962 circumdatus,
3184 3912 3215 3950 a
3245 3905 3296 3950 te
3322 3896 3639 3965 plangitur;
3676 3908 3773 3949 vo-

2199 4010 2356 4058 catus
2380 4013 2439 4053 es
2469 3996 2614 4052 enim
2642 3995 2697 4048 in
2722 4007 2843 4047 eam
2867 4006 3017 4062 spent
3042 3990 3110 4044 de
3139 4003 3248 4059 qua
3282 3987 3372 4041 ille
3397 3986 3612 4041 cecidit.
3644 3984 3778 4038 Pec-

2201 4102 2330 4149 cato
2368 4088 2534 4146 Israel
2573 4085 2724 4142 salus
2758 4082 3010 4152 gentibus
3046 4077 3393 4135 subintravit.
3424 4076 3649 4132 Audebo
3675 4075 3777 4130 ali-

2201 4183 2334 4256 quid
2391 4179 2664 4237 sacratius
2718 4174 2902 4229 dicere
2931 4190 2947 4227 :
2976 4173 3031 4226 in
3078 4171 3260 4226 locum
3318 4168 3637 4239 angelorum
3685 4164 3779 4236 qui

2201 4285 2451 4342 ruerunt,
2493 4284 2550 4328 tu
2594 4284 2926 4327 ascensurus
2951 4282 3032 4334 es,
3067 4276 3122 4320 et
3155 4262 3473 4335 mysterium
3502 4261 3649 4333 quod
3679 4260 3783 4314 ali-

2204 4369 2424 4441 quando
2471 4367 2578 4421 illis
2624 4364 2891 4421 creditum
2920 4368 3024 4425 est,
3055 4358 3152 4414 tibi
3190 4356 3521 4413 credendum
3555 4355 3680 4421 erit,
3712 4354 3778 4409 de

2205 4478 2314 4533 quo
2345 4460 2547 4515 dicitur
2573 4458 2617 4490 "
2646 4476 2659 4511 :
2692 4454 2967 4522 Quomodo
3002 4450 3184 4506 cecidit
3222 4447 3458 4517 Lucifer,
3506 4449 3597 4519 qui
3631 4463 3780 4500 mane

524 4577 705 4633 bonus
737 4574 905 4641 Deus,
949 4572 1043 4642 qui
1085 4571 1247 4626 etiam
1276 4584 1374 4626 eos
1396 4569 1489 4639 qui
1521 4583 1580 4622 se
1607 4534 1962 4637 negavdrunt,
2009 4568 2104 4622 de-
2135 4575 2179 4629 ι)
2209 4551 2514 4636 oriebatur?
2541 4547 2621 4601 'l‘u
2648 4561 2777 4602 vero
2809 4545 2899 4599 lux
2936 4541 3115 4597 factus
3140 4554 3200 4593 es
3233 4537 3442 4600 mundi,
3476 4545 3533 4590 tu
3569 4550 3666 4605 pro
3690 4534 3781 4589 illo

522 4669 648 4725 ﬂet!
700 4668 766 4724 Et
808 4668 915 4723 hoc
952 4664 1097 4719 venit
1130 4662 1296 4718 etiam
1339 4676 1404 4716 ex
1436 4660 1643 4716 amoris
1683 4658 1900 4714 allectu.
1931 4656 2104 4715 Nemo

524 4761 727 4830 quippe
761 4756 971 4829 plangit
1002 4770 1166 4827 quem
1195 4754 1341 4822 odit;
1364 4760 1422 4809 et
1444 4752 1540 4822 qui
1568 4751 1868 4823 plangitur,
1894 4753 2104 4825 plangi-

526 4860 619 4907 tur
646 4851 865 4921 quidem
900 4859 961 4906 ut
998 4861 1285 4921 mortuus,
1326 4862 1516 4903 verum
1550 4845 1710 4918 quasi
1739 4846 1920 4902 adhuc
1951 4862 2102 4916 quae-

426 5018 429 5021 ;
527 4950 706 5009 ratur,
738 4942 894 5010 quasi
922 4940 1060 4997 vivis
1084 4940 1357 4997 desiderio
1390 4939 1481 5007 sit,
1505 4939 1769 5011 diligitur.
1796 4937 1861 4993 Et
1881 4937 2105 4994 Jerusa-

529 5035 633 5090 lem
657 5032 877 5103 quando
900 5032 1172 5103 plangitur
1191 5033 1452 5104 scriptum
1478 5043 1561 5089 est
1587 5034 1629 5064 ³⁷
1663 5051 1676 5087 :
1712 5031 1779 5087 Et
1802 5032 2004 5103 factum
2026 5042 2103 5086 est

525 5136 808 5197 postquam
847 5131 1032 5192 captus
1073 5134 1149 5178 est
1194 5119 1388 5192 Israel,
1420 5132 1469 5178 et
1503 5124 1743 5179 desolata
1777 5135 1854 5177 est
1876 5121 2104 5177 Jerusa-

508 5221 649 5287 lem,
671 5218 803 5273 sedit
824 5215 1087 5271 Jeremias
1114 5217 1243 5287 ﬂens
1271 5228 1317 5272 et
1348 5216 1645 5271 lamentans
1669 5215 2104 5270 lamentationem

527 5315 690 5368 istam
718 5326 875 5376 super
900 5307 1216 5373 Jerusalem,
1252 5317 1302 5363 et
1323 5309 1419 5363 ait
1448 5323 1467 5361 :
1497 5307 1770 5374 Quomodo
1815 5308 1956 5359 sedet
1990 5305 2105 5359 sola

529 5404 713 5458 civitas
746 5417 865 5473 qua:
896 5399 1133 5454 abundat
1162 5402 1368 5471 populis
1392 5416 1410 5454 :
1436 5400 1580 5471 facta
1607 5408 1682 5453 est
1710 5408 1766 5453 ut
1799 5398 1957 5451 vidua
1990 5412 2105 5466 qua:

529 5493 885 5563 multiplicata
907 5501 1021 5547 erat
1047 5492 1101 5546 in
1134 5491 1436 5546 nationibus
1476 5506 1495 5544 :
1528 5491 1764 5559 princeps
1793 5489 1847 5542 in
1878 5487 2106 5559 regioni-

532 5585 626 5639 bus
667 5585 810 5652 [acta
838 5596 916 5639 est
942 5586 998 5639 in
1029 5583 1308 5638 tributum.
1351 5582 1636 5652 Plangitur
1659 5590 1713 5636 ct
1738 5578 2107 5635 Nabuchodo-

531 5693 718 5733 nosor.
761 5676 862 5732 Ubi
900 5687 1028 5733 sunt
1056 5677 1330 5732 haereses?
1365 5676 1456 5730 ubi
1490 5683 1619 5731 sunt
1657 5674 1750 5743 qui
1783 5674 1936 5728 aiunt
1972 5672 2109 5729 istos

569 5770 615 5801 ³⁵
650 5768 806 5824 Joan.
830 5785 953 5833 xm,
983 5771 1073 5824 27.
1140 5771 1186 5802 ³⁸
1220 5769 1363 5824 Psal.
1389 5785 1579 5829 cxxru,
1614 5770 1665 5833 1,
1695 5769 1751 5822 2.

534 5840 578 5870 ⁸⁸
614 5837 775 5893 Joan.
818 5854 855 5903 ι,
885 5841 975 5895 5|.

536 5911 580 5941 "
609 5910 627 5965 ι
657 5910 787 5967 Cor.
823 5925 911 5974 xv,
942 5909 1032 5972 li,
1066 5910 1146 5965 i2.

1849 5770 1891 5800 ⁵⁷
1925 5767 2200 5832 ΤΙιΓοηηι,
2235 5768 2285 5820 l.

1073 5842 1115 5872 δ’
1146 5839 1348 5895 Jcrcm.
1380 5856 1497 5904 \‘lll,
1534 5827 1587 5893 ιζ
1654 5827 1707 5872 ’⁸³
1738 5839 1842 5893 lsa.
1882 5854 1990 5904 stv,
2024 5839 2078 5893 ι.
2144 5827 2200 5869 ’δέ
2227 5835 2331 5892 Job
2388 5852 2442 5902 κ,
2474 5834 2560 5898 lO,
2591 5834 2671 5887 ll.

2206 4625 2466 4698 factus'es
2490 4637 2707 4693 Lucifer
2741 4656 2754 4691 :
2789 4650 2930 4690 unus
2967 4633 3035 4689 de
3063 4630 3233 4688 stellis
3268 4637 3387 4683 erat
3432 4625 3648 4683 Lucifer
3688 4627 3781 4698 qui

2206 4734 2274 4788 de
2302 4730 2442 4787 casio
2461 4729 2593 4794 ruit,
2623 4736 2678 4781 et
2699 4737 2778 4790 tu,
2800 4725 2847 4780 si
2871 4736 3050 4780 tamen
3073 4722 3140 4776 de
3161 4720 3369 4776 semine
3394 4734 3456 4775 es
3485 4719 3781 4784 Abraham,

2206 4823 2348 4878 inter
2376 4819 2561 4875 stellas
2591 4816 2716 4871 οωΙί
2749 4812 3178 4883 computaberis.
3206 4807 3410 4863 Eduxit
3438 4808 3585 4863 enim
3612 4807 3784 4861 Abra-

2207 4915 2334 4970 ham
2364 4910 2533 4975 foras,
2560 4917 2615 4964 et
2636 4908 2773 4963 dixit
2791 4906 2840 4961 ei
2870 4904 3014 4960 Deus
3027 4904 3073 4936 “
3098 4923 3114 4960 :
3137 4900 3370 4972 Respice,
3392 4901 3470 4954 sic
3489 4901 3593 4953 erit
3611 4914 3783 4953 semen

2200 4986 2376 5060 tuum.
2413 5002 2524 5058 Hoc
2558 5010 2737 5056 autem
2770 5011 2901 5053 tunc
2932 4999 3059 5062 erit,
3108 4996 3327 5066 quando
3373 4992 3542 5049 stellae
3590 4991 3785 5045 cadent

2209 5106 2270 5152 ut
2308 5095 2435 5151 folia
2482 5093 2550 5148 de
2596 5091 2755 5156 cmlo,
2808 5098 2863 5145 et
2910 5088 3015 5144 erit
3057 5088 3169 5141 alia
3201 5086 3372 5156 gloria
3409 5084 3563 5151 solis,
3591 5092 3639 5136 et
3674 5081 3786 5134 alia

2207 5192 2382 5262 gloria
2427 5188 2592 5250 lunte,
2642 5184 2755 5238 alia
2802 5182 2974 5253 gloria
3005 5180 3301 5235 stellarum.
3340 5176 3509 5232 Stella
3550 5176 3691 5230 enim
3719 5171 3784 5226 ab

2211 5282 2363 5337 stella
2400 5280 2579 5349 di/fert
2616 5278 2672 5330 in
2715 5276 2982 5340 claritate,
3014 5273 3092 5327 sic
3119 5281 3168 5326 et
3207 5270 3522 5325 resurrectio
3553 5276 3788 5321 mortuo-

2212 5391 2330 5429 rum
2354 5373 2417 5424 ".
2472 5369 2674 5425 Verum
2723 5367 2832 5421 noli
2883 5364 3103 5436 gloriari
3151 5363 3441 5418 adversum
3477 5357 3786 5415 istiusmodi

2211 5483 2417 5532 ramos,
2446 5466 2539 5537 qui
2570 5465 2624 5519 in
2660 5462 2975 5517 inﬁdelitate
3003 5457 3337 5520 ceciderunt,
3365 5463 3419 5510 et
3443 5452 3597 5508 fracti
3624 5460 3784 5507 sunt:

2212 5569 2269 5613 tu
2302 5557 2428 5628 quia
2480 5556 2537 5609 in
2573 5553 2675 5608 fide
2708 5562 2844 5617 stas,
2878 5552 2981 5605 tide
3012 5557 3068 5604 et
3117 5547 3398 5604 ascendes.
3443 5542 3508 5599 Et
3548 5558 3645 5613 per
3684 5542 3790 5596 hoc

2214 5650 2359 5723 quod
2392 5646 2602 5718 plangis
2648 5643 2948 5714 principem
2980 5640 3131 5713 Tyri,
3164 5649 3217 5694 et
3261 5652 3323 5693 ea
3363 5651 3487 5691 cum
3524 5635 3789 5689 lamenta.

2389 5763 2570 5818 “lsa.
2615 5761 2811 5830 xw,t.
2907 5755 3269 5830 "iniuste.
3355 5748 3784 5830 _‘_°l_mc.x,l§.

2780 5831 2822 5863 ⁸⁸
2857 5831 2965 5886 lsa.
3014 5820 3125 5894 Juv,
3163 5828 3247 5882 l2.
3353 5824 3397 5855 “
3431 5822 3566 5878 Gen.
3608 5837 3697 5889 xv,
3731 5820 3783 5878 ὅ.
