4070 6296
302 383 401 444 761

1703 392 1986 450 HOMILIA
2027 394 2162 449 XIII.

3458 395 3564 449 ’762
3600 390 3603 391 ν

296 509 448 562 tione
480 506 748 578 deploras
797 523 920 578 quae
965 509 1222 579 superius
1266 509 1714 581 interposuimus,
1758 513 1890 569 edo-
1917 514 1962 570 Α
1994 511 2093 565 Ubi
2126 509 2217 565 Dei
2246 519 2329 567 est
2356 510 2695 567 similitudo?
2721 508 2856 565 Cum
2893 509 3202 580 apparuerit
3223 550 3240 575 ,
3281 508 3482 564 similes
3514 515 3569 566 ei

292 614 417 655 cere
462 614 535 654 ne
583 598 730 656 forte
772 600 825 655 in
880 600 966 657 his
996 601 1159 657 bonis
1204 611 1454 673 repertus
1483 620 1605 675 qua:
1635 604 1887 675 princeps

293 689 422 763 Tyri
453 690 682 760 habuit,
725 693 888 748 etiam
941 703 996 748 lu
1031 694 1261 764 incipias
1301 711 1481 763 ruere,
1527 697 1573 751 si
1605 698 1884 768 paululum

291 780 463 838 fueris
505 783 802 854 gloriatus,
844 796 897 841 et
931 802 1038 841 non
1085 787 1409 843 custodieris
1451 789 1602 844 omni
1639 789 1886 845 custodia

290 889 387 929 cor
435 883 628 930 tuum.
684 874 822 932 Vide
875 878 1077 948 quippe
1125 879 1256 949 quid
1292 879 1439 935 dicat
1475 879 1543 934 ad
1587 882 1884 952 principem

290 962 440 1036 Tyri.
500 963 585 1020 Tu
643 967 979 1037 signaculum
1029 968 1400 1024 similitudinis
1421 970 1486 1025 ⁸⁸.
1542 970 1680 1026 Volo
1724 988 1885 1028 nosse

285 1056 416 1126 quid
453 1055 651 1123 fuerit,
684 1067 743 1114 ut
773 1059 1113 1128 signaculum
1139 1059 1511 1117 similitudinis
1535 1072 1885 1132 nuncupatus

284 1146 374 1202 sit.
399 1145 547 1202 Cum
580 1147 905 1218 profeceris,
941 1150 1194 1218 accepisti
1223 1151 1597 1221 signaculum;
1624 1154 1882 1222 quoniam

284 1234 429 1291 Deus
454 1251 593 1293 vere
622 1237 794 1308 hujus
835 1237 997 1293 Pater
1042 1255 1203 1309 quem
1260 1241 1497 1313 signavit
1543 1252 1596 1298 et
1629 1244 1797 1307 misit,
1829 1253 1884 1299 et

284 1325 410 1381 ideo
465 1342 696 1397 semper
743 1328 1029 1384 credentes
1078 1329 1363 1399 signantur
1392 1347 1423 1386 a
1454 1330 1701 1387 Domino.
1758 1333 1881 1388 Jam

283 1425 470 1470 autem
508 1426 567 1472 et
596 1432 891 1473 commune
923 1420 1268 1489 proverbium
1296 1422 1466 1489 venit,
1497 1430 1556 1477 ut
1579 1425 1826 1480 dicamus
1863 1444 1877 1479 :

281 1506 372 1562 ille
392 1515 449 1563 et
482 1508 577 1563 ille
609 1524 719 1564 non
743 1511 950 1581 accepit
972 1512 1336 1582 signaculum,
1355 1514 1513 1569 etille
1539 1516 1877 1586 signaculum

280 1597 467 1654 habet.
500 1598 647 1666 Quis
689 1601 853 1656 habet
895 1601 1282 1673 signaculum?
1319 1605 1410 1661 ille
1447 1622 1608 1673 quem
1646 1608 1881 1678 signavit

283 1686 450 1744 Deus.
501 1690 740 1746 Audebo
788 1693 993 1764 aliquid
1044 1694 1244 1761 dicere,
1282 1697 1409 1766 quia
1444 1698 1723 1770 signaculo
1772 1701 1880 1756 isto

280 1781 371 1836 ille
407 1783 670 1853 signatus
723 1795 826 1854 est,
884 1786 976 1856 qui
1026 1786 1265 1857 baptizat
1316 1789 1369 1841 in
1421 1788 1627 1859 Spiritu
1686 1802 1877 1849 sancto

280 1879 336 1925 et
371 1872 522 1943 igne,
582 1874 676 1930 ille
725 1875 818 1945 qui
865 1876 1095 1947 largitur
1134 1878 1425 1950 imaginem
1472 1882 1730 1946 caelestis,
1781 1885 1876 1954 qui

282 1960 490 2018 format
560 1973 618 2020 te
685 1966 750 2020 ad
817 1968 1142 2038 superiora,
1200 1978 1261 2024 ut
1317 1971 1459 2025 ultra
1524 1987 1634 2026 non
1690 1983 1877 2042 portes

281 2050 590 2122 imaginem
637 2058 928 2114 terrestris.
989 2058 1168 2126 Cave,
1227 2061 1427 2129 homo,
1482 2078 1549 2115 ne
1614 2065 1873 2118 saeculum

278 2141 449 2219 403
491 2148 638 2202 istud
664 2151 966 2219 egrediens,
996 2151 1278 2220 signaculo
1304 2152 1504 2207 diaboli
1535 2155 1611 2209 sis
1642 2155 1876 2225 impres-

281 2243 401 2285 sus.
440 2236 621 2291 Habet
650 2238 850 2307 quippe
897 2239 985 2293 ille
1019 2240 1380 2309 signaculum.
1435 2241 1604 2298 Sicuti
1635 2248 1875 2313 portavi-

284 2338 406 2376 mus
441 2327 739 2395 imaginem
777 2330 1040 2383 terrestris
1081 2331 1150 2395 “,
1181 2331 1363 2397 unde“,
1401 2334 1484 2388 vel
1518 2336 1759 2404 quando,
1791 2338 1874 2390 vel

280 2415 379 2485 qui
421 2416 789 2483 signiﬁcavit,
822 2419 928 2473 hoc
960 2420 1117 2489 signo
1141 2422 1540 2490 por-laverimus
1579 2424 1871 2495 imaginem

279 2507 597 2562 terrestris.
630 2508 837 2564 Circuit
870 2511 1121 2566 diabolus
1149 2520 1202 2566 et
1231 2512 1428 2568 lustrat
1454 2515 1660 2580 omnia,
1685 2517 1873 2573 volens

271 2604 330 2651 et
371 2597 500 2666 ipse
551 2599 766 2671 signare
802 2603 1074 2671 subjectos
1125 2604 1252 2659 sibi.
1298 2604 1489 2676 Signat
1534 2616 1713 2662 autem
1759 2609 1873 2663 sin-

274 2689 557 2752 gulorum
612 2694 777 2747 corda
829 2695 1216 2763 considerans,
1264 2705 1319 2753 et
1370 2697 1634 2767 imprimit
1686 2700 1739 2753 in
1792 2702 1872 2756 eis

273 2777 535 2847 ﬁguram
586 2784 787 2838 terreni
832 2800 927 2853 per
957 2796 1214 2855 peccata,
1259 2802 1354 2857 per
1378 2789 1528 2855 vitia,
1567 2800 1626 2844 ut
1653 2800 1872 2861 portent

277 2868 594 2942 imaginem
641 2876 935 2931 terrestris.
974 2877 1116 2932 Audi
1151 2877 1335 2934 Iesum
1368 2883 1493 2950 quid
1520 2883 1867 2952 respondeat,

280 2960 522 3029 quando
580 2963 870 3034 imaginem
921 2976 974 3021 et
1014 2968 1421 3038 inscriptionem
1485 2970 1717 3028 Caesaris
1766 2990 1868 3044 po-

286 3052 536 3107 stulatur
567 3072 582 3108 :
609 3055 715 3119 Qui
748 3055 902 3109 habet
937 3073 1090 3112 aures
1122 3060 1393 3125 audiendi,
1427 3062 1611 3116 audiat
1632 3064 1697 3117 '°.
1728 3062 1864 3119 Nam

1991 606 2206 669 erimus,
2237 606 2487 676 quoniam
2516 603 2802 659 videbimus
2824 620 2942 658 eum
2968 605 3129 657 sicuti
3150 613 3227 659 est
3248 603 3318 659 ⁸³.
3346 603 3457 673 Ego
3488 603 3571 661 sic

1990 698 2197 768 accipio
2244 705 2301 752 et
2324 698 2430 753 hoc
2469 697 2617 766 quod
2666 697 2867 752 dicitur
2915 694 3242 765 aPropheta
3267 694 3348 750 ’δε
3400 694 3561 761 Deus,

1992 789 2108 856 quis
2157 788 2354 843 similis
2388 789 2525 842 tibi?
2557 787 2713 857 quasi
2766 786 2898 841 illud
2925 786 2971 818 "
3000 804 3013 840 :
3046 785 3179 852 Quis
3200 795 3358 855 putas
3387 784 3563 855 ﬁdelis

1987 887 2036 931 et
2077 880 2287 950 sapiens
2335 880 2709 949 dispensator?
2756 879 2899 934 sicut
2948 885 3002 932 et
3038 878 3145 932 hoc
3179 892 3195 930 :
3241 877 3375 931 Cum
3416 876 3560 930 enim

1986 971 2314 1038 apparuerit,
2360 970 2558 1024 similes
2597 971 2646 1024 ei
2691 971 2911 1024 erimus.
2973 968 3109 1035 Quis
3154 976 3240 1024 est
3280 968 3373 1037 qui
3420 970 3562 1023 assi—

1988 1060 2207 1114 miletur
2249 1060 2345 1115 ei?
2395 1060 2564 1116 Pauci
2612 1061 2904 1115 admodum
2948 1068 3080 1116 sunt
3119 1059 3213 1129 qui
3245 1069 3564 1129 receperunt

1987 1149 2399 1204 similitudinem
2449 1159 2507 1204 nt
2547 1150 2802 1219 apostoli.
2854 1147 3143 1203 Faciamus
3184 1148 3447 1203 hominem
3490 1152 3560 1203 ad

1985 1240 2270 1310 imaginem
2307 1252 2355 1295 et
2387 1241 2795 1295 similitudinem
2848 1250 3106 1295 nostram.
3155 1239 3262 1296 Iste
3296 1255 3425 1311 ergo
3464 1240 3560 1310 qui

1984 1346 2130 1385 nunc
2162 1331 2457 1402 plangitur,
2488 1331 2828 1402 signaculum
2869 1339 3005 1398 erat,
3040 1338 3096 1386 et
3121 1331 3314 1400 plenus
3344 1331 3560 1401 sapien-

1985 1421 2058 1476 tia
2086 1464 2101 1487 ,
2133 1437 2295 1492 quem
2329 1431 2384 1476 et
2410 1430 2465 1476 ιιι
2494 1423 2718 1492 planges
2738 1464 2753 1491 ,
2793 1423 2840 1476 si
2873 1422 3050 1477 factus
3083 1421 3251 1476 fueris
3283 1422 3553 1481 Ezechiel.

1982 1510 2178 1567 Nescio
2209 1521 2386 1567 autem
2427 1514 2474 1568 si
2508 1524 2561 1568 et
2596 1521 2651 1566 tu
2689 1513 2951 1583 sapientia
2993 1513 3185 1580 plenus
3226 1512 3396 1569 fueris
3427 1532 3440 1568 :
3474 1514 3560 1581 inu

1982 1602 2141 1656 terim
2191 1602 2294 1658 iste
2341 1603 2433 1673 qui
2479 1603 2795 1674 plangitur,
2859 1603 3053 1673 plenus
3103 1611 3220 1658 erat
3267 1604 3556 1673 sapientia.

1981 1699 2035 1746 et
2074 1701 2192 1747 erat
2220 1693 2436 1748 decoris
2483 1707 2709 1748 corona.
2733 1692 3032 1747 Considera
3054 1692 3232 1762 qualis
3253 1692 3432 1758 fuerit,
3461 1693 3557 1763 qui

1982 1782 2087 1838 fuit
2114 1800 2313 1840 corona
2340 1784 2575 1840 decoris.
2599 1783 2716 1839 Non
2737 1784 3055 1854 simpliciter
3071 1784 3257 1851 decor,
3271 1800 3371 1839 nec
3387 1785 3558 1855 gloria

1909 1860 1952 1915 Β
1979 1884 2095 1929 erat
2124 1875 2177 1929 in
2209 1889 2297 1941 eo,
2326 1875 2421 1929 sed
2449 1890 2651 1930 corona
2677 1875 2880 1944 gloriae.
2909 1873 3064 1930 Hunc
3091 1885 3271 1930 autem
3303 1875 3555 1931 decorem

1977 1966 2089 2019 noli
2123 1974 2281 2020 extra
2328 1975 2378 2020 te
2403 1981 2668 2034 quaerere,
2699 1966 2793 2020 sed
2823 1965 2971 2020 circa
3012 1967 3208 2021 animae
3248 1966 3553 2037 regionem,

1977 2055 2071 2112 ubi
2120 2056 2525 2126 cogitatorium,
2574 2056 2668 2110 ubi
2722 2056 3088 2111 intellectuale
3146 2058 3416 2125 consistit,
3460 2057 3553 2112 ubi

1977 2159 2107 2200 vera
2135 2154 2219 2201 est
2244 2145 2616 2215 pulchritudo.
2650 2145 2806 2211 Quod
2849 2147 2895 2200 si
2926 2145 3168 2201 volueris
3211 2146 3287 2201 ibi
3312 2162 3555 2216 quaerere

1974 2236 2228 2291 decorem
2265 2236 2358 2289 ubi
2386 2251 2514 2291 caro
2541 2243 2645 2301 est,
2681 2243 2737 2291 et
2760 2237 3008 2307 sanguis,
3039 2236 3262 2301 humor,
3291 2246 3346 2292 et
3376 2252 3550 2299 vente,

1975 2327 2070 2383 ubi
2116 2327 2345 2382 materia
2397 2329 2721 2397 corporalis,
2779 2343 2887 2382 non
2939 2329 3145 2398 poteris
3193 2328 3456 2385 invenire.
3494 2330 3552 2383 Si

1972 2419 2190 2491 quidem
2220 2435 2382 2475 verus
2421 2419 2583 2475 decor
2619 2421 2671 2472 in
2706 2418 2989 2474 Salvatore
3018 2427 3120 2485 est,
3155 2428 3210 2475 et
3244 2420 3317 2474 ita
3350 2421 3418 2475 ab
3453 2420 3549 2475 illo

1967 2511 2123 2583 juxta
2152 2511 2493 2582 largitionem
2523 2520 2578 2566 et
2615 2512 3044 2567 misericordiam
3077 2511 3198 2581 ejus
3231 2512 3286 2566 in
3323 2520 3551 2567 cuncto-

1973 2619 2094 2657 rum
2125 2603 2334 2659 divisus
2378 2610 2462 2658 est
2505 2602 2737 2659 animas.
2788 2604 3074 2674 Accingere
3117 2603 3355 2673 gladium
3401 2614 3551 2657 tuum

1971 2697 2115 2751 circa
2146 2697 2319 2767 femur
2350 2705 2519 2760 tuum,
2551 2696 2931 2766 potentissime,
2958 2696 3127 2766 specie
3149 2705 3262 2761 tua,
3284 2704 3332 2749 et
3366 2697 3550 2751 decore

1972 2796 2082 2853 tuo,
2112 2798 2160 2841 et
2191 2786 2585 2857 pulchritudine
2610 2794 2702 2839 tua
2726 2786 2795 2840 ⁵⁸.
2825 2783 2922 2840 Est
2961 2785 3127 2854 igitur
3155 2785 3355 2854 aliquis
3384 2785 3549 2841 decor

1968 2879 2023 2935 in
2046 2878 2332 2949 principali
2364 2878 2547 2933 cordis
2575 2876 2770 2943 nostri,
2798 2885 2851 2931 et
2882 2876 2942 2930 in
2966 2877 3168 2931 anima.
3200 2876 3339 2944 Quia
3364 2887 3546 2932 autem

1969 2968 2276 3025 istiusmodi
2325 2969 2493 3025 decor
2532 2968 2698 3024 etiam
2742 2968 2809 3023 ad
2848 2967 3086 3021 animam
3123 2967 3395 3037 pertingat
3443 2968 3545 3021 hu-

1970 3076 2211 3124 manam,
2243 3059 2541 3130 Prophetes
2568 3067 2620 3114 te
2647 3060 2860 3125 doceat,
2886 3059 3075 3113 dicens
3098 3058 3142 3090 ⁸⁷
3167 3076 3180 3112 :
3211 3057 3373 3124 Audi,
3408 3058 3546 3128 ﬁlia,

284 3142 423 3212 quia
470 3159 577 3198 non
614 3144 847 3200 habebat
883 3163 1001 3202 eam
1044 3149 1331 3220 imaginem
1359 3168 1523 3222 quam
1559 3155 1860 3223 petebatur,
1895 3190 1936 3247 ϐ
1968 3161 2020 3207 et
2045 3152 2180 3218 vide,
2206 3161 2255 3205 et
2284 3152 2483 3206 inclina
2513 3167 2697 3205 aurem
2732 3159 2901 3217 tuam,
2934 3159 2985 3204 et
3015 3149 3315 3204 obliviscere
3344 3151 3548 3218 populi,

288 3246 478 3305 neque
506 3235 640 3306 ipse,
673 3253 847 3308 neque
875 3239 1173 3310 discipulus
1199 3257 1355 3308 suus,
1386 3245 1542 3300 docet
1566 3247 1660 3300 ubi
1691 3248 1869 3303 valeat
1899 3235 1935 3247 ν
1969 3254 2020 3298 et
2065 3243 2251 3298 domus
2300 3244 2471 3303 nutris
2514 3243 2624 3306 tui.
2661 3242 2785 3313 quia
2834 3241 3130 3311 Concupivi!
3176 3255 3268 3294 νει
3312 3246 3548 3295 decorem

286 3326 526 3394 reperiri
571 3325 750 3398 imago
781 3345 901 3399 qua
927 3332 1187 3400 quaeritur
1217 3352 1230 3388 :
1273 3332 1443 3400 Vade,
1490 3336 1670 3404 inquit
1702 3337 1771 3401 ⁸¹,
1798 3341 1866 3392 ad

286 3430 459 3482 mare,
509 3426 559 3471 et
601 3419 750 3473 mitte
786 3422 1020 3485 hamum,
1064 3432 1115 3476 et
1155 3441 1270 3478 eum
1312 3426 1505 3495 piscem
1550 3428 1641 3498 qui
1667 3430 1869 3498 primus

287 3510 614 3578 ascenderit,
661 3511 806 3579 tolle,
837 3522 886 3567 et
925 3516 1124 3584 aperias
1163 3534 1220 3571 os
1250 3519 1394 3588 ejus;
1431 3532 1480 3575 et
1507 3537 1625 3575 cum
1661 3522 1869 3578 invene-

285 3599 361 3653 ris
405 3610 697 3669 ualerem,
745 3604 869 3658 tolle
911 3605 1102 3671 illum,
1153 3617 1203 3663 et
1254 3610 1404 3666 dabis
1445 3628 1540 3681 pro
1584 3628 1667 3666 me
1706 3625 1756 3667 et
1798 3623 1865 3668 te.

284 3689 482 3762 Neque
511 3708 612 3765 ego
638 3696 810 3751 habeo
843 3698 983 3753 hanc
1031 3699 1322 3772 imaginem
1363 3712 1415 3756 et
1452 3704 1868 3774 superscriptio-

286 3798 437 3852 nem,
472 3800 653 3856 neque
691 3795 779 3855 tu;
821 3789 864 3845 si
895 3799 1073 3845 tamen
1109 3806 1237 3847 vere
1260 3794 1557 3863 discipulus
1589 3811 1745 3851 mens
1783 3811 1864 3863 es,

288 3876 334 3930 si
373 3886 555 3948 portae
599 3880 896 3937 inferorum
954 3900 1062 3938 non
1107 3887 1401 3955 praevalent
1449 3887 1738 3942 adversum
1792 3898 1862 3944 te.

285 3964 432 4039 Ergo
470 3967 634 4026 Jesus
651 3972 809 4027 aliter
829 3972 921 4028 dat
942 3989 1041 4043 pro
1062 3990 1122 4030 se
1144 3975 1434 4046 imaginem
1458 3975 1526 4032 de
1547 3978 1681 4031 mari
1714 3979 1862 4033 illam

287 4062 595 4130 accipiens,
642 4080 764 4134 quae
790 4064 843 4119 in
871 4065 1021 4136 pisce
1071 4065 1246 4122 fuerat
1289 4068 1519 4135 inclusa,
1551 4070 1745 4127 similis
1781 4072 1865 4127 his

286 4153 536 4223 piscibus
551 4155 619 4209 de
634 4156 834 4225 quibus
861 4157 1019 4213 hodie
1042 4158 1240 4214 lectum
1263 4169 1367 4226 est,
1392 4161 1484 4232 qui
1510 4163 1861 4218 adhaerentin

286 4247 543 4316 squamis
569 4246 825 4303 draconis
853 4248 944 4317 qui
979 4248 1129 4304 sedet
1166 4264 1331 4318 super
1367 4249 1592 4306 flumina
1619 4252 1859 4325 Egypti.

290 4334 436 4394 Vere
460 4338 662 4408 quippe
684 4337 994 4395 istiusmodi
1023 4339 1201 4410 pisces
1224 4340 1297 4394 ibi
1329 4341 1628 4398 adhaerent.
1659 4343 1861 4410 Quanti

288 4439 342 4485 et
377 4430 550 4487 hodie
590 4431 767 4500 pisces
815 4440 942 4487 sunt
986 4446 1221 4500 quorum
1265 4446 1360 4488 rex
1397 4442 1482 4488 est
1520 4433 1624 4488 iste
1661 4435 1756 4505 qui
1805 4434 1859 4489 in

1972 3341 2142 3398 tuum,
2178 3332 2231 3386 id
2280 3340 2366 3386 est
2405 3347 2665 3402 sponsus.
2741 3330 2874 3397 Quis
2930 3330 3003 3384 ita
3048 3331 3211 3385 habet
3269 3329 3545 3396 pulchram

1969 3423 2233 3488 animam,
2274 3423 2399 3493 quis
2441 3432 2650 3478 tantum
2697 3422 2940 3493 possidet
2987 3420 3265 3485 decorem,
3307 3418 3426 3489 quis
3472 3420 3545 3474 ita

1968 3523 2051 3570 est
2092 3523 2385 3571 extraneus
2422 3516 2493 3569 ab
2527 3514 2678 3581 omni
2722 3513 2987 3577 foeditate,
3025 3521 3084 3564 ut
3113 3513 3283 3581 possit
3317 3511 3367 3565 ei
3399 3511 3541 3565 dici:

1969 3603 2279 3675 Concupivit
2312 3620 2405 3659 rea:
2427 3604 2666 3657 decorem
2705 3612 2854 3656 tuum
2878 3602 2903 3654 ?
2937 3600 3001 3653 Et
3033 3609 3087 3653 lu
3118 3600 3338 3670 quidem
3369 3600 3548 3655 adhuc

1970 3696 2134 3751 istum
2184 3696 2386 3765 quaeris
2417 3695 2703 3757 decorem,
2737 3703 2791 3746 et
2834 3691 3026 3745 niteris
3064 3691 3128 3744 ad
3177 3690 3541 3759 placendum;

1968 3786 2072 3841 iste
2104 3801 2232 3842 vero
2275 3802 2307 3840 a
2343 3786 2540 3841 decore
2573 3798 2733 3854 quem
2769 3783 3000 3847 habuit,
3051 3781 3102 3833 in
3149 3779 3542 3849 turpitudinem

1968 3878 2226 3934 concidit.
2263 3876 2331 3932 Et
2356 3875 2636 3948 quoniodo
2675 3875 2729 3929 in
2764 3872 3088 3945 corporibus
3123 3886 3266 3944 saepe
3296 3871 3546 3928 videmus

1967 3971 2247 4036 accidere,
2297 3982 2354 4025 ut
2398 3969 2595 4024 mulier
2645 3969 2892 4038 speciosa
2943 3974 2999 4021 et
3028 3966 3253 4035 pulchra
3300 3963 3438 4020 facie
3474 3967 3543 4021 ab

1965 4062 2318 4133 aegretatione
2351 4061 2603 4116 decorem
2645 4074 2807 4113 suum
2836 4057 3050 4127 perdat,
3081 4065 3136 4112 et
3167 4072 3264 4127 per
3291 4067 3544 4113 senectu-

1968 4163 2073 4209 tem
2124 4154 2470 4223 splendorem
2516 4151 2701 4206 vultus
2744 4150 2959 4204 amittat
2995 4166 3009 4202 :
3048 4149 3241 4205 eodem
3289 4151 3450 4205 modo
3488 4160 3544 4206 et

1964 4263 2086 4318 quae
2131 4247 2357 4318 pulchra
2397 4254 2548 4310 erat,
2590 4258 2682 4313 per
2727 4240 3096 4296 infirmitatem
3150 4243 3357 4297 amittit
3385 4242 3554 4297 deco-

1965 4356 2116 4406 rem,
2155 4349 2209 4395 et
2244 4353 2340 4409 per
2379 4344 2713 4393 senectutem
2766 4335 3030 4391 deformis
3089 4334 3341 4391 edicitur.
3405 4335 3542 4388 Cum

1961 4434 2106 4487 enim
2157 4429 2456 4501 susceperit
2498 4438 2734 4485 veterem
2784 4429 3056 4483 hominem
3116 4443 3240 4483 cum
3310 4426 3529 4483 actibus

287 4520 453 4593 aquis
494 4521 683 4577 multis
728 4523 951 4592 regnat?
984 4522 1256 4593 Scriptum
1302 4531 1386 4579 est
1427 4524 1629 4594 quippe
1671 4525 1738 4579 de
1781 4525 1865 4578 in-
1896 4521 1939 4575 D
1969 4524 2125 4589 suis,
2182 4529 2460 4577 senectute
2519 4521 2640 4591 ejus
2699 4521 2988 4591 pristinum
3035 4525 3214 4595 perdit
3262 4524 3537 4580 decorem.

286 4609 495 4665 visibili
521 4610 778 4675 dracone,
810 4612 937 4680 quia
965 4613 1080 4682 ipse
1109 4627 1204 4667 rex
1240 4613 1310 4667 sit
1336 4613 1580 4668 omnium
1613 4614 1705 4684 qui
1736 4624 1865 4670 sunt

290 4699 343 4756 in
385 4700 590 4772 aquis;
652 4716 843 4756 verum
891 4711 947 4756 tu
988 4717 1097 4757 non
1147 4718 1208 4759 es
1251 4704 1304 4757 in
1337 4704 1527 4774 aquis,
1565 4705 1659 4761 sed
1709 4706 1764 4759 in
1797 4721 1859 4761 ea

290 4795 436 4843 terra
458 4803 582 4858 quae
611 4788 710 4843 tibi
743 4790 1161 4859 repromittitur.
1205 4791 1273 4847 Et
1299 4792 1415 4848 haec
1442 4792 1588 4850 dicta
1619 4802 1771 4862 sunt,
1802 4804 1863 4851 ut

290 4879 606 4951 diligentius
657 4879 1046 4936 ventilaremus
1102 4881 1249 4952 quod
1288 4883 1361 4938 sit
1405 4884 1745 4955 signaculum
1785 4886 1862 4942 si—

293 4969 638 5024 militudinis.
672 4967 847 5035 Quam
888 4967 1082 5025 beatus
1114 4968 1216 5025 fuit
1258 4973 1311 5025 in
1360 4971 1452 5026 illo
1481 4981 1725 5044 tempore
1748 4991 1860 5044 quo
1908 4996 1912 5001 ·

290 5061 637 5132 signaculum
687 5060 1062 5117 similitudinis
1108 5071 1245 5117 erat.
1315 5064 1436 5118 Tibi
1491 5066 1669 5122 adhuc
1709 5068 1861 5124 deest

291 5160 353 5206 ut
394 5151 696 5208 similitudo
735 5151 998 5224 signaculi
1037 5153 1156 5218 fias,
1191 5161 1245 5208 et
1284 5154 1473 5222 procul
1511 5170 1571 5210 es
1603 5156 1672 5211 ab
1711 5156 1860 5227 ejus-

291 5243 438 5298 modi
474 5258 721 5299 munere.
747 5242 895 5299 Dixit
927 5244 1145 5315 quidem
1171 5243 1317 5299 Deus
1336 5245 1382 5276 δ’
1409 5264 1423 5300 :
1455 5243 1742 5300 Faciamus
1765 5247 1859 5301 lio-

290 5339 482 5392 minem
511 5338 582 5391 ad
611 5338 897 5410 imaginem
921 5349 971 5393 et
993 5339 1396 5396 similitudinem
1424 5350 1690 5407 nostram;
1721 5351 1860 5397 alta-

293 5444 414 5483 men
466 5429 697 5484 necdum
746 5439 1075 5486 consecutus
1116 5446 1177 5486 es
1225 5431 1635 5487 similitudinem
1672 5450 1686 5486 :
1733 5431 1861 5488 fecit

294 5522 496 5592 quippe
539 5521 684 5577 Deus
731 5522 1046 5592 hominem,
1100 5523 1167 5577 ad
1208 5524 1497 5595 imaginem
1550 5525 1642 5579 Dei
1704 5523 1853 5580 fecit.

1972 4614 2131 4670 Venit
2170 4612 2332 4667 Jesus
2377 4620 2434 4665 ut
2471 4610 2766 4667 transferat
2806 4627 2909 4670 nos
2951 4629 2981 4668 a
3010 4624 3190 4669 vetere
3217 4614 3456 4677 homine,
3486 4623 3541 4668 et

1969 4704 2263 4762 senectutis
2289 4702 2631 4773 insignibus:
2671 4718 2805 4774 ruga
2829 4704 3029 4774 quippe
3068 4706 3365 4760 senectutis
3397 4705 3539 4759 indi-

1967 4797 2111 4854 cium
2160 4804 2262 4863 est,
2308 4802 2370 4849 ut
2420 4794 2497 4848 ait
2552 4793 2845 4864 Apostolus
2866 4795 2915 4827 ⁵⁸
2960 4809 2974 4846 :
3028 4793 3096 4849 Ut
3142 4796 3383 4851 exhibeat
3434 4797 3538 4851 sibi

1968 4889 2253 4962 gloriosam
2292 4886 2588 4942 Ecclesium
2607 4927 2622 4953 ,
2666 4903 2773 4941 non
2804 4885 3081 4941 habentem
3111 4888 3376 4942 maculam
3396 4930 3410 4956 ,
3443 4896 3537 4943 aut

1967 4996 2174 5051 rugam,
2210 4987 2302 5033 aut
2343 4977 2548 5049 aliquid
2579 4978 2906 5042 istiusmodi,
2938 4993 3117 5032 verum
3143 4989 3201 5034 ut
3242 4981 3311 5034 sit
3350 4989 3538 5035 sancta

1964 5083 2015 5127 et
2062 5070 2431 5126 immaculata.
2484 5069 2636 5125 Licet
2680 5069 2849 5140 igitur
2899 5085 2931 5125 a
2983 5079 3259 5126 senectute
3306 5081 3361 5126 et
3402 5088 3534 5142 ruga

1963 5163 2033 5217 ad
2079 5161 2419 5232 juventutem
2475 5160 2861 5216 transcendere
2904 5177 2919 5213 :
2966 5170 3020 5216 et
3061 5162 3166 5218 hoc
3209 5170 3295 5218 est
3338 5163 3392 5216 in
3435 5164 3536 5217 hac

1963 5260 2117 5322 parte
2147 5252 2413 5320 mirabile,
2444 5251 2589 5323 quod
2625 5266 2826 5321 corpus
2860 5252 2928 5307 ab
2963 5252 3327 5308 adolescentia
3359 5254 3537 5322 pergit

1966 5343 2033 5398 ad
2074 5344 2284 5400 senium
2311 5362 2326 5411 ;
2352 5344 2534 5398 anima
2587 5358 2716 5398 vero
2757 5344 2803 5399 si
2850 5345 3064 5400 venerit
3109 5344 3176 5399 ad
3208 5343 3529 5415 perfectum,

1966 5450 1996 5490 a
2026 5445 2241 5491 senecta
2294 5436 2350 5490 in
2392 5436 2814 5490 adolescentiam
2867 5436 3272 5492 transmittitur.
3326 5434 3533 5490 Idcirco

1962 5528 2174 5582 etiamsi
2202 5527 2432 5581 exterior
2459 5527 2612 5581 homo
2653 5537 2828 5581 noster
2871 5528 3226 5597 corrumpitur
3250 5568 3265 5593 ,
3328 5526 3417 5580 sed
3447 5529 3531 5582 in~

363 5686 407 5757 εξ
444 5685 982 5757 Ειεοιιιχινιιινη.
1058 5688 1101 5721 δ’
1126 5689 1140 5742 l
1166 5689 1293 5745 Cor.
1325 5707 1413 5753 xv,
1442 5690 1530 5746 49.
1606 5689 1649 5720 ⁸⁰
1672 5688 1863 5744 Matth-

1971 5730 1976 5750 .
2004 5691 2104 5755 15;
2166 5689 2331 5745 Marc.
2362 5706 2435 5757 Iv,
2469 5691 2503 5746 9
2524 5690 2676 5752 :Luc.
2705 5706 2822 5757 rm,
2847 5690 2898 5748 8.
2975 5692 3016 5723 "
3044 5688 3234 5755 Matth,
3267 5710 3399 5751 χιιι.
3432 5692 3525 5750 96.

292 5755 338 5788 ⁸²
359 5754 494 5809 Cen.
534 5772 571 5820 ι,
595 5756 686 5809 26.

799 5757 844 5788 "
873 5756 892 5811 I
922 5758 1078 5815 Joan.
1111 5775 1194 5827 ιιι,
1220 5760 1273 5816 ‘2.
1344 5761 1391 5793 "
1415 5759 1557 5816 l’sal.
1592 5775 1717 5828 ιλιι,
1743 5760 1826 5816 l9.

293 5824 339 5860 ⁸⁸
362 5824 558 5898 Ephes.
597 5842 649 5893 v,
670 5824 758 5882 ‘17.

1914 5760 2114 5817 "Luc.
2148 5777 2245 5830 xu,
2280 5760 2366 5817 «l2.
2444 5762 2488 5794 ⁸⁸
2511 5762 2656 5819 Psal.
2690 5777 2833 5830 XLIV,
2867 5761 2921 5828 4,
2955 5762 3007 5817 5.
3081 5761 3125 5793 ⁸⁷
3151 5762 3281 5822 ibid.
3324 5764 3413 5827 li,
3443 5762 3531 5821 l2.
