4070 6296
513 369 621 426 Ὶϋξί

1696 368 2019 425 ORIGENIS
2058 365 2125 421 IN
2164 367 2598 424 EZEGHIELEM

3677 374 3783 433 764

517 493 683 548 terior
709 501 990 550 renovatur
1015 494 1080 547 de
1104 492 1189 545 die
1218 492 1272 544 in
1301 490 1439 544 diem
1470 491 1537 548 ".
1570 491 1822 562 Oportuit
1852 501 1903 546 te
1934 505 2096 546 nosse
2121 492 2171 550 Α
2198 489 2529 545 tribuuntur.
2582 488 2637 544 Si
2698 476 3026 546 intellexeris
3084 500 3267 560 portas
3316 489 3658 551 Jerusalem.
3718 506 3779 547 et

513 586 766 642 decorem
804 600 966 655 quem
1006 599 1099 637 rex
1148 583 1525 652 concupiscit,
1573 581 1817 653 opo'rtuit
1859 591 1913 638 te
1951 584 2093 639 scire

514 692 640 734 eum
674 676 765 744 qui
801 675 1093 744 aliquando
1132 674 1232 729 fuit
1264 675 1478 729 decoris
1508 691 1711 730 corona
1741 692 1754 728 :
1783 683 1837 730 et
1880 685 1937 729 tu
1968 690 2092 730 cum

514 767 684 823 fueris
726 773 1054 821 consecutus
1097 767 1237 821 hanc
1279 767 1529 838 gloriam,
1567 784 1698 823 cave
1739 783 1807 823 ne
1844 783 2090 832 corruas,

512 861 559 915 si
595 858 812 928 quidem
850 867 906 913 et
945 859 1047 914 iste
1089 860 1181 930 qui
1230 862 1457 928 corruit,
1493 863 1832 933 signaculum
1861 872 1979 918 erat
2019 863 2093 917 si-

511 947 856 1014 militudinis,
888 949 1081 1018 plenus
1116 950 1403 1019 sapientia,
1436 961 1489 1007 et
1518 953 1733 1007 decoris
1764 969 1987 1008 corona.
2023 952 2091 1007 In

509 1038 711 1093 deliciis
765 1039 1008 1109 paradisi
1044 1040 1141 1096 Dei
1189 1044 1266 1095 tui
1321 1043 1628 1113 inquinatus
1667 1060 1721 1098 es
1753 1045 1819 1100 ⁸ο.
1860 1043 1979 1099 Νοη
2018 1045 2093 1100 ait

511 1127 834 1198 simpliciter
878 1131 1165 1199 paradiso,
1204 1134 1297 1188 sed
1347 1134 1400 1187 in
1447 1135 1709 1203 paradiso
1752 1135 2086 1192 deliciarum.

510 1220 707 1288 Quaero
750 1231 933 1276 utrum
989 1223 1099 1277 sint
1152 1225 1400 1293 quaedam
1461 1228 1695 1295 paradisi
1750 1227 2086 1295 diﬂ‘crentize,

511 1318 567 1367 et
610 1325 733 1364 cum
770 1311 894 1381 quis
939 1311 994 1365 in
1024 1315 1277 1382 paradiso
1305 1313 1400 1369 Dei
1432 1314 1614 1381 fuerit,
1653 1326 1830 1371 tamen
1873 1335 1980 1371 non
2020 1320 2093 1374 sit

509 1401 566 1455 in
594 1402 848 1470 paradiso
876 1402 1199 1458 deliciarum
1226 1446 1239 1467 ,
1271 1407 1414 1460 sicut
1448 1407 1587 1460 latro
1622 1407 1710 1461 ille
1740 1409 1916 1476 prima
1953 1411 2086 1463 hora

508 1507 636 1547 cum
665 1490 795 1549 Jesu
818 1491 1096 1563 ingressus
1119 1504 1204 1551 est
1227 1497 1564 1566 paradisum.
1627 1499 1683 1553 Si
1728 1514 1759 1552 a
1796 1511 1848 1554 te
1878 1515 2087 1570 rogem,

508 1593 739 1654 putasne
775 1586 829 1639 in
861 1588 1175 1655 paradisum
1215 1588 1583 1659 introgressus
1611 1600 1713 1658 est,
1736 1607 1943 1656 annon,
1980 1610 2088 1649 non

509 1675 739 1730 dubium
766 1676 896 1746 quin
924 1692 1049 1731 eum
1075 1685 1406 1748 respondeas
1442 1682 1856 1752 introgressum.
1884 1683 2091 1739 Deinde

511 1765 564 1843 si.
586 1781 806 1820 rursum
841 1782 872 1821 a
899 1767 1063 1840 4.οά
1093 1778 1144 1825 te
1170 1788 1433 1841 quaeram,
1464 1775 1597 1844 quid
1630 1790 1759 1845 ergo
1791 1776 2089 1848 introgres-

509 1873 608 1914 sus
638 1861 953 1930 paradisum
976 1904 991 1929 ,
1027 1865 1286 1921 statimne
1314 1866 1634 1921 deliciarum
1677 1869 1798 1924 loco
1828 1880 2088 1940 exceptus

509 1951 629 2007 est?
660 1952 811 2008 dicas
857 1953 1107 2019 forsitan,
1149 1959 1276 2026 quia
1312 1959 1487 2026 prima
1525 1960 1658 2014 hora
1700 1962 1978 2030 ingressus
2019 1964 2090 2019 sit

507 2041 851 2110 paradisum,
895 2045 948 2107 in
994 2045 1247 2114 paradiso
1291 2047 1609 2113 deliciarum
1639 2048 1733 2104 Dei
1760 2050 1943 2108 lactus
1977 2070 2087 2108 non

507 2139 611 2186 est.
647 2131 742 2186 Sin
771 2143 955 2189 autem
991 2120 1105 2204 jam
1135 2136 1337 2191 videris
1375 2154 1500 2193 eum
1538 2140 1894 2210 accipientem
1924 2142 2088 2196 deli-

507 2237 615 2292 gno
645 2224 790 2288 vitae,
822 2236 875 2280 et
914 2227 981 2280 de
1004 2229 1216 2284 cunctis
1266 2230 1556 2287 arboribus
1586 2248 1723 2302 quas
1765 2249 1873 2288 non
1916 2234 2086 2291 inter-

510 2316 650 2372 dixit
676 2316 842 2383 Deus,
878 2320 953 2376 ita
985 2330 1044 2375 ut
1085 2322 1152 2377 de
1191 2324 1340 2376 omni
1388 2312 1537 2393 ligno
1585 2326 1824 2394 paradisi
1872 2342 2089 2383 vescen-

510 2417 656 2476 tem;
699 2411 744 2465 si
776 2412 1058 2480 aspexeris
1087 2428 1234 2480 eum,
1279 2423 1334 2469 et
1367 2416 1513 2470 illius
1551 2416 1708 2487 ligni,
1751 2430 1805 2473 et
1840 2420 2084 2474 omnium

507 2515 631 2571 quae
660 2517 805 2556 nunc
838 2504 1110 2571 prohibita
1139 2521 1248 2560 non
1283 2506 1412 2574 sint,
1449 2507 1632 2563 cibum
1661 2510 1823 2565 edere
1848 2525 1863 2573 ;
1886 2520 1941 2568 et
1973 2527 2004 2565 a
2035 2520 2087 2567 te

506 2607 714 2662 rogem,
750 2602 978 2662 putasne
1013 2595 1116 2649 iste
1148 2612 1255 2650 non
1295 2598 1474 2653 solum
1530 2599 1582 2654 in
1624 2601 1880 2669 paradiso
1910 2601 2086 2658 factus

508 2690 616 2745 est,
651 2699 840 2739 verum
871 2686 1034 2741 etiam
1070 2687 1123 2741 in
1154 2689 1407 2757 paradiso
1436 2690 1751 2749 deliciarum
1788 2695 1879 2749 Dei
1907 2713 1919 2749 :
1948 2696 2079 2767 quid

507 2774 641 2828 mihi
700 2775 846 2830 aliud
898 2792 1264 2846 responsurus
1311 2795 1390 2847 es,
1439 2781 1546 2836 nisi
1579 2798 1704 2837 eum
1750 2785 1803 2838 in
1846 2787 2085 2855 paradisi

508 2867 720 2923 deliciis
757 2870 1157 2923 constitutum?
1194 2870 1276 2924 Ad
1304 2871 1445 2927 hanc
1480 2873 1871 2930 beatitudinem
1917 2885 1972 2931 tu
2009 2878 2088 2932 l'e—

507 2958 704 3023 stinas,
739 2958 836 3027 qui
866 2957 1070 3015 videris
1118 2960 1393 3030 plangere.
1443 2961 1547 3019 Iste
1574 2980 1704 3020 vero
1736 2966 1828 3035 qui
1875 2968 2089 3040 plangi-

507 3057 617 3112 tur,
644 3047 743 3102 fuit
771 3049 1047 3118 quondam
1079 3051 1132 3103 in
1163 3050 1374 3108 deliciis
1400 3052 1515 3108 Dei.

577 3140 632 3194 5.
678 3138 898 3194 Omnem
927 3140 1157 3210 lapidem
1197 3142 1387 3196 bonum
1423 3147 1641 3199 indutus
1680 3159 1778 3212 est,
1807 3150 2083 3204 sardinam
2110 3181 2157 3243 ο

504 3241 555 3285 et
590 3230 993 3296 carbunculum,
1037 3233 1343 3301 sapphirum
1383 3247 1431 3290 et
1467 3237 1748 3307 beryllum,
1790 3252 1839 3293 et
1870 3241 2086 3310 hyacin-

507 3323 681 3385 thum,
713 3336 764 3378 et
787 3323 991 3394 jaspim
1025 3325 1067 3355 ⁶¹
1089 3364 1104 3389 ,
1151 3335 1205 3380 et
1238 3326 1481 3397 reliquos
1529 3331 1812 3389 duodecim
1855 3332 2081 3402 lapides.

505 3413 751 3470 Dillicilis
799 3425 917 3482 est,
965 3425 1021 3472 et
1066 3418 1206 3472 ultra
1258 3419 1403 3475 vires
1451 3430 1670 3477 nostras
1718 3432 2085 3495 naturamque

510 3507 676 3577 hujus
707 3509 813 3564 loci
850 3524 910 3564 se
948 3511 1220 3580 expositio
1254 3513 1514 3570 sustollit.
1554 3513 1689 3580 Quis
1722 3517 1868 3571 enim
1899 3527 2083 3587 potest

512 3609 767 3655 naturam
815 3603 1249 3674 uniuscujusque
1306 3605 1502 3676 lapidis
1548 3624 1843 3679 exponere,
1892 3620 1946 3666 et
1990 3613 2085 3667 de-

513 3693 776 3760 scribere,
833 3695 949 3761 sive
994 3698 1258 3766 colorem,
1308 3700 1422 3755 sive
1468 3700 1579 3755 vim
1629 3701 1772 3771 ejus.
1820 3712 1879 3758 ut
1907 3705 2084 3760 valeat

508 3783 751 3854 reperire
794 3800 963 3854 quare
996 3787 1204 3856 lapides
1229 3788 1318 3843 isti
1357 3791 1625 3860 assumpti
1650 3791 1803 3846 sint?
1830 3793 2082 3848 Attamen

507 3875 634 3931 licet
659 3894 767 3933 non
793 3880 967 3935 simus
1009 3881 1164 3947 tales,
1197 3882 1293 3951 qui
1332 3892 1526 3938 cuncta
1574 3884 1873 3954 intelligere
1902 3887 2081 3955 possi-

501 3981 647 4027 mus,
694 3981 866 4035 pauca
912 3968 1222 4035 videamus,
1292 3972 1570 4041 quomodo
1617 3973 1902 4027 duodecim
1963 3973 2083 4031 istis

500 4056 770 4127 lapidibus
797 4059 1019 4116 indutus
1049 4060 1233 4117 fuerit.
1294 4062 1353 4117 Si
1380 4064 1467 4119 cui
1497 4064 1696 4119 divinae
1716 4066 1914 4121 litterae
1940 4083 2082 4129 cura:

501 4157 669 4203 sunt:
710 4150 776 4205 ad
810 4166 972 4220 quam
1017 4168 1134 4208 rem
1185 4170 1329 4224 saepe
1370 4157 1731 4212 exhortamur
1767 4159 2082 4213 adolescen-

499 4248 602 4308 tes,
654 4242 746 4299 sed
795 4252 851 4298 ut
884 4244 1061 4307 video,
1110 4246 1244 4301 nihil
1298 4248 1658 4316 proﬁcimus,
1701 4252 2082 4307 tantummodo

503 4339 744 4402 tempora
774 4345 1161 4390 consumentes
1189 4353 1202 4387 :
1238 4353 1345 4391 non
1368 4340 1525 4393 enim
1557 4340 1836 4409 potuimus
1864 4340 2080 4419 aliquos

500 4437 691 4479 eorum
721 4424 789 4479 ad
831 4425 885 4479 id
925 4426 1241 4494 perducere,
1290 4437 1349 4481 ut
1382 4429 1555 4485 sacris
1593 4432 1962 4487 voluminibus
1996 4432 2080 4486 in-

2198 588 2385 651 portas
2427 580 2549 635 tiliae
2593 580 2744 646 Sion,
2794 582 2884 636 ubi
2930 591 2985 636 et
3034 591 3251 651 oportet
3296 590 3348 637 te
3385 598 3584 638 canere
3618 582 3777 639 Deo:

2199 670 2438 726 Cantabo
2469 672 2689 742 quippe,
2723 673 2800 726 ait
2821 672 2888 735 ⁸⁸,
2923 688 3096 726 omnes
3129 672 3313 726 laudes
3348 684 3468 727 tuas
3511 676 3566 728 in
3605 680 3782 745 portis

2197 763 2327 833 filia:
2349 762 2511 830 Sion;
2545 766 2589 820 si
2636 765 3107 820 animadverteris
3134 766 3409 835 quomodo
3449 767 3674 824 indutus
3703 772 3782 826 sit

2199 856 2398 927 aliquis
2424 856 2710 912 duodecim
2738 858 3029 926 lapidibus,
3060 864 3113 912 et
3139 859 3421 927 ingressus
3443 858 3780 925 Jerusalem,

2195 957 2252 1003 et
2287 964 2385 1018 per
2417 949 2556 1003 alias
2599 959 2788 1019 portas
2830 950 3114 1021 ingressus
3137 992 3151 1016 ,
3195 951 3497 1021 conspicies
3533 954 3781 1023 virgines

2196 1040 2500 1096 duodecim.
2556 1040 2611 1095 In
2642 1042 2781 1097 libro
2810 1041 3071 1107 Pastoris,
3102 1043 3159 1097 in
3199 1059 3309 1113 quo
3339 1045 3560 1115 angelus
3590 1046 3775 1115 posui-

2196 1129 2418 1183 tentiam
2464 1130 2644 1192 docet,
2686 1131 2973 1186 duodecim
3020 1132 3257 1202 virgines
3309 1133 3509 1187 habent
3549 1137 3776 1189 nomina

2197 1236 2317 1285 sua,
2350 1221 2502 1285 lides,
2535 1223 2895 1288 continentia,
2942 1232 3047 1277 etc.
3093 1222 3327 1279 Potestis
3360 1226 3562 1294 quippe
3591 1227 3778 1296 legero

2196 1311 2241 1365 si
2283 1311 2465 1366 vultis.
2521 1311 2723 1367 Deinde
2785 1314 3006 1382 quando
3062 1315 3229 1369 turris
3276 1316 3596 1384 aediﬁcatur,
3643 1334 3774 1372 cum

2198 1403 2566 1472 assumpseris
2598 1402 2946 1458 fortitudines
2971 1405 3268 1473 virginum,
3304 1407 3506 1475 pariter
3533 1409 3775 1478 accipies

2195 1497 2251 1544 et
2293 1491 2346 1545 id
2371 1492 2513 1561 quod
2553 1492 2620 1546 de
2665 1493 2837 1561 portis
2886 1492 3087 1546 dicitur
3112 1510 3125 1546 :
3155 1504 3537 1551 ornamentum
3571 1497 3775 1566 quippe

2196 1580 2295 1634 tibi
2331 1590 2415 1636 est
2442 1597 2783 1652 unaquaeque
2823 1584 3037 1640 virtus:
3081 1592 3245 1654 atque
3269 1584 3343 1639 ita
3375 1586 3428 1639 in
3472 1586 3616 1642 hunc
3647 1604 3772 1642 mo-

2196 1671 2325 1726 dum
2375 1674 2809 1742 superaedilicant
2852 1674 3208 1732 fundamento
3255 1675 3481 1744 Christi,
3526 1695 3633 1733 non
3679 1696 3775 1734 so-

2197 1762 2307 1818 lum
2342 1780 2537 1819 aurum
2591 1779 2645 1821 et
2693 1778 3017 1837 argentum,
3066 1786 3256 1826 verum
3302 1782 3357 1826 et
3398 1772 3605 1841 lapides
3640 1789 3772 1843 pre-

2118 1846 2162 1901 B
2193 1856 2383 1912 tiosos.
2433 1855 2774 1914 Prohibitum
2800 1870 2885 1916 est
2911 1871 3091 1939 autem
3122 1863 3389 1919 aediﬁcare
3416 1914 3419 1919 .
3446 1865 3591 1939 ligna
3617 1907 3633 1932 ,
3683 1866 3771 1921 l'e-

2192 1963 2321 2001 num
2349 1958 2404 2002 et
2433 1950 2710 2020 stipulam.

2191 2025 2460 2095 decimus.
2901 2101 2905 2107 ,

2259 2131 2314 2183 4.
2361 2130 2427 2185 Ει
2464 2132 2624 2187 nobis
2662 2133 2841 2189 adhuc
2865 2133 3190 2204 imperatum
3217 2146 3299 2190 est
3330 2146 3390 2191 ut
3421 2137 3664 2193 dicamus
3693 2141 3767 2195 de

2191 2220 2356 2294 Tyro,
2399 2235 2453 2277 et
2483 2222 2721 2288 Sidone,
2761 2236 2816 2280 et
2842 2225 3147 2281 Pharaone.
3192 2228 3458 2298 Angustia
3508 2231 3768 2300 temporis

2191 2329 2365 2384 neque
2414 2316 2698 2387 superiora
2741 2333 2864 2386 quae
2909 2318 3178 2387 cmpimus
3227 2320 3454 2389 implere
3497 2323 3766 2391 permisit,

2188 2414 2243 2461 et
2295 2408 2409 2462 haec
2459 2425 2582 2477 (μιω
2632 2409 2888 2464 volumus
2943 2425 3205 2465 enarrare
3259 2412 3414 2480 quasi
3471 2416 3767 2468 commenti

2189 2516 2341 2554 more
2382 2503 2794 2572 perstringenda
2838 2515 2967 2558 sunt
2998 2504 3254 2559 breviter.
3290 2505 3654 2560 Gomminatio
3680 2518 3767 2562 est

2188 2592 2240 2646 in
2290 2590 2569 2660 Sidonem,
2620 2610 2743 2664 quae
2787 2595 3172 2665 interpretatur
3222 2605 3509 2652 venatores.
3566 2598 3764 2652 Anima

2187 2692 2369 2736 nostra
2397 2684 2534 2738 sicut
2561 2701 2745 2754 passer
2772 2695 2951 2756 erepta
2975 2695 3053 2740 est
3076 2687 3138 2741 de
3164 2686 3346 2757 laqueo
3373 2689 3678 2742 venantium
3694 2688 3762 2741 “.

2189 2772 2248 2828 Si
2292 2772 2555 2844 llebraiqe
2604 2777 2760 2847 legis,
2812 2778 2981 2834 habes
3026 2778 3094 2833 de
3146 2779 3340 2849 laqueo
3386 2777 3759 2837 Sidoniorum.

2189 2864 2351 2936 Igitur
2384 2866 2591 2921 Sidonii
2639 2879 2927 2924 venatores
2961 2879 3112 2936 sunt,
3160 2881 3209 2925 et
3244 2872 3600 2927 comminatio
3640 2887 3760 2941 qua:

2184 2958 2245 3012 tit
2276 2959 2329 3012 in
2358 2974 2475 3024 eos,
2513 2970 2732 3030 propter
2763 2972 2815 3016 te
2840 2961 2919 3025 ﬁt,
2948 2963 3207 3031 quoniam
3241 2964 3431 3017 volunt
3462 2975 3514 3019 te
3541 2980 3751 3031 capere,

2186 3058 2241 3104 et
2268 3050 2555 3120 diligenter
2578 3052 2870 3107 observant
2891 3055 3168 3123 quomodo
3209 3055 3482 3109 auditores
3506 3052 3748 3124 Scriptu-

2188 3159 2371 3198 rarum
2400 3144 2467 3198 de
2491 3142 2730 3198 Ecclesia
2761 3145 3016 3211 avellant,
3042 3145 3321 3214 quomodo
3347 3147 3414 3200 de
3441 3145 3635 3199 linibus
3654 3142 3753 3198 Ju-

2186 3235 2317 3288 ἀείδω
2340 3234 2406 3287 ad
2430 3234 2592 3289 linem
2620 3234 2840 3289 Sidonis
2865 3235 3232 3303 transferant;
3282 3251 3469 3290 verum
3512 3244 3568 3290 tu
3612 3234 3759 3288 omni

2186 3326 2433 3381 custodia
2456 3340 2609 3380 serva
2645 3340 2741 3380 cor
2771 3335 2957 3392 tuum,
2989 3335 3043 3381 et
3069 3327 3220 3382 disce
3250 3328 3376 3396 quia
3408 3327 3762 3383 comminatio

2185 3419 2241 3471 in
2282 3427 2566 3471 venatores
2598 3417 2674 3471 tui
2703 3432 2867 3474 causa
2893 3418 2984 3473 sit.
3050 3417 3127 3473 De
3174 3417 3458 3474 Pharaone
3487 3434 3616 3473 vero
3647 3419 3758 3489 jam

2184 3512 2367 3579 aliqua
2409 3524 2592 3564 sermo
2625 3511 2968 3573 memoravit,
2999 3509 3274 3566 afﬁrmans
3305 3525 3428 3565 eum
3469 3511 3758 3566 draconem

2185 3604 2460 3657 sedentem
2514 3602 2568 3657 in
2603 3601 2783 3657 medio
2809 3602 3117 3669 ﬂuminum,
3169 3615 3331 3672 atque
3377 3605 3648 3659 dicentem
3673 3604 3752 3659 ηε

2185 3694 2306 3749 Mea
2349 3705 2472 3750 sunt
2505 3696 2756 3765 ﬂumina,
2802 3704 2851 3748 et
2881 3712 2975 3766 ego
3002 3695 3105 3764 feci
3132 3696 3253 3750 illa.
3300 3694 3437 3751 Novi
3472 3712 3574 3767 ego
3601 3696 3758 3751 diﬂ‘e-

2183 3788 2390 3842 rentias
2421 3786 2731 3852 ﬂuminum,
2766 3795 2823 3840 et
2847 3787 2964 3840 scio
2997 3786 3219 3842 ﬂumina
3276 3789 3328 3841 in
3360 3788 3561 3857 quibus
3590 3786 3758 3842 draco

2184 3877 2392 3940 sedeat,
2413 3891 2576 3945 super
2597 3891 2719 3946 quas
2740 3875 2965 3930 ﬂumina
2988 3875 3042 3929 hi
3067 3877 3160 3946 qui
3191 3877 3259 3932 de
3284 3878 3452 3933 Israel
3473 3878 3614 3948 capti
3638 3876 3757 3932 fue—

2185 3969 2591 4033 rant,sedentes
2612 3984 2735 4023 cum
2763 3984 2982 4023 carmen
3014 3969 3144 4023 Sion
3170 3986 3366 4025 canere
3390 3986 3496 4025 non
3515 3980 3754 4040 possent,

2185 4060 2425 4126 ﬂebant,
2473 4058 2772 4115 secundum
2821 4061 2872 4114 id
2920 4060 3066 4129 quod
3114 4061 3168 4113 in
3218 4061 3445 4116 Psalmis
3493 4062 3755 4131 scriptum

2185 4161 2267 4207 est
2295 4153 2340 4184 “
2365 4170 2378 4206 :
2416 4150 2585 4222 Super
2607 4152 2833 4221 flumina
2858 4150 3147 4221 Babylonis
3182 4153 3293 4206 illic
3316 4153 3547 4208 sedimus
3581 4164 3636 4207 et
3660 4154 3757 4223 ﬂe-

2182 4246 2370 4299 vimus.
2402 4243 2467 4297 Et
2503 4244 2618 4299 scio
2653 4243 2800 4298 aliud
2832 4241 3056 4303 ﬂumen,
3092 4242 3249 4311 cujus
3288 4242 3523 4311 impetus
3572 4244 3748 4299 laetiﬁ-

2182 4348 2270 4393 cat
2303 4337 2577 4393 civitatem
2622 4335 2739 4403 Dei,
2771 4335 2929 4406 juxta
2972 4333 3277 4389 Psalmista:
3324 4351 3510 4390 vocem
3569 4336 3757 4391 dicen-

2183 4431 2253 4485 tis
2296 4431 2339 4462 "
2380 4448 2394 4484 :
2442 4428 2710 4483 Fluminis
2758 4428 2980 4495 impetus
3024 4426 3266 4496 lazli/icat
3320 4428 3587 4481 civitatem
3638 4427 3751 4482 Dei.

2790 1954 2943 2010 Intus
2988 1963 3072 2011 est
3106 1954 3268 2025 igitur
3323 1957 3425 2012 iste
3457 1957 3593 2028 lapis
3629 1959 3772 2015 duo-

500 4515 753 4571 sisterent
792 4531 806 4568 :
841 4523 896 4570 et
926 4514 1216 4571 duodecim
1252 4518 1375 4573 illos
1401 4520 1631 4589 lapides,
1662 4532 1718 4576 et
1742 4533 1938 4577 caetera
1981 4538 2072 4578 re-
2106 4516 2156 4576 D
2184 4521 2277 4578 Vis
2305 4522 2495 4577 audire
2526 4521 2650 4592 quis
2682 4528 2766 4574 est
2806 4520 2907 4575 iste
2936 4520 3136 4575 ﬂuvius
3164 4522 3322 4590 cujus
3350 4521 3583 4588 impetus
3615 4520 3753 4573 ιωιὶ-

499 4605 680 4674 quirat
720 4607 777 4660 in
814 4605 1135 4674 Scripturis.
1183 4607 1423 4663 inveniet
1462 4623 1516 4665 et
1542 4611 1597 4666 in
1628 4613 1950 4683 Apocalypsi
1979 4628 2074 4667 eo-

498 4698 619 4752 dem
650 4696 812 4751 modo
842 4705 1007 4769 atque
1029 4699 1217 4755 ordine
1244 4712 1586 4771 nuncupatos
1611 4704 1676 4758 “.
1713 4703 1819 4771 Qui
1854 4705 1927 4759 ibi
1957 4705 2072 4776 pri-

499 4800 647 4849 mus,
690 4793 744 4840 et
786 4786 877 4843 hic
908 4789 1119 4858 primus
1155 4796 1240 4844 est
1273 4790 1509 4860 positus,
1535 4792 1629 4861 qui
1665 4795 1940 4849 secundus
1985 4810 2074 4849 se-

498 4873 734 4939 cundus,
788 4876 880 4945 qui
904 4877 1095 4934 tertius
1147 4878 1362 4947 tertius,
1415 4881 1507 4949 qui
1551 4892 1781 4952 quartus
1818 4894 2071 4956 quartus,

498 4974 660 5035 atque
696 4967 767 5022 ita
804 4983 979 5039 usque
1003 4971 1067 5025 ad
1103 4971 1484 5029 duodecimum
1515 4975 1747 5045 lapidem
1787 4980 1925 5036 ordo
1954 4997 2071 5037 ser-

495 5070 655 5115 vatus
704 5070 807 5117 est.
901 5063 1012 5118 Cur
1054 5080 1184 5137 ergo
1226 5075 1283 5122 et
1337 5082 1500 5137 super
1548 5084 1658 5139 quo
1707 5071 1914 5141 lapides
1982 5075 2072 5131 isti

495 5151 551 5206 in
618 5154 941 5226 Apocalypsi
1013 5159 1306 5225 nuncupati
1361 5160 1523 5215 sunt?
1642 5160 1844 5233 Utique
1910 5182 2075 5236 super

506 5250 695 5310 portas
740 5242 1040 5298 Jerusalem
1089 5246 1346 5302 caelestis.
1426 5247 1613 5317 Ibique
1680 5249 1881 5304 dicitur
1942 5252 2071 5322 quia

496 5338 674 5402 prima
723 5343 878 5403 porta
930 5336 1202 5404 topazium
1251 5337 1359 5402 sit,
1412 5340 1651 5393 secunda
1712 5345 2067 5413 smaragdus,

496 5429 653 5482 tertia
683 5429 1080 5494 carbunculus,
1113 5438 1306 5499 quarta
1335 5431 1662 5500 sapphirus:
1701 5442 1865 5504 atque
1899 5436 1973 5491 ita
2015 5438 2067 5492 in

499 5516 645 5574 hunc
675 5522 893 5575 modum
921 5521 975 5575 iu
1004 5521 1247 5590 singulas
1273 5530 1457 5592 portas
1490 5523 1691 5594 singuli
1721 5526 1928 5597 lapides
1953 5528 2068 5583 dis-

565 5654 609 5686 ”
634 5653 677 5705 11
699 5653 824 5708 Cor.
862 5673 935 5718 Iv,
962 5657 1049 5711 16.

495 5737 684 5792 cxxtu,
711 5723 761 5777 7.
800 5726 844 5758 “
889 5725 1064 5781 Ezech
1124 5743 1274 5792 χχιχ,
1330 5728 1383 5781 '5.

497 5792 544 5825 ⁷ο
572 5791 729 5846 Joan.
757 5810 853 5859 vn,
882 5794 972 5850 38.

1126 5657 1170 5694 6°
1194 5655 1390 5712 Ezech.
1420 5676 1611 5724 xxvm,
1645 5662 1727 5716 l5.
1802 5663 1846 5695 ⁶¹
1870 5663 2066 5720 Ezech.
2104 5680 2294 5725 xxx-tn,
2327 5664 2408 5718 15.
2485 5662 2529 5693 ⁶¹
2556 5662 2724 5728 Apoc.
2764 5679 2876 5715 χχι.

1449 5731 1494 5761 ⁸⁸
1539 5731 1680 5786 Psal.
1716 5736 1994 5802 cxxxvt,l.
2068 5734 2110 5767 "’
2138 5735 2280 5789 Psal.
2315 5733 2508 5803 nas.
2587 5732 2758 5788 “lsa.
2801 5749 2950 5796 ιδῃ,
2987 5733 3067 5787 12.
3142 5729 3368 5787 "Joan.
3418 5748 3491 5799 tv,
3532 5732 3615 5799 l3,
3651 5731 3737 5788 li.

2180 4614 2304 4669 licat
2331 4614 2604 4668 civitatem
2636 4610 2774 4667 Dei?
2798 4609 2959 4666 Jesus
2985 4610 3239 4666 Christus
3273 4610 3538 4666 Dominus
3570 4622 3754 4665 noster

2177 4713 2264 4759 est
2312 4703 2512 4758 ﬂuvius
2557 4702 2714 4771 cujus
2769 4702 3006 4771 impetus
3053 4702 3292 4757 laztilicat
3334 4701 3606 4756 civitatem
3634 4700 3751 4757 Dei.

2176 4797 2285 4852 Iste
2324 4803 2407 4850 est
2440 4793 2535 4864 qui
2573 4793 2652 4847 ait
2683 4796 2785 4863 per
2823 4792 3017 4848 Isaiam
3044 4793 3129 4846 '3:
3176 4792 3311 4848 Ecce
3341 4810 3433 4863 ego
3466 4793 3672 4848 declina
3698 4795 3752 4847 in

2175 4903 2262 4942 vos
2286 4886 2438 4957 quasi
2463 4885 2653 4954 ﬂuvius
2679 4884 2846 4955 pacis.
2899 4883 3026 4940 Scio
3059 4899 3159 4952 ego
3191 4885 3457 4955 quosdam
3490 4901 3612 4942 esse
3655 4886 3754 4940 ﬂu—

2177 4979 2297 5034 vios
2319 4975 2705 5047 repromissos,
2733 4976 2826 5046 qui
2855 4991 2922 5030 ex
2957 4977 3057 5031 hoc
3085 4976 3252 5032 ﬂuvio
3285 4984 3527 5033 manant.
3566 4977 3752 5033 Omnis

2177 5072 2321 5128 enim
2372 5069 2462 5138 qui
2512 5067 2703 5121 biberit
2749 5083 2813 5121 ea:
2845 5085 2986 5139 aqua
3020 5070 3147 5135 ista,
3190 5070 3336 5123 sitiet
3379 5086 3589 5124 rursum
3615 5085 3633 5121 :
3661 5071 3753 5141 qui

2178 5173 2353 5216 autem
2392 5158 2579 5229 biberit
2615 5173 2680 5211 ea;
2715 5175 2853 5229 aqua
2881 5176 3042 5229 quam
3086 5176 3178 5229 ego
3217 5160 3427 5224 dedero,
3468 5161 3545 5214 ait
3567 5158 3749 5226 Jesus,

2179 5271 2280 5308 non
2310 5254 2452 5307 sitiet
2495 5254 2551 5306 in
2588 5262 2878 5317 aztcrnunt,
2920 5252 3009 5307 sed
3056 5254 3155 5306 erit
3203 5254 3395 5322 ﬂuvius
3433 5254 3489 5306 in
3528 5269 3588 5307 eo
3633 5254 3749 5322 [om

2177 5362 2326 5415 aqua:
2355 5344 2595 5398 salientis
2632 5345 2686 5397 in
2729 5345 2892 5399 vitam
2939 5355 3192 5398 a’ternam
3210 5340 3375 5411 °°;et:
3407 5344 3660 5398 Flumina
3687 5345 3749 5399 de

2176 5447 2349 5490 ventre
2369 5435 2481 5505 ejus
2511 5436 2841 5505 egredientur
2861 5437 2907 5470 ⁷ο
2928 5477 2940 5488 .
2984 5434 3161 5491 Habes
3203 5436 3366 5505 igitur
3394 5434 3591 5489 ﬂuvios
3623 5452 3749 5490 san-

2177 5537 2294 5583 ctos
2334 5542 2366 5581 a
2393 5527 2596 5596 quibus
2636 5526 2827 5597 procul
2869 5536 2951 5581 est
3026 5531 3216 5589 draco,
3278 5525 3569 5591 Qumnodo
3604 5529 3746 5580 enim

2987 5663 3029 5693 ⁸³
3054 5662 3196 5717 Psal.
3249 5680 3325 5718 Ix.
3359 5662 3439 5715 I5.
3519 5660 3567 5694 ⁸⁸
3593 5660 3716 5715 Psal
