4070 6296
352 387 464 442 αδδ

1746 391 2031 447 HOMILIA
2066 390 2206 447 XIV.

3514 387 3615 443 ’766

350 505 470 553 tria
526 509 652 554 sunt
699 499 1048 569 impossibilia
1097 501 1226 556 mihi
1271 502 1341 556 ad
1393 502 1809 573 intelligendum,
1855 521 1937 558 tua
1963 510 2013 583 Α
2040 508 2305 577 gredietur
2330 505 2615 560 secundum
2655 505 2794 559 viam
2833 501 2969 572 ejus,
2995 509 3044 555 et
3086 500 3381 571 egredietur
3405 498 3472 552 ’³.
3512 501 3615 554 Do-

353 590 618 661 serpenti's
651 606 816 660 supra
847 600 1053 661 petram
1075 593 1142 658 7‘,
1199 600 1350 661 petra
1397 602 1578 648 autem
1634 600 1754 647 erat
1780 591 1941 648 Chri-

352 692 496 748 stus,
534 690 590 736 et
617 697 726 736 non
755 691 840 737 est
867 683 950 737 via
976 683 1245 752 serpentis
1278 682 1369 737 ubi
1391 691 1474 739 est
1496 680 1692 749 Jesns;
1719 684 1801 738 sic
1831 699 1938 740 non

351 785 584 840 possum
625 771 681 825 in
722 771 809 827 his
838 771 1154 827 ﬂuminibus
1198 771 1452 828 draconis
1491 772 1736 827 invenire
1772 775 1939 828 vesti-

351 863 465 933 gia.
507 862 611 919 Est
652 872 834 921 autem
865 864 1086 935 quidam
1124 862 1322 919 ﬂuvius
1365 880 1528 937 quem
1568 865 1734 922 draco
1776 865 1933 921 fecit:

349 947 486 1002 dicit
526 950 730 1021 quippe
770 952 967 1020 draco,
1003 961 1059 1006 et
1088 951 1455 1008 comminatur
1483 952 1624 1009 Deus
1667 963 1778 1009 tam
1810 955 1938 1010 dra.

346 1039 499 1105 coni,
541 1056 707 1110 quam
754 1041 933 1097 ﬂuviis
980 1043 1033 1098 in
1073 1044 1274 1114 quibus
1300 1053 1384 1098 est
1428 1045 1629 1100 draco:
1658 1044 1780 1099 Mea
1812 1055 1935 1100 sunt

345 1131 609 1199 ﬂumina,
658 1142 707 1187 et
748 1150 841 1203 ego
880 1135 980 1204 feci
1021 1135 1116 1188 illa
1135 1136 1202 1190 τ’.
1251 1135 1394 1190 Audi
1445 1136 1760 1192 hareticum
1808 1152 1934 1192 cum

346 1217 507 1272 omni
538 1221 782 1274 versutia
815 1233 869 1275 et
902 1221 1120 1292 ingenio
1153 1223 1534 1293 praedicantem
1571 1225 1803 1280 necdum
1844 1241 1936 1283 ve-

344 1308 501 1363 nisse
526 1308 714 1366 Jesum
741 1311 1042 1368 Christum.
1071 1313 1174 1369 Ista
1213 1325 1341 1370 sunt
1369 1315 1599 1370 ﬂumina
1647 1316 1700 1371 in
1733 1317 1933 1387 quibus

343 1411 607 1456 versatur
648 1402 835 1468 draco,
885 1413 940 1458 et
988 1405 1105 1475 ipse
1152 1406 1281 1462 fecit
1321 1422 1410 1474 ea,
1456 1417 1511 1462 et
1547 1408 1681 1463 dicit
1723 1409 1929 1467 draco:

345 1488 471 1543 Mea
500 1501 626 1545 sunt
675 1490 836 1564 405
884 1495 1131 1563 flumina,
1179 1505 1231 1550 et
1276 1513 1369 1568 ego
1411 1497 1514 1567 feci
1556 1497 1674 1553 illa.
1724 1498 1932 1556 Idcirco

342 1581 642 1654 diligenter
698 1586 915 1640 attende
961 1601 1086 1642 cum
1137 1603 1334 1659 aquam
1390 1589 1630 1658 biberis,
1674 1606 1744 1646 ne
1791 1591 1932 1647 forte

341 1671 412 1726 de
448 1670 550 1728 illo
585 1675 751 1730 ﬂuvio
800 1676 957 1732 bibas
1000 1677 1054 1731 in
1097 1694 1206 1749 quo
1254 1679 1394 1735 sedit
1435 1680 1601 1736 draco
1627 1698 1642 1748 ;
1668 1683 1762 1737 sed
1804 1683 1931 1739 bibe

340 1779 411 1817 ex
441 1780 593 1836 aqua
619 1767 741 1822 viva
776 1776 831 1823 et
861 1768 929 1824 de
962 1784 1028 1825 eo
1063 1769 1228 1826 ﬂuvio
1259 1770 1314 1824 in
1346 1787 1457 1843 quo
1481 1783 1566 1830 est
1594 1789 1775 1831 sermo
1807 1772 1928 1841 Dei,

2042 596 2225 650 minus
2247 593 2391 649 Deus
2417 591 2789 649 universitatis
2817 588 3065 645 conditor
3102 603 3197 656 per
3227 586 3463 655 aliquam
3489 600 3620 653 por-

2039 692 2173 747 tam,
2194 696 2317 751 qua
2341 697 2405 736 ex
2439 680 2680 736 sensibili
2710 678 2933 733 materia
2956 685 3059 743 est,
3079 685 3240 745 atque
3264 677 3448 730 clausa
3470 690 3614 729 sem-

2039 785 2157 840 per,
2184 771 2486 841 ingreditur
2517 779 2571 825 et
2587 768 2883 838 egreditur,
2901 773 2955 821 et
2969 765 3087 835 ejus
3109 781 3269 820 causa
3294 764 3386 834 qui
3412 764 3609 819 calum

2039 872 2348 932 terramque
2376 862 2643 927 fundavit,
2691 860 2997 931 ingrediens
3052 867 3107 913 et
3166 857 3446 926 egrediens
3480 874 3613 912 nus-

2037 969 2199 1023 quam
2232 962 2387 1025 porta
2408 954 2762 1009 reserabitur.

2105 1046 2161 1100 2.
2185 1044 2386 1101 Verum
2426 1045 2533 1100 alia
2569 1046 2705 1099 ratio
2731 1053 2815 1099 est
2845 1050 3015 1111 porta
3044 1040 3355 1105 exterioris,
3413 1049 3468 1094 et
3515 1055 3606 1095 se-

2035 1137 2276 1193 cundum
2305 1136 2449 1193 viam
2478 1145 2811 1192 sanctorum.
2847 1134 2979 1201 Qua
3003 1143 3236 1203 estergo
3266 1132 3354 1188 illa
3385 1133 3524 1188 ratio
3550 1139 3609 1187 ut

2035 1228 2221 1282 clausa
2242 1227 2596 1297 permaneat?
2623 1226 2982 1296 Supradictus
3008 1225 3119 1279 dux
3173 1223 3246 1277 ibi
3304 1225 3454 1278 sedet
3484 1265 3498 1289 ,
3549 1233 3608 1278 ut

2034 1333 2191 1373 nemo
2219 1333 2344 1372 eum
2379 1318 2561 1373 videat
2590 1316 2839 1372 edentem
2867 1330 3060 1384 panem
3093 1315 3146 1368 in
3172 1324 3465 1383 conspectu
3503 1313 3610 1367 Do-

2034 1411 2187 1469 mini.
2214 1409 2317 1477 Qui
2350 1412 2466 1467 hac
2489 1411 2775 1465 observate
2803 1409 2931 1478 legit
2975 1422 3155 1461 nonne
3203 1408 3607 1477 quodammodo

2035 1501 2375 1571 Scripturam
2406 1500 2559 1554 audit
2580 1500 2894 1569 loquentem
2918 1499 2962 1530 ⁷⁸
2992 1516 3005 1552 :
3043 1495 3210 1564 Surge
3232 1499 3322 1567 qui
3358 1496 3556 1551 dormis
3584 1499 3609 1551 ?

2030 1592 2225 1649 Nonne
2255 1593 2568 1648 stimulatur
2590 1600 2649 1645 ut
2675 1598 2933 1658 exsurgat
2958 1604 2986 1641 a
3014 1589 3266 1655 mortuis,
3298 1597 3353 1642 et
3390 1603 3451 1642 ea
3482 1603 3606 1658 qua

2031 1685 2217 1743 clausa
2241 1693 2370 1741 sunt
2410 1682 2656 1754 quarat?
2680 1681 2793 1751 Ego
2829 1680 3090 1735 audenter
3106 1680 3280 1734 dicam
3310 1680 3606 1734 secretiora

2031 1792 2259 1848 quaque
2285 1776 2470 1830 clausa
2492 1789 2635 1840 esse,
2667 1786 2722 1828 et
2743 1771 3110 1827 manifestiora
3140 1781 3400 1833 reserata,
3419 1779 3471 1824 et
3493 1786 3603 1825 non

339 1856 399 1910 in
427 1872 546 1927 quo
569 1857 833 1915 Dominus
854 1870 1038 1916 noster
1056 1860 1215 1919 Jesus
1237 1862 1520 1921 Christus:
1543 1868 1632 1922 cui
1653 1875 1736 1925 est
1759 1865 1930 1938 gloria
1962 1861 2003 1915 Β
2029 1881 2152 1926 esse
2181 1868 2388 1922 clausa.
2412 1864 2730 1935 Aperientes
2760 1880 2823 1917 ea
2845 1879 2967 1933 qua
2987 1863 3170 1918 clausa
3189 1872 3336 1924 sunt,
3370 1861 3483 1916 hac
3502 1875 3603 1915 nos

338 1958 397 2004 et
420 1949 721 2021 imperium
754 1950 809 2006 in
840 1953 1038 2008 sacula
1062 1956 1409 2012 saeculorum.
1436 1954 1634 2019 Amen.

910 2064 1196 2122 HOMlLlA
1228 2067 1370 2124 XIV.

339 2172 423 2228 De
440 2190 503 2228 eo
528 2174 666 2244 quod
698 2175 897 2230 dicitur
923 2177 972 2209 ⁷³
998 2192 1018 2230 :
1059 2195 1079 2229 ι
1112 2176 1280 2232 Porta
1302 2180 1413 2237 hac
1437 2182 1622 2235 clausa
1653 2182 1753 2235 erit
1777 2223 1792 2245 ,
1830 2198 1933 2235 non

419 2246 710 2321 aperietur,
742 2254 792 2300 et
821 2261 970 2321 nemo
999 2262 1092 2314 per
1125 2264 1241 2301 eam
1279 2251 1548 2317 transibit,
1577 2251 1706 2321 quia
1743 2251 1929 2307 Domi-

417 2329 520 2368 nus
542 2313 685 2368 Deus
710 2314 960 2370 transibit
990 2313 1083 2385 per
1097 2333 1235 2373 eam.
1273 2336 1292 2368 ι

420 2422 478 2478 1.
515 2423 580 2477 Et
611 2425 687 2478 ait
732 2424 986 2481 Dominus
1027 2427 1097 2481 ad
1149 2443 1304 2484 eum:
1366 2428 1537 2485 Porta
1584 2430 1697 2488 hazc
1743 2431 1929 2489 clausa

336 2513 469 2576 erit,
501 2529 606 2568 non
635 2515 930 2583 aperietur,
962 2525 1012 2570 et
1044 2532 1193 2571 nemo
1217 2534 1311 2588 per
1347 2536 1465 2574 eam
1500 2521 1771 2588 transibit,
1800 2524 1928 2593 quia

336 2603 608 2659 Dominus
634 2606 771 2660 Deus
795 2604 969 2661 Israel
997 2608 1239 2664 transibit
1269 2626 1362 2679 per
1390 2621 1589 2676 eam,et
1612 2614 1921 2683 egredietur,

334 2702 390 2746 et
409 2694 514 2746 erit
542 2694 750 2752 clausa.
781 2696 977 2754 Portas
1031 2699 1216 2769 plures
1269 2700 1384 2772 (5‘2)
1438 2702 1626 2772 templi
1667 2703 1928 2765 describit

338 2784 658 2851 specialiter
680 2785 930 2844 Ezechiel
960 2790 1104 2847 titius
1131 2792 1391 2858 hominis,
1422 2802 1479 2848 et
1525 2794 1670 2863 quod
1706 2797 1773 2851 de
1804 2798 1925 2853 sin-

338 2871 489 2941 gulis
528 2874 873 2945 descripserit
906 2881 1101 2950 portis,
1128 2897 1276 2937 nunc
1325 2898 1519 2938 rursus
1559 2886 1785 2953 exponit
1837 2886 1922 2943 his

335 2962 438 3031 qui
464 2964 664 3020 habent
689 2982 851 3023 aures
871 2970 937 3024 ad
961 2972 1313 3038 audiendum,
1333 2973 1400 3027 de
1424 2983 1583 3044 porta
1605 2984 1918 3033 sanctorum

332 3055 613 3109 exteriore
638 3072 761 3125 qua
790 3060 1010 3129 respicit
1035 3073 1226 3118 contra
1254 3064 1544 3132 orientem,
1573 3075 1629 3122 et
1648 3068 1834 3125 clausa
1851 3071 1922 3126 sit

334 3160 577 3214 semper.
612 3146 681 3202 Et
713 3150 791 3202 ait
827 3150 1084 3206 Dominus
1112 3153 1184 3207 ad
1209 3171 1328 3209 eum
1354 3171 1373 3209 :
1402 3152 1565 3211 Porta
1595 3159 1705 3213 haec
1733 3159 1919 3216 clausa

276 3292 287 3300 ,
331 3237 460 3301 erit,
496 3255 601 3293 non
631 3244 919 3310 aperietur,
946 3252 995 3297 et
1022 3261 1172 3299 nemo
1206 3263 1299 3319 per
1325 3264 1443 3302 eam
1477 3249 1757 3316 transibit,
1789 3252 1915 3322 quia

335 3328 602 3384 Dominus
654 3332 797 3388 Deus
826 3333 999 3389 Israel
1025 3336 1348 3405 ingredietur
1374 3356 1469 3408 per
1487 3356 1603 3394 eam
1629 3382 1645 3406 ,
1675 3351 1721 3395 et
1764 3358 1913 3413 egre-

332 3420 532 3488 dictur,
562 3435 609 3477 et
656 3426 754 3479 erit
792 3426 998 3482 clausa.
1051 3427 1119 3483 Et
1165 3429 1328 3485 aliam
1372 3447 1593 3486 causam
1624 3433 1736 3503 (55)
1766 3435 1915 3489 addit

330 3529 432 3567 cur
453 3514 639 3570 clausa
666 3517 737 3572 sit
764 3528 941 3587 porta,
974 3535 1083 3575 non
1114 3521 1289 3576 solum
1320 3525 1448 3592 quia
1474 3523 1738 3580 Dominus
1771 3524 1913 3580 Deus

332 3606 594 3661 transibit
622 3622 717 3677 per
735 3623 877 3675 eam,
915 3611 1009 3666 sed
1034 3611 1161 3680 quia
1182 3621 1236 3666 et
1264 3613 1375 3667 dux
1405 3615 1611 3669 sedebit
1639 3617 1693 3670 in
1726 3630 1789 3671 ea
1810 3654 1826 3678 ,
1856 3624 1917 3669 ιιι

328 3697 585 3751 comedat
603 3713 794 3767 panem
843 3716 1028 3755 coram
1091 3702 1366 3771 Domino,
1415 3707 1715 3760 secundum
1773 3708 1914 3761 viam

326 3784 524 3842 Eloam
550 3829 568 3857 ,
594 3791 739 3859 quod
778 3790 1165 3861 interpretatur
1187 3794 1499 3848 vestibulum
1525 3804 1716 3864 portat.
1740 3794 1810 3849 Et
1830 3797 1915 3850 in-

398 3931 444 4002 '_‘
473 3927 638 3983 Prov.
673 3944 806 4002 ass,
841 3929 929 4002 b8.
969 3999 977 4002 _
1004 3930 1050 3963 ¹¹²
1073 3929 1271 3986 Ezech.
1295 3948 1448 3999 uix,
1474 3933 1529 3989 5.
1609 3934 1655 3967 ⁷³
1680 3933 1878 3991 Ezech.
1914 3952 1923 3989 ι

2020 3951 2057 4002 t',
2086 3935 2142 3991 2.
2214 3936 2261 3969 ⁷⁸
2288 3937 2422 3992 ibid.
2452 3939 2506 3991 5.

324 4001 370 4035 τ’
400 3999 511 4056 lsa.
534 4012 686 4064 xxtx,
712 3999 804 4056 12.
877 3998 923 4032 ⁷⁸
951 3999 1120 4070 Apoc.
1152 4018 1203 4068 γ,
1232 4001 1289 4067 2,
1312 4002 1368 4071 5,
1394 4003 1450 4071 4,
1481 4004 1535 4057 5.

399 4165 517 4236 (52)
535 4164 724 4220 Portas
745 4164 940 4235 plures,
956 4173 1062 4221 etc.
1077 4165 1295 4222 Catena
1321 4183 1479 4236 mss.:
1499 4167 1707 4232 Πολλὰς
1731 4168 1904 4233 πύλας

317 4229 619 4311 ριηξγρᾶφει
651 4237 680 4288 ὁ
707 4229 821 4311 υ-ἱὸς
864 4229 959 4311 Ιτεοῦ
1007 4236 1294 4311 ἀνρρῴςποι)
1332 4229 1621 4311 Ἰεζεκιὴλ,
1654 4229 1747 4311 καὶ
1776 4229 1906 4311 περὶ

309 4301 891 4381 ὲηδεάζέτηζ-διηχήσαεςῤ
915 4322 986 4358 τι·
1029 4301 1125 4381 Υῦῠ
1151 4307 1234 4381 ’δὲΔ
1254 4301 1517 4381 διηγξῖται
1537 4301 1663 4381 Emi;
1693 4301 1905 4381 ἔχουσιν

317 4368 442 4430 ὦτα
477 4368 604 4446 πὲρι
641 4368 754 4445 τῆξ
784 4375 959 4445 πύλης
989 4374 1094 4429 τῶν
1139 4368 1453 4447 ἁγίων’ἷιῆς
1500 4368 1770 4463 egon-ipa};
1811 4379 1911 4465 γῆς

321 4444 473 4518 κατὰ
517 4444 827 4518 ἀνατολάςχ
853 4446 982 4518 περ)
1030 4442 1101 4518 ἦς
1148 4447 1484 4518 γέγραπται,
1532 4465 1613 4518 οτι
1658 4449 1697 4515 ἠ
1746 4452 1909 4515 πυλη

327 4595 413 4639 tas
446 4584 695 4638 describit
728 4584 873 4653 ﬁlius
924 4586 1151 4640 hominis
1183 4587 1427 4641 Ezechiel
1448 4584 1476 4652 ,⁷
1507 4597 1556 4641 et
1594 4589 1658 4641 de
1684 4584 1909 4655 singulis

323 4655 927 4727 quidpiamenarravit;
955 4672 1092 4709 nunc
1120 4667 1295 4711 autent
1326 4659 1393 4711 iis
1423 4658 1513 4727 qui
1540 4673 1694 4712 aures
1720 4658 1911 4711 habent

325 4723 544 4778 disserit
587 4723 652 4777 de
696 4735 852 4792 porta
903 4738 1209 4779 sanctorum
1252 4723 1506 4781 exteriori
1541 4728 1610 4780 ad
1657 4728 1909 4781 trientem

325 4797 457 4854 sita.
489 4794 554 4847 de
576 4811 679 4863 qua
703 4795 958 4861 scriptum
984 4805 1061 4850 est
1084 4813 1104 4852 :
1139 4815 1158 4849 ι
1197 4796 1364 4852 Porta
1389 4797 1501 4851 haec
1527 4799 1856 4871 clausaerit,
1884 4818 1904 4850 ι

325 4876 371 4917 et
409 4879 530 4933 qua:
553 4874 871 4933 sequuntur.

401 4931 516 5008 (55)
534 4931 608 5008 Et
626 4931 800 5008 aliam
821 4949 1059 5008 causam,
1084 4944 1190 4991 etc.
1206 4934 1437 5008 Catena
1461 4952 1620 4992 mss.:
1645 4938 1720 4991 Οὐ
1748 4937 1910 5008 μόνον

344 5006 445 5094 es
462 5007 679 5094 “ire;
695 5005 1269 5094 ξέεδεεῆδρζισριῂὲ
1284 5008 1556 5094 eam
1579 5010 1666 5094 διᾲ
1685 5005 1908 5094 sine

344 5074 843 5153 ληεςηκέιελεισσιαιζ
867 5074 987 5153 ait:
1014 5075 1096 5128 ὅτι.
1123 5074 1274 5153 xeno
1304 5074 1606 5153 ήγιέύμενος
1641 5074 1915 5153 satisan-

345 5162 438 5198 ται
477 5148 534 5215 ἐν
567 5146 752 5215 ἐκείνῃ
779 5146 846 5215 τῇ
896 5143 1074 5215 guilty,
1103 5146 1198 5197 τοῦ
1237 5143 1432 5213 φαγεῖν
1446 5143 1457 5179 ί
1473 5148 1636 5215 ἄρτον
1669 5143 1914 5207 ἐναντιόν
1944 5164 1954 5173 ⁸

348 5214 556 5292 ξίυριου
580 5202 846 5292 διατῖἶτῂξ
864 5213 978 5266 ὁδὸν
996 5202 1195 5292 iniu,
1221 5202 1359 5292 ᾇπέρ
1391 5202 1917 5292 ἐρμήνειὲεταιῗιέρδλ-

350 5283 514 5355 eum
544 5284 737 5357 πύλης.
776 5284 901 5357 Non
929 5284 1099 5337 solum
1143 5283 1550 5357 quianominus
1584 5288 1721 5341 Dens
1751 5283 1916 5347 Israel

352 5357 541 5407 transit
572 5355 826 5422 per—eam,
855 5355 1036 5408 clausa
1070 5362 1166 5414 est,
1197 5355 1285 5408 sed
1305 5356 1463 5408 etiam
1491 5358 1617 5423 quia
1637 5359 1746 5412 dua:
1774 5364 1913 5415 sedet

349 5424 506 5494 inea,
539 5435 595 5477 ut
624 5426 855 5478 comedat
888 5440 1073 5493 panem
1114 5441 1295 5478 coram
1329 5425 1549 5479 Domino
1571 5427 1731 5494 juxta
1778 5434 1914 5486 uiam

353 5492 558 5558 Aflam,
585 5496 721 5563 quod
744 5492 1129 5562 interpretatur
1156 5495 1470 5548 vestibulum
1499 5492 1680 5563 porta}.

423 5563 536 5635 (54)
562 5567 655 5635 Est
688 5566 851 5635 igitur
879 5564 1332 5635 qucedamclavis,
1364 5575 1468 5618 etc.
1496 5565 1712 5635 Catena
1739 5584 1869 5624 mss.
1898 5588 1911 5624 :

351 5633 413 5685 Ei
448 5634 479 5700 ἡ
510 5633 717 5705 γνῶσις
738 5633 920 5705 κλεῖδα
950 5636 1085 5702 ἔχει,
1117 5633 1192 5697 ὡς
1219 5637 1248 5686 ὁ
1281 5634 1485 5705 Κύριος
1514 5634 1662 5705 λέγει
1686 5642 1798 5699 τοῖς
1826 5657 1915 5691 νο-

358 5704 556 5774 μικοῖς,
595 5740 611 5765 ,
645 5704 754 5772 ἄρα
787 5704 926 5773 πύλη
954 5705 1072 5774 ἐστὶ
1098 5708 1212 5768 τοῖς
1245 5706 1344 5774 μὲν
1374 5703 1681 5773 ἀνθρώποις
1707 5710 1917 5763 κεκλει-

358 5772 526 5846 σμένη
543 5773 663 5846 ξρτὰ
698 5773 804 5846 γὰρ
832 5772 977 5846 Egbert
1004 5773 1104 5842 τῆς
1125 5772 1307 5846 fruiti};
1334 5772 1487 5828 ἐστὶν
1509 5775 1536 5828 ὅ
1559 5778 1590 5846 d
1610 5777 1917 5846 ὀφθαλμὸς

356 5845 467 5895 obit
507 5838 649 5907 stes,
686 5838 788 5896 καί
826 5839 932 5908 οὖς
973 5838 1081 5898 obit
1113 5838 1359 5913 ἤκουὶγε,
1395 5848 1487 5897 καὶ
1521 5844 1586 5898 τὰ
1617 5838 1762 5915 ἑξῆς.
1802 5838 1916 5903 ’Καὶ

323 4516 484 4636 αὒτῃ
514 4513 907 4597 “uisionem
928 4513 1136 4598 locat,
1166 4513 1273 4599 καῖ
1298 4516 1530 4598 τὰιὲξῆς.
1564 4513 1763 4599 Multas
1789 4513 1913 4598 ρος-ὲ
1944 4547 1988 4604 D

327 4595 413 4638 tas
483 4585 695 4638 escrtbtt
730 4584 873 4638 ﬁlms
924 4586 1151 4638 homtms
1183 4587 1427 4638 Ezechiel
1448 4629 1463 4638 .
1507 4597 1556 4638 et
1594 4589 1658 4638 de
1684 4591 1909 4638 smaults

2032 1960 2267 2017 dicimus
2298 1996 2315 2023 ,
2369 1958 2462 2013 sed
2517 1956 2805 2026 Evangelia
2862 1956 3232 2011 testantur":
3288 1954 3377 2009 Va:
3416 1956 3603 2021 vobis,

2034 2052 2236 2110 Scriba:
2257 2064 2310 2107 et
2352 2050 2611 2106 Pharistsi
2633 2051 2939 2120 hypocrita,
2979 2059 3027 2103 et
3050 2050 3192 2104 vobis
3217 2049 3346 2119 legis
3372 2051 3606 2106 ductari-

2031 2144 2127 2200 bus
2149 2161 2246 2210 vis,
2269 2145 2396 2214 quia
2421 2142 2619 2198 tulistis
2644 2142 2840 2196 clavem
2860 2142 3116 2203 scientiis,
3141 2152 3189 2195 et
3208 2141 3423 2209 ipsinon
3444 2142 3608 2194 intra-

2029 2238 2151 2304 stis,
2185 2246 2235 2292 et
2263 2236 2611 2306 ingredientes
2632 2234 2996 2304 prohibuistis.
3028 2233 3126 2287 Est
3154 2234 3318 2303 igitur
3352 2232 3602 2302 quadam

2028 2328 2199 2388 clavis
2227 2328 2342 2398 (54)
2364 2328 2605 2383 scientia
2628 2326 2695 2380 ad
2716 2342 2782 2381 ea
2825 2340 2948 2396 qua
2991 2335 3120 2380 sunt
3173 2325 3393 2389 clausa,
3447 2338 3601 2378 rcse~

2027 2417 2229 2484 randa;
2260 2427 2315 2473 et
2342 2426 2472 2473 sunt
2502 2416 2723 2486 plurimi
2752 2431 2929 2485 neque
2955 2415 3061 2485 ipsi
3092 2415 3475 2485 ingredientes,
3506 2429 3604 2470 ne-

2027 2524 2135 2579 que
2161 2523 2258 2564 eos
2287 2509 2662 2579 permittentes
2693 2508 2786 2578 qui
2815 2509 3022 2578 ingredi
3047 2508 3258 2562 volunt.
3286 2506 3352 2561 Et
3395 2508 3448 2562 in
3492 2505 3603 2560 alio

2026 2600 2147 2656 loco
2173 2616 2368 2659 sensus
2390 2600 2795 2670 Scripturarum
2821 2600 2959 2656 liber
2974 2599 3172 2655 dicitur
3187 2614 3308 2655 esse
3329 2600 3600 2668 signatus.

2025 2692 2095 2748 Et
2122 2703 2274 2748 erunt
2303 2709 2565 2749 sermones
2614 2692 2740 2746 libri
2791 2693 2947 2745 istius
2987 2691 3139 2762 quasi
3183 2706 3444 2745 sermones
3476 2688 3599 2744 libri

2024 2787 2221 2857 signati
2248 2805 2267 2842 :
2293 2803 2443 2858 quem
2473 2788 2520 2841 si
2553 2786 2792 2842 dederint
2814 2777 3058 2841 homines
3084 2784 3291 2839 fitteras
3327 2782 3599 2847 nescienti,

2022 2878 2249 2933 dicentes
2274 2880 2323 2933 ei
2345 2894 2364 2933 :
2393 2879 2550 2949 Lege;
2567 2887 2616 2933 et
2644 2878 2815 2933 dicet:
2845 2877 3039 2931 Nescio
3063 2877 3271 2931 litteras
3286 2886 3371 2941 ;et
3395 2874 3599 2929 dabunt

2020 2986 2140 3024 eum
2170 2971 2369 3025 homini
2393 2971 2579 3025 scienti
2596 2970 2827 3035 litteras,
2851 2971 3078 3023 dicentes
3109 2970 3157 3023 ei
3183 2983 3202 3022 :
3259 2967 3415 3038 Lege;
3446 2976 3497 3021 et
3521 2967 3602 3020 di-

2020 3070 2100 3116 cet
2123 3079 2141 3117 :
2169 3060 2294 3116 Non
2314 3078 2527 3132 possum
2555 3061 2746 3132 legere,
2768 3062 3012 3131 signatus
3052 3070 3128 3115 est
3157 3062 3295 3113 enim
3317 3060 3384 3115 ⁷⁷.
3426 3058 3601 3112 Mani-

2020 3151 2216 3210 festius
2243 3162 2423 3209 autem
2451 3154 2781 3210 voluntatem
2818 3154 2983 3224 hujus
3018 3153 3291 3222 exempli,
3326 3150 3596 3222 Apocaly-

2021 3245 2132 3314 psis
2161 3242 2386 3299 Joannis
2414 3244 2678 3309 continet,
2706 3258 3019 3299 memorans
3049 3244 3094 3276 ⁷⁸
3141 3263 3153 3298 :
3204 3241 3463 3297 Circuivit
3499 3258 3600 3295 an-

2019 3334 2164 3407 gelus
2203 3337 2402 3402 dicens,
2424 3336 2541 3405 quis
2563 3335 2756 3406 dignus
2790 3336 2995 3405 aperire
3018 3335 3289 3407 signacula
3309 3374 3324 3399 ,
3379 3346 3431 3389 et
3482 3334 3596 3388 sol—

2019 3444 2132 3483 vere
2154 3445 2241 3494 ea,
2269 3427 2500 3498 etlegere
2524 3444 2641 3498 qua:
2679 3429 2881 3496 scripta
2911 3437 3032 3481 sunt
3054 3429 3078 3480 ?
3099 3426 3166 3479 Et
3190 3444 3338 3482 nemo
3359 3430 3598 3481 inventus

2018 3530 2096 3577 est
2124 3521 2179 3574 in
2215 3519 2363 3584 caelo,
2399 3536 2559 3590 neque
2587 3520 2643 3573 in
2665 3531 2829 3585 terra,
2854 3535 3015 3590 neque
3041 3519 3137 3572 sub
3182 3530 3344 3586 terra,
3369 3521 3459 3591 qui
3483 3536 3600 3590 pos-

2019 3612 2088 3665 sit
2117 3612 2321 3681 aperire
2341 3612 2640 3681 signacula,
2656 3621 2704 3665 et
2737 3611 2906 3682 legere
2954 3627 3073 3681 quis
3112 3612 3310 3680 scripta
3342 3621 3492 3665 erant
3537 3612 3594 3665 in

2018 3702 2175 3759 libro.
2198 3702 2300 3757 Sed
2334 3721 2425 3772 ego
2453 3704 2665 3772 flebam,
2699 3715 2749 3757 et
2788 3704 2927 3757 venit
2954 3704 3170 3774 quidam
3198 3703 3266 3755 ad
3298 3720 3396 3765 me,
3428 3713 3477 3756 et
3508 3704 3594 3756 di-

2017 3797 2097 3850 :cit
2122 3797 2254 3849 mihi
2278 3810 2296 3851 :
2325 3794 2453 3850 Noli
2475 3797 2620 3865 ﬂere.
2653 3795 2789 3850 Ecce
2815 3796 2937 3850 vicit
2966 3794 3046 3850 leo
3068 3795 3132 3848 de
3149 3794 3289 3847 tribu
3311 3793 3479 3859 Juda,
3505 3810 3599 3848 ra-

2595 3937 2641 3969 "
2670 3935 2867 4005 Ephes.
2897 3951 2950 4002 ν,
2980 3934 3067 3991 14.
3156 3935 3203 3967 ⁷⁸
3230 3934 3362 3991 Luc.
3396 3951 3476 4003 χι,
3501 3937 3590 3993 52.

2004 4168 2131 4252 pef’
2165 4167 2358 4253 ῥλίγαο
2406 4166 2560 4253 Ἐμρὶ
2603 4166 2661 4253 es
2690 4167 2809 4253 175'
2835 4165 3010 4253 πέληξ
3037 4165 3256 4253 “eam;
3302 4167 3415 4238 ἔχει
3464 4168 3591 4253 νοῖξν

2011 4236 2105 4290 καὶ
2132 4237 2216 4310 τὲ.
2236 4236 2616 4310 γεγραμμένον
2645 4239 2703 4310 sv
2747 4236 2945 4310 Ἡσαΐᾳ
2967 4236 3179 4310 βιϐλίαν
3212 4236 3590 4310 ἑσφρὰγισμέα

2017 4324 2127 4362 νον.
2160 4306 2233 4361 Τὸ
2257 4306 2391 4360 abab
2418 4306 2619 4377 βιϐλίον
2659 4306 2991 4377 λευκοτέρως
3027 4307 3277 4418 εὑξήσεις
3295 4306 3404 4362 ’διαὶ
3430 4306 3503 4362 ὲν⁷
3522 4312 3588 4381 τῇ

2030 4376 2388 4418 ’Λητηνηὶύιῖιςι
2442 4377 2704 4418 Ίιηάυνηυ·
2746 4377 2839 4418 νηὶ
2884 4377 2951 4418 τὰ
2992 4393 3117 4418 «an,
3149 4377 3313 4418 ηιίτηῆ
3355 4395 3588 4418 vevmn-

2030 4376 2704 4450 ’Artoxaitbti42t_"lcoa'tvv_ov
2738 4377 2839 4450 stat
2884 4376 3313 4450 temptabat,
3355 4376 3595 4450 γεγραμᾷ

2021 4448 2180 4517 μένα·
2205 4448 2299 4501 καὶ
2330 4446 2448 4511 πῶς
2480 4446 2699 4517 ᾕνοιξεξ
2726 4448 2756 4498 ὁ
2788 4448 2852 4499 ὲκ
2888 4446 3077 4517 φυλῆς
3106 4448 3275 4500 Ἰούδα
3299 4446 3467 4501 τοῦτό
3496 4446 3599 4503 καὶ

2020 4510 2200 4589 iuson
2224 4510 2439 4589 Μέχρις
2450 4510 2646 4589 οἶίγὰρ
2671 4513 2833 4589 ἦλθεν
2859 4510 3116 4589 ὁΚῷῥιος
3142 4519 3174 4587 ή
3184 4517 3297 4588 μῶν
3334 4518 3537 4589 Ἰησοῦς
3561 4520 3601 4571 ἁ

2013 4586 2267 4660 Χριστρς,
2292 4586 2656 4660 ἐκέκλειςξτᾳό
2696 4586 2880 4660 νρμος,
2915 4586 3137 4660 (Sittium;
3229 4586 3595 4660 προφήτικόςδ-

2014 4633 2502 4732 maxumast;
2511 4633 2610 4710 es
2633 4633 2880 4737 ’τοὶξτῖἷξζ
2905 4633 2940 4711 ὁ
2962 4633 3586 4779 Χὶόὂῗτῆςῖὧξῶἔέὶᾇξ,

2014 4727 2069 4779 ὃν
2095 4727 2311 4779 ἀφεῖλεν
2340 4729 2369 4779 ὁ
2408 4726 2604 4779 Ἰακὼϐ
2631 4730 2695 4779 ὲκ
2727 4745 2820 4779 του
2846 4727 3098 4779 ωοέατος.
3133 4727 3220 4779 Ἐν
3247 4727 3348 4779 πολ
3379 4731 3458 4779 οἷς
3480 4728 3586 4779 γὰρ

2010 4727 2069 4800 ὃν
2095 4725 2369 4800 ἁφεῖλξνό
2401 4725 2604 4800 [Ιακὼᾷ
2631 4730 2699 4800 ἐζ
2727 4725 3098 4800 τοῦῃφρέατος.
3133 4725 3220 4779 ’Ev
3247 4725 3458 4800 πολλοῖς
3480 4728 3597 4800 γὰρ

2010 4795 2196 4869 ’ξόποις
2220 4797 2317 4869 ςὸν
2338 4795 2460 4869 νοῦν
2485 4797 2623 4869 περὶ.
2645 4797 2744 4866 τῆς
2770 4795 2945 4869 mili};
2970 4797 3174 4866 ταύτης
3197 4799 3446 4869 ἠΓραφὴ
3469 4795 3587 4869 ᾐνίὲ-

2012 4867 2156 4931 ξατο.
2206 4865 2268 4922 Si
2309 4868 2526 4920 scientin
2560 4865 2772 4920 clavem
2821 4865 2994 4929 habet,
3027 4865 3584 4931 quemadniodum'ait

2009 4938 2267 5008 Dominus
2320 4936 2631 5007 legisperitis
2682 4935 2835 5008 (an.
2871 4952 2947 5000 ιι,
2988 4935 3101 5006 52),
3152 4954 3274 5008 ergo
3319 4948 3473 5006 porta
3505 4949 3585 4993 est

2008 5022 2127 5075 qua
2154 5006 2451 5061 hominibus
2498 5009 2680 5059 clausa
2729 5007 2818 5060 sit.
2859 5008 2991 5071 Quis
3035 5007 3172 5060 enim
3203 5006 3342 5061 intra
3374 5021 3587 5078 portant

2008 5086 2153 5147 sunt,
2177 5093 2238 5129 ea
2269 5088 2390 5147 sunt
2433 5092 2549 5147 quae
2582 5095 2599 5147 ι
2637 5078 2818 5129 oculus
2851 5094 2954 5130 non
2992 5078 3138 5141 cidit,
3180 5095 3269 5131 nec
3307 5081 3454 5132 auris
3486 5094 3582 5131 au-

2008 5144 2139 5217 divit
2181 5147 2221 5215 (l
2266 5146 2394 5200 Cor.
2440 5144 2509 5206 tl,
2551 5146 2628 5216 9).
2675 5165 2693 5196 ι
2733 5158 2783 5198 et
2815 5163 2932 5216 qua:
2963 5158 3271 5217 sequuntur.
3306 5147 3367 5201 Et
3401 5163 3524 5201 mox
3564 5164 3578 5198 :

2009 5213 2142 5285 Mihi
2176 5213 2292 5270 uero
2319 5218 2478 5270 etiam
2519 5213 2673 5284 huius
2706 5213 2877 5285 portas
2918 5213 3127 5271 sensum
3157 5218 3344 5270 habere
3376 5218 3583 5271 videtur

2006 5283 2050 5356 is
2082 5287 2269 5356 quiin
2307 5286 2458 5341 Isaia
2501 5283 2727 5354 scriptus
2760 5297 2836 5340 est
2868 5288 3001 5341 liber
3030 5289 3291 5356 signatus.
3324 5286 3579 5339 Eundem

2004 5353 2142 5407 hunc
2178 5355 2372 5409 librum
2395 5359 2593 5411 clarius
2610 5353 2781 5408 etiam
2811 5358 3037 5410 invenies
3082 5353 3136 5410 in
3184 5357 3407 5409 Joannis
3443 5360 3581 5423 Apo-

2003 5425 2222 5497 calypsi,
2254 5436 2302 5479 et
2337 5443 2454 5496 qum
2486 5428 2550 5479 de
2592 5427 2684 5480 illo
2714 5429 2913 5497 scripta
2943 5438 3099 5497 sunt;
3129 5436 3178 5479 et
3207 5427 3465 5495 quomoda
3496 5444 3580 5478 so-

2001 5492 2502 5567 lus'illumgaperuit
2526 5498 2617 5567 qui
2659 5506 2738 5550 est
2770 5492 2831 5567 κε’
2853 5497 2992 5550 tribu
3039 5492 3413 5567 JndaQDonec
3440 5499 3581 5550 enim

2002 5567 2223 5620 venisset
2258 5565 2516 5620 Dominus
2538 5565 2723 5621 noster
2749 5566 2904 5622 Iesus
2937 5566 3177 5622 Christus
3199 5606 3213 5629 ,
3246 5566 3426 5619 clausa
3464 5577 3579 5621 erat

2000 5633 2086 5706 lea:
2119 5646 2165 5688 et
2199 5652 2368 5688 sernto
2398 5637 2767 5705 propheticus;
2794 5646 3007 5706 eratque
3039 5638 3267 5689 velamen
3305 5639 3379 5690 eis
3411 5638 3579 5706 impo-

2001 5703 2185 5767 situm,
2234 5705 2371 5775 lanis
2400 5703 2809 5768 'ewacutionis,
2865 5703 3017 5775 quem
3066 5706 3287 5760 abstulit
3336 5703 3502 5760 Jucob
3549 5725 3578 5762 e

1999 5783 2176 5844 p_uteo.
2226 5774 2412 5828 Multis
2463 5778 2601 5829 enim
2648 5778 2700 5831 in
2750 5776 2881 5831 locis
2938 5775 3092 5844 hujus
3145 5788 3316 5844 partes
3365 5795 3574 5836 sensum

2004 5841 2282 5915 Scriptura
2313 5845 2603 5901 subntnuit.
