  <div class='ocr_page' id='page_1' title='image "/cluster/home/n/w/nwhite01/storage/ocr_20150623/13/mdp.39015007036059/385.png"; bbox 0 0 2035 3148; ppageno 0'>
   <div class='ocr_carea' id='block_1_1' title="bbox 209 174 260 202">
    <p class='ocr_par' dir='ltr' id='par_1_1' title="bbox 209 174 260 202">
     <span class='ocr_line' id='line_1_1' title="bbox 209 174 260 202; baseline 0 -1"><span class='ocrx_word' id='word_1_1' title='bbox 209 174 260 202; x_wconf 77' lang='grc'><strong>78⁸1</strong></span> 
     </span>
    </p>
   </div>
   <div class='ocr_carea' id='block_1_2' title="bbox 924 162 1136 194">
    <p class='ocr_par' dir='ltr' id='par_1_2' title="bbox 924 162 1136 194">
     <span class='ocr_line' id='line_1_2' title="bbox 924 162 1136 194; baseline -0.024 0"><span class='ocrx_word' id='word_1_2' title='bbox 924 166 967 194; x_wconf 74' lang='lat' dir='ltr'><strong>ex</strong></span> <span class='ocrx_word' id='word_1_3' title='bbox 988 162 1136 193; x_wconf 78' lang='lat' dir='ltr'><strong>ORIGENE</strong></span> 
     </span>
    </p>
   </div>
   <div class='ocr_carea' id='block_1_3' title="bbox 1782 153 1836 181">
    <p class='ocr_par' dir='ltr' id='par_1_3' title="bbox 1782 153 1836 181">
     <span class='ocr_line' id='line_1_3' title="bbox 1782 153 1836 181; baseline 0.019 -1"><span class='ocrx_word' id='word_1_4' title='bbox 1782 153 1836 181; x_wconf 82' lang='lat'><strong>763</strong></span> 
     </span>
    </p>
   </div>
   <div class='ocr_carea' id='block_1_4' title="bbox 210 213 1836 269">
    <p class='ocr_par' dir='ltr' id='par_1_4' title="bbox 210 213 1836 269">
     <span class='ocr_line' id='line_1_4' title="bbox 210 213 1836 269; baseline -0.013 -8"><span class='ocrx_word' id='word_1_5' title='bbox 210 234 257 261; x_wconf 68' lang='lat' dir='ltr'><strong>dia:</strong></span> <span class='ocrx_word' id='word_1_6' title='bbox 267 239 291 261; x_wconf 85' lang='lat' dir='ltr'><strong>et</strong></span> <span class='ocrx_word' id='word_1_7' title='bbox 305 243 384 269; x_wconf 82' lang='lat' dir='ltr'><strong>genus</strong></span> <span class='ocrx_word' id='word_1_8' title='bbox 402 233 496 263; x_wconf 81' lang='lat' dir='ltr'><strong>David,</strong></span> <span class='ocrx_word' id='word_1_9' title='bbox 518 231 618 264; x_wconf 76' lang='lat' dir='ltr'><strong>aperire</strong></span> <span class='ocrx_word' id='word_1_10' title='bbox 630 230 738 257; x_wconf 86' lang='lat' dir='ltr'><strong>librum.</strong></span> <span class='ocrx_word' id='word_1_11' title='bbox 754 234 778 256; x_wconf 87' lang='lat' dir='ltr'><strong>et</strong></span> <span class='ocrx_word' id='word_1_12' title='bbox 792 229 890 255; x_wconf 76' lang='lat' dir='ltr'><strong>solvere</strong></span> <span class='ocrx_word' id='word_1_13' title='bbox 907 229 994 263; x_wconf 76' lang='lat' dir='ltr'><strong>signa-</strong></span> <span class='ocrx_word' id='word_1_14' title='bbox 1009 229 1033 256; x_wconf 78' lang='grc' dir='ltr'><strong>Α</strong></span> <span class='ocrx_word' id='word_1_15' title='bbox 1046 232 1109 258; x_wconf 69' lang='lat' dir='ltr'><strong>opus</strong></span> <span class='ocrx_word' id='word_1_16' title='bbox 1125 223 1192 257; x_wconf 71' lang='lat' dir='ltr'><strong>ejus.</strong></span> <span class='ocrx_word' id='word_1_17' title='bbox 1204 221 1301 248; x_wconf 80' lang='lat' dir='ltr'><strong>Clausa</strong></span> <span class='ocrx_word' id='word_1_18' title='bbox 1320 223 1362 246; x_wconf 88' lang='lat' dir='ltr'><strong>est</strong></span> <span class='ocrx_word' id='word_1_19' title='bbox 1387 218 1477 252; x_wconf 79' lang='lat' dir='ltr'><strong>itaque</strong></span> <span class='ocrx_word' id='word_1_20' title='bbox 1490 217 1584 269; x_wconf 55' lang='lat' dir='ltr'><strong>ianua,</strong></span> <span class='ocrx_word' id='word_1_21' title='bbox 1601 219 1632 267; x_wconf 69' lang='lat' dir='ltr'><strong>ut</strong></span> <span class='ocrx_word' id='word_1_22' title='bbox 1646 221 1725 241; x_wconf 80' lang='lat' dir='ltr'><strong>neuio</strong></span> <span class='ocrx_word' id='word_1_23' title='bbox 1743 213 1836 240; x_wconf 77' lang='lat' dir='ltr'><strong>videat</strong></span> 
     </span>
    </p>
   </div>
   <div class='ocr_carea' id='block_1_5' title="bbox 213 276 998 316">
    <p class='ocr_par' dir='ltr' id='par_1_5' title="bbox 213 276 998 316">
     <span class='ocr_line' id='line_1_5' title="bbox 213 276 998 316; baseline -0.009 -7"><span class='ocrx_word' id='word_1_24' title='bbox 213 282 273 309; x_wconf 84' lang='lat' dir='ltr'><strong>cula</strong></span> <span class='ocrx_word' id='word_1_25' title='bbox 285 282 351 316; x_wconf 73' lang='lat' dir='ltr'><strong>ejus.</strong></span> <span class='ocrx_word' id='word_1_26' title='bbox 366 281 397 308; x_wconf 87' lang='lat' dir='ltr'><strong>Et</strong></span> <span class='ocrx_word' id='word_1_27' title='bbox 412 280 516 315; x_wconf 86' lang='lat' dir='ltr'><strong>aperuit</strong></span> <span class='ocrx_word' id='word_1_28' title='bbox 530 278 575 313; x_wconf 97' lang='lat' dir='ltr'><strong>qui</strong></span> <span class='ocrx_word' id='word_1_29' title='bbox 593 282 652 304; x_wconf 87' lang='lat' dir='ltr'><strong>erat</strong></span> <span class='ocrx_word' id='word_1_30' title='bbox 665 278 697 304; x_wconf 87' lang='lat' dir='ltr'><strong>de</strong></span> <span class='ocrx_word' id='word_1_31' title='bbox 714 277 786 304; x_wconf 84' lang='lat' dir='ltr'><strong>trihu</strong></span> <span class='ocrx_word' id='word_1_32' title='bbox 801 276 881 309; x_wconf 88' lang='lat' dir='ltr'><strong>Juda,</strong></span> <span class='ocrx_word' id='word_1_33' title='bbox 897 280 923 303; x_wconf 88' lang='lat' dir='ltr'><strong>et</strong></span> <span class='ocrx_word' id='word_1_34' title='bbox 941 284 998 302; x_wconf 91' lang='lat' dir='ltr'><strong>ma-</strong></span> 
     </span>
    </p>
   </div>
   <div class='ocr_carea' id='block_1_6' title="bbox 213 322 999 360">
    <p class='ocr_par' dir='ltr' id='par_1_6' title="bbox 213 322 999 360">
     <span class='ocr_line' id='line_1_6' title="bbox 213 322 999 360; baseline -0.009 -5"><span class='ocrx_word' id='word_1_35' title='bbox 213 327 351 355; x_wconf 77' lang='lat' dir='ltr'><strong>nilestavit</strong></span> <span class='ocrx_word' id='word_1_36' title='bbox 373 334 433 360; x_wconf 71' lang='lat' dir='ltr'><strong>quae</strong></span> <span class='ocrx_word' id='word_1_37' title='bbox 454 328 531 352; x_wconf 86' lang='lat' dir='ltr'><strong>erant</strong></span> <span class='ocrx_word' id='word_1_38' title='bbox 559 324 670 358; x_wconf 87' lang='lat' dir='ltr'><strong>scripta.</strong></span> <span class='ocrx_word' id='word_1_39' title='bbox 691 323 816 356; x_wconf 87' lang='lat' dir='ltr'><strong>Quandiu</strong></span> <span class='ocrx_word' id='word_1_40' title='bbox 846 330 900 349; x_wconf 92' lang='lat' dir='ltr'><strong>non</strong></span> <span class='ocrx_word' id='word_1_41' title='bbox 926 322 999 348; x_wconf 82' lang='lat' dir='ltr'><strong>venit</strong></span> 
     </span>
    </p>
   </div>
   <div class='ocr_carea' id='block_1_7' title="bbox 214 367 997 402">
    <p class='ocr_par' dir='ltr' id='par_1_7' title="bbox 214 367 997 402">
     <span class='ocr_line' id='line_1_7' title="bbox 214 367 997 402; baseline -0.008 -3"><span class='ocrx_word' id='word_1_42' title='bbox 214 373 283 399; x_wconf 87' lang='lat' dir='ltr'><strong>Deus</strong></span> <span class='ocrx_word' id='word_1_43' title='bbox 301 379 387 402; x_wconf 89' lang='lat' dir='ltr'><strong>meus,</strong></span> <span class='ocrx_word' id='word_1_44' title='bbox 398 371 490 397; x_wconf 90' lang='lat' dir='ltr'><strong>clausa</strong></span> <span class='ocrx_word' id='word_1_45' title='bbox 507 374 565 397; x_wconf 89' lang='lat' dir='ltr'><strong>erat</strong></span> <span class='ocrx_word' id='word_1_46' title='bbox 583 369 636 401; x_wconf 84' lang='lat' dir='ltr'><strong>lex,</strong></span> <span class='ocrx_word' id='word_1_47' title='bbox 652 369 761 396; x_wconf 86' lang='lat' dir='ltr'><strong>clausus</strong></span> <span class='ocrx_word' id='word_1_48' title='bbox 777 375 867 395; x_wconf 83' lang='lat' dir='ltr'><strong>sermo</strong></span> <span class='ocrx_word' id='word_1_49' title='bbox 879 367 997 402; x_wconf 87' lang='lat' dir='ltr'><strong>prophe-</strong></span> 
     </span>
    </p>
   </div>
   <div class='ocr_carea' id='block_1_8' title="bbox 213 413 998 449">
    <p class='ocr_par' dir='ltr' id='par_1_8' title="bbox 213 413 998 449">
     <span class='ocr_line' id='line_1_8' title="bbox 213 413 998 449; baseline -0.005 -6"><span class='ocrx_word' id='word_1_50' title='bbox 213 417 293 449; x_wconf 88' lang='lat' dir='ltr'><strong>ticus,</strong></span> <span class='ocrx_word' id='word_1_51' title='bbox 311 417 397 443; x_wconf 73' lang='lat' dir='ltr'><strong>velata</strong></span> <span class='ocrx_word' id='word_1_52' title='bbox 407 416 488 443; x_wconf 88' lang='lat' dir='ltr'><strong>lectio</strong></span> <span class='ocrx_word' id='word_1_53' title='bbox 499 415 605 442; x_wconf 70' lang='lat' dir='ltr'><strong>Veteris</strong></span> <span class='ocrx_word' id='word_1_54' title='bbox 618 414 797 446; x_wconf 85' lang='lat' dir='ltr'><strong>Testamenti,</strong></span> <span class='ocrx_word' id='word_1_55' title='bbox 813 418 841 440; x_wconf 89' lang='lat' dir='ltr'><strong>et</strong></span> <span class='ocrx_word' id='word_1_56' title='bbox 858 421 942 448; x_wconf 72' lang='lat' dir='ltr'><strong>usque</strong></span> <span class='ocrx_word' id='word_1_57' title='bbox 964 413 998 439; x_wconf 84' lang='lat' dir='ltr'><strong>ad</strong></span> 
     </span>
    </p>
   </div>
   <div class='ocr_carea' id='block_1_9' title="bbox 214 459 999 496">
    <p class='ocr_par' dir='ltr' id='par_1_9' title="bbox 214 459 999 496">
     <span class='ocr_line' id='line_1_9' title="bbox 214 459 999 496; baseline -0.004 -8"><span class='ocrx_word' id='word_1_58' title='bbox 214 463 280 489; x_wconf 85' lang='lat' dir='ltr'><strong>Imm:</strong></span> <span class='ocrx_word' id='word_1_59' title='bbox 298 463 368 489; x_wconf 79' lang='lat' dir='ltr'><strong>diem</strong></span> <span class='ocrx_word' id='word_1_60' title='bbox 389 462 492 496; x_wconf 85' lang='lat' dir='ltr'><strong><em>quando</em></strong></span> <span class='ocrx_word' id='word_1_61' title='bbox 518 461 614 495; x_wconf 81' lang='lat' dir='ltr'><strong>legitur</strong></span> <span class='ocrx_word' id='word_1_62' title='bbox 631 460 749 494; x_wconf 79' lang='lat' dir='ltr'><strong>Moyses,</strong></span> <span class='ocrx_word' id='word_1_63' title='bbox 775 459 950 486; x_wconf 78' lang='lat' dir='ltr'><strong>velamentum</strong></span> <span class='ocrx_word' id='word_1_64' title='bbox 971 459 999 485; x_wconf 85' lang='lat' dir='ltr'><strong>in</strong></span> 
     </span>
    </p>
   </div>
   <div class='ocr_carea' id='block_1_10' title="bbox 213 505 998 541">
    <p class='ocr_par' dir='ltr' id='par_1_10' title="bbox 213 505 998 541">
     <span class='ocr_line' id='line_1_10' title="bbox 213 505 998 541; baseline -0.008 -6"><span class='ocrx_word' id='word_1_65' title='bbox 213 508 290 535; x_wconf 80' lang='lat' dir='ltr'><strong>corde</strong></span> <span class='ocrx_word' id='word_1_66' title='bbox 299 507 453 534; x_wconf 69' lang='lat' dir='ltr'><strong>Judaaorum</strong></span> <span class='ocrx_word' id='word_1_67' title='bbox 466 512 503 534; x_wconf 70' lang='lat' dir='ltr'><strong>est</strong></span> <span class='ocrx_word' id='word_1_68' title='bbox 519 506 633 541; x_wconf 75' lang='lat' dir='ltr'><strong>positum</strong></span> <span class='ocrx_word' id='word_1_69' title='bbox 651 507 683 532; x_wconf 78' lang='lat'><strong>7&quot;.</strong></span> <span class='ocrx_word' id='word_1_70' title='bbox 697 505 766 532; x_wconf 87' lang='lat' dir='ltr'><strong>Sunt</strong></span> <span class='ocrx_word' id='word_1_71' title='bbox 783 509 870 531; x_wconf 86' lang='lat' dir='ltr'><strong>autem</strong></span> <span class='ocrx_word' id='word_1_72' title='bbox 889 505 998 538; x_wconf 85' lang='lat' dir='ltr'><strong>quidam</strong></span> 
     </span>
    </p>
   </div>
   <div class='ocr_carea' id='block_1_11' title="bbox 213 550 999 587">
    <p class='ocr_par' dir='ltr' id='par_1_11' title="bbox 213 550 999 587">
     <span class='ocr_line' id='line_1_11' title="bbox 213 550 999 587; baseline -0.006 -7"><span class='ocrx_word' id='word_1_73' title='bbox 213 553 260 587; x_wconf 91' lang='lat' dir='ltr'><strong>qui</strong></span> <span class='ocrx_word' id='word_1_74' title='bbox 274 557 367 580; x_wconf 81' lang='lat' dir='ltr'><strong>amant</strong></span> <span class='ocrx_word' id='word_1_75' title='bbox 382 553 575 584; x_wconf 88' lang='lat' dir='ltr'><strong>velamentum,</strong></span> <span class='ocrx_word' id='word_1_76' title='bbox 591 556 617 578; x_wconf 88' lang='lat' dir='ltr'><strong>et</strong></span> <span class='ocrx_word' id='word_1_77' title='bbox 632 551 748 577; x_wconf 87' lang='lat' dir='ltr'><strong>oderunt</strong></span> <span class='ocrx_word' id='word_1_78' title='bbox 765 558 811 577; x_wconf 87' lang='lat' dir='ltr'><strong>eos</strong></span> <span class='ocrx_word' id='word_1_79' title='bbox 836 550 882 584; x_wconf 87' lang='lat' dir='ltr'><strong>qui</strong></span> <span class='ocrx_word' id='word_1_80' title='bbox 897 550 930 576; x_wconf 90' lang='lat' dir='ltr'><strong>de</strong></span> <span class='ocrx_word' id='word_1_81' title='bbox 953 557 999 575; x_wconf 87' lang='lat' dir='ltr'><strong>ve—</strong></span> 
     </span>
    </p>
   </div>
   <div class='ocr_carea' id='block_1_12' title="bbox 213 593 1000 630">
    <p class='ocr_par' dir='ltr' id='par_1_12' title="bbox 213 593 1000 630">
     <span class='ocr_line' id='line_1_12' title="bbox 213 593 1000 630; baseline -0.004 -7"><span class='ocrx_word' id='word_1_82' title='bbox 213 597 313 624; x_wconf 74' lang='lat' dir='ltr'><strong>lamine</strong></span> <span class='ocrx_word' id='word_1_83' title='bbox 324 596 554 630; x_wconf 77' lang='lat' dir='ltr'><strong>interpretantur:</strong></span> <span class='ocrx_word' id='word_1_84' title='bbox 572 596 617 622; x_wconf 89' lang='lat' dir='ltr'><strong>sed</strong></span> <span class='ocrx_word' id='word_1_85' title='bbox 637 603 686 622; x_wconf 91' lang='lat' dir='ltr'><strong>nos</strong></span> <span class='ocrx_word' id='word_1_86' title='bbox 700 599 891 621; x_wconf 80' lang='lat' dir='ltr'><strong>convertamur</strong></span> <span class='ocrx_word' id='word_1_87' title='bbox 902 593 934 620; x_wconf 89' lang='lat' dir='ltr'><strong>ad</strong></span> <span class='ocrx_word' id='word_1_88' title='bbox 948 593 1000 620; x_wconf 90' lang='lat' dir='ltr'><strong>Do-</strong></span> 
     </span>
    </p>
   </div>
   <div class='ocr_carea' id='block_1_13' title="bbox 214 638 1000 674">
    <p class='ocr_par' dir='ltr' id='par_1_13' title="bbox 214 638 1000 674">
     <span class='ocr_line' id='line_1_13' title="bbox 214 638 1000 674; baseline -0.004 -6"><span class='ocrx_word' id='word_1_89' title='bbox 214 642 330 674; x_wconf 91' lang='lat' dir='ltr'><strong>minum,</strong></span> <span class='ocrx_word' id='word_1_90' title='bbox 349 642 478 668; x_wconf 87' lang='lat' dir='ltr'><strong>utablato</strong></span> <span class='ocrx_word' id='word_1_91' title='bbox 497 641 631 667; x_wconf 75' lang='lat' dir='ltr'><strong>velamine</strong></span> <span class='ocrx_word' id='word_1_92' title='bbox 643 640 766 667; x_wconf 83' lang='lat' dir='ltr'><strong>dicamus</strong></span> <span class='ocrx_word' id='word_1_93' title='bbox 776 639 798 655; x_wconf 80' lang='grc'><strong>⁸⁰</strong></span> <span class='ocrx_word' id='word_1_94' title='bbox 816 649 822 666; x_wconf 88' lang='lat'>:</span> <span class='ocrx_word' id='word_1_95' title='bbox 838 638 893 665; x_wconf 83' lang='lat' dir='ltr'><strong>Nos</strong></span> <span class='ocrx_word' id='word_1_96' title='bbox 913 644 1000 665; x_wconf 82' lang='lat' dir='ltr'><strong>autent</strong></span> 
     </span>
    </p>
   </div>
   <div class='ocr_carea' id='block_1_14' title="bbox 215 686 1000 722">
    <p class='ocr_par' dir='ltr' id='par_1_14' title="bbox 215 686 1000 722">
     <span class='ocr_line' id='line_1_14' title="bbox 215 686 1000 722; baseline -0.003 -8"><span class='ocrx_word' id='word_1_97' title='bbox 215 696 303 714; x_wconf 79' lang='lat' dir='ltr'><strong>omnes</strong></span> <span class='ocrx_word' id='word_1_98' title='bbox 317 688 430 714; x_wconf 79' lang='lat' dir='ltr'><strong>revelata</strong></span> <span class='ocrx_word' id='word_1_99' title='bbox 450 687 516 721; x_wconf 82' lang='lat' dir='ltr'><strong>facie</strong></span> <span class='ocrx_word' id='word_1_100' title='bbox 529 687 639 722; x_wconf 77' lang='lat' dir='ltr'><strong>gloriam</strong></span> <span class='ocrx_word' id='word_1_101' title='bbox 650 686 696 713; x_wconf 87' lang='lat' dir='ltr'><strong>Dei</strong></span> <span class='ocrx_word' id='word_1_102' title='bbox 710 686 886 721; x_wconf 77' lang='lat' dir='ltr'><strong>speculantes,</strong></span> <span class='ocrx_word' id='word_1_103' title='bbox 896 687 922 712; x_wconf 87' lang='lat' dir='ltr'><strong>in</strong></span> <span class='ocrx_word' id='word_1_104' title='bbox 931 694 1000 712; x_wconf 89' lang='lat' dir='ltr'><strong>eam-</strong></span> 
     </span>
    </p>
   </div>
   <div class='ocr_carea' id='block_1_15' title="bbox 214 730 998 767">
    <p class='ocr_par' dir='ltr' id='par_1_15' title="bbox 214 730 998 767">
     <span class='ocr_line' id='line_1_15' title="bbox 214 730 998 767; baseline -0.004 -8"><span class='ocrx_word' id='word_1_105' title='bbox 214 733 272 760; x_wconf 85' lang='lat' dir='ltr'><strong>dem</strong></span> <span class='ocrx_word' id='word_1_106' title='bbox 285 733 425 767; x_wconf 80' lang='lat' dir='ltr'><strong>imaginem</strong></span> <span class='ocrx_word' id='word_1_107' title='bbox 442 732 665 766; x_wconf 80' lang='lat' dir='ltr'><strong>transformamur</strong></span> <span class='ocrx_word' id='word_1_108' title='bbox 689 739 704 757; x_wconf 84' lang='grc' dir='ltr'><em>α</em></span> <span class='ocrx_word' id='word_1_109' title='bbox 725 731 811 766; x_wconf 81' lang='lat' dir='ltr'><strong>gloria</strong></span> <span class='ocrx_word' id='word_1_110' title='bbox 834 731 862 757; x_wconf 85' lang='lat' dir='ltr'><strong>in</strong></span> <span class='ocrx_word' id='word_1_111' title='bbox 876 730 998 765; x_wconf 86' lang='lat' dir='ltr'><strong>gloriam.</strong></span> 
     </span>
    </p>
   </div>
   <div class='ocr_carea' id='block_1_16' title="bbox 215 777 999 813">
    <p class='ocr_par' dir='ltr' id='par_1_16' title="bbox 215 777 999 813">
     <span class='ocr_line' id='line_1_16' title="bbox 215 777 999 813; baseline -0.004 -7"><span class='ocrx_word' id='word_1_112' title='bbox 215 780 315 807; x_wconf 83' lang='lat' dir='ltr'><strong>Verum</strong></span> <span class='ocrx_word' id='word_1_113' title='bbox 329 784 370 806; x_wconf 89' lang='lat' dir='ltr'><strong>est</strong></span> <span class='ocrx_word' id='word_1_114' title='bbox 384 779 505 813; x_wconf 83' lang='lat' dir='ltr'><strong>quaedam</strong></span> <span class='ocrx_word' id='word_1_115' title='bbox 533 783 609 812; x_wconf 88' lang='lat' dir='ltr'><strong>porta</strong></span> <span class='ocrx_word' id='word_1_116' title='bbox 623 799 630 810; x_wconf 91' lang='lat'><strong>,</strong></span> <span class='ocrx_word' id='word_1_117' title='bbox 659 782 686 804; x_wconf 88' lang='lat' dir='ltr'><strong>ct</strong></span> <span class='ocrx_word' id='word_1_118' title='bbox 702 785 755 803; x_wconf 93' lang='lat' dir='ltr'><strong>una</strong></span> <span class='ocrx_word' id='word_1_119' title='bbox 772 798 777 807; x_wconf 86' lang='lat'><strong>,</strong></span> <span class='ocrx_word' id='word_1_120' title='bbox 804 781 831 803; x_wconf 85' lang='lat' dir='ltr'><strong>et</strong></span> <span class='ocrx_word' id='word_1_121' title='bbox 846 777 938 804; x_wconf 90' lang='lat' dir='ltr'><strong>clausa</strong></span> <span class='ocrx_word' id='word_1_122' title='bbox 953 784 999 811; x_wconf 86' lang='lat' dir='ltr'><strong>per</strong></span> 
     </span>
    </p>
   </div>
   <div class='ocr_carea' id='block_1_17' title="bbox 215 822 1000 860">
    <p class='ocr_par' dir='ltr' id='par_1_17' title="bbox 215 822 1000 860">
     <span class='ocr_line' id='line_1_17' title="bbox 215 822 1000 860; baseline -0.005 -8"><span class='ocrx_word' id='word_1_123' title='bbox 215 833 297 860; x_wconf 89' lang='lat' dir='ltr'><strong>quam</strong></span> <span class='ocrx_word' id='word_1_124' title='bbox 316 832 397 851; x_wconf 89' lang='lat' dir='ltr'><strong>nemo</strong></span> <span class='ocrx_word' id='word_1_125' title='bbox 410 824 527 851; x_wconf 79' lang='lat' dir='ltr'><strong>transiit.</strong></span> <span class='ocrx_word' id='word_1_126' title='bbox 546 822 726 857; x_wconf 87' lang='lat' dir='ltr'><strong>Suntquippe</strong></span> <span class='ocrx_word' id='word_1_127' title='bbox 752 822 873 857; x_wconf 72' lang='lat' dir='ltr'><strong>quzedam</strong></span> <span class='ocrx_word' id='word_1_128' title='bbox 892 823 1000 849; x_wconf 90' lang='lat' dir='ltr'><strong>univer-</strong></span> 
     </span>
    </p>
   </div>
   <div class='ocr_carea' id='block_1_18' title="bbox 216 868 997 904">
    <p class='ocr_par' dir='ltr' id='par_1_18' title="bbox 216 868 997 904">
     <span class='ocr_line' id='line_1_18' title="bbox 216 868 997 904; baseline -0.005 -7"><span class='ocrx_word' id='word_1_129' title='bbox 216 878 253 897; x_wconf 65' lang='lat' dir='ltr'><strong>sa:</strong></span> <span class='ocrx_word' id='word_1_130' title='bbox 266 874 398 897; x_wconf 65' lang='lat' dir='ltr'><strong>creaturae</strong></span> <span class='ocrx_word' id='word_1_131' title='bbox 415 869 563 904; x_wconf 80' lang='lat' dir='ltr'><strong>incognita,</strong></span> <span class='ocrx_word' id='word_1_132' title='bbox 587 872 614 895; x_wconf 90' lang='lat' dir='ltr'><strong>et</strong></span> <span class='ocrx_word' id='word_1_133' title='bbox 640 868 685 894; x_wconf 89' lang='lat' dir='ltr'><strong>uni</strong></span> <span class='ocrx_word' id='word_1_134' title='bbox 711 868 899 894; x_wconf 82' lang='lat' dir='ltr'><strong>tantummodo</strong></span> <span class='ocrx_word' id='word_1_135' title='bbox 924 872 997 894; x_wconf 89' lang='lat' dir='ltr'><strong>nota.</strong></span> 
     </span>
    </p>
   </div>
   <div class='ocr_carea' id='block_1_19' title="bbox 216 913 1000 950">
    <p class='ocr_par' dir='ltr' id='par_1_19' title="bbox 216 913 1000 950">
     <span class='ocr_line' id='line_1_19' title="bbox 216 913 1000 950; baseline -0.001 -8"><span class='ocrx_word' id='word_1_136' title='bbox 216 915 308 950; x_wconf 81' lang='lat' dir='ltr'><strong>Neque</strong></span> <span class='ocrx_word' id='word_1_137' title='bbox 320 915 391 942; x_wconf 87' lang='lat' dir='ltr'><strong>enim</strong></span> <span class='ocrx_word' id='word_1_138' title='bbox 409 915 539 949; x_wconf 83' lang='lat' dir='ltr'><strong>quidquid</strong></span> <span class='ocrx_word' id='word_1_139' title='bbox 554 914 627 941; x_wconf 91' lang='lat' dir='ltr'><strong>novit</strong></span> <span class='ocrx_word' id='word_1_140' title='bbox 639 913 734 946; x_wconf 86' lang='lat' dir='ltr'><strong>Filius,</strong></span> <span class='ocrx_word' id='word_1_141' title='bbox 749 914 800 940; x_wconf 80' lang='lat' dir='ltr'><strong>hoc</strong></span> <span class='ocrx_word' id='word_1_142' title='bbox 817 913 919 940; x_wconf 84' lang='lat' dir='ltr'><strong>mundo</strong></span> <span class='ocrx_word' id='word_1_143' title='bbox 935 921 1000 948; x_wconf 75' lang='lat' dir='ltr'><strong>ape—</strong></span> 
     </span>
    </p>
   </div>
   <div class='ocr_carea' id='block_1_20' title="bbox 217 959 1000 995">
    <p class='ocr_par' dir='ltr' id='par_1_20' title="bbox 217 959 1000 995">
     <span class='ocr_line' id='line_1_20' title="bbox 217 959 1000 995; baseline -0.001 -8"><span class='ocrx_word' id='word_1_144' title='bbox 217 961 281 988; x_wconf 90' lang='lat' dir='ltr'><strong>ruit.</strong></span> <span class='ocrx_word' id='word_1_145' title='bbox 295 960 353 987; x_wconf 87' lang='lat' dir='ltr'><strong>Non</strong></span> <span class='ocrx_word' id='word_1_146' title='bbox 366 961 438 995; x_wconf 85' lang='lat' dir='ltr'><strong>capit</strong></span> <span class='ocrx_word' id='word_1_147' title='bbox 453 967 577 987; x_wconf 80' lang='lat' dir='ltr'><strong>creatura</strong></span> <span class='ocrx_word' id='word_1_148' title='bbox 595 960 666 994; x_wconf 88' lang='lat' dir='ltr'><strong>quod</strong></span> <span class='ocrx_word' id='word_1_149' title='bbox 688 960 760 994; x_wconf 88' lang='lat' dir='ltr'><strong>capit</strong></span> <span class='ocrx_word' id='word_1_150' title='bbox 776 959 846 987; x_wconf 88' lang='lat' dir='ltr'><strong>Deus</strong></span> <span class='ocrx_word' id='word_1_151' title='bbox 860 969 866 986; x_wconf 96' lang='lat'>:</span> <span class='ocrx_word' id='word_1_152' title='bbox 880 963 906 986; x_wconf 92' lang='lat' dir='ltr'><strong>et</strong></span> <span class='ocrx_word' id='word_1_153' title='bbox 923 963 953 986; x_wconf 92' lang='lat' dir='ltr'><strong>ut</strong></span> <span class='ocrx_word' id='word_1_154' title='bbox 967 959 1000 986; x_wconf 88' lang='lat' dir='ltr'><strong>ad</strong></span> 
     </span>
    </p>
   </div>
   <div class='ocr_carea' id='block_1_21' title="bbox 217 1004 1001 1040">
    <p class='ocr_par' dir='ltr' id='par_1_21' title="bbox 217 1004 1001 1040">
     <span class='ocr_line' id='line_1_21' title="bbox 217 1004 1001 1040; baseline -0.004 -7"><span class='ocrx_word' id='word_1_155' title='bbox 217 1006 322 1040; x_wconf 83' lang='lat' dir='ltr'><strong>majora</strong></span> <span class='ocrx_word' id='word_1_156' title='bbox 333 1007 450 1038; x_wconf 88' lang='lat' dir='ltr'><strong>veniam,</strong></span> <span class='ocrx_word' id='word_1_157' title='bbox 467 1014 520 1032; x_wconf 90' lang='lat' dir='ltr'><strong>non</strong></span> <span class='ocrx_word' id='word_1_158' title='bbox 544 1006 655 1040; x_wconf 85' lang='lat' dir='ltr'><strong>capiunt</strong></span> <span class='ocrx_word' id='word_1_159' title='bbox 671 1006 747 1040; x_wconf 81' lang='lat' dir='ltr'><strong>signa</strong></span> <span class='ocrx_word' id='word_1_160' title='bbox 761 1005 902 1040; x_wconf 71' lang='lat' dir='ltr'><strong>aequaliter</strong></span> <span class='ocrx_word' id='word_1_161' title='bbox 919 1004 1001 1040; x_wconf 65' lang='grc' dir='ltr'><strong>ἀ,οὸ</strong></span> 
     </span>
    </p>
   </div>
   <div class='ocr_carea' id='block_1_22' title="bbox 217 1049 999 1086">
    <p class='ocr_par' dir='ltr' id='par_1_22' title="bbox 217 1049 999 1086">
     <span class='ocr_line' id='line_1_22' title="bbox 217 1049 999 1086; baseline -0.003 -9"><span class='ocrx_word' id='word_1_162' title='bbox 217 1051 410 1086; x_wconf 74' lang='lat' dir='ltr'><strong>cognitionem.</strong></span> <span class='ocrx_word' id='word_1_163' title='bbox 425 1050 489 1077; x_wconf 81' lang='lat' dir='ltr'><strong>Plus</strong></span> <span class='ocrx_word' id='word_1_164' title='bbox 505 1056 563 1077; x_wconf 87' lang='lat' dir='ltr'><strong>erat</strong></span> <span class='ocrx_word' id='word_1_165' title='bbox 575 1050 600 1076; x_wconf 85' lang='lat' dir='ltr'><strong>in</strong></span> <span class='ocrx_word' id='word_1_166' title='bbox 615 1049 699 1076; x_wconf 85' lang='lat' dir='ltr'><strong>Paulo</strong></span> <span class='ocrx_word' id='word_1_167' title='bbox 712 1058 792 1084; x_wconf 87' lang='lat' dir='ltr'><strong>quam</strong></span> <span class='ocrx_word' id='word_1_168' title='bbox 806 1050 832 1076; x_wconf 94' lang='lat' dir='ltr'><strong>in</strong></span> <span class='ocrx_word' id='word_1_169' title='bbox 845 1049 999 1081; x_wconf 88' lang='lat' dir='ltr'><strong>Timotheo,</strong></span> 
     </span>
    </p>
   </div>
   <div class='ocr_carea' id='block_1_23' title="bbox 217 1096 1001 1130">
    <p class='ocr_par' dir='ltr' id='par_1_23' title="bbox 217 1096 1001 1130">
     <span class='ocr_line' id='line_1_23' title="bbox 217 1096 1001 1130; baseline -0.003 -7"><span class='ocrx_word' id='word_1_170' title='bbox 217 1104 279 1124; x_wconf 92' lang='lat' dir='ltr'><strong>cum</strong></span> <span class='ocrx_word' id='word_1_171' title='bbox 293 1101 365 1123; x_wconf 83' lang='lat' dir='ltr'><strong>esset</strong></span> <span class='ocrx_word' id='word_1_172' title='bbox 375 1104 423 1123; x_wconf 89' lang='lat' dir='ltr'><strong>vas</strong></span> <span class='ocrx_word' id='word_1_173' title='bbox 434 1096 584 1123; x_wconf 79' lang='lat' dir='ltr'><strong>electionis.</strong></span> <span class='ocrx_word' id='word_1_174' title='bbox 598 1096 630 1123; x_wconf 87' lang='lat' dir='ltr'><strong>Et</strong></span> <span class='ocrx_word' id='word_1_175' title='bbox 642 1104 704 1123; x_wconf 85' lang='lat' dir='ltr'><strong>vere</strong></span> <span class='ocrx_word' id='word_1_176' title='bbox 722 1103 850 1130; x_wconf 79' lang='lat' dir='ltr'><strong>magnum</strong></span> <span class='ocrx_word' id='word_1_177' title='bbox 874 1096 901 1121; x_wconf 91' lang='lat' dir='ltr'><strong>in</strong></span> <span class='ocrx_word' id='word_1_178' title='bbox 920 1096 1001 1122; x_wconf 87' lang='lat' dir='ltr'><strong>domo</strong></span> 
     </span>
    </p>
   </div>
   <div class='ocr_carea' id='block_1_24' title="bbox 218 1139 1001 1175">
    <p class='ocr_par' dir='ltr' id='par_1_24' title="bbox 218 1139 1001 1175">
     <span class='ocr_line' id='line_1_24' title="bbox 218 1139 1001 1175; baseline -0.001 -9"><span class='ocrx_word' id='word_1_179' title='bbox 218 1148 266 1167; x_wconf 85' lang='lat' dir='ltr'><strong>vas</strong></span> <span class='ocrx_word' id='word_1_180' title='bbox 282 1139 452 1173; x_wconf 87' lang='lat' dir='ltr'><strong>Timotheus,</strong></span> <span class='ocrx_word' id='word_1_181' title='bbox 469 1148 577 1167; x_wconf 89' lang='lat' dir='ltr'><strong>rursum</strong></span> <span class='ocrx_word' id='word_1_182' title='bbox 603 1141 746 1175; x_wconf 71' lang='lat' dir='ltr'><strong>capitquaz</strong></span> <span class='ocrx_word' id='word_1_183' title='bbox 761 1148 811 1175; x_wconf 79' lang='lat' dir='ltr'><strong>ego</strong></span> <span class='ocrx_word' id='word_1_184' title='bbox 833 1147 931 1174; x_wconf 86' lang='lat' dir='ltr'><strong>capere</strong></span> <span class='ocrx_word' id='word_1_185' title='bbox 946 1147 1001 1166; x_wconf 92' lang='lat' dir='ltr'><strong>non</strong></span> 
     </span>
    </p>
   </div>
   <div class='ocr_carea' id='block_1_25' title="bbox 217 1185 1002 1220">
    <p class='ocr_par' dir='ltr' id='par_1_25' title="bbox 217 1185 1002 1220">
     <span class='ocr_line' id='line_1_25' title="bbox 217 1185 1002 1220; baseline -0.003 -8"><span class='ocrx_word' id='word_1_186' title='bbox 217 1193 340 1220; x_wconf 76' lang='lat' dir='ltr'><strong>possum.</strong></span> <span class='ocrx_word' id='word_1_187' title='bbox 355 1185 388 1212; x_wconf 89' lang='lat' dir='ltr'><strong>Et</strong></span> <span class='ocrx_word' id='word_1_188' title='bbox 403 1185 565 1213; x_wconf 85' lang='lat' dir='ltr'><strong>estforsitan</strong></span> <span class='ocrx_word' id='word_1_189' title='bbox 579 1187 676 1218; x_wconf 78' lang='lat' dir='ltr'><strong>aliquis</strong></span> <span class='ocrx_word' id='word_1_190' title='bbox 695 1186 741 1220; x_wconf 88' lang='lat' dir='ltr'><strong>qui</strong></span> <span class='ocrx_word' id='word_1_191' title='bbox 757 1186 838 1213; x_wconf 87' lang='lat' dir='ltr'><strong>etiam</strong></span> <span class='ocrx_word' id='word_1_192' title='bbox 853 1192 895 1211; x_wconf 90' lang='lat' dir='ltr'><strong>me</strong></span> <span class='ocrx_word' id='word_1_193' title='bbox 912 1185 1002 1211; x_wconf 87' lang='lat' dir='ltr'><strong>minus</strong></span> 
     </span>
    </p>
   </div>
   <div class='ocr_carea' id='block_1_26' title="bbox 218 1231 1003 1267">
    <p class='ocr_par' dir='ltr' id='par_1_26' title="bbox 218 1231 1003 1267">
     <span class='ocr_line' id='line_1_26' title="bbox 218 1231 1003 1267; baseline 0 -9"><span class='ocrx_word' id='word_1_194' title='bbox 218 1231 326 1266; x_wconf 87' lang='lat' dir='ltr'><strong>capiat:</strong></span> <span class='ocrx_word' id='word_1_195' title='bbox 340 1236 401 1259; x_wconf 87' lang='lat' dir='ltr'><strong>sunt</strong></span> <span class='ocrx_word' id='word_1_196' title='bbox 416 1233 538 1266; x_wconf 52' lang='lat' dir='ltr'><strong>quardam</strong></span> <span class='ocrx_word' id='word_1_197' title='bbox 554 1241 613 1267; x_wconf 68' lang='lat' dir='ltr'><strong>qua:</strong></span> <span class='ocrx_word' id='word_1_198' title='bbox 629 1233 704 1260; x_wconf 88' lang='lat' dir='ltr'><strong>solus</strong></span> <span class='ocrx_word' id='word_1_199' title='bbox 715 1233 841 1259; x_wconf 87' lang='lat' dir='ltr'><strong>Christus</strong></span> <span class='ocrx_word' id='word_1_200' title='bbox 857 1231 928 1266; x_wconf 90' lang='lat' dir='ltr'><strong>capit</strong></span> <span class='ocrx_word' id='word_1_201' title='bbox 943 1252 950 1263; x_wconf 92' lang='lat'><strong>,</strong></span> <span class='ocrx_word' id='word_1_202' title='bbox 976 1236 1003 1258; x_wconf 87' lang='lat' dir='ltr'><strong>et</strong></span> 
     </span>
    </p>
   </div>
   <div class='ocr_carea' id='block_1_27' title="bbox 219 1277 1001 1313">
    <p class='ocr_par' dir='ltr' id='par_1_27' title="bbox 219 1277 1001 1313">
     <span class='ocr_line' id='line_1_27' title="bbox 219 1277 1001 1313; baseline 0.003 -9"><span class='ocrx_word' id='word_1_203' title='bbox 219 1277 321 1304; x_wconf 87' lang='lat' dir='ltr'><strong>idcirco</strong></span> <span class='ocrx_word' id='word_1_204' title='bbox 338 1278 431 1305; x_wconf 77' lang='lat' dir='ltr'><strong>clausa</strong></span> <span class='ocrx_word' id='word_1_205' title='bbox 445 1282 486 1304; x_wconf 89' lang='lat' dir='ltr'><strong>est</strong></span> <span class='ocrx_word' id='word_1_206' title='bbox 497 1278 581 1313; x_wconf 87' lang='lat' dir='ltr'><strong>janua</strong></span> <span class='ocrx_word' id='word_1_207' title='bbox 598 1279 689 1313; x_wconf 86' lang='lat' dir='ltr'><strong>templi</strong></span> <span class='ocrx_word' id='word_1_208' title='bbox 704 1278 761 1305; x_wconf 88' lang='lat' dir='ltr'><strong>Dei.</strong></span> <span class='ocrx_word' id='word_1_209' title='bbox 777 1277 843 1311; x_wconf 75' lang='lat' dir='ltr'><strong>Qua:</strong></span> <span class='ocrx_word' id='word_1_210' title='bbox 867 1286 907 1307; x_wconf 89' lang='lat' dir='ltr'><strong>est</strong></span> <span class='ocrx_word' id='word_1_211' title='bbox 929 1280 1001 1308; x_wconf 92' lang='lat' dir='ltr'><strong>enim</strong></span> 
     </span>
    </p>
   </div>
   <div class='ocr_carea' id='block_1_28' title="bbox 219 1321 1003 1358">
    <p class='ocr_par' dir='ltr' id='par_1_28' title="bbox 219 1321 1003 1358">
     <span class='ocr_line' id='line_1_28' title="bbox 219 1321 1003 1358; baseline 0.005 -10"><span class='ocrx_word' id='word_1_212' title='bbox 219 1321 284 1355; x_wconf 78' lang='lat' dir='ltr'><strong>ista,</strong></span> <span class='ocrx_word' id='word_1_213' title='bbox 300 1322 432 1349; x_wconf 78' lang='lat' dir='ltr'><strong>obsecro?</strong></span> <span class='ocrx_word' id='word_1_214' title='bbox 447 1321 571 1349; x_wconf 74' lang='lat' dir='ltr'><strong>Exterior</strong></span> <span class='ocrx_word' id='word_1_215' title='bbox 584 1331 643 1357; x_wconf 68' lang='lat' dir='ltr'><strong>quae</strong></span> <span class='ocrx_word' id='word_1_216' title='bbox 654 1328 729 1350; x_wconf 79' lang='lat' dir='ltr'><strong>extra</strong></span> <span class='ocrx_word' id='word_1_217' title='bbox 744 1323 897 1351; x_wconf 77' lang='lat' dir='ltr'><strong>mundanas</strong></span> <span class='ocrx_word' id='word_1_218' title='bbox 908 1332 962 1358; x_wconf 87' lang='lat' dir='ltr'><strong>res,</strong></span> <span class='ocrx_word' id='word_1_219' title='bbox 977 1329 1003 1351; x_wconf 88' lang='lat' dir='ltr'><strong>et</strong></span> 
     </span>
    </p>
   </div>
   <div class='ocr_carea' id='block_1_29' title="bbox 220 1368 1003 1405">
    <p class='ocr_par' dir='ltr' id='par_1_29' title="bbox 220 1368 1003 1405">
     <span class='ocr_line' id='line_1_29' title="bbox 220 1368 1003 1405; baseline 0.005 -11"><span class='ocrx_word' id='word_1_220' title='bbox 220 1368 404 1402; x_wconf 80' lang='lat' dir='ltr'><strong>incorporeas,</strong></span> <span class='ocrx_word' id='word_1_221' title='bbox 422 1372 457 1401; x_wconf 88' lang='lat' dir='ltr'><strong>et,</strong></span> <span class='ocrx_word' id='word_1_222' title='bbox 473 1372 503 1394; x_wconf 87' lang='lat' dir='ltr'><strong>ut</strong></span> <span class='ocrx_word' id='word_1_223' title='bbox 520 1369 556 1394; x_wconf 81' lang='lat' dir='ltr'><strong>ita</strong></span> <span class='ocrx_word' id='word_1_224' title='bbox 570 1369 670 1402; x_wconf 85' lang='lat' dir='ltr'><strong>dicam,</strong></span> <span class='ocrx_word' id='word_1_225' title='bbox 690 1369 883 1397; x_wconf 86' lang='lat' dir='ltr'><strong>immateriales</strong></span> <span class='ocrx_word' id='word_1_226' title='bbox 906 1371 1003 1405; x_wconf 89' lang='lat' dir='ltr'><strong>aperit.</strong></span> 
     </span>
    </p>
   </div>
   <div class='ocr_carea' id='block_1_30' title="bbox 218 1412 1003 1451">
    <p class='ocr_par' dir='ltr' id='par_1_30' title="bbox 218 1412 1003 1451">
     <span class='ocr_line' id='line_1_30' title="bbox 218 1412 1003 1451; baseline 0.008 -12"><span class='ocrx_word' id='word_1_227' title='bbox 218 1412 311 1448; x_wconf 84' lang='lat' dir='ltr'><strong>Neque</strong></span> <span class='ocrx_word' id='word_1_228' title='bbox 321 1413 393 1440; x_wconf 90' lang='lat' dir='ltr'><strong>enim</strong></span> <span class='ocrx_word' id='word_1_229' title='bbox 409 1413 510 1441; x_wconf 84' lang='lat' dir='ltr'><strong>frustra</strong></span> <span class='ocrx_word' id='word_1_230' title='bbox 521 1414 639 1448; x_wconf 88' lang='lat' dir='ltr'><strong>positum</strong></span> <span class='ocrx_word' id='word_1_231' title='bbox 654 1419 706 1448; x_wconf 90' lang='lat' dir='ltr'><strong>est,</strong></span> <span class='ocrx_word' id='word_1_232' title='bbox 722 1416 1003 1451; x_wconf 82' lang='lat' dir='ltr'><strong>exterioremjanuam</strong></span> 
     </span>
    </p>
   </div>
   <div class='ocr_carea' id='block_1_31' title="bbox 220 1459 1005 1496">
    <p class='ocr_par' dir='ltr' id='par_1_31' title="bbox 220 1459 1005 1496">
     <span class='ocr_line' id='line_1_31' title="bbox 220 1459 1005 1496; baseline 0.008 -11"><span class='ocrx_word' id='word_1_233' title='bbox 220 1466 327 1494; x_wconf 87' lang='lat' dir='ltr'><strong>semper</strong></span> <span class='ocrx_word' id='word_1_234' title='bbox 337 1467 397 1486; x_wconf 89' lang='lat' dir='ltr'><strong>esse</strong></span> <span class='ocrx_word' id='word_1_235' title='bbox 410 1460 543 1486; x_wconf 85' lang='lat' dir='ltr'><strong>clausam.</strong></span> <span class='ocrx_word' id='word_1_236' title='bbox 559 1459 625 1492; x_wconf 73' lang='lat' dir='ltr'><strong>Qua:</strong></span> <span class='ocrx_word' id='word_1_237' title='bbox 641 1465 683 1487; x_wconf 88' lang='lat' dir='ltr'><strong>est</strong></span> <span class='ocrx_word' id='word_1_238' title='bbox 699 1461 750 1488; x_wconf 88' lang='lat' dir='ltr'><strong>ista</strong></span> <span class='ocrx_word' id='word_1_239' title='bbox 762 1461 847 1496; x_wconf 89' lang='lat' dir='ltr'><strong>janua</strong></span> <span class='ocrx_word' id='word_1_240' title='bbox 863 1463 1005 1491; x_wconf 80' lang='lat' dir='ltr'><strong>exterior?</strong></span> 
     </span>
    </p>
   </div>
   <div class='ocr_carea' id='block_1_32' title="bbox 221 1503 1004 1539">
    <p class='ocr_par' dir='ltr' id='par_1_32' title="bbox 221 1503 1004 1539">
     <span class='ocr_line' id='line_1_32' title="bbox 221 1503 1004 1539; baseline 0.006 -9"><span class='ocrx_word' id='word_1_241' title='bbox 221 1503 395 1531; x_wconf 88' lang='lat' dir='ltr'><strong>Sanctorum.</strong></span> <span class='ocrx_word' id='word_1_242' title='bbox 424 1504 514 1537; x_wconf 85' lang='lat' dir='ltr'><strong>Quare</strong></span> <span class='ocrx_word' id='word_1_243' title='bbox 541 1505 656 1532; x_wconf 83' lang='lat' dir='ltr'><strong>clausa?</strong></span> <span class='ocrx_word' id='word_1_244' title='bbox 683 1506 751 1539; x_wconf 88' lang='lat' dir='ltr'><strong>Quia</strong></span> <span class='ocrx_word' id='word_1_245' title='bbox 777 1506 909 1535; x_wconf 84' lang='lat' dir='ltr'><strong>Dominus</strong></span> <span class='ocrx_word' id='word_1_246' title='bbox 934 1508 1004 1536; x_wconf 89' lang='lat' dir='ltr'><strong>Deus</strong></span> 
     </span>
    </p>
   </div>
   <div class='ocr_carea' id='block_1_33' title="bbox 1050 261 1836 303">
    <p class='ocr_par' dir='ltr' id='par_1_33' title="bbox 1050 261 1836 303">
     <span class='ocr_line' id='line_1_33' title="bbox 1050 261 1836 303; baseline -0.014 -7"><span class='ocrx_word' id='word_1_247' title='bbox 1050 276 1176 303; x_wconf 78' lang='lat' dir='ltr'><strong>magnum</strong></span> <span class='ocrx_word' id='word_1_248' title='bbox 1189 266 1356 294; x_wconf 84' lang='lat' dir='ltr'><strong>sacerdotem</strong></span> <span class='ocrx_word' id='word_1_249' title='bbox 1379 272 1476 299; x_wconf 89' lang='lat' dir='ltr'><strong>panem</strong></span> <span class='ocrx_word' id='word_1_250' title='bbox 1497 262 1524 289; x_wconf 90' lang='lat' dir='ltr'><strong>in</strong></span> <span class='ocrx_word' id='word_1_251' title='bbox 1542 261 1650 289; x_wconf 84' lang='lat' dir='ltr'><strong>Sanctis</strong></span> <span class='ocrx_word' id='word_1_252' title='bbox 1675 265 1836 288; x_wconf 85' lang='lat' dir='ltr'><strong>sanctorum</strong></span> 
     </span>
    </p>
   </div>
   <div class='ocr_carea' id='block_1_34' title="bbox 1049 314 1247 341">
    <p class='ocr_par' dir='ltr' id='par_1_34' title="bbox 1049 314 1247 341">
     <span class='ocr_line' id='line_1_34' title="bbox 1049 314 1247 341; baseline -0.015 0"><span class='ocrx_word' id='word_1_253' title='bbox 1049 314 1247 341; x_wconf 88' lang='lat' dir='ltr'><strong>comedentem.</strong></span> 
     </span>
    </p>
   </div>
   <div class='ocr_carea' id='block_1_35' title="bbox 1084 360 1836 399">
    <p class='ocr_par' dir='ltr' id='par_1_35' title="bbox 1084 360 1836 399">
     <span class='ocr_line' id='line_1_35' title="bbox 1084 360 1836 399; baseline -0.009 -6"><span class='ocrx_word' id='word_1_254' title='bbox 1084 368 1110 394; x_wconf 82' lang='lat'><strong>5.</strong></span> <span class='ocrx_word' id='word_1_255' title='bbox 1130 366 1169 393; x_wconf 82' lang='lat' dir='ltr'><strong>Ad</strong></span> <span class='ocrx_word' id='word_1_256' title='bbox 1182 366 1238 393; x_wconf 55' lang='lat' dir='ltr'><strong>haec</strong></span> <span class='ocrx_word' id='word_1_257' title='bbox 1251 370 1342 392; x_wconf 89' lang='lat' dir='ltr'><strong>autem</strong></span> <span class='ocrx_word' id='word_1_258' title='bbox 1355 364 1494 399; x_wconf 86' lang='lat' dir='ltr'><strong>probanda</strong></span> <span class='ocrx_word' id='word_1_259' title='bbox 1506 371 1566 398; x_wconf 76' lang='lat' dir='ltr'><strong>quae</strong></span> <span class='ocrx_word' id='word_1_260' title='bbox 1580 363 1708 395; x_wconf 89' lang='lat' dir='ltr'><strong>dicimus,</strong></span> <span class='ocrx_word' id='word_1_261' title='bbox 1723 362 1768 396; x_wconf 87' lang='lat' dir='ltr'><strong>qui</strong></span> <span class='ocrx_word' id='word_1_262' title='bbox 1782 360 1836 387; x_wconf 80' lang='lat' dir='ltr'><strong>Lu-</strong></span> 
     </span>
    </p>
   </div>
   <div class='ocr_carea' id='block_1_36' title="bbox 1049 409 1836 446">
    <p class='ocr_par' dir='ltr' id='par_1_36' title="bbox 1049 409 1836 446">
     <span class='ocr_line' id='line_1_36' title="bbox 1049 409 1836 446; baseline -0.006 -7"><span class='ocrx_word' id='word_1_263' title='bbox 1049 412 1160 439; x_wconf 83' lang='lat' dir='ltr'><strong>viticum</strong></span> <span class='ocrx_word' id='word_1_264' title='bbox 1177 412 1242 446; x_wconf 71' lang='lat' dir='ltr'><strong>legit</strong></span> <span class='ocrx_word' id='word_1_265' title='bbox 1255 411 1277 427; x_wconf 81' lang='grc'><strong>⁸²</strong></span> <span class='ocrx_word' id='word_1_266' title='bbox 1287 431 1295 443; x_wconf 85' lang='grc'><em>,</em></span> <span class='ocrx_word' id='word_1_267' title='bbox 1309 411 1399 438; x_wconf 85' lang='lat' dir='ltr'><strong>ablato</strong></span> <span class='ocrx_word' id='word_1_268' title='bbox 1413 418 1445 437; x_wconf 88' lang='lat' dir='ltr'><strong>ex</strong></span> <span class='ocrx_word' id='word_1_269' title='bbox 1463 411 1546 437; x_wconf 89' lang='lat' dir='ltr'><strong>corde</strong></span> <span class='ocrx_word' id='word_1_270' title='bbox 1562 417 1611 436; x_wconf 84' lang='lat' dir='ltr'><strong>suo</strong></span> <span class='ocrx_word' id='word_1_271' title='bbox 1625 409 1768 440; x_wconf 80' lang='lat' dir='ltr'><strong>velamine,</strong></span> <span class='ocrx_word' id='word_1_272' title='bbox 1785 416 1836 442; x_wconf 89' lang='lat' dir='ltr'><strong>po-</strong></span> 
     </span>
    </p>
   </div>
   <div class='ocr_carea' id='block_1_37' title="bbox 1050 454 1835 493">
    <p class='ocr_par' dir='ltr' id='par_1_37' title="bbox 1050 454 1835 493">
     <span class='ocr_line' id='line_1_37' title="bbox 1050 454 1835 493; baseline -0.006 -8"><span class='ocrx_word' id='word_1_273' title='bbox 1050 459 1114 485; x_wconf 90' lang='lat' dir='ltr'><strong>terit</strong></span> <span class='ocrx_word' id='word_1_274' title='bbox 1131 465 1278 493; x_wconf 76' lang='lat' dir='ltr'><strong>agnoscere</strong></span> <span class='ocrx_word' id='word_1_275' title='bbox 1291 456 1450 492; x_wconf 80' lang='lat' dir='ltr'><strong>mysterium</strong></span> <span class='ocrx_word' id='word_1_276' title='bbox 1475 455 1657 483; x_wconf 86' lang='lat' dir='ltr'><strong>sacerdotum.</strong></span> <span class='ocrx_word' id='word_1_277' title='bbox 1681 454 1718 481; x_wconf 73' lang='lat' dir='ltr'><strong>l&#39;bi</strong></span> <span class='ocrx_word' id='word_1_278' title='bbox 1732 455 1835 489; x_wconf 88' lang='lat' dir='ltr'><strong>quippe</strong></span> 
     </span>
    </p>
   </div>
   <div class='ocr_carea' id='block_1_38' title="bbox 1050 500 1834 536">
    <p class='ocr_par' dir='ltr' id='par_1_38' title="bbox 1050 500 1834 536">
     <span class='ocr_line' id='line_1_38' title="bbox 1050 500 1834 536; baseline -0.005 -6"><span class='ocrx_word' id='word_1_279' title='bbox 1050 504 1083 530; x_wconf 89' lang='lat' dir='ltr'><strong>de</strong></span> <span class='ocrx_word' id='word_1_280' title='bbox 1098 503 1241 531; x_wconf 71' lang='lat' dir='ltr'><strong>sacrificiis</strong></span> <span class='ocrx_word' id='word_1_281' title='bbox 1259 507 1285 530; x_wconf 90' lang='lat' dir='ltr'><strong>et</strong></span> <span class='ocrx_word' id='word_1_282' title='bbox 1297 502 1350 529; x_wconf 86' lang='lat' dir='ltr'><strong>cibi</strong></span> <span class='ocrx_word' id='word_1_283' title='bbox 1366 509 1435 536; x_wconf 90' lang='lat' dir='ltr'><strong>quos</strong></span> <span class='ocrx_word' id='word_1_284' title='bbox 1447 502 1497 528; x_wconf 91' lang='lat' dir='ltr'><strong>soli</strong></span> <span class='ocrx_word' id='word_1_285' title='bbox 1512 501 1668 528; x_wconf 81' lang='lat' dir='ltr'><strong>sacerdotes</strong></span> <span class='ocrx_word' id='word_1_286' title='bbox 1677 500 1834 531; x_wconf 80' lang='lat' dir='ltr'><strong>comedunt,</strong></span> 
     </span>
    </p>
   </div>
   <div class='ocr_carea' id='block_1_39' title="bbox 1051 548 1834 583">
    <p class='ocr_par' dir='ltr' id='par_1_39' title="bbox 1051 548 1834 583">
     <span class='ocr_line' id='line_1_39' title="bbox 1051 548 1834 583; baseline -0.005 -6"><span class='ocrx_word' id='word_1_287' title='bbox 1051 549 1176 577; x_wconf 82' lang='lat' dir='ltr'><strong>refertur.</strong></span> <span class='ocrx_word' id='word_1_288' title='bbox 1193 550 1263 576; x_wconf 90' lang='lat' dir='ltr'><strong>Sunt</strong></span> <span class='ocrx_word' id='word_1_289' title='bbox 1285 549 1394 583; x_wconf 83' lang='lat' dir='ltr'><strong>quidam</strong></span> <span class='ocrx_word' id='word_1_290' title='bbox 1415 548 1467 575; x_wconf 87' lang='lat' dir='ltr'><strong>cibi</strong></span> <span class='ocrx_word' id='word_1_291' title='bbox 1483 548 1677 579; x_wconf 85' lang='lat' dir='ltr'><strong>saecrdotales,</strong></span> <span class='ocrx_word' id='word_1_292' title='bbox 1693 555 1761 581; x_wconf 81' lang='lat' dir='ltr'><strong>quos</strong></span> <span class='ocrx_word' id='word_1_293' title='bbox 1777 555 1834 573; x_wconf 86' lang='lat' dir='ltr'><strong>non</strong></span> 
     </span>
    </p>
   </div>
   <div class='ocr_carea' id='block_1_40' title="bbox 1051 593 1836 626">
    <p class='ocr_par' dir='ltr' id='par_1_40' title="bbox 1051 593 1836 626">
     <span class='ocr_line' id='line_1_40' title="bbox 1051 593 1836 626; baseline -0.004 -3"><span class='ocrx_word' id='word_1_294' title='bbox 1051 596 1168 623; x_wconf 83' lang='lat' dir='ltr'><strong>comedit</strong></span> <span class='ocrx_word' id='word_1_295' title='bbox 1184 595 1311 622; x_wconf 85' lang='lat' dir='ltr'><strong>sacerdos</strong></span> <span class='ocrx_word' id='word_1_296' title='bbox 1325 595 1351 621; x_wconf 92' lang='lat' dir='ltr'><strong>in</strong></span> <span class='ocrx_word' id='word_1_297' title='bbox 1365 595 1446 622; x_wconf 91' lang='lat' dir='ltr'><strong>domo</strong></span> <span class='ocrx_word' id='word_1_298' title='bbox 1461 602 1521 625; x_wconf 87' lang='lat' dir='ltr'><strong>sua,</strong></span> <span class='ocrx_word' id='word_1_299' title='bbox 1541 602 1594 621; x_wconf 85' lang='lat' dir='ltr'><strong>non</strong></span> <span class='ocrx_word' id='word_1_300' title='bbox 1606 601 1667 621; x_wconf 92' lang='lat' dir='ltr'><strong>cum</strong></span> <span class='ocrx_word' id='word_1_301' title='bbox 1684 593 1757 626; x_wconf 83' lang='lat' dir='ltr'><strong>ﬁliis,</strong></span> <span class='ocrx_word' id='word_1_302' title='bbox 1771 594 1836 620; x_wconf 72' lang='lat' dir='ltr'><strong>licet</strong></span> 
     </span>
    </p>
   </div>
   <div class='ocr_carea' id='block_1_41' title="bbox 1051 640 1837 674">
    <p class='ocr_par' dir='ltr' id='par_1_41' title="bbox 1051 640 1837 674">
     <span class='ocr_line' id='line_1_41' title="bbox 1051 640 1837 674; baseline -0.004 -5"><span class='ocrx_word' id='word_1_303' title='bbox 1051 642 1232 669; x_wconf 84' lang='lat' dir='ltr'><strong>sacerdotales</strong></span> <span class='ocrx_word' id='word_1_304' title='bbox 1245 642 1309 674; x_wconf 83' lang='lat' dir='ltr'><strong>sint,</strong></span> <span class='ocrx_word' id='word_1_305' title='bbox 1327 649 1381 668; x_wconf 93' lang='lat' dir='ltr'><strong>non</strong></span> <span class='ocrx_word' id='word_1_306' title='bbox 1398 648 1460 668; x_wconf 90' lang='lat' dir='ltr'><strong>cum</strong></span> <span class='ocrx_word' id='word_1_307' title='bbox 1473 648 1567 671; x_wconf 78' lang='lat' dir='ltr'><strong>uxore,</strong></span> <span class='ocrx_word' id='word_1_308' title='bbox 1581 640 1644 667; x_wconf 86' lang='lat' dir='ltr'><strong>licet</strong></span> <span class='ocrx_word' id='word_1_309' title='bbox 1670 640 1788 674; x_wconf 78' lang='lat' dir='ltr'><strong>legitime</strong></span> <span class='ocrx_word' id='word_1_310' title='bbox 1810 640 1837 666; x_wconf 85' lang='lat' dir='ltr'><strong>ei</strong></span> 
     </span>
    </p>
   </div>
   <div class='ocr_carea' id='block_1_42' title="bbox 1051 685 1840 722">
    <p class='ocr_par' dir='ltr' id='par_1_42' title="bbox 1051 685 1840 722">
     <span class='ocr_line' id='line_1_42' title="bbox 1051 685 1840 722; baseline -0.003 -8"><span class='ocrx_word' id='word_1_311' title='bbox 1051 688 1184 722; x_wconf 85' lang='lat' dir='ltr'><strong>nupserit,</strong></span> <span class='ocrx_word' id='word_1_312' title='bbox 1197 687 1243 714; x_wconf 89' lang='lat' dir='ltr'><strong>sed</strong></span> <span class='ocrx_word' id='word_1_313' title='bbox 1264 688 1290 714; x_wconf 93' lang='lat' dir='ltr'><strong>in</strong></span> <span class='ocrx_word' id='word_1_314' title='bbox 1305 687 1364 714; x_wconf 92' lang='lat' dir='ltr'><strong>loco</strong></span> <span class='ocrx_word' id='word_1_315' title='bbox 1382 691 1476 714; x_wconf 84' lang='lat' dir='ltr'><strong>sancto</strong></span> <span class='ocrx_word' id='word_1_316' title='bbox 1491 685 1608 713; x_wconf 89' lang='lat' dir='ltr'><strong>comedit</strong></span> <span class='ocrx_word' id='word_1_317' title='bbox 1623 694 1670 712; x_wconf 86' lang='lat' dir='ltr'><strong>eos</strong></span> <span class='ocrx_word' id='word_1_318' title='bbox 1681 705 1687 716; x_wconf 87' lang='lat'><strong>,</strong></span> <span class='ocrx_word' id='word_1_319' title='bbox 1706 690 1732 712; x_wconf 88' lang='lat' dir='ltr'><strong>et</strong></span> <span class='ocrx_word' id='word_1_320' title='bbox 1746 693 1840 712; x_wconf 91' lang='lat' dir='ltr'><strong>come-</strong></span> 
     </span>
    </p>
   </div>
   <div class='ocr_carea' id='block_1_43' title="bbox 1051 731 1839 764">
    <p class='ocr_par' dir='ltr' id='par_1_43' title="bbox 1051 731 1839 764">
     <span class='ocr_line' id='line_1_43' title="bbox 1051 731 1839 764; baseline -0.004 -4"><span class='ocrx_word' id='word_1_321' title='bbox 1051 734 1090 760; x_wconf 87' lang='lat' dir='ltr'><strong>dit</strong></span> <span class='ocrx_word' id='word_1_322' title='bbox 1105 734 1142 761; x_wconf 86' lang='lat' dir='ltr'><strong>ibi</strong></span> <span class='ocrx_word' id='word_1_323' title='bbox 1155 741 1244 760; x_wconf 86' lang='lat' dir='ltr'><strong>escam</strong></span> <span class='ocrx_word' id='word_1_324' title='bbox 1258 733 1284 759; x_wconf 94' lang='lat' dir='ltr'><strong>in</strong></span> <span class='ocrx_word' id='word_1_325' title='bbox 1300 732 1396 760; x_wconf 87' lang='lat' dir='ltr'><strong>Sancta</strong></span> <span class='ocrx_word' id='word_1_326' title='bbox 1413 736 1580 759; x_wconf 87' lang='lat' dir='ltr'><strong>sanctorum.</strong></span> <span class='ocrx_word' id='word_1_327' title='bbox 1593 731 1735 764; x_wconf 86' lang='lat' dir='ltr'><strong>Quomodo</strong></span> <span class='ocrx_word' id='word_1_328' title='bbox 1747 739 1839 758; x_wconf 87' lang='lat' dir='ltr'><strong>sacer—</strong></span> 
     </span>
    </p>
   </div>
   <div class='ocr_carea' id='block_1_44' title="bbox 1052 777 1836 809">
    <p class='ocr_par' dir='ltr' id='par_1_44' title="bbox 1052 777 1836 809">
     <span class='ocr_line' id='line_1_44' title="bbox 1052 777 1836 809; baseline -0.006 -2"><span class='ocrx_word' id='word_1_329' title='bbox 1052 781 1101 807; x_wconf 88' lang='lat' dir='ltr'><strong>dos</strong></span> <span class='ocrx_word' id='word_1_330' title='bbox 1117 787 1169 806; x_wconf 85' lang='lat' dir='ltr'><strong>non</strong></span> <span class='ocrx_word' id='word_1_331' title='bbox 1186 780 1303 807; x_wconf 88' lang='lat' dir='ltr'><strong>comedit</strong></span> <span class='ocrx_word' id='word_1_332' title='bbox 1320 787 1410 806; x_wconf 88' lang='lat' dir='ltr'><strong>escam</strong></span> <span class='ocrx_word' id='word_1_333' title='bbox 1427 779 1453 805; x_wconf 93' lang='lat' dir='ltr'><strong>in</strong></span> <span class='ocrx_word' id='word_1_334' title='bbox 1472 779 1554 805; x_wconf 84' lang='lat' dir='ltr'><strong>domo</strong></span> <span class='ocrx_word' id='word_1_335' title='bbox 1571 786 1632 809; x_wconf 87' lang='lat' dir='ltr'><strong>sua,</strong></span> <span class='ocrx_word' id='word_1_336' title='bbox 1654 782 1702 804; x_wconf 86' lang='lat' dir='ltr'><strong>aut</strong></span> <span class='ocrx_word' id='word_1_337' title='bbox 1729 777 1755 803; x_wconf 90' lang='lat' dir='ltr'><strong>in</strong></span> <span class='ocrx_word' id='word_1_338' title='bbox 1780 777 1836 803; x_wconf 87' lang='lat' dir='ltr'><strong>alio</strong></span> 
     </span>
    </p>
   </div>
   <div class='ocr_carea' id='block_1_45' title="bbox 1052 822 1839 859">
    <p class='ocr_par' dir='ltr' id='par_1_45' title="bbox 1052 822 1839 859">
     <span class='ocr_line' id='line_1_45' title="bbox 1052 822 1839 859; baseline -0.005 -7"><span class='ocrx_word' id='word_1_339' title='bbox 1052 833 1189 859; x_wconf 89' lang='lat' dir='ltr'><strong>quoquam</strong></span> <span class='ocrx_word' id='word_1_340' title='bbox 1205 824 1275 857; x_wconf 91' lang='lat' dir='ltr'><strong>loco,</strong></span> <span class='ocrx_word' id='word_1_341' title='bbox 1295 825 1341 852; x_wconf 89' lang='lat' dir='ltr'><strong>sed</strong></span> <span class='ocrx_word' id='word_1_342' title='bbox 1357 824 1382 850; x_wconf 93' lang='lat' dir='ltr'><strong>in</strong></span> <span class='ocrx_word' id='word_1_343' title='bbox 1395 823 1503 850; x_wconf 85' lang='lat' dir='ltr'><strong>Sanctis</strong></span> <span class='ocrx_word' id='word_1_344' title='bbox 1518 827 1690 855; x_wconf 88' lang='lat' dir='ltr'><strong>sanctorum;</strong></span> <span class='ocrx_word' id='word_1_345' title='bbox 1713 822 1753 849; x_wconf 84' lang='lat' dir='ltr'><strong>sic</strong></span> <span class='ocrx_word' id='word_1_346' title='bbox 1778 823 1839 848; x_wconf 73' lang='lat' dir='ltr'><strong>Sal-</strong></span> 
     </span>
    </p>
   </div>
   <div class='ocr_carea' id='block_1_46' title="bbox 1052 868 1837 903">
    <p class='ocr_par' dir='ltr' id='par_1_46' title="bbox 1052 868 1837 903">
     <span class='ocr_line' id='line_1_46' title="bbox 1052 868 1837 903; baseline -0.005 -6"><span class='ocrx_word' id='word_1_347' title='bbox 1052 875 1130 897; x_wconf 87' lang='lat' dir='ltr'><strong>vator</strong></span> <span class='ocrx_word' id='word_1_348' title='bbox 1140 878 1216 897; x_wconf 85' lang='lat' dir='ltr'><strong>meus</strong></span> <span class='ocrx_word' id='word_1_349' title='bbox 1230 870 1305 897; x_wconf 88' lang='lat' dir='ltr'><strong>solus</strong></span> <span class='ocrx_word' id='word_1_350' title='bbox 1315 869 1432 896; x_wconf 87' lang='lat' dir='ltr'><strong>comedit</strong></span> <span class='ocrx_word' id='word_1_351' title='bbox 1441 876 1548 903; x_wconf 86' lang='lat' dir='ltr'><strong>panem,</strong></span> <span class='ocrx_word' id='word_1_352' title='bbox 1559 868 1632 895; x_wconf 87' lang='lat' dir='ltr'><strong>tmllo</strong></span> <span class='ocrx_word' id='word_1_353' title='bbox 1645 868 1748 894; x_wconf 83' lang='lat' dir='ltr'><strong>valente</strong></span> <span class='ocrx_word' id='word_1_354' title='bbox 1761 875 1819 894; x_wconf 85' lang='lat' dir='ltr'><strong>com</strong></span> <span class='ocrx_word' id='word_1_355' title='bbox 1831 883 1837 887; x_wconf 99' lang='lat'><strong><em>-</em></strong></span> 
     </span>
    </p>
   </div>
   <div class='ocr_carea' id='block_1_47' title="bbox 1053 914 1839 949">
    <p class='ocr_par' dir='ltr' id='par_1_47' title="bbox 1053 914 1839 949">
     <span class='ocr_line' id='line_1_47' title="bbox 1053 914 1839 949; baseline -0.004 -6"><span class='ocrx_word' id='word_1_356' title='bbox 1053 917 1132 943; x_wconf 80' lang='lat' dir='ltr'><strong>edere</strong></span> <span class='ocrx_word' id='word_1_357' title='bbox 1156 924 1215 942; x_wconf 88' lang='lat' dir='ltr'><strong>cum</strong></span> <span class='ocrx_word' id='word_1_358' title='bbox 1241 923 1281 942; x_wconf 85' lang='lat' dir='ltr'><strong>eo.</strong></span> <span class='ocrx_word' id='word_1_359' title='bbox 1303 915 1349 942; x_wconf 77' lang='lat' dir='ltr'><strong>Est</strong></span> <span class='ocrx_word' id='word_1_360' title='bbox 1368 918 1458 941; x_wconf 84' lang='lat' dir='ltr'><strong>autem</strong></span> <span class='ocrx_word' id='word_1_361' title='bbox 1482 914 1592 949; x_wconf 88' lang='lat' dir='ltr'><strong>quidam</strong></span> <span class='ocrx_word' id='word_1_362' title='bbox 1612 914 1706 945; x_wconf 90' lang='lat' dir='ltr'><strong>locus,</strong></span> <span class='ocrx_word' id='word_1_363' title='bbox 1727 914 1753 940; x_wconf 93' lang='lat' dir='ltr'><strong>in</strong></span> <span class='ocrx_word' id='word_1_364' title='bbox 1782 921 1839 947; x_wconf 90' lang='lat' dir='ltr'><strong>quo</strong></span> 
     </span>
    </p>
   </div>
   <div class='ocr_carea' id='block_1_48' title="bbox 1053 958 1838 993">
    <p class='ocr_par' dir='ltr' id='par_1_48' title="bbox 1053 958 1838 993">
     <span class='ocr_line' id='line_1_48' title="bbox 1053 958 1838 993; baseline -0.004 -5"><span class='ocrx_word' id='word_1_365' title='bbox 1053 962 1206 993; x_wconf 82' lang='lat' dir='ltr'><strong>comedens,</strong></span> <span class='ocrx_word' id='word_1_366' title='bbox 1218 967 1293 988; x_wconf 88' lang='lat' dir='ltr'><strong>etme</strong></span> <span class='ocrx_word' id='word_1_367' title='bbox 1307 969 1397 988; x_wconf 86' lang='lat' dir='ltr'><strong>secum</strong></span> <span class='ocrx_word' id='word_1_368' title='bbox 1410 961 1521 987; x_wconf 85' lang='lat' dir='ltr'><strong>attrahit</strong></span> <span class='ocrx_word' id='word_1_369' title='bbox 1535 960 1567 987; x_wconf 88' lang='lat' dir='ltr'><strong>ad</strong></span> <span class='ocrx_word' id='word_1_370' title='bbox 1580 960 1752 987; x_wconf 85' lang='lat' dir='ltr'><strong>vescendum.</strong></span> <span class='ocrx_word' id='word_1_371' title='bbox 1769 958 1838 986; x_wconf 62' lang='lat' dir='ltr'><strong>Ecce</strong></span> 
     </span>
    </p>
   </div>
   <div class='ocr_carea' id='block_1_49' title="bbox 1053 1005 1833 1042">
    <p class='ocr_par' dir='ltr' id='par_1_49' title="bbox 1053 1005 1833 1042">
     <span class='ocr_line' id='line_1_49' title="bbox 1053 1005 1833 1042; baseline -0.003 -9"><span class='ocrx_word' id='word_1_372' title='bbox 1053 1007 1135 1040; x_wconf 83' lang='lat' dir='ltr'><strong>enim,</strong></span> <span class='ocrx_word' id='word_1_373' title='bbox 1152 1008 1279 1042; x_wconf 74' lang='lat' dir='ltr'><strong>inquit“,</strong></span> <span class='ocrx_word' id='word_1_374' title='bbox 1293 1008 1326 1033; x_wconf 85' lang='lat' dir='ltr'><strong>ad</strong></span> <span class='ocrx_word' id='word_1_375' title='bbox 1339 1008 1435 1034; x_wconf 81' lang='lat' dir='ltr'><strong>ostium</strong></span> <span class='ocrx_word' id='word_1_376' title='bbox 1451 1011 1502 1040; x_wconf 82' lang='lat' dir='ltr'><strong>sto,</strong></span> <span class='ocrx_word' id='word_1_377' title='bbox 1521 1012 1545 1033; x_wconf 78' lang='lat' dir='ltr'><strong>et</strong></span> <span class='ocrx_word' id='word_1_378' title='bbox 1562 1006 1655 1041; x_wconf 83' lang='lat' dir='ltr'><strong>pulso;</strong></span> <span class='ocrx_word' id='word_1_379' title='bbox 1669 1006 1757 1039; x_wconf 73' lang='lat' dir='ltr'><strong>siquis</strong></span> <span class='ocrx_word' id='word_1_380' title='bbox 1770 1005 1833 1031; x_wconf 83' lang='lat' dir='ltr'><strong>mihi</strong></span> 
     </span>
    </p>
   </div>
   <div class='ocr_carea' id='block_1_50' title="bbox 1053 1052 1837 1088">
    <p class='ocr_par' dir='ltr' id='par_1_50' title="bbox 1053 1052 1837 1088">
     <span class='ocr_line' id='line_1_50' title="bbox 1053 1052 1837 1088; baseline -0.003 -9"><span class='ocrx_word' id='word_1_381' title='bbox 1053 1054 1195 1086; x_wconf 77' lang='lat' dir='ltr'><strong>aperuerit,</strong></span> <span class='ocrx_word' id='word_1_382' title='bbox 1208 1054 1340 1088; x_wconf 82' lang='lat' dir='ltr'><strong>ingrediar</strong></span> <span class='ocrx_word' id='word_1_383' title='bbox 1352 1054 1385 1079; x_wconf 82' lang='lat' dir='ltr'><strong>ad</strong></span> <span class='ocrx_word' id='word_1_384' title='bbox 1400 1061 1469 1085; x_wconf 86' lang='lat' dir='ltr'><strong>eum,</strong></span> <span class='ocrx_word' id='word_1_385' title='bbox 1481 1053 1616 1079; x_wconf 71' lang='lat' dir='ltr'><strong>etcwnabo</strong></span> <span class='ocrx_word' id='word_1_386' title='bbox 1627 1060 1686 1078; x_wconf 84' lang='lat' dir='ltr'><strong>cum</strong></span> <span class='ocrx_word' id='word_1_387' title='bbox 1698 1059 1738 1083; x_wconf 89' lang='lat' dir='ltr'><strong>eo,</strong></span> <span class='ocrx_word' id='word_1_388' title='bbox 1751 1056 1773 1078; x_wconf 82' lang='lat' dir='ltr'><strong>et</strong></span> <span class='ocrx_word' id='word_1_389' title='bbox 1783 1052 1837 1085; x_wconf 77' lang='lat' dir='ltr'><strong>ipse</strong></span> 
     </span>
    </p>
   </div>
   <div class='ocr_carea' id='block_1_51' title="bbox 1055 1098 1837 1133">
    <p class='ocr_par' dir='ltr' id='par_1_51' title="bbox 1055 1098 1837 1133">
     <span class='ocr_line' id='line_1_51' title="bbox 1055 1098 1837 1133; baseline -0.004 -8"><span class='ocrx_word' id='word_1_390' title='bbox 1055 1107 1164 1125; x_wconf 83' lang='lat' dir='ltr'><strong>mecum.</strong></span> <span class='ocrx_word' id='word_1_391' title='bbox 1179 1098 1216 1125; x_wconf 82' lang='lat' dir='ltr'><strong>Ex</strong></span> <span class='ocrx_word' id='word_1_392' title='bbox 1229 1106 1283 1133; x_wconf 89' lang='lat' dir='ltr'><strong>quo</strong></span> <span class='ocrx_word' id='word_1_393' title='bbox 1300 1102 1419 1132; x_wconf 82' lang='lat' dir='ltr'><strong>apparet,</strong></span> <span class='ocrx_word' id='word_1_394' title='bbox 1429 1102 1456 1124; x_wconf 90' lang='lat' dir='ltr'><strong>et</strong></span> <span class='ocrx_word' id='word_1_395' title='bbox 1471 1098 1552 1124; x_wconf 90' lang='lat' dir='ltr'><strong>alium</strong></span> <span class='ocrx_word' id='word_1_396' title='bbox 1562 1104 1642 1131; x_wconf 82' lang='lat' dir='ltr'><strong>posse</strong></span> <span class='ocrx_word' id='word_1_397' title='bbox 1653 1104 1759 1124; x_wconf 67' lang='lat' dir='ltr'><strong>coenare</strong></span> <span class='ocrx_word' id='word_1_398' title='bbox 1774 1103 1837 1123; x_wconf 91' lang='lat' dir='ltr'><strong>cum</strong></span> 
     </span>
    </p>
   </div>
   <div class='ocr_carea' id='block_1_52' title="bbox 1055 1144 1839 1180">
    <p class='ocr_par' dir='ltr' id='par_1_52' title="bbox 1055 1144 1839 1180">
     <span class='ocr_line' id='line_1_52' title="bbox 1055 1144 1839 1180; baseline -0.006 -6"><span class='ocrx_word' id='word_1_399' title='bbox 1055 1155 1095 1174; x_wconf 83' lang='lat' dir='ltr'><strong>eo.</strong></span> <span class='ocrx_word' id='word_1_400' title='bbox 1114 1147 1199 1174; x_wconf 85' lang='lat' dir='ltr'><strong>Porro</strong></span> <span class='ocrx_word' id='word_1_401' title='bbox 1216 1146 1338 1180; x_wconf 60' lang='lat' dir='ltr'><strong>quaedam</strong></span> <span class='ocrx_word' id='word_1_402' title='bbox 1355 1153 1417 1173; x_wconf 76' lang='lat' dir='ltr'><strong>esca</strong></span> <span class='ocrx_word' id='word_1_403' title='bbox 1433 1149 1485 1176; x_wconf 84' lang='lat' dir='ltr'><strong>est,</strong></span> <span class='ocrx_word' id='word_1_404' title='bbox 1495 1153 1546 1180; x_wconf 90' lang='lat' dir='ltr'><strong>qua</strong></span> <span class='ocrx_word' id='word_1_405' title='bbox 1557 1145 1635 1172; x_wconf 89' lang='lat' dir='ltr'><strong>solus</strong></span> <span class='ocrx_word' id='word_1_406' title='bbox 1648 1144 1839 1172; x_wconf 87' lang='lat' dir='ltr'><strong>tantummodo</strong></span> 
     </span>
    </p>
   </div>
   <div class='ocr_carea' id='block_1_53' title="bbox 1057 1191 1838 1227">
    <p class='ocr_par' dir='ltr' id='par_1_53' title="bbox 1057 1191 1838 1227">
     <span class='ocr_line' id='line_1_53' title="bbox 1057 1191 1838 1227; baseline -0.005 -7"><span class='ocrx_word' id='word_1_407' title='bbox 1057 1194 1186 1220; x_wconf 80' lang='lat' dir='ltr'><strong>vescitur.</strong></span> <span class='ocrx_word' id='word_1_408' title='bbox 1203 1193 1344 1219; x_wconf 70' lang='lat' dir='ltr'><strong>Excellens</strong></span> <span class='ocrx_word' id='word_1_409' title='bbox 1358 1192 1457 1227; x_wconf 88' lang='lat' dir='ltr'><strong>quippe</strong></span> <span class='ocrx_word' id='word_1_410' title='bbox 1475 1192 1509 1218; x_wconf 88' lang='lat' dir='ltr'><strong>ah</strong></span> <span class='ocrx_word' id='word_1_411' title='bbox 1526 1192 1650 1218; x_wconf 87' lang='lat' dir='ltr'><strong>universa</strong></span> <span class='ocrx_word' id='word_1_412' title='bbox 1681 1191 1838 1217; x_wconf 87' lang='lat' dir='ltr'><strong>conditione</strong></span> 
     </span>
    </p>
   </div>
   <div class='ocr_carea' id='block_1_54' title="bbox 1058 1235 1835 1270">
    <p class='ocr_par' dir='ltr' id='par_1_54' title="bbox 1058 1235 1835 1270">
     <span class='ocr_line' id='line_1_54' title="bbox 1058 1235 1835 1270; baseline -0.003 -7"><span class='ocrx_word' id='word_1_413' title='bbox 1058 1241 1153 1263; x_wconf 86' lang='lat' dir='ltr'><strong>natura</strong></span> <span class='ocrx_word' id='word_1_414' title='bbox 1170 1236 1240 1270; x_wconf 87' lang='lat' dir='ltr'><strong>ejus,</strong></span> <span class='ocrx_word' id='word_1_415' title='bbox 1253 1242 1279 1263; x_wconf 84' lang='lat' dir='ltr'><strong>et</strong></span> <span class='ocrx_word' id='word_1_416' title='bbox 1300 1237 1334 1263; x_wconf 83' lang='lat' dir='ltr'><strong>ab</strong></span> <span class='ocrx_word' id='word_1_417' title='bbox 1353 1236 1479 1263; x_wconf 88' lang='lat' dir='ltr'><strong>omnibus</strong></span> <span class='ocrx_word' id='word_1_418' title='bbox 1504 1240 1660 1270; x_wconf 78' lang='lat' dir='ltr'><strong>segregata,</strong></span> <span class='ocrx_word' id='word_1_419' title='bbox 1684 1235 1746 1262; x_wconf 78' lang='lat' dir='ltr'><strong>facit</strong></span> <span class='ocrx_word' id='word_1_420' title='bbox 1771 1243 1835 1262; x_wconf 90' lang='lat' dir='ltr'><strong>eum</strong></span> 
     </span>
    </p>
   </div>
   <div class='ocr_carea' id='block_1_55' title="bbox 1054 1281 1834 1316">
    <p class='ocr_par' dir='ltr' id='par_1_55' title="bbox 1054 1281 1834 1316">
     <span class='ocr_line' id='line_1_55' title="bbox 1054 1281 1834 1316; baseline 0 -8"><span class='ocrx_word' id='word_1_421' title='bbox 1054 1281 1243 1315; x_wconf 88' lang='lat' dir='ltr'><strong>quotidianum</strong></span> <span class='ocrx_word' id='word_1_422' title='bbox 1272 1289 1369 1316; x_wconf 87' lang='lat' dir='ltr'><strong>panem</strong></span> <span class='ocrx_word' id='word_1_423' title='bbox 1390 1281 1422 1308; x_wconf 91' lang='lat' dir='ltr'><strong>de</strong></span> <span class='ocrx_word' id='word_1_424' title='bbox 1450 1281 1539 1308; x_wconf 82' lang='lat' dir='ltr'><strong>Patris</strong></span> <span class='ocrx_word' id='word_1_425' title='bbox 1560 1285 1653 1307; x_wconf 86' lang='lat' dir='ltr'><strong>natura</strong></span> <span class='ocrx_word' id='word_1_426' title='bbox 1681 1281 1834 1308; x_wconf 81' lang='lat' dir='ltr'><strong>comedere.</strong></span> 
     </span>
    </p>
   </div>
   <div class='ocr_carea' id='block_1_56' title="bbox 1055 1327 1838 1362">
    <p class='ocr_par' dir='ltr' id='par_1_56' title="bbox 1055 1327 1838 1362">
     <span class='ocr_line' id='line_1_56' title="bbox 1055 1327 1838 1362; baseline 0 -8"><span class='ocrx_word' id='word_1_427' title='bbox 1055 1327 1251 1362; x_wconf 87' lang='lat' dir='ltr'><strong>Unusquisque</strong></span> <span class='ocrx_word' id='word_1_428' title='bbox 1266 1332 1388 1355; x_wconf 86' lang='lat' dir='ltr'><strong>nostrum</strong></span> <span class='ocrx_word' id='word_1_429' title='bbox 1403 1327 1469 1362; x_wconf 77' lang='lat' dir='ltr'><strong>petit</strong></span> <span class='ocrx_word' id='word_1_430' title='bbox 1483 1334 1578 1361; x_wconf 87' lang='lat' dir='ltr'><strong>panem</strong></span> <span class='ocrx_word' id='word_1_431' title='bbox 1589 1327 1787 1361; x_wconf 74' lang='lat' dir='ltr'><strong>quotidianum,</strong></span> <span class='ocrx_word' id='word_1_432' title='bbox 1811 1333 1838 1354; x_wconf 86' lang='lat' dir='ltr'><strong>et</strong></span> 
     </span>
    </p>
   </div>
   <div class='ocr_carea' id='block_1_57' title="bbox 1055 1373 1839 1409">
    <p class='ocr_par' dir='ltr' id='par_1_57' title="bbox 1055 1373 1839 1409">
     <span class='ocr_line' id='line_1_57' title="bbox 1055 1373 1839 1409; baseline -0.001 -8"><span class='ocrx_word' id='word_1_433' title='bbox 1055 1379 1148 1409; x_wconf 87' lang='lat' dir='ltr'><strong>petens</strong></span> <span class='ocrx_word' id='word_1_434' title='bbox 1160 1373 1346 1407; x_wconf 89' lang='lat' dir='ltr'><strong>quotidianum</strong></span> <span class='ocrx_word' id='word_1_435' title='bbox 1360 1381 1466 1408; x_wconf 90' lang='lat' dir='ltr'><strong>panem,</strong></span> <span class='ocrx_word' id='word_1_436' title='bbox 1483 1380 1537 1399; x_wconf 88' lang='lat' dir='ltr'><strong>non</strong></span> <span class='ocrx_word' id='word_1_437' title='bbox 1550 1373 1686 1404; x_wconf 87' lang='lat' dir='ltr'><strong>eumdem,</strong></span> <span class='ocrx_word' id='word_1_438' title='bbox 1702 1381 1752 1400; x_wconf 88' lang='lat' dir='ltr'><strong>nec</strong></span> <span class='ocrx_word' id='word_1_439' title='bbox 1764 1373 1839 1407; x_wconf 80' lang='lat' dir='ltr'><strong>ejus-</strong></span> 
     </span>
    </p>
   </div>
   <div class='ocr_carea' id='block_1_58' title="bbox 1054 1419 1834 1454">
    <p class='ocr_par' dir='ltr' id='par_1_58' title="bbox 1054 1419 1834 1454">
     <span class='ocr_line' id='line_1_58' title="bbox 1054 1419 1834 1454; baseline -0.001 -8"><span class='ocrx_word' id='word_1_440' title='bbox 1054 1420 1114 1446; x_wconf 86' lang='lat' dir='ltr'><strong>dem</strong></span> <span class='ocrx_word' id='word_1_441' title='bbox 1130 1427 1264 1446; x_wconf 67' lang='lat' dir='ltr'><strong>mensurae</strong></span> <span class='ocrx_word' id='word_1_442' title='bbox 1277 1427 1339 1445; x_wconf 90' lang='lat' dir='ltr'><strong>eum</strong></span> <span class='ocrx_word' id='word_1_443' title='bbox 1353 1419 1460 1454; x_wconf 86' lang='lat' dir='ltr'><strong>accipit,</strong></span> <span class='ocrx_word' id='word_1_444' title='bbox 1474 1427 1567 1446; x_wconf 80' lang='lat' dir='ltr'><strong>verum</strong></span> <span class='ocrx_word' id='word_1_445' title='bbox 1588 1426 1693 1452; x_wconf 88' lang='lat' dir='ltr'><strong>semper</strong></span> <span class='ocrx_word' id='word_1_446' title='bbox 1721 1419 1746 1444; x_wconf 94' lang='lat' dir='ltr'><strong>iu</strong></span> <span class='ocrx_word' id='word_1_447' title='bbox 1773 1426 1834 1445; x_wconf 90' lang='lat' dir='ltr'><strong>ora-</strong></span> 
     </span>
    </p>
   </div>
   <div class='ocr_carea' id='block_1_59' title="bbox 1054 1464 1833 1499">
    <p class='ocr_par' dir='ltr' id='par_1_59' title="bbox 1054 1464 1833 1499">
     <span class='ocr_line' id='line_1_59' title="bbox 1054 1464 1833 1499; baseline 0 -8"><span class='ocrx_word' id='word_1_448' title='bbox 1054 1465 1174 1492; x_wconf 87' lang='lat' dir='ltr'><strong>tionibus</strong></span> <span class='ocrx_word' id='word_1_449' title='bbox 1188 1465 1273 1499; x_wconf 90' lang='lat' dir='ltr'><strong>puris,</strong></span> <span class='ocrx_word' id='word_1_450' title='bbox 1290 1469 1317 1491; x_wconf 90' lang='lat' dir='ltr'><strong>et</strong></span> <span class='ocrx_word' id='word_1_451' title='bbox 1338 1466 1438 1492; x_wconf 89' lang='lat' dir='ltr'><strong>munda</strong></span> <span class='ocrx_word' id='word_1_452' title='bbox 1455 1466 1631 1498; x_wconf 86' lang='lat' dir='ltr'><strong>conscientia,</strong></span> <span class='ocrx_word' id='word_1_453' title='bbox 1648 1465 1675 1491; x_wconf 94' lang='lat' dir='ltr'><strong>in</strong></span> <span class='ocrx_word' id='word_1_454' title='bbox 1697 1465 1773 1492; x_wconf 75' lang='lat' dir='ltr'><strong>factis</strong></span> <span class='ocrx_word' id='word_1_455' title='bbox 1789 1464 1833 1499; x_wconf 88' lang='lat' dir='ltr'><strong>ju—</strong></span> 
     </span>
    </p>
   </div>
   <div class='ocr_carea' id='block_1_60' title="bbox 1056 1511 1833 1546">
    <p class='ocr_par' dir='ltr' id='par_1_60' title="bbox 1056 1511 1833 1546">
     <span class='ocr_line' id='line_1_60' title="bbox 1056 1511 1833 1546; baseline -0.001 -9"><span class='ocrx_word' id='word_1_456' title='bbox 1056 1511 1343 1545; x_wconf 69' lang='lat' dir='ltr'><strong>stitire,quotidianum</strong></span> <span class='ocrx_word' id='word_1_457' title='bbox 1359 1511 1527 1539; x_wconf 85' lang='lat' dir='ltr'><strong>comedimus</strong></span> <span class='ocrx_word' id='word_1_458' title='bbox 1535 1519 1643 1546; x_wconf 85' lang='lat' dir='ltr'><strong>panem.</strong></span> <span class='ocrx_word' id='word_1_459' title='bbox 1660 1511 1689 1538; x_wconf 89' lang='lat' dir='ltr'><strong>Si</strong></span> <span class='ocrx_word' id='word_1_460' title='bbox 1701 1511 1759 1546; x_wconf 90' lang='lat' dir='ltr'><strong>quis</strong></span> <span class='ocrx_word' id='word_1_461' title='bbox 1771 1519 1833 1537; x_wconf 86' lang='lat' dir='ltr'><strong>vero</strong></span> 
     </span>
    </p>
   </div>
   <div class='ocr_carea' id='block_1_61' title="bbox 221 1547 1836 1592">
    <p class='ocr_par' dir='ltr' id='par_1_61' title="bbox 221 1547 1836 1592">
     <span class='ocr_line' id='line_1_61' title="bbox 221 1547 1836 1592; baseline 0.005 -18"><span class='ocrx_word' id='word_1_462' title='bbox 221 1547 302 1575; x_wconf 86' lang='lat' dir='ltr'><strong>Israel</strong></span> <span class='ocrx_word' id='word_1_463' title='bbox 320 1549 393 1576; x_wconf 88' lang='lat' dir='ltr'><strong>solus</strong></span> <span class='ocrx_word' id='word_1_464' title='bbox 406 1550 565 1584; x_wconf 83' lang='lat' dir='ltr'><strong>ingreditur,</strong></span> <span class='ocrx_word' id='word_1_465' title='bbox 578 1555 605 1577; x_wconf 89' lang='lat' dir='ltr'><strong>et</strong></span> <span class='ocrx_word' id='word_1_466' title='bbox 619 1552 754 1587; x_wconf 80' lang='lat' dir='ltr'><strong>egreditur</strong></span> <span class='ocrx_word' id='word_1_467' title='bbox 769 1560 817 1587; x_wconf 90' lang='lat' dir='ltr'><strong>per</strong></span> <span class='ocrx_word' id='word_1_468' title='bbox 828 1561 898 1580; x_wconf 87' lang='lat' dir='ltr'><strong>eam.</strong></span> <span class='ocrx_word' id='word_1_469' title='bbox 914 1553 1004 1586; x_wconf 85' lang='lat' dir='ltr'><strong>Quare</strong></span> <span class='ocrx_word' id='word_1_470' title='bbox 1018 1555 1040 1585; x_wconf 90' lang='lat' dir='ltr'>C</span> <span class='ocrx_word' id='word_1_471' title='bbox 1056 1557 1146 1583; x_wconf 90' lang='lat' dir='ltr'><strong>minus</strong></span> <span class='ocrx_word' id='word_1_472' title='bbox 1157 1564 1241 1591; x_wconf 89' lang='lat' dir='ltr'><strong>purus</strong></span> <span class='ocrx_word' id='word_1_473' title='bbox 1255 1561 1306 1590; x_wconf 90' lang='lat' dir='ltr'><strong>est,</strong></span> <span class='ocrx_word' id='word_1_474' title='bbox 1330 1557 1383 1583; x_wconf 90' lang='lat' dir='ltr'><strong>alio</strong></span> <span class='ocrx_word' id='word_1_475' title='bbox 1399 1558 1480 1584; x_wconf 87' lang='lat' dir='ltr'><strong>modo</strong></span> <span class='ocrx_word' id='word_1_476' title='bbox 1505 1559 1694 1592; x_wconf 84' lang='lat' dir='ltr'><strong>quotidianum</strong></span> <span class='ocrx_word' id='word_1_477' title='bbox 1719 1557 1836 1584; x_wconf 84' lang='lat' dir='ltr'><strong>comedit</strong></span> 
     </span>
    </p>
   </div>
   <div class='ocr_carea' id='block_1_62' title="bbox 224 1592 1002 1632">
    <p class='ocr_par' dir='ltr' id='par_1_62' title="bbox 224 1592 1002 1632">
     <span class='ocr_line' id='line_1_62' title="bbox 224 1592 1002 1632; baseline 0.01 -14"><span class='ocrx_word' id='word_1_478' title='bbox 224 1592 394 1627; x_wconf 78' lang='lat' dir='ltr'><strong>ingreditur?</strong></span> <span class='ocrx_word' id='word_1_479' title='bbox 407 1593 441 1621; x_wconf 86' lang='lat' dir='ltr'><strong>Ut</strong></span> <span class='ocrx_word' id='word_1_480' title='bbox 453 1600 643 1630; x_wconf 75' lang='lat' dir='ltr'><strong>eognosralur.</strong></span> <span class='ocrx_word' id='word_1_481' title='bbox 659 1597 682 1623; x_wconf 84' lang='lat' dir='ltr'><strong>A</strong></span> <span class='ocrx_word' id='word_1_482' title='bbox 701 1598 774 1632; x_wconf 84' lang='lat' dir='ltr'><strong>quo?</strong></span> <span class='ocrx_word' id='word_1_483' title='bbox 799 1597 821 1624; x_wconf 79' lang='grc' dir='ltr'>Α</span> <span class='ocrx_word' id='word_1_484' title='bbox 839 1598 917 1626; x_wconf 90' lang='lat' dir='ltr'><strong>duce.</strong></span> <span class='ocrx_word' id='word_1_485' title='bbox 934 1599 1002 1631; x_wconf 83' lang='lat' dir='ltr'><strong>Quis</strong></span> 
     </span>
    </p>
   </div>
   <div class='ocr_carea' id='block_1_63' title="bbox 221 1639 1003 1679">
    <p class='ocr_par' dir='ltr' id='par_1_63' title="bbox 221 1639 1003 1679">
     <span class='ocr_line' id='line_1_63' title="bbox 221 1639 1003 1679; baseline 0.009 -14"><span class='ocrx_word' id='word_1_486' title='bbox 221 1639 254 1665; x_wconf 87' lang='lat' dir='ltr'><strong>ad</strong></span> <span class='ocrx_word' id='word_1_487' title='bbox 267 1639 386 1666; x_wconf 88' lang='lat' dir='ltr'><strong>clausam</strong></span> <span class='ocrx_word' id='word_1_488' title='bbox 409 1645 514 1674; x_wconf 89' lang='lat' dir='ltr'><strong>portam</strong></span> <span class='ocrx_word' id='word_1_489' title='bbox 531 1641 584 1668; x_wconf 87' lang='lat' dir='ltr'><strong>dux</strong></span> <span class='ocrx_word' id='word_1_490' title='bbox 600 1642 668 1669; x_wconf 87' lang='lat' dir='ltr'><strong>iste?</strong></span> <span class='ocrx_word' id='word_1_491' title='bbox 685 1642 809 1670; x_wconf 81' lang='lat' dir='ltr'><strong>Salvator</strong></span> <span class='ocrx_word' id='word_1_492' title='bbox 823 1649 874 1677; x_wconf 80' lang='lat' dir='ltr'><strong>cst,</strong></span> <span class='ocrx_word' id='word_1_493' title='bbox 891 1645 936 1679; x_wconf 95' lang='lat' dir='ltr'><strong>qui</strong></span> <span class='ocrx_word' id='word_1_494' title='bbox 954 1652 1003 1679; x_wconf 84' lang='lat' dir='ltr'><strong>pa-</strong></span> 
     </span>
    </p>
   </div>
   <div class='ocr_carea' id='block_1_64' title="bbox 222 1685 1003 1724">
    <p class='ocr_par' dir='ltr' id='par_1_64' title="bbox 222 1685 1003 1724">
     <span class='ocr_line' id='line_1_64' title="bbox 222 1685 1003 1724; baseline 0.009 -15"><span class='ocrx_word' id='word_1_495' title='bbox 222 1690 283 1709; x_wconf 83' lang='lat' dir='ltr'><strong>nem</strong></span> <span class='ocrx_word' id='word_1_496' title='bbox 300 1685 428 1717; x_wconf 86' lang='lat' dir='ltr'><strong>comedit,</strong></span> <span class='ocrx_word' id='word_1_497' title='bbox 440 1685 486 1719; x_wconf 90' lang='lat' dir='ltr'><strong>qui</strong></span> <span class='ocrx_word' id='word_1_498' title='bbox 505 1690 610 1719; x_wconf 88' lang='lat' dir='ltr'><strong>portam</strong></span> <span class='ocrx_word' id='word_1_499' title='bbox 628 1695 689 1714; x_wconf 91' lang='lat' dir='ltr'><strong>cum</strong></span> <span class='ocrx_word' id='word_1_500' title='bbox 712 1692 788 1722; x_wconf 89' lang='lat' dir='ltr'><strong>patre</strong></span> <span class='ocrx_word' id='word_1_501' title='bbox 809 1689 932 1721; x_wconf 85' lang='lat' dir='ltr'><strong>claudit,</strong></span> <span class='ocrx_word' id='word_1_502' title='bbox 957 1690 1003 1724; x_wconf 92' lang='lat' dir='ltr'><strong>qui</strong></span> 
     </span>
    </p>
   </div>
   <div class='ocr_carea' id='block_1_65' title="bbox 222 1728 1004 1767">
    <p class='ocr_par' dir='ltr' id='par_1_65' title="bbox 222 1728 1004 1767">
     <span class='ocr_line' id='line_1_65' title="bbox 222 1728 1004 1767; baseline 0.009 -13"><span class='ocrx_word' id='word_1_503' title='bbox 222 1728 337 1762; x_wconf 83' lang='lat' dir='ltr'><strong>spiritali</strong></span> <span class='ocrx_word' id='word_1_504' title='bbox 352 1730 473 1764; x_wconf 83' lang='lat' dir='ltr'><strong>pascitur</strong></span> <span class='ocrx_word' id='word_1_505' title='bbox 484 1731 555 1764; x_wconf 78' lang='lat' dir='ltr'><strong>cibo,</strong></span> <span class='ocrx_word' id='word_1_506' title='bbox 574 1740 647 1759; x_wconf 77' lang='lat' dir='ltr'><strong>meus</strong></span> <span class='ocrx_word' id='word_1_507' title='bbox 658 1732 731 1759; x_wconf 73' lang='lat' dir='ltr'><strong>cibus</strong></span> <span class='ocrx_word' id='word_1_508' title='bbox 744 1738 794 1767; x_wconf 79' lang='lat' dir='ltr'><strong>est,</strong></span> <span class='ocrx_word' id='word_1_509' title='bbox 808 1735 903 1762; x_wconf 85' lang='lat' dir='ltr'><strong>dicens</strong></span> <span class='ocrx_word' id='word_1_510' title='bbox 918 1734 939 1750; x_wconf 86' lang='grc'><strong>⁸¹</strong></span> <span class='ocrx_word' id='word_1_511' title='bbox 951 1755 958 1767; x_wconf 83' lang='grc'>,</span> <span class='ocrx_word' id='word_1_512' title='bbox 975 1740 1004 1761; x_wconf 79' lang='grc' dir='ltr'><strong>ιιι</strong></span> 
     </span>
    </p>
   </div>
   <div class='ocr_carea' id='block_1_66' title="bbox 223 1774 1003 1814">
    <p class='ocr_par' dir='ltr' id='par_1_66' title="bbox 223 1774 1003 1814">
     <span class='ocr_line' id='line_1_66' title="bbox 223 1774 1003 1814; baseline 0.009 -13"><span class='ocrx_word' id='word_1_513' title='bbox 223 1774 322 1808; x_wconf 74' lang='lat' dir='ltr'><strong>facium</strong></span> <span class='ocrx_word' id='word_1_514' title='bbox 340 1777 499 1804; x_wconf 78' lang='lat' dir='ltr'><strong>voluntatem</strong></span> <span class='ocrx_word' id='word_1_515' title='bbox 510 1778 567 1812; x_wconf 79' lang='lat' dir='ltr'><strong>ejus</strong></span> <span class='ocrx_word' id='word_1_516' title='bbox 582 1779 626 1813; x_wconf 85' lang='lat' dir='ltr'><strong>qui</strong></span> <span class='ocrx_word' id='word_1_517' title='bbox 640 1779 713 1806; x_wconf 72' lang='lat' dir='ltr'><strong>misit</strong></span> <span class='ocrx_word' id='word_1_518' title='bbox 724 1788 764 1806; x_wconf 89' lang='lat' dir='ltr'><strong>me</strong></span> <span class='ocrx_word' id='word_1_519' title='bbox 777 1800 784 1812; x_wconf 93' lang='lat'><strong>,</strong></span> <span class='ocrx_word' id='word_1_520' title='bbox 812 1785 840 1806; x_wconf 87' lang='lat' dir='ltr'><strong>ut</strong></span> <span class='ocrx_word' id='word_1_521' title='bbox 867 1781 1003 1814; x_wconf 78' lang='lat' dir='ltr'><strong>perﬁciam</strong></span> 
     </span>
    </p>
   </div>
   <div class='ocr_carea' id='block_1_67' title="bbox 223 1880 467 1897">
    <p class='ocr_par' dir='ltr' id='par_1_67' title="bbox 223 1880 467 1897">
     <span class='ocr_line' id='line_1_67' title="bbox 223 1880 467 1897; baseline 0.004 -1"><span class='ocrx_word' id='word_1_522' title='bbox 223 1880 467 1897; x_wconf 39' lang='grc' dir='ltr'><strong><em>π</em></strong></span> 
     </span>
    </p>
   </div>
   <div class='ocr_carea' id='block_1_68' title="bbox 1056 1601 1839 1636">
    <p class='ocr_par' dir='ltr' id='par_1_68' title="bbox 1056 1601 1839 1636">
     <span class='ocr_line' id='line_1_68' title="bbox 1056 1601 1839 1636; baseline -0.003 -8"><span class='ocrx_word' id='word_1_523' title='bbox 1056 1609 1163 1635; x_wconf 83' lang='lat' dir='ltr'><strong>panem.</strong></span> <span class='ocrx_word' id='word_1_524' title='bbox 1179 1601 1309 1629; x_wconf 91' lang='lat' dir='ltr'><strong>Dominus</strong></span> <span class='ocrx_word' id='word_1_525' title='bbox 1319 1607 1420 1634; x_wconf 87' lang='lat' dir='ltr'><strong>autem,</strong></span> <span class='ocrx_word' id='word_1_526' title='bbox 1432 1602 1477 1636; x_wconf 93' lang='lat' dir='ltr'><strong>qui</strong></span> <span class='ocrx_word' id='word_1_527' title='bbox 1491 1602 1611 1629; x_wconf 91' lang='lat' dir='ltr'><strong>omnium</strong></span> <span class='ocrx_word' id='word_1_528' title='bbox 1625 1602 1707 1636; x_wconf 78' lang='lat' dir='ltr'><strong>judex</strong></span> <span class='ocrx_word' id='word_1_529' title='bbox 1725 1606 1775 1629; x_wconf 80' lang='lat' dir='ltr'><strong>est.</strong></span> <span class='ocrx_word' id='word_1_530' title='bbox 1794 1601 1839 1627; x_wconf 88' lang='lat' dir='ltr'><strong>det</strong></span> 
     </span>
    </p>
   </div>
   <div class='ocr_carea' id='block_1_69' title="bbox 1057 1646 1838 1681">
    <p class='ocr_par' dir='ltr' id='par_1_69' title="bbox 1057 1646 1838 1681">
     <span class='ocr_line' id='line_1_69' title="bbox 1057 1646 1838 1681; baseline -0.001 -8"><span class='ocrx_word' id='word_1_531' title='bbox 1057 1647 1134 1674; x_wconf 81' lang='lat' dir='ltr'><strong>nobis</strong></span> <span class='ocrx_word' id='word_1_532' title='bbox 1155 1655 1250 1681; x_wconf 88' lang='lat' dir='ltr'><strong>panem</strong></span> <span class='ocrx_word' id='word_1_533' title='bbox 1263 1647 1408 1679; x_wconf 81' lang='lat' dir='ltr'><strong>viventem,</strong></span> <span class='ocrx_word' id='word_1_534' title='bbox 1428 1652 1457 1674; x_wconf 93' lang='lat' dir='ltr'><strong>ut</strong></span> <span class='ocrx_word' id='word_1_535' title='bbox 1478 1648 1558 1674; x_wconf 86' lang='lat' dir='ltr'><strong>cibati</strong></span> <span class='ocrx_word' id='word_1_536' title='bbox 1571 1655 1613 1680; x_wconf 89' lang='lat' dir='ltr'><strong>eo,</strong></span> <span class='ocrx_word' id='word_1_537' title='bbox 1629 1652 1655 1674; x_wconf 89' lang='lat' dir='ltr'><strong>et</strong></span> <span class='ocrx_word' id='word_1_538' title='bbox 1669 1646 1838 1674; x_wconf 77' lang='lat' dir='ltr'><strong>corrohorati</strong></span> 
     </span>
    </p>
   </div>
   <div class='ocr_carea' id='block_1_70' title="bbox 1057 1691 1838 1726">
    <p class='ocr_par' dir='ltr' id='par_1_70' title="bbox 1057 1691 1838 1726">
     <span class='ocr_line' id='line_1_70' title="bbox 1057 1691 1838 1726; baseline -0.003 -7"><span class='ocrx_word' id='word_1_539' title='bbox 1057 1692 1194 1726; x_wconf 86' lang='lat' dir='ltr'><strong>possimus</strong></span> <span class='ocrx_word' id='word_1_540' title='bbox 1209 1693 1236 1719; x_wconf 94' lang='lat' dir='ltr'><strong>in</strong></span> <span class='ocrx_word' id='word_1_541' title='bbox 1250 1693 1348 1720; x_wconf 72' lang='lat' dir='ltr'><strong>ctelum</strong></span> <span class='ocrx_word' id='word_1_542' title='bbox 1364 1693 1415 1720; x_wconf 90' lang='lat' dir='ltr'><strong>iter</strong></span> <span class='ocrx_word' id='word_1_543' title='bbox 1426 1692 1514 1719; x_wconf 79' lang='lat' dir='ltr'><strong>facere</strong></span> <span class='ocrx_word' id='word_1_544' title='bbox 1525 1714 1532 1724; x_wconf 92' lang='lat'><strong>,</strong></span> <span class='ocrx_word' id='word_1_545' title='bbox 1556 1692 1739 1726; x_wconf 69' lang='lat' dir='ltr'><strong>glorificantes</strong></span> <span class='ocrx_word' id='word_1_546' title='bbox 1755 1691 1838 1718; x_wconf 84' lang='lat' dir='ltr'><strong>Deum</strong></span> 
     </span>
    </p>
   </div>
   <div class='ocr_carea' id='block_1_71' title="bbox 1057 1736 1838 1771">
    <p class='ocr_par' dir='ltr' id='par_1_71' title="bbox 1057 1736 1838 1771">
     <span class='ocr_line' id='line_1_71' title="bbox 1057 1736 1838 1771; baseline 0 -9"><span class='ocrx_word' id='word_1_547' title='bbox 1057 1736 1280 1771; x_wconf 78' lang='lat' dir='ltr'><strong>omnipotentem,</strong></span> <span class='ocrx_word' id='word_1_548' title='bbox 1294 1745 1341 1770; x_wconf 84' lang='lat' dir='ltr'><strong>per</strong></span> <span class='ocrx_word' id='word_1_549' title='bbox 1358 1737 1493 1764; x_wconf 80' lang='lat' dir='ltr'><strong>Christum</strong></span> <span class='ocrx_word' id='word_1_550' title='bbox 1508 1736 1598 1764; x_wconf 81' lang='lat' dir='ltr'><strong>Jesum</strong></span> <span class='ocrx_word' id='word_1_551' title='bbox 1614 1745 1620 1762; x_wconf 88' lang='lat'><strong>:</strong></span> <span class='ocrx_word' id='word_1_552' title='bbox 1642 1737 1685 1763; x_wconf 88' lang='lat' dir='ltr'><strong>cui</strong></span> <span class='ocrx_word' id='word_1_553' title='bbox 1698 1741 1739 1763; x_wconf 85' lang='lat' dir='ltr'><strong>est</strong></span> <span class='ocrx_word' id='word_1_554' title='bbox 1755 1736 1838 1771; x_wconf 79' lang='lat' dir='ltr'><strong>gloria</strong></span> 
     </span>
    </p>
   </div>
   <div class='ocr_carea' id='block_1_72' title="bbox 1056 1781 1680 1816">
    <p class='ocr_par' dir='ltr' id='par_1_72' title="bbox 1056 1781 1680 1816">
     <span class='ocr_line' id='line_1_72' title="bbox 1056 1781 1680 1816; baseline 0 -9"><span class='ocrx_word' id='word_1_555' title='bbox 1056 1785 1083 1808; x_wconf 89' lang='lat' dir='ltr'><strong>et</strong></span> <span class='ocrx_word' id='word_1_556' title='bbox 1096 1781 1236 1816; x_wconf 84' lang='lat' dir='ltr'><strong>imperium</strong></span> <span class='ocrx_word' id='word_1_557' title='bbox 1252 1781 1277 1808; x_wconf 90' lang='lat' dir='ltr'><strong>in</strong></span> <span class='ocrx_word' id='word_1_558' title='bbox 1290 1782 1388 1809; x_wconf 55' lang='lat' dir='ltr'><strong>saecula</strong></span> <span class='ocrx_word' id='word_1_559' title='bbox 1401 1782 1573 1809; x_wconf 59' lang='lat' dir='ltr'><strong>saeculorum.</strong></span> <span class='ocrx_word' id='word_1_560' title='bbox 1586 1781 1680 1808; x_wconf 86' lang='lat' dir='ltr'><strong>Amen.</strong></span> 
     </span>
    </p>
   </div>
   <div class='ocr_carea' id='block_1_73' title="bbox 616 1989 1449 2055">
    <p class='ocr_par' dir='ltr' id='par_1_73' title="bbox 616 1989 1449 2055">
     <span class='ocr_line' id='line_1_73' title="bbox 616 1989 1449 2055; baseline 0.001 -2"><span class='ocrx_word' id='word_1_561' title='bbox 616 1991 730 2054; x_wconf 81' lang='grc' dir='ltr'><strong>ΕΚ</strong></span> <span class='ocrx_word' id='word_1_562' title='bbox 774 1990 943 2053; x_wconf 87' lang='grc' dir='ltr'><strong>ΤΩΝ</strong></span> <span class='ocrx_word' id='word_1_563' title='bbox 980 1989 1449 2055; x_wconf 84' lang='grc' dir='ltr'><strong>ΩΡΙΓΕΝΟΥΣ</strong></span> 
     </span>
    </p>
   </div>
   <div class='ocr_carea' id='block_1_74' title="bbox 634 2117 1437 2164">
    <p class='ocr_par' dir='ltr' id='par_1_74' title="bbox 634 2117 1437 2164">
     <span class='ocr_line' id='line_1_74' title="bbox 634 2117 1437 2164; baseline 0 -2"><span class='ocrx_word' id='word_1_564' title='bbox 634 2117 879 2162; x_wconf 83' lang='grc' dir='ltr'><strong>ΕΚΛΟΓΑΙ</strong></span> <span class='ocrx_word' id='word_1_565' title='bbox 905 2121 991 2163; x_wconf 84' lang='grc' dir='ltr'><strong>ΕΙΣ</strong></span> <span class='ocrx_word' id='word_1_566' title='bbox 1017 2121 1129 2164; x_wconf 89' lang='grc' dir='ltr'>ΤοΝ</span> <span class='ocrx_word' id='word_1_567' title='bbox 1161 2120 1437 2164; x_wconf 85' lang='grc' dir='ltr'><strong>ΙΕΖΕΚΙΗΛ.</strong></span> 
     </span>
    </p>
   </div>
   <div class='ocr_carea' id='block_1_75' title="bbox 420 2293 1650 2341">
    <p class='ocr_par' dir='ltr' id='par_1_75' title="bbox 420 2293 1650 2341">
     <span class='ocr_line' id='line_1_75' title="bbox 420 2293 1650 2341; baseline -0.002 -2"><span class='ocrx_word' id='word_1_568' title='bbox 420 2294 502 2339; x_wconf 85' lang='lat' dir='ltr'><strong>EX</strong></span> <span class='ocrx_word' id='word_1_569' title='bbox 536 2293 803 2340; x_wconf 76' lang='lat' dir='ltr'><strong>ORIGENE</strong></span> <span class='ocrx_word' id='word_1_570' title='bbox 851 2295 1110 2341; x_wconf 85' lang='lat' dir='ltr'><strong>SELECTA</strong></span> <span class='ocrx_word' id='word_1_571' title='bbox 1147 2295 1209 2339; x_wconf 83' lang='lat' dir='ltr'><strong>IN</strong></span> <span class='ocrx_word' id='word_1_572' title='bbox 1248 2293 1650 2339; x_wconf 83' lang='lat' dir='ltr'><strong>EZECHIELEM.</strong></span> 
     </span>
    </p>
   </div>
   <div class='ocr_carea' id='block_1_76' title="bbox 550 2449 662 2476">
    <p class='ocr_par' dir='ltr' id='par_1_76' title="bbox 550 2449 662 2476">
     <span class='ocr_line' id='line_1_76' title="bbox 550 2449 662 2476; baseline 0 0"><span class='ocrx_word' id='word_1_573' title='bbox 550 2449 627 2476; x_wconf 83' lang='lat' dir='ltr'><strong>CAP.</strong></span> <span class='ocrx_word' id='word_1_574' title='bbox 641 2449 662 2476; x_wconf 91' lang='grc' dir='ltr'><strong>Ι.</strong></span> 
     </span>
    </p>
   </div>
   <div class='ocr_carea' id='block_1_77' title="bbox 258 2492 1000 2531">
    <p class='ocr_par' dir='ltr' id='par_1_77' title="bbox 258 2492 1000 2531">
     <span class='ocr_line' id='line_1_77' title="bbox 258 2492 1000 2531; baseline 0.001 -10"><span class='ocrx_word' id='word_1_575' title='bbox 258 2494 293 2521; x_wconf 82' lang='lat' dir='ltr'><strong>Et</strong></span> <span class='ocrx_word' id='word_1_576' title='bbox 307 2492 407 2528; x_wconf 77' lang='lat' dir='ltr'><strong>factum</strong></span> <span class='ocrx_word' id='word_1_577' title='bbox 422 2498 459 2521; x_wconf 74' lang='lat' dir='ltr'><strong>est</strong></span> <span class='ocrx_word' id='word_1_578' title='bbox 473 2495 499 2521; x_wconf 86' lang='lat' dir='ltr'><strong>in</strong></span> <span class='ocrx_word' id='word_1_579' title='bbox 511 2494 641 2522; x_wconf 81' lang='lat' dir='ltr'><strong>tricesimo</strong></span> <span class='ocrx_word' id='word_1_580' title='bbox 653 2504 733 2529; x_wconf 83' lang='lat' dir='ltr'><strong>anno,</strong></span> <span class='ocrx_word' id='word_1_581' title='bbox 751 2496 780 2522; x_wconf 86' lang='lat' dir='ltr'><strong>in</strong></span> <span class='ocrx_word' id='word_1_582' title='bbox 789 2501 885 2531; x_wconf 86' lang='lat' dir='ltr'><strong>quarto</strong></span> <span class='ocrx_word' id='word_1_583' title='bbox 905 2504 1000 2527; x_wconf 83' lang='lat' dir='ltr'><strong>mense,</strong></span> 
     </span>
    </p>
   </div>
   <div class='ocr_carea' id='block_1_78' title="bbox 220 2541 1004 2578">
    <p class='ocr_par' dir='ltr' id='par_1_78' title="bbox 220 2541 1004 2578">
     <span class='ocr_line' id='line_1_78' title="bbox 220 2541 1004 2578; baseline 0 -9"><span class='ocrx_word' id='word_1_584' title='bbox 220 2543 314 2578; x_wconf 74' lang='lat' dir='ltr'><strong>quinta</strong></span> <span class='ocrx_word' id='word_1_585' title='bbox 330 2541 443 2572; x_wconf 79' lang='lat' dir='ltr'><strong>mensis;</strong></span> <span class='ocrx_word' id='word_1_586' title='bbox 458 2546 481 2568; x_wconf 84' lang='lat' dir='ltr'><strong>et</strong></span> <span class='ocrx_word' id='word_1_587' title='bbox 496 2549 542 2576; x_wconf 79' lang='lat' dir='ltr'><strong>ego</strong></span> <span class='ocrx_word' id='word_1_588' title='bbox 554 2550 624 2568; x_wconf 88' lang='lat' dir='ltr'><strong>eram</strong></span> <span class='ocrx_word' id='word_1_589' title='bbox 638 2542 664 2569; x_wconf 82' lang='lat' dir='ltr'><strong>in</strong></span> <span class='ocrx_word' id='word_1_590' title='bbox 684 2542 769 2568; x_wconf 82' lang='lat' dir='ltr'><strong>medio</strong></span> <span class='ocrx_word' id='word_1_591' title='bbox 787 2542 948 2576; x_wconf 72' lang='lat' dir='ltr'><strong>captivitatis</strong></span> <span class='ocrx_word' id='word_1_592' title='bbox 962 2551 1004 2570; x_wconf 75' lang='lat' dir='ltr'><strong>su-</strong></span> 
     </span>
    </p>
   </div>
   <div class='ocr_carea' id='block_1_79' title="bbox 221 2585 1001 2621">
    <p class='ocr_par' dir='ltr' id='par_1_79' title="bbox 221 2585 1001 2621">
     <span class='ocr_line' id='line_1_79' title="bbox 221 2585 1001 2621; baseline -0.001 -7"><span class='ocrx_word' id='word_1_593' title='bbox 221 2596 265 2621; x_wconf 84' lang='lat' dir='ltr'><strong>per</strong></span> <span class='ocrx_word' id='word_1_594' title='bbox 279 2586 388 2615; x_wconf 85' lang='lat' dir='ltr'><strong>ﬂuvium</strong></span> <span class='ocrx_word' id='word_1_595' title='bbox 400 2585 519 2618; x_wconf 81' lang='lat' dir='ltr'><strong>Chobar,</strong></span> <span class='ocrx_word' id='word_1_596' title='bbox 537 2591 561 2612; x_wconf 81' lang='lat' dir='ltr'><strong>et</strong></span> <span class='ocrx_word' id='word_1_597' title='bbox 586 2587 669 2620; x_wconf 79' lang='lat' dir='ltr'><strong>aperti</strong></span> <span class='ocrx_word' id='word_1_598' title='bbox 685 2591 745 2613; x_wconf 76' lang='lat' dir='ltr'><strong>sunt</strong></span> <span class='ocrx_word' id='word_1_599' title='bbox 758 2587 815 2613; x_wconf 71' lang='lat' dir='ltr'><strong>caeli</strong></span> <span class='ocrx_word' id='word_1_600' title='bbox 828 2587 861 2613; x_wconf 76' lang='grc'><strong>⁸⁸.</strong></span> <span class='ocrx_word' id='word_1_601' title='bbox 879 2587 1001 2614; x_wconf 82' lang='lat' dir='ltr'><strong>Ezechiel</strong></span> 
     </span>
    </p>
   </div>
   <div class='ocr_carea' id='block_1_80' title="bbox 222 2632 1003 2668">
    <p class='ocr_par' dir='ltr' id='par_1_80' title="bbox 222 2632 1003 2668">
     <span class='ocr_line' id='line_1_80' title="bbox 222 2632 1003 2668; baseline 0 -9"><span class='ocrx_word' id='word_1_602' title='bbox 222 2635 247 2660; x_wconf 88' lang='lat' dir='ltr'><strong>in</strong></span> <span class='ocrx_word' id='word_1_603' title='bbox 266 2633 359 2660; x_wconf 91' lang='lat' dir='ltr'><strong>multis</strong></span> <span class='ocrx_word' id='word_1_604' title='bbox 376 2632 477 2658; x_wconf 81' lang='lat' dir='ltr'><strong>Christi</strong></span> <span class='ocrx_word' id='word_1_605' title='bbox 491 2636 580 2666; x_wconf 84' lang='lat' dir='ltr'><strong>typum</strong></span> <span class='ocrx_word' id='word_1_606' title='bbox 602 2633 679 2666; x_wconf 79' lang='lat' dir='ltr'><strong>gerit,</strong></span> <span class='ocrx_word' id='word_1_607' title='bbox 699 2632 813 2668; x_wconf 80' lang='lat' dir='ltr'><strong>ejusque</strong></span> <span class='ocrx_word' id='word_1_608' title='bbox 828 2633 864 2659; x_wconf 89' lang='lat' dir='ltr'><strong>rei</strong></span> <span class='ocrx_word' id='word_1_609' title='bbox 879 2632 1003 2660; x_wconf 87' lang='lat' dir='ltr'><strong>conside—</strong></span> 
     </span>
    </p>
   </div>
   <div class='ocr_carea' id='block_1_81' title="bbox 223 2678 1001 2712">
    <p class='ocr_par' dir='ltr' id='par_1_81' title="bbox 223 2678 1001 2712">
     <span class='ocr_line' id='line_1_81' title="bbox 223 2678 1001 2712; baseline 0.001 -9"><span class='ocrx_word' id='word_1_610' title='bbox 223 2680 354 2706; x_wconf 85' lang='lat' dir='ltr'><strong>rationem</strong></span> <span class='ocrx_word' id='word_1_611' title='bbox 367 2678 399 2705; x_wconf 86' lang='lat' dir='ltr'><strong>ah</strong></span> <span class='ocrx_word' id='word_1_612' title='bbox 414 2678 472 2712; x_wconf 86' lang='lat' dir='ltr'><strong>ipso</strong></span> <span class='ocrx_word' id='word_1_613' title='bbox 499 2678 646 2711; x_wconf 75' lang='lat' dir='ltr'><strong>prophetiae</strong></span> <span class='ocrx_word' id='word_1_614' title='bbox 670 2678 782 2705; x_wconf 84' lang='lat' dir='ltr'><strong>exordio</strong></span> <span class='ocrx_word' id='word_1_615' title='bbox 806 2678 1001 2712; x_wconf 86' lang='lat' dir='ltr'><strong>auspicaberis.</strong></span> 
     </span>
    </p>
   </div>
   <div class='ocr_carea' id='block_1_82' title="bbox 223 2723 1002 2758">
    <p class='ocr_par' dir='ltr' id='par_1_82' title="bbox 223 2723 1002 2758">
     <span class='ocr_line' id='line_1_82' title="bbox 223 2723 1002 2758; baseline -0.001 -8"><span class='ocrx_word' id='word_1_616' title='bbox 223 2723 335 2750; x_wconf 73' lang='lat' dir='ltr'><strong>Factum</strong></span> <span class='ocrx_word' id='word_1_617' title='bbox 350 2731 387 2749; x_wconf 74' lang='lat' dir='ltr'><strong>est</strong></span> <span class='ocrx_word' id='word_1_618' title='bbox 402 2724 429 2750; x_wconf 84' lang='lat' dir='ltr'><strong>in</strong></span> <span class='ocrx_word' id='word_1_619' title='bbox 444 2723 575 2750; x_wconf 79' lang='lat' dir='ltr'><strong>tricesimo</strong></span> <span class='ocrx_word' id='word_1_620' title='bbox 602 2730 670 2749; x_wconf 85' lang='lat' dir='ltr'><strong>anno</strong></span> <span class='ocrx_word' id='word_1_621' title='bbox 684 2743 690 2754; x_wconf 97' lang='lat'><strong>,</strong></span> <span class='ocrx_word' id='word_1_622' title='bbox 719 2724 747 2749; x_wconf 86' lang='lat' dir='ltr'><strong>in</strong></span> <span class='ocrx_word' id='word_1_623' title='bbox 772 2727 866 2758; x_wconf 82' lang='lat' dir='ltr'><strong>quarto</strong></span> <span class='ocrx_word' id='word_1_624' title='bbox 898 2731 983 2749; x_wconf 83' lang='lat' dir='ltr'><strong>mense</strong></span> <span class='ocrx_word' id='word_1_625' title='bbox 995 2743 1002 2755; x_wconf 86' lang='lat'><strong>,</strong></span> 
     </span>
    </p>
   </div>
   <div class='ocr_carea' id='block_1_83' title="bbox 222 2768 1004 2804">
    <p class='ocr_par' dir='ltr' id='par_1_83' title="bbox 222 2768 1004 2804">
     <span class='ocr_line' id='line_1_83' title="bbox 222 2768 1004 2804; baseline 0 -10"><span class='ocrx_word' id='word_1_626' title='bbox 222 2770 312 2801; x_wconf 81' lang='lat' dir='ltr'><strong>quinta</strong></span> <span class='ocrx_word' id='word_1_627' title='bbox 328 2771 440 2800; x_wconf 71' lang='lat' dir='ltr'><strong>mensis;</strong></span> <span class='ocrx_word' id='word_1_628' title='bbox 455 2774 479 2796; x_wconf 82' lang='lat' dir='ltr'><strong>et</strong></span> <span class='ocrx_word' id='word_1_629' title='bbox 494 2777 540 2804; x_wconf 79' lang='lat' dir='ltr'><strong>ego</strong></span> <span class='ocrx_word' id='word_1_630' title='bbox 553 2776 626 2795; x_wconf 85' lang='lat' dir='ltr'><strong>eram</strong></span> <span class='ocrx_word' id='word_1_631' title='bbox 641 2768 668 2794; x_wconf 88' lang='lat' dir='ltr'><strong>in</strong></span> <span class='ocrx_word' id='word_1_632' title='bbox 681 2769 765 2795; x_wconf 83' lang='lat' dir='ltr'><strong>media</strong></span> <span class='ocrx_word' id='word_1_633' title='bbox 781 2768 943 2802; x_wconf 78' lang='lat' dir='ltr'><strong>captivitatis</strong></span> <span class='ocrx_word' id='word_1_634' title='bbox 960 2776 1004 2794; x_wconf 82' lang='lat' dir='ltr'><strong>su-</strong></span> 
     </span>
    </p>
   </div>
   <div class='ocr_carea' id='block_1_84' title="bbox 257 2867 1012 2903">
    <p class='ocr_par' dir='ltr' id='par_1_84' title="bbox 257 2867 1012 2903">
     <span class='ocr_line' id='line_1_84' title="bbox 257 2867 1012 2903; baseline 0.001 -7"><span class='ocrx_word' id='word_1_635' title='bbox 257 2871 279 2888; x_wconf 87' lang='grc'><strong>⁷¹</strong></span> <span class='ocrx_word' id='word_1_636' title='bbox 291 2868 312 2896; x_wconf 83' lang='grc' dir='ltr'><strong><em>ιι</em></strong></span> <span class='ocrx_word' id='word_1_637' title='bbox 331 2867 392 2894; x_wconf 78' lang='lat' dir='ltr'><strong>Car.</strong></span> <span class='ocrx_word' id='word_1_638' title='bbox 410 2878 450 2903; x_wconf 83' lang='lat' dir='ltr'><strong>tu,</strong></span> <span class='ocrx_word' id='word_1_639' title='bbox 466 2871 505 2898; x_wconf 79' lang='lat' dir='ltr'><strong>l5.</strong></span> <span class='ocrx_word' id='word_1_640' title='bbox 546 2871 569 2886; x_wconf 80' lang='grc'>⁹⁰</span> <span class='ocrx_word' id='word_1_641' title='bbox 592 2869 657 2896; x_wconf 85' lang='lat' dir='ltr'><strong>ibid.</strong></span> <span class='ocrx_word' id='word_1_642' title='bbox 688 2872 729 2899; x_wconf 74' lang='grc'><strong>18,</strong></span> <span class='ocrx_word' id='word_1_643' title='bbox 769 2872 790 2887; x_wconf 77' lang='grc'><strong>⁸¹</strong></span> <span class='ocrx_word' id='word_1_644' title='bbox 806 2870 885 2897; x_wconf 84' lang='lat' dir='ltr'><strong>Joan.</strong></span> <span class='ocrx_word' id='word_1_645' title='bbox 906 2878 942 2903; x_wconf 83' lang='grc' dir='ltr'><strong>ιν,</strong></span> <span class='ocrx_word' id='word_1_646' title='bbox 968 2871 1012 2897; x_wconf 60' lang='grc'><strong>54.</strong></span> 
     </span>
    </p>
   </div>
   <div class='ocr_carea' id='block_1_85' title="bbox 1380 2446 1511 2472">
    <p class='ocr_par' dir='ltr' id='par_1_85' title="bbox 1380 2446 1511 2472">
     <span class='ocr_line' id='line_1_85' title="bbox 1380 2446 1511 2472; baseline 0 0"><span class='ocrx_word' id='word_1_647' title='bbox 1380 2446 1456 2472; x_wconf 81' lang='grc' dir='ltr'><strong>ΚΕΦ.</strong></span> <span class='ocrx_word' id='word_1_648' title='bbox 1473 2447 1511 2472; x_wconf 86' lang='grc' dir='ltr'><strong>Δ’.</strong></span> 
     </span>
    </p>
   </div>
   <div class='ocr_carea' id='block_1_86' title="bbox 1089 2491 1840 2527">
    <p class='ocr_par' dir='ltr' id='par_1_86' title="bbox 1089 2491 1840 2527">
     <span class='ocr_line' id='line_1_86' title="bbox 1089 2491 1840 2527; baseline 0 -8"><span class='ocrx_word' id='word_1_649' title='bbox 1089 2493 1143 2519; x_wconf 85' lang='lat' dir='ltr'><strong>Kal</strong></span> <span class='ocrx_word' id='word_1_650' title='bbox 1165 2492 1282 2527; x_wconf 75' lang='grc' dir='ltr'><em>ἐγένετο</em></span> <span class='ocrx_word' id='word_1_651' title='bbox 1298 2493 1332 2518; x_wconf 81' lang='grc' dir='ltr'><strong>ἐν</strong></span> <span class='ocrx_word' id='word_1_652' title='bbox 1349 2491 1388 2524; x_wconf 86' lang='grc' dir='ltr'><strong>τῷ</strong></span> <span class='ocrx_word' id='word_1_653' title='bbox 1411 2491 1574 2526; x_wconf 75' lang='grc' dir='ltr'><strong>τριηκοστῴ</strong></span> <span class='ocrx_word' id='word_1_654' title='bbox 1592 2491 1662 2523; x_wconf 74' lang='grc' dir='ltr'><strong>ἔτει,</strong></span> <span class='ocrx_word' id='word_1_655' title='bbox 1683 2492 1718 2518; x_wconf 77' lang='grc' dir='ltr'><strong>ὲν</strong></span> <span class='ocrx_word' id='word_1_656' title='bbox 1739 2491 1777 2524; x_wconf 85' lang='grc' dir='ltr'><strong>τῷ</strong></span> <span class='ocrx_word' id='word_1_657' title='bbox 1794 2501 1840 2519; x_wconf 82' lang='grc' dir='ltr'><strong>τε·</strong></span> 
     </span>
    </p>
   </div>
   <div class='ocr_carea' id='block_1_87' title="bbox 1054 2536 1838 2574">
    <p class='ocr_par' dir='ltr' id='par_1_87' title="bbox 1054 2536 1838 2574">
     <span class='ocr_line' id='line_1_87' title="bbox 1054 2536 1838 2574; baseline -0.004 -8"><span class='ocrx_word' id='word_1_658' title='bbox 1054 2540 1148 2573; x_wconf 80' lang='grc' dir='ltr'>τάρτῳ</span> <span class='ocrx_word' id='word_1_659' title='bbox 1159 2539 1243 2574; x_wconf 82' lang='grc' dir='ltr'><strong>μηνὶ,</strong></span> <span class='ocrx_word' id='word_1_660' title='bbox 1258 2538 1374 2572; x_wconf 81' lang='grc' dir='ltr'><strong>πέμπτῃ</strong></span> <span class='ocrx_word' id='word_1_661' title='bbox 1390 2538 1440 2564; x_wconf 76' lang='grc' dir='ltr'><strong>τοῦ</strong></span> <span class='ocrx_word' id='word_1_662' title='bbox 1453 2538 1558 2572; x_wconf 76' lang='grc' dir='ltr'><strong>μηνὸς,</strong></span> <span class='ocrx_word' id='word_1_663' title='bbox 1576 2537 1625 2564; x_wconf 78' lang='grc' dir='ltr'><strong>καὶ</strong></span> <span class='ocrx_word' id='word_1_664' title='bbox 1636 2537 1693 2572; x_wconf 81' lang='grc' dir='ltr'><strong>ἐγὼ</strong></span> <span class='ocrx_word' id='word_1_665' title='bbox 1710 2536 1791 2572; x_wconf 78' lang='grc' dir='ltr'><strong>ἤμην</strong></span> <span class='ocrx_word' id='word_1_666' title='bbox 1804 2538 1838 2564; x_wconf 85' lang='grc' dir='ltr'><strong>ἑν</strong></span> 
     </span>
    </p>
   </div>
   <div class='ocr_carea' id='block_1_88' title="bbox 1053 2583 1839 2621">
    <p class='ocr_par' dir='ltr' id='par_1_88' title="bbox 1053 2583 1839 2621">
     <span class='ocr_line' id='line_1_88' title="bbox 1053 2583 1839 2621; baseline -0.004 -9"><span class='ocrx_word' id='word_1_667' title='bbox 1053 2585 1137 2621; x_wconf 80' lang='grc' dir='ltr'><strong>μέσῳ</strong></span> <span class='ocrx_word' id='word_1_668' title='bbox 1163 2585 1217 2618; x_wconf 81' lang='grc' dir='ltr'><strong>τῆς</strong></span> <span class='ocrx_word' id='word_1_669' title='bbox 1243 2584 1447 2619; x_wconf 72' lang='grc' dir='ltr'><strong>αἰχμαλωσίας</strong></span> <span class='ocrx_word' id='word_1_670' title='bbox 1472 2584 1519 2609; x_wconf 77' lang='grc' dir='ltr'><strong>ἐπὶ</strong></span> <span class='ocrx_word' id='word_1_671' title='bbox 1547 2583 1599 2610; x_wconf 83' lang='grc' dir='ltr'><em>τοῦ</em></span> <span class='ocrx_word' id='word_1_672' title='bbox 1624 2583 1757 2617; x_wconf 77' lang='grc' dir='ltr'><em>ποταμοῦ</em></span> <span class='ocrx_word' id='word_1_673' title='bbox 1787 2583 1839 2610; x_wconf 86' lang='grc' dir='ltr'><strong>τοῦ</strong></span> 
     </span>
    </p>
   </div>
   <div class='ocr_carea' id='block_1_89' title="bbox 1056 2626 1840 2665">
    <p class='ocr_par' dir='ltr' id='par_1_89' title="bbox 1056 2626 1840 2665">
     <span class='ocr_line' id='line_1_89' title="bbox 1056 2626 1840 2665; baseline -0.004 -8"><span class='ocrx_word' id='word_1_674' title='bbox 1056 2631 1166 2665; x_wconf 78' lang='grc' dir='ltr'><strong>Χοϐάρ·</strong></span> <span class='ocrx_word' id='word_1_675' title='bbox 1191 2630 1239 2657; x_wconf 81' lang='grc' dir='ltr'><strong>καὶ</strong></span> <span class='ocrx_word' id='word_1_676' title='bbox 1262 2631 1449 2664; x_wconf 70' lang='grc' dir='ltr'><strong>ἠνοίχθησαν</strong></span> <span class='ocrx_word' id='word_1_677' title='bbox 1464 2631 1490 2655; x_wconf 90' lang='grc' dir='ltr'><em>οἱ</em></span> <span class='ocrx_word' id='word_1_678' title='bbox 1507 2629 1638 2662; x_wconf 68' lang='grc' dir='ltr'><strong>οὐρανοί.</strong></span> <span class='ocrx_word' id='word_1_679' title='bbox 1664 2629 1693 2655; x_wconf 89' lang='grc'><strong>’0</strong></span> <span class='ocrx_word' id='word_1_680' title='bbox 1711 2626 1840 2663; x_wconf 76' lang='grc' dir='ltr'><strong>Ίεζεκιὴλ</strong></span> 
     </span>
    </p>
   </div>
   <div class='ocr_carea' id='block_1_90' title="bbox 1056 2671 1840 2710">
    <p class='ocr_par' dir='ltr' id='par_1_90' title="bbox 1056 2671 1840 2710">
     <span class='ocr_line' id='line_1_90' title="bbox 1056 2671 1840 2710; baseline -0.008 -8"><span class='ocrx_word' id='word_1_681' title='bbox 1056 2676 1138 2703; x_wconf 82' lang='grc' dir='ltr'><strong>τύπον</strong></span> <span class='ocrx_word' id='word_1_682' title='bbox 1168 2675 1243 2710; x_wconf 71' lang='grc' dir='ltr'>φέρει</span> <span class='ocrx_word' id='word_1_683' title='bbox 1271 2674 1317 2701; x_wconf 76' lang='grc' dir='ltr'><strong>τοῦ</strong></span> <span class='ocrx_word' id='word_1_684' title='bbox 1344 2674 1460 2709; x_wconf 75' lang='grc' dir='ltr'><strong>Χριστοῦ</strong></span> <span class='ocrx_word' id='word_1_685' title='bbox 1493 2672 1562 2699; x_wconf 77' lang='grc' dir='ltr'><strong>κατὰ</strong></span> <span class='ocrx_word' id='word_1_686' title='bbox 1586 2671 1680 2703; x_wconf 72' lang='grc' dir='ltr'><strong>πολλὰ,</strong></span> <span class='ocrx_word' id='word_1_687' title='bbox 1709 2672 1756 2698; x_wconf 77' lang='grc' dir='ltr'>καὶ</span> <span class='ocrx_word' id='word_1_688' title='bbox 1771 2671 1840 2706; x_wconf 76' lang='grc' dir='ltr'><strong>ἄρξῃ</strong></span> 
     </span>
    </p>
   </div>
   <div class='ocr_carea' id='block_1_91' title="bbox 1057 2717 1840 2755">
    <p class='ocr_par' dir='ltr' id='par_1_91' title="bbox 1057 2717 1840 2755">
     <span class='ocr_line' id='line_1_91' title="bbox 1057 2717 1840 2755; baseline -0.003 -9"><span class='ocrx_word' id='word_1_689' title='bbox 1057 2720 1168 2755; x_wconf 75' lang='grc' dir='ltr'><strong>θεωρεῖν</strong></span> <span class='ocrx_word' id='word_1_690' title='bbox 1191 2720 1269 2746; x_wconf 78' lang='grc' dir='ltr'><em>τοῦτο</em></span> <span class='ocrx_word' id='word_1_691' title='bbox 1292 2721 1320 2745; x_wconf 77' lang='grc' dir='ltr'><strong>ἑν</strong></span> <span class='ocrx_word' id='word_1_692' title='bbox 1336 2720 1392 2750; x_wconf 78' lang='grc' dir='ltr'><strong>τοῖς</strong></span> <span class='ocrx_word' id='word_1_693' title='bbox 1409 2719 1560 2754; x_wconf 80' lang='grc' dir='ltr'><strong>προοιμίοις</strong></span> <span class='ocrx_word' id='word_1_694' title='bbox 1579 2718 1626 2752; x_wconf 83' lang='grc' dir='ltr'><strong>τῆς</strong></span> <span class='ocrx_word' id='word_1_695' title='bbox 1652 2717 1819 2753; x_wconf 76' lang='grc' dir='ltr'><strong>προφητείας</strong></span> <span class='ocrx_word' id='word_1_696' title='bbox 1831 2735 1840 2744; x_wconf 87' lang='grc'><strong>.</strong></span> 
     </span>
    </p>
   </div>
   <div class='ocr_carea' id='block_1_92' title="bbox 1064 2763 1838 2800">
    <p class='ocr_par' dir='ltr' id='par_1_92' title="bbox 1064 2763 1838 2800">
     <span class='ocr_line' id='line_1_92' title="bbox 1064 2763 1838 2800; baseline -0.004 -8"><span class='ocrx_word' id='word_1_697' title='bbox 1064 2765 1196 2800; x_wconf 68' lang='grc' dir='ltr'><strong>Ἐγένετο</strong></span> <span class='ocrx_word' id='word_1_698' title='bbox 1212 2766 1245 2792; x_wconf 83' lang='grc' dir='ltr'><strong>ἐν</strong></span> <span class='ocrx_word' id='word_1_699' title='bbox 1270 2765 1309 2798; x_wconf 86' lang='grc' dir='ltr'><strong>τῷ</strong></span> <span class='ocrx_word' id='word_1_700' title='bbox 1333 2764 1495 2799; x_wconf 76' lang='grc' dir='ltr'><strong>τριακοστῷ</strong></span> <span class='ocrx_word' id='word_1_701' title='bbox 1517 2765 1585 2796; x_wconf 78' lang='grc' dir='ltr'><em>ἔτει,</em></span> <span class='ocrx_word' id='word_1_702' title='bbox 1614 2766 1740 2797; x_wconf 71' lang='grc' dir='ltr'><strong>τετάρτῳ</strong></span> <span class='ocrx_word' id='word_1_703' title='bbox 1753 2763 1838 2798; x_wconf 76' lang='grc' dir='ltr'><strong>μηνὶ,</strong></span> 
     </span>
    </p>
   </div>
   <div class='ocr_carea' id='block_1_93' title="bbox 1051 2856 1786 2901">
    <p class='ocr_par' dir='ltr' id='par_1_93' title="bbox 1051 2856 1786 2901">
     <span class='ocr_line' id='line_1_93' title="bbox 1051 2856 1786 2901; baseline -0.005 -5"><span class='ocrx_word' id='word_1_704' title='bbox 1051 2868 1175 2896; x_wconf 76' lang='lat' dir='ltr'><strong>“.Levit.</strong></span> <span class='ocrx_word' id='word_1_705' title='bbox 1206 2876 1253 2895; x_wconf 88' lang='lat' dir='ltr'><strong>vn.</strong></span> <span class='ocrx_word' id='word_1_706' title='bbox 1301 2868 1322 2883; x_wconf 72' lang='grc'><strong>⁸³</strong></span> <span class='ocrx_word' id='word_1_707' title='bbox 1339 2856 1429 2901; x_wconf 68' lang='grc' dir='ltr'><strong>Ἀροε.</strong></span> <span class='ocrx_word' id='word_1_708' title='bbox 1444 2874 1483 2900; x_wconf 89' lang='lat' dir='ltr'><strong>In,</strong></span> <span class='ocrx_word' id='word_1_709' title='bbox 1498 2866 1542 2893; x_wconf 73' lang='lat'><strong>20.</strong></span> <span class='ocrx_word' id='word_1_710' title='bbox 1581 2864 1709 2893; x_wconf 64' lang='lat' dir='ltr'><strong>&quot;hlcch.</strong></span> <span class='ocrx_word' id='word_1_711' title='bbox 1726 2873 1745 2896; x_wconf 88' lang='lat' dir='ltr'><strong>I,</strong></span> <span class='ocrx_word' id='word_1_712' title='bbox 1761 2865 1786 2892; x_wconf 72' lang='grc' dir='ltr'><strong>ί.</strong></span> 
     </span>
    </p>
   </div>
  </div>
