4070 6296
303 380 400 436 769

1487 366 1799 424 SELECTA
1828 365 1894 421 IN
1930 364 2392 422 EZECHIELEM.

3433 360 3536 416 770

300 502 525 570 πέμπτῃ
567 496 673 550 τοῦ
703 494 891 564 μηνὸς
910 534 925 560 ,
967 495 1150 563 κάγὼ,
1185 493 1373 565 φησὶν,
1405 491 1569 561 ἤμην
1598 492 1669 546 ἐν
1695 489 1862 561 μέσῳ

1978 504 2052 542 ἐν
2079 487 2295 556 ﬂuvium
2323 484 2571 549 Chobar;
2601 493 2651 537 et
2674 480 2844 552 aperti
2864 492 2986 536 sunt
3018 482 3154 537 cali.
3187 482 3384 539 Eadem
3416 500 3531 555 Ipsa

302 589 696 661 αἰχμαλωσίας
714 588 812 641 ἐπὶ
830 587 1096 657 ποταμοῦ
1112 585 1302 655 Χοϐάρ
1324 604 1337 618 ·
1374 587 1474 641 καί
1488 586 1864 654 ἠνοίχθησαν

296 684 347 737 ei
360 679 618 748 οὐρανοί.
639 677 824 732 Ταῦτα
854 679 950 732 καὶ
979 677 1219 750 περὶτοῦ
1250 677 1488 750 Χριστοῦ
1520 677 1828 748 γέγραπται
1848 713 1864 738 ,

294 773 378 826 ὅτε
402 766 469 843 ἦν
498 773 558 823 ὲν
587 770 663 842 τῷ
687 772 877 842 κόσμῳ
899 771 1096 842 τούτῳ,
1141 773 1200 824 ὲν
1227 773 1291 842 τῇ
1327 767 1673 841 αἰχμαλωσίᾳ
1691 765 1866 838 ταύτῃ

294 863 380 917 ἐπὶ
405 861 497 916 τοῦ
531 863 820 935 Ἰορδάνου,
847 864 937 916 ὅτε
978 862 1217 930 Ἰησοῦς
1242 859 1322 933 ἦν
1356 862 1688 931 ἀρχόμενος
1723 859 1868 914 ὡσεί

291 955 437 1010 ἐτῶν
452 954 792 1023 τριάκοντα,
815 955 910 1009 καί⁵
927 955 1015 1008 ὅτε
1039 954 1362 1026 ἠνοίχθησαν
1380 953 1527 1025 αὐτῷ
1553 954 1602 1006 οἰ
1627 951 1863 1024 οὐρανοί.

292 1047 367 1101 Τὰ
409 1047 464 1100 δὲ
496 1047 795 1118 τριάκοντα
836 1045 929 1119 ἔτη
972 1046 1042 1100 τὰ
1074 1048 1133 1100 ὲν
1179 1050 1245 1119 τῇ
1295 1046 1601 1118 προφητείᾳ
1636 1044 1779 1098 κατὰ
1808 1044 1869 1097 τὸ

289 1139 542 1211 αἰσθητόν
573 1141 722 1192 ἐστιν
744 1140 774 1191 6
799 1139 988 1212 χρόνος
1016 1140 1117 1211 τῆς
1142 1140 1289 1210 ζωῆς
1314 1137 1410 1192 τοῦ
1431 1140 1709 1210 προφήτου
1728 1154 1742 1167 ·
1769 1136 1868 1207 τῆς

288 1235 343 1290 δὲ
372 1235 750 1307 αἰχμαλωσίας
779 1235 872 1303 ἀφ’
888 1224 948 1287 οὗ
969 1231 1234 1302 κατῆλθον
1260 1231 1511 1301 πέμπτον
1534 1229 1670 1292 ἔτος.
1709 1227 1867 1281 Ἀλλὰ

293 1328 385 1399 μὲν
430 1329 576 1382 κατὰ
614 1328 713 1398 τὴν
763 1325 1136 1398 προσηγορίαν
1179 1322 1274 1376 καὶ
1317 1320 1584 1392 σύμϐολον
1624 1320 1736 1390 ἔχει
1772 1318 1866 1373 τοῦ

287 1419 523 1492 Χριστοῦ
585 1407 880 1489 Ἰεζεκιὴλ,
943 1416 1002 1479 ὃς
1056 1413 1418 1485 ἑρμηνεύεται
1464 1412 1665 1483 κράτος
1708 1408 1867 1465 Θεοῦ.

288 1511 394 1566 Καὶ
430 1510 492 1564 τὸ
513 1553 532 1580 ,
575 1510 670 1565 υίὲ
697 1508 1030 1577 ἀνθρώπου,
1076 1508 1157 1569 εἰς
1192 1503 1482 1576 ἀναγωγὴν
1517 1503 1612 1558 τοῦ
1647 1519 1869 1575 χρημα-

286 1601 533 1667 τίσαντος
561 1601 695 1657 υίοῦ
722 1597 1059 1668 ἀνθρώπου.

369 1693 520 1764 Ἐγὼ
556 1692 720 1761 ἤμην
754 1691 824 1745 ἐν
849 1688 1019 1760 μέσῳ
1045 1687 1154 1757 τῆς
1200 1687 1635 1757 αἰχμαλωσίας·
1672 1686 1730 1739 '0
1769 1684 1868 1756 μὲν

286 1784 409 1849 νοῦς
433 1787 584 1838 ἐστιν
608 1784 666 1837 ὃν
697 1783 810 1854 ἔχει
840 1783 901 1837 τὸ
934 1781 1096 1855 ῥητόν
1116 1797 1132 1812 ·
1167 1779 1300 1834 αὐτὸ
1324 1779 1380 1833 δὲ
1398 1778 1568 1849 ψιλῶς
1598 1779 1659 1834 οὔ
1724 1778 1866 1832 οἱον-

1964 578 2031 631 de
2078 576 2207 633 Jesu
2264 578 2463 645 scripta
2521 583 2682 641 sunt,
2749 574 2927 643 ipsum
2998 589 3192 643 nempe
3258 574 3426 632 fuisse
3476 578 3532 631 in

1965 669 2170 724 mundo
2218 670 2322 724 hoc
2345 710 2360 735 ,
2413 667 2469 721 in
2513 668 2617 722 bac
2655 665 2970 735 captivitate
2994 681 3160 735 super
3190 664 3481 722 Jordanem
3521 716 3536 739 ,

1965 762 2186 832 quando
2213 760 2372 815 Jesus
2396 768 2509 814 erat
2541 758 2796 828 incipiens
2823 758 2977 826 quasi
3002 774 3261 811 annorum
3290 760 3535 831 triginta,

1964 859 2020 906 et
2042 850 2262 921 quando
2291 851 2461 918 aperti
2485 860 2607 905 sunt
2635 850 2685 903 ei
2709 849 2825 902 coeli
2845 849 2915 903 ³⁸.
2940 847 3045 915 Qui
3071 857 3252 903 autem
3279 851 3408 903 anni
3438 849 3538 904 tri-

1965 941 2112 1011 ginta
2169 942 2224 995 in
2273 942 2554 1011 prophetia
2599 940 2872 995 habentur
2901 980 2917 1007 ,
2945 942 3012 996 ad
3047 941 3281 996 litteram
3321 949 3537 1012 tempus

1967 1040 2095 1087 sunt
2125 1046 2232 1102 quo
2265 1032 2524 1101 propheta
2558 1031 2613 1085 in
2646 1031 2903 1088 humanis
2931 1031 3128 1098 fuerat,
3166 1042 3221 1088 et
3248 1048 3279 1088 a
3317 1033 3539 1103 captivi-

1967 1130 2097 1186 tate,
2135 1135 2243 1189 qua
2292 1119 2587 1189 reliquerat
2636 1120 2892 1188 patriam,
2920 1135 3098 1175 annus
3131 1119 3374 1188 quintus.
3393 1117 3535 1184 Quin

1968 1221 2021 1264 et
2055 1209 2354 1264 secundum
2394 1209 2632 1265 nominis
2662 1209 3043 1283 etymologiam
3073 1207 3275 1264 Christi
3305 1209 3536 1280 figuram

1967 1297 2184 1369 praefert
2212 1299 2501 1367 Ezechiel,
2535 1301 2629 1369 qui
2683 1301 3071 1371 interpretatur
3103 1300 3363 1369 fortitudo
3418 1300 3534 1358 Dei.

1968 1388 2123 1456 Quod
2146 1393 2274 1445 item
2309 1392 2358 1446 ei
2413 1392 2612 1446 dicitur
2648 1410 2661 1446 :
2704 1391 2817 1446 Fili
2859 1392 3087 1446 hominis
3115 1432 3131 1459 ,
3186 1392 3253 1447 ad
3290 1392 3537 1448 altiorem

1969 1495 2190 1536 sensum
2210 1480 2551 1537 referendum
2575 1491 2678 1549 est,
2703 1492 2763 1538 ut
2788 1482 2877 1537 ille
2897 1482 3237 1554 signiﬁcetur
3252 1483 3347 1552 qui
3369 1497 3537 1537 voca-

1970 1582 2058 1627 tus
2079 1584 2164 1628 est
2191 1573 2338 1643 ﬁlius
2360 1573 2606 1628 hominis.

2039 1669 2200 1741 407
2230 1669 2342 1741 Ego
2363 1686 2507 1725 eram
2540 1670 2597 1723 in
2620 1667 2791 1723 medio
2825 1667 3171 1737 captivitatis.
3199 1665 3297 1722 Est
3315 1666 3536 1738 quidem

1971 1761 2088 1831 ipse
2116 1775 2312 1816 sensus
2332 1775 2494 1830 quem
2524 1757 2743 1829 praefert
2767 1757 2950 1812 littera
2986 1775 3001 1812 :
3038 1757 3133 1813 sed
3176 1772 3281 1811 non
3325 1756 3538 1826 simpli-

288 1875 337 1929 εί
381 1842 580 1948 ιρησιν·
627 1842 785 1945 Ἐγῶ,
809 1877 837 1929 ὀ
872 1842 1034 1946 μηδέν
1056 1842 1429 1944 αἰχμαλωσίας
1445 1871 1601 1941 ἔχων,
1624 1872 1683 1923 ὲν
1718 1870 1867 1941 μέσῳ

1978 1853 2104 1909 eitcr
2123 1868 2190 1907 ac
2218 1852 2404 1920 nude;
2439 1850 2598 1922 quasi
2629 1850 2775 1905 dicat
2802 1867 2816 1904 :
2848 1848 2961 1919 Ego
2999 1850 3087 1903 cui
3134 1849 3270 1904 nihil
3311 1849 3541 1920 captivi-

288 1967 666 2039 αἰχμαλωσίας
696 1968 844 2038 ήμην
872 1966 940 2019 δι’
975 1964 1306 2034 οἰκονομίαν.
1343 1961 1500 2015 Οὕτω
1535 1961 1632 2013 καὶ
1672 1962 1701 2014 6
1727 1960 1864 2033 Χρι-

292 2060 414 2122 στὸς
451 2060 554 2112 οὐκ
582 2055 1038 2128 αἰχμαλωτισθεὶς
1069 2050 1136 2126 ἦν
1160 2055 1219 2107 ὲν
1248 2053 1326 2125 τῷ
1357 2051 1508 2122 τόπῳ
1526 2051 1635 2105 τῶν
1666 2052 1868 2121 αἰχμα-

290 2146 499 2212 λώτων,
530 2146 666 2200 ἀλλὰ
690 2144 1008 2218 λυτρὼσεως
1035 2143 1214 2198 αὐτῶν
1233 2142 1394 2213 χάριν
1411 2158 1425 2172 ·
1457 2141 1533 2203 ὡς
1566 2140 1660 2194 καὶ
1689 2141 1717 2192 6
1736 2156 1870 2210 προ-

292 2241 469 2313 φήτης
497 2240 557 2295 ού
589 2239 657 2293 δι’
685 2236 960 2309 ἁμαρτίας
985 2231 1054 2308 ἦν
1080 2236 1138 2288 ὲν
1169 2234 1321 2306 μέσῳ
1348 2231 1449 2303 τῆς
1473 2229 1867 2302 αἰχμαλωσίας,

291 2331 407 2385 ἀλλ’
446 2329 707 2402 ἰατρείας.

364 2514 477 2571 Καὶ
528 2510 693 2568 εἶδον
725 2511 965 2580 ὁράσεις
1012 2508 1179 2564 Θεοῦ.
1235 2507 1294 2561 '0
1328 2505 1461 2570 Θεὸς
1494 2503 1594 2576 τὴν
1642 2503 1872 2576 ἀόρατον

292 2608 390 2661 καὶ
435 2605 630 2678 νοητὴν
684 2605 845 2674 φύσιν
876 2604 935 2656 ὲν
976 2604 1042 2674 τῇ
1076 2603 1245 2673 ὀρατῇ
1289 2599 1385 2653 καὶ
1429 2596 1660 2669 αἰσθητῇ
1717 2596 1874 2664 φύσει

293 2696 712 2768 ὲζωγράφησεν,
752 2696 819 2749 ἵν’
859 2696 910 2748 οἰ
951 2694 1057 2748 ὑπὸ
1097 2690 1346 2765 αἴσθησιν
1389 2687 1772 2761 γυμνασθῶσιν
1817 2687 1875 2739 ὲν

295 2791 440 2859 αὐτῇ
473 2791 553 2852 εἰς
583 2788 815 2859 θεωρίαν
837 2787 936 2858 τῆς
966 2786 1179 2856 νοητῆς.

372 2882 485 2938 Καὶ
515 2880 751 2951 ἐγένετο
777 2881 960 2948 λόγος
991 2878 1215 2946 Κυρίου
1256 2876 1402 2944 πρὸς
1453 2865 1740 2938 ’Ῑεζεκιήλ.
1775 2869 1877 2923 Λό-

302 2987 395 3037 γος
420 2973 449 3024 6
475 2972 534 3025 ὲν
571 2973 735 3041 ἀρχῇ,
763 2970 898 3023 Θεοῦ
922 2969 1113 3037 Λόγος.
1167 2965 1312 3035 Ἐγὼ
1337 2965 1537 3019 εἷπον·
1578 2960 1711 3017 Θεοί
1734 2961 1876 3015 ἐστε

296 3063 397 3117 καὶ
434 3062 551 3116 υἱοὶ
594 3062 876 3129 Ὑψίστου
909 3059 1148 3124 πάντες.
1178 3056 1251 3109 Τὸ
1282 3055 1506 3127 Πνεῦμα
1534 3053 1681 3122 λέγει
1721 3051 1874 3115 θεοὺς

298 3155 438 3245 πρὸς
468 3152 561 3216 οὓς
598 3154 628 3206 6
667 3152 840 3220 Λόγος
869 3150 962 3204 τοῦ
992 3149 1127 3204 Θεοῦ
1156 3147 1399 3218 ἐγένετο,
1443 3148 1473 3199 6
1503 3144 1634 3209 Θεὸς
1665 3144 1837 3213 Λόγος
1856 3157 1871 3172 ⁸
1901 3186 1944 3245 C

297 3240 455 3309 οὗτος
480 3244 590 3317 γὰρ
624 3242 866 3307 Θεοποιός
907 3244 1041 3296 ἐστι.

384 3431 489 3482 Ἐν
532 3425 610 3496 γῇ
656 3424 984 3479 Χαλδαίων.
1034 3425 1297 3488 Χαλδαῖος
1341 3419 1699 3493 ἑρμηνεύεται
1757 3416 1877 3485 πᾶς

293 3520 510 3586 πόνος.
562 3512 719 3573 Οὗτοι
754 3517 811 3570 δέ
852 3518 987 3570 εἰσιν
1029 3514 1345 3588 ἀστρολόγοι
1387 3513 1485 3584 τὴν
1536 3511 1878 3582 εἱμαρμένην

298 3614 572 3682 λέγοντες,
600 3611 692 3664 καὶ
730 3609 865 3672 ὅλως
887 3611 1000 3672 τοῖς
1024 3606 1299 3678 αἰσθητοῖς
1336 3602 1761 3674 προσηλωμένοι,
1787 3599 1880 3652 κα)⁵

300 3710 356 3759 ὲν
380 3706 572 3766 αὐτοῖς
600 3700 1032 3771 διαπονούμενοι,
1062 3694 1432 3757 θεοποιοῦντες
1451 3692 1592 3746 αὑτά
1609 3708 1623 3722 ’
1659 3691 1737 3760 Γῆ
1764 3691 1880 3742 ἐστι

301 3795 587 3849 Χαλδαίων
622 3796 651 3848 ὀ
680 3792 845 3855 τόπος
881 3792 975 3844 καὶ
1017 3792 1050 3860 ή
1091 3788 1204 3852 ἕξις
1245 3788 1278 3858 ἡ
1320 3784 1586 3856 χειρίστη.
1621 3780 1729 3834 Ναὶ
1776 3779 1881 3851 μὴν

302 3891 394 3946 καὶ
428 3888 542 3943 τῶν
581 3890 637 3942 ὲν
676 3884 900 3955 ἀσεϐείᾳ
936 3877 1299 3954 ύπερηφανῶν
1321 3876 1503 3948 ἔχουσι
1537 3871 1800 3945 σύμϐολον
1831 3871 1882 3924 οἰ

301 3981 586 4035 Χαλδαῖοι.

368 4072 489 4130 Καὶ
530 4070 659 4126 ἰδοὺ
685 4068 920 4138 πνεῦμα
944 4064 1202 4133 ἐξαῖρον.
1244 4060 1471 4131 Πνεῦμα
1495 4056 1710 4129 ὲξαῖρόν
1737 4058 1884 4110 ἐστιν

297 4165 326 4215 ὀ
360 4161 500 4224 Θεὸς
522 4177 537 4191 ⁸
582 4158 799 4230 πνεῦμα
827 4156 983 4229 γάρὸ
1014 4154 1165 4217 Θεὸς,
1202 4152 1417 4222 ὲξαῖρον
1450 4148 1508 4201 δὲ
1545 4148 1644 4219 τὴν
1667 4144 1882 4200 κακίαν.

370 4250 491 4307 Καὶ
533 4248 758 4318 νεφέλη
788 4244 1044 4317 μεγάλη.
1095 4243 1242 4310 Αὐτὴ
1284 4243 1317 4311 ἡ
1354 4237 1551 4307 νεφέλη
1602 4237 1635 4307 ἡ
1684 4235 1886 4288 δικαιο⁶

307 4342 469 4415 σύνη,
491 4341 553 4394 τὸ
583 4338 786 4408 ἀγαθὸν
812 4336 873 4391 τὸ
892 4339 957 4390 ὲκ
987 4333 1081 4388 τοῦ
1107 4330 1243 4386 Θεοῦ
1274 4329 1461 4400 διῆκον
1488 4329 1565 4391 εἰς
1593 4327 1760 4397 ἡμᾶς,
1794 4324 1886 4393 ἀφ’

304 4430 366 4491 οὗ
396 4414 749 4505 φωτιζόμεθα
766 4429 866 4500 τὴν
893 4426 1092 4497 γνῶσιν
1113 4423 1210 4495 τῆς
1231 4419 1507 4492 ἀληθείας.
1537 4418 1647 4471 Καὶ
1671 4414 1889 4486 φέγγος

306 4526 419 4598 γὰρ
444 4522 545 4580 καὶ
583 4523 784 4585 κύκλῳ
804 4516 1012 4574 αὐτοῦ.

389 4616 685 4686 Ὀμοίωμα
722 4614 803 4679 ὠς
836 4608 993 4676 εἶδος
1023 4606 1356 4677 ἀνθρώπου.
1407 4604 1600 4673 Ἡμεῖς
1638 4598 1890 4670 ὁμοίωμα

308 4710 419 4764 τῶν
452 4708 733 4777 τεσσάρων
766 4702 919 4767 ζώων
951 4701 1136 4772 ἐσμέν.
1182 4699 1343 4769 Ζήτει
1389 4694 1447 4747 δὲ
1477 4694 1601 4747 τίνα
1639 4689 1706 4744 τὰ
1740 4689 1885 4777 τρία.

323 4802 382 4857 '0
412 4775 636 4872 ἡνίοχος.
670 4796 779 4850 τῶν
821 4794 1100 4862 τεσσάρων
1132 4789 1334 4843 τούτων
1364 4785 1519 4850 ζώων
1549 4785 1648 4855 οὐχ
1680 4782 1799 4844 ὅλος
1815 4775 1891 4872 ’ἦν

315 4869 447 4964 πῦρ,
483 4869 598 4943 ἀλλ’
636 4886 747 4941 ἀπὸ
778 4883 976 4953 ὀσφύος
1007 4880 1099 4935 ἐπὶ
1138 4878 1208 4932 τά
1243 4878 1415 4941 κάτω,
1440 4875 1535 4928 καὶ
1564 4872 1674 4927 ἀπὸ
1690 4869 1893 4964 ὀσφύος

315 4962 411 5037 καί
462 4980 568 5042 ἕως
616 4977 730 5032 ἄνω
762 4975 1042 5046 ἡλεκτρον.
1088 4970 1161 5022 Οὐ
1218 4968 1327 5040 γὰρ
1375 4966 1509 5037 μόνα
1561 4962 1893 5033 κολαστήρια

316 5075 430 5148 ἔχει
456 5075 486 5127 ὁ
503 5072 681 5141 λόγος,
712 5067 826 5122 ἀλλ’
861 5066 972 5137 ἔχει
1009 5062 1104 5119 καὶ
1125 5062 1189 5116 δι’
1213 5054 1289 5114 ὧν
1318 5057 1605 5113 ἀναπαύει.
1654 5054 1892 5118 Κολάζει

314 5145 379 5223 δέ
408 5165 498 5221 διὰ
532 5163 641 5218 τῶν
671 5161 822 5216 κάτω
851 5158 1155 5229 δυνάμεων.
1191 5154 1267 5207 Οὐ
1303 5151 1413 5223 γὰρ
1454 5145 1563 5204 εἶδε
1606 5146 1718 5220 πῦρ
1761 5146 1893 5218 περὶ

316 5261 417 5332 τὴν
450 5257 711 5329 κεφαλὴν,
747 5253 869 5308 οὐδὲ
897 5250 1006 5305 ἀπὸ
1033 5249 1134 5319 τῆς
1161 5245 1360 5315 ὀσφύος
1391 5242 1483 5296 ἐπὶ
1515 5241 1584 5295 τὰ
1607 5240 1720 5295 ἄνω
1748 5238 1894 5332 ﬂvit;-

319 5328 415 5424 χος
452 5350 564 5424 πῦρ
598 5346 687 5420 ἦν,
722 5345 856 5400 ἀλλὰ
885 5343 992 5397 ἀπὸ
1021 5340 1122 5410 τῆς
1150 5337 1349 5408 ὀσφύος
1382 5335 1475 5388 ἐπὶ
1502 5333 1571 5387 τὰ
1604 5332 1752 5386 κάτω
1781 5328 1892 5424 πῦρ

319 5412 411 5515 ἣν,
444 5412 546 5498 ἵνα.
568 5412 802 5512 δηλώσῃ,
838 5437 919 5490 ὅτι
945 5435 994 5488 οἱ
1026 5435 1083 5488 ἐν
1112 5430 1363 5502 γεννήσει
1385 5424 1762 5515 τυγχάνοντες,
1782 5412 1893 5515 Δοῦ-

321 5511 404 5590 τοι
439 5511 647 5588 δέονται
688 5529 858 5602 πυρός
880 5544 895 5558 ·
936 5526 1106 5595 ὀσφὺς
1133 5521 1244 5593 γὰρ
1276 5519 1578 5590 γεννήσεως
1606 5511 1892 5583 σύμϐολον.

325 5629 397 5681 Οὐ
449 5627 607 5699 μόνον
654 5624 712 5678 δὲ
755 5624 882 5686 τοὺς
933 5619 1036 5673 ὑπὸ
1080 5616 1333 5687 γέννησιν
1374 5608 1609 5668 ἐδήλωσε
1651 5604 1737 5671 τὸ,
1789 5602 1897 5658 άπὸ

1967 1942 2063 1997 tati
2098 1941 2396 1997 obnoxium
2432 1941 2626 2004 inerat,
2655 1939 2711 1993 in
2733 1938 2914 1993 medio
2968 1953 3116 1993 eram
3165 1940 3494 2009 captivitatis
3517 1979 3538 2007 ,

1967 2031 2612 2102 dispensationiscausa.
2639 2030 2730 2085 Sic
2758 2037 2813 2083 et
2837 2026 3111 2094 Christus,
3141 2030 3267 2084 licet
3298 2046 3407 2085 non
3440 2045 3537 2084 ca-

1968 2126 2147 2194 ptivus
2166 2164 2182 2190 ,
2204 2126 2256 2179 in
2289 2124 2412 2178 loco
2432 2130 2549 2177 erat
2580 2120 2941 2191 captivorum,
2971 2122 3064 2174 sed
3107 2129 3164 2174 ut
3195 2120 3342 2189 ipsos
3390 2121 3539 2176 redi-

1969 2224 2179 2282 meret;
2212 2212 2672 2284 quemadmodum
2696 2211 2862 2265 etiam
2885 2210 3167 2279 propheta,
3190 2224 3298 2263 non
3321 2220 3541 2278 propter

1971 2315 2193 2377 peccata
2221 2305 2274 2359 in
2306 2304 2486 2359 medio
2515 2310 2636 2358 erat
2671 2301 3025 2372 captivitatis,
3070 2300 3167 2356 sed
3213 2309 3275 2356 ut
3307 2302 3540 2372 captivis

1972 2396 2267 2452 remedium
2297 2394 2532 2449 ali‘erret.

2041 2485 2109 2540 Et
2135 2487 2241 2540 vidi
2263 2486 2486 2539 visiones
2516 2483 2613 2537 Dei
2637 2483 2703 2536 ⁸⁸.
2740 2481 2882 2538 Deus
2930 2482 3256 2539 invisibilem
3314 2493 3370 2537 et
3419 2498 3543 2553 qua:

1972 2576 2087 2630 sola
2121 2585 2299 2629 mente
2337 2583 2514 2644 potest
2548 2572 2798 2642 intelligi,
2829 2580 3112 2635 naturam,
3149 2574 3202 2626 in
3242 2581 3433 2628 natura
3463 2574 3546 2629 vi-

1973 2667 2116 2722 sibili
2145 2675 2198 2720 et
2233 2681 2357 2736 quae
2381 2665 2485 2721 sub
2518 2680 2739 2721 sensum
2779 2663 2961 2730 cadit,
2985 2663 3151 2718 veluti
3184 2664 3458 2736 depingit,
3486 2673 3546 2720 ut

1972 2759 2065 2829 qui
2095 2759 2281 2812 sensui
2315 2756 2535 2811 obnoxii
2564 2764 2712 2820 sunt,
2744 2757 2798 2810 in
2827 2755 2917 2809 illa
2934 2754 3002 2809 ad
3029 2755 3544 2825 contemplationem

1973 2864 2184 2906 natura?
2217 2849 2478 2919 spiritalis
2506 2848 2846 2903 erudiantnr.

2042 2939 2112 2995 Et
2130 2941 2330 3011 factum
2345 2950 2421 2993 est
2442 2939 2652 2992 verbum
2670 2937 2882 2991 Domini
2900 2936 2969 2990 ad
2993 2934 3315 2992 Esechielem
3337 2937 3402 2992 ⁸⁷.
3422 2935 3551 2993 Ver.

1975 3032 2100 3087 bum
2129 3031 2272 3101 quod
2297 3030 2351 3084 in
2380 3028 2647 3099 principio
2670 3035 2807 3093 erat,
2846 3026 2940 3083 Dei
2965 3025 3224 3084 Verbum.
3253 3026 3365 3098 Ego
3393 3028 3510 3083 dixi
3527 3042 3547 3082 :

1978 3120 2069 3175 Dii
2090 3122 2236 3184 estis,
2275 3129 2325 3174 et
2361 3119 2465 3189 ﬁlii
2513 3118 2725 3173 Excelsi
2779 3133 2960 3174 omnes
3008 3116 3074 3171 ⁸⁸.
3110 3116 3345 3186 Spiritus
3392 3133 3552 3174 vocat

1977 3213 2129 3280 deos,
2152 3213 2219 3268 ad
2242 3228 2379 3283 quos
2397 3210 2634 3266 Verbum
2653 3209 2746 3264 Dei
2768 3208 2974 3273 factum
2998 3218 3103 3276 est,
3127 3208 3271 3267 Deus
3287 3208 3548 3267 Verbum.

1977 3304 2150 3360 Tanta
2174 3305 2319 3359 enim
2345 3313 2428 3360 est
2451 3303 2572 3373 ejus
2599 3303 2775 3358 virtus
2803 3311 2865 3357 ut
2891 3300 3124 3358 deiﬁcet.

2050 3394 2118 3449 In
2139 3406 2282 3449 terra
2308 3394 2687 3450 Chaldworum
2712 3392 2779 3448 ⁸⁸.
2828 3393 3117 3448 Chaldaeus
3168 3390 3550 3462 interpretatur

1979 3486 2148 3539 omnis
2176 3485 2347 3539 labor.
2384 3482 2450 3538 lli
2474 3492 2654 3539 autem
2690 3490 2819 3538 sunt
2841 3482 3098 3552 astrOIOgi
3127 3521 3144 3547 ,
3184 3481 3357 3536 fatum
3401 3497 3556 3539 asse-

1979 3585 2179 3643 rentes,
2211 3575 2444 3630 terrenis
2481 3575 2643 3629 rebus
2681 3588 2909 3643 prorsus
2967 3572 3167 3627 addicti
3198 3611 3214 3637 ,
3255 3588 3557 3643 earumque

1981 3665 2162 3720 studio
2186 3664 2374 3730 dediti,
2399 3677 2661 3719 concessa
2682 3663 2762 3716 eis
2794 3661 3016 3717 deitate.
3058 3660 3240 3715 Terra.
3268 3661 3556 3716 Chaldaeo-

1980 3775 2101 3814 rum
2128 3760 2282 3814 locus
2310 3766 2394 3813 est
2418 3766 2582 3827 atque
2606 3755 2826 3811 habitus
2866 3755 3157 3825 pessimus.
3191 3752 3333 3818 Quin
3375 3763 3432 3809 et
3460 3769 3558 3809 eo-

1982 3867 2103 3905 rum
2123 3850 2219 3923 qui
2251 3850 2308 3905 in
2331 3849 2606 3921 impietate
2629 3847 2983 3918 superbiunt,
3029 3845 3204 3918 ﬁgura
3241 3845 3559 3902 sunthal—

1983 3945 2082 4001 dari
2095 3982 2111 3998 .

2056 4028 2127 4087 Et
2151 4046 2264 4086 ecce
2295 4030 2511 4100 spiritus
2535 4028 2778 4098 auferens
2802 4027 2869 4081 ".
2900 4024 3138 4096 Spiritus
3179 4024 3432 4084 auferens
3475 4033 3561 4083 est

1987 4126 2152 4181 Deus.
2180 4122 2416 4192 Spiritus
2444 4122 2589 4175 enim
2622 4120 2785 4187 Deus,
2808 4119 3061 4174 auferens
3091 4118 3376 4173 malitiam.

2061 4216 2129 4271 Et
2160 4214 2317 4269 nubes
2367 4229 2560 4283 magna
2587 4212 2653 4266 9‘.
2691 4211 2816 4267 Haac
2847 4212 3021 4266 nubes
3052 4211 3264 4281 justitia
3292 4218 3378 4267 est
3409 4226 3425 4266 :
3461 4209 3563 4264 bo-

1991 4324 2121 4364 num
2146 4321 2340 4376 nempe
2376 4303 2523 4375 quod
2553 4319 2617 4358 ex
2642 4303 2752 4358 Deo
2778 4304 2842 4359 ad
2866 4319 2965 4360 nos
2990 4304 3266 4367 dimanat,
3317 4317 3425 4372 quo
3470 4315 3564 4355 ve-

1991 4400 2169 4455 ritatis
2187 4397 2415 4453 scientia
2449 4395 2805 4451 illustramur.
2827 4393 2963 4450 Nam
2991 4403 3047 4451 et
3084 4392 3333 4464 splendor
3360 4394 3417 4447 in
3449 4393 3559 4446 cir-

1918 4513 1963 4568 D
1991 4493 2135 4546 cuitu
2160 4491 2272 4560 ejus
2293 4491 2361 4543 ".

2064 4580 2369 4638 Similitudo
2424 4582 2579 4653 quasi
2617 4581 2810 4650 species
2859 4579 3086 4632 hominis
3114 4577 3180 4632 ’³.
3212 4576 3415 4632 Sumus
3465 4590 3566 4631 nos

1992 4674 2287 4730 similitudo
2311 4683 2547 4743 quatuor
2570 4671 2910 4726 animalium.
2943 4668 3136 4736 Quaere
3159 4683 3291 4723 vero
3314 4683 3566 4738 quamam

1995 4767 2097 4821 tria
2141 4767 2268 4821 sint.
2319 4764 2526 4819 Horum
2560 4771 2799 4832 quatuor
2839 4761 3158 4817 animalium
3182 4760 3366 4831 auriga
3392 4801 3408 4827 ,
3456 4776 3566 4815 non

1994 4868 2141 4915 totus
2167 4858 2309 4930 ignis
2334 4866 2474 4923 erat,
2498 4857 2593 4913 sed
2616 4873 2646 4911 a
2677 4854 2881 4910 lumbis
2922 4854 3178 4910 deorsum
3207 4870 3222 4919 ,
3286 4869 3317 4908 a
3365 4851 3568 4906 lumbis

1996 4966 2125 5006 VCI'O
2150 4965 2367 5006 ευτευπι
2400 4948 2684 5004 electrum.
2714 4945 2835 5000 Non
2889 4945 3034 5000 enim
3081 4960 3261 5000 sermo
3298 4952 3567 5000 tormenta

1995 5043 2173 5099 solum
2194 5041 2395 5107 habet;
2428 5041 2522 5096 sed
2549 5039 2710 5094 habet
2731 5038 2895 5093 etiam
2922 5037 3122 5106 quibus
3143 5036 3383 5105 requiem
3428 5048 3568 5103 prino

1995 5135 2143 5190 heat.
2162 5131 2326 5187 Punit
2343 5146 2474 5187 vero
2501 5146 2599 5202 per
2627 5129 2915 5184 inferiores
2932 5136 3249 5198 potestates.
3273 5123 3391 5179 Non
3421 5125 3565 5178 enim

1995 5229 2176 5300 ignem
2211 5226 2346 5282 vidit
2396 5226 2543 5280 circa
2591 5230 2796 5293 caput;
2846 5237 3025 5291 neque
3070 5221 3257 5290 auriga
3287 5234 3318 5272 a
3365 5215 3568 5271 lumbis

1996 5334 2217 5376 sursum
2250 5318 2391 5390 ignis
2413 5327 2550 5384 erat,
2587 5315 2679 5371 sed
2706 5329 2737 5370 a
2767 5313 2971 5369 lumbis
3003 5313 3279 5371 deorsum,
3302 5317 3361 5361 ut
3383 5313 3573 5361 osten-

1998 5415 2091 5469 dat
2139 5426 2235 5468 eos
2266 5410 2376 5481 ἶ(ιυί
2431 5406 2729 5464 nativitatis
2766 5414 2945 5460 ortum
3009 5403 3242 5465 habent,
3276 5397 3400 5468 igne
3430 5393 3575 5450 indi-

2002 5520 2147 5578 gere.
2173 5503 2314 5558 Sunt
2339 5501 2484 5556 enim
2510 5497 2681 5554 lumbi
2715 5493 3079 5569 generationis
3103 5488 3428 5562 symbolum.
3454 5482 3574 5540 Non

2003 5577 2179 5655 solum
2211 5604 2392 5650 autem
2423 5607 2518 5647 eos
2550 5589 2645 5660 qui
2687 5584 3023 5660 generalioni
3073 5580 3296 5636 obnoxii
3325 5586 3474 5637 sunt.
3499 5577 3577 5632 si-

395 5694 611 5793 ”‘Ime.
649 5750 734 5800 nl,
765 5735 857 5788 2|.
930 5731 976 5765 ⁸⁸
1008 5728 1200 5787 Ezecb.
1238 5744 1278 5792 ι,
1310 5727 1359 5781 1.
1437 5722 1482 5756 ⁸⁷
1518 5719 1673 5786 ibid.,
1696 5718 1748 5772 5.
1812 5714 1879 5769 ὀἳ

1980 5715 2077 5771 lm.
2103 5726 2288 5779 unt,
2323 5711 2375 5765 6.
2453 5709 2498 5740 ⁸⁹
2521 5704 2718 5761 Ezech.
2754 5721 2791 5770 ι,
2826 5705 2879 5759 5.
2957 5702 3003 5735 9°
3035 5698 3190 5767 ibid.,
3227 5698 3285 5755 4.
3360 5695 3403 5728 ’ί
3439 5694 3573 5753 ibid.

329 5798 374 5832 ⁰²
414 5809 546 5864 ibid.
621 5807 667 5840 οε
702 5798 867 5873 ibid.,
910 5801 1000 5857 ac.
