4070 6296
500 426 597 479 771
1927 422 2017 478 EX

2160 418 2362 479 lGEt‘s‘E
3661 422 3771 478 772

497 530 774 614 gniﬁcavit
811 541 953 612 quod
984 554 1012 595 a
1038 539 1237 594 lumbis
1259 537 1513 593 deorsum
1537 547 1675 606 erat,
1693 553 1879 594 verum
1907 541 2056 595 etian

2176 539 2377 610 ὀσφύος
2413 537 2519 604 ἕως
2551 539 2721 606 κάτω,
2753 539 2889 614 ἀλλὰ
2910 541 3006 595 καί⁸
3032 539 3241 603 πάντας
3268 537 3395 602 τοὺς
3423 537 3584 602 ὄντας
3612 541 3771 595 κάτω

497 650 687 690 omnes
714 634 893 704 quiin
931 632 1091 686 terris
1134 639 1423 685 versantur
1488 646 1553 685 ac
1612 635 1844 689 terrenis
1898 633 2056 688 rebus

2178 632 2275 684 καὶ
2308 632 2374 702 τῇ
2418 629 2519 703 ὕλῃ
2559 629 3035 701 πῳσπαθοῦντας.
3070 630 3291 692 Γένεσις
3321 627 3427 700 γάρ
3460 626 3556 681 καὶ
3587 627 3771 700 φθορὰ

427 710 434 717 ’
496 722 695 778 addicti
744 729 890 776 sunt.
927 719 1093 776 Ortus
1132 722 1276 774 enim
1324 720 1680 780 ctvinteritns
1735 724 1789 776 in
1848 724 2056 779 terreni:

2178 725 2237 778 έν
2265 726 2330 795 τῇ
2362 722 2462 795 ὕλῃ
2494 721 2630 776 ὲστί.
2668 723 2970 794 Ἠλεκτρον
3008 721 3066 775 δέ
3098 724 3213 775 ὲστι
3244 719 3305 772 τὸ
3327 721 3393 772 ὲκ
3422 718 3645 790 χρυσίου
3670 719 3771 773 καὶ

495 823 642 869 sunt.
670 812 940 867 Electrum
959 827 1090 867 vero
1113 813 1258 883 quod
1288 828 1424 867 auro
1458 823 1792 884 argentoque
1809 816 2056 871 contlatui

2175 816 2441 888 ἀργυρίου
2470 813 2642 886 χύμα,
2662 814 2738 876 ὼς
2764 815 2871 868 τῶν
2900 813 3245 884 τιμιωτάτων
3275 810 3478 865 τούτων
3505 811 3606 880 τῆς
3630 809 3771 883 ὕλης

495 914 753 972 tanquam
786 903 952 959 rebus
978 905 1032 958 in
1063 915 1205 960 terra
1233 905 1672 976 pretiosissimis,
1697 908 2056 976 praestantiun

2177 907 2461 978 συμϐόλων
2489 906 2657 960 ὄντων
2683 905 2792 960 τῶν
2827 906 3026 976 τιμίων
3062 904 3158 957 καὶ
3188 902 3304 957 ἄνω
3330 902 3629 974 ταγμάτων
3656 905 3771 959 τῶν

491 1010 963 1066 supernorumque
986 1006 1303 1052 sanctarum
1340 1005 1672 1067 potestatum
1690 999 1969 1069 agminum
1991 1016 2051 1056 es

2175 1000 2348 1069 άγίων
2371 998 2674 1071 δυνάμεων.

491 1083 821 1156 symbolum.

1013 1176 1192 1249 .403
1241 1178 1395 1234 CAP.
1437 1177 1501 1233 ιι.

560 1268 674 1322 Fili
730 1269 976 1334 hominis,
1011 1279 1096 1324 sta
1130 1287 1286 1340 super
1329 1271 1482 1340 pedes
1534 1281 1650 1326 tuos
1689 1271 1756 1328 ".
1793 1270 2069 1340 Quantum

492 1363 863 1426 meminimus,
888 1364 1150 1418 continue
1172 1379 1236 1419 ac
1258 1379 1356 1435 per
1400 1373 1568 1421 totam
1601 1367 1944 1437 prophetiam
2000 1366 2068 1421 ad

491 1451 830 1509 Ezechielem
856 1453 1060 1509 dicitur
1107 1472 1121 1509 :
1164 1455 1275 1509 Fili
1310 1456 1572 1522 hominis;
1608 1458 1889 1515 rarissime
1938 1474 2070 1514 vero

489 1545 555 1599 ad
579 1545 852 1600 Danielem
882 1564 897 1601 :
924 1547 1019 1617 qui
1047 1548 1287 1603 amboin
1313 1549 1628 1618 captivitate
1654 1551 1818 1620 positi
1849 1590 1865 1619 ,
1908 1562 2067 1623 typus

489 1638 785 1695 erantJesu
807 1639 1107 1697 Salvatoris
1147 1641 1262 1708 Dei,
1286 1643 1379 1712 qui
1401 1643 1467 1697 ad
1493 1659 1593 1699 nos
1615 1646 1857 1714 captivos
1878 1645 2063 1700 exivit.

2825 1179 2984 1234 ΚΕΦ.
3019 1179 3096 1233 B'.
3686 1210 3689 1213 -

2258 1270 2355 1327 Υίὲ
2398 1268 2734 1339 ἀνθρώπου,
2794 1269 2972 1338 στῆθι
3032 1269 3131 1325 ἐπί
3186 1266 3331 1336 τοὺς
3388 1265 3580 1332 πόδας
3616 1280 3759 1321 σου.

2174 1365 2336 1419 Ὅσον
2369 1364 2454 1433 ἐφ’
2502 1358 2584 1427 οἷς
2627 1362 2953 1435 μεμνήμεθα
3000 1360 3362 1432 συνεχέστατα
3408 1359 3506 1430 μὲν
3553 1359 3647 1412 καὶ
3687 1360 3760 1412 δι’

2169 1456 2297 1527 ὅλης
2314 1456 2413 1524 τῆς
2429 1454 2767 1528 προφητείας
2792 1452 2873 1518 τὺ,
2899 1451 2993 1505 Υἱὲ
3010 1450 3344 1518 ἀνθρώπου,
3374 1442 3591 1518 λέγεται
3620 1450 3759 1521 πρὸς

2167 1547 2260 1601 τὸν
2317 1540 2597 1616 Ἰεζεκιὴλ,
2652 1542 3002 1614 σπανιώτερα
3041 1541 3099 1594 δὲ
3129 1539 3265 1612 πρὸς
3303 1539 3394 1592 τὸν
3428 1539 3647 1610 Δανιὴλ,
3679 1531 3758 1592 ὧν

2166 1640 2395 1702 ἕκαστος
2426 1640 2483 1692 ὲν
2523 1640 2590 1708 τῇ
2638 1634 2987 1707 αἰχμαλωσίᾳ
3022 1632 3190 1695 τύπος
3211 1630 3286 1685 ὢν
3324 1629 3419 1684 τοῦ
3467 1631 3604 1702 πρὸς
3629 1631 3758 1693 τοὺς

2166 1728 2545 1800 αἰχμαλώτους
2578 1728 2728 1799 ἡμᾶς
2754 1723 3135 1798 ἐξεληλυθότος
3175 1720 3348 1792 Ἰησοῦ
3378 1719 3471 1775 τοῦ
3502 1720 3758 1792 Σωτῆρος

2169 1818 2328 1872 Θεοῦ.

562 1914 624 1972 Si
650 1917 785 1986 forte
811 1916 1033 1971 audiant
1062 1927 1388 1987 autpaveant
1409 1918 1477 1969 ³⁸.
1500 1915 1636 1973 Huic
1660 1916 1980 1972 dubitationi
2001 1918 2056 1973 sit

2250 1907 2394 1964 Ἐὰν
2433 1907 2550 1977 ἄρα
2590 1905 2940 1961 ἀκούσωσιν
2965 1942 2982 1969 ,
3031 1903 3070 1972 ἢ
3121 1901 3481 1971 πτοηθῶσιν.
3527 1900 3751 1971 Ὅμοιον

487 2007 619 2063 mile
651 2018 734 2063 est
763 2010 908 2078 quod
943 2018 1121 2064 exstat
1146 2011 1287 2080 apud
1321 2008 1613 2065 Jeremiam
1654 2009 1702 2042 “
1731 2027 1744 2063 :
1787 2008 1945 2063 Forte
1969 2026 2067 2063 au-

485 2100 711 2169 dient,et
735 2109 1119 2155 convertentur.
1145 2101 1376 2156 Aiebant
1406 2110 1585 2155 autem
1624 2101 1717 2171 qui
1752 2101 1867 2156 haec
1897 2115 2065 2171 expo-

489 2192 708 2258 nebant,
743 2192 887 2246 dicta
918 2193 1033 2248 haec
1065 2209 1187 2249 esse
1213 2194 1281 2248 ad
1319 2193 1632 2248 auditorum
1683 2194 2065 2264 provocandos

486 2285 722 2351 animos,
758 2299 827 2339 ne
857 2285 1013 2354 quasi
1046 2284 1159 2354 jam
1190 2283 1285 2339 Dei
1313 2295 1619 2354 occupante
1655 2285 1906 2351 scientia,
1941 2300 2064 2356 quae

487 2389 517 2427 a
550 2374 705 2429 nobis
734 2384 881 2430 recte
913 2375 998 2429 vel
1030 2375 1169 2429 male
1196 2384 1494 2446 geruntur,
1526 2391 1588 2431 ea
1625 2376 1783 2431 aliter
1804 2376 1921 2432 ﬁeri
1951 2393 2060 2433 non

488 2480 647 2534 posse
675 2481 838 2535 quam
873 2466 983 2521 sint
1005 2468 1253 2535 pra-ascita
1278 2468 1620 2533 existiment,
1671 2466 1801 2522 dum
1853 2483 2064 2525 sermo-

486 2573 582 2612 nes
605 2559 853 2613 audiunt.
891 2557 982 2614 Sic
1004 2561 1148 2614 enim
1174 2560 1395 2630 perinde
1421 2560 1826 2615 nobisliberum
1850 2570 1936 2618 est
1959 2577 2061 2616 au-

486 2649 603 2704 dire
639 2651 719 2705 vel
753 2665 859 2704 non
892 2651 1100 2717 audire,
1136 2667 1201 2706 ac
1243 2651 1289 2707 si
1316 2649 1458 2706 Deus
1505 2664 1613 2706 non
1648 2651 2010 2721 praescivisset
2041 2671 2057 2707 :

483 2756 609 2796 cum
637 2742 790 2796 liberi
822 2742 1033 2797 arbitrii
1070 2744 1239 2798 nostri
1268 2742 1348 2799 vis
1370 2757 1471 2798 nec
1486 2742 1664 2797 minor
1684 2759 1750 2797 ex
1769 2744 2060 2813 praescien-

485 2833 558 2889 tia
588 2834 794 2898 divina,
819 2850 918 2890 ncc
959 2834 1133 2904 major
1169 2850 1235 2890 ex
1276 2850 1382 2891 non
1402 2835 1744 2906 prtescientia
1764 2834 1879 2892 ﬁat.

502 3090 503 3093 η
556 3015 829 3085 Ejusdem.
868 3015 1063 3072 Tutius
1091 3031 1191 3087 pro
1220 3024 1464 3086 paveant,
1495 3017 1768 3073 diceretur
1795 3016 2052 3072 desint-ut.

485 3103 761 3174 Scriptum
792 3114 872 3161 est
896 3117 1077 3162 autem
1107 3107 1212 3161 hoc
1243 3107 1385 3174 loco,
1407 3117 1651 3175 paveant,
1692 3108 1759 3162 de
1796 3108 1905 3164 illis
1960 3109 2055 3178 qui

2164 1998 2339 2071 τούτῳ
2365 1999 2443 2069 τῷ
2464 1995 2796 2068 διστακτικῷ
2816 1998 2934 2049 ἐστι
2966 1993 3027 2047 τὸ
3051 1996 3109 2047 έν
3137 1994 3214 2065 τῷ
3257 1992 3497 2065 Ἱερεμίᾳ
3514 2009 3527 2022 ·
3568 1994 3750 2057 Ἴσως

2163 2094 2553 2159 ἀκούσονται,
2604 2090 2704 2145 καί
2741 2088 3238 2160 μετανοήσονται.
3294 2087 3515 2154 Ἔλεγον
3557 2085 3614 2137 δὲ
3643 2085 3747 2137 κὰ-

2164 2188 2318 2240 κεῖνα
2346 2183 2714 2256 διηγούμενοι,
2746 2184 2830 2237 ὅτι
2849 2181 3021 2236 ταῦτα
3058 2181 3199 2251 ὑπὲρ
3229 2179 3541 2252 προτροπῆς
3560 2176 3748 2243 λέγον-

2162 2296 2253 2334 ται
2293 2276 2402 2330 τῶν
2441 2275 2771 2339 ἀκουόντων,
2822 2274 2911 2350 ἵνα
2951 2271 3027 2345 μὴ
3057 2271 3276 2335 δοκῶσι,
3338 2268 3748 2342 προκατειλημο

2166 2371 2342 2443 μένων
2365 2367 2469 2422 ὑπὸ
2495 2367 2598 2437 τῆς
2627 2365 2720 2419 τοῦ
2755 2363 2888 2418 Θεοῦ
2915 2361 3165 2433 γνώσεως
3197 2362 3305 2415 τῶν
3337 2362 3426 2431 ὑφ’
3457 2359 3612 2431 ἡμῶν
3636 2375 3749 2430 χει-

2166 2464 2333 2536 ρόνων
2375 2459 2409 2532 ἢ
2445 2458 2770 2531 κρειττόνων
2795 2497 2811 2524 ,
2853 2456 2930 2530 μὴ
2975 2454 3198 2511 δυνατὸν
3241 2451 3381 2507 εἶναι,
3413 2452 3473 2505 τὸ
3504 2450 3748 2505 ἐναντίον

2160 2553 2275 2608 τῶν
2310 2550 2780 2625 προεγνωσμένων
2807 2547 3085 2618 γενέσθαι,
3129 2547 3418 2608 ἀκούοντες
3450 2545 3558 2597 τῶν
3587 2542 3748 2610 λεγο-

2157 2646 2360 2718 μένων.
2419 2642 2576 2697 Οὕτω
2605 2642 2716 2714 γὰρ
2752 2642 2950 2712 ἐπίσης
2984 2641 3069 2712 ἐφ’
3109 2642 3240 2712 ἡμῖν
3268 2640 3380 2691 ἐστι
3410 2636 3473 2689 τὸ
3496 2634 3743 2700 ἀκούειν,

2160 2735 2342 2790 καὶτὸ
2366 2733 2439 2806 μὴ
2470 2731 2711 2799 ἀκούειν,
2745 2732 2877 2785 ὡσεὶ
2935 2732 3031 2785 καὶ
3067 2730 3144 2802 μὴ
3174 2726 3512 2801 προεγνώκει
3542 2727 3572 2778 ὁ
3609 2725 3744 2788 Θεὸς

2160 2827 2284 2882 οὔτε
2313 2827 2594 2889 ἐλάττονος
2623 2825 2915 2895 γενομένου
2952 2824 3037 2893 ἐφ’
3087 2824 3215 2894 ἡμῖν
3245 2820 3332 2874 διὰ
3369 2820 3429 2874 τὸ
3461 2834 3743 2890 προεγνω-

2160 2920 2315 2975 κέναι
2351 2918 2534 2983 αὑτὸν,
2578 2918 2702 2972 οὔτε
2734 2917 2998 2981 πλείονος,
3033 2919 3082 2970 εἰ
3118 2915 3192 2987 μὴ
3224 2912 3584 2988 προεγνώκει.

2234 3012 2346 3068 Τοῦ
2385 3010 2594 3067 αὐτοῦ.
2649 3009 3076 3082 Ἀσφαλέστερον
3122 3009 3188 3062 ἂν
3230 3008 3438 3076 λέγοιτο
3479 3004 3597 3059 ἀντὶ
3637 3000 3734 3055 τοῦ

2157 3104 2480 3173 πτοηθῶσι,
2505 3103 2868 3158 κοπάσουσι.
2908 3103 3174 3156 Τέτακται
3206 3100 3263 3154 δὲ
3285 3099 3374 3166 τὸ,
3400 3094 3733 3166 πτυηθῶσιν

487 3194 688 3250 divinis
722 3196 967 3252 oraculis
990 3208 1296 3261 moventur,
1318 3206 1372 3252 et
1402 3213 1432 3252 a
1472 3212 1667 3267 pavore
1690 3213 1851 3268 quem
1895 3213 1926 3254 e
1968 3198 2055 3254 di-

2160 3196 2394 3252 ὲνταῦθα
2426 3196 2519 3250 ἐπὶ
2550 3196 2657 3252 τῶν
2686 3197 2794 3251 ἀπὸ
2846 3195 3044 3265 λογίων
3085 3194 3244 3249 θείων
3282 3189 3607 3260 κινουμένων
3635 3185 3733 3240 καὶ

483 3287 588 3342 etis
621 3298 1011 3359 conceperunt,
1040 3289 1108 3345 ad
1132 3290 1378 3344 timorem
1410 3287 1504 3344 Dei
1542 3297 1847 3345 transeunt.
1892 3291 2055 3346 Aliud

485 3386 668 3432 autem
698 3380 1121 3434 existimandum
1172 3390 1255 3435 est
1301 3379 1599 3450 signiﬁcari
1629 3381 1734 3435 hoc
1761 3381 1930 3436 verbo
1948 3395 2058 3453 pa-

482 3476 658 3532 veant,
683 3484 845 3538 quam
881 3468 934 3523 id
971 3468 1115 3539 quod
1156 3471 1222 3523 de
1249 3484 1446 3539 pavore
1476 3470 1681 3525 dicitur
1730 3485 1760 3524 a
1813 3469 2015 3528 Graecis
2037 3512 2052 3538 ,

482 3556 579 3628 qui,
602 3557 752 3612 illum
783 3573 906 3615 esse
934 3559 1204 3614 deﬁniunt
1230 3559 1483 3615 humanae
1515 3561 1713 3617 animae
1738 3561 2013 3617 aﬂ‘ectum.

555 3740 624 3795 Et
644 3742 700 3795 in
720 3758 783 3796 ea
812 3741 1107 3812 capitulum
1137 3742 1262 3797 libri
1281 3744 1343 3797 ’7.
1376 3742 1564 3800 Divina
1597 3745 1784 3812 verba,
1820 3745 1965 3815 quod
1987 3760 2055 3801 ex

483 3843 637 3904 parte
669 3834 799 3901 sint,
832 3842 885 3889 et
909 3833 1254 3911 brevissima,
1284 3836 1329 3889 si
1373 3850 1497 3890 cum
1530 3844 1646 3892 toto
1681 3852 1932 3892 sermone
1966 3845 2052 3891 at-

391 3983 396 3987 _
479 3942 588 3995 que
611 3928 761 3981 omni
807 3926 1072 3999 sapientia
1114 3925 1489 3995 conferantur,
1518 3943 1626 3982 non
1658 3927 1814 3994 liber,
1862 3927 1956 3982 sed
1988 3926 2057 3981 li-

484 4019 569 4073 bri
601 4019 899 4087 capitulum
950 4018 1223 4089 quoddam
1274 4011 1403 4073 dicti
1452 4027 1599 4074 sunt.
1630 4017 1786 4083 Quod
1812 4018 1941 4073 item
1997 4018 2053 4073 in

482 4109 701 4179 psalmo
720 4110 950 4164 habetur
973 4110 1021 4143 ’°
1049 4132 1061 4166 :
1116 4109 1185 4164 In
1225 4111 1396 4181 capite
1442 4109 1568 4163 libri
1598 4110 1856 4180 scriptum
1879 4118 1957 4164 est
1990 4109 2055 4164 de

485 4218 585 4266 me,
616 4200 791 4256 simile
822 4202 1097 4272 quidpiam
1133 4203 1419 4271 signiﬁcat.
1474 4199 1592 4258 Non
1621 4212 1800 4259 tamen
1844 4204 1938 4274 qui
1985 4203 2052 4258 ad

481 4293 760 4346 dexteram
789 4300 873 4347 est
895 4294 1132 4349 sedentis
1161 4295 1216 4348 in
1253 4297 1469 4364 throno,
1497 4296 1622 4350 libri
1642 4303 1805 4365 caput
1831 4294 2051 4361 dicitur,

483 4382 575 4438 sed
605 4380 736 4436 liber
754 4384 981 4452 scriptus
1004 4386 1148 4439 intus
1178 4394 1226 4439 et
1253 4387 1405 4452 foris.
1440 4387 1847 4453 Verumtamen,
1878 4385 2056 4455 inquit

479 4470 720 4529 Joannes
763 4474 832 4538 θ’,
889 4490 1038 4529 nemo
1074 4484 1283 4542 poterat
1339 4496 1502 4550 neque
1528 4479 1583 4532 in
1613 4479 1774 4542 ctelo,
1810 4494 1970 4548 neque
1999 4477 2054 4530 in

2154 3289 2444 3343 ὁδευόντων
2483 3290 2549 3342 ὲκ
2585 3286 2679 3341 τοῦ
2722 3288 3000 3341 πτοεῖσθαι
3042 3288 3101 3341 έν
3134 3288 3246 3348 τοῖς
3296 3280 3606 3354 εἰρημένοις
3641 3276 3737 3331 καὶ

2155 3380 2248 3434 ἐπὶ
2277 3380 2338 3434 τὸ
2368 3379 2672 3450 φοϐηθῆναι
2699 3379 2789 3433 τὸν
2820 3378 2972 3433 Θεόν.
3006 3379 3120 3432 Καὶ
3144 3376 3270 3431 ἄλλο
3297 3391 3362 3444 γε
3392 3372 3619 3444 ἡγητέον
3651 3371 3738 3422 ὲν-

2154 3470 2333 3526 ταῦθα
2366 3470 2726 3543 σημαίνεσθαι
2759 3471 2866 3525 ἀπὸ
2904 3470 3000 3525 τοῦ
3029 3467 3329 3536 πτοηθῶσι
3362 3464 3511 3537 παρὰ
3538 3463 3600 3516 τὸ
3629 3460 3739 3514 ὑπὸ

2153 3567 2262 3621 τῶν
2298 3566 2564 3639 Ἐλλήνων
2588 3565 2879 3636 λεγόμενον
2905 3563 3012 3618 ὑπὸ
3048 3566 3147 3635 τῆς
3171 3561 3362 3625 πτοίας
3399 3554 3735 3629 ὁριζομένων

2154 3659 2325 3732 αὐτὴν
2357 3658 2647 3732 ἀνθρώπου
2677 3656 2856 3728 ψυχῆς
2883 3655 3074 3718 πάθος.

2226 3752 2337 3806 Καὶ
2359 3751 2430 3805 ἐν
2457 3749 2613 3819 αὑτῇ
2641 3747 2895 3819 κεφαλὶς
2916 3748 3179 3813 βιϐλίου.
3210 3747 3274 3800 Ol.
3298 3744 3432 3798 θεῖοι
3456 3742 3625 3810 λόγοι,
3646 3737 3736 3792 διὰ

2153 3842 2215 3897 τὸ
2244 3845 2309 3896 ὲκ
2342 3841 2539 3915 μέρους
2564 3836 2704 3894 εἶναι
2737 3841 2831 3894 καὶ
2862 3839 3132 3909 ἐλάχιστοι
3164 3837 3447 3909 συγκρίσει
3486 3834 3582 3889 τοῦ
3609 3833 3734 3886 ὅλου

2153 3935 2313 4004 λόγου
2336 3934 2430 3988 καὶ
2460 3934 2560 4005 τῆς
2582 3932 2762 4002 πάσης
2792 3931 3005 4000 σοφίας,
3040 3931 3100 3984 οὐ
3127 3929 3348 4001 βιϐλίον,
3376 3927 3514 3982 ἀλλά
3533 3943 3618 3989 τις
3645 3942 3738 3979 κε-

2156 4025 2314 4096 φαλὶς
2355 4024 2558 4095 βιϐλίου
2589 4024 2826 4097 εἴρηται.
2863 4021 2974 4074 Καὶ
3011 4023 3067 4074 ὲν
3106 4019 3373 4089 Ψαλμοῖς
3409 4018 3467 4071 δὲ
3499 4016 3596 4070 τόο
3639 4016 3737 4071 Ἐν

2154 4115 2431 4185 κεφαλίδι
2461 4115 2707 4181 βιϐλίου
2736 4111 3058 4183 remaneat
3092 4110 3227 4179 περί
3255 4108 3423 4179 ἐμοῦ,
3456 4107 3518 4161 τὸ
3548 4108 3734 4177 ὅμοιον

2154 4207 2321 4280 δηλοῖ.
2370 4207 2565 4261 Οὐκέτι
2599 4207 2657 4261 δὲ
2689 4206 2916 4278 κεφαλὶς
2951 4203 3152 4275 βιϐλίου
3181 4201 3397 4271 λέγεται
3430 4199 3490 4257 τὸ
3511 4199 3606 4257 ἐπὶ
3629 4202 3730 4272 τὴν

2153 4298 2332 4363 δεξιὰν
2359 4298 2452 4352 τοῦ
2481 4297 2797 4371 καθημένου
2845 4297 2941 4352 ἐπὶ
2971 4295 3062 4349 τὸν
3089 4294 3296 4369 θρόνον,
3327 4293 3462 4351 ἄλλά
3484 4295 3732 4361 βιϐλίον

2155 4390 2562 4461 γεγραμμένον
2600 4390 2830 4445 ἔσωθεν
2860 4390 2957 4444 καί
2988 4391 3257 4444 ὄπισθεν.
3301 4388 3372 4441 Π)
3385 4388 3449 4459 ἡν
3471 4403 3486 4419 ο
3522 4384 3732 4451 Οὐδείς

2157 4479 2449 4547 ἠδύνατο,
2490 4481 2656 4551 φησὶν
2690 4483 2718 4534 ὁ
2761 4482 3034 4553 Ἰωάννης,
3080 4482 3219 4535 οὔτε
3265 4480 3337 4534 ἐν
3365 4478 3444 4545 τῷ
3476 4476 3728 4547 οὐρανῷ,

483 4577 645 4633 terra,
670 4582 834 4637 neque
863 4564 1045 4619 subtus
1076 4575 1271 4620 terram
1295 4571 1498 4638 aperire
1527 4569 1723 4623 librum
1749 4569 1926 4634 illum,
1959 4584 2052 4622 ne-

2160 4569 2291 4622 οῠτε
2313 4569 2413 4621 ἐπὶ
2440 4568 2548 4636 τῆς
2573 4569 2706 4639 γῆς,
2736 4571 2874 4625 οὔτε
2905 4571 3182 4627 ὑποκάτω
3206 4570 3316 4640 τῆς
3332 4571 3466 4642 γῆς,
3494 4570 3732 4635 ἀνοῖξαι

481 4675 577 4730 que
600 4658 771 4713 videre
791 4673 932 4725 eum,
974 4658 1080 4713 nisi
1126 4657 1270 4713 solus
1298 4659 1387 4714 ille
1413 4661 1504 4729 qui
1531 4662 1652 4715 vicit
1680 4659 1760 4714 leo
1810 4657 1874 4713 de
1910 4658 2052 4712 tribu

480 4750 646 4815 Juda,
672 4750 827 4805 radix
865 4749 1058 4806 David.
1087 4748 1229 4816 Quin
1282 4759 1337 4805 et
1394 4750 1541 4805 aliud
1574 4752 1871 4822 capitulum
1925 4752 2052 4807 libri

388 4886 393 4891 .
483 4842 742 4910 scriptum
771 4843 1073 4898 comedisse
1127 4839 1390 4897 Joannem
1423 4842 1666 4899 invenies
1703 4844 1756 4897 in
1780 4844 2052 4917 Apocalyo

481 4931 586 5000 psi.
614 4930 733 4985 Non
767 4934 910 4987 enim
939 4935 1060 5004 plus
1094 4950 1255 5006 quam
1287 4934 1584 5006 capitulum
1638 4935 1924 4992 comedere
1952 4950 2052 5007 po-

483 5031 590 5079 test
619 5023 855 5079 ltumana
884 5032 1101 5083 natura.

554 5206 622 5262 Et
644 5209 846 5279 scripta
872 5217 1023 5263 erant
1050 5208 1105 5263 in
1133 5225 1192 5264 eo
1220 5208 1529 5265 lamentatio
1542 5218 1592 5265 et
1612 5227 1825 5266 carmen
1849 5212 1891 5266 ’.
1915 5209 2049 5268 Car-

479 5316 596 5354 men
625 5299 842 5369 quidem
870 5301 1105 5368 sanctis;
1134 5299 1443 5355 lamentatio
1471 5318 1600 5358 vcro
1649 5303 1718 5359 iis
1749 5304 2050 5373 peccatori-

482 5392 606 5461 bus,
630 5408 864 5463 quorum
885 5410 996 5449 non
1020 5395 1092 5450 sit
1112 5396 1395 5467 desperata
1422 5396 1608 5466 salus;
1633 5412 1708 5453 vt:
1737 5398 1955 5453 demum
1983 5398 2048 5456 iis

477 5484 573 5555 qui
599 5488 912 5556 punientur.

2183 4658 2246 4710 τὸ
2280 4657 2526 4722 βιϐλίον
2559 4660 2774 4726 ἐκεῖνο,
2804 4663 2943 4716 οὔτε
2963 4664 3219 4728 βλέπειν
3236 4663 3404 4727 αὐτὸ,
3446 4666 3499 4717 εὶ
3513 4661 3599 4730 μὴ
3618 4663 3733 4732 μό-

2161 4767 2273 4805 νον
2294 4754 2326 4805 ό
2356 4751 2610 4819 νικήσας
2633 4751 2788 4808 λέων
2821 4755 2891 4809 ἐκ
2923 4753 3029 4823 τῆς
3048 4756 3250 4825 φυλῆς
3289 4754 3505 4818 Ἰούδα,
3534 4756 3574 4823 ἡ
3600 4752 3734 4822 ῥίζα

2160 4839 2361 4894 Δαυίδ.
2403 4841 2513 4895 Καὶ
2542 4841 2709 4913 ἄλλην
2735 4842 2793 4895 δὲ
2819 4844 3078 4912 κεφαλίδα
3111 4843 3315 4914 βιϐλίου
3337 4842 3732 4912 γεγραμμένην

2161 4929 2414 5001 εὑρήσεις
2458 4931 2516 4984 ἐν
2557 4933 2623 5002 τῇ
2673 4931 3080 5000 Ἀποκαλύψει
3114 4930 3205 4987 τὸν
3270 4932 3520 5003 Ἰωάννην
3574 4947 3733 4984 κατε-

2163 5018 2412 5073 σθίοντα·
2468 5021 2648 5076 πλεῖον
2697 5021 2807 5093 γάρ
2850 5023 3133 5092 κεφαλίδος
3169 5024 3231 5078 οὐ
3262 5026 3431 5094 χωρεῖ
3470 5026 3665 5092 φαγεῖν
3696 5023 3731 5093 ἡ

2156 5111 2470 5186 ἀνθρώπεια
2507 5114 2689 5184 φύσις.

2225 5227 2336 5281 Καὶ
2369 5227 2692 5297 ἐγέγραπτο
2728 5227 2799 5281 ἐν
2828 5226 2983 5297 αὐτῇ
3003 5227 3224 5297 θρῆνος
3249 5227 3348 5281 καὶ
3375 5227 3583 5297 μέλος.
3616 5225 3733 5281 Μέ-

2152 5318 2244 5382 λος
2277 5319 2376 5389 μὲν
2405 5323 2513 5383 τοῖς
2540 5320 2716 5390 ἁγίοις
2734 5361 2748 5385 ,
2791 5318 2984 5392 θρῆνος
3017 5322 3073 5375 δὲ
3104 5323 3218 5385 τοῖς
3246 5322 3346 5375 οὐκ
3376 5317 3733 5388 ἀπεγνωσμέ-

2155 5426 2267 5473 νοις
2312 5408 2418 5464 τῶν
2471 5411 2870 5483 ἡμαρτηκότων
2888 5427 2903 5441 °
2985 5411 3120 5468 οὐαί
3170 5410 3227 5464 δὲ
3300 5412 3412 5473 τοῖς
3463 5406 3730 5478 κολασθη-

2160 5501 2427 5571 σομένοις.

548 5753 601 5841 ’1
630 5753 822 5841 Ezecli.
851 5774 913 5841 ιι,
945 5761 998 5813 l.
1069 5761 1277 5841 'fnibid.
1307 5762 1361 5829 2,
1386 5763 1438 5817 5.
1507 5763 1556 5797 ⁸⁸
1593 5762 1793 5819 Jerem.
1833 5780 1978 5833 χχιιι,
2032 5765 2056 5819 5

2161 5766 2205 5799 ’⁷
2231 5765 2423 5825 Ezccli.
2460 5784 2520 5835 ιι,
2551 5770 2635 5825 l9.
2713 5768 2759 5802 ’⁸
2787 5767 2931 5826 Psal.
2994 5783 3225 5833 xxxvnt,
3252 5767 3305 5822 9.
3390 5769 3436 5801 θ’
3462 5771 3629 5841 Apoc.
3662 5780 3725 5832 ν.

482 5820 532 5889 ι,
569 5823 625 5877 3.
701 5826 716 5856 ¹
751 5820 947 5882 Ezecb.
980 5844 1041 5893 ιι,
1075 5830 1159 5885 10.
