4070 6296
257 380 352 432 775

907 499 1064 554 ΚΕΦ.
1094 498 1170 553 Γθ.

316 594 418 649 Kal
447 592 711 662 ἐψώμισέ
720 608 798 662 με
817 592 936 661 τὴν
956 590 1268 662 κεφαλίδα.
1299 589 1576 644 Ἐντεῦθεν
1592 587 1824 660 μάλιστα

253 685 420 753 δῆλον,
474 685 556 737 ὅτι
600 682 783 736 πλεῖον
819 684 921 754 τῆς
963 682 1249 753 κεφαλίδος
1281 683 1343 734 οὐ
1372 682 1541 752 χωρεῖ
1572 678 1822 750 φαγείνὴ

251 775 550 848 ἀνθρωπίνη
584 774 765 844 φύσις,
793 776 887 828 καὶ
912 774 1085 829 ταῦτα
1109 774 1214 827 ὑπὸ
1241 773 1341 843 τῆς
1364 772 1546 845 χειρὸς
1565 771 1660 825 τοῦ
1687 770 1823 824 Θεοῦ

251 862 613 932 ψωμιζομένη.
672 862 731 916 '0
776 862 1026 933 μέντοιγε
1070 861 1263 915 ἐσθίων
1295 861 1498 933 ταύτην
1525 861 1625 933 τὴν
1655 878 1825 930 κεφαο

246 953 373 1016 λίδα,
402 952 717 1022 άνειλούσης
741 953 911 1023 αὐτὴν
940 953 1038 1023 τῆς
1076 952 1445 1022 ἐκτεταμένης
1478 951 1659 1023 χειρὸς
1687 951 1823 1023 πρὸς

244 1047 326 1099 τὸν
356 1044 625 1108 ἐσθίοντα,
651 1045 883 1114 φάγεται
916 1045 1084 1115 αὐτήν
1100 1062 1114 1075 ·
1147 1044 1236 1098 ἵνα
1259 1044 1345 1098 διὰ
1367 1044 1471 1115 τῆς
1496 1043 1825 1114 ἀνειλήσεως

246 1138 332 1207 τῆς
376 1137 665 1206 κεφαλίδος
707 1137 825 1201 ἐνὸς
859 1137 1088 1190 ἑκάστου
1123 1136 1233 1189 τῶν
1265 1134 1732 1206 ἐγγεγραμμένων
1766 1136 1824 1187 ἐν

243 1229 365 1299 αὐτῇ
395 1229 773 1300 ἀντιλάϐηται,
816 1230 908 1282 καὶ
926 1270 940 1293 ,
976 1229 1401 1300 μασσησάμενος
1431 1227 1530 1299 τὴν
1557 1226 1825 1295 κεφαλίδα

244 1318 326 1372 καὶ
356 1319 452 1391 τὴν
482 1320 760 1392 ἀνείλησιν
795 1319 966 1390 αὐτῆς
1002 1321 1179 1374 πάντα
1211 1319 1352 1392 λάϐῃ
1387 1322 1468 1383 εἰς
1499 1319 1600 1388 τὴν
1630 1317 1824 1390 νοητὴν

242 1409 395 1463 αὐτοῦ
423 1412 635 1465 κοιλίαν
664 1412 732 1465 τὰ
765 1414 1192 1485 ἐγγεγραμμένα
1215 1415 1277 1466 οὐ
1303 1412 1462 1481 μόνον
1492 1411 1821 1484 ἔμπροσθεν,

240 1501 365 1556 ἀλλὰ
395 1503 489 1556 καὶ⁵
513 1503 760 1558 ὄπισθεν.
789 1505 1014 1576 Νομίζω
1042 1506 1099 1558 δὲ
1131 1505 1220 1559 διὰ
1256 1505 1355 1577 μὲν
1386 1505 1494 1559 τῶν
1514 1505 1824 1578 ἔμπροσθεν

235 1594 328 1665 τῆς
357 1595 651 1663 κεφαλίδος
663 1596 954 1666 δηλοῦσθαι
973 1597 1041 1650 τά
1070 1596 1456 1670 προηγούμενα
1480 1597 1592 1651 τῶν
1618 1597 1824 1667 δογμά-

236 1701 356 1750 των,
381 1685 474 1739 ml.
503 1685 577 1739 τά
612 1688 869 1759 περὶτῶν
896 1689 1087 1757 άγίων,
1116 1689 1210 1742 καὶ
1242 1688 1311 1742 τὰ
1339 1690 1468 1760 περὶ
1502 1687 1611 1742 τῶν
1642 1689 1823 1757 ἀπαγ-

234 1777 418 1843 γελιῶν
439 1819 454 1843 ,
497 1780 595 1833 καὶ
634 1780 972 1847 ἁπαξαπλῶς
1009 1781 1076 1835 τά
1116 1782 1243 1853 περὶ
1273 1781 1381 1835 τῶν
1417 1780 1702 1853 μακαρίων
1730 1781 1822 1833 καὶ

1428 375 1741 433 εειιεατιι
1774 374 1839 428 ΙΝ
1880 371 2330 431 EZECHIELEM.

3405 373 3512 429 ΤΗ

2585 487 2739 544 ΟΑΡ.
2776 484 2862 543 Ill.

1998 582 2068 637 Et
2085 582 2277 637 cibavit
2297 596 2377 635 me
2393 579 2624 648 capitulo
2641 582 2682 632 '.
2700 577 2840 633 Hinc
2863 575 3099 631 maxime
3130 575 3299 646 liquet
3318 574 3513 631 buma-

1926 690 2052 729 nam
2069 683 2319 728 naturam
2339 671 2475 726 nihil
2498 670 2730 740 amplius
2746 668 3032 724 comedere
3045 683 3205 738 posse
3229 684 3390 737 quam
3416 683 3512 723 ca-

1927 767 2178 834 pitulum,
2193 765 2339 836 quod
2356 764 2533 833 ipsum
2550 762 2642 816 Dei
2660 776 2855 816 manus
2870 760 3174 814 vorandum
3192 759 3390 813 tradat.
3406 758 3512 826 Qui

1925 861 2070 914 enim
2088 858 2254 931 509
2269 870 2399 912 vero
2415 855 2649 910 comedit
2665 854 2818 919 illud,
2836 853 3119 908 evolvente
3146 849 3325 921 ipsum
3348 865 3514 907 manu

1925 951 2248 1007 etoﬂerente
2263 948 2521 1015 comedit,
2541 957 2601 1002 ut
2617 947 2734 1016 ejus
2746 945 2959 1001 scilicet
2975 943 3285 999 evolutione
3302 944 3511 1014 singula

1924 1058 2153 1114 quaeque
2190 1044 2245 1097 in
2277 1058 2343 1096 eo
2372 1043 2573 1111 scripta
2618 1039 2902 1110 percipiat,
2939 1037 3313 1105 mandensque
3357 1037 3511 1106 capi-

1927 1132 2122 1199 tulum,
2151 1133 2438 1202 ipsumque
2470 1129 2792 1193 evolvendo,
2832 1136 3029 1185 cuncta
3076 1128 3132 1181 in
3175 1142 3242 1182 eo
3291 1137 3513 1182 exarata

1927 1238 2034 1275 non
2081 1223 2258 1277 solum
2294 1232 2441 1289 ante,
2487 1237 2679 1277 verum
2727 1221 2889 1276 etiam
2932 1228 3077 1275 retro
3113 1219 3169 1274 in
3216 1218 3513 1288 spiritalem

1927 1322 2177 1368 ventrem
2250 1314 2498 1383 recipiat.
2565 1312 2817 1367 Arbitror
2870 1320 3090 1375 autem,
3149 1324 3246 1380 per
3294 1309 3516 1379 capituli

1927 1408 2146 1476 quidem
2216 1407 2486 1460 anteriora
2554 1404 2847 1476 signiﬁcari
2907 1403 3177 1473 praecipua
3229 1402 3515 1472 dogmata,

1927 1497 2051 1550 item
2117 1511 2239 1566 quae
2302 1496 2371 1549 ad
2434 1503 2676 1561 sanctos,
2723 1502 2779 1547 et
2833 1492 3246 1563 promissiones,
3299 1507 3514 1546 necnon

1924 1605 2046 1658 qua:
2088 1589 2153 1643 all
2187 1589 2377 1643 beatos
2411 1601 2711 1657 eorumque
2739 1585 2863 1640 vitae
2894 1584 3290 1639 institutionem
3330 1598 3395 1638 ac
3431 1583 3515 1636 di-

1925 1680 2209 1749 sciplinam
2260 1686 2540 1748 spectant;
2586 1691 2683 1747 per
2724 1674 3029 1747 posteriora
3075 1688 3227 1738 vero,
3274 1687 3398 1742 quae
3444 1671 3514 1725 ad

1924 1772 2251 1839 puniendos,
2295 1785 2360 1825 ac
2394 1770 2615 1824 modum
2667 1767 2947 1823 cruciatus
2988 1780 3177 1820 eorum
3215 1764 3513 1835 pertinent,

232 1869 323 1940 τῆς
355 1869 697 1942 διεξαγωγῆς
736 1872 830 1925 τοῦ
863 1873 960 1944 ζῇν
985 1873 1164 1927 αὐτῶν
1183 1890 1198 1903 ο
1253 1872 1340 1927 διὰ
1368 1873 1425 1926 δέ
1452 1873 1561 1927 τῶν
1601 1871 1820 1926 ὄπισθεν

1928 1859 2008 1913 vel
2042 1873 2164 1928 qua:
2187 1859 2240 1912 in
2272 1873 2454 1912 rerum
2486 1856 2763 1912 creatione
2802 1865 3094 1910 consecuta
3136 1863 3267 1909 sunt
3297 1870 3359 1910 ea
3391 1870 3515 1926 quae

233 1960 297 2013 τὲι
327 1963 456 2034 ’περὶ⁹
482 1963 595 2016 τῶν
627 1963 1004 2036 κολαζομένων
1036 1965 1130 2019 καὶ
1164 1964 1259 2018 τοῦ
1295 1965 1495 2037 τρόπου
1527 1964 1628 2035 τῆς
1662 1962 1825 2017 κολάς-

236 2068 366 2117 σεως
389 2054 576 2107 αὐτῶν
610 2056 708 2112 καὶ
733 2055 842 2110 τῶν
875 2057 1432 2128 ἐπακολουθησάντων
1461 2058 1519 2110 ἐν
1545 2057 1611 2126 τῇ
1646 2055 1823 2108 κτίσει

232 2144 343 2206 τοῖς
383 2146 818 2217 προηγουμένως
860 2148 1271 2218 γεγενημένοις.
1318 2145 1428 2198 Καὶ
1465 2142 1722 2212 δηλοῦται
1755 2142 1826 2198 τά

235 2232 329 2303 μὲν
358 2236 751 2308 προηγούμενα
783 2238 877 2291 καὶ
907 2237 978 2292 τὰ
1012 2236 1321 2309 ἔμπροσθεν
1344 2235 1434 2289 διὰ
1470 2236 1565 2289 τοῦ
1598 2235 1815 2306 μέλους,

230 2321 295 2375 τὰ
322 2324 381 2377 δὲ
411 2324 577 2380 λοιπὰ
615 2322 713 2380 aut
734 2324 830 2379 τοῦ
872 2326 1071 2398 θρήνου
1118 2327 1213 2381 καὶ
1242 2325 1337 2380 τοῦ
1366 2326 1509 2380 οὐαί.
1551 2326 1692 2389 Τοὺς
1725 2326 1822 2396 μὲν

228 2410 318 2470 οὖν
350 2418 413 2470 ἐν
451 2419 816 2490 ἁμαρτήμασι
849 2420 1174 2489 γενομένους
1194 2419 1288 2472 καὶ
1316 2418 1492 2487 πάντη
1521 2416 1825 2471 ἁποπεσόν-

225 2520 323 2567 τας
340 2504 454 2558 τῶν
483 2507 583 2578 τῆς
620 2508 894 2579 σωτηρίας
925 2507 1213 2578 δογμάτων
1239 2505 1553 2579 θρηνεῖσθαι
1585 2504 1825 2575 ύπολαμ⁸

226 2595 378 2649 ϐἁνω
400 2613 415 2627 ο
454 2597 519 2649 τὸ
538 2598 595 2651 δὲ
618 2599 775 2669 μέλος
798 2597 1238 2667 ἀπαγγέλλεσθαι
1274 2599 1388 2660 τοῖς
1422 2596 1732 2667 μακαρίοιςο
1761 2596 1823 2648 τὸ

222 2685 304 2749 δέ,
352 2686 502 2749 οὐαὶ,
548 2692 661 2751 τοῖς
696 2689 879 2742 τέλεον
925 2688 1261 2743 ἀποπεσοῦσι
1299 2687 1394 2741 τοῦ
1443 2685 1819 2759 μακαρισμοῦ.

221 2777 466 2829 Δύναται
499 2778 593 2830 καὶ
616 2778 787 2842 οὕτως
808 2780 1064 2848 γεύεσθαι
1085 2780 1180 2833 καὶ
1201 2782 1230 2832 ὁ
1255 2781 1312 2832 ἐν
1333 2776 1532 2848 γνώσει
1564 2777 1658 2832 τοῦ
1685 2776 1824 2841 ζῶν-

225 2877 321 2932 τος
351 2867 523 2939 ἄρτου
555 2868 651 2921 τοῦ
679 2872 743 2922 ἐκ
767 2869 862 2922 τοῦ
888 2870 1119 2941 ούρανοῦ
1153 2870 1592 2941 καταϐεϐηκότος
1626 2885 1821 2939 γεγευ-

228 2961 416 3031 μένος,
454 2960 617 3014 ὁπότε
652 2960 944 3034 θρηνηθεὶς
985 2961 1131 3028 ἄξιος
1160 2959 1410 3031 γενέσθαι
1446 2959 1540 3014 τοῦ
1578 2978 1818 3032 μακαρι-

226 3050 392 3123 σμοῦ.
436 3052 546 3105 Καὶ
578 3055 606 3106 ό
641 3054 738 3122 μὲν
765 3048 857 3105 οὖν
880 3051 1172 3105 Θεοδοτίων
1195 3050 1503 3113 ἀκολούθως
1541 3053 1654 3114 τοῖς
1699 3050 1819 3104 Ἐϐ-

227 3141 541 3212 δομήκοντα
581 3141 873 3206 ἐξέδωκεν
918 3143 946 3194 ὁ
978 3141 1035 3194 δὲ
1076 3140 1370 3213 Σύμμαχος
1403 3142 1464 3193 οὐ
1505 3141 1645 3194 πάνυ
1677 3141 1820 3213 ἀπᾳ-

231 3232 454 3296 δόντως,
486 3232 745 3301 θρήνους
782 3233 885 3288 καί
921 3232 1290 3303 κατάλεγμα,
1335 3235 1434 3288 καὶ
1462 3233 1652 3304 μέλος
1676 3248 1818 3288 πεν-

234 3325 436 3377 θικόνο
483 3324 514 3375 ὁ
557 3324 615 3377 δέ
649 3325 899 3391 Ἀκύλας,
934 3325 1360 3397 γεγραμμένον,
1392 3321 1695 3396 (malm-air
1726 3326 1818 3379 ἐπ’

230 3414 419 3468 αὐτοῦ
448 3416 651 3481 κτίσις
673 3403 778 3471 ’καὶ
805 3418 1161 3484 ἀντίϐλησις
1177 3417 1317 3471 ’καὶ
1336 3417 1528 3472 ἔσται.
1550 3417 1660 3470 Καὶ
1679 3417 1822 3487 τάχα

236 3503 325 3559 διά
355 3510 551 3560 τούτου
576 3508 827 3579 δηλοῦται
856 3510 976 3564 κατ’
1005 3510 1191 3574 αὑτὸν,
1213 3511 1295 3564 ὅτι
1324 3509 1574 3581 περὶτῆς
1595 3508 1824 3573 κτίσεως

1923 1949 2188 2020 primario
2240 1949 2494 2017 velutque
2533 1962 2598 2001 ex
2648 1946 2897 2001 instituto
2941 1945 3086 1999 edita
3136 1944 3380 2000 fuerunt.
3434 1946 3513 2000 Ac

1923 2041 2184 2112 primaria
2211 2049 2265 2095 et
2303 2055 2424 2110 quae
2455 2047 2583 2093 ante
2608 2046 2766 2103 sunt,
2813 2036 3056 2090 carmine
3091 2036 3510 2107 signiﬁcantur;

1924 2135 2133 2204 reliqua
2160 2148 2291 2188 vero
2321 2130 2711 2187 lamentatione
2744 2138 2799 2185 et
2826 2145 2925 2185 vae.
2965 2127 3073 2184 Eos
3118 2129 3284 2196 igitur
3327 2128 3422 2198 Qui
3453 2143 3514 2183 se

1925 2225 2162 2295 peccatis
2193 2224 2461 2279 obnoxios
2497 2222 2774 2284 fecerunt,
2817 2231 2979 2291 atque
3005 2236 3035 2275 a
3070 2220 3264 2275 salutis
3289 2220 3516 2290 dogma-

1925 2318 1994 2373 tis
2043 2331 2273 2387 prorsus
2316 2315 2665 2381 aberrarunt,
2716 2313 2888 2383 lugeri
2937 2311 3229 2379 existimo,
3286 2327 3511 2369 carmen

1924 2424 2051 2464 vero
2081 2409 2255 2465 beatis
2288 2407 2628 2477 repromitti:
2676 2406 2743 2462 iis
2789 2406 3024 2476 denique
3059 2404 3153 2477 qui
3193 2420 3226 2462 e
3271 2405 3510 2461 beatitu-

1922 2503 2049 2557 dine
2079 2501 2303 2557 omnino
2347 2498 2672 2565 excidertnt,
2698 2513 2793 2553 Δνιθ
2826 2497 3157 2553 denuntiari.
3195 2496 3385 2552 Potest
3430 2498 3512 2552 sic

1923 2608 2143 2663 quoque
2171 2601 2414 2662 gustare,
2444 2600 2498 2646 et
2536 2591 2628 2661 qui
2673 2605 2869 2662 panem
2905 2590 3088 2644 vivum
3122 2589 3189 2644 de
3234 2599 3374 2645 etelo
3409 2590 3508 2644 de-

1922 2683 2136 2754 lapsum
2166 2684 2222 2737 in
2253 2682 2479 2737 scientia
2523 2682 2780 2752 gustavit,
2817 2682 3023 2752 quique
3070 2681 3367 2751 aliquando
3415 2682 3511 2735 de-

1921 2774 2082 2831 ﬂetus
2117 2783 2223 2840 est,
2266 2775 2465 2846 dignus
2499 2776 2617 2830 ﬁeri
2670 2775 3026 2831 beatitudine.
3077 2774 3155 2830 Ae
3204 2773 3505 2830 Tlieodmio

1920 2866 2142 2936 quidem
2183 2865 2343 2934 juxta
2379 2881 2444 2921 ac
2495 2863 2881 2936 Septuaginta;
2924 2863 3286 2937 Symmachus
3319 2873 3501 2919 autem

1920 2973 2030 3013 non
2062 2956 2218 3012 valde
2252 2956 2645 3027 discrepanter,
2687 2955 3115 3020 lamentationes,
3160 2963 3211 3010 et
3240 2956 3505 3025 querimo-

1920 3048 2087 3111 niam,
2119 3062 2182 3100 ac
2219 3061 2429 3099 carmen
2460 3046 2716 3116 lugubre;
2743 3046 2940 3116 Aquila
2967 3063 3118 3113 vero,
3159 3047 3380 3116 scripta,
3417 3047 3507 3099 in-

1923 3141 2063 3211 quit,
2091 3152 2203 3195 erat
2233 3141 2290 3195 in
2319 3157 2379 3194 eo
2409 3140 2630 3205 creatio,
2662 3148 2712 3194 et
2748 3141 2986 3207 collatio,
3012 3150 3061 3194 et
3085 3141 3207 3195 erit.
3251 3140 3332 3197 Ac
3370 3140 3510 3195 forte

1922 3246 2023 3302 per
2053 3231 2156 3287 hoc
2180 3230 2335 3301 juxta
2377 3231 2530 3284 illum
2576 3228 2919 3299 signiﬁcatur
2969 3231 3037 3285 de
3081 3231 3358 3286 creatione
3387 3244 3510 3285 esse

1928 3324 2217 3392 scriptum,
2267 3336 2331 3376 ac
2377 3320 2546 3375 veluti
2595 3321 2663 3376 de
2715 3330 2867 3391 parte
2912 3337 3077 3392 quam
3129 3322 3507 3393 unusquisque

1930 3424 2123 3471 nactus
2152 3425 2318 3469 esset.
2358 3412 2633 3468 Bonorum
2667 3413 2883 3468 tandem
2917 3428 3039 3482 qua:
3066 3421 3194 3467 sunt
3221 3422 3504 3477 eventura,

1932 3506 2327 3577 promissiones
2359 3505 2536 3574 palam
2566 3512 2652 3558 est
2686 3519 2835 3567 voce,
2866 3506 2985 3571 erit,
3017 3503 3315 3573 designari.

236 3598 328 3651 καὶ
354 3598 525 3652 οίονεὶ
554 3600 769 3672 μερίδος
797 3599 1027 3653 ἑκάστου
1053 3599 1384 3671 ἐγέγραπτο.
1413 3598 1581 3670 Δῆλον
1612 3599 1691 3662 δὲ,
1716 3599 1798 3652 ὅτι
1820 3597 1888 3652 τά
1907 3599 1963 3651 ἐν
1983 3595 2337 3666 ἐπαγγελίαις
2362 3596 2543 3666 ἀγαθὰ
2563 3597 2599 3651 ἃ.
2620 3596 2713 3650 καὶ
2733 3595 3045 3668 ἐκϐήσεται,
3075 3596 3400 3667 σημαίνεται
3419 3596 3504 3650 διὰ

228 3686 320 3742 τοῦ
343 3689 544 3743 ἔσται.

300 3783 381 3835 Οὐ
415 3779 573 3848 πρὸς
593 3779 711 3836 ’τὸν
738 3782 894 3838 λαὸν
911 3784 1310 3853 βαθύχειλον.
1344 3783 1409 3836 El
1439 3781 1547 3854 γάρ
1579 3780 1652 3853 μὴ
1679 3777 1818 3853 ἦσαν

230 3870 287 3937 ⁸ξ
312 3871 584 3943 ἐπιπολῆς
613 3873 824 3944 ἔχοντες
870 3877 996 3939 τοὺς
1028 3875 1216 3944 λόγους
1260 3874 1461 3941 αὐτῶν,
1488 3874 1601 3928 ἀλλ’
1629 3876 1662 3946 ἡ
1685 3891 1820 3945 καρ-

260 3963 309 4017 ἀ
342 3963 534 4019 αὐτῶν
569 3964 657 4017 διὰ
704 3966 764 4018 τὸ
796 3967 958 4036 βάθος
978 3966 1085 4020 τῶν
1120 3967 1408 4038 νοημάτων
1431 3965 1603 4037 στόμα
1624 3962 1693 4037 ἦν
1721 3966 1819 4019 αὐ-

236 4055 351 4122 τῶν,
386 4055 489 4110 καὶ
529 4056 629 4109 οὐκ
656 4055 721 4110 ἂν
752 4059 815 4110 σὺ
856 4057 1218 4129 εἰσεληλύθεις
1255 4057 1393 4130 πρὸς
1418 4057 1511 4112 τὸν
1544 4053 1692 4111 οἶκον
1720 4055 1815 4110 τοῦ

241 4145 482 4220 Ἰσραήλ.
551 4149 689 4203 Ἀλλ’
738 4150 861 4203 οὐδέ
909 4149 1282 4222 βαρύγλωσσοί
1324 4152 1469 4203 είσι·
1512 4150 1676 4221 βάρος
1707 4150 1848 4220 γὰρ’

230 4241 318 4293 καὶ
353 4241 573 4313 κομψόν
602 4261 653 4295 τι
683 4244 785 4296 οὐκ
816 4242 925 4313 ἔχει
953 4241 1134 4305 στίϐος
1159 4243 1191 4311 ή
1218 4241 1440 4309 γλῶσσα
1471 4240 1670 4305 αὐτῶν,
1694 4240 1816 4312 ἦτοι

231 4333 257 4386 ό
280 4333 439 4403 λόγος
461 4350 476 4364 ο
527 4334 635 4387 είσὶ
666 4334 723 4387 δέ
768 4334 1209 4403 κουφὸγλωσσοιο
1252 4333 1374 4386 ὅθεν
1422 4331 1714 4400 ἀναγκαῖόν
1755 4346 1815 4384 σε

235 4421 444 4492 βαδίσαι
478 4424 615 4496 πρὸς
647 4425 845 4488 αὐτοὺς
885 4424 1143 4479 ὑποκάτω
1182 4423 1466 4495 βαίνοντας
1513 4424 1613 4494 τῆς
1648 4420 1816 4489 ἐξεὼς

235 4531 342 4569 σου.
394 4516 490 4568 Ἐν
523 4513 731 4585 ἐπαίνῳ
766 4513 859 4568 οὖν
905 4514 1121 4587 εἴρηται
1173 4516 1205 4567 ό
1247 4512 1613 4581 ,βαθύχειλος
1639 4510 1739 4564 καὶ
1782 4511 1816 4563 ό

233 4603 692 4675 βαρύγλωσσος.
735 4605 966 4676 Εἴρηται
1006 4604 1063 4658 δὲ
1101 4603 1294 4659 ταῦτα.
1330 4600 1441 4656 Καὶ
1470 4603 1573 4674 ὅρα
1604 4602 1653 4654 εἰ
1685 4598 1816 4674 περὶ

1998 3779 2118 3834 Non
2159 3779 2229 3833 ad
2260 3779 2508 3849 populum
2552 3779 2803 3850 profundi
2837 3780 3023 3835 labii'.
3081 3779 3196 3834 Nisi
3233 3781 3378 3836 enim
3410 3797 3503 3837 su-

1924 3868 2143 3939 perﬁcie
2193 3876 2351 3923 tenus
2405 3883 2687 3923 sermones
2738 3883 2870 3927 suos
2921 3868 3218 3934 baberent,
3265 3871 3360 3925 sed
3409 3886 3507 3925 cur

1924 3975 2115 4016 eorum
2165 3960 2237 4014 ob
2290 3975 2550 4015 sensuum
2601 3961 2940 4015 altitudinem
2984 3960 3198 4014 illorum
3233 3974 3296 4017 os
3332 3975 3500 4031 esset,

1923 4050 2238 4119 neutiquam
2283 4058 2340 4103 tu
2387 4049 2451 4102 ad
2508 4050 2731 4105 domum
2777 4048 2944 4104 Israel
2994 4050 3274 4121 ingressus
3325 4067 3500 4110 esset.

1924 4141 2029 4198 Sed
2061 4157 2237 4212 neque
2266 4142 2448 4212 gravis
2478 4142 2676 4212 linguae
2707 4150 2867 4208 situt;
2899 4159 3085 4197 eorum
3123 4160 3358 4214 namque
3398 4147 3504 4200 lin»

1923 4250 2026 4304 gua
2060 4248 2154 4288 seu
2191 4246 2373 4289 sermo
2409 4233 2542 4286 nihil
2582 4248 2746 4303 grave
2786 4233 3116 4305 elegansque
3153 4246 3247 4289 aut
3282 4238 3499 4291 ﬁrmum

1919 4325 2100 4391 habet,
2132 4325 2226 4380 sed
2253 4324 2380 4379 vani
2425 4324 2626 4395 eloquii
2674 4333 2823 4380 sunt.
2869 4325 3019 4381 Unde
3068 4341 3294 4381 necesse
3327 4336 3411 4384 est
3442 4340 3507 4383 ut‘

1917 4417 1984 4471 ad
2016 4416 2140 4472 illos
2169 4416 2359 4482 vadas,
2386 4417 2479 4486 qui
2508 4416 2754 4472 moribus
2783 4417 2888 4473 tuis
2918 4417 3209 4474 inferiores
3243 4432 3386 4474 sunt.
3415 4419 3499 4473 Ad

1916 4506 2130 4562 laudem
2177 4507 2343 4577 igitur
2374 4507 2579 4562 dictum
2613 4518 2736 4562 est:
2770 4506 3037 4578 Profundi
3074 4507 3206 4562 labii
3230 4518 3280 4563 et
3325 4511 3500 4582 gravis

1915 4597 2132 4668 lingula.
2163 4598 2343 4669 Atque
2370 4599 2485 4654 haec
2512 4599 2731 4670 quidem
2763 4600 2907 4656 dicta
2937 4609 3089 4655 sunt.
3115 4598 3183 4655 Et
3214 4601 3335 4656 vide
3367 4617 3500 4657 num

235 4692 337 4746 τῶν
365 4693 483 4748 ἀπὸ
499 4693 610 4746 τῶν
632 4693 822 4759 ἐθνῶν,
851 4693 900 4746 οἳ
934 4693 1109 4766 ἕτεροί
1138 4696 1243 4746 είσι
1268 4692 1362 4745 τοῦ
1386 4691 1535 4745 οίκου
1576 4690 1811 4763 Ἰσραὴλ,

1923 4690 2035 4746 Ιιαιο
2062 4691 2389 4748 vaticinatus
2420 4692 2492 4747 sit
2524 4693 2790 4762 prepbeta
2819 4693 2887 4748 de
2917 4694 3192 4763 gentibus,
3227 4709 3351 4763 quae
3378 4694 3500 4749 aliae

236 4786 403 4841 ταῦτα
449 4786 871 4858 προφητεύεται,
914 4780 990 4840 ὧν
1013 4786 1113 4839 οὐκ
1141 4785 1207 4840 ἂν
1237 4786 1438 4857 ἢκουσε
1471 4782 1560 4837 διὰ
1594 4782 1656 4836 τὸ
1700 4784 1817 4836 ἐτε-

243 4877 544 4946 ρόγλωσσον
588 4877 772 4932 αὐτῶν
804 4877 833 4929 ὀ
885 4876 1134 4948 Ἑϐραῖος
1174 4879 1479 4948 προφήτης.
1526 4875 1719 4939 Βαθεῖς
1758 4874 1815 4929 δὲ

240 4970 471 5037 χείλεσιν
517 4973 565 5023 οἱ
610 4969 766 5023 αὐτοὶ
812 4968 1066 5022 δύνανται
1113 4967 1365 5036 λέγεσθαι
1410 4966 1501 5020 διὰ
1531 4966 1594 5019 τὸ
1635 4964 1709 5036 μὴ
1755 4964 1814 5031 ἐξ

240 5058 504 5129 ἐπιπολῆς
535 5059 604 5113 τὰ
651 5058 770 5112 θεῖα
815 5056 1254 5128 καταλαμϐάνειν
1302 5057 1607 5127 γράμματα
1628 5096 1642 5121 ,
1680 5054 1817 5108 ἀλλὰ

236 5149 517 5204 ιπιστεύειν
550 5151 630 5213 εἰς
653 5148 721 5202 τά
748 5147 885 5220 βάθη
915 5146 1009 5201 τοῦ
1032 5148 1217 5219 νόμου.

308 5241 416 5295 Kal
439 5240 565 5307 τοῖς
591 5240 705 5295 ὠσί
727 5256 843 5295 σου
881 5240 1083 5294 ἄκουε.
1120 5241 1250 5293 Ὅτε
1277 5238 1387 5310 γὰρ
1416 5238 1568 5308 διγιος
1603 5237 1817 5291 ἐπιϐουο

245 5326 451 5386 λεύεται
480 5334 585 5386 ὑπὸ
612 5332 720 5386 τῶν
744 5332 1135 5403 ἀντικειμένων
1157 5329 1446 5401 ἐνεργειῶν
1468 5330 1814 5402 διωκόμενος,

244 5423 428 5495 Χρῄζει
463 5425 556 5478 τοῦ
586 5424 791 5497 Κυρίου
824 5424 1208 5486 διακόπτοντος
1234 5423 1359 5485 τοὺς
1389 5421 1684 5485 διώκοντας
1709 5420 1818 5475 ἀπὸ

244 5510 340 5565 τῶν
369 5515 734 5588 διωκομένων,
759 5516 852 5570 καὶ
874 5518 1036 5570 οἱονεὶ
1068 5512 1649 5584 ὀπισθοφυλακοῦντος.
1685 5500 1819 5566 Τού-

244 5615 329 5655 του
353 5604 407 5659 δὲ
442 5603 708 5674 σύμϐολον
738 5606 830 5658 καὶ
853 5606 920 5659 τὰ
950 5608 1008 5658 ἐν
1034 5606 1100 5676 τῇ
1145 5602 1366 5670 Ἐξόδῳ
1386 5601 1559 5666 οὕτως
1583 5601 1776 5672 ἔχοντα
1798 5619 1811 5633 ι

255 5690 461 5765 Ἕιὶῇρε
488 5695 556 5749 δὲ
583 5700 616 5750 ό
642 5696 892 5766 ἄγγελος
924 5700 956 5750 ὁ
976 5696 1490 5765 προπορευόμενος
1518 5694 1629 5763 τῆς
1666 5710 1816 5762 παρ-

310 5781 331 5809 ’
363 5783 560 5840 Ezcclt.
594 5800 655 5853 tt,
684 5785 738 5838 3.
819 5784 838 5815 ³
866 5785 993 5839 ibid.
1024 5801 1105 5852 ιιι,
1136 5787 1187 5840 5.

1920 4791 2049 4837 sunt
2074 4798 2105 4837 a
2132 4783 2297 4838 domo
2314 4785 2502 4851 Israel,
2534 4793 2588 4839 et
2616 4799 2755 4854 quas
2770 4799 2878 4838 non
2910 4785 3205 4840 audivisset
3237 4786 3498 4855 propheta

1921 4870 2179 4930 Hebraeus
2211 4877 2282 4931 ob
2313 4877 2533 4932 illarum
2573 4877 2774 4948 lingua:
2803 4878 3194 4934 diversitatem.
3229 4877 3497 4935 Profundi

1922 4975 2101 5021 autem
2142 4966 2269 5021 labii
2302 4976 2533 5038 possunt
2555 4967 2662 5023 dici
2690 4968 2836 5038 quod
2876 4985 2984 5024 non
3023 4971 3306 5040 superﬁcie
3339 4980 3500 5025 tenus

1922 5055 2138 5112 divinas
2167 5056 2374 5115 litteras
2409 5058 2700 5128 accipiant,
2743 5060 2838 5114 sed
2881 5061 2934 5114 in
2983 5062 3323 5118 altitudinem
3363 5062 3498 5131 legis

1920 5150 2165 5204 credant.

1989 5240 2156 5314 410
2172 5241 2240 5297 Ει
2271 5245 2492 5299 auribus
2506 5244 2609 5299 tuis
2640 5246 2768 5300 audi
2790 5245 2831 5301 δ.
2856 5244 3088 5312 Quando
3113 5245 3258 5302 enim
3274 5252 3497 5301 sanctus

1922 5333 2136 5389 insidiis
2151 5334 2369 5403 petitur,
2388 5336 2679 5391 contrariis
2694 5335 2987 5392 virtutibus
3005 5350 3132 5391 eum
3167 5349 3498 5405 persequen-

1922 5425 2089 5492 tibus,
2122 5425 2485 5481 necessariam
2517 5426 2678 5481 habet
2718 5425 2815 5482 Dei
2865 5441 3044 5496 opem,
3078 5425 3175 5494 qui
3217 5423 3366 5478 velut
3398 5423 3494 5476 oh-

1918 5514 2061 5584 jecto
2087 5514 2230 5569 vallo
2260 5523 2650 5585 persequentes
2676 5516 2744 5572 ab
2778 5531 2845 5571 eo
2884 5517 3177 5586 dispescat,
3224 5528 3292 5571 ac
3335 5514 3493 5585 quasi

1923 5620 1953 5658 a
1991 5614 2140 5675 tergo
2173 5605 2416 5659 excubiis
2462 5607 2640 5675 ipsum
2680 5615 2947 5677 protegat.
2979 5605 3154 5677 Hujus
3197 5606 3273 5663 rei
3321 5607 3494 5678 ﬁgura

1925 5707 2052 5751 sunt
2100 5705 2152 5752 et
2194 5713 2314 5769 quae
2362 5699 2414 5753 in
2461 5698 2647 5756 Exodo
2697 5701 2965 5757 habentur
2996 5701 3050 5756 in
3083 5702 3196 5758 haec
3239 5701 3449 5758 verba'
3475 5750 3490 5777 ,

1264 5784 1286 5817 δ
1319 5784 1450 5839 Ibid.
1482 5784 1565 5838 10.
1643 5783 1833 5839 ’Exod
1887 5801 1993 5851 XIV,
2030 5786 2112 5841 19.
