4070 6296
568 365 676 425 775

1983 366 2076 421 EX
2113 364 2418 424 ORIGENE

3710 378 3827 433 776

2710 442 2715 451 ι

570 476 884 551 Tollensque
905 494 957 531 se
983 476 1196 545 angelus
1219 477 1313 545 qui
1341 476 1665 544 pra'cedebat
1698 487 1875 533 castra
1901 478 2121 545 ﬁliorum

2233 476 2489 547 εμθολοῆς
2542 477 2661 533 τῶν
2716 482 2861 535 υἱῶν
2918 484 3164 553 Ἰσραὴλ
3190 524 3204 547 ,
3257 486 3352 540 καί
3399 486 3692 558 ἐπορεύθη
3745 494 3831 546 ἐκ

566 567 763 633 Israel,
792 568 921 621 abiit
960 575 1075 634 post
1108 581 1216 630 eos,
1241 576 1346 620 etc.
1386 565 1490 620 Sed
1523 577 1576 622 et
1602 569 1706 622 hoc
1732 568 1961 623 observa
1986 568 2130 638 quod

569 674 670 713 vox
707 666 852 712 retro
878 655 1062 709 audita
1097 655 1187 721 sit,
1221 671 1352 709 num
1373 670 1437 709 ea
1470 657 1725 726 loquendi
1751 657 1982 713 formula
2008 674 2135 728 pos-

564 749 636 804 sit
659 760 846 804 rerum
874 747 984 816 jam
1021 747 1417 816 praeteritarum
1458 748 1696 818 cognitio
1725 750 2038 820 signiﬁcari.
2076 748 2134 804 Si

561 836 687 906 quis
716 845 895 889 autem
925 836 1065 890 hanc
1089 851 1118 889 a
1147 835 1253 891 Deo
1284 837 1514 907 gratiam
1537 848 1864 895 consecutus
1879 848 1982 906 est,
2003 849 2136 896 utet

555 939 622 981 ea
656 939 778 997 quas
806 923 988 979 futura
1031 933 1160 979 sunt
1202 927 1393 981 sedulo
1422 929 1837 998 contempletur,
1872 930 1961 983 hic
1990 930 2135 985 velut

561 1025 688 1070 ante
714 1031 774 1071 se
800 1030 987 1071 vocem
1016 1016 1218 1072 audiet.
1256 1017 1411 1083 Quod
1441 1034 1512 1074 an
1549 1020 1749 1075 alicubi
1790 1020 1997 1076 dictum
2037 1021 2131 1087 sit,

560 1119 792 1174 quiet-es.

631 1194 915 1249 Benedicta
942 1196 1118 1265 gloria
1146 1193 1361 1250 Domini
1388 1196 1453 1250 de
1491 1198 1606 1252 loco
1641 1216 1738 1253 suo
1761 1200 1803 1254 ⁸.
1837 1198 2015 1257 Locus
2036 1198 2132 1255 Dei

558 1286 888 1359 intelligendi
938 1298 1065 1343 sunt
1110 1305 1299 1344 omnes
1337 1292 1432 1359 qui
1479 1292 1700 1360 capiunt
1730 1292 1987 1348 virtutem
2013 1293 2129 1349 Dei.

557 1377 784 1450 Proprie
811 1390 989 1435 tamen
1022 1380 1116 1436 Dei
1149 1382 1300 1437 locus
1321 1392 1406 1437 est
1447 1382 1697 1439 Salvator
1745 1394 1800 1440 et
1843 1384 2131 1455 Dominus,

559 1471 1021 1541 quemadmodum
1050 1480 1105 1525 et
1132 1472 1301 1541 ipsius
1326 1471 1625 1529 Salvatoris
1657 1475 1810 1530 locus
1834 1484 1919 1531 est
1947 1476 2128 1532 Pater.

560 1563 738 1633 Atque
761 1564 865 1617 hoc
895 1563 1057 1617 modo
1092 1562 1440 1634 intelligimus
1471 1565 1637 1619 etiam
1667 1565 1721 1619 id
1751 1567 1894 1635 quod
1936 1569 1990 1622 in
2032 1567 2132 1622 Ili-

558 1655 711 1710 cbaea
742 1661 924 1708 exstat
948 1653 1035 1708 his
1057 1653 1237 1708 verbis
1259 1654 1278 1685 "
1308 1671 1322 1707 :
1352 1651 1486 1708 Ecce
1522 1655 1660 1708 enim
1696 1655 1953 1712 Dominus
1981 1675 2130 1731 egre-

562 1738 736 1795 dietur
762 1746 827 1799 de
855 1744 968 1798 loco
1012 1760 1130 1809 suo,
1180 1753 1229 1798 et
1264 1746 1556 1812 descendet,
1602 1756 1651 1800 et
1693 1749 1935 1804 ascendet
1977 1767 2133 1820 super

2234 567 2355 622 τῶν
2376 569 2646 633 ὄπισθεν,
2662 572 2755 625 καὶ
2775 572 2843 625 τὰ
2858 574 3005 644 ἑξῆς.
3026 577 3136 630 Ka‘t
3156 575 3314 630 τοῦτο
3336 578 3393 631 δὲ
3415 579 3661 652 πρόσχῃς
3689 582 3834 654 περὶ

2232 659 2328 712 τοῦ
2384 660 2709 715 κατόπισθεν
2758 664 3023 733 ηκοῦσθαι
3081 667 3181 738 τὴν
3233 667 3434 741 φωνὴν,
3486 672 3538 723 εἰ
3595 671 3833 729 δύναται

2235 750 2269 821 ἡ
2307 752 2406 821 μὲν
2438 754 2568 823 περὶ
2610 752 2718 806 τῶν
2761 754 2859 826 ήδη
2893 757 3342 829 παρεληλυθότων
3391 760 3594 830 γνῶσις
3628 762 3836 833 δηλοῦ-

2236 841 2358 897 σθαι
2385 844 2450 896 ἐκ
2486 844 2583 897 τοῦ
2622 844 2912 900 ἀκούεσθαι
2942 848 3124 921 φωνὴν
3155 850 3482 906 κατόπισθεν
3503 869 3517 882 ·
3553 855 3602 907 εἰ
3638 854 3697 908 δέ
3728 871 3833 918 τις

2233 935 2455 1007 χάριτος
2493 934 2643 999 θείας
2685 936 2836 1008 τύχοι
2875 937 3013 1010 πρὸς
3056 940 3116 994 τὸ
3154 940 3425 1015 θεωρῆσαι
3451 945 3541 998 καὶ
3574 946 3643 1000 τὰ
3676 944 3831 1014 περὶ

2232 1025 2341 1080 τῶν
2357 1025 2657 1098 μελλόντων
2668 1029 2964 1100 ἐπιμελῶς,
2978 1025 3132 1096 οὗτος
3143 1032 3209 1086 ἂν
3228 1036 3390 1088 οἰονεί
3399 1037 3599 1111 ἀκούσῃ
3621 1045 3829 1110 φωνῆς

2233 1119 2298 1172 ὲκ
2316 1118 2426 1172 τῶν
2442 1118 2748 1191 ἔμπροσθεν
2763 1121 2930 1175 αὐτοῦ
2944 1140 2957 1152 ·
2977 1123 3114 1197 ὅπερ
3130 1122 3389 1197 ζητήσεις
3399 1127 3549 1181 είπου
3566 1131 3819 1202 εἴρηται.

2303 1208 2695 1280 Εὐλογημένη
2735 1212 2774 1280 ἡ
2803 1211 2956 1277 δόξα
2980 1216 3203 1284 Kvplov
3237 1218 3308 1271 ἐκ
3337 1218 3447 1272 τοῦ
3477 1221 3657 1275 τόπου
3692 1225 3824 1277 αὐ-

2232 1298 2373 1367 τοῦ.
2419 1300 2595 1353 Τόπον
2635 1300 2771 1355 Θεοῦ
2825 1304 3043 1374 νοητέον
3087 1306 3298 1371 πάντας
3327 1311 3454 1374 τοὺς
3502 1312 3827 1384 χωροῦντας

2231 1390 2460 1462 δύναμιν
2502 1392 2670 1447 Θεοῦσ
2718 1394 2859 1465 πλὴν
2896 1396 3101 1469 κυρίως
3136 1399 3302 1465 τόπος
3338 1400 3405 1455 ἂν
3438 1403 3524 1473 εἴη
3552 1402 3580 1454 ό
3619 1406 3824 1480 Σωτὴρ

2232 1481 2326 1535 καὶ
2352 1482 2575 1554 Κύριος,
2600 1481 2790 1556 ὥσπερ
2817 1486 2885 1540 ἂν
2922 1487 3016 1541 καὶ
3047 1488 3212 1543 αὐτοῦ
3238 1489 3330 1543 τοῦ
3364 1492 3620 1565 Σωτῆρος
3650 1496 3824 1560 τόπος

2229 1574 2259 1626 6
2292 1574 2501 1646 Πατήρ.
2541 1576 2652 1629 Καὶ
2679 1575 2865 1631 τοῦτόν
2896 1595 2959 1647 γε
2987 1578 3078 1634 τὸν
3114 1582 3313 1654 τρόπον
3343 1586 3681 1657 νενοήκαμεν
3718 1590 3824 1644 καὶ

2229 1667 2290 1719 τὸ
2310 1669 2368 1720 ἐν
2394 1666 2473 1737 τῷ
2499 1669 2711 1739 Μιχαίᾳ
2737 1669 2908 1734 οὕτως
2928 1670 3051 1741 ἔχον
3071 1689 3084 1703 °
3116 1674 3273 1728 Διότι
3307 1675 3437 1729 ἰδοὺ
3472 1678 3688 1746 Κύριος
3716 1680 3824 1737 ἐκ·-

2231 1758 2543 1826 πορεύεται
2569 1758 2638 1812 ἐκ
2661 1759 2767 1815 τοῦ
2788 1763 2975 1816 τόπου
3008 1762 3223 1833 αὐτοῦ,
3259 1766 3361 1820 καὶ
3391 1771 3822 1837 καταϐήσεται,

557 1835 763 1891 excelsa
803 1845 976 1901 terra,
1011 1844 1115 1891 etc.
1150 1835 1401 1891 Arbitror
1428 1837 1578 1892 enim
1602 1838 1752 1893 hisce
1784 1840 1961 1895 verbis
1994 1858 2121 1911 pra:-

2232 1821 2332 1903 καί
2360 1849 2707 1917 ἐπιϐήσεται
2730 1851 2830 1905 ἐπὶ
2858 1853 2932 1908 τὰ
2957 1854 3085 1924 ὕψη
3112 1821 3223 1924 τῆέ
3246 1856 3395 1926 γῆς,
3447 1821 3642 1917 κάτ’τέ
3662 1821 3820 1935 is];

556 1926 662 1981 dici
704 1925 837 1991 fore,
866 1934 926 1981 ut
971 1924 1220 1979 Salvator
1263 1938 1452 1981 noster
1498 1927 1793 1984 descendat
1832 1933 2132 2001 procedens

557 2019 624 2068 de
650 2014 771 2069 loco
807 2029 929 2080 suo,
959 2022 1013 2067 et
1041 2012 1264 2067 veniens
1304 2029 1335 2070 e
1378 2014 1654 2085 praecipuo
1681 2033 1783 2071 suo
1813 2034 1939 2074 cum
1970 2019 2133 2077 Patre

554 2113 720 2160 statu.
750 2104 936 2160 Potest
959 2114 1135 2159 tamen
1168 2105 1329 2159 etiam
1361 2105 1514 2163 locus
1544 2106 1641 2163 Dei
1670 2111 1851 2164 vocari
1889 2110 1942 2166 id
1984 2113 2131 2183 quod

550 2197 695 2265 apud
724 2195 951 2248 Paulum
980 2196 1074 2249 lux
1092 2194 1485 2252 inaccessibilis
1516 2196 1720 2252 dicitur
1737 2199 1824 2255 his
1856 2200 2037 2257 verbis
2061 2201 2084 2234 ³
2113 2220 2128 2258 :

554 2289 661 2351 Qui
690 2286 835 2341 solus
864 2286 1017 2340 habet
1046 2285 1528 2356 immortalitatem,
1565 2288 1733 2343 lucem
1764 2289 2009 2346 habitans
2047 2294 2131 2347 in-

551 2378 928 2432 accessibilem.
982 2377 1123 2444 Quid
1180 2393 1311 2434 vero
1375 2379 1467 2434 illa
1515 2379 1639 2435 est?
1697 2381 1978 2440 Altissima
2032 2385 2129 2443 Dei

546 2469 811 2541 cognitio,
847 2470 915 2525 ad
942 2486 1105 2540 quam
1143 2488 1302 2528 nemo
1336 2480 1513 2541 potest
1544 2473 1821 2542 accedere,
1853 2492 1955 2534 nec
1980 2476 2129 2536 illius

549 2562 1091 2632 comprehensionem
1123 2578 1335 2634 capere.

619 2764 1013 2836 Speculatorem
1043 2763 1164 2818 dedi
1196 2778 1245 2819 te
1275 2765 1458 2820 domui
1489 2766 1664 2822 Israel
1684 2769 1726 2824 ’.
1770 2767 2125 2839 Quandoqui-

545 2858 670 2914 dem
718 2875 860 2930 aegre
908 2859 1039 2915 ferri
1089 2859 1249 2914 debet
1284 2860 1451 2914 illud:
1483 2857 1873 2931 Speculatorem
1911 2860 2035 2915 dedi
2077 2870 2126 2915 te

545 2954 726 3007 domui
759 2952 951 3019 Israel,
978 2969 1199 3010 necesse
1224 2965 1307 3010 est
1337 2969 1438 3009 nos
1469 2954 1682 3009 edoceri
1705 2954 1981 3024 quomodo
2006 2969 2126 3024 pro-

546 3044 707 3115 pheta
739 3044 914 3099 factus
947 3045 1018 3099 sit
1068 3045 1396 3114 speculator,
1454 3053 1515 3098 ut
1568 3044 1826 3114 quoniam
1877 3045 2121 3099 nonnulli

2233 1935 2398 2010 Οἶμαι
2419 1940 2527 2013 γὰρ
2553 1941 2643 1997 διὰ
2671 1943 2873 1998 τούτων
2905 1947 3344 2018 προφητεύεσθαι
3371 1950 3467 2023 τὴν
3497 1952 3590 2007 τοῦ
3621 1956 3820 2027 Σωτῆ-

2234 2046 2327 2100 ρος
2356 2029 2512 2101 ήμῶν
2554 2032 2800 2098 κάθοδον,
2833 2037 3268 2109 ἐκπορευομένου
3295 2041 3363 2095 ἐκ
3388 2041 3479 2095 τοῦ
3506 2043 3672 2098 τόπου
3702 2048 3818 2101 αὐ·-

2230 2119 2324 2173 τοῦ
2353 2123 2448 2175 καὶ
2469 2123 2893 2195 κατεληλυθότος
2926 2128 3033 2181 ἀπὸ
3062 2129 3161 2199 τῆς
3195 2130 3293 2184 σὺν
3324 2132 3405 2203 τῷ
3435 2134 3609 2207 Πατρὶ
3632 2154 3818 2208 προη-

2231 2215 2504 2286 γουμένης
2536 2219 2920 2284 καταστάσεως
2961 2220 3150 2276 αὐτοῦ.
3183 2223 3416 2278 Δύναται
3450 2225 3694 2296 μέντοιγε
3721 2229 3819 2283 τό-

2232 2320 2333 2368 πος
2371 2305 2655 2362 καλεῖσθαι
2691 2310 2826 2363 Θεοῦ
2853 2312 2918 2364 τὸ
2947 2310 3235 2385 λεγόμενον
3272 2315 3414 2386 παρὰ
3457 2318 3655 2388 Παύλῳ
3694 2320 3814 2388 φῶς

2230 2395 2523 2466 ἀπρόσιτον
2552 2401 2610 2452 ἐν
2641 2398 2719 2469 τῷ
2739 2416 2751 2428 ·
2770 2400 2833 2453 '0
2867 2403 3055 2470 μόνος
3084 2403 3241 2473 ἔχων
3280 2407 3641 2474 ἀθανασίαν,
3682 2409 3817 2479 φῶς

2229 2485 2408 2541 οἰκῶν
2431 2487 2783 2556 ἀπρόσιτον.
2830 2491 2895 2543 Τί
2932 2491 2989 2545 δὲ
3016 2492 3173 2548 τοῦτό
3196 2497 3374 2562 ἐστινς
3423 2498 3483 2550 Ἠ
3526 2498 3815 2574 βαθυτάτη

2229 2577 2428 2647 γνῶσις
2465 2578 2560 2633 τοῦ
2601 2579 2759 2645 Θεοῦ,
2884 2584 2983 2655 οὐχ
3026 2580 3138 2638 οἷόν
3183 2603 3243 2639 τε
3287 2588 3596 2658 προσελθεῖν
3657 2609 3813 2661 τινα,

2228 2668 2349 2721 οὐδὲ
2380 2670 2625 2741 χωρῆσαι
2656 2671 2755 2743 τὴν
2782 2673 3081 2745 κατάληψιν
3110 2677 3300 2748 αὐτῆς.

2298 2759 2538 2811 Σκοπὸν
2582 2759 2813 2816 δέδωκά
2844 2778 2919 2818 σε
2952 2764 3035 2831 τῷ
3065 2767 3208 2831 οἴκῳ
3252 2770 3517 2838 Ἰσραήλ.
3562 2773 3812 2849 Ἐπειδὴ-

2228 2866 2335 2920 περ
2358 2849 2572 2922 βαρέως
2606 2851 2866 2922 φέρεσθαι
2898 2855 3083 2926 μέλλει
3109 2860 3169 2911 τό
3194 2878 3207 2889 ·
3245 2863 3484 2916 Σκοπὸν
3512 2864 3709 2921 ἔδωκά
3731 2885 3812 2923 σε

2226 2939 2307 3007 τῷ
2342 2941 2486 3006 οἴκῳ
2529 2944 2799 3013 Ἰσραὴλ,
2843 2947 3013 3019 ἐχρῆν
3049 2950 3197 3019 ἡμᾶς
3230 2951 3544 3024 διδαχθῆναι
3575 2957 3689 3023 πῶς
3713 2960 3808 3027 γέ-

2226 3045 2382 3098 γονεν
2408 3032 2437 3083 ό
2469 3033 2754 3105 προφήτης
2789 3035 3020 3103 σκοπὸς,
3057 3039 3161 3102 ἵνα,
3193 3040 3413 3096 ἐπειδάν
3436 3061 3579 3110 τινες
3614 3049 3678 3100 ἐκ
3702 3047 3801 3102 τοῦ

544 3154 610 3192 ea
633 3154 753 3207 qua:
792 3138 993 3207 scripta
1038 3146 1167 3191 sunt
1206 3153 1313 3191 non
1353 3136 1729 3201 observantes,
1765 3136 2121 3205 speculatoris

2230 3122 2305 3194 μὴ
2336 3126 2695 3196 τετηρηκέναι
2737 3127 2804 3181 τὰ
2840 3131 3203 3202 γεγραμμένα
3237 3134 3545 3207 ἐπιπηδῶσι
3574 3137 3650 3209 τῷ
3685 3139 3803 3193 δνό-

543 3246 745 3287 uomen
772 3240 1024 3300 carpunt,
1061 3245 1126 3285 ex
1154 3238 1264 3285 tota
1287 3229 1565 3299 Scriptura
1588 3242 1683 3283 eos
1703 3226 2123 3297 confundamus,

542 3324 889 3379 ostendentes
918 3324 1194 3393 quomodo
1218 3322 1277 3376 iit
1302 3329 1357 3376 et
1381 3320 1544 3375 datur
1572 3321 1882 3391 speculator
1917 3322 1983 3377 iis
2026 3323 2122 3392 qui

540 3431 671 3470 vere
713 3424 840 3468 sunt
870 3414 965 3469 ﬁlii
1008 3414 1199 3469 Israel.
1244 3413 1331 3467 Fit
1361 3413 1545 3483 itaque
1596 3412 1650 3466 in
1699 3412 1846 3468 hunc
1898 3413 2121 3469 modum

542 3504 894 3576 speculator,
944 3505 1161 3575 quando
1214 3519 1409 3574 nempe
1459 3512 1654 3574 praeter
1691 3519 1754 3559 ea
1809 3519 1932 3574 quae
1976 3504 2123 3560 dicta

542 3606 692 3663 sunt,
734 3595 794 3651 ﬁt
833 3612 1029 3651 manus
1058 3594 1273 3650 Domini
1298 3610 1463 3665 super
1490 3595 1746 3664 aliquem,
1782 3610 1883 3649 nec
1914 3594 2123 3665 simpli-

540 3690 677 3744 citer
705 3703 899 3742 manus
924 3686 1159 3750 Domini,
1185 3686 1279 3741 sed
1320 3687 1438 3757 ipsa
1481 3686 1640 3741 fortis
1675 3695 1839 3757 atque
1871 3689 2117 3744 robusta.

537 3780 815 3836 Fortassis
855 3780 998 3833 enim
1048 3794 1157 3833 non
1192 3793 1358 3847 super
1403 3792 1629 3843 omnes,
1664 3794 1829 3848 super
1872 3794 2013 3849 quos
2061 3782 2122 3836 iit

538 3886 736 3928 manus
771 3870 1008 3934 Domini,
1042 3870 1094 3923 [lt
1128 3883 1323 3923 manus
1354 3867 1569 3922 Domini
1612 3868 1770 3924 fortis
1811 3880 1974 3940 atque
2023 3887 2111 3926 ro-

538 3964 722 4029 busta,
761 3962 903 4032 quod
934 3962 1037 4015 sibi
1065 3960 1292 4014 invicem
1325 3959 1532 4016 similes
1566 3975 1675 4014 non
1704 3961 1834 4027 sint,
1875 3962 1969 4032 qui
1997 3963 2119 4033 .lioc

538 4060 950 4121 consequuntur
982 4059 1040 4103 ut
1075 4049 1141 4104 ad
1171 4066 1231 4105 se
1254 4048 1349 4103 ﬁat
1384 4065 1580 4105 manus
1612 4048 1849 4105 Domini.
1883 4049 2118 4108 Necesse

537 4153 819 4200 estautem
850 4151 907 4196 ut
934 4143 1024 4212 qui
1048 4142 1118 4195 sit
1138 4142 1485 4212 ingressurus
1518 4143 1572 4196 in
1595 4142 2115 4212 captivitatem,non

538 4233 763 4290 humilis
779 4234 830 4286 in
846 4248 967 4287 eam
988 4231 1338 4301 ingrediatur,
1361 4246 1459 4285 nec
1471 4231 1656 4286 eodem
1670 4232 1854 4286 animo
1866 4232 2112 4301 allectus,

537 4324 764 4395 quoipsi
792 4324 1011 4392 captivi,
1030 4323 1123 4379 sed
1138 4335 1289 4377 extra
1316 4337 1661 4377 communem
1679 4322 1839 4394 41],
1873 4339 1936 4378 ac
1962 4326 2111 4397 vulgi

537 4429 738 4474 sortem
758 4418 885 4471 celsi
902 4417 1068 4470 animi
1086 4417 1175 4482 sit,
1192 4426 1246 4470 et
1260 4417 1420 4468 veluti
1445 4432 1509 4470 ex
1525 4416 1742 4485 specula
1757 4418 2110 4487 uniuscujus-

2229 3231 2359 3286 ματι
2387 3218 2479 3269 τοῦ
2511 3217 2714 3271 σκοποῦ
2736 3259 2749 3282 ,
2783 3220 3194 3295 δυσωπήσωμεν
3223 3227 3422 3290 αὐτοὺς
3456 3228 3517 3293 ἐξ
3546 3228 3673 3302 ὅλης
3699 3231 3804 3305 τῆς

2225 3306 2443 3374 λέξεως,
2479 3310 2933 3383 παραδεικνύντες
2970 3315 3089 3379 πῶς
3127 3316 3334 3385 γίνεται
3368 3322 3571 3385 σκοπὸς
3597 3323 3691 3376 καὶ
3712 3324 3805 3377 δέ-

2223 3402 2370 3457 δοται
2402 3407 2513 3469 τοῖς
2542 3404 2757 3476 ἀληθῶς
2786 3408 2920 3470 υἱοῖς
2968 3408 3207 3481 Ἰσραήλ.
3252 3411 3463 3467 Γίνεται
3499 3413 3679 3469 τοίνυν
3712 3415 3807 3469 οῦ-

2223 3510 2332 3558 τως
2366 3495 2585 3561 σκοπὸς,
2634 3495 2773 3551 ἐπὰν
2806 3499 2943 3570 πρὸς
2975 3505 3087 3565 τοίς
3132 3504 3549 3575 προειρημένοις
3596 3506 3806 3575 γίνεται

2223 3587 2315 3640 ἐπί
2353 3606 2473 3642 τινα
2516 3590 2639 3660 χεὶρ
2657 3592 2860 3663 Κυρίου
2882 3610 2895 3623 ·
2932 3595 3027 3647 καὶ
3066 3596 3166 3667 οὐχ
3197 3597 3384 3661 ἁπλῶς
3422 3599 3545 3671 χεὶρ
3572 3601 3806 3671 Κυρίου,

2221 3680 2335 3735 ἀλλ’
2367 3681 2502 3753 αὑτὴ
2545 3684 2800 3754 κραταιά.
2846 3684 2998 3755 Τάχα
3036 3686 3143 3758 γὰρ
3182 3688 3281 3740 οὐκ
3323 3690 3417 3741 ἐπὶ
3449 3689 3678 3756 πάντας,
3709 3690 3808 3757 οὓς

2221 3774 2428 3842 γίνεται
2472 3776 2590 3848 χεὶρ
2630 3776 2859 3847 Κυρίου,
2899 3779 3108 3847 γίνεται
3146 3780 3384 3850 κραταιά
3425 3782 3544 3854 χεὶρ
3571 3783 3802 3856 Κυρίου,

2220 3863 2298 3935 τῷ
2329 3865 2464 3937 μηδέ
2495 3865 2911 3937 παραπλησίους
2948 3868 3196 3940 ἀλλήλοις
3224 3865 3363 3923 εἶναι
3399 3873 3523 3935 τοὺς
3543 3872 3802 3945 ἀξιουμέ-

2219 3972 2344 4019 νους
2382 3957 2563 4029 χειρὸς
2610 3957 2836 4029 Κυρίου.
2885 3961 2978 4011 Δεῖ
3024 3960 3079 4012 δὲ
3110 3960 3201 4014 τὸν
3242 3962 3552 4019 εἰσελθόντα
3594 3967 3675 4029 εἰς
3704 3966 3803 4038 τὴν

2218 4048 2595 4117 αἰχμαλωσίαν
2630 4049 2704 4120 μὴ
2739 4050 2992 4104 ταπεινὸν
3023 4051 3283 4106 εἰσελθεῖν
3311 4055 3392 4118 εἰς
3419 4053 3589 4127 αὐτὴν
3612 4057 3708 4111 καί⁵
3733 4056 3803 4111 τά

2216 4134 2576 4208 παραπλήσια
2615 4136 2890 4207 πάσχοντα
2932 4141 3045 4202 τοῖς
3082 4140 3616 4211 αἰχμαλωτισθεῖσιν,
3664 4146 3803 4203 ἀλλά

2215 4244 2335 4281 τινα
2355 4227 2512 4299 διῃρη
2522 4228 2681 4297 μένον
2714 4228 2808 4282 καὶ
2838 4229 3129 4302 μετέωρον,
3159 4232 3254 4286 καί⁵
3281 4233 3357 4297 ώς
3381 4234 3489 4288 ἀπὸ
3506 4235 3673 4305 ὕψους
3695 4256 3800 4292 κα-

2215 4318 2590 4374 τασκοποῦντα
2625 4318 2694 4371 τὰ
2741 4318 3007 4390 ἰδιώματα
3045 4322 3163 4386 ἐνὸς
3189 4323 3418 4376 ἑκάστου
3454 4325 3561 4378 τῶν
3587 4344 3799 4382 πεπον-

2220 4410 2391 4463 θότων
2427 4408 2524 4480 τὴν
2571 4408 2950 4481 αἰχμαλωσίαν
2991 4412 3085 4466 καὶ
3115 4414 3266 4486 παρά
3288 4416 3398 4476 τοῖς
3428 4414 3663 4485 ῥεύμασι
3694 4420 3798 4474 τοῦ

535 4527 642 4582 que
680 4508 1017 4578 captivorum
1058 4507 1151 4576 qui
1191 4506 1347 4576 juxta
1383 4505 1583 4561 ﬂuenta
1608 4505 1756 4559 ﬂuvii
1784 4507 2113 4575 captivitatis

2224 4501 2465 4573 ποταμοῦ
2514 4502 2612 4572 τῆς
2662 4501 3037 4572 αἰχμαλωσίας
3091 4504 3480 4560 κατοικούντων
3528 4508 3622 4560 καὶ
3678 4514 3799 4575 τοῖς

536 4603 699 4657 rebus
722 4598 1065 4654 instabilibus
1094 4605 1449 4666 occupantur,
1480 4595 1835 4665 proprietates
1861 4597 2111 4652 conside-

538 4703 638 4749 ret.
670 4693 955 4766 Oportebit
986 4692 1149 4746 etiam
1178 4698 1238 4744 ut
1259 4689 1581 4744 revertendo
1601 4688 1716 4743 dies
1748 4687 1967 4742 Sabbati
2002 4705 2108 4744 nu-

539 4799 728 4852 meret,
756 4795 816 4840 ut
846 4785 1129 4855 diligenter
1158 4782 1296 4838 sciat
1312 4796 1432 4851 quae
1465 4788 1594 4835 sunt
1616 4780 1973 4850 captivorum.
1992 4779 2110 4838 Sic-

538 4892 642 4946 que
679 4878 860 4930 audiet
893 4895 908 4931 :
955 4875 1344 4943 Speculatorem
1380 4873 1501 4927 dedi
1542 4881 1590 4926 te
1626 4871 1806 4925 domui
1836 4871 2029 4929 Israel.

609 4966 831 5038 Iniquus
854 4966 944 5020 ille
980 4968 1034 5019 in
1070 4983 1168 5020 sua
1206 4965 1477 5035 injustitia
1504 4964 1757 5017 morietur
1782 4964 1847 5018 “.
1878 4963 1995 5019 Non
2025 4980 2110 5021 so-

533 5059 645 5117 lum
703 5056 1037 5125 iniquitatis,
1088 5071 1275 5110 verum
1336 5057 1499 5111 etiam
1553 5055 1765 5108 viarum
1822 5055 2104 5123 meminit;

532 5166 728 5222 nempe
758 5149 1093 5218 iniquitatem
1134 5164 1334 5204 vocans
1362 5146 1510 5219 quod
1541 5146 1733 5201 attinet
1755 5148 1820 5201 ad
1855 5146 2104 5218 impieta-

534 5255 638 5300 tem
686 5252 741 5297 et
789 5240 1054 5296 idolorum
1101 5240 1339 5307 cultum;
1375 5241 1491 5294 vias
1521 5249 1723 5305 autem,
1771 5238 1823 5294 id
1857 5239 2002 5308 quod
2032 5238 2102 5295 ad

528 5338 772 5395 actiones
802 5350 928 5405 erga
957 5332 1261 5403 proximum
1288 5339 1516 5402 spectat.

596 5432 665 5486 Et
699 5432 745 5484 si
783 5427 1026 5483 averterit
1061 5441 1115 5479 se
1140 5423 1319 5493 justus
1346 5424 1410 5480 “.
1458 5422 1701 5478 Primum
1733 5423 1951 5493 quidem
1986 5423 2101 5479 haec

527 5523 666 5580 dicta
700 5531 848 5587 sunt,
877 5519 1021 5591 quod
1063 5517 1197 5572 nilnl
1231 5524 1378 5571 vetet
1406 5516 1703 5585 quominus
1730 5515 1778 5570 is
1807 5514 2101 5584 quijustus

527 5625 610 5671 est
642 5616 832 5679 cadat;
863 5610 1060 5668 deinde
1082 5612 1228 5681 quod
1257 5617 1310 5667 et
1343 5608 1420 5661 illi
1446 5622 1585 5678 opus
1610 5607 1684 5662 sit
1713 5605 1943 5661 seorsitn
1972 5616 2098 5674 spe-

614 5795 855 5851 ‘Ezccb.
888 5810 967 5864 ιιι,
1004 5796 1091 5850 12.
1164 5796 1182 5825 ⁷
1215 5792 1374 5851 Mich.
1404 5807 1444 5859 ι,
1469 5792 1522 5846 ὗ.
1606 5791 1626 5823 ⁸
1654 5791 1672 5844 l
1700 5790 1840 5844 Tim.
1875 5804 1951 5857 γι,
1992 5792 2084 5849 16..

2151 5796 2169 5823 ’³
2207 5791 2375 5844 licet-lt
2428 5801 2508 5852 ιιι,
2549 5786 2628 5838 l7.
2711 5786 2752 5817 ¹⁰
2787 5785 2916 5841 ibid.
2951 5785 3040 5842 l9.

2219 4590 2473 4652 άστάτοις
2503 4591 2683 4644 αὐτῶν
2712 4591 3019 4663 πράγμασι.
3070 4593 3322 4666 Ἀριθμὸν
3351 4596 3408 4650 δέ
3431 4597 3613 4669 δεήσει
3638 4601 3800 4673 ποιῆ-

2222 4699 2309 4735 σαι
2329 4680 2554 4753 ἡμερῶν
2581 4681 2851 4736 σαϐϐάτου
2886 4685 3377 4757 ἀναστρεφόμενον,
3406 4689 3490 4743 ἵνα
3522 4691 3796 4762 ἐπιμελῶς

2221 4772 2307 4846 ῐδῃ
2338 4771 2407 4825 τά
2438 4770 2545 4825 τῶν
2577 4771 2955 4843 αἰχμαλώτων.
3003 4775 3113 4828 Καὶ
3142 4776 3315 4841 οὕτως
3348 4779 3606 4833 ἀκούσει·
3649 4785 3797 4837 Σκο-

2219 4864 2338 4918 πὸν
2363 4862 2596 4917 δέδωκά
2616 4881 2691 4918 σε
2721 4864 2801 4930 τῷ
2829 4866 2971 4929 οἴκῳ
3024 4868 3289 4937 Ἰσραήλ.

2296 4957 2348 5008 '0
2380 4955 2602 5026 ἄνομος
2638 4956 2866 5024 ἐκεῖνος
2901 4958 2972 5012 ἐν
3008 4957 3083 5028 τῇ
3125 4959 3325 5026 ἀδικίᾳ
3354 4960 3542 5015 αὐτοῦ
3572 4963 3794 5020 ἀποθα-

2209 5048 2413 5103 νεῖται.
2442 5049 2556 5102 Ούκ
2581 5050 2809 5121 ἀνομίας
2843 5050 3033 5121 μόνον,
3066 5051 3201 5105 ἀλλά
3241 5051 3336 5105 καὶ
3381 5053 3515 5109 ὁδῶν
3553 5057 3791 5129 ἐμνημό-

2208 5160 2297 5197 νευ
2308 5160 2383 5206 σε,
2408 5142 2506 5214 τὴν
2535 5143 2764 5213 ἀνομίαν
2789 5144 2987 5215 φήσας,
3022 5144 3116 5196 ἐπὶ
3137 5146 3203 5215 τῇ
3229 5144 3453 5217 ἀσεϐείᾳ
3475 5148 3568 5199 καὶ
3592 5151 3660 5219 τῇ
3684 5150 3793 5208 τῶν

2206 5234 2441 5288 εἰδώλων
2462 5235 2726 5306 θεραπεία
2748 5251 2761 5265 ·
2795 5234 2865 5289 τὰ
2893 5234 2951 5289 δέ
2974 5235 3127 5300 ὁδοὺς
3162 5236 3253 5289 ἐπὶ
3282 5235 3389 5290 τῶν
3416 5236 3667 5309 πράξεων
3681 5241 3790 5295 τῶν

2208 5327 2288 5388 εἰς
2320 5325 2409 5379 τὸν
2434 5325 2680 5396 πλησίον.

2275 5417 2382 5470 Kal
2406 5417 2476 5470 ἐν
2504 5415 2584 5482 τῷ
2618 5418 3021 5487 ἀποστρέφειν
3056 5418 3306 5472 δίκαιον.
3326 5419 3547 5491 Πρῶτον
3565 5421 3695 5490 μὲν,
3712 5421 3789 5487 ὡς

2206 5508 2431 5563 δυνατοῦ
2452 5508 2603 5572 ὄντος
2625 5509 2719 5562 τοῦ
2747 5509 2955 5563 δικαίου
2992 5514 3339 5579 μεταπεσεῖν,
3353 5511 3526 5565 ταῦτα
3548 5513 3783 5586 εῖρηταν

2207 5597 2453 5669 δεύτερον
2485 5599 2566 5668 δὲ,
2594 5602 2675 5655 ὅτι
2710 5603 2805 5654 καὶ
2826 5602 2907 5655 δεῖ
2930 5601 3104 5673 τούτῳ
3140 5601 3586 5675 διαστελλομένου
3638 5604 3784 5678 αὐτῷ

3152 5786 3193 5820 “
3223 5787 3351 5845 ibid.
3382 5787 3471 5845 20.
