4070 6296
296 421 403 476 777

1456 413 1769 470 SELECTA
1805 414 1875 469 ΙΝ
1917 414 2378 471 EZECIIIELEM.
3467 410 3570 469 778

303 537 506 598 σκοποῦ
525 556 539 569 ’
576 538 671 593 καὶ
692 539 872 613 τρίτον
901 539 994 593 ἐπὶ
1029 536 1126 609 μὲν
1161 536 1254 590 τοῦ
1285 536 1490 607 ἀνόμου
1525 535 1711 601 ἁπλῶς
1739 536 1878 607 εἴρη-

1994 536 2268 601 culatore;
2306 552 2370 592 ac
2403 535 2583 603 tertio,
2612 535 2757 607 quod
2785 533 2851 592 de
2874 533 3062 606 iniquo
3088 533 3336 591 absolute
3365 533 3567 591 dictum

290 628 389 683 ταί
402 628 465 683 τό
480 645 494 659 ο
535 628 588 682 Ὀ
616 627 839 699 ἄνομος
864 626 1023 697 ἐντῇ
1043 629 1259 697 ἀνομίᾳ
1273 625 1459 680 αὑτοῦ
1474 625 1878 681 ἀποθανεῖται.

297 722 542 786 Βάσανος
570 721 833 776 τέτακται
872 723 959 775 ἐπ’
990 721 1184 775 αὑτοῦ·
1217 719 1395 775 Δώσω
1415 719 1547 794 γὰρ,
1583 720 1736 789 φησι,
1768 718 1883 788 τὴν

283 812 578 880 ,βάσανον
599 816 688 879 εὶς
718 813 1041 882 πρόσωπον
1066 812 1276 867 αὐτοῦ.

362 905 477 960 Καὶ
507 904 744 975 ἐγένετο
777 905 870 958 ἐπ’
897 904 1002 973 ἐμὲ
1050 904 1178 974 χείρ
1220 904 1464 973 Κυρίου.
1516 902 1737 974 Ἐπειδὴ
1782 902 1882 956 οὐκ

291 998 553 1052 ἐδύναντο
580 998 877 1067 ’ἑστηκότος
902 996 1064 1052 αὐτοῦ
1090 996 1309 1052 ἀκούειν
1327 998 1376 1049 οἱ
1403 998 1462 1051 ὲν
1499 999 1566 1068 τῇ
1601 995 1883 1067 αἰχμαλω-

291 1088 404 1159 σίᾳ,
445 1087 540 1141 διὰ
568 1087 726 1141 τοῦτο
748 1088 1014 1160 ὲκαθέσθη
1043 1091 1099 1143 ὲν
1131 1089 1283 1161 μέσῳ
1312 1088 1512 1142 αὐτῶν.
1543 1089 1673 1141 Ὅτε
1697 1088 1755 1141 δὲ
1787 1089 1883 1142 αύ-

288 1179 379 1244 eu;
402 1180 592 1251 μέλλει
617 1179 832 1249 βλέπειν
857 1180 956 1252 τὴν
994 1179 1151 1245 δόξαν
1182 1181 1389 1252 Κυρίου
1409 1219 1424 1243 ,
1465 1179 1746 1233 ἀνίσταται
1788 1181 1882 1235 καὶ

281 1270 576 1343 ἐξέρχεται
604 1273 682 1335 είς
704 1271 767 1325 τὸ
785 1271 996 1335 πεδίον,
1031 1270 1540 1342 συλλαμϐανομένου
1580 1270 1741 1341 μόνου
1784 1270 1878 1325 τοῦ

282 1363 535 1426 πλάτους
583 1362 678 1417 τοῦ
727 1363 909 1416 πεδίου
945 1365 1008 1434 τῇ
1042 1362 1159 1433 ὄψει
1191 1362 1292 1432 τῆς
1323 1360 1481 1433 δόξης
1523 1362 1764 1434 Κυρίου,
1813 1363 1880 1435 ἣν
1915 1441 1921 1446 “

282 1455 523 1526 ἔμελλεν
550 1456 683 1527 ὁρᾷν
703 1456 732 1507 ὁ
764 1457 1074 1527 προφήτης.

358 1547 649 1615 Εἷσελθε,
695 1548 792 1602 καί
831 1547 1219 1617 ἐγκλείσθητι
1262 1546 1332 1601 ἑνν
1356 1545 1526 1618 μέσφ
1555 1547 1663 1601 τοῦ
1709 1547 1879 1602 οἴκου

275 1654 425 1696 σου.
487 1640 640 1693 Ἐπεὶ
660 1639 759 1709 οὐχ
788 1634 901 1694 οἷόν
936 1640 995 1694 τέ
1027 1642 1145 1694 ἐστι
1183 1639 1485 1694 διακεῖσθαι
1529 1640 1879 1713 προσδιατρί-

284 1733 454 1786 ϐοντα
488 1730 861 1802 ἐξεληλυθέναι
887 1732 982 1785 καὶ
1011 1732 1296 1804 έστηκέναι
1320 1732 1412 1787 τὸν
1444 1733 1525 1786 ἔτι
1556 1733 1685 1788 ὄντα
1720 1736 1777 1786 ὲν
1801 1733 1880 1804 τῷ

285 1825 511 1898 σώματι
533 1841 548 1854 ’
580 1826 738 1879 καλεῖ
770 1826 879 1898 γὰρ
909 1828 942 1898 ἡ
973 1827 1258 1899 σωματικὴ
1304 1827 1462 1899 χρεία
1500 1827 1638 1898 πρὸς
1678 1826 1741 1881 τὸ
1785 1827 1880 1880 καὶ

280 1919 432 1990 μετὰ
460 1917 562 1983 τὰς
595 1918 747 1983 θείας
775 1918 1008 1992 θεωρίας
1041 1920 1201 1974 πάλιν
1230 1919 1492 1974 εἰσελθεῖν
1513 1921 1594 1984 είς
1629 1920 1690 1974 τὸ
1720 1920 1880 1991 σῶμα

281 2010 382 2063 καὶ
402 2010 573 2065 οἱονεὶ
612 2010 680 2065 τὰ
723 2011 817 2064 τοῦ
856 2012 1244 2083 κεκλεισμένον
1296 2011 1560 2082 πάσχειν·
1600 2012 1689 2066 διὰ
1721 2013 1883 2067 τοῦτο

275 2102 511 2173 λέγεται
547 2103 686 2173 μετὰ
711 2103 773 2155 τὸ
799 2103 1103 2175 ἑωρακέναι
1146 2103 1310 2158 αὐτὸν
1338 2104 1630 2173 ἑστηκυῖαν
1667 2104 1769 2176 τὴν
1800 2105 1885 2157 δό-

283 2195 409 2260 ξαν,
443 2196 539 2248 xal.
569 2192 709 2265 μετὰ
729 2194 791 2247 τὸ
822 2194 929 2247 ὑπὸ
963 2192 1056 2248 τοῦ
1091 2192 1403 2264 πνεύματος
1428 2194 1745 2266 ὲστηρίχθαι
1786 2195 1883 2249 ἐπὶ

280 2285 399 2340 τῶν
421 2284 601 2340 ποδῶν
613 2283 801 2349 αὐτοῦ,
827 2284 909 2351 τὸ,
935 2283 1214 2350 Εισελθε,
1230 2283 1612 2353 ἐγκλεισθητι
1632 2282 1884 2352 ἐνμέσῳ

280 2377 397 2433 τοῦ
425 2378 597 2432 οἷκου
630 2393 769 2432 σου.
1042 2392 1045 2397 ·

372 2469 521 2523 Ἰδοὺ
547 2468 807 2525 δίδονται
828 2468 929 2524 ἐπὶ
956 2469 1033 2523 σὲ
1058 2469 1291 2539 δεσμοί.
1323 2469 1435 2523 Καὶ
1464 2468 1610 2532 τινες
1637 2467 1704 2522 ἂν
1735 2467 1882 2523 ἄλλοι

276 2556 400 2616 εἷεν
428 2562 477 2614 oi
497 2561 770 2632 δεδομένοι
805 2562 897 2615 ἐπὶ
934 2561 1027 2615 τὸν
1063 2563 1350 2634 προφήτην
1379 2561 1568 2632 δεσμοὶ
1608 2560 1641 2632 ἢ
1686 2561 1744 2614 αἱ
1773 2579 1880 2615 σω-

286 2654 525 2724 ματικαὶ
556 2653 812 2722 ἀνάγκαι,
837 2657 895 2708 ὲν
924 2649 1187 2719 αἷς-εἰσιν
1207 2659 1257 2710 οἱ
1308 2653 1666 2727 δεσμεύοντες
1697 2655 1879 2725 ἡμᾶς’

276 2744 370 2807 ὡς
409 2743 766 2815 μὴδύνασθαι
801 2746 982 2819 πάντη
1011 2748 1271 2819 ἐκφυγεῖν
1303 2746 1475 2810 αὐτὰς
1518 2745 1615 2800 καὶ
1646 2743 1881 2810 ἐξελθεῖν

282 2834 391 2889 ἀπ’
414 2834 622 2907 aucti»);
680 2834 815 2894 Atti."
833 2839 1036 2904 ταύτας
1081 2839 1346 2894 συνδεῖται
1383 2840 1417 2911 ἡ
1464 2837 1688 2908 γλῶσσα
1721 2839 1880 2909 ἡμῶν

280 2926 405 2987 ἀπὸ
431 2931 565 2986 Θεοῦ
601 2933 738 3005 πρὸς
759 2932 851 2986 τὸν
874 2932 1154 3002 λάρυγγα·
1187 2929 1329 2984 ὥστε
1347 2929 1435 3001 ,μὴ
1469 2928 1562 2982 τὸν
1591 2929 1722 3001 περὶ
1771 2928 1879 2984 τῶν

282 3024 557 3079 πλειόνων
581 3024 736 3093 λόγον
758 3025 854 3078 καὶ
885 3021 1293 3094 μυστικώτατον
1315 3023 1374 3075 ὲν
1388 3024 1521 3094 ἡμῖν
1537 3016 1679 3075 εἶναι
1716 3038 1880 3093 μετα-

278 3115 493 3171 διδόναι
513 3117 626 3180 τοῖς
641 3115 1140 3188 παραπικραίνουσι
1161 3114 1231 3183 τὸ,
1249 3114 1402 3168 Θεῖον
1432 3114 1526 3168 καὶ
1552 3112 1625 3185 μὴ
1640 3113 1877 3185 χωροῦσι

1984 626 2094 680 sit:
2144 624 2366 696 Iniquus
2409 643 2465 680 in
2520 627 2800 698 iniquitate
2849 642 2946 680 sua
3000 626 3279 681 morietur.
3339 625 3571 681 Ponitur

1985 725 2315 771 tormentum
2348 734 2511 788 super
2550 734 2673 774 eum
2707 738 2721 774 :
2771 718 2917 773 Dabo
2951 702 3120 786 enim,
3167 718 3344 789 inquit
3365 719 3428 784 “,
3457 727 3574 773 tor-

1983 818 2214 862 mentum
2246 809 2301 863 in
2340 810 2533 880 faciem
2566 810 2705 881 ejus.

2057 899 2125 953 Et
2174 900 2317 970 facta
2345 912 2423 957 est
2456 920 2613 973 super
2649 919 2728 958 me
2751 919 2939 956 manus
2965 902 3179 957 Domini
3209 903 3272 956 ¹³.
3297 901 3438 970 Quia
3462 919 3570 958 non

1983 1001 2235 1061 poterant
2273 994 2473 1063 captivi
2503 1003 2734 1049 stantem
2767 994 2918 1048 illum
2951 995 3161 1060 audire,
3198 994 3404 1050 idcirco
3432 995 3574 1050 sedit

1985 1083 2038 1137 in
2072 1085 2252 1140 medio
2280 1101 2497 1141 eorum.
2529 1087 2599 1142 At
2629 1103 2752 1142 cum
2790 1089 2906 1158 ipse
2934 1086 3150 1144 Domini
3180 1087 3408 1159 gloriam
3441 1103 3574 1143 con-

1985 1187 2274 1246 sper-turus
2296 1189 2400 1244 est,
2444 1191 2571 1237 tunc
2593 1185 2767 1255 surgit
2797 1194 2851 1240 et
2889 1186 2941 1238 in
2987 1198 3241 1253 campum
3276 1183 3571 1252 egreditur,

1984 1279 2046 1323 ut
2082 1272 2197 1327 sola
2233 1274 2412 1344 campi
2444 1275 2677 1331 latitudo
2710 1293 2820 1331 una
2846 1292 2968 1333 cum
2998 1284 3222 1345 aspectu
3255 1277 3443 1347 gloriae
3465 1277 3576 1332 Do-

1983 1363 2116 1416 mini
2142 1379 2307 1433 quam
2354 1375 2507 1422 stans
2558 1367 2779 1423 visurus
2832 1376 2951 1423 erat
2989 1369 3274 1438 propheta,
3317 1385 3573 1442 compreo

1983 1455 2333 1511 henderetur.

2051 1545 2364 1618 Ingredere,
2409 1558 2461 1604 et
2502 1550 2770 1605 includere
2803 1551 2855 1603 in
2904 1551 3076 1604 medio
3131 1551 3320 1607 domus
3365 1559 3470 1607 tua:
3506 1554 3571 1608 ³⁵.

1982 1636 2121 1704 Quia
2175 1639 2292 1694 ﬁeri
2350 1656 2459 1696 non
2509 1652 2709 1712 potest,
2781 1652 2840 1698 ut
2881 1643 2974 1713 qui
3022 1643 3203 1699 adhuc
3233 1653 3485 1699 versatur
3516 1644 3572 1699 in

1982 1744 2230 1800 corpore,
2265 1732 2320 1785 in
2352 1732 2630 1808 longiores
2663 1751 2851 1791 moras
2879 1735 3041 1791 exire
3063 1751 3129 1791 ac
3165 1745 3313 1792 stare
3342 1736 3576 1792 sumciat

1985 1820 2306 1892 (corporalis
2338 1825 2485 1878 enim
2514 1826 2624 1881 illic
2652 1827 2955 1881 necessitas
2986 1836 3068 1884 est
3096 1836 3157 1882 ut
3187 1838 3241 1882 et
3271 1844 3394 1885 cum
3433 1828 3575 1884 divi-

1984 1930 2053 1969 na
2089 1916 2260 1986 gloria
2290 1917 2345 1971 in
2374 1933 2575 1987 corpus
2605 1935 2823 1974 rursum
2860 1920 3217 1992 ingrediatur,
3249 1938 3314 1978 ac
3336 1923 3485 1977 velut
3507 1940 3572 1979 ea

1983 2021 2107 2075 quae
2137 2007 2335 2064 inclusi
2371 2025 2612 2073 carcere,
2644 2011 2928 2081 patiatur),
2962 2012 3166 2069 idcirco
3194 2014 3414 2080 dicitur,
3450 2026 3574 2085 post

1984 2108 2332 2169 conspectam
2364 2111 2600 2157 stantem
2632 2102 2885 2174 gloriam,
2914 2114 2968 2160 et
2993 2114 3283 2176 postquam
3309 2122 3432 2162 eum
3461 2109 3574 2178 spi—

1983 2190 2126 2245 ritus
2146 2206 2310 2261 supra
2336 2195 2501 2264 pedes
2529 2210 2659 2250 suos
2686 2196 2912 2251 ﬁrmiter
2935 2206 3200 2253 statuerat
3225 2217 3239 2253 ε
3267 2197 3569 2270 Ingredere,

1985 2279 2256 2334 includere
2276 2282 2332 2334 in
2366 2284 2537 2338 medio
2571 2285 2762 2340 domus
2789 2295 2913 2340 tute.

2056 2462 2194 2518 Ecce
2221 2465 2420 2521 dantur
2451 2485 2606 2540 super
2633 2482 2682 2525 te
2702 2468 2912 2528 vincula
2938 2474 3001 2530 ¹⁵.
3028 2474 3161 2530 Nam
3186 2492 3437 2547 quaenam
3465 2477 3570 2532 alia

1983 2553 2109 2610 data
2142 2554 2346 2613 fuerint
2379 2575 2546 2630 super
2586 2564 2909 2633 prophetam
2956 2568 3194 2632 vincula,
3231 2586 3398 2640 quam
3442 2587 3572 2627 cor-

1982 2646 2199 2715 porales
2233 2650 2619 2719 necessitates,
2663 2654 2716 2708 in
2765 2657 2964 2725 quibus
3007 2668 3134 2713 sunt
3165 2675 3287 2730 quae
3317 2677 3418 2719 nos
3451 2663 3574 2717 vin-

1983 2734 2171 2791 ciunt:
2204 2737 2278 2793 ita
2307 2748 2367 2793 ut
2390 2756 2498 2796 non
2531 2743 2693 2799 liceat
2727 2761 2822 2802 eas
2868 2747 3094 2803 omnino
3126 2749 3363 2822 eﬂugere
3409 2763 3463 2809 et
3502 2753 3572 2808 ab

1978 2827 2062 2883 eis
2089 2828 2279 2884 exire?
2307 2828 2389 2886 Oh
2416 2849 2533 2901 eas,
2563 2835 2656 2890 Dei
2688 2838 2989 2907 voluntate,
3021 2840 3205 2913 lingua
3237 2855 3424 2901 nostra
3450 2845 3573 2902 fau—

1980 2919 2138 2976 cibus
2168 2924 2375 2980 nostris
2408 2926 2567 2996 quasi
2597 2928 2779 2985 vincta
2811 2932 3053 2988 adhaeret
3085 2952 3100 2989 :
3147 2935 3221 2990 ita
3271 2946 3330 2992 ut
3360 2954 3468 2993 non
3501 2942 3573 2997 sit

1978 3022 2184 3071 nostra;
2205 3013 2481 3073 facultatis
2526 3019 2834 3077 uberiorem
2879 3024 3188 3082 doctrinam
3238 3036 3402 3100 atque
3441 3033 3571 3088 abs—

1982 3110 2277 3166 trusiorem
2329 3110 2437 3165 illis
2466 3111 2733 3183 impertiri
2756 3117 2849 3185 qui
2883 3115 3055 3177 Deum
3090 3130 3438 3191 exasperant,
3470 3139 3574 3181 nec

283 3209 485 3277 λόγους
526 3208 891 3277 ὲλεγκτικούς.
948 3208 1094 3280 Πλὴν
1132 3207 1547 3281 παρατηρητέον
1567 3246 1582 3270 ,
1629 3207 1712 3261 ὅτι
1749 3206 1877 3262 ἔνθα

1980 3203 2208 3274 capiunt
2235 3203 2396 3259 verba
2425 3204 2821 3277 objurgatoria.
2850 3209 3120 3265 Craterum
3164 3213 3571 3270 observandum

284 3299 518 3354 πλείονά
541 3300 746 3354 ἐστιτὰ
791 3302 1182 3372 ἁμαρτήματα,
1216 3295 1495 3353 κελεύεται
1521 3301 1550 3354 ό
1592 3302 1877 3372 προφήτης

282 3391 432 3465 μηδὲ
462 3391 704 3461 ἐλέγχειν
739 3390 819 3445 ἔτι
850 3390 938 3445 διὰ
963 3389 1058 3444 τοῦ
1079 3408 1093 3422 ’
1125 3391 1237 3446 Καὶ
1271 3393 1382 3445 οὐκ
1402 3391 1520 3460 ἔσῃ
1553 3391 1759 3458 αὐτοῖς
1788 3394 1875 3457 εὶς

283 3482 484 3550 ἄνδρα
524 3481 854 3551 ἐλέγχοντα
877 3522 891 3546 ,
953 3482 1105 3536 διότι
1167 3482 1334 3548 οἶκος
1383 3481 1877 3551 παραπικραίνων

278 3575 458 3630 ἐστί’
489 3574 613 3629 οὔτε
633 3575 690 3630 δὲ
711 3575 797 3628 ἀεὶ
827 3574 1107 3628 κελεύεται
1148 3574 1359 3644 σιωπᾷν
1381 3574 1476 3627 καὶ
1502 3572 1577 3644 μὴ
1606 3572 1873 3642 ἐλέγχειν,

280 3668 406 3723 ἀλλ’
431 3669 490 3722 ὲν
519 3667 696 3740 καιρῷ
719 3666 988 3721 καὶτοῦτο
1020 3668 1194 3720 ποιεῖν
1230 3665 1318 3718 διὰ
1350 3665 1412 3719 τὸ
1437 3664 1721 3738 είρῆσθαι’
1763 3663 1877 3718 Καὶ

279 3758 353 3813 ἐν
378 3757 470 3825 τῷ
497 3757 711 3814 λαλεῖν
727 3775 806 3828 με
834 3758 985 3826 πρὸς
1011 3757 1087 3811 σὲ
1113 3756 1336 3822 ἀνοίξω
1376 3757 1444 3811 τὸ
1492 3757 1689 3825 στόμα
1733 3771 1872 3819 σου,

281 3853 386 3907 καὶ
425 3851 581 3920 ἐρεῖς
604 3852 757 3921 πρὸς
781 3852 1005 3917 αὐτούς
1027 3868 1039 3881 ·
1089 3849 1235 3905 Τάδε
1263 3848 1428 3920 λέγει
1471 3849 1716 3916 Κύριος-ὲ
1763 3846 1877 3901 Καὶ

279 3943 529 4000 ἀκούων
545 3944 833 4009 ἀκουέτω,
862 3942 962 3997 καὶ
989 3945 1025 3996 ὁ
1047 3941 1308 3998 ἀπειθῶν
1328 3939 1659 3997 ἁπειθείτω.

952 4120 1109 4175 ΚΕΦ.
1150 4121 1226 4174 Δθ.
1509 4148 1515 4154 θ

347 4213 516 4271 Λάϐε
535 4211 771 4278 σεαυτῷ
796 4211 1072 4266 πλίνθον.
1106 4204 1271 4281 Οἶμαι
1314 4209 1413 4281 τὴν
1453 4208 1874 4280 λαμϐανομένην

279 4308 517 4363 πλίνθον
547 4304 780 4361 ἕκαστον
825 4301 967 4358 εἶναι
1001 4303 1109 4358 τῶν
1142 4303 1249 4375 πρὸ
1286 4301 1382 4355 τοῦ
1429 4301 1871 4366 πεπιστευκέναι,

280 4400 497 4471 πλίνθῳ
516 4399 615 4471 τὴν
643 4397 884 4453 διάνοιαν
909 4395 1182 4451 ἐοικότων.

360 4488 477 4543 Τοῦ
508 4487 717 4542 αὐτοῦ.
751 4485 975 4540 Πλίνθον
1003 4483 1237 4541 ἐνταῦθα
1258 4484 1464 4556 νομίζω
1492 4482 1746 4552 λέγεσθαι
1774 4483 1873 4555 τὴν

1979 3304 2084 3361 est,
2109 3294 2201 3349 ubi
2238 3294 2471 3364 plurima
2499 3304 2628 3349 sunt
2658 3307 2902 3367 peccata,
2937 3299 3033 3367 ibi,
3082 3317 3152 3356 ne
3194 3305 3430 3374 amplius
3472 3306 3573 3361 ob-

1974 3384 2177 3455 jurget,
2209 3386 2486 3456 prophetae
2520 3387 2739 3458 praecipi
2772 3389 2855 3444 his
2887 3392 3068 3447 verbis
3111 3393 3154 3425 ¹⁶
3180 3412 3192 3447 :
3222 3393 3293 3450 Et
3335 3413 3439 3451 non
3465 3398 3570 3453 eris

1975 3477 2053 3530 eis
2102 3477 2158 3530 in
2210 3478 2383 3532 virum
2425 3478 2812 3549 objurgantem,
2846 3483 2972 3551 quia
3017 3484 3204 3538 domus
3242 3503 3569 3558 exasperans

1977 3576 2074 3622 est.
2120 3565 2232 3623 Nec
2285 3583 2415 3623 vero
2457 3569 2734 3624 silentium
2785 3586 3000 3641 semper
3048 3574 3366 3645 imperatur,
3412 3587 3571 3634 etne

1978 3657 2260 3727 objurget;
2307 3673 2497 3712 verum
2532 3659 2637 3714 hoc
2673 3676 2892 3732 quoque
2938 3664 2991 3717 in
3033 3674 3275 3736 tempore
3309 3678 3570 3739 praestare

1974 3746 2218 3815 jubetur,
2268 3746 2473 3802 dictum
2523 3757 2606 3803 est
2659 3750 2805 3805 enim
2832 3752 2916 3806 ’τε
2958 3751 3027 3805 Et
3072 3754 3330 3826 loquendo
3381 3760 3451 3812 ad
3497 3773 3566 3824 te,

1977 3841 2216 3909 aperiam
2246 3855 2304 3894 os
2340 3848 2509 3905 tuum,
2541 3850 2591 3895 et
2623 3842 2764 3897 dices
2807 3845 2876 3897 ad
2915 3863 3002 3901 eos
3034 3864 3052 3900 :
3075 3845 3238 3918 412
3272 3847 3402 3905 Htec
3439 3852 3567 3906 dicit

1979 3931 2239 3984 Dominus
2261 3947 2280 3985 :
2309 3930 2414 3996 Qui
2444 3932 2617 4001 audit,
2662 3935 2889 4002 audiat;
2931 3948 2980 3992 et
3013 3942 3104 4010 qui
3128 3952 3205 3997 est
3243 3942 3566 4013 inobediens,

1980 4040 2079 4077 non
2115 4023 2343 4078 obediat.

2629 4116 2782 4172 CAP.
2829 4118 2922 4175 Ν.

2049 4205 2210 4261 Sume
2241 4206 2337 4283 tibi
2365 4205 2587 4260 laterem
2610 4207 2672 4259 ³⁸.
2707 4206 2995 4274 Existimo,
3031 4227 3192 4282 quem
3235 4219 3402 4275 sumit
3433 4220 3568 4274 latc-

1978 4313 2129 4363 rem,
2180 4312 2632 4367 unumquemque
2678 4314 2801 4355 esse
2840 4317 3029 4357 eorum
3063 4305 3159 4376 qui
3196 4319 3374 4365 mente
3414 4312 3568 4368 lateri

1977 4391 2184 4446 similes
2218 4399 2349 4446 sunt
2378 4404 2505 4446 ante
2545 4404 2854 4464 susceptam
2887 4396 3070 4454 tidem.

2047 4482 2324 4554 Ejusdem.
2360 4486 2606 4542 Laterem
2643 4488 2747 4544 hoc
2798 4490 2921 4546 loco
2968 4492 3076 4549 dici
3127 4495 3367 4550 arbitror
3412 4498 3566 4555 rudis

280 4579 383 4636 τοῦ
411 4578 739 4634 ἀπαιδεύτου
771 4579 868 4633 καὶ
894 4578 1123 4649 ἀνοήτου
1145 4574 1344 4647 ψυχὴν,
1364 4577 1422 4630 ἐν
1511 4574 1873 4647 διαγράφεται

1980 4577 2222 4632 hominis
2254 4593 2320 4633 ac
2353 4578 2661 4650 insipientis
2690 4582 2953 4649 animam,
2999 4582 3052 4637 in
3077 4601 3184 4654 qua
3218 4601 3248 4640 a
3276 4589 3564 4658 propheta,

284 4669 398 4726 ὑπὸ
432 4668 531 4723 τοῦ
575 4669 851 4743 προφήτου
892 4668 988 4724 καὶ
1028 4666 1122 4721 τοῦ
1157 4667 1457 4738 δυναμένου
1503 4665 1773 4731 διδάσκειν
1805 4664 1875 4719 τὰ

287 4760 637 4832 πνευματικὰ
670 4761 765 4813 καὶ
804 4759 872 4813 τὰ
903 4759 1187 4830 κρείττονα
1230 4757 1677 4830 παραδεικνύναι,
1719 4759 1875 4823 πόλις

297 4853 678 4925 Ἰερουσαλὴμ,
698 4853 795 4905 καὶ
825 4851 894 4905 τὰ
918 4855 976 4905 ὲν
999 4851 1136 4922 αὐτῇ
1175 4853 1469 4923 μυστήρια,
1507 4852 1602 4904 καὶ
1650 4853 1680 4904 ὁ
1717 4851 1875 4920 λόγος

285 4954 392 5024 τῆς
432 4944 640 5008 πόλεως
685 4942 780 4997 τοῦ
837 4942 974 4997 Θεοῦ
1024 4943 1119 4996 καὶ
1167 4941 1276 4996 τῶν
1326 4944 1873 5015 ὲμπολιτευσαμὲνων

286 5038 447 5109 αὐτῇ.
490 5035 727 5109 Περιοχὴ
776 5035 833 5090 δὲ
860 5035 960 5107 τῆς
990 5034 1196 5097 πόλεως
1234 5034 1301 5088 ἃν
1344 5035 1430 5106 εῖη
1454 5036 1702 5106 δόγματα
1745 5039 1872 5106 ὀχυ-

290 5129 488 5200 ροῦντα
515 5130 643 5193 τοὺς
664 5128 855 5198 λόγους
890 5129 1019 5191 τοὺς
1040 5128 1171 5198 περὶ
1196 5127 1368 5199 αὐτήν
1384 5145 1397 5157 ·
1428 5128 1789 5200 προμαχῶνες
1816 5131 1874 5184 δὲ

289 5224 346 5277 αἱ
390 5223 892 5278 κατασκευαστικαὶ
929 5220 1252 5285 ἀποδείξεις.
1305 5221 1459 5292 Τάχα
1502 5221 1559 5275 δὲ
1609 5223 1705 5275 καὶ
1750 5223 1871 5275 καθ’

286 5314 489 5385 ἑαυτὴν
520 5316 554 5387 ἡ
584 5314 774 5386 λογικὴ
808 5313 1032 5385 θεωρία,
1064 5309 1133 5385 ἦς
1167 5314 1225 5366 ὲν
1257 5310 1463 5379 γνώσεί
1491 5311 1574 5366 δεῖ
1617 5309 1756 5367 εἶναι
1781 5314 1872 5367 τὸν

289 5406 732 5479 ἀκαταμάχητον,
763 5405 1083 5479 σημαίνεται
1115 5407 1182 5457 ὲκ
1210 5404 1303 5458 τοῦ
1326 5422 1340 5436 ο
1373 5404 1485 5460 Καὶ
1532 5406 1872 5475 περιϐαλεῖς

287 5497 356 5553 ἐν
384 5497 544 5568 αὐτῇ
586 5497 855 5569 χάρακαο
899 5501 933 5570 ἡ
982 5498 1040 5551 δὲ
1087 5496 1351 5569 ἁγγελικὴ
1405 5496 1614 5570 φρουρὰ
1654 5498 1719 5552 ὲκ
1745 5500 1869 5553 τοῦ·

288 5587 399 5643 {illi
425 5586 640 5655 δώσεις
667 5589 738 5643 ἐν
772 5587 926 5658 αὐτῇ
979 5587 1383 5658 παρεμϐσλάςο
1421 5590 1476 5641 αἱ
1519 5588 1576 5641 δὲ
1617 5587 1870 5659 βελοστά-

290 5693 404 5742 σεις
425 5680 482 5735 αἱ
511 5679 696 5749 κύκλῳ
722 5680 821 5749 τῆς
847 5680 1224 5750 Ἰερουσαλὴμ,
1251 5682 1301 5734 οἱ
1330 5680 1761 5741 ἀποκρουόμενοι
1788 5683 1875 5735 λό-

370 5784 415 5814 “
444 5784 640 5839 Ezech.
675 5798 757 5847 tu,
789 5782 874 5837 i9.

296 5852 343 5888 '°
376 5854 507 5911 ibid.

584 5948 850 6007 ΡΔτιιοι.
892 5945 1006 6005 (in.
1048 5949 1220 6009 XIII.

266 6038 319 6053 δι’,

1980 4668 2125 4723 etab
2146 4683 2213 4723 eo
2232 4668 2325 4739 qui
2353 4679 2533 4739 potest
2558 4669 2756 4726 docere
2782 4672 3068 4743 Spit-italia,
3097 4691 3161 4731 ac
3188 4679 3566 4746 praestantiora

1982 4769 2316 4826 monstrare,
2369 4762 2759 4819 describuntur
2801 4765 2996 4821 civitas
3042 4764 3385 4840 Jerusalem,
3444 4788 3565 4844 qua:

1982 4859 2111 4905 sunt
2140 4850 2195 4905 in
2238 4867 2303 4907 ea
2342 4855 2623 4926 mysteria,
2660 4856 2799 4911 ratio
2843 4856 3079 4913 civitatis
3119 4857 3234 4926 Dei,
3265 4876 3329 4918 ac
3371 4879 3564 4921 eorum

1982 4940 2078 5010 qui
2121 4940 2176 4995 in
2210 4957 2273 4997 ea
2321 4942 2467 5000 cives
2516 4945 2738 5014 ascripti
2789 4955 2936 5001 sunt.
2971 4946 3187 5003 Civitati
3230 4960 3411 5007 autem
3456 4954 3565 5009 cir.

1981 5033 2305 5089 cumductus
2339 5051 2531 5091 murus
2565 5045 2621 5090 et
2653 5052 2816 5111 agger
2841 5047 3004 5094 erunt
3031 5040 3289 5112 dogmata
3314 5044 3564 5099 munien-

1982 5126 2053 5179 tia
2085 5125 2203 5195 ejus
2243 5128 2518 5195 rationes;
2563 5132 2965 5201 propugnacula
3009 5149 3178 5200 vero,
3240 5138 3565 5192 astruentla-

1980 5234 2101 5273 rum
2132 5234 2314 5274 rerum
2341 5220 2854 5279 demonstrationes.
2880 5224 3044 5281 Forte
3076 5243 3205 5283 vero
3230 5229 3347 5299 ipsa
3371 5243 3564 5284 secuno

1979 5313 2111 5367 dum
2142 5328 2200 5370 se
2231 5314 2425 5369 rationi
2463 5315 2643 5372 nitens
2676 5319 3087 5390 contemplatio,
3118 5320 3278 5392 cujus
3316 5321 3561 5376 notitiam

1979 5405 2177 5460 habeat
2210 5421 2434 5462 necesse
2473 5416 2557 5463 est
2600 5408 2692 5479 qui
2725 5409 3162 5483 inexpugnabilis
3194 5411 3414 5468 futurus
3458 5424 3561 5482 est,
3606 5462 3611 5470 .

1977 5498 2087 5554 illis
2116 5497 2300 5553 verbis
2324 5498 2662 5569 signiﬁcatur
2689 5501 2731 5535 ¹⁹
2760 5521 2775 5557 :
2810 5502 2878 5558 Et
2902 5504 3252 5559 circumdabis
3285 5506 3339 5559 in
3368 5522 3428 5559 ea
3462 5507 3565 5561 vat-

1978 5591 2124 5652 tum;
2160 5590 2474 5659 angelorum
2499 5602 2679 5650 autem
2713 5597 2984 5663 custodia,
3014 5612 3134 5652 cum
3160 5596 3357 5653 dicitur
3376 5598 3422 5630 ¹⁰
3450 5616 3462 5654 :
3494 5596 3562 5654 Et

1977 5682 2129 5738 dabis
2160 5697 2317 5751 super
2347 5698 2466 5736 eum
2501 5694 2717 5749 castra;
2749 5688 3042 5744 missilium
3074 5689 3343 5745 machinae
3372 5689 3426 5744 in
3455 5690 3564 5744 cir-
3648 5746 3651 5747 ν

952 5784 993 5815 "
1017 5785 1145 5839 ibid.
1180 5786 1270 5840 ἓξ.
1349 5787 1390 5818 ⁸⁵
1420 5786 1547 5841 ibid.
1572 5786 1669 5848 ΔΨΑ.
1730 5784 1878 5854 ,⁵⁸ηὼὲ

1982 5788 2069 5841 25.
2167 5786 2209 5818 ¹⁶
2242 5784 2373 5841 ibid.
2408 5784 2498 5840 26.
2583 5789 2624 5819 ¹⁷
2656 5787 2786 5844 ibid.
2811 5789 2899 5844 27.

2997 5791 3039 5823 "
3066 5792 3196 5847 ibid.
3288 5794 3327 5823 ”
3357 5790 3483 5845 ibid.
3505 5788 3562 5842 ’3.

3102 5958 3201 6041 2:»;
