4070 6296
521 376 628 434 779

1935 384 2026 440 EX
2065 385 2368 442 ()RIGENE

3692 395 3797 450 τευ

503 499 666 554 cuitu
695 495 1015 562 Jerusalem,
1046 497 1285 554 rationes
1312 508 1439 553 stitit
1465 515 1582 569 quin
1609 503 1882 557 contraria
1909 514 2085 560 retun-

2195 520 2282 572 γοι
2305 505 2430 567 τοὺς
2462 502 2738 567 ἐναντίους
2770 503 2963 573 λόγους
2990 505 3117 582 είσί.
3167 507 3322 560 Ἐπεὶ
3351 507 3406 561 δὲ
3434 508 3526 561 καὶ
3567 505 3796 562 δυνατόν

513 595 653 648 dunt
701 602 1039 663 argumenta.
1099 590 1238 658 Quia
1301 608 1430 648 vero
1486 605 1609 664 post
1669 605 1816 652 tanta
1866 614 2094 668 peccare

510 687 677 742 etiam
713 669 908 754 potest,
938 683 1167 738 forsitan
1200 699 1322 754 quae
1352 687 1630 754 peccantis
1672 689 1915 742 animum
1965 706 2091 760 per-

512 779 787 845 stringunt
817 775 1056 830 rationes
1087 785 1140 831 et
1178 776 1449 846 castigant
1495 779 1694 847 ipsum,
1735 789 1952 851 sartago
1983 781 2089 835 fer-

511 886 604 924 rea
646 869 1009 938 appellantur,
1040 870 1500 938 quemadmodum
1532 873 1830 927 secundum
1863 876 2095 946 prophe-

511 975 618 1018 tam
655 978 847 1018 murus
881 961 1090 1017 ferreus
1120 963 1384 1032 est,quod
1417 965 1485 1017 ab
1519 965 1728 1034 optimo
1761 967 1944 1022 habitu
1984 985 2091 1023 non

504 1055 742 1126 excidat.
770 1053 905 1109 Illud
937 1063 1116 1108 autem
1145 1055 1224 1108 "z
1256 1054 1484 1108 Parabis
1514 1055 1703 1124 faciem
1739 1066 1906 1121 tuam,
1949 1059 2094 1114 hunc

508 1149 670 1204 habet
697 1163 960 1204 sensum:
997 1149 1370 1219 perspicacem
1413 1151 1579 1204 animi
1633 1152 1708 1206 tui
1770 1151 1877 1206 vim
1914 1157 2094 1222 super

507 1238 696 1293 urbem
722 1238 962 1308 colliges,
994 1239 1134 1292 utin
1184 1239 1445 1294 laterculo
1474 1256 1593 1295 eam
1627 1251 1898 1297 cxstruas.
1944 1241 2092 1298 Erit-

504 1344 609 1398 que
653 1328 999 1384 eivitas’htec
1042 1329 1321 1384 conclusa.
1370 1329 1660 1386 Concludes
1704 1333 1849 1387 enim
1883 1349 1999 1387 eam
2023 1335 2090 1400 ²²,

506 1420 825 1490 imprimens
857 1436 977 1476 eam
1014 1430 1176 1491 atque
1206 1422 1488 1478 includens
1517 1422 1568 1476 in
1600 1425 1782 1479 anima
1825 1426 2092 1483 auditoris

503 1529 730 1583 corpore
774 1513 1116 1568 circumdati.
1172 1512 1320 1568 Istud
1370 1530 1498 1570 vero
1554 1515 1820 1586 quidquid
1879 1526 1980 1580 est,
2035 1517 2090 1572 in

495 1605 720 1676 signum
757 1604 863 1659 illis
891 1614 975 1658 est
1005 1605 1100 1674 qni
1148 1620 1345 1676 genere
1399 1605 1627 1676 ingenui
1675 1615 1824 1670 sunt,
1880 1624 1944 1663 ac
1999 1609 2092 1663 lilii

493 1695 667 1752 Israel
700 1704 984 1750 vocantur.
1015 1695 1178 1749 Forte
1209 1710 1340 1750 vero
1363 1697 1526 1751 etiam
1562 1713 1754 1752 eorum
1787 1714 1969 1754 sermo
1999 1697 2090 1768 qui

503 1804 626 1844 cum
657 1788 873 1858 pietatis
898 1787 1175 1856 dogmatis
1211 1786 1446 1841 instituti
1484 1789 1612 1854 sint,
1647 1805 1752 1843 non
1782 1805 1848 1843 ex
1887 1790 2090 1844 ducti-i-

503 1893 586 1932 nae
612 1875 900 1932 sanctitate
926 1876 1136 1940 vivunt,
1170 1885 1253 1931 est
1287 1877 1339 1930 in
1376 1877 1544 1932 latere
1585 1878 1855 1948 descripta
1895 1880 2086 1934 civitas
2122 1866 2158 1921 Β

489 1967 822 2030 Jerusalem,
853 1965 1076 2020 obsessa
1103 1965 1528 2035 quodammodo,
1557 1974 1721 2035 atque
1751 1981 1946 2036 aggere
1977 1966 2088 2018 vul-

501 2061 620 2114 Iata-
642 2059 710 2114 ab
738 2058 992 2112 hostibus
1017 2058 1424 2128 propugnacula
1460 2057 1807 2124 habentibus,
1835 2057 1978 2111 vallo
2001 2072 2088 2126 gue

498 2152 988 2216 circumdantibus,
1016 2162 1179 2220 atque
1207 2166 1306 2205 sua
1337 2151 1410 2204 illi
1433 2162 1612 2214 castra
1642 2150 2082 2216 admoventibus,

502 2254 556 2300 ct
582 2247 900 2300 innumeras
947 2243 1238 2298 missilium
1288 2242 1591 2310 machinas,
1629 2251 1689 2296 ut
1720 2243 1829 2298 tela
1873 2242 1925 2298 in
1964 2260 2085 2300 eam

505 2347 920 2409 contorqueant.
955 2336 1160 2392 Idcirco
1191 2337 1352 2391 etiam
1387 2344 1603 2405 sartago
1637 2334 1810 2390 ferrea
1836 2337 2083 2406 ponitur,

497 2432 582 2488 uti
610 2441 662 2488 et
688 2447 881 2487 murus
908 2429 1140 2498 ferreus,
1166 2430 1312 2500 quod
1356 2445 1465 2485 non
1513 2431 1585 2485 sit
1635 2429 1757 2485 talis
1793 2429 2084 2500 prOpheta,

502 2525 692 2596 quales
721 2523 797 2578 illi
829 2532 978 2589 sunt,
1009 2522 1104 2578 sed
1133 2522 1207 2577 sit
1240 2522 1356 2591 ipse
1381 2520 1847 2592 inexpugnabilis,
1873 2535 2082 2575 necnon

500 2618 694 2674 civitas
725 2615 981 2688 praesidio
1010 2615 1242 2672 munita.
1273 2613 1583 2684 Praeparata
1617 2623 1798 2670 autem
1845 2623 1922 2669 est
1959 2628 2086 2683 pro-

502 2713 679 2780 pheta:
704 2709 871 2764 facies
903 2709 958 2762 in
983 2723 1103 2761 eam
1136 2721 1257 2776 qua:
1297 2705 1357 2759 in
1380 2705 1663 2760 “laterculo
1693 2713 1776 2760 est
1809 2705 2082 2761 civitatem

501 2811 654 2874 septo
683 2801 998 2858 conclusam
1028 2813 1122 2868 per
1150 2798 1591 2868 propheticorum
1637 2812 1954 2851 sermonum
1986 2799 2083 2854 de-

506 2895 985 2952 monstrationem.
1011 2892 1188 2960 Atque
1222 2891 1326 2945 hoc
1363 2891 1540 2960 ipsum
1563 2899 1741 2944 totum
1771 2891 1978 2960 signum
2006 2902 2083 2947 est

495 2988 631 3056 ﬁliis
667 2985 840 3041 Israel
865 2983 933 3050 ’³,
963 2997 1033 3038 ne
1062 2981 1197 3037 tales
1226 2979 1550 3034 eiﬁciantur.

573 3079 643 3132 Et
695 3086 752 3131 tu
802 3090 950 3130 sume
1000 3067 1479 3141 tibi'sartagiuem
1525 3071 1590 3125 ".
1639 3068 1946 3126 Verisimile
1996 3078 2083 3126 cst

501 3168 768 3242 supplicia
814 3181 937 3223 esse
978 3164 1212 3219 ferream
1254 3163 1625 3232 sartagincm;
1655 3163 1740 3218 vel
1781 3164 2078 3219 secundum

507 3261 794 3318 historiam
816 3299 832 3328 ,
873 3255 1021 3328 quod
1069 3255 1335 3311 barbarus
1365 3253 1508 3309 ﬁlios
1555 3261 1696 3324 regis
1712 3253 1778 3314 in
1812 3255 2082 3327 sartagine

501 3353 742 3410 frixerit.

569 3444 732 3520 ωδ
779 3441 850 3498 Et
897 3457 1070 3498 suum
1117 3439 1426 3509 iniquitates
1469 3437 1659 3491 domus
1709 3434 1880 3491 Israel
1908 3436 1974 3492 ”.
2009 3435 2082 3491 Et

492 3541 632 3611 ,quis
659 3553 760 3594 sua
789 3533 1119 3591 dormitione
1151 3531 1386 3586 liliorum
1419 3529 1584 3584 Israel
1613 3529 1932 3598 iniquitates
1982 3545 2077 3584 ac-

474 3631 646 3701 vcepit
675 3627 921 3698 duplices
974 3637 1226 3689 numero,
1258 3635 1452 3691 nempe
1478 3619 1532 3673 in
1558 3618 1727 3674 Deum
1747 3659 1761 3681 ,
1810 3628 1865 3675 et
1912 3619 2082 3674 ratio-

500 3713 1151 3784 nabilia,-nisi'Salvator
1179 3710 1400 3766 noster?
1434 3708 1670 3765 Decebat
1705 3712 1850 3764 enim
1891 3725 1988 3779 pro
2010 3709 2078 3765 iis

489 3814 589 3885 qui
622 3812 836 3866 minora
868 3805 1239 3876 deliquerant,
1264 3801 1472 3859 diutius
1501 3817 1721 3872 quoque
1749 3804 1926 3873 ipsum
1957 3805 2082 3857 dor-

491 3905 662 3969 mire,
700 3915 811 3957 non
844 3900 900 3954 in
931 3899 1212 3954 dexteram
1234 3938 1249 3962 ,
1281 3910 1378 3952 seu
1405 3894 1676 3964 potiorem
1708 3904 1914 3964 partem
1935 3938 1948 3962 ,
1985 3895 2080 3950 sed

488 3998 555 4051 in
590 3995 905 4058 sinistram;
939 4007 1039 4062 pro
1075 3991 1185 4046 illis
1212 4004 1340 4044 vero
1356 3987 1449 4060 qui
1476 3988 1689 4043 minora
1710 3987 2077 4056 offenderant,

502 4084 702 4141 minori
738 4091 983 4152 tempore
1030 4080 1084 4134 in
1128 4078 1382 4133 dextrum
1436 4077 1613 4132 latus:
1663 4075 1767 4131 hoc
1816 4075 2078 4130 nimirum

506 4176 851 4248 signiﬁcante
880 4173 1184 4242 Scriptura,
1216 4169 1374 4239 plura
1401 4183 1630 4238 passum
1670 4183 1794 4223 esse
1829 4166 2080 4222 Salvato-

481 4283 616 4323 .rem
649 4282 748 4337 pro
771 4266 841 4321 iis
863 4265 957 4336 qui
987 4263 1184 4334 majori
1216 4277 1349 4317 cura
1382 4261 1723 4332 indigebant.

575 4445 646 4501 Et
679 4454 736 4500 tu
761 4459 908 4498 sume
929 4441 1023 4496 tibi
1051 4442 1288 4494 triticum
1308 4441 1377 4494 ’⁸.
1407 4438 1464 4494 Si
1489 4440 1761 4510 quispiam
1801 4437 2081 4511 quaasierit

2197 598 2314 649 ἐστι
2348 595 2443 650 καὶ
2466 595 2735 667 ἁμαρτεῖν
2773 596 2909 667 μετὰ
2935 596 3190 662 τοσαῦτα,
3217 598 3360 668 τάχα
3397 599 3446 651 oi
3493 598 3795 669 ἁπτόμενοι

2195 686 2294 740 τοῦ
2323 688 2708 760 ἡμαρτηκότος
2751 687 2898 758 λόγοι
2937 693 3032 744 καὶ
3080 689 3399 755 κολάζοντες
3435 692 3597 746 αὐτὸν
3645 692 3797 763 σιδη-

2199 779 2327 853 ροῦν
2358 780 2607 850 λέγονται
2640 784 2874 852 τήγανον
2896 821 2910 845 ,
2955 781 3144 856 ῶσπερ
3177 801 3266 848 τις
3292 784 3432 839 κατὰ
3455 784 3545 839 τὸν
3570 788 3795 857 προφή-

2195 891 2296 944 την
2329 873 2444 926 ἐστὶ
2464 875 2641 944 τοῖχος
2667 873 2916 946 σιδηροῦς
2945 875 3033 929 διὰ
3075 876 3135 930 τὸ
3176 876 3250 948 μὴ
3291 877 3650 948 μεταπίπτειν
3679 879 3795 932 ἀπὸ

2195 962 2297 1034 τῆς
2323 963 2616 1036 καλλίστης
2644 964 2828 1030 ἕξεως.
2867 967 2940 1020 Τὸ
2965 968 3044 1034 δὲ,
3092 967 3456 1038 Ἑτοιμᾶσεις
3490 970 3555 1024 τὸ
3595 971 3792 1039 πρόσ-

2195 1057 2360 1109 ωπόν
2411 1072 2562 1121 σου,
2609 1058 2856 1111 τουτέστι
2910 1063 3182 1124 συντενεῖς
3233 1061 3294 1114 τὸ
3340 1062 3640 1134 διορατικὸν
3681 1066 3789 1136 τῆς

2193 1146 2373 1219 ψυχῆς
2399 1164 2492 1202 σου
2528 1149 2622 1202 ἐπὶ
2660 1151 2760 1222 τὴν
2805 1150 2960 1204 πόλιν
2993 1152 3074 1215 είς
3116 1151 3178 1204 τὺ
3218 1153 3566 1226 οἰκοδομῆσαι
3612 1157 3788 1229 αὐτὴν

2194 1236 2288 1290 ἐπὶ
2321 1237 2421 1308 τῆς
2464 1237 2708 1306 πλίνθου,
2750 1239 2785 1312 ἢ
2820 1240 2922 1312 τῆς
2956 1240 3164 1306 πόλεως
3203 1240 3356 1296 ἔσται
3400 1244 3788 1317 συγκλεισμός.

2193 1332 2587 1401 Συγκλείσεις
2611 1333 2721 1406 γὰρ
2749 1333 2964 1404 αὐτὴν,
2987 1333 3234 1389 ὲντυπῶν
3264 1335 3432 1408 αὐτὴν
3457 1337 3550 1391 καὶ
3579 1339 3791 1408 ἐγκαθ-

2193 1421 2457 1495 ειργνύων
2482 1425 2546 1494 τῇ
2572 1422 2716 1495 ψυχῇ
2755 1421 2847 1478 τοῦ
2885 1424 3155 1497 ἀκροατοῦ
3184 1425 3345 1498 σῶμα
3367 1428 3782 1498 περικειμένου.

2193 1511 2362 1566 Τοῦτο
2393 1512 2450 1565 δὲ
2476 1513 2584 1566 πᾶν
2606 1513 2837 1584 σημεῖόν
2865 1532 2918 1567 τι
2952 1514 3197 1584 ἔγκειται
3219 1518 3332 1580 τοῖς
3365 1517 3424 1569 ὲν
3451 1518 3663 1586 γενέσει
3692 1520 3788 1572 εὑ-

2194 1601 2352 1673 φυέσι
2385 1603 2479 1657 καὶ
2507 1602 2861 1676 καλουμένοις
2889 1607 3024 1670 υίοῖς
3063 1605 3299 1678 Ἰσραήλ.
3328 1606 3480 1678 Τάχα
3513 1608 3571 1661 δὲ
3597 1608 3691 1662 καὶ
3721 1610 3784 1663 ἐν

2191 1695 2304 1756 τοῖς
2333 1693 2625 1764 διδαχθεῖσι
2655 1694 2754 1765 μὲν
2779 1694 2846 1748 τὰ
2873 1694 2975 1766 τῆς
3018 1694 3328 1760 θεοσεϐείας
3349 1736 3363 1761 ,
3413 1696 3488 1768 μὴ
3514 1697 3688 1769 βιοῦσι
3722 1699 3784 1753 δὲ

2191 1782 2358 1847 ἀξίως
2379 1782 2486 1837 τῶν
2515 1783 2684 1853 ἁγίων
2712 1784 3073 1856 μαθημάτων,
3097 1785 3255 1854 λόγος
3300 1787 3448 1840 ἐστὶν
3477 1789 3509 1859 ἡ
3556 1789 3651 1842 ἐπὶ
3679 1790 3784 1862 τῆς

2189 1875 2408 1929 πλίνθου
2441 1876 2886 1950 διαγεγραμμένη
2923 1877 3076 1942 πόλις
3127 1878 3480 1951 Ἰερουσαλὴμ
3525 1897 3781 1952 περιεχο-

2191 1967 2329 2039 μένη
2373 1968 2467 2021 καὶ
2519 1967 2848 2039 συνεχομένη
2897 1967 3006 2021 ὑπὸ
3049 1968 3357 2040 πολεμίων,
3407 1970 3780 2042 προμαχῶνας

2188 2059 2422 2130 ἑχόντων
2455 2059 2550 2114 καὶ
2574 2058 2958 2132 χαρακούντων
2989 2059 3180 2132 αὐτὴν,
3218 2060 3318 2124 τάς
3337 2079 3396 2114 τε
3421 2062 3776 2133 παρεμϐολὰς

2188 2151 2365 2204 αὐτῶν
2390 2152 2802 2222 ὲπιστησάντων
2824 2152 2960 2224 αὐτῇ
2990 2153 3086 2205 καὶ
3118 2153 3320 2224 μυρίας
3353 2153 3482 2217 ὅσας
3520 2153 3774 2224 βελοστά-

2187 2259 2321 2306 σεις,
2352 2243 2439 2296 ἴνα
2467 2241 2636 2314 αὐτὴν
2658 2241 3019 2312 τιτρώσκωσι.
3039 2230 3161 2297 ’Καὶ
3206 2242 3296 2297 διὰ
3337 2242 3494 2297 τοῦτο
3537 2244 3774 2316 τήγανον

2189 2335 2440 2406 σιδηροῦν
2467 2335 2675 2388 τίθεται
2703 2334 2779 2399 ὡς
2797 2336 2975 2405 τοῖχος
3005 2335 3278 2406 σιδηροῦς,
3311 2335 3388 2406 τῷ
3422 2335 3496 2407 μὴ
3519 2331 3658 2390 εἶναι
3678 2336 3776 2390 τὸν

2188 2427 2476 2500 προφήτην
2527 2424 2804 2491 τοιοῦτον,
2860 2425 3034 2481 ὁποῖοί
3090 2428 3227 2481 εἰσιν
3270 2430 3462 2481 ἐκεῖνοι
3498 2427 3775 2499 ἀναμέσον

2186 2517 2350 2572 αὑτοῦ
2369 2519 2576 2590 καὶτῆς
2589 2519 2986 2591 περιεχομένης
3003 2516 3227 2582 πόλεως.
3251 2517 3771 2589 Παρεσκεύασταιδὲ

2184 2609 2244 2662 τὸ
2273 2609 2367 2662 τοῦ
2401 2610 2683 2681 προφήτου
2733 2607 3026 2678 πρόσωπον
3069 2607 3160 2659 ἐπὶ
3204 2607 3302 2678 τὴν
3342 2608 3400 2659 ὲν
3431 2608 3498 2679 τῇ
3556 2607 3773 2680 πλίνθῳ

2189 2700 2343 2754 πόλιν
2361 2695 2526 2754 οὖσαν
2554 2701 2613 2752 ὲν
2631 2697 2979 2770 συγκλεισμῷ
3002 2697 3497 2769 συγκεκλεισμένην
3525 2699 3633 2753 ὑπὸ
3667 2699 3772 2770 τῆς

2183 2789 2511 2856 ἀποδείξεως
2533 2788 2641 2843 τῶν
2676 2789 3029 2861 προφητικῶν
3068 2789 3261 2859 λόγων.
3300 2789 3411 2843 Καὶ
3459 2788 3620 2845 τοῦτο
3659 2795 3769 2846 πᾶν

2183 2879 2438 2949 σημεῖόν
2465 2880 2598 2934 ἐστι
2633 2881 2726 2934 καὶ
2760 2880 2892 2934 αὐτὸ
2915 2881 3040 2948 τοῖς
3067 2881 3221 2948 υἱοῖς
3265 2879 3504 2951 Ἰσραὴλ
3525 2921 3540 2947 ,
3570 2881 3656 2937 ἵνα
3687 2885 3764 2956 μή

2183 2971 2414 3026 τοιοῦτοι
2440 2970 2721 3040 γίνωνται.

2252 3063 2364 3118 Καὶ
2392 3063 2473 3118 σὺ
2488 3062 2638 3118 λάϐε
2665 3063 2900 3130 σεαυτῷ
2927 3064 3212 3135 τήγανον.
3249 3067 3413 3131 Είκὺς
3460 3065 3556 3130 τὰς
3591 3067 3758 3122 κολά-

2185 3175 2301 3222 σεις
2331 3153 2472 3211 εἶναι
2499 3158 2732 3227 τήγανον
2766 3157 3018 3230 σιδηροῦν
3041 3175 3054 3189 ·
3089 3159 3122 3230 ἢ
3172 3160 3267 3213 καὶ
3305 3159 3450 3213 κατά
3481 3158 3579 3230 τὴν
3616 3158 3760 3212 ἱστο-

2188 3250 2328 3323 ρίαν,
2355 3250 2444 3303 ὅτι
2465 3249 2834 3321 ἀπετηγάνισε
2855 3250 2980 3313 τοὺς
2997 3251 3143 3315 υἱοὺς
3162 3250 3261 3323 τῆς
3288 3249 3562 3321 βασιλείας
3580 3252 3607 3304 ὁ
3633 3249 3766 3322 βάρ-

2184 3342 2371 3414 ϐάρος.

2255 3433 2367 3488 Καὶ
2406 3431 2580 3502 λήψῃ
2616 3433 2724 3500 τὰς
2741 3432 2977 3500 ἀδικίας
3005 3432 3114 3487 τοῦ
3143 3433 3312 3488 οἴκου
3351 3433 3609 3504 Ἰσραήλ.
3652 3434 3763 3487 Καὶ

2180 3526 2266 3590 τίς
2292 3525 2452 3580 ἔλαϐε
2496 3525 2596 3590 τάς
2637 3525 2850 3590 ἀδικίας
2877 3525 2996 3580 -τῶν
3035 3525 3164 3579 υἱῶν
3211 3527 3428 3600 Ἰσραὴλ
3460 3527 3626 3590 οὓσας
3671 3526 3763 3579 δύο

2180 3617 2272 3670 τὸν
2299 3617 2552 3690 ἀριθμὸν,
2582 3619 2681 3690 τήν
2708 3636 2768 3671 τε
2798 3619 2877 3682 είς
2914 3617 3048 3674 Θεὸν
3085 3620 3180 3674 καὶ
3206 3620 3305 3689 τὴν
3338 3621 3420 3684 είς
3440 3619 3510 3674 τά
3543 3617 3759 3688 λογικά,

2181 3705 2269 3760 διὰ
2298 3707 2399 3778 τῆς
2427 3707 2632 3772 οἰκείας
2656 3709 2987 3779 κοιμήσεως,
3017 3710 3099 3781 ἢὸ
3127 3711 3317 3782 Σωτὴρ
3335 3710 3526 3782 ήμῶν;
3562 3709 3760 3780 Ἐχρῆν

2181 3797 2239 3850 δὲ
2290 3799 2430 3870 ὑπὲρ
2471 3799 2578 3853 τῶν
2625 3799 2845 3854 πλείονα
2885 3801 3281 3874 ἡμαρτηκότων
3337 3801 3559 3855 πλείονα
3599 3799 3761 3855 αὑτὸν

2181 3891 2476 3962 κοιμᾶσθαι
2521 3893 2732 3965 χρόνον,
2770 3895 2871 3948 οὐκ
2907 3894 3001 3948 ἐπὶ
3045 3893 3106 3947 τὺ
3144 3893 3314 3958 δεξιὸν
3354 3895 3450 3949 καὶ
3493 3895 3761 3965 κρεῖττον,

2183 3983 2296 4036 ἀλλ’
2320 3984 2414 4036 ἐπὶ
2437 3983 2497 4037 τὸ
2525 3985 2810 4056 ἀριστερὸν
2839 3985 3002 4057 μέρος
3021 4002 3036 4016 ·
3085 3985 3224 4058 ὑπὲρ
3265 3985 3321 4038 δὲ
3354 3985 3459 4038 τῶν
3506 3985 3764 4038 ἐλάττονα

2183 4076 2704 4147 παραπεπτωκότων
2759 4078 2852 4130 ἐπὶ
2897 4077 2959 4130 τὸ
3015 4076 3183 4143 δεξιὸν
3223 4075 3454 4147 πλευρὸν
3505 4075 3764 4130 ἐλάττονα

2181 4169 2399 4238 χρόνον⁶
2446 4167 2607 4221 τοῦτο
2659 4169 3066 4248 ἐνδεικνυμένου
3099 4169 3192 4222 τοῦ
3237 4169 3397 4238 λόγου
3420 4209 3433 4233 ,
3475 4167 3550 4230 ὡς
3579 4167 3763 4221 πλεῖον

2183 4259 2381 4313 ἔπαθεν
2423 4261 2451 4314 ό
2493 4261 2682 4333 Σωτὴρ
2728 4261 2866 4332 ὑπὲρ
2900 4260 3009 4314 τῶν
3042 4259 3282 4326 πλείονος
3331 4259 3642 4333 χρῃζόντων
3662 4259 3764 4330 τῆς

2179 4351 2503 4423 θεραπείας.

2253 4443 2361 4497 Καὶ
2384 4444 2463 4498 σὺ
2493 4443 2638 4498 λάϐε
2671 4442 2905 4509 σεαυτῷ
2925 4444 3172 4511 πυρούς.
3216 4443 3340 4497 Ἐάν
3369 4460 3452 4509 τις
3484 4443 3620 4515 ζητῇ
3643 4442 3762 4506 π”ις

482 4537 894 4596 -curDominus
940 4539 1125 4588 noster
1169 4529 1342 4584 Filius
1389 4530 1626 4586 hominis
1673 4531 1754 4585 sic
1797 4532 2078 4586 immundo

2186 4534 2210 4586 ὁ
2242 4531 2445 4604 Κὺριος
2467 4533 2626 4605 ήμῶν
2650 4535 2678 4587 δ
2714 4533 2839 4597 Υἱὸς
2868 4533 2958 4586 τοῦ
2983 4532 3270 4604 ἀνθρώπου
3286 4534 3468 4596 οὕτως
3515 4533 3762 4599 ἀκάθαρ-

483 4649 646 4704 -pane
677 4635 932 4692 vescatur
959 4625 1102 4680 inter
1127 4630 1334 4691 gentes,
1363 4623 1673 4678 consideret
1722 4623 1898 4692 ipsum
1929 4625 2077 4680 vesci

479 4727 571 4781 'iis
596 4741 717 4795 quae
748 4723 799 4780 ei
827 4725 1203 4793 apposueruut
1236 4712 1518 4781 homines;
1546 4714 1916 4784 videbuntque
1936 4731 2079 4786 quo-

504 4816 666 4870 modo
707 4816 758 4869 ei
800 4823 1203 4881 nemopanem
1254 4803 1520 4862 mundum
1571 4820 1844 4876 apponere
1886 4807 2079 4876 possit.

483 4903 625 4960 "Stat
654 4901 799 4958 enim
830 4901 897 4955 ad
930 4900 1134 4956 ostium
1163 4905 1218 4953 et
1239 4895 1457 4966 pulsat,
1484 4893 1617 4948 et-si
1653 4892 1779 4964 quis
1828 4892 1903 4947 illi
1947 4908 2075 4963 ape-

509 4995 716 5062 ruerit,
743 4992 1046 5065 ingreditur
1077 4990 1144 5045 ad
1175 5003 1335 5052 eunt,
1371 4997 1424 5042 et
1453 4994 1637 5042 cmnat
1674 5000 1799 5040 cum
1837 5001 1921 5041 eo.
1959 4983 2079 5040 Non

489 5101 638 5163 ,puto
669 5095 850 5142 autem
883 5083 1089 5138 mundo
1116 5097 1243 5136 eum
1284 5079 1431 5136 vesci
1475 5079 1619 5144 cibo,
1667 5077 1762 5134 sed
1802 5093 1941 5150 pane
1982 5077 2076 5149 qui

502 5185 556 5238 in
603 5180 734 5236 limo
774 5177 941 5233 boum
971 5174 1042 5230 sit
1075 5188 1140 5228 ac
1170 5181 1384 5228 stercus
1415 5169 1671 5224 exsistat.
1713 5165 1828 5222 Nos
1848 5183 1999 5233 vero,
2022 5167 2075 5223 si

500 5272 720 5346 quando
743 5267 939 5326 deinde
963 5263 1362 5321 cmnaverimus
1387 5276 1510 5317 cum
1541 5274 1627 5324 eo,
1648 5274 1749 5329 pro
1774 5256 2075 5312 immundis

501 5369 639 5424 cibis
687 5379 828 5436 quos
876 5362 956 5417 illi
1003 5358 1396 5431 apposuimus,
1439 5352 1673 5408 mundas
1712 5351 1782 5406 ab
1820 5365 1886 5405 eo
1921 5364 2077 5405 escas

502 5459 860 5530 accipiemus.
887 5453 960 5509 ‘At
991 5466 1120 5507 vero
1150 5465 1314 5520 super
1345 5445 1544 5501 Filium
1575 5442 1814 5498 hominis
1853 5441 2080 5498 venien-

501 5562 610 5606 tem
659 5553 716 5607 in
775 5549 955 5604 medio
1001 5541 1333 5616 captivitatis
1379 5545 1578 5594 nostra:
1619 5535 1820 5591 dantur
1863 5533 2078 5590 vincuia

496 5652 720 5698 terrena
751 5649 806 5696 et
831 5639 1157 5711 corporalia.
1191 5631 1423 5702 Quando
1455 5629 1603 5687 enim
1631 5627 1776 5698 apud
1819 5642 1922 5684 nos
1960 5636 2077 5694 est,

2180 4641 2271 4677 τον
2309 4623 2474 4694 ἄρτον
2531 4625 2700 4678 ἐσθίει
2756 4627 2815 4678 ὲν
2871 4627 2981 4690 τοῖς
3023 4625 3233 4693 ἔθνεσι,
3309 4627 3556 4696 νοησάτω
3599 4625 3762 4680 αὑτὸν

2181 4713 2428 4767 ἐσθίοντα
2487 4713 2526 4768 ἃ
2572 4715 2962 4788 παρατιθέασιν
3011 4715 3159 4787 αὐτῷ
3214 4717 3265 4770 οἱ
3309 4717 3616 4788 ἄνθρωπον
3667 4715 3761 4770 καὶ

2181 4803 2400 4872 ὕψονται
2420 4802 2554 4858 τίνα
2589 4805 2788 4876 τρόπον
2821 4806 3062 4879 καθαρὸν
3089 4806 3237 4878 αὐτῷ
3265 4808 3429 4878 ἄρτον
3460 4806 3636 4870 οὐδεὶς
3671 4806 3763 4859 δύ-

2181 4909 2340 4947 ναται
2372 4893 2750 4968 παρατιθέναι.
2785 4897 3022 4968 Ἕστηκε
3046 4897 3156 4968 γὰρ
3188 4899 3283 4951 ἐπὶ
3321 4899 3419 4970 τήν
3459 4897 3628 4969 θύραν
3667 4897 3759 4950 καὶ

2183 4981 2400 5057 κρούει,
2455 4984 2550 5037 καὶ
2581 4984 2677 5039 ἐάν
2701 5003 2784 5050 τις
2827 4987 3022 5060 ἀνοίγῃ
3054 4985 3221 5058 αὐτῷ,
3278 4988 3584 5059 εἰσέρχεται
3622 4984 3760 5058 πρὸς

2185 5072 2366 5141 αὐτὸν,
2389 5073 2486 5127 καὶ
2509 5074 2716 5129 δειπνεῖ
2745 5076 2860 5147 μετ’
2894 5073 3059 5130 αὑτοῦ
3075 5093 3088 5106 ο
3121 5078 3220 5131 οὐκ
3238 5074 3390 5149 οἶμαι
3415 5079 3472 5131 δὲ
3497 5119 3513 5146 ,
3535 5078 3621 5132 ὅτι
3660 5092 3760 5130 κα-

2184 5164 2342 5236 θαρὰ,
2375 5165 2512 5220 ἀλλά
2543 5167 2636 5222 τὸν
2680 5168 2738 5221 ὲν
2773 5167 3038 5238 βολσίτοις
3059 5167 3226 5239 ’βοῶν
3249 5171 3530 5241 γινόμενον
3555 5169 3760 5240 κόπρον

2184 5262 2463 5333 γινόμενον
2505 5261 2688 5334 ἄρτον.
2745 5262 2935 5333 Ἡμεῖς
2979 5263 3069 5328 δὲ,
3103 5262 3200 5316 ἐὰν
3233 5263 3458 5336 ὕστερόν
3491 5282 3622 5318 ποτε
3649 5265 3758 5317 δει-

2185 5355 2405 5426 πνῶμεν
2447 5355 2565 5426 μετ’
2602 5355 2768 5409 αὐτοῦ
2789 5395 2804 5420 ,
2834 5356 3051 5426 καθαρά
3091 5357 3186 5410 ἀπ’
3213 5357 3397 5422 αὑτοῦ,
3431 5357 3548 5411 ἀνθ’
3595 5351 3670 5411 ὧν
3695 5357 3755 5410 οὐ

2178 5445 2319 5498 πάνυ
2362 5445 2646 5516 ἀκάθαρτα
2689 5445 3112 5520 παρεθήκαμεν,
3154 5448 3569 5520 ἀποληψόμεθα.
3605 5448 3752 5502 Δεδο-

2182 5536 2330 5609 μένοι
2355 5537 2415 5591 δέ
2440 5541 2577 5592 εἰσιν
2609 5539 2702 5592 ἐπὶ
2723 5539 2814 5592 τὸν
2845 5539 2970 5593 Υίὸν
2993 5541 3086 5596 τοῦ
3111 5540 3398 5614 ἀνθρώπου
3425 5541 3614 5610 δεσμοὶ
3645 5540 3757 5593 είσ-

2175 5633 2397 5688 ελθόντα
2460 5635 2519 5688 ὲν
2559 5633 2710 5706 μέσῳ
2748 5635 2850 5706 τῆς
2885 5636 3261 5708 αἰχμαλωσίας
3297 5636 3454 5709 ἡμῶν
3495 5637 3546 5692 οι
3585 5635 3758 5690 sum

576 5825 842 5882 “Ezech.
875 5842 952 5891 tv,
975 5828 1031 5882 3.
1093 5829 1152 5901 ξ·
1178 5827 1308 5884 Ibid.
1387 5827 1433 5860 ³⁸
1465 5827 1600 5884 Ibid.
1676 5829 1722 5862 “
1750 5827 1886 5887 ibid.
1915 5871 1918 5874 .
1963 5830 2008 5865 ⁸³
2038 5829 2085 5886 ιι

2203 5846 2276 5902 ιγ,
2309 5831 2363 5886 ι.
2439 5829 2484 5862 ιο
2514 5829 2643 5885 ibid.
2679 5829 2731 5887 9.
