4070 6296
405 379 508 433 785
1808 376 1900 431 EX
1941 378 2240 435 ()RlGICNE
3580 382 3682 437 781

402 508 498 553 aut
525 499 680 553 liberi
719 509 941 568 patres:
982 512 1102 548 nam
1162 512 1259 548 nec
1314 496 1558 564 patribus
1603 494 1826 550 daretur
1869 497 1969 549 cri-

2084 495 2357 566 πατέρας·
2416 494 2537 548 ἐπεὶ
2571 494 2670 547 οὐκ
2707 489 2773 565 ἦν
2816 493 3123 565 ἁμάρτημα
3169 493 3280 546 τῶν
3327 495 3575 567 πατέρων
3625 500 3687 554 τὸ

403 592 569 657 mini,
601 590 744 660 quod
777 590 848 643 ab
879 588 959 641 eis
999 586 1093 639 ﬁlii
1145 587 1458 641 ederentur.
1514 588 1619 641 Sed
1665 602 1842 658 neque
1890 586 1969 641 De

2087 586 2363 639 ἐσθίεσθαι
2396 586 2537 657 ὑπὲρ
2562 584 2743 639 αὐτῶν
2777 585 2904 648 τοὺς
2960 584 3129 649 υἱούς.
3176 584 3316 638 Ἀλλ’
3336 586 3457 640 ούδέ
3484 589 3691 642 οἰκεῖον

402 682 681 753 pr0prium
717 689 799 734 est
840 678 955 731 luec
995 685 1233 747 patrare.
1283 675 1374 732 Sic
1422 678 1568 732 enim
1627 678 1969 734 Hebraeorum

2085 677 2205 749 Θεῷ
2259 678 2321 731 τὸ
2383 677 2561 731 ταῦτα
2618 677 2933 749 ἐνεργῆσαι.
2996 675 3154 731 Οὖτω
3210 677 3320 749 γὰρ
3368 680 3463 732 καὶ
3498 681 3528 732 ὁ
3574 681 3689 735 τῶν

400 774 659 843 magister
684 770 939 838 exposuit
969 768 1101 822 illud
1134 768 1178 799 ³³
1209 786 1222 823 :
1256 767 1626 839 Glori/icantes
1668 788 1748 825 me
1777 770 1983 841 gloriﬁ-

396 863 547 927 ταῦθ,
574 870 624 913 et
644 870 942 928 spernentes
974 876 1054 911 me
1082 869 1237 911 erunt
1262 858 1537 929 ignobiles.
1570 857 1807 913 Deccbat
1833 860 1978 913 enim

401 953 493 1008 Dei
519 967 660 1021 opus
690 966 812 1005 esse
845 950 1324 1020 gloriﬁcationcm,
1358 966 1467 1004 non
1503 959 1684 1004 autem
1712 950 1829 1019 ipso
1855 966 1983 1020 ope-

396 1052 572 1104 raute,
599 1040 692 1096 sed
718 1048 1139 1109 consequenter,
1163 1040 1256 1111 qui
1286 1040 1553 1095 honorem
1581 1039 1693 1096 Deo
1718 1039 1976 1107 detrahit,

395 1138 575 1207 ipsum
606 1151 826 1207 quoque
860 1135 1156 1206 ignominia
1193 1135 1394 1191 notari.
1427 1134 1629 1191 Eadem
1656 1135 1771 1191 haec
1794 1135 1982 1190 obser-

391 1230 569 1285 vanda
624 1239 754 1285 sunt
802 1230 857 1283 in
905 1229 1413 1295 benedictionibus,
1456 1228 1704 1299 dirisque
1756 1243 1879 1299 qua:
1922 1228 1978 1282 in

391 1320 819 1378 Deuteronomio
869 1336 933 1379 ac
977 1319 1221 1375 Levitico
1273 1321 1567 1385 habentur,
1617 1334 1718 1375 nec
1767 1336 1875 1374 non
1922 1321 1978 1373 in

393 1415 744 1470 sermonibus
801 1420 1217 1488 prophetarum.
1270 1414 1414 1482 Quid
1479 1414 1645 1483 igitur
1703 1411 1808 1468 sibi
1862 1412 1978 1466 vult

391 1508 524 1563 illud
557 1508 603 1540 “
627 1523 646 1562 :
679 1508 967 1575 Propterea
999 1510 1267 1565 comedent
1297 1517 1471 1579 patres
1500 1506 1690 1561 liberos
1724 1506 1779 1559 in
1807 1505 1976 1559 medio

391 1602 504 1667 tui,
559 1610 610 1657 et
663 1602 767 1671 ﬁlii
813 1604 1084 1658 comedent
1136 1603 1361 1672 patres?
1403 1600 1570 1656 Juxta
1625 1613 1973 1656 communem

393 1696 687 1764 quamdam
717 1710 781 1749 ac
810 1696 1202 1765 simpliciorcm
1236 1693 1641 1762 expositionem
1690 1690 1747 1745 id
1789 1688 1976 1743 videre

393 1797 476 1841 est
515 1787 568 1840 in
605 1787 1069 1841 tumultuantibus
1114 1801 1180 1845 ac
1231 1784 1509 1840 seditiosis
1557 1782 1972 1855 malignantium

391 1880 660 1934 ecclesiis.
697 1879 850 1948 Ssepe
898 1879 1041 1932 enim
1093 1878 1344 1932 doctores
1400 1885 1455 1931 et
1506 1874 1599 1945 qui
1652 1875 1705 1928 in
1746 1873 1974 1928 Christo

391 1971 649 2042 genuisse
682 1979 948 2039 putantur
995 1984 1091 2023 eos
1135 1969 1230 2038 qui
1277 1968 1346 2022 ab
1392 1970 1473 2022 eis
1515 1967 1753 2021 divinam
1801 1966 1972 2035 legem

376 2062 703 2123 audierunt,
750 2059 1144 2130 discipulorum
1187 2059 1338 2128 petiti
1375 2056 1609 2125 insidiis,
1636 2072 1668 2112 a
1707 2056 1834 2113 ﬁliis
1871 2072 1972 2128 pa-

390 2167 500 2210 tres
537 2154 918 2210 comeduntur.
981 2151 1038 2206 Si
1092 2160 1275 2207 autem
1326 2152 1430 2222 ipsi
1478 2151 1726 2222 iniquius
1778 2151 1830 2205 in
1877 2166 1973 2207 eos

399 2247 610 2315 egerint
635 2260 776 2316 quos
803 2245 869 2299 ad
902 2244 1148 2298 divinum
1196 2242 1423 2297 verbum
1473 2243 1838 2309 adduxerunt,
1874 2258 1974 2313 pa-

396 2354 505 2399 tres
532 2350 661 2398 suut
712 2339 876 2413 41,5
920 2337 1269 2394 comedentes
1311 2336 1532 2391 liberos.
1585 2335 1742 2402 Quod
1788 2345 1971 2390 autem

387 2436 622 2506 alicujus
649 2449 845 2491 carnes
878 2432 1167 2489 comedere
1214 2430 1282 2485 de
1326 2429 1596 2500 ejusmodi
1641 2430 1970 2485 tumultibus

388 2543 455 2583 ac
487 2526 851 2584 seditionibus
881 2525 1115 2589 dicatur,
1150 2520 1330 2591 palam
1365 2520 1426 2574 ﬁt
1455 2536 1522 2573 ex
1565 2521 1779 2591 psalmo
1822 2520 1971 2590 vige-

388 2622 528 2676 simo
560 2626 716 2676 sexto
741 2618 785 2651 ³⁸
812 2636 826 2672 :
861 2616 1003 2670 Dum
1033 2615 1457 2687 appropinquant
1493 2626 1650 2680 super
1672 2627 1753 2665 me
1781 2627 1971 2665 nocen-

389 2720 490 2776 tes,
522 2720 581 2765 ut
607 2710 767 2765 edant
800 2723 985 2763 carnes
1011 2720 1191 2770 meas;
1231 2712 1288 2760 et
1323 2719 1390 2758 ex
1417 2700 1524 2757 Joh
1550 2702 1763 2757 dicente
1790 2702 1872 2756 ³ος
1908 2699 1969 2756 Si

387 2822 508 2861 vero
530 2807 691 2862 etiam
722 2805 971 2859 dixerunt
998 2800 1210 2855 ancilla:
1242 2815 1370 2854 mea:
1392 2814 1411 2853 :
1449 2797 1579 2863 Quis
1604 2798 1691 2852 det
1723 2797 1871 2851 nobis
1911 2806 1969 2850 ut

364 2897 637 2955 carnibus
668 2898 785 2966 ejus
814 2910 1107 2960 vescamur,
1139 2908 1259 2946 cum
1286 2890 1421 2943 bona
1465 2890 1534 2943 sit
1578 2889 1785 2957 fames?
1811 2887 1969 2958 Ejus-

397 2991 537 3046 modi
570 3000 698 3045 sunt
726 2998 781 3044 et
809 2990 899 3043 illa
928 2988 1071 3057 apud
1096 2983 1418 3057 Apostolum
1451 2980 1545 3050 qui
1576 2980 1904 3035 dissidentes
1937 2996 1967 3034 ιι

387 3099 447 3138 se
477 3083 713 3137 invicem
743 3097 809 3136 ac
835 3080 1232 3135 tumultuantes
1259 3080 1314 3135 in
1346 3078 1680 3150 quihusdam
1707 3076 1968 3134 Ecclesiis

2090 762 2364 841 Ἑϐραίων
2394 768 2714 824 διδάσκαλος
2747 767 3053 840 ἐξηγήσατο
3082 770 3142 822 τό
3162 786 3175 799 °
3218 770 3366 836 Τοὺς
3398 770 3686 836 δοξάζον-

2082 859 2190 927 τάς
2215 878 2293 930 με
2333 860 2594 927 δοξάσω,
2630 864 2686 915 οἱ
2732 859 2800 914 δὲ
2842 860 3313 928 ὲξουθενοῦντές
3350 880 3430 932 με
3479 864 3685 935 ἀτιμα-

2083 953 2416 1021 σθήσονται
2436 992 2451 1016 ,
2498 955 2556 1007 ἐν
2589 954 2655 1024 τῇ
2689 952 2880 1025 πρώτῃ
2904 952 3012 1006 τῶν
3043 953 3383 1008 Βασιλειῶν
3405 957 3677 1027 κείμενον.

2088 1044 2291 1116 Ἐχρῆν
2316 1044 2427 1117 γὰρ
2454 1044 2589 1098 Θεοῦ
2628 1044 2727 1115 μὲν
2756 1044 2920 1116 ἔργον
2948 1041 3089 1098 εἶναι
3117 1045 3179 1098 τὸ
3206 1045 3470 1113 δοξάζειν,
3491 1048 3677 1104 οὐκέτι

2080 1134 2137 1188 δὲ
2169 1137 2470 1208 ἐνέργειαν,
2504 1136 2639 1190 ἀλλὰ
2678 1136 3063 1210 παρακόλουθα
3101 1138 3163 1192 τὸ
3204 1139 3295 1193 τὸν
3340 1140 3676 1211 ἀτιμάζοντα
3710 1172 3715 1173 ί

2080 1227 2212 1282 Θεὸν
2224 1228 2801 1301 ἀτιμάζεσθαι.Ταῦτα
2817 1225 2909 1284 οὖν
2926 1234 3343 1305 παρατηρητέον
3356 1233 3451 1288 καὶ
3467 1234 3555 1287 ἐπὶ¹
3567 1235 3678 1287 τῶν

2080 1321 2342 1391 εὐλογιῶν
2363 1322 2460 1376 καὶ
2491 1322 2748 1395 καταρῶν
2774 1322 2881 1376 τῶν
2898 1323 2957 1375 ἐν
2978 1325 3268 1390 Λευῖτικῷ
3285 1325 3380 1379 καὶ
3398 1327 3680 1395 deutero-

2079 1414 2284 1483 νομίῳ,
2308 1414 2403 1468 καὶ
2421 1414 2634 1469 ἐπὶτῶν
2652 1412 2820 1485 λόγων
2853 1414 2961 1469 τῶν
2986 1416 3360 1488 προφητικῶν.
3397 1419 3464 1471 Τί
3496 1421 3679 1472 τοίνυν

2080 1506 2200 1559 ἐστὶ
2228 1507 2310 1572 τὸ,
2335 1506 2437 1560 Διὰ
2462 1506 2642 1561 τοῦτο
2670 1506 2960 1577 φάγονται
2989 1500 3240 1576 πατέρες
3280 1507 3353 1562 τὰ
3382 1508 3566 1564 τέκνα
3605 1510 3680 1564 ἐν

2068 1596 2241 1666 μέσῳ
2261 1612 2399 1663 σου,
2418 1598 2519 1652 καὶ
2541 1598 2723 1653 τέκνα
2750 1598 3039 1669 φάγονται
3064 1597 3323 1668 πατέρας
3340 1616 3360 1663 ;
3378 1601 3544 1654 Ὅσον
3576 1601 3678 1673 μὲν

2076 1686 2169 1744 οὖν
2194 1690 2336 1744 κατὰ
2365 1692 2552 1763 κοινήν
2568 1710 2691 1746 τινα
2732 1692 2829 1746 καὶ
2853 1691 3226 1762 ἁπλουστέραν
3275 1693 3503 1767 ἐκδοχὴν
3557 1694 3676 1748 ἔστι

2076 1783 2234 1838 τοῦτο
2252 1783 2382 1838 ἰδεῖν
2403 1786 2460 1838 ἐν
2480 1788 2599 1848 ταῖς
2621 1784 2995 1839 ἀκαταστατού
3004 1802 3121 1850 σαις
3140 1786 3233 1839 καὶ
3254 1786 3675 1853 στασιαζούσαις

2079 1876 2530 1948 πονηρευομένων
2558 1876 2896 1947 ἐκκλησίαις.
2924 1876 3192 1942 Πολλάκις
3220 1879 3332 1953 γὰρ
3358 1880 3407 1933 οί
3431 1878 3674 1948 διδάξαν-

2068 1984 2168 2031 τες
2206 1967 2300 2021 καὶ
2347 1969 2404 2021 ἐν
2457 1968 2682 2042 Χριστῷ
2730 1966 3117 2040 γεγεννηκέναι
3151 1969 3278 2033 τοὺς
3318 1972 3449 2043 παρ’
3487 1968 3671 2026 αὐτῶν

2073 2057 2416 2123 ἀκούσαντας
2460 2059 2554 2113 τοῦ
2602 2059 2747 2113 θείου
2793 2060 2959 2131 νόμου
3007 2060 3362 2133 νομισθέντες
3384 2103 3399 2127 ,
3448 2064 3668 2118 ἐπιϐου-

2074 2151 2356 2223 λευόμενοι
2382 2152 2486 2206 ὑπὸ
2515 2153 2622 2206 τῶν
2667 2151 3048 2223 διδαχθέντων,
3078 2147 3194 2206 οἷον
3237 2154 3506 2209 ἐσθίονται
3557 2155 3666 2210 ὑπὸ

2072 2243 2183 2298 τῶν
2216 2243 2348 2298 υἱῶν
2384 2243 2637 2316 πατέρες.
2680 2243 2744 2296 El
2771 2242 2827 2295 δέ
2849 2242 3002 2295 αὐτοὶ
3034 2226 3406 2299 πλεονεκτοίεν
3428 2247 3521 2300 καὶ
3552 2246 3669 2300 ἀδι-

2074 2339 2219 2390 κοῖεν
2256 2337 2382 2400 τοὺς
2420 2334 2829 2409 προσαχθέντας
2877 2337 2945 2390 δι’
2983 2336 3164 2389 αὐτῶν
3205 2337 3285 2408 τῷ
3330 2337 3459 2409 θείῳ
3497 2337 3664 2409 λόγῳ,

2073 2428 2310 2502 πατέρες
2337 2427 2476 2481 εἰσιν
2500 2427 2774 2492 ἐσθίοντες
2804 2429 2933 2492 τοὺς
2959 2428 3130 2493 υἱούς.
3166 2430 3286 2482 Ὅτι
3308 2428 3364 2482 δέ
3390 2430 3567 2483 κεῖται
3599 2430 3665 2483 τὸ

2070 2520 2272 2597 ἐσθίειν
2303 2520 2401 2585 τὰς
2432 2521 2640 2593 σάρκας
2666 2522 2811 2585 τινος
2836 2523 2929 2576 ἐπὶ
2961 2521 3228 2593 τοσαύτης
3250 2523 3663 2588 ἀκαταστασίας

2071 2613 2168 2668 καὶ
2210 2615 2487 2678 στάσεως,
2534 2613 2649 2667 ἔστι
2691 2614 2884 2686 μαθεῖν
2929 2615 2993 2668 ἐκ
3018 2615 3112 2669 τοῦ
3144 2620 3233 2679 κς¹
3269 2614 3486 2686 ψαλμοῦ
3510 2634 3524 2647 -
3553 2615 3661 2669 Διά

2070 2696 2136 2759 τὸ
2167 2706 2416 2777 ἐγγίζειν
2456 2706 2549 2759 ἐπ’
2590 2706 2695 2776 ἐμὲ
2746 2707 3083 2775 κακοῦντας
3131 2707 3238 2762 τοῦ
3291 2709 3507 2778 φαγεῖν
3550 2709 3662 2776 τὰς

2070 2797 2304 2865 σάρκας
2326 2817 2447 2867 μου
2467 2815 2480 2829 ο
2510 2798 2603 2852 καὶ
2636 2800 2699 2853 ἐκ
2732 2799 2826 2853 τοῦ
2877 2800 2997 2853 Ἰὼϐ
3022 2801 3300 2869 λέγοντος·
3328 2802 3398 2854 El
3437 2799 3508 2852 δὲ
3559 2800 3661 2855 καὶ

2068 2888 2241 2945 εἷπον
2272 2894 2332 2945 αἱ
2367 2891 2719 2959 θεράπαιναι
2743 2910 2897 2964 μου·
2941 2895 3038 2961 Τίς
3084 2892 3161 2947 ἂν
3198 2893 3331 2961 δοίη
3368 2891 3514 2962 ἡμῖν
3540 2892 3659 2947 τῶν

2068 2984 2505 3055 σαρκῶναύτοῦ
2517 2985 2747 3057 φαγεῖν,
2761 2986 2941 3057 λιμοῦ
2957 2985 3224 3057 χρηστοῦ
3240 2985 3413 3052 ὄντος
3424 3003 3445 3050 ;
3457 2985 3650 3039 Τοιαῦ-

2068 3078 2137 3132 τά
2170 3081 2285 3131 ἐστι
2329 3079 2423 3132 καὶ
2465 3078 2533 3132 τὰ
2561 3077 2712 3150 παρὰ
2741 3076 2821 3148 τῷ
2855 3078 3161 3150 Ἀποστόλῳ
3182 3080 3483 3150 αἰτιωμένῳ
3523 3079 3651 3141 τοὺς

385 3176 467 3232 sie
487 3174 819 3245 vituperat"
843 3171 933 3228 :Si
953 3190 1070 3228 vero
1094 3173 1231 3228 alter
1257 3175 1487 3228 alterum
1506 3172 1781 3239 mordetis,
1800 3172 1968 3225 ridete

2074 3170 2463 3235 στασιάζοντας
2485 3171 2619 3243 πρὸς
2644 3171 2907 3245 ἀλλήλους
2934 3171 2991 3226 ἐν
3018 3188 3159 3226 τισιν
3189 3173 3530 3245 Ἐκκλησίαις
3548 3189 3562 3202 ’
3581 3174 3649 3227 El

386 3286 450 3324 ne
471 3270 693 3323 invicem
722 3267 1130 3322 consumamini.
1164 3266 1280 3323 Hoc
1308 3267 1559 3322 mordere
1586 3274 1636 3321 et
1660 3265 1963 3328 comedere,
1997 3330 2001 3334 _

389 3376 496 3416 non
521 3359 682 3416 eﬁlcit
712 3358 877 3426 Deus,
911 3367 970 3414 ut
1017 3366 1199 3429 patres
1235 3358 1378 3413 ﬁlios
1422 3357 1732 3423 comedam,
1769 3364 1824 3411 et
1872 3355 1965 3409 ﬁlii

386 3464 589 3526 patres,
645 3454 740 3510 sed
793 3452 847 3507 id
906 3451 1156 3523 sequitur
1204 3467 1271 3507 ex
1321 3449 1582 3521 operibus
1632 3463 1822 3505 eorum
1870 3447 1964 3517 qui

381 3548 804 3616 justilicationes
833 3545 928 3602 Dei
964 3544 1241 3616 rejieiunt,
1273 3557 1372 3599 nec
1393 3540 1685 3597 ambulant
1708 3540 1780 3594 in
1826 3540 1963 3609 legi-

368 3642 533 3698 nimis
560 3641 699 3712 ejus.

454 3918 525 3973 Et
548 3918 892 3988 complebitur
918 3914 1070 3985 furor
1091 3930 1236 3969 meus
1261 3912 1327 3966 ³⁸.
1361 3910 1478 3967 lloc
1501 3908 1774 3981 signiﬁcat
1796 3908 1960 3963 ﬁnem

380 4009 697 4064 habiturum
734 4007 828 4062 Dei
857 4005 1099 4063 furorem
1135 4019 1244 4059 una
1288 4017 1414 4059 cum
1464 4000 1653 4056 mundi
1696 4014 1951 4056 consum-

380 4101 644 4157 motione.

450 4194 728 4263 Ejusdem.
780 4192 876 4247 Dei
927 4190 1219 4261 furorest
1262 4186 1587 4258 eoargutio;
1644 4185 1725 4241 ira
1775 4193 1958 4241 autem

379 4284 688 4355 castigatio.
738 4282 933 4337 Omnis
985 4289 1166 4336 autem
1218 4280 1313 4351 qui
1369 4278 1550 4349 arguit
1596 4286 1654 4333 et
1705 4277 1956 4347 corripit,

382 4386 536 4447 pater
565 4375 889 4429 ostenditur.

453 4464 732 4536 Ejusdem.
765 4461 996 4516 Prazstat
1024 4470 1087 4515 ut
1113 4461 1245 4515 mali
1288 4458 1557 4514 inferendi
1602 4459 1790 4514 auditu
1831 4474 1861 4513 ιι
1910 4469 1961 4514 ιε

2070 3263 2138 3318 δὲ
2171 3262 2487 3330 ἀλλήλους
2534 3262 2782 3319 δάκνετε
2823 3265 2921 3320 καὶ
2986 3268 3360 3332 κατεσθίετε,
3393 3267 3654 3332 βλέπετε

2063 3355 2149 3427 μὴ
2181 3355 2300 3409 ὑπὸ
2325 3356 2615 3422 ἀλλήλων
2645 3356 3015 3428 ἀναλωθῆτε.
3045 3358 3217 3412 Τοῦτο
3249 3359 3306 3412 δὲ
3341 3361 3402 3413 τὸ
3438 3358 3655 3415 δάκνειν

2069 3448 2165 3502 καὶ
2195 3448 2519 3513 κατεσθίειν,
2547 3447 2624 3512 ὡς
2670 3449 2916 3519 γίνεσθαι
2953 3451 3035 3516 τὸ,
3064 3451 3321 3521 Πατέρες
3363 3451 3653 3522 φάγονται

2066 3541 2249 3597 τέκνα
2280 3540 2531 3611 ἐνμέσῳ
2556 3556 2695 3607 σου,
2722 3542 2819 3595 καὶ
2841 3542 3024 3598 τέκνα
3051 3542 3345 3613 φάγονται
3370 3544 3650 3614 πατέρας,

1982 3670 1989 3675 -
2066 3635 2164 3705 οὐχ
2189 3636 2217 3688 ὁ
2249 3633 2379 3698 Θεὸς
2407 3634 2637 3705 ἐνεργεῖ,
2668 3633 2953 3687 ἀκολουθεῖ
2979 3636 3038 3689 δέ
3061 3639 3174 3699 τοῖς
3215 3636 3287 3690 τὰ
3313 3634 3652 3707 δικαιώματα

2064 3727 2159 3780 τοῦ
2179 3725 2314 3780 Θεοῦ
2333 3726 2554 3781 ἀπωθου
2563 3725 2743 3797 μένοις
2772 3726 2867 3780 καὶ
2886 3728 2943 3781 ἐν
2975 3729 3087 3792 τοῖς
3102 3728 3350 3800 νομίμοις
3374 3728 3540 3783 αὐτοῦ
3574 3730 3651 3801 μὴ

2064 3819 2477 3891 πορευομένοις.

2135 3909 2241 3962 Καὶ
2268 3910 2820 3977 συντελεσθήσεται
2846 3912 2880 3963 ό
2905 3912 3089 3981 θυμός
3115 3928 3254 3980 μου.
3281 3910 3450 3966 Τοῦτο
3477 3910 3647 3983 δηλοῖ,

2063 4002 2143 4055 ὅτι
2178 4001 2353 4074 πέρας
2381 4002 2491 4067 ἕξει
2512 4004 2541 4056 ὀ
2570 4002 2739 4075 θυμὸς
2760 4005 2854 4059 τοῦ
2880 4004 3014 4059 Θεοῦ
3047 4004 3247 4075 ὁμοίως
3270 4006 3337 4076 τῇ
3367 4005 3648 4078 συντελείᾳ

2065 4093 2159 4147 τοῦ
2195 4094 2420 4165 κόσμου.

2142 4188 2252 4243 Τοῦ
2289 4190 2495 4245 αὐτοῦ.
2534 4190 2717 4261 Θυμδς
2761 4191 2896 4246 Θεοῦ
2931 4194 3077 4247 ἐστιν
3115 4191 3379 4263 ἐλετμὸς,
3426 4190 3561 4263 ὀργὴ
3588 4191 3646 4243 δὲ

2067 4278 2304 4336 παιδεία.
2341 4282 2456 4346 Πᾶς
2475 4282 2531 4337 δὲ
2552 4283 2581 4336 ὁ
2620 4285 2859 4356 ἐλέγχων
2902 4286 2996 4337 καὶ
3024 4282 3296 4338 παιδεύων
3330 4282 3510 4355 πατὴρ
3533 4283 3645 4337 δεί-

2065 4391 2275 4428 κνυται.

2140 4466 2257 4520 Τοῦ
2284 4467 2488 4523 αὑτοῦ.
2520 4468 2783 4540 Κρεῖττον
2811 4467 3161 4522 παιδεύεσθαι
3194 4469 3251 4522 ἐν
3281 4468 3346 4538 τῇ
3382 4464 3517 4540 ἀκοῇ
3546 4467 3645 4539 τῆς

382 4560 503 4628 ipso
532 4554 829 4620 erudiaris,
865 4566 1033 4622 quam
1086 4559 1146 4605 ut
1197 4550 1378 4618 reipsa
1423 4549 1685 4604 iullictam
1725 4551 1958 4622 castiga-

2068 4557 2297 4628 θλίψεως
2323 4558 2417 4611 καὶ
2458 4560 2533 4630 μὴ
2568 4559 2700 4612 αὐτὸ
2729 4559 2789 4612 τὸ
2818 4558 2977 4632 ἔργον
3005 4558 3107 4628 τῆς
3148 4558 3394 4621 παιδείας
3448 4574 3644 4631 πειρα-

380 4652 548 4707 tionis
574 4664 791 4720 ptenam
823 4642 1157 4716 experiaris;
1195 4640 1418 4710 quidam
1445 4640 1590 4696 enim
1621 4642 1825 4708 verbis,
1866 4644 1959 4698 alii

381 4746 500 4814 ipso
532 4757 705 4813 pinna:
733 4756 898 4798 sensu
931 4738 1276 4794 erudiuntur.

1023 4827 1177 4884 CAP.
1220 4826 1310 4883 Vl.

456 4923 647 4980 Firmo
695 4924 889 4993 faciem
927 4931 1073 4975 tuam
1124 4920 1189 4972 ³⁸.
1245 4918 1353 4973 Eos
1399 4917 1493 4987 qui
1534 4918 1788 4988 ιιι·ωεὶρυί
1838 4934 1960 4976 esse

379 5016 636 5071 videntur
664 5028 731 5068 ac
758 5011 985 5081 reliquis
1010 5008 1271 5079 majores,
1305 5008 1390 5062 vel
1423 5008 1634 5077 imperii
1672 5018 1957 5078 potestate,

380 5110 463 5165 vel
513 5106 683 5179 quod
716 5103 963 5161 scientiae
1010 5100 1399 5172 sapientiaque
1449 5109 1648 5155 navent
1701 5116 1955 5182 Operam,

378 5211 593 5258 montes
625 5196 796 5255 Israel
822 5210 886 5250 ac
914 5194 1078 5251 colles
1112 5194 1296 5248 vocari
1326 5194 1601 5249 existimo.
1648 5193 1956 5264 Prophetici

377 5295 577 5351 ctenim
617 5289 894 5347 sermonis
933 5288 1206 5358 speciem,
1251 5301 1374 5356 quae
1416 5285 1585 5342 facies
1633 5287 1956 5356 appellatur,

377 5386 834 5455 splendoremque
881 5381 1001 5452 ejus
1046 5394 1270 5434 necesse
1322 5378 1424 5431 erit
1474 5379 1539 5433 ad
1596 5377 1695 5432 hos
1744 5388 1955 5435 montes

380 5478 605 5544 Iit-mari,
637 5485 697 5532 ut
725 5475 890 5532 etiam
920 5472 987 5527 ad
1018 5487 1115 5526 eos
1143 5469 1430 5541 pr0phetia
1459 5469 1692 5524 dicatur.
1723 5469 1800 5524 Ac
1822 5485 1955 5524 sane

379 5565 778 5623 observandum
805 5573 910 5633 cst,
953 5561 1233 5619 montibus
1277 5559 1496 5629 quidem
1547 5560 1865 5615 annuntian
1888 5576 1949 5614 ea

450 5770 497 5802 ³³
541 5769 562 5824 1
605 5769 745 5841 ιὶιξε.Δ
772 5787 833 5835 ιι,
875 5770 965 5824 50.

378 5857 433 5912 v,
468 5842 552 5896 15.
630 5839 902 5896 ³⁸Εῑεεὶι.
938 5857 1014 5908 νι,
1049 5846 1105 5897 ‘2.

1056 5772 1100 5848 ῗ-ὀ
1142 5768 1342 5824 Ezecb.
1373 5785 1424 5837 ν,
1462 5769 1549 5824 10.
1628 5770 1671 5801 ³⁸
1709 5769 1854 5824 Psal.
1898 5787 2049 5841 xxvr,
2079 5774 2161 5848 2.,

2065 4650 2223 4721 θῆναι
2245 4667 2258 4680 ο
2278 4650 2423 4713 τινες
2448 4650 2556 4720 γὰρ
2579 4652 2923 4704 παιδεύονται
2953 4649 3189 4721 τῷλόγῳ
3215 4649 3313 4720 τῆς
3345 4649 3639 4713 κολάσεως,

2063 4742 2240 4813 ’ἑτεροι
2270 4740 2325 4794 δὲ
2345 4742 2483 4813 αὐτῇ
2506 4744 2570 4812 τῇ
2607 4741 2850 4797 κολάσει.

2711 4835 2869 4887 xm.
2905 4836 2994 4902 cr.

2134 4923 2429 4993 Στήριξον
2476 4924 2543 4979 τὸ
2583 4927 2911 4994 πρόσωπόν
2938 4944 3077 4981 σου.
3097 4924 3238 4989 Τοὺς
3265 4923 3404 4981 εἶναι
3431 4924 3648 4979 δοκοῦν-

2062 5034 2159 5081 τας
2195 5017 2289 5071 καὶ
2325 5015 2577 5087 μείζονας
2606 5019 2758 5089 παρὰ
2781 5019 2908 5083 τοὺς
2940 5018 3185 5082 λοιποὺς,
3215 5018 3334 5090 ἦτοι
3380 5016 3520 5071 κατὰ
3544 5015 3646 5088 τὴν

2061 5108 2154 5160 τοῦ
2178 5109 2367 5179 ἄρχειν
2398 5108 2647 5175 ἐξουσίαν
2672 5109 2705 5181 ἢ
2728 5110 2868 5163 κατὰ
2889 5109 2949 5162 τὸ
2969 5109 3097 5179 περὶ
3112 5106 3312 5176 γνῶσιν
3333 5107 3427 5160 καὶ
3452 5105 3641 5175 σοφίαν

2059 5200 2355 5271 διατρίϐειν
2401 5200 2625 5265 ἐθέλειν,
2650 5202 2751 5273 ὅρη
2782 5202 2987 5272 νομίζω
3012 5200 3264 5271 λέγεσθαι
3291 5198 3386 5253 τοῦ
3428 5196 3644 5269 Ἰσραὴλ

2058 5291 2151 5345 καὶ
2188 5291 2429 5362 βουνούς.
2460 5294 2576 5365 ,Τὴν
2604 5294 2863 5363 ἐπίφασιν
2879 5291 2972 5348 οὖν
2993 5293 3090 5347 τοῦ
3112 5290 3452 5365 προφητικοῦ
3479 5290 3643 5358 λόγου

2061 5383 2348 5451 πρόσωπον
2383 5386 2787 5458 ὀνομαζομένην
2818 5386 2911 5439 καὶ
2959 5386 3056 5456 τὴν
3083 5384 3443 5457 λαμπρότητα
3474 5376 3642 5436 αὑτοῦ

2056 5472 2238 5545 δεήσει
2272 5477 2628 5548 στηριχθῆναι
2660 5475 2752 5528 ἐπὶ
2779 5474 2949 5528 ταῦτα
2978 5475 3047 5529 τὰ
3084 5473 3207 5547 ὅρη,
3256 5475 3325 5527 ἶν’
3354 5474 3388 5545 ἡ
3424 5484 3643 5543 προφη-

2056 5566 2174 5621 τεία
2205 5568 2297 5621 καὶ
2320 5570 2410 5622 ἐπὶ
2437 5568 2610 5623 ταῦτα
2631 5568 2818 5640 λεχθῇ.
2860 5570 2971 5623 Καὶ
3001 5566 3416 5640 παρατηρητέον
3440 5580 3524 5635 γε,
3556 5564 3642 5619 ὃτι

2229 5778 2270 5807 ³⁵
2309 5774 2411 5831 Job
2445 5792 2593 5842 XXXI,
2630 5777 2718 5830 51.
2830 5776 2870 5807 ³⁷
2907 5774 3082 5829 Galat.
3110 5791 3162 5839 ν,
3191 5773 3275 5827 lii.
3354 5773 3397 5806 ³⁸
3439 5769 3637 5826 Ezccb.
