4070 6296
309 384 418 443 785

1487 383 1798 443 SELEC'I'A
1833 383 1901 440 ΙΝ
1942 384 2403 442 EZECIHELEM;

3469 376 3611 431 me-

303 504 373 558 τὰ
409 499 513 573 μὲν
543 497 811 570 λεγόμενα
845 497 1248 569 ἀπαγγέλλεται
1297 501 1410 562 τοῖς
1449 498 1600 570 δρεσι
1624 538 1640 565 ,
1681 516 1892 569 προφη-

1997 512 2119 566 quae
2151 497 2427 560 dicuntur,
2462 490 2779 548 vaticiniqu
2813 504 3102 546 veroesse
3136 504 3243 544 non
3293 488 3360 543 de
3412 503 3571 541 mono.

299 593 524 649 τεύεται
544 592 601 646 δὲ
624 591 685 645 οὐ
719 591 980 664 περὶτῶν
1019 591 1192 663 ὀρέων
1243 590 1424 662 μόνον,
1463 592 1599 645 ἀλλὰ
1639 593 1733 644 καὶ
1783 591 1892 659 τῶν

302 683 513 757 βουνῶν
539 684 632 736 καὶ
657 682 766 737 τῶν
797 683 982 757 ναπῶν
1010 685 1105 737 καὶ
1135 683 1433 756 φαράγγων
1451 701 1464 713 ·
1497 683 1667 739 ταῦτα
1707 683 1815 755 γὰρ
1842 684 1890 735 οἱ

300 774 484 848 βουνοὶ
517 775 615 828 καλ⁵
639 776 696 830 αἱ
726 773 1013 846 φάραγγες
1040 777 1135 829 καὶ
1165 777 1222 830 αἱ
1252 776 1443 841 νάπαι,
1474 777 1565 830 τὸν
1589 776 1892 847 στηριγμὸν

301 867 376 939 μὴ
399 865 686 939 χωροῦντα
719 866 811 920 τοῦ
844 867 1185 939 προφητικοῦ
1221 867 1544 940 προσώπου,
1576 868 1696 921 οὐδὲ
1737 867 1893 934 δέξα-

298 958 423 1013 σθαι
446 958 517 1011 τὰ
539 958 812 1031 λεγόμενα
839 954 929 1014 οἷό.
952 978 1008 1014 τε
1040 956 1125 1031 ἦν.
1171 959 1598 1030 Ἀπαγγέλλεται
1620 960 1677 1013 δὲ
1719 950 1907 1013 ταῦτα

290 1050 404 1111 τοῖς
424 1046 640 1120 δρεσιν,
678 1049 766 1102 ὅτε
804 1049 1022 1121 ἤκουον,
1067 1050 1237 1116 ἀξίοις
1261 1047 1380 1105 οὖσι
1414 1051 1509 1105 τοῦ
1535 1051 1603 1105 τὰ
1632 1052 1891 1124 ἐπιφερό-

289 1154 434 1210 μενα
468 1136 667 1192 παθεῖν
696 1139 761 1191 οὐ
794 1138 1011 1204 πάντως
1044 1140 1131 1193 ἵνα
1167 1140 1412 1195 πάθωσιν
1456 1139 1628 1193 αὑτά·
1667 1140 1890 1193 δυνατὸν

288 1229 400 1302 γὰρ
444 1230 582 1293 τοὺς
628 1229 959 1296 ἀκούοντας,
995 1230 1359 1303 ἐπικειμένων
1403 1231 1565 1285 τινῶν
1614 1232 1890 1301 χαλεπῶν,

291 1320 711 1393 μεταϐαλόντας
750 1323 947 1397 μηκέτι
988 1327 1304 1396 περιπεσεῖν
1350 1323 1559 1387 τούτοις
1599 1320 1680 1388 οἷς
1728 1325 1891 1395 ἥκου-

290 1430 410 1479 σαν,
436 1412 638 1486 ὥσπερ
666 1415 761 1468 καὶ
787 1416 914 1484 περὶ
934 1416 1234 1471 Νινευϊτῶν
1256 1417 1569 1488 γεγένηται.
1590 1416 1700 1469 Kal
1727 1418 1783 1470 ὲν
1812 1418 1889 1488 τῷ

299 1504 555 1578 Ἱερεμίᾳ
588 1507 666 1581 δὲ,
703 1506 900 1575 Πέραν
936 1505 1208 1576 λαλήσω,
1235 1511 1423 1580 φησὶν,
1460 1509 1560 1562 ἐπὶ
1597 1510 1740 1579 ἔθνη
1787 1512 1886 1565 καὶ

281 1596 599 1663 βασιλέας
644 1597 749 1651 τοῦ
777 1594 985 1666 ἐξᾶραι
1020 1598 1116 1651 καὶ
1158 1598 1451 1667 ἀφανίσαι
1487 1600 1733 1666 αὐτούς.
1775 1601 1887 1654 Καὶ

284 1687 411 1740 ἐὰν·
416 1688 871 1758 μετανοήσωσι,
900 1689 1059 1759 κάγὼ
1089 1689 1446 1760 μετανοήσω
1476 1691 1610 1761 περὶ
1644 1691 1888 1746 πάντων

286 1771 375 1830 ὧν
403 1777 728 1846 λελάληκα
755 1779 887 1848 περὶ
926 1780 1033 1834 τοῦ
1061 1779 1309 1849 ποιῆσαι
1332 1771 1557 1849 αὐτοῖς.
1601 1782 1699 1836 Διὰ
1726 1782 1885 1836 τοῦτο

1997 591 2142 645 tibus
2166 589 2319 650 solis,
2352 602 2543 642 verum
2581 587 2744 639 etiam
2781 585 2849 640 de
2887 583 3118 639 collibus
3167 582 3432 651 clivisque
3478 594 3574 636 ne-

1996 682 2255 746 morosis,
2286 689 2341 737 et
2369 680 2617 735 vallibus.
2654 676 2780 733 llaec
2807 677 2953 731 enim
2985 684 3114 730 sunt
3159 674 3326 730 colles
3363 691 3427 729 ac
3456 672 3568 728 val-

1995 772 2096 837 les,
2130 773 2444 842 saltusque,
2487 787 2609 841 qua:
2663 769 2976 823 ﬁrmitatem
3031 765 3334 837 prophetici
3388 766 3574 821 vultus

1994 879 2188 934 capere
2240 869 2539 933 nequeunt,
2586 876 2688 915 nec
2734 875 2797 914 ea
2844 873 2965 928 qua:
3009 856 3268 912 dicuntur
3308 856 3573 926 recipere.

1995 952 2330 1008 Nuntiantur
2358 962 2541 1008 autem
2569 954 2682 1007 hac
2708 951 3004 1013 montibus,
3037 949 3153 1019 qui,
3190 948 3410 1019 quando
3470 964 3574 1003 au-

1993 1047 2237 1110 diebant,
2267 1046 2416 1117 digni
2442 1044 2714 1114 erantqui
2747 1042 3030 1099 inferenda
3063 1042 3205 1096 mala
3235 1049 3597 1111 paterentur,.

1994 1152 2100 1191 non
2125 1136 2350 1191 omnino
2378 1144 2438 1191 ut
2466 1144 2800 1206 paterentur:
2837 1134 2955 1190 ﬁeri
3007 1134 3152 1190 enim
3181 1142 3359 1203 potest
3400 1143 3459 1188 ut
3483 1135 3583 1205 qui.

1992 1229 2302 1300 ingruentia
2332 1230 2582 1300 quaedam
2621 1231 2762 1284 mala
2809 1229 3059 1291 audiunt,
3108 1234 3320 1281 mutent
3367 1243 3573 1288 mores.

1991 1329 2046 1375 et
2074 1336 2181 1375 non
2208 1319 2452 1377 incidant
2480 1322 2535 1376 in
2566 1337 2629 1377 ea
2660 1336 2782 1392 quae
2828 1319 3122 1375 audierunt
3165 1319 3330 1385 mala,
3381 1334 3576 1388 quem-

1992 1413 2287 1468 admodum
2319 1412 2573 1469 Ninivitis
2616 1413 2865 1484 contigit.
2916 1411 2975 1466 In
3025 1412 3260 1467 Ieremia
3314 1427 3600 1482 quoquet‘

1997 1505 2154 1561 Ultra
2185 1505 2395 1574 l'oqamr,
2427 1507 2605 1577 inquit
2629 1506 2699 1574 "°,
2734 1522 2894 1576 super
2934 1515 3112 1576 gentes
3147 1515 3196 1559 et
3240 1523 3396 1575 super
3433 1522 3576 1576 reges

1994 1610 2049 1654 ut
2080 1598 2322 1668 auferam
2351 1608 2401 1654 et
2426 1600 2729 1670 disperdam
2756 1615 2865 1653 eos.
2898 1597 2968 1651 Et
2993 1599 3039 1652 si
3068 1599 3428 1668 paenitentiam
3460 1615 3578 1669 ege-

1990 1692 2117 1754 rint,
2140 1701 2189 1745 et
2212 1707 2304 1762 ego
2329 1692 2687 1761 pamitentiam
2714 1707 2866 1761 agam
2890 1690 2953 1744 de
2977 1689 3216 1744 omnibus
3238 1689 3577 1760 quazlocutus

1993 1800 2109 1837 sum
2135 1782 2307 1852 facere
2328 1784 2423 1838 eis.
2457 1783 2666 1839 Idcirco
2699 1783 2865 1855 416
2886 1792 3071 1838 autem
3095 1784 3162 1837 ad
3188 1791 3400 1837 montes
3431 1783 3578 1838 solns

285 1867 343 1920 δὲ
368 1869 516 1941 πρδς
542 1869 610 1923 τὰ
633 1869 732 1941 ὅρη
778 1871 914 1941 μόνα
935 1869 1171 1940 λέγεται,
1200 1872 1282 1925 ὅτι
1326 1874 1609 1947 χωρητικά
1646 1877 1752 1928 εἰσι
1792 1875 1885 1928 τοῦ

1993 1877 2105 1932 lucc
2119 1877 2394 1940 dicuntur,
2411 1877 2557 1946 quod
2576 1876 2822 1931 omnium
2843 1875 3109 1930 rationem
3131 1875 3339 1942 possint
3359 1892 3572 1943 capere:

287 1977 358 2013 πε
366 1963 425 2032 pl
462 1961 680 2014 πάντων
703 1961 860 2032 λόγου
883 1980 895 1993 ·
922 1965 1042 2017 οὐδὲ
1058 1966 1166 2037 γὰρ
1182 1965 1247 2019 ἂν
1272 1966 1425 2037 παρᾶ
1453 1965 1523 2020 τὰ
1542 1967 1643 2038 ὅρη
1678 1972 1886 2022 συνεῖεν

286 2052 384 2105 τοῦ
423 2052 768 2125 βουλήματος
795 2054 904 2109 τῶν
937 2056 1264 2127 λεγομένων.
1299 2059 1451 2128 ’Ἀμα
1472 2058 1527 2111 δὲ
1551 2058 1888 2131 παραθετέον

284 2144 351 2196 τὸ
378 2145 548 2216 ῥητὸν
567 2147 681 2208 τοῖς
703 2144 1034 2217 ἁδιακρίτως
1062 2146 1466 2218 διαλεγομένοις
1497 2150 1630 2202 πᾶσι
1657 2149 1751 2202 καὶ
1776 2152 1889 2214 τοῖς

284 2235 521 2308 τυχοῦσι
557 2239 651 2291 καὶ
682 2238 811 2309 περὶ
836 2237 944 2291 τῶν
965 2237 1224 2309 μειζόνων
1246 2241 1357 2304 τοῖς
1376 2239 1767 2312 ἁπλουστέροις
1796 2242 1890 2295 καὶ

289 2331 712 2400 ἁκεραιοτάτοις
739 2331 1023 2401 ἀνακοινου
1033 2331 1213 2401 μένοις
1232 2349 1246 2362 .
1293 2333 1389 2385 καὶ
1427 2332 1644 2386 λεκτέον
1683 2333 1888 2399 αὐτοῖς,

286 2420 376 2472 ὅτι
408 2421 599 2492 ὥσπερ
644 2422 673 2475 ὁ
722 2424 1010 2495 προφήτης
1046 2423 1113 2477 τὰ
1156 2424 1283 2499 περὶ
1332 2426 1503 2495 ὀρέων
1556 2426 1651 2480 καὶ
1689 2426 1895 2497 βουνῶν

287 2512 393 2564 καὶ
419 2513 602 2567 ναπῶν
632 2514 726 2569 καὶ
766 2516 1064 2588 φαράγγων
1088 2516 1268 2587 μόνοις
1283 2520 1397 2581 τοῖς
1436 2517 1586 2592 ὄρεσι
1612 2519 1893 2573 κελεύεται

284 2601 514 2671 λέγειν,
566 2605 658 2659 τὸν
706 2607 868 2661 αὐτὸν
913 2608 1113 2680 τρόπον
1158 2611 1270 2671 τοῖς
1308 2607 1576 2672 διακόνοις
1607 2609 1700 2662 τοῦ
1730 2609 1890 2678 λόγου

290 2695 730 2769 συμϐουλεύεται
772 2702 964 2752 ποιεῖν.
1020 2698 1292 2771 Ἠγοῦμαι
1340 2700 1399 2754 δὲ
1443 2702 1571 2768 τοὺς
1613 2704 1711 2775 μὲν
1755 2704 1894 2776 πρός

286 2783 506 2850 γνῶσιν
537 2786 668 2854 ὑγιᾶ
698 2790 1007 2857 πεφυκότας
1030 2790 1100 2842 τὰ
1132 2789 1234 2861 ὅρη
1254 2787 1394 2845 εἶναι
1415 2810 1428 2823 ·
1458 2793 1585 2858 τοὺς
1618 2794 1675 2847 δὲ
1712 2794 1893 2864 ὀλίγον

286 2882 355 2925 ’τι
384 2874 541 2946 παρὰ
585 2878 713 2941 τοὺς
748 2878 941 2942 ἄλλους
975 2879 1271 2934 διαϐαίνειν
1309 2885 1375 2954 τῇ
1423 2881 1622 2953 γνώσει
1654 2884 1892 2957 δυναμέ-

291 2980 431 3030 νους
456 2968 710 3037 λέγεσθαι
753 2971 1007 3044 βουνούς·
1050 2973 1178 3037 τοὺς
1231 2973 1286 3027 δὲ
1329 2974 1483 3045 ψιλὸν
1524 2976 1586 3029 τὺ
1616 2978 1893 3048 πρακτέον

290 3056 648 3127 ἐζηλωκότας
666 3060 918 3129 λέγεσθαι
946 3063 1122 3129 νάπας
1141 3082 1153 3094 ·
1196 3064 1323 3131 τοὺς
1354 3067 1410 3120 δὲ
1454 3069 1672 3123 πάντων
1705 3087 1894 3125 ταπειρ

291 3150 554 3222 νοτέρους
580 3152 679 3216 τὰς
695 3151 875 3224 ψυχὰς
902 3156 1265 3228 ὀνομάζεσθαι
1292 3160 1620 3231 φάραγγας..

369 3333 481 3389 Καὶ
504 3334 734 3407 ἐξαρθῇ
750 3339 821 3394 τὰ
843 3341 1059 3412 τεμένη
1084 3343 1270 3415 ὑμῶν.
1305 3345 1448 3402 Πᾶσι
1487 3351 1600 3414 τοῖς
1634 3351 1891 3423 προτιθε-

300 3423 488 3493 μένοις
512 3425 581 3480 τὰ
624 3428 724 3499 τῆς
743 3429 996 3498 γνώσεως
1018 3435 1290 3502 ἐξετάζειν
1307 3439 1403 3491 καὶ
1437 3438 1584 3508 βιοῦν
1625 3443 1769 3497 κατὰ
1799 3443 1891 3497 τὸν

295 3516 489 3588 νόμον,
511 3518 665 3590 καὶνῆ
692 3519 872 3590 ὀλίγον
895 3541 946 3576 τι
969 3524 1045 3588 ὼς
1071 3527 1208 3599 πρὸς
1238 3528 1338 3599 τὴν
1369 3530 1570 3599 γνῶσιν
1591 3531 1889 3588 διαϐαίνειν

296 3607 620 3700 δυναμένοις
649 3611 884 3685 μόνονν,ἢ
915 3615 1078 3672 πλέον
1096 3618 1189 3671 τοῦ
1229 3622 1536 3692 πρακτικοῦ
1585 3626 1750 3696 μηδὲν
1797 3626 1893 3700 ζη-

294 3697 457 3753 τοῦσι
478 3701 574 3754 καὶ
601 3703 965 3775 ἀρκουμένοις
1006 3706 1086 3778 τῷ
1134 3710 1237 3780 τῆς
1269 3713 1582 3784 εἰσαγωγῆς
1614 3714 1758 3787 λόγῳ
1797 3697 1891 3771 καὶ

295 3788 485 3861 ἔργοις
514 3791 739 3865 βραχέσι
764 3797 931 3866 φησὶν
967 3798 996 3850 ὁ
1030 3797 1186 3867 λόγος
1209 3800 1306 3853 τόο
1356 3802 1647 3875 Ἰδοὺηέγὼ
1690 3806 1892 3876 ἐπάγω

294 3881 397 3953 ἐφ’
449 3882 604 3954 ὑμᾶς
636 3887 973 3956 ῥομφαίαν,
1042 3890 1142 3944 καὶ
1190 3891 1766 3963 ἐξολοθρευθήσεται
1819 3900 1892 3954 τὰ

296 3976 517 4043 ὑψηλὰ
535 3976 721 4046 ὑμῶν,
768 3979 865 4033 ἅτε
895 3981 953 4034 ὲν
979 3985 1094 4047 τοῖς
1129 3984 1394 4051 τοιούτοις
1416 3987 1716 4060 δυναμένου
1747 3993 1892 4064 εὑρί-

300 4066 533 4120 σκεσθαι
557 4068 723 4138 τῦφον
747 4072 840 4125 καὶ
865 4073 1167 4142 φιλοδοξίαν
1197 4079 1293 4131 καὶ
1325 4079 1503 4152 οίησίν
1532 4099 1672 4136 τινα.
1711 4085 1890 4139 Καλὸν

297 4158 363 4213 δὲ
388 4159 447 4212 τὸ
474 4159 921 4234 ὲξολοθρευθῆναι
955 4167 1048 4219 καὶ
1080 4168 1447 4243 ἀφανισθῆναι
1492 4174 1757 4242 φυσίωσιν
1795 4178 1891 4230 καὶ

296 4250 500 4321 οἴησιν,
526 4251 670 4325 ἆπερ
696 4256 813 4309 ἐστὶ
847 4256 920 4311 τὰ
942 4258 1172 4328 ὑψηλά.
1197 4261 1347 4334 Αὐτὴ
1374 4263 1432 4317 δὲ
1455 4267 1488 4336 ὴ
1529 4265 1720 4338 λογικὴ
1758 4271 1893 4340 ῥομ-

299 4344 462 4413 φαία,
491 4345 592 4398 ὅσα
614 4348 764 4417 παρὰ
782 4348 873 4403 τὸν
901 4350 1058 4419 λόγον
1078 4352 1467 4427 οἰκοδομοῦμεν
1498 4357 1566 4411 τὰ
1593 4356 1889 4432 θυσιαστή-

303 4451 400 4509 ρια
423 4435 660 4507 οἰόμενοι
684 4437 796 4492 δεῖν
818 4439 900 4511 τῷ
921 4441 1042 4514 Θεῷ
1074 4443 1176 4515 τὴν
1204 4441 1432 4518 λογικὴν
1464 4446 1741 4518 λατρείαν,
1767 4467 1892 4504 συν-

297 4525 511 4629 τρίϐει..
529 4528 691 4629 αὐτὰ,
860 4531 942 4629 τα.
974 4533 1242 4629 ἱδρύματα
1277 4534 1314 4589 ἃ
1371 4537 1665 4610 νομίζομεν
1716 4557 1888 4595 κοιτα-
1923 4571 1964 4629 υ

305 4613 593 4681 σκευάζειν
619 4618 699 4689 τῷ
727 4618 858 4691 θείῳ
887 4619 1058 4694 λόγῳο
1093 4623 1237 4696 ἅπερ
1258 4626 1463 4699 τεμένη
1498 4626 1593 4683 νῦν
1632 4630 1886 4703 ὀνομάζει

302 4707 338 4760 ὁ
361 4707 501 4774 θεῖος
525 4705 723 4778 λόγος..

378 4890 486 4947 Kal
513 4890 639 4958 τοῖς
668 4891 997 4962 ὀφθαλμοῖς
1033 4894 1230 4951 αὐτῶνΡ
1267 4898 1392 4967 τοῖς
1428 4900 1882 4969 ἐκπορνεύουσι.

306 4984 831 5059 Προσεφαρμοστέον
858 4984 1032 5057 τούτῳ
1071 4989 1164 5041 τό·
1209 4992 1305 5056 “0(-
1355 4991 1432 5045 ἂν
1463 4992 1733 5066 ἐμϐλέψῃ
1780 5015 1886 5066 γυ.

304 5077 485 5132 rubea
501 5076 655 5147 πρὸς
673 5076 739 5131 τὸ
765 5077 1124 5147 ἐπιθυμῆσαι
1157 5081 1365 5150 αὐτῆς,
1394 5083 1511 5152 ἤδη
1529 5085 1887 5155 ἐμοίχευσεν

307 5170 501 5238 αὐτὴν
526 5170 597 5223 ἐν
618 5167 696 5239 τῇ
733 5168 946 5238 καρδίᾳ
978 5171 1166 5225 αὐτοῦ
1190 5189 1204 5202 ·
1253 5175 1348 5227 καὶ
1374 5174 1435 5227 τὸ
1482 5177 1539 5231 ὲν
1574 5175 1652 5246 τῷ
1690 5179 1887 5251 Δανιὴλ

311 5262 559 5333 κείμενον
584 5262 713 5334 περὶ
746 5260 856 5316 τῶν
879 5262 1210 5334 παρανόμων
1237 5266 1620 5339 πρεσϐυτέρων
1658 5269 1750 5323 ἐπὶ
1775 5271 1890 5325 Σω·

309 5355 532 5426 σάννης·
567 5353 729 5433 orae
760 5353 1090 5424 παράνομοι
1111 5356 1446 5411 ἐκέλευσαν
1465 5360 1891 5434 ἀνακαλυφθῆ-

307 5457 407 5496 ναι
463 5441 660 5511 αὐτὴν
709 5441 729 5509 (
745 5438 823 5513 ἦν
878 5443 987 5514 γὰρ
1052 5449 1675 5522 κατακεκαλυμμένη),
1729 5453 1891 5522 ὅπως

308 5533 705 5604 ἐμπλησθῶσι
752 5535 858 5592 τοῦ
885 5536 1159 5605 κάλλους
1173 5538 1383 5609 αὐτῆς.
1413 5543 1522 5596 Καὶ
1544 5546 1656 5607 τοῖς
1681 5552 1890 5618 νοητοῖς

309 5625 369 5680 δὲ
392 5625 691 5698 ὀφθαλμοῖς
719 5627 969 5700 πορνεύει
999 5629 1027 5682 ό
1056 5631 1299 5697 ἀποστὰς
1325 5632 1419 5687 τοῦ
1440 5634 1632 5708 ὲνορᾷν
1660 5635 1739 5708 τῷ
1760 5636 1890 5691 κάλ-

310 5716 390 5771 λει
410 5718 503 5772 τοῦ
532 5720 630 5792 τῆς
653 5718 909 5792 ἀληθείας
932 5720 1112 5791 λόγου.

1992 1984 2117 2023 nam
2146 1976 2342 2039 praeter
2369 1978 2585 2024 montes
2614 1967 2972 2023 dicendorum
2998 1969 3265 2024 rationem
3307 1969 3395 2022 alii
3428 1967 3572 2023 haud

1990 2062 2125 2118 satis
2156 2061 2553 2131 perspexerint.
2594 2059 2772 2114 Simul
2806 2075 3026 2130 quoque
3068 2062 3448 2130 apponendum
3493 2071 3577 2115 est

1991 2155 2126 2209 illud
2157 2154 2362 2209 dictum
2403 2153 2471 2210 iis
2512 2154 2609 2224 qui
2659 2152 2810 2207 nulla
2852 2152 3065 2222 judieii.
3099 2153 3312 2207 ratione
3364 2154 3578 2206 eunetis

1992 2247 2195 2317 passim
2219 2245 2479 2315 vulgique
2506 2245 2828 2299 hominibus
2849 2245 2916 2300 de
2947 2247 3110 2301 rebus
3135 2245 3440 2315 majoribus
3463 2245 3576 2299 dis-

1993 2346 2203 2403 serunt,
2228 2345 2283 2392 et
2304 2352 2400 2392 eas
2427 2336 2856 2406 simplicioribus
2885 2346 2941 2393 et
2962 2338 3185 2392 omnino
3209 2336 3406 2408 ineptis
3434 2353 3579 2391 eom-

1995 2426 2299 2480 tnunicant.
2326 2426 2504 2495 Atque
2530 2425 2639 2480 illis
2664 2425 2957 2481 dicendum
2980 2434 3085 2491 est,
3114 2427 3577 2497 quemadmodum

1995 2519 2263 2589 propheta
2316 2533 2440 2587 qua:
2491 2517 2558 2571 ad
2608 2525 2823 2572 montes
2877 2528 2930 2572 et
2983 2518 3148 2573 colles
3193 2518 3473 2587 saltusque
3513 2532 3578 2572 ac

1998 2610 2166 2665 valles
2199 2616 2469 2678 spectant,
2500 2623 2565 2663 ea
2591 2608 2725 2663 solis
2753 2608 3030 2663 montibus
3056 2609 3203 2678 loqui
3225 2607 3470 2678 jubetur,
3497 2608 3580 2663 sic

1992 2701 2146 2755 verbi
2177 2700 2443 2756 ministris
2471 2699 2765 2754 consilium
2801 2699 2921 2754 dari
2966 2708 3025 2753 ut
3069 2700 3259 2754 eodem
3300 2699 3466 2753 modo
3516 2714 3581 2753 se

1994 2803 2204 2864 gerant.
2235 2791 2502 2847 Existimo
2534 2800 2715 2846 autem
2741 2806 2837 2845 eos
2855 2791 2951 2861 qui
2977 2791 3042 2845 ad
3070 2806 3257 2846 sanam
3287 2791 3589 2845 scientiam.

1994 2885 2105 2939 nati
2141 2892 2291 2951 sunt,
2322 2892 2535 2938 montes
2561 2897 2715 2949 esse;
2747 2882 2839 2953 qui
2870 2882 3129 2952 pusillum
3164 2883 3294 2952 quid
3340 2899 3448 2952 prae
3488 2897 3576 2937 re-

1995 2975 2160 3044 liquis
2198 2974 2425 3030 scientia
2464 2973 2689 3042 provehi
2731 2981 2983 3042 possunt,
3025 2973 3193 3028 colles
3234 2974 3609 3044 nuncupari;

1996 3066 2091 3137 qui
2124 3064 2327 3119 nudam
2366 3063 2694 3118 aemulantur
2725 3061 3030 3128 actionem,
3079 3063 3253 3118 saltus
3297 3063 3441 3130 diei;
3481 3069 3575 3134 qui
3604 3098 3611 3105 ο

1997 3171 2126 3212 vero
2186 3154 2443 3211 omnibus
2496 3152 2819 3208 humiliores
2868 3152 3073 3208 habent
3127 3154 3362 3224 animas,
3404 3155 3608 3211 valles

1993 3245 2301 3301 nominari.
2340 3300 2345 3305 .

2062 3336 2133 3392 Et
2171 3338 2490 3408 auferantur
2545 3334 2768 3390 delubra
2815 3343 2989 3390 vestra
3029 3335 3094 3389 ⁵⁸.
3158 3333 3427 3394 Omnibus
3479 3340 3574 3408 qui

1991 3447 2116 3502 qua:
2146 3432 2211 3487 ad
2246 3430 2530 3491 scientiam
2563 3435 2836 3499 spectant,
2873 3427 3151 3497 inquirere
3186 3438 3241 3485 et
3270 3432 3572 3487 secundum

1994 3526 2166 3596 legem
2196 3524 2380 3578 vivere
2409 3521 2516 3577 sibi
2549 3527 2893 3591 proponunt,
2941 3520 3148 3589 quique
3193 3523 3277 3576 vel
3316 3523 3572 3592 pusillum

1992 3614 2124 3684 quid
2182 3612 2251 3667 ad
2294 3613 2581 3668 scientiam
2633 3611 2887 3681 progredi
2935 3620 3250 3680 potuerunt,
3300 3615 3382 3668 vel
3439 3615 3574 3668 nihil

1993 3713 2191 3773 praeter
2218 3705 2490 3759 actionem
2522 3713 2799 3774 quaerunt,
2827 3705 3069 3772 satisque
3103 3703 3307 3759 habent
3333 3714 3393 3758 ut
3425 3707 3573 3759 rudi-

1993 3795 2261 3849 mentaria
2288 3795 2469 3851 solum
2497 3798 2747 3851 doctrina
2772 3796 3091 3851 imbuantur
3114 3809 3179 3849 ac
3205 3796 3418 3866 exiguis
3445 3812 3576 3867 ope-

1994 3887 2149 3942 ribus
2204 3886 2534 3953 fulciantur',
2583 3888 2659 3943 ait
2706 3888 2928 3943 divinus
2968 3902 3151 3944 sermo
3176 3887 3261 3943 “z
3307 3887 3444 3943 Ecce
3480 3907 3609 3962 ego

1992 3977 2188 4043 induco
2229 3994 2387 4047 super
2431 3994 2520 4032 vos
2564 3977 2826 4047 gladium,
2871 3988 2920 4033 et
2963 3979 3331 4048 disperdentur
3367 3981 3581 4036 excelsa

1995 4078 2191 4136 vestra,
2223 4069 2369 4139 quod
2406 4069 2617 4124 scilicet
2668 4070 2725 4124 in
2773 4069 2976 4125 talibus
3023 4071 3199 4126 fastus
3240 4073 3472 4142 quidam
3521 4087 3603 4128 et.

1993 4161 2172 4215 laudis
2192 4161 2461 4230 appetitus
2483 4161 2858 4230 Jactantiaque
2880 4161 3056 4230 possit
3077 4162 3331 4217 inveniri.
3360 4163 3574 4219 Bonum

1993 4263 2175 4309 autem
2211 4261 2297 4308 est
2324 4251 2588 4308 utiastus
2635 4251 3011 4321 disperdatur,
3059 4254 3340 4323 animique
3390 4263 3577 4309 tumor

1992 4363 2058 4426 ac
2083 4346 2347 4415 jactantia
2378 4345 2647 4411 deleatur,
2671 4359 2794 4414 qum
2827 4353 2957 4399 sunt
2984 4345 3210 4401 excelsa.
3247 4346 3368 4417 Ipse
3390 4356 3603 4402 autem-

1995 4436 2336 4492 rationabilis
2384 4437 2599 4508 gladius
2654 4450 2997 4506 quaecunque
3042 4445 3233 4492 contra
3301 4439 3597 4495 rationan

1993 4528 2331 4587 cxstruimus
2377 4530 2608 4593 altaria,
2653 4529 2757 4586 rati
2803 4529 2990 4585 deberi
3033 4528 3148 4585 Deo
3187 4530 3575 4586 rationabilem

1993 4623 2224 4688 cultum,
2262 4622 2381 4692 ipsa
2405 4622 2657 4688 conterit,
2688 4637 2789 4679 nec
2820 4637 2930 4678 non
2952 4620 3286 4684 munitiones
3307 4639 3445 4694 quas
3470 4641 3575 4681 nos

1991 4714 2181 4770 divino
2213 4712 2397 4769 verbo.
2412 4712 2687 4769 aediﬁcare
2712 4713 3114 4781 existimamus,
3146 4730 3394 4787 quasque
3431 4717 3573 4773 divi-

1993 4823 2099 4863 nus
2128 4822 2310 4863 sermo
2339 4822 2489 4863 nunc
2516 4806 2745 4863 delubra
2772 4814 2952 4862 vocat.

2066 4898 2138 4953 Et
2163 4900 2328 4954 oculis
2359 4914 2540 4954 eorum
2565 4898 2951 4967 fornicantibus
2978 4898 3047 4955 "'.
3087 4898 3226 4961 Huic
3269 4902 3571 4971 aptandum

1993 4991 2136 5060 quod
2169 4992 2376 5051 dictum
2406 5001 2491 5051 est
2508 4988 2555 5022 “
2581 5007 2594 5044 :
2628 4990 2733 5055 Qui
2765 4990 2953 5045 viderit
2984 4991 3255 5047 mulierem
3281 4994 3350 5049 ad
3380 5010 3575 5049 concu-

1993 5085 2302 5154 piscendum
2322 5100 2461 5151 eam,
2486 5083 2605 5153 jam
2632 5082 2920 5138 maecltatus
2953 5094 3028 5143 est
3049 5101 3167 5140 eam
3192 5086 3244 5138 in
3268 5086 3423 5140 corde
3451 5103 3575 5152 suo;

1994 5178 2250 5248 quodque
2284 5176 2342 5231 in
2372 5176 2598 5235 Danlele
2621 5177 2699 5233 de
2719 5176 2924 5254 iniquis
2953 5177 3268 5237 senioribus
3304 5193 3430 5248 erga
3463 5177 3572 5233 Su-

1995 5286 2226 5326 sannam
2259 5272 2627 5327 habetur:At
2659 5272 2743 5326 illi
2770 5272 2939 5342 utiqui
2970 5272 3247 5342 jusserunt
3292 5283 3351 5331 ut
3393 5273 3581 5326 discos

1991 5363 2434 5432 aperiretur(erat
2461 5364 2600 5417 enim
2632 5366 2920 5434 cooperta),
2940 5376 2998 5419 ut
3034 5366 3112 5419 uel
3134 5365 3212 5418 sic
3242 5365 3575 5418 satiarentur

1992 5455 2176 5509 decore
2212 5455 2347 5524 ejus.
2384 5453 2736 5524 Spiritalibus
2775 5472 2995 5528 quoque
3034 5457 3209 5512 oculis
3240 5455 3592 5523 fornicatur,

1991 5545 2084 5612 qui
2143 5559 2203 5598 se
2259 5546 2456 5599 avertit
2504 5562 2573 5601 ne
2623 5549 2873 5604 decorem
2929 5548 3189 5603 veritatis.
3232 5547 3381 5605 verbi
3437 5563 3573 5606 cou-

1995 5645 2229 5691 tueatur.

381 5835 660 5922 "darem.
698 5853 855 5905 xvm,
904 5838 954 5893 7.
1032 5841 1073 5874 δι
1104 5841 1301 5901 Ezcch.
1338 5862 1411 5917 γι,
1447 5848 1501 5902 6.
1580 5849 1625 5880 δ’
1655 5848 1785 5905 ibid.
1823 5849 1874 5905 3.

1993 5849 2158 5905 ιίωνι.
2202 5850 2253 5904 9.
2333 5848 2376 5881 ³³
2418 5847 2606 5903 Matth.
2651 5849 2824 5917 v,.28.
