4070 6296
447 470 550 528 787

1861 480 1952 536 EX
1994 480 2301 538 ORIGENB

3618 484 3725 544 788

519 590 640 646 Non
674 592 876 661 [rustra
903 591 1108 648 [acutus
1139 610 1254 649 sum
1285 595 1356 651 η.
1400 594 1518 652 Non
1559 596 1764 655 frustra
1802 601 2011 656 evenire

2202 602 2326 656 Οὐκ
2346 603 2434 668 εις
2456 598 2685 669 διιῳεὰν
2709 600 3045 669 λελάληκα.
3082 601 3283 675 Οἴονμαι
3322 601 3386 658 τὸ
3428 602 3504 676 μὴ
3545 603 3728 679 μάτην

445 695 577 757 puto
607 700 727 755 quae
748 685 928 755 dignis
951 684 1358 744 distribuuntur
1383 688 1726 749 calamitates
1754 691 2024 748 malorum

442 776 667 833 nomine
697 776 790 832 hic
817 778 1157 848 appellatas:
1201 779 1309 836 hoc
1347 796 1541 853 nempe
1580 798 1705 840 esse
1748 785 1895 856 quod
1937 785 2028 841 hic

443 868 714 923 habetur:
753 866 879 923 Non
920 868 1124 938 frustra
1169 871 1377 927 locutus
1416 889 1535 928 sum
1576 875 1626 930 ei
1650 890 1844 932 cuncta
1889 877 2022 932 Itwc.

441 958 518 1015 Ex
550 960 771 1016 illorqu
794 961 942 1017 enim
969 974 1167 1019 eventu
1194 965 1425 1020 cl'licitur
1452 967 1682 1038 aliquid,
1712 982 1836 1024 cum
1866 968 1902 1023 ii
1929 969 2025 1041 qui

439 1070 505 1110 ca
542 1054 958 1126 perpetiuntur,
1005 1056 1295 1114 utilitatem
1355 1059 1627 1126 referant,
1674 1070 1732 1117 et
1791 1078 2022 1118 conver-

440 1156 646 1203 tantur.
680 1145 777 1202 Sin
809 1157 997 1205 autem
1023 1149 1185 1205 etiam
1213 1159 1337 1219 post
1371 1152 1607 1209 inﬂictas
1646 1167 1843 1224 ptenas
1884 1168 2024 1209 non-

439 1239 572 1294 nulli
598 1239 653 1295 in
683 1250 908 1312 peccato
937 1245 1431 1313 perseveraverint,
1459 1248 1538 1301 ait
1583 1261 1683 1317 per
1723 1245 2020 1303 Jeremiam

435 1346 620 1387 sermo
670 1332 1025 1403 propheticus
1073 1333 1169 1392 “z
1240 1334 1473 1392 Frustra
1536 1340 1772 1408 percussi
1826 1337 2022 1395 liberos

434 1430 669 1479 uestros:
695 1422 1037 1495 disciplinam
1059 1441 1166 1481 non
1181 1428 1505 1497 suscepistis.
1528 1427 1694 1502 417
1712 1428 2024 1487 Verisimile

433 1511 582 1568 enim
615 1522 701 1569 est
728 1529 1123 1586 percussorum
1151 1516 1453 1575 liberorum
1482 1520 1709 1576 nomine
1741 1519 1834 1577 hic
1863 1520 2023 1577 intel-

434 1605 527 1677 ligi
558 1606 781 1663 malitiae
804 1623 992 1679 opera,
1025 1609 1184 1665 malae
1225 1611 1423 1666 animae
1473 1612 1782 1684 genimina,
1818 1614 2021 1685 quibus

434 1697 632 1756 solutis
680 1708 737 1755 et
785 1702 1084 1772 percussis,
1144 1702 1503 1762 nihilominus
1550 1714 1738 1762 manet
1787 1706 2016 1762 malitia.

435 1790 592 1863 Saepe
624 1793 769 1849 enim
796 1795 1057 1866 operibus
1082 1795 1381 1868 impeditis,
1410 1799 1530 1872 ipsa
1559 1816 1780 1874 quoque
1809 1802 2016 1860 sensim

431 1883 616 1940 deficit
648 1885 910 1956 pravitas.

501 1975 714 2034 Plaude
737 1996 899 2034 manu
917 1990 970 2036 et
996 1981 1232 2054 obstrepe
1256 1986 1386 2057 pede
1412 1986 1480 2046 ν’.
1513 1988 1792 2056 Quantum
1824 1990 1892 2046 ad
1924 1991 2017 2048 lit-
2050 1964 2095 2024 Β

430 2078 602 2124 teram
654 2071 867 2138 attinet,
910 2073 1136 2145 jubetur
1186 2079 1451 2149 propheta
1498 2081 1571 2138 ob
1608 2083 2016 2140 multitudinem

427 2159 902 2218 abominationum
944 2167 1130 2237 populi
1181 2169 1434 2240 quiritari
1487 2188 1596 2230 non
1645 2173 1824 2231 solum
1857 2190 2015 2245 voce,

426 2250 524 2307 sed
552 2260 608 2307 et
634 2255 883 2325 corporis
914 2258 1124 2329 habitu,
1168 2269 1228 2317 ut
1255 2277 1452 2321 manus
1479 2264 1702 2336 quidem
1746 2281 1859 2337 prae
1900 2278 2017 2324 stu-

425 2359 562 2415 pore
586 2345 661 2401 ob
703 2349 1109 2408 multitudinem
1164 2364 1517 2425 peccatorum
1569 2358 1862 2429 plaudant;
1919 2376 2016 2431 pes

423 2454 557 2496 vero
600 2449 804 2498 terram
856 2446 1208 2504 vehementer
1247 2449 1480 2519 quatiat,
1527 2460 1589 2507 ut
1643 2453 1771 2509 inde
1799 2454 2014 2511 sonitus

423 2543 754 2607 perstrepat.
814 2535 951 2595 Illud
1003 2549 1187 2596 autem
1221 2541 1266 2575 ιδ
1307 2561 1322 2598 :
1358 2543 1428 2598 Et
1454 2542 1569 2599 dixi
1599 2561 1618 2599 :
1653 2543 1820 2617 Euge,
1847 2562 2011 2617 para-

422 2623 610 2694 phrasi
659 2635 819 2686 utens
853 2629 1219 2702 Symmachus
1247 2633 1411 2690 vertit
1445 2651 1461 2690 :
1512 2634 1861 2694 Lamentatus
1893 2654 2012 2693 sum

424 2729 477 2775 et
510 2720 795 2777 clamorem
840 2724 1198 2781 miserabilem
1238 2727 1292 2782 in
1330 2728 1547 2783 modum
1584 2730 1746 2785 edidi.
1796 2731 1864 2787 Et
1909 2747 2012 2790 nos

423 2811 595 2884 igitur
622 2815 689 2870 ad
725 2815 901 2872 instar
930 2819 1212 2889 prophetae
1247 2819 1464 2877 decebit
1506 2821 1728 2891 indigne
1772 2822 2011 2883 ferentes

423 2921 549 2977 quae
594 2915 880 2978 patrantur
916 2910 1085 2979 mala,
1125 2920 1181 2967 et
1216 2912 1522 2984 lugubriter
1560 2916 1711 2984 ﬂere,
1760 2928 1815 2974 ct
1859 2919 2010 2974 nullo

425 3000 593 3056 modo
615 3001 913 3070 probantes
937 3018 1061 3073 quae
1083 3012 1279 3073 praeter
1307 3014 1514 3062 rectam
1549 3009 1816 3066 rationem
1852 3011 2007 3080 ﬁunt,

419 3090 518 3148 illa
548 3092 767 3163 penitus
798 3093 1078 3151 detestari.
1118 3095 1373 3154 Forsitan
1411 3115 1543 3156 vero
1594 3117 1757 3158 manu
1798 3103 2011 3174 plaudi-

424 3198 572 3251 mus,
608 3183 832 3254 quando
874 3186 1227 3256 peccantibus
1279 3205 1391 3246 non
1428 3207 1825 3264 cooperamur;
1874 3197 2010 3267 pede

420 3284 608 3332 autem
662 3286 1002 3347 perstrepere
1040 3279 1298 3349 dicimur,
1334 3283 1557 3354 quando
1599 3301 1711 3341 non
1760 3288 2009 3344 ambula-
2037 3309 2079 3368 ρ

422 3383 547 3423 tuus
566 3383 693 3423 cum
721 3368 848 3426 illis.
874 3369 1118 3428 Dicimus
1144 3372 1275 3429 item
1298 3374 1664 3433 miserabilem
1694 3377 1749 3432 in
1784 3379 2008 3436 modum

420 3456 590 3529 Euge,
621 3473 747 3515 cum
781 3460 917 3517 nulli
947 3462 1343 3521 abominationi
1379 3466 1547 3523 verbo
1593 3476 1648 3524 et
1681 3482 1846 3540 opere
1877 3485 2011 3528 con-

419 3552 712 3612 sentimus.

1057 3649 1214 3708 CAP.
1253 3649 1367 3707 VII.

491 3738 624 3798 Hcce
643 3740 774 3801 dicit
787 3743 998 3800 Adonai
1016 3744 1275 3801 Dominus
1298 3759 1453 3804 terra:
1468 3746 1641 3805 Israel
1654 3749 1719 3805 δ’.
1744 3748 2006 3820 Quando-

418 3832 640 3904 quidem
673 3844 831 3893 terra:
849 3837 1018 3894 Israel
1048 3838 1338 3909 prophetia
1375 3840 1444 3897 de
1473 3842 1583 3898 line
1610 3850 1843 3901 venturo
1871 3844 2009 3902 dici-

418 3934 531 3990 tur,
555 3925 812 3984 existimo
841 3928 958 3986 alas
985 3937 1145 3986 terra:
1171 3944 1267 3987 eos
1298 3944 1421 3987 esse
1456 3931 1552 4003 qui
1587 3932 2008 4005 perspicacioris

416 4017 589 4073 animi
616 4029 766 4085 sunt,
803 4022 1010 4094 quique
1051 4024 1276 4081 sublimi
1306 4024 1493 4081 volatu
1532 4025 1816 4082 enituntur
1839 4043 2007 4098 supra

416 4126 611 4168 omnes
639 4113 731 4184 qui
760 4123 1086 4186 sunttsuper
1110 4124 1336 4172 terram.
1365 4116 1433 4174 Et
1472 4128 1618 4175 certe
1650 4117 1754 4188 ipsi
1785 4127 2007 4188 propter

410 4216 614 4274 corpus
640 4206 1049 4276 quodammodo
1102 4208 1211 4265 diei
1249 4220 1456 4281 queant
1484 4226 1516 4268 e
1553 4222 1697 4268 terra
1735 4227 1881 4280 esse,
1922 4223 2007 4269 at-

410 4312 519 4365 que
544 4297 711 4355 Israel
731 4300 837 4356 erit
864 4300 964 4356 ala:
989 4311 1167 4369 terrae,
1195 4314 1250 4359 et
1274 4304 1370 4375 qui
1392 4305 1693 4361 secundum
1724 4305 1896 4377 legem
1924 4304 2005 4361 vi-

410 4405 542 4445 vere
566 4390 747 4447 edoeti
777 4400 927 4446 sunt.
957 4390 1043 4446 Ab
1070 4393 1156 4448 his
1201 4394 1348 4449 enim
1399 4395 1504 4450 alis
1550 4405 1713 4453 terra:
1756 4397 2003 4470 prodigia

408 4481 752 4548 audivimus,
783 4481 1247 4551 quemadmodum
1288 4485 1367 4540 ait
1403 4484 1575 4545 Isaias
1602 4488 1649 4521 ⁸ο
1687 4507 1701 4545 :
1754 4489 2000 4561 Domine,

405 4575 473 4627 ab
503 4573 606 4628 alis
629 4581 786 4627 terra:
807 4572 1055 4644 prodigia
1078 4574 1379 4630 audivimus
1396 4590 1416 4630 :
1439 4593 1564 4633 cum
1584 4579 1622 4634 ii
1640 4580 1735 4651 qui
1761 4582 1998 4653 alarum,

2132 690 2454 762 συμϐαίνειν
2475 691 2545 744 τὰ
2569 691 3003 764 ὲπιμεριζόμενα
3037 696 3151 758 τοῖς
3194 693 3369 762 ἀξίοις
3419 698 3727 752 συστατικὰ

2129 782 2225 838 νῦν
2256 782 2525 855 λεγόμενα
2550 781 2695 837 κακά
2711 821 2727 850 ,
2758 782 2903 838 τοῦτ’
2922 780 3062 839 εἶναι
3090 784 3153 838 τό
3173 801 3188 815 ο
3226 788 3350 841 Οὐκ
3376 789 3466 855 εἰς
3494 788 3727 858 δωρεὰν

2126 872 2443 943 λελάληκα
2476 874 2682 942 αὐτοῖς
2718 874 2956 932 ἅπαντα
2983 875 3192 933 ταῦτα.
3241 876 3488 934 Ἀνύεται
3531 881 3640 953 γάρ
3668 899 3721 936 τι

2126 965 2237 1021 ἀπὸ
2269 965 2367 1021 τοῦ
2403 966 2531 1021 τάδε
2555 966 2802 1037 γίνεσθαι
2821 966 3218 1040 ὠφελουμένων
3249 968 3359 1023 τῶν
3397 972 3721 1042 πασχόντων

2127 1057 2270 1115 αὐτὰ
2304 1057 2400 1113 καὶ
2434 1058 2897 1131 ἐπιστρεφόντων.
2951 1059 3078 1113 Ἐὰν
3111 1057 3171 1112 δὲ
3198 1058 3295 1114 καὶ⁵
3327 1060 3464 1132 μετὰ
3488 1061 3587 1126 τὰς
3623 1078 3720 1116 κο-

2124 1149 2313 1216 λάσεις
2348 1148 2653 1222 ἐπιμένωσι
2689 1166 2833 1215 τινες
2871 1151 2945 1223 τῇ
2965 1148 3235 1222 ἁμαρτίᾳ,
3266 1149 3400 1219 φησὶ
3426 1148 3514 1204 διὰ
3548 1151 3728 1224 Ἱερε-⁴

2128 1241 2254 1314 μίου
2279 1244 2308 1297 6
2332 1241 2672 1315 προφητικὸς
2699 1240 2856 1312 λόγος
2872 1258 2886 1273 ⁸
2909 1238 3124 1310 Μάτην
3143 1240 3414 1306 ἐπάταξα
3445 1241 3520 1296 τὰ
3536 1240 3718 1299 τέκνα

2123 1336 2324 1408 ὑμῶν’
2353 1335 2634 1391 παιδείαν
2658 1337 2772 1391 οὐκ
2798 1334 3111 1400 ἐδέξασθε.
3141 1333 3305 1399 Εἰκὸς
3329 1333 3441 1407 γὰρ
3469 1334 3634 1389 κάκεῖ
3648 1336 3719 1392 τὰ

2124 1429 2515 1502 πατασσὸμενα
2538 1427 2706 1483 τέκνα
2732 1427 2802 1482 τὰ
2829 1427 2967 1502 ἔργα
2989 1421 3131 1482 εἶναι
3162 1427 3263 1498 τῆς
3282 1426 3500 1495 κακίας,
3527 1429 3721 1501 γεννή-

2126 1540 2274 1595 ματα
2293 1521 2424 1578 ὅντα
2443 1522 2545 1594 τῆς
2572 1521 2853 1594 μοχθηρᾶς
2891 1519 3071 1592 ψυχῆς
3090 1560 3106 1586 ,
3138 1512 3215 1574 ὧν
3251 1518 3364 1574 ἔσθ’
3394 1521 3487 1575 ὅτε
3523 1520 3719 1592 λυομέ-

2121 1633 2230 1672 νων
2272 1616 2368 1671 καὶ¹
2411 1614 2865 1687 πατασσομένων,
2890 1613 2990 1684 οὐχ
3029 1606 3193 1684 ἦττον
3235 1611 3386 1684 μένει
3421 1615 3456 1685 ἡ
3509 1611 3712 1668 κακία·

2122 1706 2383 1772 πολλάκις
2402 1706 2532 1780 γὰρ,
2563 1705 2673 1763 τῶν
2706 1705 2884 1779 ἔργων
2914 1702 3359 1778 ἐμποδιζομένων
3377 1746 3394 1773 ,
3424 1703 3523 1760 καὶ
3552 1707 3589 1779 ἡ
3615 1721 3719 1761 κα-

2121 1799 2216 1854 κία
2241 1797 2594 1855 ὑπεκλύεται.

2190 1986 2510 2056 Κρότησον
2543 1983 2621 2054 τῇ
2646 1982 2797 2056 χειρὶ
2819 1982 2921 2038 καὶ
2941 1982 3234 2053 ψόφησον
3260 1981 3340 2049 τῷ
3358 1982 3516 2038 ποδί.
3549 1984 3719 2038 Ὅσον

2119 2078 2213 2133 ἐπὶ
2262 2080 2328 2150 τῇ
2377 2077 2521 2145 λέξει
2561 2076 2840 2131 κελεύεται
2885 2076 2914 2129 ὁ
2959 2078 3247 2149 προφήτης
3290 2074 3381 2130 διὰ
3414 2074 3476 2129 τὸ
3507 2073 3714 2147 πλῆθος

2117 2173 2229 2229 τῶν
2265 2168 2652 2245 βδελυγμάτων
2695 2168 2793 2224 τοῦ
2835 2167 2966 2225 λαοῦ
3005 2169 3321 2241 σχετλιάσαι
3359 2170 3420 2224 οὐ
3454 2169 3610 2240 μόνον
3638 2169 3713 2241 τῇ

2118 2267 2293 2338 φωνῇ,
2339 2263 2478 2320 ἀλλὰ
2516 2265 2613 2319 καὶ
2650 2265 2718 2336 τῇ
2762 2263 2893 2335 ποιᾷ
2932 2264 3264 2318 καταστάσει
3296 2261 3394 2316 τοῦ
3440 2260 3710 2333 σώματος,

2118 2358 2208 2413 ἴνα
2243 2358 2301 2413 αἱ
2335 2357 2435 2429 μὲν
2478 2359 2660 2428 χεῖρες
2703 2355 2871 2410 αὑτοῦ
2911 2355 3006 2409 ἐπὶ
3042 2356 3108 2427 τῇ
3138 2352 3399 2426 ἐκπλήξει
3426 2356 3494 2425 τῇ
3524 2353 3617 2407 ἐπὶ
3641 2351 3716 2408 τὰ

2116 2448 2288 2504 πολλὰ
2316 2450 2693 2522 ἁμαρτήματα
2734 2449 3097 2521 κρατήσωσιν·
3123 2448 3152 2501 6
3176 2446 3233 2501 δὲ
3259 2447 3397 2511 ποῦς
3423 2446 3714 2518 σφοδρότε-

2117 2559 2211 2615 ρον
2234 2542 2378 2614 τύψῃ
2409 2542 2472 2596 τὸ
2515 2541 2709 2611 ἔδαφος
2744 2541 2820 2605 ὡς
2864 2536 2997 2612 ἦχον
3044 2539 3488 2611 ἀποτελεσθῆναι.
3526 2540 3600 2593 Τὸ
3626 2538 3707 2606 δὲ,

2112 2635 2225 2691 Καὶ
2257 2629 2640 2706 εἷπονιΕὖτε,
2676 2631 3052 2705 παραφράζων
3082 2633 3110 2685 6
3142 2631 3439 2703 Σύμμαχος
3474 2632 3712 2704 πεποίη-

2114 2745 2228 2784 κεν*
2298 2726 2636 2796 Ἐπένθησα
2675 2724 2776 2781 καὶ
2836 2724 3228 2794 ἐσχετλίασα.
3277 2723 3391 2777 Καὶ
3432 2724 3581 2795 ἡμᾶς
3613 2718 3711 2778 οὖν

2111 2822 2292 2894 δεήσει
2349 2818 2718 2892 μιμουμένους
2759 2817 2851 2871 τὸν
2903 2818 3188 2890 προφήτην
3230 2814 3327 2870 καλ¹
3372 2813 3713 2885 σχετλιάζειν

2112 2911 2553 2984 ἀγανακτοῦντας
2593 2910 2686 2964 ἐπὶ
2724 2913 2839 2974 τοῖς
2879 2908 3379 2982 ἁμαρτανομένοις,
3425 2909 3523 2964 καὶ
3574 2910 3710 2980 ἀφι-

2114 3006 2359 3061 σιοῦσθαι
2403 3005 2481 3069 ὡς
2530 3001 2770 3076 οὐδαμοῦ
2821 3002 3178 3067 εὐδοκοῦντας
3242 3005 3356 3066 τοῖς
3402 3002 3707 3074 γινομένοις

2111 3099 2265 3171 παρὰ
2295 3099 2386 3155 τὸν
2424 3097 2585 3170 ὀρθὸν
2638 3098 2816 3168 λόγον.
2866 3097 3023 3169 Τάχα
3063 3097 3122 3153 δὲ
3163 3097 3258 3153 καὶ
3291 3095 3589 3170 κρατοῦμεν
3629 3098 3698 3170 τῇ

2110 3192 2257 3264 χειρὶ
2287 3190 2363 3264 μὴ
2395 3189 2842 3263 συμπράττοντες
2866 3193 2979 3254 τοῖς
3009 3189 3400 3262 ἁμαρτάνουσισ
3424 3188 3616 3262 ψοφεῖν
3639 3189 3702 3247 δὲ

2112 3282 2387 3355 Μγόμεθα
2426 3282 2504 3355 τῷ
2544 3282 2686 3349 ποδὶ,
2729 3281 2805 3355 μὴ
2849 3283 3324 3355 συμπορευόμενοι
3362 3282 3566 3346 αὐτοῖς’
3606 3281 3710 3337 καὶ

2113 3374 2345 3447 λέγομεν
2389 3373 2794 3448 σχετλιάζοντες
2828 3374 2892 3429 τὸ
2935 3370 3114 3446 Εὖγε,
3156 3373 3337 3430 οὐδενὶ
3373 3372 3712 3449 βδελύγματι

2108 3468 2253 3540 λόγῳ
2278 3469 2312 3542 ἢ
2346 3467 2495 3541 ἔργῳ
2525 3467 3066 3540 συγκατατιθέμενοι.

2766 3651 2924 3705 ΚΕΦ.
2963 3651 3038 3706 Z'.

2186 3744 2332 3804 Τάδε
2356 3743 2518 3817 λέγει
2562 3743 2804 3801 Ἀδωναῒ
2837 3745 3050 3814 Κύριος
3079 3741 3157 3813 τῇ
3179 3740 3257 3814 γῆ
3297 3740 3568 3812 Ἰσραήλ.
3612 3741 3704 3797 Ἦν

2108 3839 2334 3912 γοῦμαι,
2368 3839 2601 3911 ἐπείπερ
2620 3840 2655 3912 ἡ
2684 3836 2994 3911 προφητεία
3017 3839 3086 3910 τῇ
3108 3837 3179 3908 γῇ
3211 3835 3307 3889 τοῦ
3354 3834 3575 3907 Ἰσραὴλ
3606 3833 3701 3889 λέ-

2108 3947 2265 4001 γεται
2282 3932 2317 4003 ἡ
2333 3930 2462 4003 περὶ
2476 3929 2572 3983 τοῦ
2589 3929 2815 4002 ἦκοντος
2835 3929 3094 4003 πέρατος,
3124 3928 3207 3982 ὃτι
3227 3928 3284 3982 αἰ
3310 3926 3580 3999 πτέρυγες
3597 3925 3701 3997 τῆς

2107 4021 2274 4093 γῆςοὶ
2288 4019 2851 4095 διορατικώτατοιεξσι
2867 4020 2962 4074 καὶ
2979 4018 3382 4092 μετεωροπόροι
3400 4016 3554 4090 παρὰ
3569 4015 3701 4070 πάν-

2105 4131 2205 4180 τας
2230 4113 2359 4181 τοὺς
2389 4114 2483 4168 ἐπὶ
2509 4114 2611 4186 τῆς
2632 4112 2759 4185 γῆς.
2793 4112 2907 4167 Καὶ
2924 4111 3079 4166 αὐτοὶ
3095 4109 3186 4165 διὰ
3212 4109 3274 4164 τὸ
3311 4110 3472 4182 σῶμα
3500 4106 3699 4180 λεχθη-

2107 4209 2326 4280 σόμενοι
2352 4207 2419 4264 ἂν
2443 4204 2555 4263 εἶέν
2583 4225 2703 4272 πως
2728 4209 2795 4262 ὲκ
2819 4206 2920 4279 τῆς
2941 4206 3064 4278 γῆς·
3094 4204 3191 4260 καὶ
3215 4203 3301 4277 εἴη
3326 4202 3392 4259 ἂν
3415 4205 3445 4258 ὁ
3479 4201 3701 4276 Ἰσραὴλ

2104 4303 2163 4356 αἱ
2218 4301 2492 4375 πτέρυγες
2544 4300 2648 4372 τῆς
2705 4298 2812 4371 γῆς
2849 4299 2946 4353 καὶ
2974 4297 3026 4352 οἱ
3062 4296 3203 4353 κατὰ
3234 4296 3327 4350 τὸν
3355 4294 3498 4350 θεῖον
3530 4294 3699 4366 νόμον

2107 4391 2258 4465 βιοῦν
2283 4391 2675 4464 δεδιδαγμένον
2706 4390 2816 4447 ἀπὸ
2846 4389 3056 4445 τούτων
3092 4388 3203 4462 γὰρ
3242 4387 3352 4443 τῶν
3402 4385 3698 4460 πτερύγων

2102 4485 2203 4558 τῆς
2221 4485 2326 4558 γῆς
2360 4485 2566 4557 τέρατα
2604 4481 2942 4555 ἠκούσαμεν,
2989 4481 3173 4545 καθώς
3220 4497 3386 4552 φησιν
3443 4479 3689 4543 Ἠσαῖαςο

2103 4579 2302 4648 Κύριε,
2337 4577 2459 4634 ἀπὸ
2489 4577 2612 4633 τῶν
2644 4576 2954 4647 πτερύγιον
2976 4574 3089 4645 τῆς
3116 4571 3230 4645 γῆς
3256 4572 3473 4644 τέρατα
3510 4571 3696 4640 ἠκού-

409 4667 583 4723 utsic
614 4666 818 4735 dicam,
867 4678 1121 4741 expertes
1168 4679 1320 4737 sunt,
1363 4674 1610 4746 prodigia
1649 4676 1834 4735 dicere
1886 4694 1996 4737 non

2113 4685 2317 4739 σαμενο
2357 4667 2489 4732 τῶν,
2547 4668 2613 4722 ἵν’
2652 4666 2827 4731 οὓτως
2865 4666 3027 4732 εἴπω,
3058 4664 3313 4738 ἀπτέρων
3343 4664 3444 4736 τῆς
3470 4663 3574 4737 γῆς
3602 4662 3696 4717 τέ-

408 4761 681 4817 noverint.
708 4761 999 4830 Quomodo
1026 4764 1174 4820 enim
1203 4764 1304 4821 ala:
1340 4777 1499 4822 teme
1530 4783 1639 4825 non
1668 4767 1875 4827 fuerint
1900 4773 1995 4844 qui

405 4851 482 4907 ita
515 4862 646 4909 sunt
677 4869 710 4910 a
743 4863 942 4911 natura
971 4856 1297 4928 comparati,
1346 4867 1408 4913 ut
1451 4858 1568 4917 alas
1617 4860 1723 4918 sibi
1774 4874 1996 4921 sumant

403 4957 668 5016 tanquam
708 4947 945 5018 aquilae?
981 4946 1233 5016 Quatuor
1253 4957 1437 5008 autem
1468 4952 1570 5009 alae
1605 4952 1864 5011 dicuntur
1894 4972 1991 5030 ge-

402 5038 611 5095 neralia
640 5049 879 5111 quatuor
908 5042 1145 5113 agmina,
1170 5042 1226 5098 in
1254 5058 1378 5114 qua:
1403 5043 1725 5103 dividuntur
1751 5047 1989 5119 primum

336 5144 343 5149 ‘
401 5141 458 5189 et
488 5146 656 5204 supra
690 5147 884 5189 omnes
916 5132 1114 5191 domus
1148 5134 1353 5204 Aaron,
1386 5136 1583 5195 deinde
1611 5138 1808 5196 domus
1835 5138 1987 5210 Levi,

400 5233 520 5280 tum
554 5225 754 5282 domus
776 5222 968 5295 Israel,
999 5240 1066 5283 ac
1106 5239 1386 5298 postremo
1425 5238 1685 5301 tanquam
1720 5232 1812 5288 alii
1841 5249 1987 5305 prae—

398 5331 484 5374 ter
511 5318 669 5387 istos,
696 5318 735 5373 ii
769 5318 865 5390 qui
895 5317 1087 5375 timent
1127 5318 1443 5377 Dominum.
1484 5322 1689 5379 Domus
1720 5325 1864 5380 enim
1898 5325 1986 5382 Is-

400 5409 513 5464 rael
545 5410 776 5481 speravit
809 5409 867 5464 in
910 5406 1192 5464 Dominum
1220 5426 1240 5464 :
1273 5412 1492 5482 adjutor
1525 5421 1576 5467 et
1609 5423 1876 5484 protector
1898 5430 1987 5469 co-

400 5518 519 5555 rum
544 5513 620 5559 est
650 5503 717 5558 ".
746 5501 802 5556 ln
831 5500 943 5557 alio
979 5508 1162 5558 autem
1212 5505 1426 5574 psalmo
1466 5513 1664 5575 praeter
1701 5504 1839 5561 istos
1880 5520 1986 5559 no-

400 5592 645 5648 minatur
673 5594 872 5649 domus
894 5591 1026 5650 Levi
1059 5611 1073 5649 :
1110 5608 1178 5650 ac
1203 5594 1401 5652 domus
1428 5596 1648 5667 quidem
1679 5595 1862 5652 Aaron
1895 5611 1986 5652 sa-

2105 4778 2244 4835 ρατα
2267 4760 2446 4831 λέγειν
2470 4760 2572 4813 οὐκ
2606 4758 3001 4831 ἐπισταμένων·
3034 4758 3152 4822 πῶς
3182 4756 3294 4831 γὰρ
3319 4757 3382 4810 ού
3422 4755 3693 4828 πτέρυγες

2099 4852 2202 4924 τῆς
2232 4851 2339 4923 γῆς
2375 4852 2427 4905 οἱ
2455 4850 2761 4921 πεφυκότες
2796 4848 3229 4922 περοφυεῖνως
3258 4847 3443 4915 acroi;
3479 4847 3694 4902 Τέσσα-

2101 4961 2195 5018 ρες
2221 4943 2280 4998 δὲ
2313 4944 2585 5018 πτέρυγες
2613 4942 2862 5014 λέγονται
2896 4942 2967 4998 τὰ
2996 4941 3191 5013 γενικὰ
3211 4941 3453 5013 τέσσαρα
3478 4940 3692 5012 τάγμα-

2096 5055 2188 5105 τα,
2222 5036 2304 5102 εῑς
2327 5035 2365 5092 ἃ
2391 5036 2705 5109 διαιρεῖται,
2742 5033 2961 5107 πρῶτον
2990 5034 3089 5106 μὲν
3113 5033 3209 5088 καὶ
3238 5033 3456 5089 πάντων
3489 5032 3691 5107 ὑπερέ-

2095 5150 2210 5206 χων
2254 5131 2285 5185 6
2312 5127 2461 5195 οἶκος
2504 5128 2737 5202 Ἀαρὼν,
2777 5128 2907 5200 ἑξῆς
2951 5128 3010 5183 δὲ
3054 5127 3228 5201 τούτῳ
3270 5129 3300 5182 6
3340 5121 3490 5190 οἶκος
3527 5127 3689 5181 Aen!“

2094 5222 2193 5280 καὶ
2218 5223 2402 5296 τριτον
2427 5223 2456 5276 6
2492 5219 2727 5293 Ἰσραὴλ,
2768 5219 2864 5274 καὶ
2899 5219 2995 5273 ὲπὶ
3027 5220 3193 5275 πᾶσιν
3222 5217 3299 5282 ὡς
3329 5217 3508 5289 ἕτεροι
3536 5213 3689 5286 παρὰ

2092 5315 2315 5381 τούτους
2337 5313 2389 5369 oi
2405 5312 2727 5385 φοϐούμενοι
2745 5311 2835 5367 τὸν
2856 5311 3080 5383 Κύριον.
3110 5306 3284 5376 Οἶκος
3307 5308 3416 5378 γὰρ
3446 5305 3686 5375 Ἰσραὴλ

2092 5409 2361 5480 ἤλπισεν
2396 5406 2497 5461 ἐπὶ
2528 5405 2769 5474 Κύριον·
2817 5403 3047 5473 ,βοηθὸς
3078 5403 3177 5458 καὶ
3218 5397 3686 5471 ὑπερασπιστὴς

2091 5502 2291 5560 αὐτῶν
2320 5500 2613 5560 samum
2640 5498 2786 5569 ἄλλῳ
2816 5498 2873 5553 δὲ
2900 5495 3102 5568 ψαλμῷ
3135 5495 3287 5568 παρὰ
3319 5494 3545 5557 τούτους
3569 5492 3683 5547 ὀνο-

2093 5595 2324 5668 μάζεται
2351 5592 2498 5660 οἶκος
2525 5593 2677 5650 Λευῖ’
2713 5593 2808 5647 καὶ
2855 5592 2993 5645 εἰσὶν
3029 5592 3081 5645 οἱ
3125 5590 3224 5662 μὲν
3257 5584 3407 5654 οἶκος
3471 5585 3681 5661 Ἀαρὼν

399 5684 647 5741 cerdotes
676 5695 834 5755 sunt;
868 5686 1067 5745 domus
1096 5685 1252 5757 Levi,
1283 5689 1400 5761 qui,
1429 5696 1492 5747 ut
1523 5691 1598 5748 ita
1641 5690 1844 5759 dicam,
1878 5688 1984 5746 sub

2113 5692 2139 5744 ιί
2174 5690 2360 5762 ἱερεῖς,
2391 5690 2441 5745 οἱ
2474 5688 2532 5743 δὲ
2561 5684 2707 5753 οἶκος
2735 5684 2889 5752 Λευῒ,
2919 5684 2995 5750 ὡς
3030 5684 3097 5740 ἂν
3142 5684 3288 5739 εἴποι
3331 5700 3438 5751 τις,
3480 5684 3530 5739 οἱ
3573 5677 3681 5735 ὑπὸ

468 5883 513 5915 ⁸⁸
539 5880 734 5936 Ezech.
762 5901 838 5950 vr,
872 5887 963 5943 10.

1073 5890 1117 5925 “
1144 5889 1344 5948 Jcrcm.
1370 5908 1431 5957 ll,
1466 5892 1554 5947 '50.

398 5956 444 5990 ἰ
475 5952 626 6010 Psal.
662 5966 819 6021 exui,
852 5957 942 6012 l0.

1678 5894 1720 5927 ³⁷
1748 5891 1947 5950 Ezech.
1982 5908 2056 5964 γι,
2087 5853 2200 5950 δυ.

2316 5894 2359 5927 δ’
2394 5888 2525 5949 ibid.
2638 5889 2683 5924 ⁸³
2714 5888 2913 5947 Ezech.
2951 5906 3045 5957 vn,
3079 5890 3128 5947 l.
3245 5891 3291 5923 ⁵ο
3329 5889 3432 5948 lsa.
3471 5889 3670 5953 n.5l.
