4070 6296
337 329 451 387 789

1554 331 1871 397 SELECTA
1907 330 1978 390 IN
2016 325 2479 388 EZECHIELEM.

3514 315 3622 375 730

336 429 476 510 τοὺς
525 444 690 519 ἱερεῖς
721 446 998 521 νεωκόροι·
1031 448 1095 503 οἵ
1112 447 1176 502 δὲ’
1195 442 1343 514 οἶκος
1381 450 1600 524 Ἰσραὴλ
1621 453 1671 507 οἱ
1693 452 1803 508 ἀπὸ
1824 452 1929 508 τῶν

2038 449 2414 507 sacerdotibus
2442 454 2572 501 sunt
2596 440 2780 499 aeditui
2798 455 2828 509 ;'
2861 439 3060 495 domus
3098 436 3280 493 lsrael
3294 434 3390 524 qui
3425 450 3457 524 e
3484 436 3623 489 duo-

336 535 414 589 ιδ’
442 536 646 607 φυλῶνο
683 539 733 593 οἱ
763 538 820 593 δὲ
855 538 1181 611 φοϐούμενοι
1217 540 1311 595 τὸν
1338 541 1544 614 Κύριον
1575 544 1626 597 ol
1665 543 1938 615 ἀλλότριοι

330 627 439 683 τοῦ
500 629 893 701 Ἰσραηλιτιηῦ
931 630 1246 704 σπέρματος
1302 634 1399 689 καὶ
1434 637 1822 711 προσκείμενοι
1857 636 1938 711 τῷ

332 720 538 793 Κυρίῳ
572 722 669 776 καὶ
692 725 1039 798 προσήλυτοι.

408 816 527 871 Καὶ
556 816 874 875 ἀποστελῶ
916 821 1033 893 ἐγὼ
1067 823 1169 879 ἐπὶ
1198 824 1293 880 σέ.
1326 825 1551 899 Παρατη
1561 824 1752 898 ρητέον
1778 821 1938 879 τοῦτο

334 907 666 980 παραδόξως
693 913 1078 984 πεφρασμένον
1107 917 1188 980 είς
1228 915 1576 988 παράστασιν
1619 917 1936 989 ἀπορρήτου

331 1000 435 1052 καὶ
463 998 744 1056 θειοτάτου
772 1005 1066 1075 νοήματος.
1122 1007 1218 1062 Ἐν
1247 1007 1378 1076 ταῖς
1407 1008 1570 1077 ὁδοῖς
1597 1025 1735 1074 σου,
1779 1006 1933 1081 φησῖ,

329 1095 464 1155 ταῖς
511 1095 901 1168 κολαζομέναις
931 1100 1232 1170 ἐκδικήσω
1269 1119 1363 1158 σε.
1411 1103 1788 1175 Ἀδικούμενοι
1826 1104 1935 1177 γὰρ

328 1183 384 1236 ol
413 1183 831 1257 ἁμαρτάνοντες
859 1190 961 1246 οὐκ
993 1193 1098 1246 ὑπὸ
1126 1194 1287 1249 ἄλλου
1331 1195 1475 1261 τινὸς
1511 1195 1546 1268 ἢ
1584 1195 1689 1250 ὑπδ
1726 1196 1935 1251 ἑαυτῶν

324 1276 702 1350 ἠδικήθησαν.
734 1284 844 1337 Καὶ
881 1286 982 1338 ούκ
1010 1286 1158 1341 ἄλλοι
1198 1286 1320 1342 καθ’
1356 1288 1613 1342 ὑπόθεσιν
1644 1289 1796 1352 ὄντες
1826 1288 1934 1342 τῶν

326 1367 693 1440 ἠδικημένων
722 1372 1039 1439 κολάζονται
1060 1378 1110 1430 οἱ
1141 1378 1520 1451 ἀδικήσαντες,
1560 1379 1675 1434 ἀλλ’
1708 1380 1845 1434 εἰσὶν
1882 1381 1933 1434 οἱ

328 1458 501 1512 αὐτοὶ
534 1459 903 1532 ἐκδικούμενοι
933 1467 1027 1520 καὶ
1049 1466 1418 1540 κολαζόμενοι.
1461 1470 1722 1525 Ἐκδικῶν
1753 1472 1933 1526 τοίνυν

325 1550 470 1614 τοὺς
501 1550 592 1620 ὑφ’
619 1553 826 1609 ἑαυτῶν
853 1556 942 1611 διὰ
971 1559 1070 1630 τὴν
1096 1560 1292 1615 κακίαν
1324 1562 1687 1635 ἠδικημένους
1717 1566 1746 1619 ό
1776 1563 1929 1629 Θεὸς,

328 1639 567 1706 κολάζει
606 1644 805 1710 αὐτοὺς
840 1647 976 1702 καθὸ
1006 1649 1318 1723 ἠδικήκασι.
1362 1653 1473 1707 Καὶ
1515 1653 1604 1707 διὰ
1632 1654 1735 1726 τῆς
1766 1653 1929 1708 κολὰ-

2041 538 2215 595 dccim
2272 535 2526 594 tribubus
2579 540 2741 598 sum;
2790 530 3047 585 timentes
3083 537 3264 581 autem
3299 522 3617 588 Dominum,

2039 632 2134 703 qui
2159 631 2228 687 ab
2257 629 2558 687 lsraelitico
2590 625 2799 683 semine
2837 621 2999 678 alieni
3056 619 3289 674 Domino
3317 617 3621 680 adhaerent,

2038 738 2104 780 ac
2126 730 2254 779 sunt
2276 721 2552 794 proselyti.

2072 813 2242 889 418
2261 815 2329 870 Et
2342 815 2554 868 mittam
2564 827 2658 883 ego
2675 810 2731 865 in
2748 809 2850 864 te"
2869 803 3297 861 .Observandum
3316 800 3459 858 istud
3478 814 3622 855 novo

2036 906 2275 977 quodam
2311 904 2478 961 modo
2508 901 2741 974 exprimi
2779 901 2848 955 ad
2892 912 3153 953 arcanum
3188 894 3622 963 divinioremque

2038 997 2373 1053 intellectum
2411 988 2933 1066 reprazsentandum.
2972 988 3040 1044 In
3068 990 3166 1044 viis
3192 988 3319 1055 tuis,
3343 987 3521 1057 inquit
3546 984 3620 1052 ⁸³,

2037 1103 2160 1158 qua:
2188 1086 2511 1158 puniuntur,
2544 1082 2817 1140 vindicabo
2865 1092 2934 1136 te.
2983 1077 3187 1150 lnjuria
3224 1077 3369 1133 enim
3400 1075 3621 1146 quando

2037 1181 2355 1236 adiciuntur
2382 1178 2477 1249 qui
2508 1186 2755 1248 peccant,
2782 1189 2888 1230 non
2920 1172 2988 1228 ab
3029 1171 3140 1226 alio
3174 1185 3337 1241 quam
3381 1182 3412 1222 a
3444 1181 3503 1221 se
3539 1167 3620 1235 ip-

2036 1274 2115 1330 sis
2135 1272 2464 1328 afficiuntur.
2494 1269 2744 1340 Cumque
2770 1282 2877 1322 non
2911 1265 3003 1322 alii
3036 1265 3147 1321 sint
3181 1263 3357 1318 aliave
3386 1274 3625 1331 persona

2034 1383 2199 1437 quam
2233 1365 2326 1437 qui
2347 1364 2544 1435 injuria
2573 1361 2924 1426 aﬁ‘ecti‘sunt,
2962 1357 3265 1429 puniuntur
3296 1354 3391 1425 qui
3421 1351 3621 1423 injuria

2036 1455 2332 1513 alleccrunt
2367 1475 2381 1512 :
2414 1456 2578 1510 iidem
2602 1462 2782 1509 tamen
2810 1456 2941 1507 sunt
2971 1449 3065 1520 qui
3088 1448 3435 1504 vindicantur
3457 1453 3512 1500 et
3528 1459 3624 1514 pu-

2034 1549 2283 1603 niuntur.
2322 1546 2605 1603 Ulciscens
2629 1545 2815 1614 itaque
2844 1542 2988 1598 Deus
3017 1555 3112 1597 eos
3140 1540 3232 1611 qui
3257 1555 3286 1594 a
3315 1554 3376 1594 se
3402 1544 3624 1608 propter

2034 1640 2296 1697 malitiam
2314 1639 2514 1710 injuria
2532 1636 2713 1694 allecti
2733 1645 2881 1700 sunt,
2894 1650 2959 1692 ea
2981 1634 3192 1690 ratione
3207 1646 3303 1687 eos
3324 1630 3498 1701 punit,
3511 1643 3621 1699 qna

330 1747 488 1797 σεως
515 1735 614 1805 μὲν
639 1735 1052 1806 ὲξαφανίζονται
1079 1744 1127 1796 oi
1154 1721 1493 1815 ἠδικηκότες,
1516 1721 1929 1801 καταλείπονται

2037 1733 2139 1790 sibi
2159 1733 2373 1803 injuriae
2396 1740 2651 1787 auctores
2669 1729 2913 1785 fuerunt.
2935 1725 3016 1783 Ac
3040 1725 3216 1797 poenis
3238 1723 3457 1815 quidem
3483 1721 3620 1815 abo-

328 1823 393 1878 δὲ
419 1826 478 1877 οἱ
511 1796 826 1899 ήδικημένοι
858 1832 1109 1906 οὐδαμῶς
1136 1796 1217 1890 ἔτι
1241 1796 1469 1908 έχὸντεςν
1479 1796 1544 1893 εν
1572 1840 1785 1905 ἑαυτοῖς
1804 1840 1929 1904 τοὺς

2034 1796 2449 1893 ιειιιυιίίηῇυιοὶω
2466 1832 2741 1887 auctores,
2761 1827 2986 1876 manent
3005 1796 3135 1873 vero
3154 1816 3246 1886 qui
3275 1813 3475 1886 injuria
3492 1812 3624 1868 alie-

328 1916 692 1990 ἠδικηκότας·
712 1921 773 1975 ού
808 1923 916 1996 γὰρ
941 1925 1023 1979 ἔτι
1052 1926 1175 1999 ἔχου
1185 1947 1237 1982 σι
1262 1931 1362 2002 τὴν
1390 1931 1711 2004 ἠδικηκυῖαν
1735 1932 1933 1997 αὐτοὺς

329 2010 544 2066 κακίαν
577 2012 674 2066 καὶ
725 2015 793 2069 τὰ
824 2016 959 2090 ἔργα
991 2020 1181 2091 αὐτῆς.
1217 2021 1462 2093 Πρόσχες
1495 2022 1554 2076 δὲ
1576 2023 1668 2077 καὶ
1693 2022 1791 2096 τῷ·
1817 2024 1933 2077 Δώ-

329 2117 430 2155 σω
461 2102 559 2156 ἐπὶ
588 2103 665 2158 σὲ
690 2104 887 2161 πάντα
918 2109 989 2163 τὰ
1012 2110 1404 2183 βδελύγματὰ
1425 2129 1562 2168 σου·
1590 2116 1653 2169 οὐ
1678 2115 1785 2188 γὰρ
1811 2114 1933 2169 τινὰ

334 2188 447 2260 μὲν
464 2190 667 2257 δίδωσι,
699 2193 820 2247 τινὰ
845 2195 901 2249 δὲ
924 2198 984 2250 ού
1023 2197 1256 2264 δίδωσιν,
1289 2199 1426 2255 ἀλλὰ
1466 2202 1644 2257 πάντα
1676 2202 1931 2273 ἐξαφανί-

331 2278 445 2344 ζειο
486 2284 580 2337 καὶ
608 2286 658 2337 εί
677 2285 758 2338 δεῖ
786 2285 958 2351 οὕτως
989 2290 1181 2354 εἰπεῖν,
1208 2293 1303 2346 καὶ
1327 2292 1631 2364 εὐεργετῶν
1655 2293 1751 2347 καὶ
1777 2311 1933 2366 χαρι-

334 2371 571 2444 ζόμενος
600 2380 715 2441 τοῖς
737 2378 805 2431 τά
838 2378 1185 2452 βδελύγματα
1219 2384 1580 2454 πεποιηκόσιν
1606 2387 1636 2438 ό
1663 2384 1816 2450 Θεὸς,
1849 2386 1929 2440 δί-

331 2464 506 2521 δωσιν
541 2469 629 2522 ἐπ’
672 2471 852 2536 αὐτοῖς
898 2472 1078 2527 πάντα
1118 2473 1187 2527 τὰ
1227 2475 1574 2546 βδελύγματα
1621 2477 1821 2544 αὐτῶν,
1855 2478 1932 2543 ὡς

332 2557 458 2612 ἔστι
491 2560 682 2631 μαθεῖν
718 2565 811 2617 καὶ
851 2567 914 2619 ὲκ
952 2566 1062 2620 τῶν
1092 2568 1152 2622 ἐν
1179 2567 1258 2639 τῷ
1302 2568 1487 2641 Ἀμὼς
1504 2569 1647 2624 οὓτω
1685 2588 1931 2643 γεγραμ-

335 2649 544 2720 μένων·
579 2653 754 2723 11.1m-
797 2654 954 2726 ὑμᾶς
979 2659 1175 2728 ἔγνων
1220 2661 1290 2715 ἐκ
1326 2661 1539 2717 πασῶν
1572 2661 1692 2717 τῶν
1717 2663 1931 2733 φυλῶν

332 2740 459 2810 τῆς
478 2742 610 2812 γῆς⁹
645 2744 741 2800 διὰ
764 2750 941 2804 τοῦτο
969 2750 1268 2819 ἐκδικήσω
1285 2754 1380 2824 ἐφ’
1406 2752 1564 2824 ὑμᾶς
1581 2752 1785 2821 πάσας
1820 2755 1929 2823 τὰς

332 2830 636 2903 ἁμαρτίας
659 2838 846 2908 ὑμῶν·
881 2842 1044 2897 οἱονεὶ
1082 2842 1192 2916 γάρ
1233 2845 1399 2899 κάκεῖ
1431 2845 1671 2901 τοιοῦτόν
1711 2848 1828 2902 ἐστι
1865 2846 1929 2901 τὸ

332 2921 657 3012 λεγόμενον
717 2931 1045 3007 Ἐπειδήπερ
1092 2936 1246 3007 παρὰ
1289 2937 1496 3002 πάντας
1536 2939 1662 3002 τοὺς
1701 2938 1796 2992 ἐπὶ
1822 2940 1927 3012 γῆς

333 3011 493 3085 ὑμᾶς
516 3017 688 3087 ετνων
742 3022 821 3087 ὡς
857 3025 1024 3095 ἐμοὺς
1059 3026 1466 3100 ἐπιλεξάμενος,
1522 3030 1660 3102 ὅπερ
1703 3011 1926 3085 ἀχόλω-

2034 1914 2108 1970 cti
2137 1924 2287 1980 sunt,
2324 1929 2435 1971 non
2458 1914 2695 1985 amplius
2720 1928 2817 1970 eos
2852 1911 2948 1984 qui
2979 1910 3233 1982 injuriam
3271 1907 3538 1975 fecerunt,
3566 1906 3622 1962 in

2034 2020 2094 2060 se
2119 2004 2255 2076 ipsis
2280 2004 2565 2060 habentes.
2595 2003 2714 2060 Non
2743 2004 2891 2060 enim
2918 2002 3153 2073 amplius
3183 1999 3397 2069 injuriae
3423 2015 3629 2070 parea-

2033 2107 2143 2153 tem
2178 2097 2443 2152 malitiam
2485 2097 2717 2168 ejusque
2754 2111 2921 2167 opera
2967 2095 3188 2151 habent.
3240 2094 3347 2150 Sed
3385 2104 3441 2150 et
3487 2093 3638 2151 illudé

2033 2189 2253 2244 attende
2276 2188 2325 2222 ⁸⁸
2358 2205 2373 2243 :
2413 2188 2482 2243 Et
2522 2189 2659 2244 dabo
2708 2204 2867 2258 super
2895 2200 2943 2244 te
2980 2204 3158 2242 omnes
3203 2187 3633 2242 abominationes-

2034 2292 2177 2337 tuas.
2234 2278 2351 2336 Non
2396 2281 2545 2336 enim
2606 2283 2870 2352 quasdam
2920 2279 3144 2350 quidem
3189 2280 3303 2347 dat,
3353 2280 3640 2350 quaedam

2032 2390 2163 2430 vero
2191 2390 2299 2430 non
2330 2374 2458 2440 dat;
2499 2375 2592 2430 sed
2623 2388 2814 2429 omnes
2850 2374 3012 2430 delet.
3041 2372 3129 2440 Et,
3160 2373 3206 2430 si
3234 2372 3317 2429 sic
3347 2373 3494 2445 loqui
3535 2372 3639 2429 fas-

2031 2476 2136 2533 est,
2170 2467 2336 2523 etiam
2367 2468 2505 2524 bene
2537 2467 2607 2524 de
2645 2466 2713 2524 iis
2743 2467 3025 2532 merendo,
3069 2482 3134 2522 ac
3169 2468 3239 2523 iis
3290 2465 3642 2537 indulgendo!

2030 2559 2127 2630 qui
2181 2559 2618 2615 abominationes
2659 2558 2928 2626 fecerunt,
2988 2558 3134 2615 Deus
3179 2573 3345 2629 super
3391 2573 3487 2613 eos
3524 2557 3621 2612 das

2031 2665 2224 2708 omnes
2263 2651 2701 2709 abominationes
2750 2666 2968 2718 eorum,
3023 2648 3627 2722 quemadmodumodio

2030 2758 2185 2801 scere
2224 2751 2308 2800 est
2335 2743 2501 2800 etiam
2533 2761 2603 2801 ex
2650 2744 2760 2800 illis
2806 2759 2931 2815 quae
2973 2743 3031 2798 in
3067 2743 3237 2799 Amos
3280 2743 3356 2798 ita
3414 2741 3618 2813 scripta

2028 2845 2158 2894 sunt
2176 2837 2224 2871 ⁸⁸
2257 2857 2271 2893 :
2320 2835 2693 2893 Verumtamen
2728 2854 2817 2893 vos
2849 2836 3064 2908 cognovi
3105 2836 3172 2890 de
3207 2835 3468 2891 universis
3517 2837 3613 2893 tri-

2027 2929 2215 2991 bubus.
2250 2928 2463 2986 Idcirco
2484 2929 2722 2985 ulciscar
2761 2947 2918 3001 super
2938 2946 3027 2985 nos
3070 2935 3249 2985 omnia
3275 2938 3494 3000 peccata
3533 2944 3617 2983 oe-

2025 3034 2158 3080 stra.
2193 3021 2330 3078 Nam
2354 3032 2409 3079 et
2430 3023 2540 3080 illic
2560 3023 2706 3095 quod
2731 3024 2882 3089 dicit,
2911 3024 3181 3094 ejusmodi
3203 3031 3290 3079 est
3318 3041 3332 3078 :
3359 3022 3617 3090 Quando—

337 3104 437 3198 θόν
469 3109 707 3182 ἐστιτῷ,
752 3114 940 3185 Ἔγνω
970 3118 1188 3187 Κύριος
1214 3119 1357 3186 τοὺς
1388 3119 1569 3187 ὄντας
1589 3120 1796 3176 αὐτοῦ’
1823 3121 1923 3177 διὰ

2031 3116 2245 3188 quidem
2279 3131 2379 3172 vos
2406 3117 2637 3186 cognovi
2677 3131 2789 3186 prae
2816 3116 3077 3172 omnibus
3127 3117 3220 3187 qui
3276 3126 3407 3173 sunt
3447 3130 3615 3186 super

336 3196 519 3254 τοῦτο
546 3201 845 3273 ἐκδικήσω
871 3208 964 3279 ἐφ’
991 3208 1149 3279 ὑμᾶς
1175 3210 1252 3273 ὡς
1273 3211 1441 3283 εμοὺς
1474 3211 1591 3285 (καὶ
1625 3211 1719 3276 οὓς
1755 3213 1928 3282 ἔγνων

338 3289 454 3360 ἐγὼ
486 3294 781 3370 εὐεργετῶ)
804 3298 1009 3368 πάσας
1032 3301 1141 3368 τὰς
1185 3303 1474 3372 ἁμαρτίας
1497 3301 1685 3374 ὑμῶν.
1711 3304 1822 3359 Kal
1852 3304 1929 3370 ὡς

338 3381 373 3433 ὁ
403 3382 569 3449 καλός
587 3402 652 3456 γε
681 3383 886 3461 ίατρὸς,
904 3391 1039 3461 φησὶ
1059 3391 1141 3445 τόο
1162 3393 1244 3447 Οὐ
1272 3392 1540 3462 φείσεται
1564 3396 1598 3448 ό
1622 3393 1929 3464 ὀφθαλμός

332 3491 458 3544 μου
489 3475 590 3531 ἐπὶ
631 3477 728 3544 σὲ,
760 3479 890 3534 οὐδ’
916 3484 988 3536 οὐ
1009 3481 1098 3552 μὴ
1135 3481 1389 3551 ἐλεήσω.
1436 3484 1524 3549 Ὦς
1549 3483 1660 3557 γὰρ
1690 3487 1719 3540 ὁ
1747 3486 1927 3556 ιρειδό⁴

341 3584 509 3638 μενος
544 3569 653 3623 τῶν
695 3569 941 3642 μείζονος
981 3575 1154 3645 τομῆς
1193 3574 1286 3628 καὶ
1332 3575 1632 3647 καυτηρίου
1659 3577 1928 3649 δεομένων

340 3659 530 3730 ἰατρὸς
556 3662 650 3715 καὶ
670 3662 836 3717 ἐλεῶν
856 3664 1054 3729 αὐτοὺς
1079 3665 1368 3738 δεομένους
1392 3667 1649 3739 μειζόνων
1680 3669 1928 3740 βασάνων

336 3750 437 3804 καὶ
471 3751 672 3817 πόνων,
693 3753 1076 3828 ὲλλιπεστέραν
1093 3757 1361 3828 προσάγει
1393 3758 1722 3831 θεραπείαψ
1753 3762 1927 3828 οὕτως

335 3841 749 3916 ἃφὲποίησενό
781 3846 975 3916 λέγων·
1014 3849 1097 3901 Οὐ
1123 3849 1397 3917 φείσεται
1424 3852 1458 3905 ό
1467 3850 1789 3922 ’ὀφθαλμός
1807 3834 1927 3924 μου

332 3937 443 3992 ἐπὶ
469 3936 567 4001 σὲ,
597 3936 740 3992 οὐδὲ
763 3938 850 4008 μὴ
878 3939 1130 4007 ἐλεήσω·
1161 3941 1318 4015 εἴπερ
1355 3941 1431 4006 ὡς
1456 3943 1672 4015 ἑταῖρος
1706 3947 1929 4019 ἐκήδετο

338 4030 441 4085 καὶ
458 4028 621 4084 ἐλεεῖ.
643 4031 755 4101 Τὴν
782 4031 902 4085 όδὸν
934 4027 1027 4085 οὖν
1044 4031 1276 4086 ἑκάστου
1310 4035 1398 4087 ἐπ’
1427 4034 1592 4088 αὐτὸν
1616 4035 1798 4102 δώσει,
1832 4039 1929 4094 καὶ

336 4119 415 4174 ’τά
449 4120 794 4193 βδελύγματα
841 4119 936 4176 τοῦ
967 4108 1229 4194 βδελυκτὰ
1262 4126 1646 4198 ἡμαρτηκότος
1681 4130 1741 4184 ὲν
1776 4130 1928 4202 μέσῳ

338 4210 441 4264 τοῦ
463 4211 847 4284 ἡμαρτηκότος
871 4211 1025 4265 ἔσται
1038 4212 1199 4266 οἱονεὶ
1232 4212 1653 4284 κατανοούμενα
1677 4214 1771 4269 καὶ
1802 4216 1925 4285 βλε-

336 4295 674 4368 πόμενα-καὶ
706 4298 1249 4371 καταγινωσκόμενα,
1278 4301 1536 4372 ἵναμετὰ
1560 4302 1739 4358 ταῦτα
1786 4305 1926 4376 γνῶς-

341 4404 438 4442 σιν
465 4383 610 4444 οὗτοι
647 4391 776 4462 περὶ
802 4382 878 4446 ὧν
906 4392 935 4445 ὁ
965 4389 1141 4461 λόγος,
1174 4391 1311 4446 διότι
1331 4393 1548 4465 Κύριος
1580 4395 1806 4468 Κύριος,
1822 4397 1927 4452 ,καὶ

2028 3216 2252 3273 terram,
2279 3206 2480 3261 idcirco
2516 3205 2750 3261 ulciscar
2765 3221 2922 3276 super
2948 3222 3037 3260 vos
3069 3212 3329 3277 tanquam
3355 3218 3511 3260 meos
3540 3209 3624 3275 (es

2028 3311 2169 3368 quos
2195 3296 2429 3366 cognovi
2454 3310 2577 3368 ego,
2617 3296 2687 3353 iis
2715 3295 3020 3368 benefacio)
3065 3296 3243 3351 omnia
3280 3304 3496 3366 peccata
3526 3309 3616 3350 ce-

2028 3399 2165 3443 stra.
2193 3387 2273 3443 Ac
2305 3394 2563 3457 tanquam
2600 3387 2780 3443 bonus
2815 3387 3082 3453 medicus,
3108 3387 3221 3442 ait:
3283 3385 3407 3441 Non
3431 3395 3625 3457 parcet

2028 3478 2214 3534 oculus
2236 3496 2382 3534 meus
2404 3495 2561 3550 super
2594 3488 2663 3545 te,
2702 3496 2864 3551 neque
2900 3479 3203 3536 miserebor.
3248 3476 3616 3547 Quemadmo-

2028 3571 2157 3627 dum
2207 3572 2351 3628 enim
2390 3573 2638 3629 medicus
2687 3572 2756 3627 iis
2795 3589 3026 3644 parcens
3056 3574 3257 3644 quibus
3287 3572 3496 3644 majore
3525 3588 3612 3629 se-

2028 3664 2212 3720 ctione
2251 3672 2347 3719 aut
2399 3665 2641 3720 cauterio
2663 3680 2801 3736 opus
2830 3675 2949 3731 est,
3006 3680 3307 3738 eorumque
3354 3666 3610 3722 misertus

2027 3772 2154 3813 cum
2190 3757 2428 3829 majores
2452 3757 2730 3814 cruciatus
2757 3773 2822 3814 ac
2864 3759 3082 3815 dolores
3127 3758 3472 3814 necessarios
3514 3759 3622 3814 hat

2028 3847 2239 3916 herent,
2272 3848 2538 3920 imparem
2563 3849 2756 3905 morbo
2783 3850 3122 3905 curationem
3155 3850 3397 3914 adhibet,
3424 3851 3503 3906 sic
3525 3850 3609 3907 fe-

2027 3938 2102 3994 cit
2122 3938 2216 4010 qui
2239 3940 2315 3995 ait
2336 3940 2383 3973 ⁸⁸
2415 3957 2429 3994 :
2463 3938 2587 3995 Non
2617 3950 2795 4011 parcet
2818 3940 3003 3995 oculus
3045 3956 3191 3995 meus
3222 3955 3382 4010 super
3414 3948 3482 4006 te,
3515 3956 3614 3996 net

2027 4046 2125 4101 que
2153 4032 2467 4097 miserebor;
2516 4031 2664 4102 quod
2696 4030 2903 4087 scilicet
2946 4030 3094 4087 velut
3131 4033 3341 4088 amicus
3392 4039 3611 4089 curaret

2029 4135 2095 4176 ac
2131 4120 2504 4177 misereretur.
2555 4120 2713 4176 Viam
2756 4121 2921 4192 igitur
2962 4122 3400 4194 uniuscujusque
3445 4139 3615 4196 super

2027 4226 2152 4268 eum
2192 4212 2363 4277 dabit,
2396 4222 2449 4268 ot
2483 4212 2918 4269 abominationes
2951 4215 3075 4285 ejus
3115 4217 3208 4288 qui
3247 4216 3608 4273 abominatio-

2027 4323 2127 4365 nes
2155 4307 2504 4379 perpetravit,
2545 4308 2600 4362 in
2635 4308 2818 4363 medio
2852 4308 2973 4380 ejus
3009 4309 3103 4380 qui
3147 4311 3410 4381 peccavit,
3448 4318 3614 4367 erunt

2028 4408 2289 4471 tanquam
2320 4400 2491 4456 animi
2527 4400 2947 4471 intellectusque
2973 4403 3147 4459 oculis
3167 4403 3518 4460 obversantes
3544 4419 3611 4460 ac

345 4481 462 4547 πῶς
494 4483 866 4555 ἐστιλΚύριοςθ
885 4484 994 4539 καὶ
1039 4485 1099 4540 ἐν
1129 4483 1221 4557 τῷῑ
1252 4485 1411 4558 Ὠσηὲ
1434 4485 1492 4540 δέ
1525 4504 1731 4559 (maur-
1750 4487 1929 4542 Ἐκδί-

2034 4490 2358 4562 reprobatae,
2402 4503 2464 4547 ut
2509 4500 2634 4562 post
2687 4492 2805 4548 haec
2853 4494 3029 4549 sciant
3056 4494 3169 4562 isti,
3203 4495 3271 4550 de
3300 4494 3500 4565 quibus
3526 4504 3612 4552 est

347 4575 658 4642 κήσωιτὸν
676 4576 879 4632 Ἰακὼϐ
901 4576 1052 4633 κατὰ
1075 4577 1183 4644 τὰς
1208 4577 1389 4645 ὀδοὺς
1414 4578 1631 4647 αὑτοῦ,
1648 4579 1748 4637 καὶ
1774 4581 1926 4637 κατὰ

346 4668 420 4724 τὰ
445 4667 884 4739 ἐπιτηδεύματα
919 4670 1107 4725 αὐτοῦ
1169 4671 1574 4727 ἀνταποδώσω
1624 4672 1804 4742 αὐτῷ·
1863 4674 1925 4729 τὸ

344 4758 530 4831 δμοιον
552 4760 801 4815 κὰκεῖίὲν
817 4758 901 4832 τῷ
929 4760 1229 4831 ἐκδικήσω
1258 4763 1434 4837 δηλῶν
1457 4765 1487 4817 ὁ
1515 4762 1720 4835 λόγοςμ

413 5038 608 5096 Κακία
642 5037 774 5108 μία,
827 5036 1182 5093 κακίαιδοῦ
1215 5036 1485 5108 πάρεστι.
1532 5040 1922 5114 Κακίανθμίαν

344 5130 706 5204 προαγορεύει
738 5131 769 5184 ό
788 5166 793 5169 -
813 5131 1100 5204 προφήτης
1134 5133 1192 5185 ὲν
1295 5131 1356 5186 τὸ
1386 5134 1560 5206 πέρας
1584 5135 1920 5208 ήκειν-φησὶ,

342 5223 444 5297 τὴν
474 5224 584 5279 τῶν
610 5223 890 5283 ,Ἰουδαίων
917 5222 1060 5277 κατὰ
1079 5223 1315 5295 Χριστοῦ
1343 5224 1567 5295 τόλμανο
1598 5228 1840 5296 πλοκὴν
1864 5228 1923 5282 δέ

345 5331 481 5386 φησιν
526 5315 627 5388 τήν
675 5315 1061 5388 ἀναπλήρωσιν
1110 5314 1219 5368 τῶν
1249 5316 1682 5389 ἁμαρτημάτων.
1735 5319 1921 5392 Τούτῳ

344 5407 458 5482 γὰρ
505 5407 589 5479 τῷ
623 5408 768 5481 λόγῳ
801 5409 897 5463 καὶ
937 5409 987 5462 oi
1031 5409 1347 5482 Ἀμορῤαῖοι
1411 5410 1918 5484 ὲξωλοθρεύθησαν,

343 5500 470 5555 ὅταν
489 5500 885 5574 ἐπληρώθησαν
903 5502 960 5555 al
979 5501 1263 5576 ἁμαρτίαι.
1288 5503 1545 5559 Καὶ-ὅταν
1564 5502 1622 5556 δέ
1640 5521 1725 5569 τις
1744 5507 1923 5578 ἁμαρ-

345 5590 522 5646 τάνων
569 5590 739 5646 πολλὰ
767 5590 827 5646 ἓν
860 5609 915 5646 τι
965 5593 1041 5666 μὴ
1072 5592 1386 5667 ἁμαρτήσῃ,
1416 5592 1553 5646 διότι
1583 5593 1682 5666 τῆς
1715 5613 1922 5669 μακροί.

2031 4597 2229 4648 sermo,
2254 4582 2512 4653 quoniam
2543 4582 2805 4640 Dominus
2834 4582 3097 4641 Dominus
3125 4592 3229 4651 est,
3250 4594 3303 4641 et
3331 4585 3611 4656 quomodo

2029 4673 2293 4731 Dominus
2334 4683 2439 4731 est.
2495 4676 2553 4728 In
2611 4674 2749 4732 Osee
2801 4691 3022 4747 quoque
3074 4677 3206 4733 dicit
3258 4678 3304 4711 ⁸⁷
3364 4697 3379 4733 :
3434 4677 3611 4734 Ulcis-

2029 4783 2124 4821 car
2173 4765 2345 4822 Iacob
2398 4775 2449 4822 et
2502 4769 2613 4822 vias
2658 4767 2793 4837 ejus,
2837 4778 2889 4823 et
2932 4769 3222 4825 secundum
3258 4772 3440 4826 studia
3493 4775 3610 4843 ejus

2025 4858 2246 4913 reddam
2298 4863 2379 4926 ei;
2431 4858 2525 4914 ubi
2576 4858 2719 4915 idem
2771 4858 3043 4930 signiﬁcat
3101 4859 3380 4933 Scriptura
3440 4865 3610 4921 verbo

2024 4950 2276 5007 ulciscar.

2097 5041 2310 5099 Malitia
2336 5060 2465 5112 una,
2485 5041 2696 5099 malitia
2715 5059 2832 5099 ecce
2864 5044 3014 5101 adest
3040 5046 3110 5103 ⁸⁸.
3144 5045 3405 5104 Militiam
3437 5063 3607 5104 unam

2027 5137 2381 5208 praenuntiat:
2407 5137 2691 5207 propheta,
2739 5139 2794 5193 in
2836 5139 3141 5208 qua=lincm
3166 5149 3456 5196 venturum
3476 5155 3608 5196 esse

2028 5229 2179 5297 dicit,
2223 5229 2702 5285 audax-nimirum
2729 5227 3044 5286 Iudaeorum
3079 5231 3139 5285 in
3169 5232 3451 5288 Christum
3471 5231 3607 5289 faci-

2028 5337 2154 5377 nus.
2180 5320 2404 5376 Plexum
2425 5331 2607 5377 atem
2625 5331 2784 5377 vocat
2799 5334 3145 5393 peccatorum
3163 5323 3603 5394 uomplelionem.

2027 5414 2142 5472 Hac
2165 5415 2310 5471 enim
2331 5414 2543 5470 ratione
2568 5415 2733 5470 etiam
2762 5416 3432 5480 Amorrhwiexterminaci
3453 5428 3603 5484 sunt,

2028 5505 2248 5577 quando
2260 5503 2531 5575 completa
2553 5514 2682 5559 sunt
2701 5520 2890 5560 eorum
2905 5506 3456 5575 peccataxltemcm
3481 5508 3611 5578 quis

2029 5597 2323 5653 multorum
2350 5590 2692 5667 peccatorum
2703 5613 2833 5673 reus
2848 5613 3016 5654 unum
3026 5597 3193 5672 419
3207 5599 3477 5670 quoddam
3495 5615 3613 5657 non

416 5700 688 5778 "Egech.
717 5717 814 5772 vn,
850 5704 922 5759 2..
986 5704 1033 5739 ⁸³
1056 5705 1270 5764 ibid.5.
1349 5705 1396 5739 ⁵⁸
1433 5704 1652 5761 ibid..9.
1733 5709 1777 5743 "
1800 5709 1999 5766 Amos.
2031 5723 2117 5777 tu,
2143 5710 2211 5765 ἓν
2280 5711 2326 5743 ⁸ο
2364 5708 2562 5768 Ezech.
2592 5726 2644 5777 ν,
2675 5711 2763 5767 Η.
2830 5706 2876 5744 ³⁷
2907 5709 3034 5767 Osc.
3078 5727 3151 5778 tv,
3194 5713 3246 5769 9.
3323 5711 3375 5746 "
3400 5710 3610 5771 Ezccbs

371 5772 595 5838 “1,10.
