  <div class='ocr_page' id='page_1' title='image "/cluster/home/n/w/nwhite01/storage/ocr_20150623/13/mdp.39015007036059/397.png"; bbox 0 0 4070 6296; ppageno 0'>
   <div class='ocr_carea' id='block_1_1' title="bbox 433 300 526 356">
    <p class='ocr_par' dir='ltr' id='par_1_1' title="bbox 433 300 526 356">
     <span class='ocr_line' id='line_1_1' title="bbox 433 300 526 356; baseline 0.032 -3"><span class='ocrx_word' id='word_1_1' title='bbox 433 300 526 356; x_wconf 83' lang='lat' dir='ltr'><strong>79l</strong></span> 
     </span>
    </p>
   </div>
   <div class='ocr_carea' id='block_1_2' title="bbox 1828 298 2264 373">
    <p class='ocr_par' dir='ltr' id='par_1_2' title="bbox 1828 298 2264 373">
     <span class='ocr_line' id='line_1_2' title="bbox 1828 298 2264 373; baseline 0.005 -15"><span class='ocrx_word' id='word_1_2' title='bbox 1828 300 1919 359; x_wconf 76' lang='lat' dir='ltr'><strong>EX</strong></span> <span class='ocrx_word' id='word_1_3' title='bbox 1958 298 2264 373; x_wconf 61' lang='lat' dir='ltr'><strong>ORIGENE</strong></span> 
     </span>
    </p>
   </div>
   <div class='ocr_carea' id='block_1_3' title="bbox 3605 310 3719 366">
    <p class='ocr_par' dir='ltr' id='par_1_3' title="bbox 3605 310 3719 366">
     <span class='ocr_line' id='line_1_3' title="bbox 3605 310 3719 366; baseline 0.009 -1"><span class='ocrx_word' id='word_1_4' title='bbox 3605 310 3719 366; x_wconf 64' lang='lat'><strong>79$!</strong></span> 
     </span>
    </p>
   </div>
   <div class='ocr_carea' id='block_1_4' title="bbox 423 400 2013 494">
    <p class='ocr_par' dir='ltr' id='par_1_4' title="bbox 423 415 2012 491">
     <span class='ocr_line' id='line_1_4' title="bbox 423 415 2012 491; baseline -0.001 -16"><span class='ocrx_word' id='word_1_5' title='bbox 423 418 668 476; x_wconf 77' lang='lat' dir='ltr'><strong>admittit</strong></span> <span class='ocrx_word' id='word_1_6' title='bbox 694 426 915 491; x_wconf 85' lang='lat' dir='ltr'><strong>propter</strong></span> <span class='ocrx_word' id='word_1_7' title='bbox 944 418 1088 490; x_wconf 92' lang='lat' dir='ltr'><strong>quod</strong></span> <span class='ocrx_word' id='word_1_8' title='bbox 1117 417 1379 487; x_wconf 78' lang='lat' dir='ltr'><strong>patientia</strong></span> <span class='ocrx_word' id='word_1_9' title='bbox 1404 415 1497 472; x_wconf 82' lang='lat' dir='ltr'><strong>Dei</strong></span> <span class='ocrx_word' id='word_1_10' title='bbox 1527 418 1717 486; x_wconf 78' lang='lat' dir='ltr'><strong>utitur,</strong></span> <span class='ocrx_word' id='word_1_11' title='bbox 1740 419 1785 474; x_wconf 82' lang='lat' dir='ltr'><strong>si</strong></span> <span class='ocrx_word' id='word_1_12' title='bbox 1805 429 1859 474; x_wconf 90' lang='lat' dir='ltr'><strong>et</strong></span> <span class='ocrx_word' id='word_1_13' title='bbox 1883 420 2012 474; x_wconf 91' lang='lat' dir='ltr'><strong>illud</strong></span> 
     </span>
    </p>
   </div>
   <div class='ocr_carea' id='block_1_5' title="bbox 2117 400 3716 494">
    <p class='ocr_par' dir='ltr' id='par_1_5' title="bbox 2122 417 3716 494">
     <span class='ocr_line' id='line_1_5' title="bbox 2122 417 3716 494; baseline 0.004 -21"><span class='ocrx_word' id='word_1_14' title='bbox 2122 419 2325 491; x_wconf 79' lang='grc' dir='ltr'>θυμίας</span> <span class='ocrx_word' id='word_1_15' title='bbox 2348 420 2608 476; x_wconf 77' lang='grc' dir='ltr'><strong>ἀπολαύει</strong></span> <span class='ocrx_word' id='word_1_16' title='bbox 2631 417 2725 476; x_wconf 85' lang='grc' dir='ltr'><strong>τοῦ</strong></span> <span class='ocrx_word' id='word_1_17' title='bbox 2757 422 2915 485; x_wconf 87' lang='grc' dir='ltr'>Θεοῦ,</span> <span class='ocrx_word' id='word_1_18' title='bbox 2942 422 3036 476; x_wconf 83' lang='grc' dir='ltr'>ἐὰν</span> <span class='ocrx_word' id='word_1_19' title='bbox 3074 422 3214 494; x_wconf 76' lang='grc' dir='ltr'>μετά</span> <span class='ocrx_word' id='word_1_20' title='bbox 3239 422 3413 477; x_wconf 87' lang='grc' dir='ltr'>ταῦτα</span> <span class='ocrx_word' id='word_1_21' title='bbox 3455 424 3716 490; x_wconf 77' lang='grc' dir='ltr'>κάκεῖνος</span> 
     </span>
    </p>
   </div>
   <div class='ocr_carea' id='block_1_6' title="bbox 424 509 2019 583">
    <p class='ocr_par' dir='ltr' id='par_1_6' title="bbox 424 509 2019 583">
     <span class='ocr_line' id='line_1_6' title="bbox 424 509 2019 583; baseline 0 -14"><span class='ocrx_word' id='word_1_22' title='bbox 424 512 804 583; x_wconf 84' lang='lat' dir='ltr'><strong>superioribus</strong></span> <span class='ocrx_word' id='word_1_23' title='bbox 847 510 1087 579; x_wconf 80' lang='lat' dir='ltr'><strong>peccatis</strong></span> <span class='ocrx_word' id='word_1_24' title='bbox 1142 509 1257 565; x_wconf 90' lang='lat' dir='ltr'><strong>suis</strong></span> <span class='ocrx_word' id='word_1_25' title='bbox 1304 509 1599 575; x_wconf 78' lang='lat' dir='ltr'><strong>addiderit,</strong></span> <span class='ocrx_word' id='word_1_26' title='bbox 1640 511 1707 566; x_wconf 88' lang='lat' dir='ltr'><strong>de</strong></span> <span class='ocrx_word' id='word_1_27' title='bbox 1755 510 1849 566; x_wconf 91' lang='lat' dir='ltr'><strong>illo</strong></span> <span class='ocrx_word' id='word_1_28' title='bbox 1892 526 2019 569; x_wconf 82' lang='lat' dir='ltr'><strong>vero</strong></span> 
     </span>
    </p>
   </div>
   <div class='ocr_carea' id='block_1_7' title="bbox 422 602 2017 670">
    <p class='ocr_par' dir='ltr' id='par_1_7' title="bbox 422 602 2017 670">
     <span class='ocr_line' id='line_1_7' title="bbox 422 602 2017 670; baseline -0.003 -9"><span class='ocrx_word' id='word_1_29' title='bbox 422 606 641 662; x_wconf 79' lang='lat' dir='ltr'><strong>dicatur</strong></span> <span class='ocrx_word' id='word_1_30' title='bbox 678 622 692 659; x_wconf 88' lang='lat'><strong>:</strong></span> <span class='ocrx_word' id='word_1_31' title='bbox 732 602 949 657; x_wconf 72' lang='lat' dir='ltr'><strong>Malitia</strong></span> <span class='ocrx_word' id='word_1_32' title='bbox 975 618 1103 665; x_wconf 85' lang='lat' dir='ltr'><strong>una,</strong></span> <span class='ocrx_word' id='word_1_33' title='bbox 1134 602 1346 656; x_wconf 84' lang='lat' dir='ltr'><strong>malitia</strong></span> <span class='ocrx_word' id='word_1_34' title='bbox 1378 619 1495 658; x_wconf 83' lang='lat' dir='ltr'><strong>ecce</strong></span> <span class='ocrx_word' id='word_1_35' title='bbox 1533 603 1705 670; x_wconf 81' lang='lat' dir='ltr'><strong>adest,</strong></span> <span class='ocrx_word' id='word_1_36' title='bbox 1733 620 1848 658; x_wconf 76' lang='lat' dir='ltr'><strong>ecce</strong></span> <span class='ocrx_word' id='word_1_37' title='bbox 1879 604 2017 658; x_wconf 80' lang='lat' dir='ltr'><strong>venit</strong></span> 
     </span>
    </p>
   </div>
   <div class='ocr_carea' id='block_1_8' title="bbox 420 695 963 767">
    <p class='ocr_par' dir='ltr' id='par_1_8' title="bbox 420 695 963 767">
     <span class='ocr_line' id='line_1_8' title="bbox 420 695 963 767; baseline -0.006 -18"><span class='ocrx_word' id='word_1_38' title='bbox 420 698 608 767; x_wconf 72' lang='lat' dir='ltr'><strong>plexus</strong></span> <span class='ocrx_word' id='word_1_39' title='bbox 633 710 788 764; x_wconf 92' lang='lat' dir='ltr'><strong>super</strong></span> <span class='ocrx_word' id='word_1_40' title='bbox 810 706 859 747; x_wconf 90' lang='lat' dir='ltr'><strong>te</strong></span> <span class='ocrx_word' id='word_1_41' title='bbox 893 695 963 747; x_wconf 71' lang='grc'><strong>⁵³.</strong></span> 
     </span>
    </p>
   </div>
   <div class='ocr_carea' id='block_1_9' title="bbox 498 785 2018 862">
    <p class='ocr_par' dir='ltr' id='par_1_9' title="bbox 498 785 2018 862">
     <span class='ocr_line' id='line_1_9' title="bbox 498 785 2018 862; baseline 0.003 -20"><span class='ocrx_word' id='word_1_42' title='bbox 498 788 710 843; x_wconf 77' lang='lat' dir='ltr'><strong>Floruit</strong></span> <span class='ocrx_word' id='word_1_43' title='bbox 754 787 923 856; x_wconf 81' lang='lat' dir='ltr'><strong>virga.</strong></span> <span class='ocrx_word' id='word_1_44' title='bbox 966 785 1130 840; x_wconf 87' lang='lat' dir='ltr'><strong>Forte</strong></span> <span class='ocrx_word' id='word_1_45' title='bbox 1160 786 1290 856; x_wconf 86' lang='lat' dir='ltr'><strong>quia</strong></span> <span class='ocrx_word' id='word_1_46' title='bbox 1321 797 1446 857; x_wconf 86' lang='lat' dir='ltr'><strong>post</strong></span> <span class='ocrx_word' id='word_1_47' title='bbox 1475 791 1892 862; x_wconf 78' lang='lat' dir='ltr'><strong>castigationes,</strong></span> <span class='ocrx_word' id='word_1_48' title='bbox 1922 789 2018 846; x_wconf 90' lang='lat' dir='ltr'><strong>Dei</strong></span> 
     </span>
    </p>
   </div>
   <div class='ocr_carea' id='block_1_10' title="bbox 419 878 2014 954">
    <p class='ocr_par' dir='ltr' id='par_1_10' title="bbox 419 878 2014 954">
     <span class='ocr_line' id='line_1_10' title="bbox 419 878 2014 954; baseline 0 -17"><span class='ocrx_word' id='word_1_49' title='bbox 419 879 681 937; x_wconf 87' lang='lat' dir='ltr'><strong>beneﬁcia</strong></span> <span class='ocrx_word' id='word_1_50' title='bbox 730 880 981 945; x_wconf 78' lang='lat' dir='ltr'><strong>elucent,</strong></span> <span class='ocrx_word' id='word_1_51' title='bbox 1046 878 1245 934; x_wconf 82' lang='lat' dir='ltr'><strong>ﬂorere</strong></span> <span class='ocrx_word' id='word_1_52' title='bbox 1311 881 1514 937; x_wconf 91' lang='lat' dir='ltr'><strong>dicitur</strong></span> <span class='ocrx_word' id='word_1_53' title='bbox 1565 885 1716 954; x_wconf 76' lang='lat' dir='ltr'><strong>virga</strong></span> <span class='ocrx_word' id='word_1_54' title='bbox 1768 884 2014 939; x_wconf 88' lang='lat' dir='ltr'><strong>beneﬁcii</strong></span> 
     </span>
    </p>
   </div>
   <div class='ocr_carea' id='block_1_11' title="bbox 418 971 2016 1045">
    <p class='ocr_par' dir='ltr' id='par_1_11' title="bbox 418 971 2016 1045">
     <span class='ocr_line' id='line_1_11' title="bbox 418 971 2016 1045; baseline 0.003 -18"><span class='ocrx_word' id='word_1_55' title='bbox 418 974 563 1045; x_wconf 84' lang='lat' dir='ltr'><strong>quod</strong></span> <span class='ocrx_word' id='word_1_56' title='bbox 597 988 664 1028; x_wconf 77' lang='lat' dir='ltr'><strong>ex</strong></span> <span class='ocrx_word' id='word_1_57' title='bbox 703 971 1090 1028; x_wconf 80' lang='lat' dir='ltr'><strong>emendatione</strong></span> <span class='ocrx_word' id='word_1_58' title='bbox 1130 972 1385 1042; x_wconf 82' lang='lat' dir='ltr'><strong>castigati</strong></span> <span class='ocrx_word' id='word_1_59' title='bbox 1437 976 1633 1030; x_wconf 91' lang='lat' dir='ltr'><strong>oritur.</strong></span> <span class='ocrx_word' id='word_1_60' title='bbox 1677 975 1739 1030; x_wconf 88' lang='lat' dir='ltr'><strong>Et</strong></span> <span class='ocrx_word' id='word_1_61' title='bbox 1773 975 1828 1030; x_wconf 92' lang='lat' dir='ltr'><strong>in</strong></span> <span class='ocrx_word' id='word_1_62' title='bbox 1874 975 2016 1031; x_wconf 87' lang='lat' dir='ltr'><strong>lsaia</strong></span> 
     </span>
    </p>
   </div>
   <div class='ocr_carea' id='block_1_12' title="bbox 420 1062 2017 1137">
    <p class='ocr_par' dir='ltr' id='par_1_12' title="bbox 420 1062 2017 1137">
     <span class='ocr_line' id='line_1_12' title="bbox 420 1062 2017 1137; baseline 0.002 -18"><span class='ocrx_word' id='word_1_63' title='bbox 420 1082 530 1120; x_wconf 89' lang='lat' dir='ltr'><strong>una</strong></span> <span class='ocrx_word' id='word_1_64' title='bbox 554 1064 965 1134; x_wconf 90' lang='lat' dir='ltr'><strong>prophetiarum</strong></span> <span class='ocrx_word' id='word_1_65' title='bbox 992 1063 1058 1118; x_wconf 90' lang='lat' dir='ltr'><strong>de</strong></span> <span class='ocrx_word' id='word_1_66' title='bbox 1086 1062 1310 1119; x_wconf 85' lang='lat' dir='ltr'><strong>Christo</strong></span> <span class='ocrx_word' id='word_1_67' title='bbox 1330 1064 1412 1120; x_wconf 90' lang='lat' dir='ltr'><strong>sic</strong></span> <span class='ocrx_word' id='word_1_68' title='bbox 1443 1066 1608 1123; x_wconf 86' lang='lat' dir='ltr'><strong>habet</strong></span> <span class='ocrx_word' id='word_1_69' title='bbox 1629 1067 1673 1098; x_wconf 80' lang='grc'><strong>⁶⁰</strong></span> <span class='ocrx_word' id='word_1_70' title='bbox 1706 1086 1719 1123; x_wconf 88' lang='lat'><strong>:</strong></span> <span class='ocrx_word' id='word_1_71' title='bbox 1766 1064 2017 1137; x_wconf 76' lang='lat' dir='ltr'><strong>Egredie-</strong></span> 
     </span>
    </p>
   </div>
   <div class='ocr_carea' id='block_1_13' title="bbox 422 1153 2010 1227">
    <p class='ocr_par' dir='ltr' id='par_1_13' title="bbox 422 1153 2010 1227">
     <span class='ocr_line' id='line_1_13' title="bbox 422 1153 2010 1227; baseline 0.002 -16"><span class='ocrx_word' id='word_1_72' title='bbox 422 1166 510 1211; x_wconf 89' lang='lat' dir='ltr'><strong>tttr</strong></span> <span class='ocrx_word' id='word_1_73' title='bbox 547 1157 693 1227; x_wconf 83' lang='lat' dir='ltr'><strong>uirga</strong></span> <span class='ocrx_word' id='word_1_74' title='bbox 730 1156 794 1209; x_wconf 89' lang='lat' dir='ltr'><strong>de</strong></span> <span class='ocrx_word' id='word_1_75' title='bbox 834 1155 1021 1209; x_wconf 83' lang='lat' dir='ltr'><strong>radice</strong></span> <span class='ocrx_word' id='word_1_76' title='bbox 1057 1153 1229 1219; x_wconf 80' lang='lat' dir='ltr'><strong>Jesse,</strong></span> <span class='ocrx_word' id='word_1_77' title='bbox 1268 1165 1317 1210; x_wconf 88' lang='lat' dir='ltr'><strong>et</strong></span> <span class='ocrx_word' id='word_1_78' title='bbox 1379 1157 1479 1226; x_wconf 81' lang='lat' dir='ltr'><strong>flos</strong></span> <span class='ocrx_word' id='word_1_79' title='bbox 1511 1158 1575 1211; x_wconf 90' lang='lat' dir='ltr'><strong>de</strong></span> <span class='ocrx_word' id='word_1_80' title='bbox 1609 1160 1786 1213; x_wconf 81' lang='lat' dir='ltr'><strong>radice</strong></span> <span class='ocrx_word' id='word_1_81' title='bbox 1827 1176 2010 1214; x_wconf 86' lang='lat' dir='ltr'><strong>ascen-</strong></span> 
     </span>
    </p>
   </div>
   <div class='ocr_carea' id='block_1_14' title="bbox 420 1246 2014 1322">
    <p class='ocr_par' dir='ltr' id='par_1_14' title="bbox 420 1246 2014 1322">
     <span class='ocr_line' id='line_1_14' title="bbox 420 1246 2014 1322; baseline 0.003 -20"><span class='ocrx_word' id='word_1_82' title='bbox 420 1250 547 1313; x_wconf 86' lang='lat' dir='ltr'><strong>det;</strong></span> <span class='ocrx_word' id='word_1_83' title='bbox 604 1262 769 1317; x_wconf 86' lang='lat' dir='ltr'><strong>quam</strong></span> <span class='ocrx_word' id='word_1_84' title='bbox 806 1246 1002 1316; x_wconf 85' lang='lat' dir='ltr'><strong>ipsam,</strong></span> <span class='ocrx_word' id='word_1_85' title='bbox 1057 1248 1273 1317; x_wconf 88' lang='lat' dir='ltr'><strong>opinor,</strong></span> <span class='ocrx_word' id='word_1_86' title='bbox 1322 1249 1588 1318; x_wconf 86' lang='lat' dir='ltr'><strong>propheta</strong></span> <span class='ocrx_word' id='word_1_87' title='bbox 1641 1249 1869 1316; x_wconf 87' lang='lat' dir='ltr'><strong>indicat,</strong></span> <span class='ocrx_word' id='word_1_88' title='bbox 1919 1267 2014 1322; x_wconf 90' lang='lat' dir='ltr'><strong>per</strong></span> 
     </span>
    </p>
   </div>
   <div class='ocr_carea' id='block_1_15' title="bbox 418 1340 2012 1414">
    <p class='ocr_par' dir='ltr' id='par_1_15' title="bbox 418 1340 2012 1414">
     <span class='ocr_line' id='line_1_15' title="bbox 418 1340 2012 1414; baseline 0.004 -19"><span class='ocrx_word' id='word_1_89' title='bbox 418 1342 630 1413; x_wconf 77' lang='lat' dir='ltr'><strong>virgam</strong></span> <span class='ocrx_word' id='word_1_90' title='bbox 662 1341 907 1411; x_wconf 68' lang='lat' dir='ltr'><strong>quidem,</strong></span> <span class='ocrx_word' id='word_1_91' title='bbox 934 1340 1043 1395; x_wconf 87' lang='lat' dir='ltr'><strong>vim</strong></span> <span class='ocrx_word' id='word_1_92' title='bbox 1077 1341 1335 1398; x_wconf 89' lang='lat' dir='ltr'><strong>salutaris</strong></span> <span class='ocrx_word' id='word_1_93' title='bbox 1363 1343 1511 1397; x_wconf 88' lang='lat' dir='ltr'><strong>verbi</strong></span> <span class='ocrx_word' id='word_1_94' title='bbox 1541 1342 1606 1398; x_wconf 90' lang='lat' dir='ltr'><strong>ad</strong></span> <span class='ocrx_word' id='word_1_95' title='bbox 1651 1344 2012 1414; x_wconf 85' lang='lat' dir='ltr'><strong>increpandos</strong></span> 
     </span>
    </p>
   </div>
   <div class='ocr_carea' id='block_1_16' title="bbox 420 1432 2010 1506">
    <p class='ocr_par' dir='ltr' id='par_1_16' title="bbox 420 1432 2010 1506">
     <span class='ocr_line' id='line_1_16' title="bbox 420 1432 2010 1506; baseline 0.001 -16"><span class='ocrx_word' id='word_1_96' title='bbox 420 1445 475 1490; x_wconf 82' lang='lat' dir='ltr'><strong>et</strong></span> <span class='ocrx_word' id='word_1_97' title='bbox 502 1435 809 1506; x_wconf 86' lang='lat' dir='ltr'><strong>puniendos</strong></span> <span class='ocrx_word' id='word_1_98' title='bbox 855 1432 1156 1499; x_wconf 79' lang='lat' dir='ltr'><strong>auditores,</strong></span> <span class='ocrx_word' id='word_1_99' title='bbox 1214 1435 1437 1504; x_wconf 79' lang='lat' dir='ltr'><strong>quando</strong></span> <span class='ocrx_word' id='word_1_100' title='bbox 1492 1437 2010 1506; x_wconf 85' lang='lat' dir='ltr'><strong>reprehemluntur;</strong></span> 
     </span>
    </p>
   </div>
   <div class='ocr_carea' id='block_1_17' title="bbox 420 1520 2012 1601">
    <p class='ocr_par' dir='ltr' id='par_1_17' title="bbox 420 1520 2012 1601">
     <span class='ocr_line' id='line_1_17' title="bbox 420 1520 2012 1601; baseline 0.001 -18"><span class='ocrx_word' id='word_1_101' title='bbox 420 1544 520 1599; x_wconf 89' lang='lat' dir='ltr'><strong>per</strong></span> <span class='ocrx_word' id='word_1_102' title='bbox 547 1529 735 1584; x_wconf 83' lang='lat' dir='ltr'><strong>ﬂorem</strong></span> <span class='ocrx_word' id='word_1_103' title='bbox 769 1546 897 1585; x_wconf 88' lang='lat' dir='ltr'><strong>vero</strong></span> <span class='ocrx_word' id='word_1_104' title='bbox 931 1530 1096 1601; x_wconf 64' lang='lat' dir='ltr'><strong>justas</strong></span> <span class='ocrx_word' id='word_1_105' title='bbox 1120 1529 1510 1599; x_wconf 86' lang='lat' dir='ltr'><strong>increpationis</strong></span> <span class='ocrx_word' id='word_1_106' title='bbox 1539 1520 1775 1585; x_wconf 84' lang='lat' dir='ltr'><strong>fructum</strong></span> <span class='ocrx_word' id='word_1_107' title='bbox 1809 1538 1863 1585; x_wconf 88' lang='lat' dir='ltr'><strong>et</strong></span> <span class='ocrx_word' id='word_1_108' title='bbox 1889 1530 2012 1585; x_wconf 85' lang='lat' dir='ltr'><strong>red-</strong></span> 
     </span>
    </p>
   </div>
   <div class='ocr_carea' id='block_1_18' title="bbox 423 1619 2011 1694">
    <p class='ocr_par' dir='ltr' id='par_1_18' title="bbox 423 1619 2011 1694">
     <span class='ocr_line' id='line_1_18' title="bbox 423 1619 2011 1694; baseline 0.003 -19"><span class='ocrx_word' id='word_1_109' title='bbox 423 1622 749 1694; x_wconf 79' lang='lat' dir='ltr'><strong>argutionis.</strong></span> <span class='ocrx_word' id='word_1_110' title='bbox 778 1619 1174 1693; x_wconf 83' lang='lat' dir='ltr'><strong>Unusquisque</strong></span> <span class='ocrx_word' id='word_1_111' title='bbox 1215 1622 1382 1693; x_wconf 85' lang='lat' dir='ltr'><strong>igitur</strong></span> <span class='ocrx_word' id='word_1_112' title='bbox 1424 1632 1675 1676; x_wconf 89' lang='lat' dir='ltr'><strong>nostrum</strong></span> <span class='ocrx_word' id='word_1_113' title='bbox 1704 1624 1922 1692; x_wconf 88' lang='lat' dir='ltr'><strong>quando</strong></span> <span class='ocrx_word' id='word_1_114' title='bbox 1952 1636 2011 1679; x_wconf 84' lang='lat' dir='ltr'><strong>se</strong></span> 
     </span>
    </p>
   </div>
   <div class='ocr_carea' id='block_1_19' title="bbox 423 1714 2011 1786">
    <p class='ocr_par' dir='ltr' id='par_1_19' title="bbox 423 1714 2011 1786">
     <span class='ocr_line' id='line_1_19' title="bbox 423 1714 2011 1786; baseline 0.004 -21"><span class='ocrx_word' id='word_1_115' title='bbox 423 1715 609 1769; x_wconf 78' lang='lat' dir='ltr'><strong>divina</strong></span> <span class='ocrx_word' id='word_1_116' title='bbox 644 1714 794 1785; x_wconf 79' lang='lat' dir='ltr'><strong>virga</strong></span> <span class='ocrx_word' id='word_1_117' title='bbox 828 1730 1149 1785; x_wconf 76' lang='lat' dir='ltr'><strong>percussuro</strong></span> <span class='ocrx_word' id='word_1_118' title='bbox 1193 1716 1382 1780; x_wconf 89' lang='lat' dir='ltr'><strong>sentit,</strong></span> <span class='ocrx_word' id='word_1_119' title='bbox 1420 1715 1511 1769; x_wconf 88' lang='lat' dir='ltr'><strong>det</strong></span> <span class='ocrx_word' id='word_1_120' title='bbox 1556 1730 1777 1785; x_wconf 84' lang='lat' dir='ltr'><strong>operam</strong></span> <span class='ocrx_word' id='word_1_121' title='bbox 1817 1725 1876 1770; x_wconf 90' lang='lat' dir='ltr'><strong>ut</strong></span> <span class='ocrx_word' id='word_1_122' title='bbox 1918 1732 2011 1786; x_wconf 89' lang='lat' dir='ltr'><strong>per</strong></span> 
     </span>
    </p>
   </div>
   <div class='ocr_carea' id='block_1_20' title="bbox 422 1807 2008 1878">
    <p class='ocr_par' dir='ltr' id='par_1_20' title="bbox 422 1807 2008 1878">
     <span class='ocr_line' id='line_1_20' title="bbox 422 1807 2008 1878; baseline 0.001 -16"><span class='ocrx_word' id='word_1_123' title='bbox 422 1807 743 1878; x_wconf 85' lang='lat' dir='ltr'><strong>patientiam</strong></span> <span class='ocrx_word' id='word_1_124' title='bbox 774 1816 829 1861; x_wconf 90' lang='lat' dir='ltr'><strong>et</strong></span> <span class='ocrx_word' id='word_1_125' title='bbox 864 1807 1315 1876; x_wconf 85' lang='lat' dir='ltr'><strong>complacentiam</strong></span> <span class='ocrx_word' id='word_1_126' title='bbox 1342 1807 1395 1861; x_wconf 92' lang='lat' dir='ltr'><strong>in</strong></span> <span class='ocrx_word' id='word_1_127' title='bbox 1427 1807 1497 1861; x_wconf 90' lang='lat' dir='ltr'><strong>iis</strong></span> <span class='ocrx_word' id='word_1_128' title='bbox 1527 1822 1649 1875; x_wconf 63' lang='lat' dir='ltr'><strong>quae</strong></span> <span class='ocrx_word' id='word_1_129' title='bbox 1692 1816 2008 1875; x_wconf 88' lang='lat' dir='ltr'><strong>occurrunt,</strong></span> 
     </span>
    </p>
   </div>
   <div class='ocr_carea' id='block_1_21' title="bbox 421 1897 2012 1970">
    <p class='ocr_par' dir='ltr' id='par_1_21' title="bbox 421 1897 2012 1970">
     <span class='ocr_line' id='line_1_21' title="bbox 421 1897 2012 1970; baseline 0.001 -16"><span class='ocrx_word' id='word_1_130' title='bbox 421 1899 527 1955; x_wconf 81' lang='lat' dir='ltr'><strong>ﬂos</strong></span> <span class='ocrx_word' id='word_1_131' title='bbox 554 1900 721 1970; x_wconf 76' lang='lat' dir='ltr'><strong>virga:</strong></span> <span class='ocrx_word' id='word_1_132' title='bbox 744 1898 1028 1953; x_wconf 78' lang='lat' dir='ltr'><strong>efﬁciatur.</strong></span> <span class='ocrx_word' id='word_1_133' title='bbox 1061 1897 1192 1952; x_wconf 82' lang='lat' dir='ltr'><strong>Vide</strong></span> <span class='ocrx_word' id='word_1_134' title='bbox 1226 1914 1356 1951; x_wconf 91' lang='lat' dir='ltr'><strong>num</strong></span> <span class='ocrx_word' id='word_1_135' title='bbox 1394 1898 1558 1967; x_wconf 85' lang='lat' dir='ltr'><strong>hujus</strong></span> <span class='ocrx_word' id='word_1_136' title='bbox 1589 1900 1661 1953; x_wconf 88' lang='lat' dir='ltr'><strong>rei</strong></span> <span class='ocrx_word' id='word_1_137' title='bbox 1691 1898 1862 1970; x_wconf 80' lang='lat' dir='ltr'><strong>ﬁgura</strong></span> <span class='ocrx_word' id='word_1_138' title='bbox 1888 1916 2012 1970; x_wconf 88' lang='lat' dir='ltr'><strong>pos-</strong></span> 
     </span>
    </p>
   </div>
   <div class='ocr_carea' id='block_1_22' title="bbox 426 1988 2009 2061">
    <p class='ocr_par' dir='ltr' id='par_1_22' title="bbox 426 1988 2009 2061">
     <span class='ocr_line' id='line_1_22' title="bbox 426 1988 2009 2061; baseline 0.003 -19"><span class='ocrx_word' id='word_1_139' title='bbox 426 1989 498 2044; x_wconf 59' lang='lat' dir='ltr'><strong>sit</strong></span> <span class='ocrx_word' id='word_1_140' title='bbox 528 2004 651 2046; x_wconf 87' lang='lat' dir='ltr'><strong>esse</strong></span> <span class='ocrx_word' id='word_1_141' title='bbox 681 1990 828 2058; x_wconf 74' lang='lat' dir='ltr'><strong>virga</strong></span> <span class='ocrx_word' id='word_1_142' title='bbox 867 1988 1073 2055; x_wconf 79' lang='lat' dir='ltr'><strong>Aaron,</strong></span> <span class='ocrx_word' id='word_1_143' title='bbox 1108 2004 1232 2059; x_wconf 71' lang='lat' dir='ltr'><strong>qua:</strong></span> <span class='ocrx_word' id='word_1_144' title='bbox 1262 1998 1385 2058; x_wconf 86' lang='lat' dir='ltr'><strong>post</strong></span> <span class='ocrx_word' id='word_1_145' title='bbox 1420 1990 1651 2044; x_wconf 87' lang='lat' dir='ltr'><strong>multum</strong></span> <span class='ocrx_word' id='word_1_146' title='bbox 1692 2000 1906 2061; x_wconf 89' lang='lat' dir='ltr'><strong>tempus</strong></span> <span class='ocrx_word' id='word_1_147' title='bbox 1942 2008 2009 2046; x_wconf 81' lang='lat' dir='ltr'><strong>cx</strong></span> 
     </span>
    </p>
   </div>
   <div class='ocr_carea' id='block_1_23' title="bbox 411 2080 2006 2163">
    <p class='ocr_par' dir='ltr' id='par_1_23' title="bbox 411 2080 2006 2163">
     <span class='ocr_line' id='line_1_23' title="bbox 411 2080 2006 2163; baseline 0.004 -31"><span class='ocrx_word' id='word_1_148' title='bbox 411 2094 535 2149; x_wconf 75' lang='grc' dir='ltr'>ιιιιιο</span> <span class='ocrx_word' id='word_1_149' title='bbox 559 2081 707 2135; x_wconf 82' lang='lat' dir='ltr'><strong>illam</strong></span> <span class='ocrx_word' id='word_1_150' title='bbox 739 2081 1025 2147; x_wconf 89' lang='lat' dir='ltr'><strong>habuerat,</strong></span> <span class='ocrx_word' id='word_1_151' title='bbox 1049 2081 1297 2163; x_wconf 44' lang='lat' dir='ltr'><strong>ﬂoruocrit</strong></span> <span class='ocrx_word' id='word_1_152' title='bbox 1324 2097 1387 2135; x_wconf 88' lang='lat' dir='ltr'><strong>ac</strong></span> <span class='ocrx_word' id='word_1_153' title='bbox 1411 2080 1646 2136; x_wconf 81' lang='lat' dir='ltr'><strong>fructum</strong></span> <span class='ocrx_word' id='word_1_154' title='bbox 1674 2083 1917 2138; x_wconf 85' lang='lat' dir='ltr'><strong>attulerit</strong></span> <span class='ocrx_word' id='word_1_155' title='bbox 1941 2085 2006 2139; x_wconf 77' lang='grc'><strong>⁸⁸.</strong></span> 
     </span>
    </p>
   </div>
   <div class='ocr_carea' id='block_1_24' title="bbox 419 2172 2008 2248">
    <p class='ocr_par' dir='ltr' id='par_1_24' title="bbox 419 2172 2008 2248">
     <span class='ocr_line' id='line_1_24' title="bbox 419 2172 2008 2248; baseline 0.004 -23"><span class='ocrx_word' id='word_1_156' title='bbox 419 2172 556 2227; x_wconf 74' lang='lat' dir='ltr'><strong>Nam</strong></span> <span class='ocrx_word' id='word_1_157' title='bbox 590 2182 850 2243; x_wconf 88' lang='lat' dir='ltr'><strong>tanquam</strong></span> <span class='ocrx_word' id='word_1_158' title='bbox 906 2174 1057 2245; x_wconf 77' lang='lat' dir='ltr'><strong>virga</strong></span> <span class='ocrx_word' id='word_1_159' title='bbox 1111 2172 1203 2227; x_wconf 90' lang='lat' dir='ltr'><strong>Dei</strong></span> <span class='ocrx_word' id='word_1_160' title='bbox 1256 2186 1376 2228; x_wconf 88' lang='lat' dir='ltr'><strong>erat</strong></span> <span class='ocrx_word' id='word_1_161' title='bbox 1417 2175 1529 2241; x_wconf 88' lang='lat' dir='ltr'><strong>illa,</strong></span> <span class='ocrx_word' id='word_1_162' title='bbox 1565 2176 1709 2230; x_wconf 84' lang='lat' dir='ltr'><strong>sicut</strong></span> <span class='ocrx_word' id='word_1_163' title='bbox 1741 2176 2008 2248; x_wconf 89' lang='lat' dir='ltr'><strong>scriptum</strong></span> 
     </span>
    </p>
   </div>
   <div class='ocr_carea' id='block_1_25' title="bbox 417 2263 2008 2337">
    <p class='ocr_par' dir='ltr' id='par_1_25' title="bbox 417 2263 2008 2337">
     <span class='ocr_line' id='line_1_25' title="bbox 417 2263 2008 2337; baseline 0.004 -21"><span class='ocrx_word' id='word_1_164' title='bbox 417 2274 499 2319; x_wconf 68' lang='lat' dir='ltr'><strong>est</strong></span> <span class='ocrx_word' id='word_1_165' title='bbox 529 2265 574 2297; x_wconf 81' lang='lat'>“</span> <span class='ocrx_word' id='word_1_166' title='bbox 602 2282 616 2318; x_wconf 89' lang='lat'><strong>:</strong></span> <span class='ocrx_word' id='word_1_167' title='bbox 660 2263 727 2317; x_wconf 74' lang='lat' dir='ltr'><strong>Et</strong></span> <span class='ocrx_word' id='word_1_168' title='bbox 766 2264 969 2333; x_wconf 83' lang='lat' dir='ltr'><strong>virgam</strong></span> <span class='ocrx_word' id='word_1_169' title='bbox 1007 2280 1125 2333; x_wconf 80' lang='lat' dir='ltr'><strong>qua:</strong></span> <span class='ocrx_word' id='word_1_170' title='bbox 1151 2281 1183 2317; x_wconf 93' lang='lat' dir='ltr'><strong>a</strong></span> <span class='ocrx_word' id='word_1_171' title='bbox 1212 2263 1321 2318; x_wconf 88' lang='lat' dir='ltr'><strong>Deo</strong></span> <span class='ocrx_word' id='word_1_172' title='bbox 1358 2275 1456 2329; x_wconf 87' lang='lat' dir='ltr'><strong>est,</strong></span> <span class='ocrx_word' id='word_1_173' title='bbox 1488 2282 1682 2319; x_wconf 77' lang='lat' dir='ltr'><strong>sumes.</strong></span> <span class='ocrx_word' id='word_1_174' title='bbox 1708 2265 1884 2332; x_wconf 82' lang='lat' dir='ltr'><strong>Quam</strong></span> <span class='ocrx_word' id='word_1_175' title='bbox 1911 2270 2008 2337; x_wconf 86' lang='lat' dir='ltr'><strong>qui</strong></span> 
     </span>
    </p>
   </div>
   <div class='ocr_carea' id='block_1_26' title="bbox 420 2354 2007 2425">
    <p class='ocr_par' dir='ltr' id='par_1_26' title="bbox 420 2354 2007 2425">
     <span class='ocr_line' id='line_1_26' title="bbox 420 2354 2007 2425; baseline 0.004 -15"><span class='ocrx_word' id='word_1_176' title='bbox 420 2356 633 2422; x_wconf 79' lang='lat' dir='ltr'><strong>tulerit,</strong></span> <span class='ocrx_word' id='word_1_177' title='bbox 675 2355 1137 2424; x_wconf 88' lang='lat' dir='ltr'><strong>quemadmodum</strong></span> <span class='ocrx_word' id='word_1_178' title='bbox 1180 2354 1336 2410; x_wconf 87' lang='lat' dir='ltr'><strong>decet</strong></span> <span class='ocrx_word' id='word_1_179' title='bbox 1378 2355 1508 2410; x_wconf 79' lang='lat' dir='ltr'><strong>ferri</strong></span> <span class='ocrx_word' id='word_1_180' title='bbox 1566 2357 1774 2425; x_wconf 72' lang='lat' dir='ltr'><strong>virgam</strong></span> <span class='ocrx_word' id='word_1_181' title='bbox 1812 2358 1929 2423; x_wconf 88' lang='lat' dir='ltr'><strong>Dei,</strong></span> <span class='ocrx_word' id='word_1_182' title='bbox 1961 2360 2007 2416; x_wconf 87' lang='lat' dir='ltr'><strong>is</strong></span> 
     </span>
    </p>
   </div>
   <div class='ocr_carea' id='block_1_27' title="bbox 420 2444 2009 2515">
    <p class='ocr_par' dir='ltr' id='par_1_27' title="bbox 420 2444 2009 2515">
     <span class='ocr_line' id='line_1_27' title="bbox 420 2444 2009 2515; baseline 0.004 -17"><span class='ocrx_word' id='word_1_183' title='bbox 420 2461 529 2501; x_wconf 89' lang='lat' dir='ltr'><strong>non</strong></span> <span class='ocrx_word' id='word_1_184' title='bbox 562 2445 741 2501; x_wconf 89' lang='lat' dir='ltr'><strong>solum</strong></span> <span class='ocrx_word' id='word_1_185' title='bbox 772 2445 981 2506; x_wconf 76' lang='lat' dir='ltr'><strong>(larem,</strong></span> <span class='ocrx_word' id='word_1_186' title='bbox 1019 2445 1114 2500; x_wconf 88' lang='lat' dir='ltr'><strong>sed</strong></span> <span class='ocrx_word' id='word_1_187' title='bbox 1142 2454 1197 2499; x_wconf 77' lang='lat' dir='ltr'><strong>et</strong></span> <span class='ocrx_word' id='word_1_188' title='bbox 1235 2444 1471 2501; x_wconf 81' lang='lat' dir='ltr'><strong>fructum</strong></span> <span class='ocrx_word' id='word_1_189' title='bbox 1498 2446 1703 2501; x_wconf 83' lang='lat' dir='ltr'><strong>videbit</strong></span> <span class='ocrx_word' id='word_1_190' title='bbox 1735 2449 1788 2503; x_wconf 91' lang='lat' dir='ltr'><strong>in</strong></span> <span class='ocrx_word' id='word_1_191' title='bbox 1821 2465 1902 2515; x_wconf 90' lang='lat' dir='ltr'><strong>se,</strong></span> <span class='ocrx_word' id='word_1_192' title='bbox 1934 2450 2009 2505; x_wconf 88' lang='lat' dir='ltr'><strong>ita</strong></span> 
     </span>
    </p>
   </div>
   <div class='ocr_carea' id='block_1_28' title="bbox 420 2536 2023 2608">
    <p class='ocr_par' dir='ltr' id='par_1_28' title="bbox 420 2536 2023 2608">
     <span class='ocr_line' id='line_1_28' title="bbox 420 2536 2023 2608; baseline 0.002 -17"><span class='ocrx_word' id='word_1_193' title='bbox 420 2547 483 2592; x_wconf 86' lang='lat' dir='ltr'><strong>ut</strong></span> <span class='ocrx_word' id='word_1_194' title='bbox 525 2537 722 2608; x_wconf 79' lang='lat' dir='ltr'><strong>dignus</strong></span> <span class='ocrx_word' id='word_1_195' title='bbox 766 2536 1033 2593; x_wconf 73' lang='lat' dir='ltr'><strong>efﬁciatur</strong></span> <span class='ocrx_word' id='word_1_196' title='bbox 1092 2537 1186 2608; x_wconf 87' lang='lat' dir='ltr'><strong>qui</strong></span> <span class='ocrx_word' id='word_1_197' title='bbox 1236 2538 1292 2592; x_wconf 91' lang='lat' dir='ltr'><strong>in</strong></span> <span class='ocrx_word' id='word_1_198' title='bbox 1345 2536 1561 2595; x_wconf 83' lang='lat' dir='ltr'><strong>Sanctis</strong></span> <span class='ocrx_word' id='word_1_199' title='bbox 1599 2552 1914 2596; x_wconf 88' lang='lat' dir='ltr'><strong>sanctorum</strong></span> <span class='ocrx_word' id='word_1_200' title='bbox 1951 2542 2023 2596; x_wconf 86' lang='lat' dir='ltr'><strong>in.</strong></span> 
     </span>
    </p>
   </div>
   <div class='ocr_carea' id='block_1_29' title="bbox 418 2628 1222 2699">
    <p class='ocr_par' dir='ltr' id='par_1_29' title="bbox 418 2628 1222 2699">
     <span class='ocr_line' id='line_1_29' title="bbox 418 2628 1222 2699; baseline 0 -16"><span class='ocrx_word' id='word_1_201' title='bbox 418 2643 549 2684; x_wconf 71' lang='lat' dir='ltr'><strong>arca</strong></span> <span class='ocrx_word' id='word_1_202' title='bbox 579 2628 876 2683; x_wconf 86' lang='lat' dir='ltr'><strong>testimonii</strong></span> <span class='ocrx_word' id='word_1_203' title='bbox 906 2639 1222 2699; x_wconf 83' lang='lat' dir='ltr'><strong>reponatur.</strong></span> 
     </span>
    </p>
   </div>
   <div class='ocr_carea' id='block_1_30' title="bbox 494 2901 2006 2971">
    <p class='ocr_par' dir='ltr' id='par_1_30' title="bbox 494 2901 2006 2971">
     <span class='ocr_line' id='line_1_30' title="bbox 494 2901 2006 2971; baseline -0.001 -11"><span class='ocrx_word' id='word_1_204' title='bbox 494 2905 637 2971; x_wconf 81' lang='lat' dir='ltr'><strong>Quia</strong></span> <span class='ocrx_word' id='word_1_205' title='bbox 663 2904 795 2959; x_wconf 83' lang='lat' dir='ltr'><strong>visio</strong></span> <span class='ocrx_word' id='word_1_206' title='bbox 817 2904 873 2958; x_wconf 87' lang='lat' dir='ltr'><strong>in</strong></span> <span class='ocrx_word' id='word_1_207' title='bbox 897 2919 1102 2958; x_wconf 87' lang='lat' dir='ltr'><strong>omnem</strong></span> <span class='ocrx_word' id='word_1_208' title='bbox 1124 2901 1518 2957; x_wconf 83' lang='lat' dir='ltr'><strong>multitudinem</strong></span> <span class='ocrx_word' id='word_1_209' title='bbox 1536 2902 1601 2957; x_wconf 79' lang='grc'><strong>⁸³.</strong></span> <span class='ocrx_word' id='word_1_210' title='bbox 1630 2902 1832 2960; x_wconf 72' lang='lat' dir='ltr'><strong>Deiecit</strong></span> <span class='ocrx_word' id='word_1_211' title='bbox 1858 2905 2006 2960; x_wconf 88' lang='lat' dir='ltr'><strong>enim</strong></span> 
     </span>
    </p>
   </div>
   <div class='ocr_carea' id='block_1_31' title="bbox 428 2994 2005 3067">
    <p class='ocr_par' dir='ltr' id='par_1_31' title="bbox 428 2994 2005 3067">
     <span class='ocr_line' id='line_1_31' title="bbox 428 2994 2005 3067; baseline 0.003 -20"><span class='ocrx_word' id='word_1_212' title='bbox 428 2998 709 3067; x_wconf 83' lang='lat' dir='ltr'><strong>prophetia</strong></span> <span class='ocrx_word' id='word_1_213' title='bbox 763 3004 889 3067; x_wconf 88' lang='lat' dir='ltr'><strong>post</strong></span> <span class='ocrx_word' id='word_1_214' title='bbox 926 2994 1227 3050; x_wconf 89' lang='lat' dir='ltr'><strong>Salvatoris</strong></span> <span class='ocrx_word' id='word_1_215' title='bbox 1266 2996 1581 3049; x_wconf 79' lang='lat' dir='ltr'><strong>adventum.</strong></span> <span class='ocrx_word' id='word_1_216' title='bbox 1628 2994 1792 3051; x_wconf 76' lang='lat' dir='ltr'><strong>Recte</strong></span> <span class='ocrx_word' id='word_1_217' title='bbox 1822 3005 2005 3052; x_wconf 83' lang='lat' dir='ltr'><strong>autem</strong></span> 
     </span>
    </p>
   </div>
   <div class='ocr_carea' id='block_1_32' title="bbox 2120 513 3719 587">
    <p class='ocr_par' dir='ltr' id='par_1_32' title="bbox 2120 513 3719 587">
     <span class='ocr_line' id='line_1_32' title="bbox 2120 513 3719 587; baseline 0.003 -21"><span class='ocrx_word' id='word_1_218' title='bbox 2120 513 2404 585; x_wconf 79' lang='grc' dir='ltr'>προσθήσῃ</span> <span class='ocrx_word' id='word_1_219' title='bbox 2437 515 2497 567; x_wconf 74' lang='grc' dir='ltr'>τὸ</span> <span class='ocrx_word' id='word_1_220' title='bbox 2529 514 2831 585; x_wconf 82' lang='grc' dir='ltr'>ἁμάρτημα</span> <span class='ocrx_word' id='word_1_221' title='bbox 2860 517 2972 576; x_wconf 80' lang='grc' dir='ltr'>τοῖς</span> <span class='ocrx_word' id='word_1_222' title='bbox 2998 514 3542 587; x_wconf 74' lang='grc' dir='ltr'>προημαρτημένοις,</span> <span class='ocrx_word' id='word_1_223' title='bbox 3569 518 3719 571; x_wconf 80' lang='grc' dir='ltr'>εἰκό-</span> 
     </span>
    </p>
   </div>
   <div class='ocr_carea' id='block_1_33' title="bbox 2119 603 3715 675">
    <p class='ocr_par' dir='ltr' id='par_1_33' title="bbox 2119 603 3715 675">
     <span class='ocr_line' id='line_1_33' title="bbox 2119 603 3715 675; baseline 0.005 -19"><span class='ocrx_word' id='word_1_224' title='bbox 2119 620 2229 668; x_wconf 88' lang='grc' dir='ltr'><strong>τως</strong></span> <span class='ocrx_word' id='word_1_225' title='bbox 2274 603 2485 675; x_wconf 75' lang='grc' dir='ltr'><strong>λεχθείη</strong></span> <span class='ocrx_word' id='word_1_226' title='bbox 2540 603 2606 658; x_wconf 84' lang='grc' dir='ltr'>ἂν</span> <span class='ocrx_word' id='word_1_227' title='bbox 2653 605 2741 657; x_wconf 72' lang='grc' dir='ltr'><strong>ἐπ’</strong></span> <span class='ocrx_word' id='word_1_228' title='bbox 2776 603 2943 675; x_wconf 83' lang='grc' dir='ltr'>αὐτῷ·</span> <span class='ocrx_word' id='word_1_229' title='bbox 2977 604 3168 658; x_wconf 70' lang='grc' dir='ltr'>Καλιιά</span> <span class='ocrx_word' id='word_1_230' title='bbox 3196 605 3328 673; x_wconf 77' lang='grc' dir='ltr'>μία,</span> <span class='ocrx_word' id='word_1_231' title='bbox 3369 607 3549 662; x_wconf 77' lang='grc' dir='ltr'>κακία</span> <span class='ocrx_word' id='word_1_232' title='bbox 3580 608 3715 664; x_wconf 68' lang='grc' dir='ltr'>ἰδοὺ</span> 
     </span>
    </p>
   </div>
   <div class='ocr_carea' id='block_1_34' title="bbox 2119 693 3278 765">
    <p class='ocr_par' dir='ltr' id='par_1_34' title="bbox 2119 693 3278 765">
     <span class='ocr_line' id='line_1_34' title="bbox 2119 693 3278 765; baseline 0.004 -19"><span class='ocrx_word' id='word_1_233' title='bbox 2119 693 2390 763; x_wconf 79' lang='grc' dir='ltr'>πάρεστι,</span> <span class='ocrx_word' id='word_1_234' title='bbox 2427 695 2554 749; x_wconf 76' lang='grc' dir='ltr'>ἰδοὺ</span> <span class='ocrx_word' id='word_1_235' title='bbox 2586 696 2719 763; x_wconf 76' lang='grc' dir='ltr'>ἣκει</span> <span class='ocrx_word' id='word_1_236' title='bbox 2754 697 2793 765; x_wconf 74' lang='grc' dir='ltr'><em>ἠ</em></span> <span class='ocrx_word' id='word_1_237' title='bbox 2823 695 3022 764; x_wconf 73' lang='grc' dir='ltr'>πλοκὴ</span> <span class='ocrx_word' id='word_1_238' title='bbox 3055 696 3155 749; x_wconf 78' lang='grc' dir='ltr'><strong>ἐπὶ</strong></span> <span class='ocrx_word' id='word_1_239' title='bbox 3186 696 3278 751; x_wconf 85' lang='grc' dir='ltr'><strong>σέ.</strong></span> 
     </span>
    </p>
   </div>
   <div class='ocr_carea' id='block_1_35' title="bbox 2194 772 3718 860">
    <p class='ocr_par' dir='ltr' id='par_1_35' title="bbox 2194 772 3718 860">
     <span class='ocr_line' id='line_1_35' title="bbox 2194 772 3718 860; baseline 0.001 -19"><span class='ocrx_word' id='word_1_240' title='bbox 2194 772 2502 855; x_wconf 70' lang='grc' dir='ltr'>ἰινθήσεν</span> <span class='ocrx_word' id='word_1_241' title='bbox 2531 788 2568 855; x_wconf 76' lang='grc' dir='ltr'><em>ἡ</em></span> <span class='ocrx_word' id='word_1_242' title='bbox 2596 787 2839 856; x_wconf 73' lang='grc' dir='ltr'>ῥάϐδος.</span> <span class='ocrx_word' id='word_1_243' title='bbox 2883 788 3037 858; x_wconf 90' lang='grc' dir='ltr'>Τάχα</span> <span class='ocrx_word' id='word_1_244' title='bbox 3070 788 3258 860; x_wconf 76' lang='grc' dir='ltr'>ἐπειδὴ</span> <span class='ocrx_word' id='word_1_245' title='bbox 3288 789 3427 858; x_wconf 84' lang='grc' dir='ltr'><strong>μετὰ</strong></span> <span class='ocrx_word' id='word_1_246' title='bbox 3450 789 3550 852; x_wconf 83' lang='grc' dir='ltr'>τὰς</span> <span class='ocrx_word' id='word_1_247' title='bbox 3582 805 3718 844; x_wconf 84' lang='grc' dir='ltr'>παι-</span> 
     </span>
    </p>
   </div>
   <div class='ocr_carea' id='block_1_36' title="bbox 2118 875 3714 952">
    <p class='ocr_par' dir='ltr' id='par_1_36' title="bbox 2118 875 3714 952">
     <span class='ocr_line' id='line_1_36' title="bbox 2118 875 3714 952; baseline 0.001 -20"><span class='ocrx_word' id='word_1_248' title='bbox 2118 875 2329 943; x_wconf 73' lang='grc' dir='ltr'>δεῦσεις</span> <span class='ocrx_word' id='word_1_249' title='bbox 2376 879 2434 932; x_wconf 79' lang='grc' dir='ltr'>αἱ</span> <span class='ocrx_word' id='word_1_250' title='bbox 2488 878 2802 952; x_wconf 70' lang='grc' dir='ltr'>εὐεργεσίαι</span> <span class='ocrx_word' id='word_1_251' title='bbox 2838 879 2932 933; x_wconf 88' lang='grc' dir='ltr'><strong>τοῦ</strong></span> <span class='ocrx_word' id='word_1_252' title='bbox 2972 880 3107 933; x_wconf 82' lang='grc' dir='ltr'>Θεοῦ</span> <span class='ocrx_word' id='word_1_253' title='bbox 3149 881 3577 952; x_wconf 86' lang='grc' dir='ltr'>ἀναλάμπουσιν,</span> <span class='ocrx_word' id='word_1_254' title='bbox 3607 882 3714 935; x_wconf 83' lang='grc' dir='ltr'>άν-</span> 
     </span>
    </p>
   </div>
   <div class='ocr_carea' id='block_1_37' title="bbox 2120 972 3707 1047">
    <p class='ocr_par' dir='ltr' id='par_1_37' title="bbox 2120 972 3707 1047">
     <span class='ocr_line' id='line_1_37' title="bbox 2120 972 3707 1047; baseline 0.001 -20"><span class='ocrx_word' id='word_1_255' title='bbox 2120 972 2231 1027; x_wconf 87' lang='grc' dir='ltr'>θείν</span> <span class='ocrx_word' id='word_1_256' title='bbox 2270 973 2491 1042; x_wconf 81' lang='grc' dir='ltr'>λέγεται</span> <span class='ocrx_word' id='word_1_257' title='bbox 2539 975 2571 1044; x_wconf 80' lang='grc' dir='ltr'><strong>ἡ</strong></span> <span class='ocrx_word' id='word_1_258' title='bbox 2621 972 2816 1047; x_wconf 80' lang='grc' dir='ltr'>ῥάϐδος</span> <span class='ocrx_word' id='word_1_259' title='bbox 2850 975 2947 1044; x_wconf 83' lang='grc' dir='ltr'><strong>τῆς</strong></span> <span class='ocrx_word' id='word_1_260' title='bbox 2990 976 3055 1027; x_wconf 79' lang='grc' dir='ltr'>ὲκ</span> <span class='ocrx_word' id='word_1_261' title='bbox 3101 974 3202 1044; x_wconf 80' lang='grc' dir='ltr'>τῆς</span> <span class='ocrx_word' id='word_1_262' title='bbox 3239 974 3572 1045; x_wconf 79' lang='grc' dir='ltr'><strong>διορθώσεως</strong></span> <span class='ocrx_word' id='word_1_263' title='bbox 3607 976 3707 1031; x_wconf 91' lang='grc' dir='ltr'><strong>τοῦ</strong></span> 
     </span>
    </p>
   </div>
   <div class='ocr_carea' id='block_1_38' title="bbox 2118 1063 3714 1140">
    <p class='ocr_par' dir='ltr' id='par_1_38' title="bbox 2118 1063 3714 1140">
     <span class='ocr_line' id='line_1_38' title="bbox 2118 1063 3714 1140; baseline 0.001 -19"><span class='ocrx_word' id='word_1_264' title='bbox 2118 1063 2504 1137; x_wconf 81' lang='grc' dir='ltr'>παιδευομένου</span> <span class='ocrx_word' id='word_1_265' title='bbox 2538 1065 2877 1137; x_wconf 83' lang='grc' dir='ltr'>εὐεργεσίας.</span> <span class='ocrx_word' id='word_1_266' title='bbox 2910 1066 3019 1120; x_wconf 75' lang='grc' dir='ltr'>Καὶ</span> <span class='ocrx_word' id='word_1_267' title='bbox 3046 1069 3103 1120; x_wconf 87' lang='grc' dir='ltr'><strong>ὲν</strong></span> <span class='ocrx_word' id='word_1_268' title='bbox 3134 1064 3212 1138; x_wconf 83' lang='grc' dir='ltr'>τῷ</span> <span class='ocrx_word' id='word_1_269' title='bbox 3257 1066 3452 1139; x_wconf 68' lang='grc' dir='ltr'>Ἡσαΐᾳ</span> <span class='ocrx_word' id='word_1_270' title='bbox 3498 1068 3555 1121; x_wconf 86' lang='grc' dir='ltr'><strong>δὲ</strong></span> <span class='ocrx_word' id='word_1_271' title='bbox 3605 1069 3714 1140; x_wconf 76' lang='grc' dir='ltr'><strong>μία</strong></span> 
     </span>
    </p>
   </div>
   <div class='ocr_carea' id='block_1_39' title="bbox 2116 1150 3777 1232">
    <p class='ocr_par' dir='ltr' id='par_1_39' title="bbox 2116 1150 3777 1232">
     <span class='ocr_line' id='line_1_39' title="bbox 2116 1150 3777 1232; baseline 0 -19"><span class='ocrx_word' id='word_1_272' title='bbox 2116 1159 2224 1215; x_wconf 84' lang='grc' dir='ltr'><strong>τῶν</strong></span> <span class='ocrx_word' id='word_1_273' title='bbox 2258 1158 2388 1232; x_wconf 78' lang='grc' dir='ltr'>περὶ</span> <span class='ocrx_word' id='word_1_274' title='bbox 2412 1158 2651 1229; x_wconf 78' lang='grc' dir='ltr'>Χριστοῦ</span> <span class='ocrx_word' id='word_1_275' title='bbox 2683 1158 3031 1231; x_wconf 60' lang='grc' dir='ltr'>πῳφητειῶν</span> <span class='ocrx_word' id='word_1_276' title='bbox 3055 1157 3229 1223; x_wconf 87' lang='grc' dir='ltr'>οῦτως</span> <span class='ocrx_word' id='word_1_277' title='bbox 3264 1159 3395 1230; x_wconf 70' lang='grc' dir='ltr'>ἔχει*</span> <span class='ocrx_word' id='word_1_278' title='bbox 3434 1161 3541 1214; x_wconf 77' lang='grc' dir='ltr'><strong>Καὶ</strong></span> <span class='ocrx_word' id='word_1_279' title='bbox 3575 1150 3723 1225; x_wconf 57' lang='grc' dir='ltr'><strong>ἑξεῖ-ν’</strong></span> <span class='ocrx_word' id='word_1_280' title='bbox 3770 1173 3777 1176; x_wconf 81' lang='lat'>&#39;</span> 
     </span>
    </p>
   </div>
   <div class='ocr_carea' id='block_1_40' title="bbox 2113 1248 3709 1320">
    <p class='ocr_par' dir='ltr' id='par_1_40' title="bbox 2113 1248 3709 1320">
     <span class='ocr_line' id='line_1_40' title="bbox 2113 1248 3709 1320; baseline 0 -15"><span class='ocrx_word' id='word_1_281' title='bbox 2113 1254 2397 1306; x_wconf 73' lang='grc' dir='ltr'>λεύσεται</span> <span class='ocrx_word' id='word_1_282' title='bbox 2422 1252 2461 1320; x_wconf 78' lang='grc' dir='ltr'><em>ἠ</em></span> <span class='ocrx_word' id='word_1_283' title='bbox 2482 1249 2706 1319; x_wconf 78' lang='grc' dir='ltr'>ῥάϐδος</span> <span class='ocrx_word' id='word_1_284' title='bbox 2740 1251 2809 1304; x_wconf 83' lang='grc' dir='ltr'>ἐκ</span> <span class='ocrx_word' id='word_1_285' title='bbox 2841 1248 2950 1319; x_wconf 83' lang='grc' dir='ltr'>τῆς</span> <span class='ocrx_word' id='word_1_286' title='bbox 2976 1249 3146 1320; x_wconf 73' lang='grc' dir='ltr'>ῥίζης</span> <span class='ocrx_word' id='word_1_287' title='bbox 3192 1250 3429 1318; x_wconf 80' lang='grc' dir='ltr'>Ἰεσσαὶ,</span> <span class='ocrx_word' id='word_1_288' title='bbox 3470 1251 3568 1306; x_wconf 80' lang='grc' dir='ltr'>καὶ</span> <span class='ocrx_word' id='word_1_289' title='bbox 3598 1252 3709 1305; x_wconf 78' lang='grc' dir='ltr'><strong>ἆν-</strong></span> 
     </span>
    </p>
   </div>
   <div class='ocr_carea' id='block_1_41' title="bbox 2115 1342 3711 1417">
    <p class='ocr_par' dir='ltr' id='par_1_41' title="bbox 2115 1342 3711 1417">
     <span class='ocr_line' id='line_1_41' title="bbox 2115 1342 3711 1417; baseline -0.01 -5"><span class='ocrx_word' id='word_1_290' title='bbox 2115 1346 2219 1411; x_wconf 85' lang='grc' dir='ltr'><strong>θος</strong></span> <span class='ocrx_word' id='word_1_291' title='bbox 2239 1346 2307 1399; x_wconf 78' lang='grc' dir='ltr'><strong>ἐκ</strong></span> <span class='ocrx_word' id='word_1_292' title='bbox 2342 1363 2374 1397; x_wconf 87' lang='grc' dir='ltr'><em>τ</em></span> <span class='ocrx_word' id='word_1_293' title='bbox 2379 1342 2449 1413; x_wconf 75' lang='grc' dir='ltr'>ἧς</span> <span class='ocrx_word' id='word_1_294' title='bbox 2470 1343 2642 1414; x_wconf 71' lang='grc' dir='ltr'>ῥίζης</span> <span class='ocrx_word' id='word_1_295' title='bbox 2673 1342 3057 1412; x_wconf 81' lang='grc' dir='ltr'>ἀναϐήσεται.</span> <span class='ocrx_word' id='word_1_296' title='bbox 3100 1343 3329 1398; x_wconf 80' lang='grc' dir='ltr'>’Ήντινα</span> <span class='ocrx_word' id='word_1_297' title='bbox 3363 1345 3459 1398; x_wconf 72' lang='grc' dir='ltr'><strong>καὶ</strong></span> <span class='ocrx_word' id='word_1_298' title='bbox 3492 1347 3711 1417; x_wconf 70' lang='grc' dir='ltr'>προφή-</span> 
     </span>
    </p>
   </div>
   <div class='ocr_carea' id='block_1_42' title="bbox 2114 1434 3713 1508">
    <p class='ocr_par' dir='ltr' id='par_1_42' title="bbox 2114 1434 3713 1508">
     <span class='ocr_line' id='line_1_42' title="bbox 2114 1434 3713 1508; baseline -0.001 -18"><span class='ocrx_word' id='word_1_299' title='bbox 2114 1453 2214 1507; x_wconf 82' lang='grc' dir='ltr'><strong>της</strong></span> <span class='ocrx_word' id='word_1_300' title='bbox 2239 1434 2446 1508; x_wconf 77' lang='grc' dir='ltr'>νομίζω</span> <span class='ocrx_word' id='word_1_301' title='bbox 2485 1435 2655 1507; x_wconf 81' lang='grc' dir='ltr'>δηλοῖ,</span> <span class='ocrx_word' id='word_1_302' title='bbox 2698 1435 2786 1489; x_wconf 84' lang='grc' dir='ltr'>διὰ</span> <span class='ocrx_word' id='word_1_303' title='bbox 2820 1434 2919 1507; x_wconf 71' lang='grc' dir='ltr'>μὲν</span> <span class='ocrx_word' id='word_1_304' title='bbox 2943 1435 3044 1507; x_wconf 83' lang='grc' dir='ltr'>τῆς</span> <span class='ocrx_word' id='word_1_305' title='bbox 3078 1435 3273 1507; x_wconf 68' lang='grc' dir='ltr'>ῥάϐδον</span> <span class='ocrx_word' id='word_1_306' title='bbox 3310 1434 3405 1490; x_wconf 87' lang='grc' dir='ltr'><strong>τοῦ</strong></span> <span class='ocrx_word' id='word_1_307' title='bbox 3439 1435 3713 1507; x_wconf 76' lang='grc' dir='ltr'>σωτηρίου</span> 
     </span>
    </p>
   </div>
   <div class='ocr_carea' id='block_1_43' title="bbox 2113 1527 3713 1603">
    <p class='ocr_par' dir='ltr' id='par_1_43' title="bbox 2113 1527 3713 1603">
     <span class='ocr_line' id='line_1_43' title="bbox 2113 1527 3713 1603; baseline 0 -21"><span class='ocrx_word' id='word_1_308' title='bbox 2113 1528 2274 1598; x_wconf 73' lang='grc' dir='ltr'>λόγου</span> <span class='ocrx_word' id='word_1_309' title='bbox 2320 1530 2380 1583; x_wconf 87' lang='grc' dir='ltr'><strong>τὸ</strong></span> <span class='ocrx_word' id='word_1_310' title='bbox 2423 1529 2817 1603; x_wconf 78' lang='grc' dir='ltr'>ἐπιπληκτικδν</span> <span class='ocrx_word' id='word_1_311' title='bbox 2851 1529 2947 1582; x_wconf 76' lang='grc' dir='ltr'>καὶ</span> <span class='ocrx_word' id='word_1_312' title='bbox 2984 1527 3306 1583; x_wconf 85' lang='grc' dir='ltr'>κολαστικὸν</span> <span class='ocrx_word' id='word_1_313' title='bbox 3339 1528 3449 1581; x_wconf 78' lang='grc' dir='ltr'>τῶν</span> <span class='ocrx_word' id='word_1_314' title='bbox 3482 1529 3713 1583; x_wconf 79' lang='grc' dir='ltr'>ἀκουόν-</span> 
     </span>
    </p>
   </div>
   <div class='ocr_carea' id='block_1_44' title="bbox 2112 1618 3712 1692">
    <p class='ocr_par' dir='ltr' id='par_1_44' title="bbox 2112 1618 3712 1692">
     <span class='ocr_line' id='line_1_44' title="bbox 2112 1618 3712 1692; baseline -0.001 -18"><span class='ocrx_word' id='word_1_315' title='bbox 2112 1634 2242 1685; x_wconf 82' lang='grc' dir='ltr'>των,</span> <span class='ocrx_word' id='word_1_316' title='bbox 2268 1621 2357 1673; x_wconf 85' lang='grc' dir='ltr'><strong>ὅτε</strong></span> <span class='ocrx_word' id='word_1_317' title='bbox 2387 1619 2718 1692; x_wconf 78' lang='grc' dir='ltr'>ὲλέγχονται’</span> <span class='ocrx_word' id='word_1_318' title='bbox 2750 1620 2838 1673; x_wconf 83' lang='grc' dir='ltr'><strong>διὰ</strong></span> <span class='ocrx_word' id='word_1_319' title='bbox 2857 1619 2913 1673; x_wconf 81' lang='grc' dir='ltr'>δὲ</span> <span class='ocrx_word' id='word_1_320' title='bbox 2933 1618 3026 1672; x_wconf 90' lang='grc' dir='ltr'><strong>τοῦ</strong></span> <span class='ocrx_word' id='word_1_321' title='bbox 3055 1619 3249 1682; x_wconf 78' lang='grc' dir='ltr'><strong>ἄνθους</strong></span> <span class='ocrx_word' id='word_1_322' title='bbox 3275 1618 3334 1672; x_wconf 83' lang='grc' dir='ltr'><strong>τὸ</strong></span> <span class='ocrx_word' id='word_1_323' title='bbox 3361 1619 3712 1690; x_wconf 75' lang='grc' dir='ltr'>ἀποτέλεσμα</span> 
     </span>
    </p>
   </div>
   <div class='ocr_carea' id='block_1_45' title="bbox 2114 1707 3715 1785">
    <p class='ocr_par' dir='ltr' id='par_1_45' title="bbox 2114 1707 3715 1785">
     <span class='ocr_line' id='line_1_45' title="bbox 2114 1707 3715 1785; baseline -0.001 -19"><span class='ocrx_word' id='word_1_324' title='bbox 2114 1713 2207 1766; x_wconf 86' lang='grc' dir='ltr'><strong>τοῦ</strong></span> <span class='ocrx_word' id='word_1_325' title='bbox 2242 1712 2464 1783; x_wconf 78' lang='grc' dir='ltr'>ἐλέγχου</span> <span class='ocrx_word' id='word_1_326' title='bbox 2496 1714 2590 1767; x_wconf 79' lang='grc' dir='ltr'><strong>καὶ</strong></span> <span class='ocrx_word' id='word_1_327' title='bbox 2618 1713 2719 1785; x_wconf 82' lang='grc' dir='ltr'>τῆς</span> <span class='ocrx_word' id='word_1_328' title='bbox 2749 1711 3108 1783; x_wconf 83' lang='grc' dir='ltr'>ὲπιπλήξεως.</span> <span class='ocrx_word' id='word_1_329' title='bbox 3144 1712 3413 1775; x_wconf 83' lang='grc' dir='ltr'>’Ἕκαστος</span> <span class='ocrx_word' id='word_1_330' title='bbox 3435 1707 3529 1764; x_wconf 79' lang='grc' dir='ltr'><strong>οὖν</strong></span> <span class='ocrx_word' id='word_1_331' title='bbox 3549 1714 3580 1783; x_wconf 78' lang='grc' dir='ltr'>ἡ</span> <span class='ocrx_word' id='word_1_332' title='bbox 3591 1710 3715 1782; x_wconf 82' lang='grc' dir='ltr'>μῶν</span> 
     </span>
    </p>
   </div>
   <div class='ocr_carea' id='block_1_46' title="bbox 2115 1802 3711 1876">
    <p class='ocr_par' dir='ltr' id='par_1_46' title="bbox 2115 1802 3711 1876">
     <span class='ocr_line' id='line_1_46' title="bbox 2115 1802 3711 1876; baseline 0 -19"><span class='ocrx_word' id='word_1_333' title='bbox 2115 1806 2203 1858; x_wconf 79' lang='grc' dir='ltr'><strong>ὅτε</strong></span> <span class='ocrx_word' id='word_1_334' title='bbox 2229 1805 2540 1859; x_wconf 76' lang='grc' dir='ltr'>αἰσθάνεται</span> <span class='ocrx_word' id='word_1_335' title='bbox 2565 1804 2670 1860; x_wconf 78' lang='grc' dir='ltr'><strong>ὑπὸ</strong></span> <span class='ocrx_word' id='word_1_336' title='bbox 2691 1803 2886 1876; x_wconf 74' lang='grc' dir='ltr'>ῥάϐδου</span> <span class='ocrx_word' id='word_1_337' title='bbox 2918 1803 3069 1868; x_wconf 82' lang='grc' dir='ltr'>Θείας</span> <span class='ocrx_word' id='word_1_338' title='bbox 3090 1802 3478 1874; x_wconf 81' lang='grc' dir='ltr'>πληττόμενος,</span> <span class='ocrx_word' id='word_1_339' title='bbox 3513 1803 3711 1872; x_wconf 83' lang='grc' dir='ltr'>πειρά-</span> 
     </span>
    </p>
   </div>
   <div class='ocr_carea' id='block_1_47' title="bbox 2115 1894 3710 1968">
    <p class='ocr_par' dir='ltr' id='par_1_47' title="bbox 2115 1894 3710 1968">
     <span class='ocr_line' id='line_1_47' title="bbox 2115 1894 3710 1968; baseline -0.002 -17"><span class='ocrx_word' id='word_1_340' title='bbox 2115 1898 2246 1962; x_wconf 88' lang='grc' dir='ltr'>σθω,</span> <span class='ocrx_word' id='word_1_341' title='bbox 2278 1897 2366 1952; x_wconf 82' lang='grc' dir='ltr'><strong>διὰ</strong></span> <span class='ocrx_word' id='word_1_342' title='bbox 2397 1897 2490 1951; x_wconf 89' lang='grc' dir='ltr'><strong>τοῦ</strong></span> <span class='ocrx_word' id='word_1_343' title='bbox 2514 1897 2802 1968; x_wconf 81' lang='grc' dir='ltr'>ὑπομένειν</span> <span class='ocrx_word' id='word_1_344' title='bbox 2836 1899 2931 1951; x_wconf 64' lang='grc' dir='ltr'>καὶ</span> <span class='ocrx_word' id='word_1_345' title='bbox 2952 1894 3358 1968; x_wconf 82' lang='grc' dir='ltr'>εὐαρεστεῖσθαι</span> <span class='ocrx_word' id='word_1_346' title='bbox 3388 1898 3501 1958; x_wconf 82' lang='grc' dir='ltr'>τοῖς</span> <span class='ocrx_word' id='word_1_347' title='bbox 3531 1896 3710 1948; x_wconf 78' lang='grc' dir='ltr'>ἀπαν-</span> 
     </span>
    </p>
   </div>
   <div class='ocr_carea' id='block_1_48' title="bbox 2111 1984 3708 2061">
    <p class='ocr_par' dir='ltr' id='par_1_48' title="bbox 2111 1984 3708 2061">
     <span class='ocr_line' id='line_1_48' title="bbox 2111 1984 3708 2061; baseline -0.002 -18"><span class='ocrx_word' id='word_1_348' title='bbox 2111 1991 2298 2057; x_wconf 80' lang='grc' dir='ltr'>τῶσιν,</span> <span class='ocrx_word' id='word_1_349' title='bbox 2328 1989 2485 2054; x_wconf 78' lang='grc' dir='ltr'>ἄνθος</span> <span class='ocrx_word' id='word_1_350' title='bbox 2518 1990 2785 2044; x_wconf 83' lang='grc' dir='ltr'>ποιεῖσθαι</span> <span class='ocrx_word' id='word_1_351' title='bbox 2810 1989 2948 2061; x_wconf 78' lang='grc' dir='ltr'>πρὸς</span> <span class='ocrx_word' id='word_1_352' title='bbox 2972 1989 3069 2060; x_wconf 81' lang='grc' dir='ltr'>τὴν</span> <span class='ocrx_word' id='word_1_353' title='bbox 3093 1986 3305 2058; x_wconf 77' lang='grc' dir='ltr'>ῥάϐδον.</span> <span class='ocrx_word' id='word_1_354' title='bbox 3332 1988 3472 2058; x_wconf 87' lang='grc' dir='ltr'>Ὅρα</span> <span class='ocrx_word' id='word_1_355' title='bbox 3496 1988 3544 2038; x_wconf 80' lang='grc' dir='ltr'><strong>εί</strong></span> <span class='ocrx_word' id='word_1_356' title='bbox 3574 1984 3708 2040; x_wconf 79' lang='grc' dir='ltr'>τού-</span> 
     </span>
    </p>
   </div>
   <div class='ocr_carea' id='block_1_49' title="bbox 2111 2076 3707 2154">
    <p class='ocr_par' dir='ltr' id='par_1_49' title="bbox 2111 2076 3707 2154">
     <span class='ocr_line' id='line_1_49' title="bbox 2111 2076 3707 2154; baseline -0.003 -18"><span class='ocrx_word' id='word_1_357' title='bbox 2111 2101 2205 2137; x_wconf 88' lang='grc' dir='ltr'><strong>του</strong></span> <span class='ocrx_word' id='word_1_358' title='bbox 2260 2080 2480 2137; x_wconf 79' lang='grc' dir='ltr'>δύναται</span> <span class='ocrx_word' id='word_1_359' title='bbox 2516 2080 2783 2154; x_wconf 79' lang='grc' dir='ltr'>σύμϐολον</span> <span class='ocrx_word' id='word_1_360' title='bbox 2825 2076 2967 2135; x_wconf 77' lang='grc' dir='ltr'>εἶναι</span> <span class='ocrx_word' id='word_1_361' title='bbox 3011 2082 3044 2151; x_wconf 83' lang='grc' dir='ltr'>ἡ</span> <span class='ocrx_word' id='word_1_362' title='bbox 3090 2079 3182 2132; x_wconf 89' lang='grc' dir='ltr'><strong>τοῦ</strong></span> <span class='ocrx_word' id='word_1_363' title='bbox 3251 2077 3459 2147; x_wconf 82' lang='grc' dir='ltr'>Ἀαρὼν</span> <span class='ocrx_word' id='word_1_364' title='bbox 3509 2077 3707 2149; x_wconf 83' lang='grc' dir='ltr'>ῥάϐδος</span> 
     </span>
    </p>
   </div>
   <div class='ocr_carea' id='block_1_50' title="bbox 2117 2166 3708 2246">
    <p class='ocr_par' dir='ltr' id='par_1_50' title="bbox 2117 2166 3708 2246">
     <span class='ocr_line' id='line_1_50' title="bbox 2117 2166 3708 2246; baseline -0.004 -18"><span class='ocrx_word' id='word_1_365' title='bbox 2117 2174 2255 2246; x_wconf 77' lang='grc' dir='ltr'>μετὰ</span> <span class='ocrx_word' id='word_1_366' title='bbox 2295 2174 2460 2228; x_wconf 78' lang='grc' dir='ltr'>πολὺν</span> <span class='ocrx_word' id='word_1_367' title='bbox 2488 2175 2678 2245; x_wconf 88' lang='grc' dir='ltr'>χρόνον</span> <span class='ocrx_word' id='word_1_368' title='bbox 2711 2176 2769 2227; x_wconf 84' lang='grc' dir='ltr'><strong>ὲν</strong></span> <span class='ocrx_word' id='word_1_369' title='bbox 2794 2166 2836 2241; x_wconf 86' lang='grc' dir='ltr'>ᾧ</span> <span class='ocrx_word' id='word_1_370' title='bbox 2866 2169 3010 2243; x_wconf 79' lang='grc' dir='ltr'>εἶχεν</span> <span class='ocrx_word' id='word_1_371' title='bbox 3040 2172 3207 2244; x_wconf 81' lang='grc' dir='ltr'>αὐτὴν</span> <span class='ocrx_word' id='word_1_372' title='bbox 3236 2171 3586 2241; x_wconf 76' lang='grc' dir='ltr'>βλαστήσασα</span> <span class='ocrx_word' id='word_1_373' title='bbox 3609 2169 3708 2223; x_wconf 74' lang='grc' dir='ltr'><strong>καὶ</strong></span> 
     </span>
    </p>
   </div>
   <div class='ocr_carea' id='block_1_51' title="bbox 2113 2259 3709 2338">
    <p class='ocr_par' dir='ltr' id='par_1_51' title="bbox 2113 2259 3709 2338">
     <span class='ocr_line' id='line_1_51' title="bbox 2113 2259 3709 2338; baseline -0.005 -19"><span class='ocrx_word' id='word_1_374' title='bbox 2113 2266 2324 2338; x_wconf 79' lang='grc' dir='ltr'>καρπὸν</span> <span class='ocrx_word' id='word_1_375' title='bbox 2352 2267 2656 2337; x_wconf 74' lang='grc' dir='ltr'>ἐνηνοχυῖα·</span> <span class='ocrx_word' id='word_1_376' title='bbox 2693 2264 2855 2317; x_wconf 75' lang='grc' dir='ltr'>οἱονεὶ</span> <span class='ocrx_word' id='word_1_377' title='bbox 2886 2266 2995 2335; x_wconf 72' lang='grc' dir='ltr'><strong>γάρ</strong></span> <span class='ocrx_word' id='word_1_378' title='bbox 3021 2263 3215 2334; x_wconf 76' lang='grc' dir='ltr'>ῥάϐδος</span> <span class='ocrx_word' id='word_1_379' title='bbox 3237 2260 3369 2314; x_wconf 82' lang='grc' dir='ltr'>Θεοῦ</span> <span class='ocrx_word' id='word_1_380' title='bbox 3394 2261 3600 2331; x_wconf 77' lang='grc' dir='ltr'>ἐκείνη,</span> <span class='ocrx_word' id='word_1_381' title='bbox 3630 2259 3709 2323; x_wconf 86' lang='grc' dir='ltr'>ὡς</span> 
     </span>
    </p>
   </div>
   <div class='ocr_carea' id='block_1_52' title="bbox 2111 2352 3707 2434">
    <p class='ocr_par' dir='ltr' id='par_1_52' title="bbox 2111 2352 3707 2434">
     <span class='ocr_line' id='line_1_52' title="bbox 2111 2352 3707 2434; baseline -0.006 -17"><span class='ocrx_word' id='word_1_382' title='bbox 2111 2362 2439 2434; x_wconf 83' lang='grc' dir='ltr'>γέγραπται’</span> <span class='ocrx_word' id='word_1_383' title='bbox 2473 2361 2584 2419; x_wconf 79' lang='grc' dir='ltr'><strong>Καὶ</strong></span> <span class='ocrx_word' id='word_1_384' title='bbox 2626 2358 2740 2427; x_wconf 74' lang='grc' dir='ltr'><strong>τὴν</strong></span> <span class='ocrx_word' id='word_1_385' title='bbox 2763 2356 2992 2427; x_wconf 50' lang='grc' dir='ltr'>ῥάϐδος</span> <span class='ocrx_word' id='word_1_386' title='bbox 3030 2356 3145 2425; x_wconf 76' lang='grc' dir='ltr'><strong>τὴν</strong></span> <span class='ocrx_word' id='word_1_387' title='bbox 3197 2354 3358 2424; x_wconf 75' lang='grc' dir='ltr'>παρὰ</span> <span class='ocrx_word' id='word_1_388' title='bbox 3401 2355 3507 2408; x_wconf 87' lang='grc' dir='ltr'><strong>τοῦ</strong></span> <span class='ocrx_word' id='word_1_389' title='bbox 3557 2352 3707 2408; x_wconf 82' lang='grc' dir='ltr'>Θεοῦ</span> 
     </span>
    </p>
   </div>
   <div class='ocr_carea' id='block_1_53' title="bbox 2109 2445 3711 2524">
    <p class='ocr_par' dir='ltr' id='par_1_53' title="bbox 2109 2445 3711 2524">
     <span class='ocr_line' id='line_1_53' title="bbox 2109 2445 3711 2524; baseline -0.006 -17"><span class='ocrx_word' id='word_1_390' title='bbox 2109 2453 2302 2522; x_wconf 69' lang='grc' dir='ltr'><strong>λήψῃ·</strong></span> <span class='ocrx_word' id='word_1_391' title='bbox 2331 2454 2519 2524; x_wconf 79' lang='grc' dir='ltr'>ἥντινα</span> <span class='ocrx_word' id='word_1_392' title='bbox 2544 2454 2573 2505; x_wconf 86' lang='grc' dir='ltr'>ὁ</span> <span class='ocrx_word' id='word_1_393' title='bbox 2606 2449 2845 2520; x_wconf 79' lang='grc' dir='ltr'>ἐνεγκὼν</span> <span class='ocrx_word' id='word_1_394' title='bbox 2866 2450 2925 2502; x_wconf 88' lang='grc' dir='ltr'>ὃν</span> <span class='ocrx_word' id='word_1_395' title='bbox 2948 2449 3027 2501; x_wconf 82' lang='grc' dir='ltr'><strong>δεῖ</strong></span> <span class='ocrx_word' id='word_1_396' title='bbox 3057 2448 3259 2519; x_wconf 84' lang='grc' dir='ltr'>τρόπον</span> <span class='ocrx_word' id='word_1_397' title='bbox 3293 2447 3486 2518; x_wconf 76' lang='grc' dir='ltr'>ῥάϐδον</span> <span class='ocrx_word' id='word_1_398' title='bbox 3518 2445 3711 2517; x_wconf 83' lang='grc' dir='ltr'>φέρειν</span> 
     </span>
    </p>
   </div>
   <div class='ocr_carea' id='block_1_54' title="bbox 2110 2535 3706 2615">
    <p class='ocr_par' dir='ltr' id='par_1_54' title="bbox 2110 2535 3706 2615">
     <span class='ocr_line' id='line_1_54' title="bbox 2110 2535 3706 2615; baseline -0.007 -15"><span class='ocrx_word' id='word_1_399' title='bbox 2110 2546 2267 2610; x_wconf 87' lang='grc' dir='ltr'>Θεοῦ,</span> <span class='ocrx_word' id='word_1_400' title='bbox 2294 2545 2517 2615; x_wconf 69' lang='grc' dir='ltr'>ὕστερον</span> <span class='ocrx_word' id='word_1_401' title='bbox 2544 2544 2607 2597; x_wconf 82' lang='grc' dir='ltr'><strong>οὐ</strong></span> <span class='ocrx_word' id='word_1_402' title='bbox 2642 2543 2800 2614; x_wconf 86' lang='grc' dir='ltr'>μόνον</span> <span class='ocrx_word' id='word_1_403' title='bbox 2832 2540 3010 2603; x_wconf 84' lang='grc' dir='ltr'>άνθος,</span> <span class='ocrx_word' id='word_1_404' title='bbox 3043 2539 3179 2593; x_wconf 81' lang='grc' dir='ltr'>ἀλλὰ</span> <span class='ocrx_word' id='word_1_405' title='bbox 3204 2539 3299 2591; x_wconf 74' lang='grc' dir='ltr'><strong>καὶ</strong></span> <span class='ocrx_word' id='word_1_406' title='bbox 3334 2538 3545 2608; x_wconf 86' lang='grc' dir='ltr'>καρπὸν</span> <span class='ocrx_word' id='word_1_407' title='bbox 3578 2535 3706 2604; x_wconf 69' lang='grc' dir='ltr'><strong>ὅψε-</strong></span> 
     </span>
    </p>
   </div>
   <div class='ocr_carea' id='block_1_55' title="bbox 2110 2630 3707 2710">
    <p class='ocr_par' dir='ltr' id='par_1_55' title="bbox 2110 2630 3707 2710">
     <span class='ocr_line' id='line_1_55' title="bbox 2110 2630 3707 2710; baseline -0.008 -15"><span class='ocrx_word' id='word_1_408' title='bbox 2110 2657 2199 2696; x_wconf 88' lang='grc' dir='ltr'><strong>ται</strong></span> <span class='ocrx_word' id='word_1_409' title='bbox 2235 2644 2294 2694; x_wconf 84' lang='grc' dir='ltr'>ὲν</span> <span class='ocrx_word' id='word_1_410' title='bbox 2324 2640 2493 2710; x_wconf 74' lang='grc' dir='ltr'>αὐτῷ,</span> <span class='ocrx_word' id='word_1_411' title='bbox 2516 2638 2656 2693; x_wconf 85' lang='grc' dir='ltr'>ὥστε</span> <span class='ocrx_word' id='word_1_412' title='bbox 2679 2637 2827 2702; x_wconf 78' lang='grc' dir='ltr'>ἄξιον</span> <span class='ocrx_word' id='word_1_413' title='bbox 2852 2634 3010 2688; x_wconf 77' lang='grc' dir='ltr'>αὑτὸν</span> <span class='ocrx_word' id='word_1_414' title='bbox 3041 2632 3295 2701; x_wconf 84' lang='grc' dir='ltr'>γενέσθαι</span> <span class='ocrx_word' id='word_1_415' title='bbox 3327 2636 3417 2685; x_wconf 83' lang='grc' dir='ltr'>καὶ</span> <span class='ocrx_word' id='word_1_416' title='bbox 3450 2630 3546 2684; x_wconf 88' lang='grc' dir='ltr'><strong>τοῦ</strong></span> <span class='ocrx_word' id='word_1_417' title='bbox 3572 2631 3707 2684; x_wconf 84' lang='grc' dir='ltr'>ἀπο-</span> 
     </span>
    </p>
   </div>
   <div class='ocr_carea' id='block_1_56' title="bbox 2110 2721 3708 2797">
    <p class='ocr_par' dir='ltr' id='par_1_56' title="bbox 2110 2721 3708 2797">
     <span class='ocr_line' id='line_1_56' title="bbox 2110 2721 3708 2797; baseline -0.008 -10"><span class='ocrx_word' id='word_1_418' title='bbox 2110 2731 2326 2788; x_wconf 79' lang='grc' dir='ltr'>κεῖσθαι</span> <span class='ocrx_word' id='word_1_419' title='bbox 2344 2733 2424 2797; x_wconf 88' lang='grc' dir='ltr'>εἰς</span> <span class='ocrx_word' id='word_1_420' title='bbox 2452 2731 2522 2783; x_wconf 83' lang='grc' dir='ltr'>τὰ</span> <span class='ocrx_word' id='word_1_421' title='bbox 2550 2730 2720 2797; x_wconf 72' lang='grc' dir='ltr'>’Ἅγια</span> <span class='ocrx_word' id='word_1_422' title='bbox 2739 2727 2847 2781; x_wconf 85' lang='grc' dir='ltr'><strong>τῶν</strong></span> <span class='ocrx_word' id='word_1_423' title='bbox 2872 2724 3041 2795; x_wconf 86' lang='grc' dir='ltr'>ἁγίων</span> <span class='ocrx_word' id='word_1_424' title='bbox 3075 2726 3134 2777; x_wconf 82' lang='grc' dir='ltr'><strong>ἐν</strong></span> <span class='ocrx_word' id='word_1_425' title='bbox 3175 2726 3241 2795; x_wconf 84' lang='grc' dir='ltr'>τῇ</span> <span class='ocrx_word' id='word_1_426' title='bbox 3274 2723 3366 2776; x_wconf 86' lang='grc' dir='ltr'><strong>τοῦ</strong></span> <span class='ocrx_word' id='word_1_427' title='bbox 3406 2721 3708 2795; x_wconf 77' lang='grc' dir='ltr'>μαρτυρίου</span> 
     </span>
    </p>
   </div>
   <div class='ocr_carea' id='block_1_57' title="bbox 2111 2828 2307 2897">
    <p class='ocr_par' dir='ltr' id='par_1_57' title="bbox 2111 2828 2307 2897">
     <span class='ocr_line' id='line_1_57' title="bbox 2111 2828 2307 2897; baseline -0.02 -16"><span class='ocrx_word' id='word_1_428' title='bbox 2111 2828 2307 2897; x_wconf 79' lang='grc' dir='ltr'>σκηνῇ.</span> 
     </span>
    </p>
   </div>
   <div class='ocr_carea' id='block_1_58' title="bbox 2183 2904 3709 2983">
    <p class='ocr_par' dir='ltr' id='par_1_58' title="bbox 2183 2904 3709 2983">
     <span class='ocr_line' id='line_1_58' title="bbox 2183 2904 3709 2983; baseline -0.009 -12"><span class='ocrx_word' id='word_1_429' title='bbox 2183 2920 2313 2971; x_wconf 89' lang='grc' dir='ltr'>Ὅτι</span> <span class='ocrx_word' id='word_1_430' title='bbox 2347 2916 2556 2983; x_wconf 84' lang='grc' dir='ltr'>ὅρασις</span> <span class='ocrx_word' id='word_1_431' title='bbox 2589 2914 2677 2979; x_wconf 83' lang='grc' dir='ltr'>εὶς</span> <span class='ocrx_word' id='word_1_432' title='bbox 2713 2910 2838 2965; x_wconf 79' lang='grc' dir='ltr'><strong>πᾶν</strong></span> <span class='ocrx_word' id='word_1_433' title='bbox 2868 2908 2934 2963; x_wconf 83' lang='grc' dir='ltr'>τὸ</span> <span class='ocrx_word' id='word_1_434' title='bbox 2962 2906 3218 2975; x_wconf 76' lang='grc' dir='ltr'>πλῆθος.</span> <span class='ocrx_word' id='word_1_435' title='bbox 3261 2904 3570 2959; x_wconf 83' lang='grc' dir='ltr'>Ἐκλέλοιπε</span> <span class='ocrx_word' id='word_1_436' title='bbox 3596 2904 3709 2976; x_wconf 71' lang='grc' dir='ltr'>γὰρ</span> 
     </span>
    </p>
   </div>
   <div class='ocr_carea' id='block_1_59' title="bbox 2111 2996 3702 3082">
    <p class='ocr_par' dir='ltr' id='par_1_59' title="bbox 2111 2996 3702 3082">
     <span class='ocr_line' id='line_1_59' title="bbox 2111 2996 3702 3082; baseline -0.01 -19"><span class='ocrx_word' id='word_1_437' title='bbox 2111 3006 2473 3082; x_wconf 84' lang='grc' dir='ltr'>ήπροφητεία</span> <span class='ocrx_word' id='word_1_438' title='bbox 2501 3005 2641 3077; x_wconf 76' lang='grc' dir='ltr'>μετὰ</span> <span class='ocrx_word' id='word_1_439' title='bbox 2672 3003 2770 3075; x_wconf 79' lang='grc' dir='ltr'>τὴν</span> <span class='ocrx_word' id='word_1_440' title='bbox 2812 3002 2905 3055; x_wconf 89' lang='grc' dir='ltr'><strong>τοῦ</strong></span> <span class='ocrx_word' id='word_1_441' title='bbox 2938 3000 3191 3070; x_wconf 79' lang='grc' dir='ltr'>Σωτῆρος</span> <span class='ocrx_word' id='word_1_442' title='bbox 3231 2997 3541 3067; x_wconf 78' lang='grc' dir='ltr'>ἐπιδημίαν.</span> <span class='ocrx_word' id='word_1_443' title='bbox 3580 2996 3702 3049; x_wconf 80' lang='grc' dir='ltr'><strong>Κα-</strong></span> 
     </span>
    </p>
   </div>
   <div class='ocr_carea' id='block_1_60' title="bbox 424 3084 2013 3167">
    <p class='ocr_par' dir='ltr' id='par_1_60' title="bbox 424 3090 2010 3162">
     <span class='ocr_line' id='line_1_60' title="bbox 424 3090 2010 3162; baseline 0.004 -17"><span class='ocrx_word' id='word_1_444' title='bbox 424 3093 627 3150; x_wconf 76' lang='grc' dir='ltr'>ιίίιιίιυι·</span> <span class='ocrx_word' id='word_1_445' title='bbox 664 3110 678 3147; x_wconf 87' lang='lat'><strong>:</strong></span> <span class='ocrx_word' id='word_1_446' title='bbox 722 3091 790 3145; x_wconf 85' lang='lat' dir='ltr'><strong>In</strong></span> <span class='ocrx_word' id='word_1_447' title='bbox 830 3107 1037 3145; x_wconf 86' lang='lat' dir='ltr'><strong>omnem</strong></span> <span class='ocrx_word' id='word_1_448' title='bbox 1081 3090 1513 3155; x_wconf 82' lang='lat' dir='ltr'><strong>multitudinem,</strong></span> <span class='ocrx_word' id='word_1_449' title='bbox 1568 3093 2010 3162; x_wconf 84' lang='lat' dir='ltr'><strong>quandoquidem</strong></span> 
     </span>
    </p>
   </div>
   <div class='ocr_carea' id='block_1_61' title="bbox 2117 3084 3701 3167">
    <p class='ocr_par' dir='ltr' id='par_1_61' title="bbox 2117 3084 3701 3166">
     <span class='ocr_line' id='line_1_61' title="bbox 2117 3084 3701 3166; baseline -0.01 -11"><span class='ocrx_word' id='word_1_450' title='bbox 2117 3101 2222 3166; x_wconf 84' lang='grc' dir='ltr'>λῶς</span> <span class='ocrx_word' id='word_1_451' title='bbox 2255 3100 2334 3166; x_wconf 83' lang='grc' dir='ltr'><strong>δὲ,</strong></span> <span class='ocrx_word' id='word_1_452' title='bbox 2384 3101 2490 3163; x_wconf 83' lang='grc' dir='ltr'><strong>Εὶς</strong></span> <span class='ocrx_word' id='word_1_453' title='bbox 2534 3097 2696 3152; x_wconf 83' lang='grc' dir='ltr'>ἅπαν</span> <span class='ocrx_word' id='word_1_454' title='bbox 2737 3093 2804 3149; x_wconf 82' lang='grc' dir='ltr'>τὸ</span> <span class='ocrx_word' id='word_1_455' title='bbox 2842 3090 3092 3160; x_wconf 70' lang='grc' dir='ltr'>πλῆθος·</span> <span class='ocrx_word' id='word_1_456' title='bbox 3132 3090 3315 3159; x_wconf 70' lang='grc' dir='ltr'>ἐπειδὴ</span> <span class='ocrx_word' id='word_1_457' title='bbox 3352 3087 3547 3158; x_wconf 76' lang='grc' dir='ltr'>λῆμμα</span> <span class='ocrx_word' id='word_1_458' title='bbox 3576 3084 3701 3140; x_wconf 85' lang='grc' dir='ltr'>κατ’</span> 
     </span>
    </p>
   </div>
   <div class='ocr_carea' id='block_1_62' title="bbox 424 3180 1939 3252">
    <p class='ocr_par' dir='ltr' id='par_1_62' title="bbox 424 3180 1939 3252">
     <span class='ocr_line' id='line_1_62' title="bbox 424 3180 1939 3252; baseline -0.001 -11"><span class='ocrx_word' id='word_1_459' title='bbox 424 3181 733 3252; x_wconf 72' lang='lat' dir='ltr'><strong>assumptio</strong></span> <span class='ocrx_word' id='word_1_460' title='bbox 761 3180 1063 3237; x_wconf 90' lang='lat' dir='ltr'><strong>secundum</strong></span> <span class='ocrx_word' id='word_1_461' title='bbox 1092 3181 1409 3235; x_wconf 88' lang='lat' dir='ltr'><strong>electionem</strong></span> <span class='ocrx_word' id='word_1_462' title='bbox 1437 3182 1626 3251; x_wconf 78' lang='lat' dir='ltr'><strong>gratia:</strong></span> <span class='ocrx_word' id='word_1_463' title='bbox 1662 3180 1802 3238; x_wconf 81' lang='lat' dir='ltr'><strong>facta</strong></span> <span class='ocrx_word' id='word_1_464' title='bbox 1837 3194 1939 3239; x_wconf 88' lang='lat' dir='ltr'><strong>est.</strong></span> 
     </span>
    </p>
   </div>
   <div class='ocr_carea' id='block_1_63' title="bbox 498 3271 2015 3345">
    <p class='ocr_par' dir='ltr' id='par_1_63' title="bbox 498 3271 2015 3345">
     <span class='ocr_line' id='line_1_63' title="bbox 498 3271 2015 3345; baseline 0.001 -14"><span class='ocrx_word' id='word_1_465' title='bbox 498 3273 568 3331; x_wconf 85' lang='lat' dir='ltr'><strong>Et</strong></span> <span class='ocrx_word' id='word_1_466' title='bbox 591 3274 746 3328; x_wconf 82' lang='lat' dir='ltr'><strong>homo</strong></span> <span class='ocrx_word' id='word_1_467' title='bbox 770 3275 823 3328; x_wconf 83' lang='lat' dir='ltr'><strong>in</strong></span> <span class='ocrx_word' id='word_1_468' title='bbox 849 3273 1019 3328; x_wconf 82' lang='lat' dir='ltr'><strong>oculis</strong></span> <span class='ocrx_word' id='word_1_469' title='bbox 1046 3274 1166 3328; x_wconf 74' lang='lat' dir='ltr'><strong>vita:</strong></span> <span class='ocrx_word' id='word_1_470' title='bbox 1186 3273 1299 3342; x_wconf 87' lang='lat' dir='ltr'><strong>ejus</strong></span> <span class='ocrx_word' id='word_1_471' title='bbox 1320 3272 1386 3324; x_wconf 73' lang='grc'><strong>⁸⁸.</strong></span> <span class='ocrx_word' id='word_1_472' title='bbox 1416 3271 1471 3326; x_wconf 93' lang='lat' dir='ltr'><strong>Si</strong></span> <span class='ocrx_word' id='word_1_473' title='bbox 1500 3282 1724 3329; x_wconf 88' lang='lat' dir='ltr'><strong>sanctus</strong></span> <span class='ocrx_word' id='word_1_474' title='bbox 1752 3277 1877 3345; x_wconf 84' lang='lat' dir='ltr'><strong>quis</strong></span> <span class='ocrx_word' id='word_1_475' title='bbox 1895 3276 2015 3332; x_wconf 62' lang='lat' dir='ltr'><strong>l‘ue-o</strong></span> 
     </span>
    </p>
   </div>
   <div class='ocr_carea' id='block_1_64' title="bbox 425 3365 2016 3437">
    <p class='ocr_par' dir='ltr' id='par_1_64' title="bbox 425 3365 2016 3437">
     <span class='ocr_line' id='line_1_64' title="bbox 425 3365 2016 3437; baseline 0.001 -13"><span class='ocrx_word' id='word_1_476' title='bbox 425 3368 521 3435; x_wconf 85' lang='lat' dir='ltr'><strong>rit,</strong></span> <span class='ocrx_word' id='word_1_477' title='bbox 552 3381 779 3437; x_wconf 86' lang='lat' dir='ltr'><strong>compos</strong></span> <span class='ocrx_word' id='word_1_478' title='bbox 825 3366 929 3420; x_wconf 90' lang='lat' dir='ltr'><strong>erit</strong></span> <span class='ocrx_word' id='word_1_479' title='bbox 976 3365 1223 3420; x_wconf 88' lang='lat' dir='ltr'><strong>omnium</strong></span> <span class='ocrx_word' id='word_1_480' title='bbox 1268 3380 1505 3434; x_wconf 87' lang='lat' dir='ltr'><strong>quorum</strong></span> <span class='ocrx_word' id='word_1_481' title='bbox 1547 3376 1851 3437; x_wconf 85' lang='lat' dir='ltr'><strong>compotem</strong></span> <span class='ocrx_word' id='word_1_482' title='bbox 1893 3385 2016 3425; x_wconf 90' lang='lat' dir='ltr'><strong>esse</strong></span> 
     </span>
    </p>
   </div>
   <div class='ocr_carea' id='block_1_65' title="bbox 424 3459 2012 3534">
    <p class='ocr_par' dir='ltr' id='par_1_65' title="bbox 424 3459 2012 3534">
     <span class='ocr_line' id='line_1_65' title="bbox 424 3459 2012 3534; baseline -0.002 -16"><span class='ocrx_word' id='word_1_483' title='bbox 424 3470 697 3534; x_wconf 87' lang='lat' dir='ltr'><strong>oporteat,</strong></span> <span class='ocrx_word' id='word_1_484' title='bbox 739 3469 795 3516; x_wconf 91' lang='lat' dir='ltr'><strong>ct</strong></span> <span class='ocrx_word' id='word_1_485' title='bbox 840 3460 1017 3515; x_wconf 90' lang='lat' dir='ltr'><strong>victor</strong></span> <span class='ocrx_word' id='word_1_486' title='bbox 1050 3459 1154 3513; x_wconf 90' lang='lat' dir='ltr'><strong>erit</strong></span> <span class='ocrx_word' id='word_1_487' title='bbox 1183 3474 1291 3514; x_wconf 87' lang='lat' dir='ltr'><strong>non</strong></span> <span class='ocrx_word' id='word_1_488' title='bbox 1322 3460 1427 3515; x_wconf 89' lang='lat' dir='ltr'><strong>alia</strong></span> <span class='ocrx_word' id='word_1_489' title='bbox 1469 3460 1725 3530; x_wconf 79' lang='lat' dir='ltr'><strong>qnapiam</strong></span> <span class='ocrx_word' id='word_1_490' title='bbox 1765 3476 1820 3516; x_wconf 89' lang='lat' dir='ltr'><strong>re</strong></span> <span class='ocrx_word' id='word_1_491' title='bbox 1849 3476 2012 3530; x_wconf 90' lang='lat' dir='ltr'><strong>quam</strong></span> 
     </span>
    </p>
   </div>
   <div class='ocr_carea' id='block_1_66' title="bbox 428 3552 2017 3625">
    <p class='ocr_par' dir='ltr' id='par_1_66' title="bbox 428 3552 2017 3625">
     <span class='ocr_line' id='line_1_66' title="bbox 428 3552 2017 3625; baseline -0.001 -15"><span class='ocrx_word' id='word_1_492' title='bbox 428 3557 592 3612; x_wconf 86' lang='lat' dir='ltr'><strong>oculo</strong></span> <span class='ocrx_word' id='word_1_493' title='bbox 623 3553 858 3625; x_wconf 65' lang='lat' dir='ltr'><strong>propria:</strong></span> <span class='ocrx_word' id='word_1_494' title='bbox 888 3553 1030 3620; x_wconf 58' lang='lat' dir='ltr'><strong>vitta,</strong></span> <span class='ocrx_word' id='word_1_495' title='bbox 1064 3552 1157 3622; x_wconf 86' lang='lat' dir='ltr'><strong>qui</strong></span> <span class='ocrx_word' id='word_1_496' title='bbox 1192 3564 1273 3607; x_wconf 74' lang='grc' dir='ltr'><strong>εει</strong></span> <span class='ocrx_word' id='word_1_497' title='bbox 1303 3567 1478 3619; x_wconf 87' lang='lat' dir='ltr'><strong>mens,</strong></span> <span class='ocrx_word' id='word_1_498' title='bbox 1519 3552 1577 3606; x_wconf 90' lang='lat' dir='ltr'><strong>in</strong></span> <span class='ocrx_word' id='word_1_499' title='bbox 1610 3568 1719 3622; x_wconf 90' lang='lat' dir='ltr'><strong>qua</strong></span> <span class='ocrx_word' id='word_1_500' title='bbox 1745 3568 1864 3607; x_wconf 89' lang='lat' dir='ltr'><strong>eam</strong></span> <span class='ocrx_word' id='word_1_501' title='bbox 1894 3570 2017 3623; x_wconf 68' lang='lat' dir='ltr'><strong>qua:</strong></span> 
     </span>
    </p>
   </div>
   <div class='ocr_carea' id='block_1_67' title="bbox 426 3644 2016 3715">
    <p class='ocr_par' dir='ltr' id='par_1_67' title="bbox 426 3644 2016 3715">
     <span class='ocr_line' id='line_1_67' title="bbox 426 3644 2016 3715; baseline -0.001 -11"><span class='ocrx_word' id='word_1_502' title='bbox 426 3648 484 3704; x_wconf 87' lang='lat' dir='ltr'><strong>lu</strong></span> <span class='ocrx_word' id='word_1_503' title='bbox 518 3648 747 3702; x_wconf 84' lang='lat' dir='ltr'><strong>veritate</strong></span> <span class='ocrx_word' id='word_1_504' title='bbox 773 3653 859 3700; x_wconf 90' lang='lat' dir='ltr'><strong>est</strong></span> <span class='ocrx_word' id='word_1_505' title='bbox 898 3644 1066 3697; x_wconf 90' lang='lat' dir='ltr'><strong>vitam</strong></span> <span class='ocrx_word' id='word_1_506' title='bbox 1097 3644 1375 3699; x_wconf 88' lang='lat' dir='ltr'><strong>cernimus</strong></span> <span class='ocrx_word' id='word_1_507' title='bbox 1395 3653 1449 3700; x_wconf 88' lang='lat' dir='ltr'><strong>et</strong></span> <span class='ocrx_word' id='word_1_508' title='bbox 1482 3645 1791 3715; x_wconf 81' lang='lat' dir='ltr'><strong>superiores</strong></span> <span class='ocrx_word' id='word_1_509' title='bbox 1824 3660 2016 3702; x_wconf 84' lang='lat' dir='ltr'><strong>sumus</strong></span> 
     </span>
    </p>
   </div>
   <div class='ocr_carea' id='block_1_68' title="bbox 428 3734 1430 3807">
    <p class='ocr_par' dir='ltr' id='par_1_68' title="bbox 428 3734 1430 3807">
     <span class='ocr_line' id='line_1_68' title="bbox 428 3734 1430 3807; baseline -0.004 -12"><span class='ocrx_word' id='word_1_510' title='bbox 428 3738 690 3795; x_wconf 83' lang='lat' dir='ltr'><strong>Omnibus</strong></span> <span class='ocrx_word' id='word_1_511' title='bbox 711 3751 835 3807; x_wconf 68' lang='lat' dir='ltr'><strong>qua:</strong></span> <span class='ocrx_word' id='word_1_512' title='bbox 862 3734 1224 3791; x_wconf 84' lang='lat' dir='ltr'><strong>adversantur</strong></span> <span class='ocrx_word' id='word_1_513' title='bbox 1250 3736 1430 3792; x_wconf 76' lang='lat' dir='ltr'><strong>nobis.</strong></span> 
     </span>
    </p>
   </div>
   <div class='ocr_carea' id='block_1_69' title="bbox 499 3824 2017 3900">
    <p class='ocr_par' dir='ltr' id='par_1_69' title="bbox 499 3824 2017 3900">
     <span class='ocr_line' id='line_1_69' title="bbox 499 3824 2017 3900; baseline 0.002 -17"><span class='ocrx_word' id='word_1_514' title='bbox 499 3829 743 3900; x_wconf 81' lang='lat' dir='ltr'><strong>Clangite</strong></span> <span class='ocrx_word' id='word_1_515' title='bbox 792 3826 921 3880; x_wconf 87' lang='lat' dir='ltr'><strong>tuba</strong></span> <span class='ocrx_word' id='word_1_516' title='bbox 973 3827 1040 3882; x_wconf 76' lang='grc'>⁸⁸.</span> <span class='ocrx_word' id='word_1_517' title='bbox 1082 3824 1340 3883; x_wconf 85' lang='lat' dir='ltr'><strong>Pluribus</strong></span> <span class='ocrx_word' id='word_1_518' title='bbox 1379 3828 1455 3884; x_wconf 80' lang='lat' dir='ltr'><strong>de‘</strong></span> <span class='ocrx_word' id='word_1_519' title='bbox 1494 3827 1623 3883; x_wconf 82' lang='lat' dir='ltr'><strong>tuba</strong></span> <span class='ocrx_word' id='word_1_520' title='bbox 1653 3827 2017 3887; x_wconf 80' lang='lat' dir='ltr'><strong>disseruimus</strong></span> 
     </span>
    </p>
   </div>
   <div class='ocr_carea' id='block_1_70' title="bbox 427 3917 2016 4001">
    <p class='ocr_par' dir='ltr' id='par_1_70' title="bbox 427 3917 2016 4001">
     <span class='ocr_line' id='line_1_70' title="bbox 427 3917 2016 4001; baseline 0 -25"><span class='ocrx_word' id='word_1_521' title='bbox 427 3938 552 3976; x_wconf 89' lang='lat' dir='ltr'><strong>cum</strong></span> <span class='ocrx_word' id='word_1_522' title='bbox 582 3920 1027 4001; x_wconf 66' lang='lat' dir='ltr'><strong>examinaremus</strong></span> <span class='ocrx_word' id='word_1_523' title='bbox 1073 3918 1207 3974; x_wconf 88' lang='lat' dir='ltr'><strong>illud</strong></span> <span class='ocrx_word' id='word_1_524' title='bbox 1256 3919 1302 3950; x_wconf 79' lang='lat'><strong>“</strong></span> <span class='ocrx_word' id='word_1_525' title='bbox 1338 3936 1352 3974; x_wconf 91' lang='lat'><strong>:</strong></span> <span class='ocrx_word' id='word_1_526' title='bbox 1384 3917 1550 3976; x_wconf 82' lang='lat' dir='ltr'><strong>Canet</strong></span> <span class='ocrx_word' id='word_1_527' title='bbox 1595 3921 1736 3974; x_wconf 88' lang='lat' dir='ltr'><strong>enim</strong></span> <span class='ocrx_word' id='word_1_528' title='bbox 1775 3920 1921 3987; x_wconf 77' lang='lat' dir='ltr'><strong>tuba,</strong></span> <span class='ocrx_word' id='word_1_529' title='bbox 1966 3929 2016 3976; x_wconf 83' lang='lat' dir='ltr'><strong>et</strong></span> 
     </span>
    </p>
   </div>
   <div class='ocr_carea' id='block_1_71' title="bbox 426 4011 2020 4082">
    <p class='ocr_par' dir='ltr' id='par_1_71' title="bbox 426 4011 2020 4082">
     <span class='ocr_line' id='line_1_71' title="bbox 426 4011 2020 4082; baseline 0.001 -15"><span class='ocrx_word' id='word_1_530' title='bbox 426 4012 621 4067; x_wconf 81' lang='lat' dir='ltr'><strong>mortui</strong></span> <span class='ocrx_word' id='word_1_531' title='bbox 653 4021 923 4082; x_wconf 83' lang='lat' dir='ltr'><strong>resurgth</strong></span> <span class='ocrx_word' id='word_1_532' title='bbox 948 4011 1264 4079; x_wconf 80' lang='lat' dir='ltr'><strong>incorrupti,</strong></span> <span class='ocrx_word' id='word_1_533' title='bbox 1299 4021 1348 4066; x_wconf 85' lang='lat' dir='ltr'><strong>et</strong></span> <span class='ocrx_word' id='word_1_534' title='bbox 1376 4027 1469 4065; x_wconf 86' lang='lat' dir='ltr'><strong>nos</strong></span> <span class='ocrx_word' id='word_1_535' title='bbox 1491 4012 1914 4069; x_wconf 86' lang='lat' dir='ltr'><strong>immutabimur.</strong></span> <span class='ocrx_word' id='word_1_536' title='bbox 1940 4014 2020 4069; x_wconf 85' lang='lat' dir='ltr'><strong>Ac</strong></span> 
     </span>
    </p>
   </div>
   <div class='ocr_carea' id='block_1_72' title="bbox 426 4104 2014 4176">
    <p class='ocr_par' dir='ltr' id='par_1_72' title="bbox 426 4104 2014 4176">
     <span class='ocr_line' id='line_1_72' title="bbox 426 4104 2014 4176; baseline 0.001 -16"><span class='ocrx_word' id='word_1_537' title='bbox 426 4121 498 4161; x_wconf 88' lang='lat' dir='ltr'><strong>ne</strong></span> <span class='ocrx_word' id='word_1_538' title='bbox 530 4105 719 4161; x_wconf 88' lang='lat' dir='ltr'><strong>eadem</strong></span> <span class='ocrx_word' id='word_1_539' title='bbox 759 4114 1096 4176; x_wconf 87' lang='lat' dir='ltr'><strong>repetamus,</strong></span> <span class='ocrx_word' id='word_1_540' title='bbox 1132 4104 1264 4161; x_wconf 84' lang='lat' dir='ltr'><strong>huic</strong></span> <span class='ocrx_word' id='word_1_541' title='bbox 1290 4104 1410 4161; x_wconf 91' lang='lat' dir='ltr'><strong>loco</strong></span> <span class='ocrx_word' id='word_1_542' title='bbox 1437 4121 1546 4160; x_wconf 92' lang='lat' dir='ltr'><strong>non</strong></span> <span class='ocrx_word' id='word_1_543' title='bbox 1573 4105 2014 4162; x_wconf 85' lang='lat' dir='ltr'><strong>immorabimur.</strong></span> 
     </span>
    </p>
   </div>
   <div class='ocr_carea' id='block_1_73' title="bbox 427 4195 2014 4255">
    <p class='ocr_par' dir='ltr' id='par_1_73' title="bbox 427 4195 2014 4255">
     <span class='ocr_line' id='line_1_73' title="bbox 427 4195 2014 4255; baseline 0 -3"><span class='ocrx_word' id='word_1_544' title='bbox 427 4195 832 4255; x_wconf 83' lang='lat' dir='ltr'><strong>Tantummodo</strong></span> <span class='ocrx_word' id='word_1_545' title='bbox 853 4196 1134 4251; x_wconf 67' lang='lat' dir='ltr'><strong>memoria:</strong></span> <span class='ocrx_word' id='word_1_546' title='bbox 1162 4195 1246 4253; x_wconf 80' lang='lat' dir='ltr'><strong>rel</strong></span> <span class='ocrx_word' id='word_1_547' title='bbox 1246 4198 1357 4253; x_wconf 87' lang='lat' dir='ltr'><strong>rica</strong></span> <span class='ocrx_word' id='word_1_548' title='bbox 1367 4196 1487 4252; x_wconf 79' lang='lat' dir='ltr'><strong>uda:</strong></span> <span class='ocrx_word' id='word_1_549' title='bbox 1505 4213 1670 4253; x_wconf 84' lang='lat' dir='ltr'><strong>causa</strong></span> <span class='ocrx_word' id='word_1_550' title='bbox 1687 4198 1975 4254; x_wconf 88' lang='lat' dir='ltr'><strong>dicendum</strong></span> <span class='ocrx_word' id='word_1_551' title='bbox 2000 4214 2014 4251; x_wconf 88' lang='lat'><strong>:</strong></span> 
     </span>
    </p>
   </div>
   <div class='ocr_carea' id='block_1_74' title="bbox 427 4289 2021 4363">
    <p class='ocr_par' dir='ltr' id='par_1_74' title="bbox 427 4289 2021 4363">
     <span class='ocr_line' id='line_1_74' title="bbox 427 4289 2021 4363; baseline 0.001 -17"><span class='ocrx_word' id='word_1_552' title='bbox 427 4293 476 4348; x_wconf 85' lang='lat' dir='ltr'><strong>si</strong></span> <span class='ocrx_word' id='word_1_553' title='bbox 507 4289 688 4361; x_wconf 86' lang='lat' dir='ltr'><strong>majus</strong></span> <span class='ocrx_word' id='word_1_554' title='bbox 715 4289 977 4361; x_wconf 84' lang='lat' dir='ltr'><strong>quiddam</strong></span> <span class='ocrx_word' id='word_1_555' title='bbox 1013 4298 1099 4346; x_wconf 89' lang='lat' dir='ltr'><strong>est</strong></span> <span class='ocrx_word' id='word_1_556' title='bbox 1133 4290 1385 4360; x_wconf 91' lang='lat' dir='ltr'><strong>judicare</strong></span> <span class='ocrx_word' id='word_1_557' title='bbox 1422 4292 1632 4359; x_wconf 89' lang='lat' dir='ltr'><strong>omnia,</strong></span> <span class='ocrx_word' id='word_1_558' title='bbox 1674 4307 1840 4362; x_wconf 89' lang='lat' dir='ltr'><strong>quam</strong></span> <span class='ocrx_word' id='word_1_559' title='bbox 1867 4291 2021 4363; x_wconf 85' lang='lat' dir='ltr'><strong>judi-</strong></span> 
     </span>
    </p>
   </div>
   <div class='ocr_carea' id='block_1_75' title="bbox 425 4382 2014 4455">
    <p class='ocr_par' dir='ltr' id='par_1_75' title="bbox 425 4382 2014 4455">
     <span class='ocr_line' id='line_1_75' title="bbox 425 4382 2014 4455; baseline -0.001 -13"><span class='ocrx_word' id='word_1_560' title='bbox 425 4398 555 4442; x_wconf 81' lang='lat' dir='ltr'><strong>eare</strong></span> <span class='ocrx_word' id='word_1_561' title='bbox 588 4383 879 4441; x_wconf 83' lang='lat' dir='ltr'><strong>duodecim</strong></span> <span class='ocrx_word' id='word_1_562' title='bbox 916 4384 1093 4439; x_wconf 84' lang='lat' dir='ltr'><strong>tribus</strong></span> <span class='ocrx_word' id='word_1_563' title='bbox 1135 4382 1326 4448; x_wconf 85' lang='lat' dir='ltr'><strong>Israel,</strong></span> <span class='ocrx_word' id='word_1_564' title='bbox 1366 4384 1451 4439; x_wconf 88' lang='lat' dir='ltr'><strong>vel</strong></span> <span class='ocrx_word' id='word_1_565' title='bbox 1485 4385 1735 4453; x_wconf 87' lang='lat' dir='ltr'><strong>judicare</strong></span> <span class='ocrx_word' id='word_1_566' title='bbox 1769 4386 2014 4455; x_wconf 78' lang='lat' dir='ltr'><strong>angelos,</strong></span> 
     </span>
    </p>
   </div>
   <div class='ocr_carea' id='block_1_76' title="bbox 425 4473 2012 4547">
    <p class='ocr_par' dir='ltr' id='par_1_76' title="bbox 425 4473 2012 4547">
     <span class='ocr_line' id='line_1_76' title="bbox 425 4473 2012 4547; baseline 0 -16"><span class='ocrx_word' id='word_1_567' title='bbox 425 4475 513 4533; x_wconf 83' lang='lat' dir='ltr'><strong>vel</strong></span> <span class='ocrx_word' id='word_1_568' title='bbox 539 4474 794 4547; x_wconf 81' lang='lat' dir='ltr'><strong>judicare</strong></span> <span class='ocrx_word' id='word_1_569' title='bbox 828 4473 1118 4539; x_wconf 89' lang='lat' dir='ltr'><strong>mundum,</strong></span> <span class='ocrx_word' id='word_1_570' title='bbox 1153 4481 1320 4543; x_wconf 87' lang='lat' dir='ltr'><strong>prout</strong></span> <span class='ocrx_word' id='word_1_571' title='bbox 1357 4473 1562 4529; x_wconf 88' lang='lat' dir='ltr'><strong>dictum</strong></span> <span class='ocrx_word' id='word_1_572' title='bbox 1604 4483 1689 4531; x_wconf 90' lang='lat' dir='ltr'><strong>est</strong></span> <span class='ocrx_word' id='word_1_573' title='bbox 1721 4473 1766 4507; x_wconf 73' lang='lat'>”</span> <span class='ocrx_word' id='word_1_574' title='bbox 1798 4494 1811 4528; x_wconf 89' lang='lat'><strong>:</strong></span> <span class='ocrx_word' id='word_1_575' title='bbox 1848 4475 2012 4531; x_wconf 78' lang='lat' dir='ltr'><strong>Sede-</strong></span> 
     </span>
    </p>
   </div>
   <div class='ocr_carea' id='block_1_77' title="bbox 429 4566 2011 4641">
    <p class='ocr_par' dir='ltr' id='par_1_77' title="bbox 429 4566 2011 4641">
     <span class='ocr_line' id='line_1_77' title="bbox 429 4566 2011 4641; baseline -0.002 -16"><span class='ocrx_word' id='word_1_576' title='bbox 429 4570 555 4625; x_wconf 83' lang='lat' dir='ltr'><strong>bitis</strong></span> <span class='ocrx_word' id='word_1_577' title='bbox 599 4586 758 4641; x_wconf 84' lang='lat' dir='ltr'><strong>super</strong></span> <span class='ocrx_word' id='word_1_578' title='bbox 786 4568 932 4624; x_wconf 80' lang='lat' dir='ltr'><strong>sedes</strong></span> <span class='ocrx_word' id='word_1_579' title='bbox 964 4566 1264 4633; x_wconf 82' lang='lat' dir='ltr'><strong>iudicantes</strong></span> <span class='ocrx_word' id='word_1_580' title='bbox 1298 4567 1575 4622; x_wconf 86' lang='lat' dir='ltr'><strong>duodecim</strong></span> <span class='ocrx_word' id='word_1_581' title='bbox 1607 4570 1774 4623; x_wconf 85' lang='lat' dir='ltr'><strong>tribus</strong></span> <span class='ocrx_word' id='word_1_582' title='bbox 1805 4567 2011 4633; x_wconf 84' lang='lat' dir='ltr'><strong>Israel;</strong></span> 
     </span>
    </p>
   </div>
   <div class='ocr_carea' id='block_1_78' title="bbox 426 4656 2015 4731">
    <p class='ocr_par' dir='ltr' id='par_1_78' title="bbox 426 4656 2015 4731">
     <span class='ocr_line' id='line_1_78' title="bbox 426 4656 2015 4731; baseline -0.001 -15"><span class='ocrx_word' id='word_1_583' title='bbox 426 4667 483 4716; x_wconf 80' lang='lat' dir='ltr'><strong>ct</strong></span> <span class='ocrx_word' id='word_1_584' title='bbox 508 4678 524 4716; x_wconf 89' lang='lat'><strong>:</strong></span> <span class='ocrx_word' id='word_1_585' title='bbox 552 4660 780 4731; x_wconf 83' lang='lat' dir='ltr'><strong>Angelos</strong></span> <span class='ocrx_word' id='word_1_586' title='bbox 809 4657 1221 4729; x_wconf 86' lang='lat' dir='ltr'><strong>judicabimus;</strong></span> <span class='ocrx_word' id='word_1_587' title='bbox 1260 4667 1314 4714; x_wconf 89' lang='lat' dir='ltr'><strong>et</strong></span> <span class='ocrx_word' id='word_1_588' title='bbox 1347 4676 1362 4713; x_wconf 90' lang='lat'><strong>:</strong></span> <span class='ocrx_word' id='word_1_589' title='bbox 1396 4656 1465 4712; x_wconf 83' lang='lat' dir='ltr'><strong><em>In</em></strong></span> <span class='ocrx_word' id='word_1_590' title='bbox 1490 4659 1635 4714; x_wconf 78' lang='lat' dir='ltr'><strong>vobis</strong></span> <span class='ocrx_word' id='word_1_591' title='bbox 1670 4661 1899 4715; x_wconf 84' lang='lat' dir='ltr'><strong>mundus</strong></span> <span class='ocrx_word' id='word_1_592' title='bbox 1915 4660 2015 4730; x_wconf 86' lang='lat' dir='ltr'><strong>ju-</strong></span> 
     </span>
    </p>
   </div>
   <div class='ocr_carea' id='block_1_79' title="bbox 427 4749 2013 4824">
    <p class='ocr_par' dir='ltr' id='par_1_79' title="bbox 427 4749 2013 4824">
     <span class='ocr_line' id='line_1_79' title="bbox 427 4749 2013 4824; baseline 0.001 -17"><span class='ocrx_word' id='word_1_593' title='bbox 427 4750 697 4807; x_wconf 81' lang='lat' dir='ltr'><strong>dicabitur</strong></span> <span class='ocrx_word' id='word_1_594' title='bbox 722 4753 790 4820; x_wconf 79' lang='grc'>⁸⁸,</span> <span class='ocrx_word' id='word_1_595' title='bbox 818 4751 1154 4810; x_wconf 81' lang='lat' dir='ltr'><strong>exercendus</strong></span> <span class='ocrx_word' id='word_1_596' title='bbox 1186 4760 1270 4807; x_wconf 88' lang='lat' dir='ltr'><strong>cst</strong></span> <span class='ocrx_word' id='word_1_597' title='bbox 1298 4749 1515 4807; x_wconf 87' lang='lat' dir='ltr'><strong>animus</strong></span> <span class='ocrx_word' id='word_1_598' title='bbox 1547 4751 1614 4806; x_wconf 88' lang='lat' dir='ltr'><strong>ad</strong></span> <span class='ocrx_word' id='word_1_599' title='bbox 1653 4752 2013 4824; x_wconf 75' lang='lat' dir='ltr'><strong>clangentium</strong></span> 
     </span>
    </p>
   </div>
   <div class='ocr_carea' id='block_1_80' title="bbox 429 4841 2017 4917">
    <p class='ocr_par' dir='ltr' id='par_1_80' title="bbox 429 4841 2017 4917">
     <span class='ocr_line' id='line_1_80' title="bbox 429 4841 2017 4917; baseline 0.003 -22"><span class='ocrx_word' id='word_1_600' title='bbox 429 4844 585 4910; x_wconf 86' lang='lat' dir='ltr'><strong>tuba,</strong></span> <span class='ocrx_word' id='word_1_601' title='bbox 629 4852 690 4899; x_wconf 89' lang='lat' dir='ltr'><strong>ut</strong></span> <span class='ocrx_word' id='word_1_602' title='bbox 734 4858 925 4900; x_wconf 88' lang='lat' dir='ltr'><strong>omnes</strong></span> <span class='ocrx_word' id='word_1_603' title='bbox 973 4843 1305 4914; x_wconf 76' lang='lat' dir='ltr'><strong>iudicemus.</strong></span> <span class='ocrx_word' id='word_1_604' title='bbox 1350 4841 1717 4909; x_wconf 61' lang='lat' dir='ltr'><strong>Quaerendum</strong></span> <span class='ocrx_word' id='word_1_605' title='bbox 1745 4844 2017 4917; x_wconf 80' lang='lat' dir='ltr'><strong>estigitur</strong></span> 
     </span>
    </p>
   </div>
   <div class='ocr_carea' id='block_1_81' title="bbox 429 4934 2017 5007">
    <p class='ocr_par' dir='ltr' id='par_1_81' title="bbox 429 4934 2017 5007">
     <span class='ocr_line' id='line_1_81' title="bbox 429 4934 2017 5007; baseline 0.003 -16"><span class='ocrx_word' id='word_1_606' title='bbox 429 4935 562 5007; x_wconf 84' lang='lat' dir='ltr'><strong>quid</strong></span> <span class='ocrx_word' id='word_1_607' title='bbox 592 4934 663 4989; x_wconf 88' lang='lat' dir='ltr'><strong>sit</strong></span> <span class='ocrx_word' id='word_1_608' title='bbox 689 4935 820 4988; x_wconf 89' lang='lat' dir='ltr'><strong>tuba</strong></span> <span class='ocrx_word' id='word_1_609' title='bbox 851 4934 968 5002; x_wconf 90' lang='lat' dir='ltr'><strong>Dei,</strong></span> <span class='ocrx_word' id='word_1_610' title='bbox 1004 4943 1058 4990; x_wconf 85' lang='lat' dir='ltr'><strong>et</strong></span> <span class='ocrx_word' id='word_1_611' title='bbox 1090 4937 1219 5007; x_wconf 90' lang='lat' dir='ltr'><strong>quid</strong></span> <span class='ocrx_word' id='word_1_612' title='bbox 1251 4952 1446 5007; x_wconf 76' lang='lat' dir='ltr'><strong>magna</strong></span> <span class='ocrx_word' id='word_1_613' title='bbox 1487 4934 1583 4991; x_wconf 92' lang='lat' dir='ltr'><strong>Dei</strong></span> <span class='ocrx_word' id='word_1_614' title='bbox 1614 4952 1719 4993; x_wconf 78' lang='lat' dir='ltr'><strong>vox</strong></span> <span class='ocrx_word' id='word_1_615' title='bbox 1758 4953 1881 5004; x_wconf 70' lang='lat' dir='ltr'><strong>quae</strong></span> <span class='ocrx_word' id='word_1_616' title='bbox 1920 4939 2017 4994; x_wconf 83' lang='lat' dir='ltr'><strong>mi-</strong></span> 
     </span>
    </p>
   </div>
   <div class='ocr_carea' id='block_1_82' title="bbox 430 5025 2016 5098">
    <p class='ocr_par' dir='ltr' id='par_1_82' title="bbox 430 5025 2016 5098">
     <span class='ocr_line' id='line_1_82' title="bbox 430 5025 2016 5098; baseline -0.001 -11"><span class='ocrx_word' id='word_1_617' title='bbox 430 5028 554 5087; x_wconf 83' lang='lat' dir='ltr'><strong>lites</strong></span> <span class='ocrx_word' id='word_1_618' title='bbox 571 5026 666 5081; x_wconf 90' lang='lat' dir='ltr'><strong>Dei</strong></span> <span class='ocrx_word' id='word_1_619' title='bbox 680 5025 883 5080; x_wconf 78' lang='lat' dir='ltr'><strong>excitat</strong></span> <span class='ocrx_word' id='word_1_620' title='bbox 894 5025 1060 5098; x_wconf 69' lang='grc'><strong>420</strong></span> <span class='ocrx_word' id='word_1_621' title='bbox 1074 5028 1139 5083; x_wconf 89' lang='lat' dir='ltr'><strong>ad</strong></span> <span class='ocrx_word' id='word_1_622' title='bbox 1160 5036 1438 5083; x_wconf 88' lang='lat' dir='ltr'><strong>certamen</strong></span> <span class='ocrx_word' id='word_1_623' title='bbox 1463 5037 1652 5084; x_wconf 86' lang='lat' dir='ltr'><strong>contra</strong></span> <span class='ocrx_word' id='word_1_624' title='bbox 1671 5028 1878 5085; x_wconf 89' lang='lat' dir='ltr'><strong>hostes.</strong></span> <span class='ocrx_word' id='word_1_625' title='bbox 1904 5029 2016 5086; x_wconf 90' lang='lat' dir='ltr'><strong>Hac</strong></span> 
     </span>
    </p>
   </div>
   <div class='ocr_carea' id='block_1_83' title="bbox 429 5119 2015 5193">
    <p class='ocr_par' dir='ltr' id='par_1_83' title="bbox 429 5119 2015 5193">
     <span class='ocr_line' id='line_1_83' title="bbox 429 5119 2015 5193; baseline 0.001 -15"><span class='ocrx_word' id='word_1_626' title='bbox 429 5120 733 5180; x_wconf 79' lang='lat' dir='ltr'><strong>verisimile</strong></span> <span class='ocrx_word' id='word_1_627' title='bbox 762 5126 852 5174; x_wconf 87' lang='lat' dir='ltr'><strong>est</strong></span> <span class='ocrx_word' id='word_1_628' title='bbox 896 5135 1025 5176; x_wconf 89' lang='lat' dir='ltr'><strong>usos</strong></span> <span class='ocrx_word' id='word_1_629' title='bbox 1068 5119 1238 5178; x_wconf 78' lang='lat' dir='ltr'><strong>fuisse</strong></span> <span class='ocrx_word' id='word_1_630' title='bbox 1270 5121 1548 5191; x_wconf 86' lang='lat' dir='ltr'><strong>apostolos</strong></span> <span class='ocrx_word' id='word_1_631' title='bbox 1586 5121 1681 5193; x_wconf 88' lang='lat' dir='ltr'><strong>qui</strong></span> <span class='ocrx_word' id='word_1_632' title='bbox 1709 5136 1841 5177; x_wconf 90' lang='lat' dir='ltr'><strong>voce</strong></span> <span class='ocrx_word' id='word_1_633' title='bbox 1872 5123 2015 5179; x_wconf 65' lang='lat' dir='ltr'><strong>tubae</strong></span> 
     </span>
    </p>
   </div>
   <div class='ocr_carea' id='block_1_84' title="bbox 430 5210 2015 5284">
    <p class='ocr_par' dir='ltr' id='par_1_84' title="bbox 430 5210 2015 5284">
     <span class='ocr_line' id='line_1_84' title="bbox 430 5210 2015 5284; baseline 0 -15"><span class='ocrx_word' id='word_1_634' title='bbox 430 5221 716 5284; x_wconf 87' lang='lat' dir='ltr'><strong>tantopere</strong></span> <span class='ocrx_word' id='word_1_635' title='bbox 745 5211 1055 5266; x_wconf 83' lang='lat' dir='ltr'><strong>excitarunt</strong></span> <span class='ocrx_word' id='word_1_636' title='bbox 1083 5219 1295 5266; x_wconf 85' lang='lat' dir='ltr'><strong>mentes</strong></span> <span class='ocrx_word' id='word_1_637' title='bbox 1326 5211 1393 5265; x_wconf 87' lang='lat' dir='ltr'><strong>ad</strong></span> <span class='ocrx_word' id='word_1_638' title='bbox 1419 5210 1662 5279; x_wconf 65' lang='lat' dir='ltr'><strong>praelium</strong></span> <span class='ocrx_word' id='word_1_639' title='bbox 1686 5220 1878 5271; x_wconf 88' lang='lat' dir='ltr'><strong>contra</strong></span> <span class='ocrx_word' id='word_1_640' title='bbox 1914 5212 2015 5269; x_wconf 93' lang='lat' dir='ltr'><strong>ho-</strong></span> 
     </span>
    </p>
   </div>
   <div class='ocr_carea' id='block_1_85' title="bbox 430 5303 2017 5373">
    <p class='ocr_par' dir='ltr' id='par_1_85' title="bbox 430 5303 2017 5373">
     <span class='ocr_line' id='line_1_85' title="bbox 430 5303 2017 5373; baseline -0.001 -10"><span class='ocrx_word' id='word_1_641' title='bbox 430 5318 560 5364; x_wconf 82' lang='lat' dir='ltr'><strong>stes.</strong></span> <span class='ocrx_word' id='word_1_642' title='bbox 607 5304 881 5373; x_wconf 87' lang='lat' dir='ltr'><strong>Quoniam</strong></span> <span class='ocrx_word' id='word_1_643' title='bbox 916 5317 1045 5358; x_wconf 88' lang='lat' dir='ltr'><strong>vero</strong></span> <span class='ocrx_word' id='word_1_644' title='bbox 1088 5304 1251 5359; x_wconf 89' lang='lat' dir='ltr'><strong>etiam</strong></span> <span class='ocrx_word' id='word_1_645' title='bbox 1292 5304 1345 5357; x_wconf 90' lang='lat' dir='ltr'><strong>in</strong></span> <span class='ocrx_word' id='word_1_646' title='bbox 1377 5303 1763 5359; x_wconf 82' lang='lat' dir='ltr'><strong>festivitatibus</strong></span> <span class='ocrx_word' id='word_1_647' title='bbox 1805 5303 1923 5369; x_wconf 92' lang='lat' dir='ltr'><strong>Dei,</strong></span> <span class='ocrx_word' id='word_1_648' title='bbox 1957 5314 2017 5361; x_wconf 90' lang='lat' dir='ltr'><strong>ut</strong></span> 
     </span>
    </p>
   </div>
   <div class='ocr_carea' id='block_1_86' title="bbox 430 5396 2016 5463">
    <p class='ocr_par' dir='ltr' id='par_1_86' title="bbox 430 5396 2016 5463">
     <span class='ocr_line' id='line_1_86' title="bbox 430 5396 2016 5463; baseline -0.002 -9"><span class='ocrx_word' id='word_1_649' title='bbox 430 5400 558 5455; x_wconf 84' lang='lat' dir='ltr'><strong>alibi</strong></span> <span class='ocrx_word' id='word_1_650' title='bbox 602 5397 965 5462; x_wconf 86' lang='lat' dir='ltr'><strong>ostendimus,</strong></span> <span class='ocrx_word' id='word_1_651' title='bbox 1022 5396 1167 5450; x_wconf 80' lang='lat' dir='ltr'><strong>tuba:</strong></span> <span class='ocrx_word' id='word_1_652' title='bbox 1214 5406 1593 5463; x_wconf 88' lang='lat' dir='ltr'><strong>assumuntur,</strong></span> <span class='ocrx_word' id='word_1_653' title='bbox 1639 5404 1695 5451; x_wconf 89' lang='lat' dir='ltr'><strong>et</strong></span> <span class='ocrx_word' id='word_1_654' title='bbox 1742 5396 1825 5453; x_wconf 75' lang='lat' dir='ltr'><strong>hac</strong></span> <span class='ocrx_word' id='word_1_655' title='bbox 1856 5413 2016 5454; x_wconf 88' lang='lat' dir='ltr'><strong>assu-</strong></span> 
     </span>
    </p>
   </div>
   <div class='ocr_carea' id='block_1_87' title="bbox 434 5486 2015 5558">
    <p class='ocr_par' dir='ltr' id='par_1_87' title="bbox 434 5486 2015 5558">
     <span class='ocr_line' id='line_1_87' title="bbox 434 5486 2015 5558; baseline 0.001 -15"><span class='ocrx_word' id='word_1_656' title='bbox 434 5492 642 5546; x_wconf 64' lang='lat' dir='ltr'><strong>mendae</strong></span> <span class='ocrx_word' id='word_1_657' title='bbox 675 5498 825 5554; x_wconf 90' lang='lat' dir='ltr'><strong>sunt,</strong></span> <span class='ocrx_word' id='word_1_658' title='bbox 864 5498 924 5542; x_wconf 89' lang='lat' dir='ltr'><strong>ut</strong></span> <span class='ocrx_word' id='word_1_659' title='bbox 953 5504 1050 5558; x_wconf 91' lang='lat' dir='ltr'><strong>per</strong></span> <span class='ocrx_word' id='word_1_660' title='bbox 1076 5503 1171 5543; x_wconf 83' lang='lat' dir='ltr'><strong>eas</strong></span> <span class='ocrx_word' id='word_1_661' title='bbox 1212 5488 1279 5541; x_wconf 91' lang='lat' dir='ltr'><strong>ad</strong></span> <span class='ocrx_word' id='word_1_662' title='bbox 1309 5487 1664 5542; x_wconf 85' lang='lat' dir='ltr'><strong>celebrandas</strong></span> <span class='ocrx_word' id='word_1_663' title='bbox 1696 5486 2015 5544; x_wconf 80' lang='lat' dir='ltr'><strong>festivitates</strong></span> 
     </span>
    </p>
   </div>
   <div class='ocr_carea' id='block_1_88' title="bbox 432 5577 2014 5651">
    <p class='ocr_par' dir='ltr' id='par_1_88' title="bbox 432 5577 2014 5651">
     <span class='ocr_line' id='line_1_88' title="bbox 432 5577 2014 5651; baseline 0.002 -17"><span class='ocrx_word' id='word_1_664' title='bbox 432 5577 526 5635; x_wconf 69' lang='lat' dir='ltr'><strong>Dei</strong></span> <span class='ocrx_word' id='word_1_665' title='bbox 562 5599 726 5651; x_wconf 86' lang='lat' dir='ltr'><strong>puros</strong></span> <span class='ocrx_word' id='word_1_666' title='bbox 755 5592 810 5638; x_wconf 89' lang='lat' dir='ltr'><strong>ct</strong></span> <span class='ocrx_word' id='word_1_667' title='bbox 845 5596 1000 5637; x_wconf 83' lang='lat' dir='ltr'><strong>verus</strong></span> <span class='ocrx_word' id='word_1_668' title='bbox 1042 5580 1312 5634; x_wconf 51' lang='lat' dir='ltr'><strong>Israelitas</strong></span> <span class='ocrx_word' id='word_1_669' title='bbox 1350 5582 1669 5636; x_wconf 78' lang='lat' dir='ltr'><strong>excitemus.</strong></span> <span class='ocrx_word' id='word_1_670' title='bbox 1712 5579 2014 5650; x_wconf 86' lang='lat' dir='ltr'><strong>Unusquis—</strong></span> 
     </span>
    </p>
   </div>
   <div class='ocr_carea' id='block_1_89' title="bbox 509 5676 2598 5758">
    <p class='ocr_par' dir='ltr' id='par_1_89' title="bbox 509 5676 2598 5758">
     <span class='ocr_line' id='line_1_89' title="bbox 509 5676 2598 5758; baseline 0.001 -12"><span class='ocrx_word' id='word_1_671' title='bbox 509 5694 552 5725; x_wconf 67' lang='lat'><strong>‘9</strong></span> <span class='ocrx_word' id='word_1_672' title='bbox 591 5694 783 5749; x_wconf 87' lang='lat' dir='ltr'><strong>Ezech.</strong></span> <span class='ocrx_word' id='word_1_673' title='bbox 804 5711 897 5757; x_wconf 83' lang='lat' dir='ltr'><strong>vn,</strong></span> <span class='ocrx_word' id='word_1_674' title='bbox 924 5694 1010 5747; x_wconf 86' lang='lat' dir='ltr'><strong>l0.</strong></span> <span class='ocrx_word' id='word_1_675' title='bbox 1090 5693 1133 5724; x_wconf 81' lang='grc'><strong>⁶⁰</strong></span> <span class='ocrx_word' id='word_1_676' title='bbox 1165 5692 1274 5745; x_wconf 85' lang='lat' dir='ltr'><strong>lsa.</strong></span> <span class='ocrx_word' id='word_1_677' title='bbox 1303 5708 1377 5757; x_wconf 74' lang='grc' dir='ltr'><strong>ιι,</strong></span> <span class='ocrx_word' id='word_1_678' title='bbox 1414 5694 1463 5747; x_wconf 86' lang='lat' dir='ltr'><strong>l.</strong></span> <span class='ocrx_word' id='word_1_679' title='bbox 1545 5695 1587 5726; x_wconf 82' lang='grc'><strong>⁶¹</strong></span> <span class='ocrx_word' id='word_1_680' title='bbox 1617 5691 1779 5748; x_wconf 82' lang='grc' dir='ltr'>Νυιη.</span> <span class='ocrx_word' id='word_1_681' title='bbox 1811 5710 1942 5758; x_wconf 74' lang='lat' dir='ltr'><strong>xvtt,</strong></span> <span class='ocrx_word' id='word_1_682' title='bbox 1968 5676 2038 5752; x_wconf 20' lang='lat'><strong>8..</strong></span> <span class='ocrx_word' id='word_1_683' title='bbox 2100 5697 2145 5727; x_wconf 73' lang='grc'><strong>⁸³</strong></span> <span class='ocrx_word' id='word_1_684' title='bbox 2174 5695 2342 5749; x_wconf 75' lang='lat' dir='ltr'><strong>Exod.</strong></span> <span class='ocrx_word' id='word_1_685' title='bbox 2386 5711 2459 5756; x_wconf 88' lang='lat' dir='ltr'><strong>tv,</strong></span> <span class='ocrx_word' id='word_1_686' title='bbox 2507 5694 2598 5748; x_wconf 72' lang='lat'><strong>20.</strong></span> 
     </span>
    </p>
   </div>
   <div class='ocr_carea' id='block_1_90' title="bbox 2117 3186 2826 3262">
    <p class='ocr_par' dir='ltr' id='par_1_90' title="bbox 2117 3186 2826 3262">
     <span class='ocr_line' id='line_1_90' title="bbox 2117 3186 2826 3262; baseline -0.016 -15"><span class='ocrx_word' id='word_1_687' title='bbox 2117 3191 2344 3262; x_wconf 72' lang='grc' dir='ltr'>ικλογὴν</span> <span class='ocrx_word' id='word_1_688' title='bbox 2370 3189 2590 3261; x_wconf 82' lang='grc' dir='ltr'>χάριτος</span> <span class='ocrx_word' id='word_1_689' title='bbox 2613 3186 2826 3254; x_wconf 88' lang='grc' dir='ltr'>γέγονε.</span> 
     </span>
    </p>
   </div>
   <div class='ocr_carea' id='block_1_91' title="bbox 2186 3263 3705 3348">
    <p class='ocr_par' dir='ltr' id='par_1_91' title="bbox 2186 3263 3705 3348">
     <span class='ocr_line' id='line_1_91' title="bbox 2186 3263 3705 3348; baseline -0.016 -7"><span class='ocrx_word' id='word_1_690' title='bbox 2186 3284 2297 3341; x_wconf 78' lang='grc' dir='ltr'><strong>Καὶ</strong></span> <span class='ocrx_word' id='word_1_691' title='bbox 2338 3282 2647 3348; x_wconf 77' lang='grc' dir='ltr'>ἅνθρωπος</span> <span class='ocrx_word' id='word_1_692' title='bbox 2685 3277 2756 3330; x_wconf 83' lang='grc' dir='ltr'><strong>ἐν</strong></span> <span class='ocrx_word' id='word_1_693' title='bbox 2789 3272 3116 3343; x_wconf 49' lang='grc' dir='ltr'>ὀφθαλμοῖς</span> <span class='ocrx_word' id='word_1_694' title='bbox 3145 3268 3292 3338; x_wconf 83' lang='grc' dir='ltr'><strong>ζωῆς</strong></span> <span class='ocrx_word' id='word_1_695' title='bbox 3328 3265 3535 3320; x_wconf 80' lang='grc' dir='ltr'>αὑτοῦ.</span> <span class='ocrx_word' id='word_1_696' title='bbox 3575 3263 3705 3317; x_wconf 79' lang='grc' dir='ltr'>Ἐὰν</span> 
     </span>
    </p>
   </div>
   <div class='ocr_carea' id='block_1_92' title="bbox 2117 3357 3707 3451">
    <p class='ocr_par' dir='ltr' id='par_1_92' title="bbox 2117 3357 3707 3451">
     <span class='ocr_line' id='line_1_92' title="bbox 2117 3357 3707 3451; baseline -0.016 -18"><span class='ocrx_word' id='word_1_697' title='bbox 2117 3377 2273 3448; x_wconf 77' lang='grc' dir='ltr'>ἅγιός</span> <span class='ocrx_word' id='word_1_698' title='bbox 2299 3394 2383 3440; x_wconf 87' lang='grc' dir='ltr'><strong>τις</strong></span> <span class='ocrx_word' id='word_1_699' title='bbox 2409 3373 2466 3451; x_wconf 83' lang='grc' dir='ltr'>ᾗ,</span> <span class='ocrx_word' id='word_1_700' title='bbox 2497 3374 2760 3445; x_wconf 86' lang='grc' dir='ltr'>κρατήσει</span> <span class='ocrx_word' id='word_1_701' title='bbox 2787 3364 2860 3424; x_wconf 83' lang='grc' dir='ltr'>ὧν</span> <span class='ocrx_word' id='word_1_702' title='bbox 2908 3369 3130 3439; x_wconf 86' lang='grc' dir='ltr'>κρατεῖν</span> <span class='ocrx_word' id='word_1_703' title='bbox 3175 3361 3381 3433; x_wconf 55' lang='grc' dir='ltr'>δεῖμα).</span> <span class='ocrx_word' id='word_1_704' title='bbox 3418 3357 3707 3430; x_wconf 80' lang='grc' dir='ltr'>περιέσται</span> 
     </span>
    </p>
   </div>
   <div class='ocr_carea' id='block_1_93' title="bbox 2117 3451 3707 3541">
    <p class='ocr_par' dir='ltr' id='par_1_93' title="bbox 2117 3451 3707 3541">
     <span class='ocr_line' id='line_1_93' title="bbox 2117 3451 3707 3541; baseline -0.016 -15"><span class='ocrx_word' id='word_1_705' title='bbox 2117 3474 2216 3526; x_wconf 82' lang='grc' dir='ltr'><strong>οὐκ</strong></span> <span class='ocrx_word' id='word_1_706' title='bbox 2240 3469 2385 3541; x_wconf 75' lang='grc' dir='ltr'>ἄλλῳ</span> <span class='ocrx_word' id='word_1_707' title='bbox 2406 3468 2511 3521; x_wconf 76' lang='grc' dir='ltr'>τινὶ</span> <span class='ocrx_word' id='word_1_708' title='bbox 2533 3466 2567 3538; x_wconf 85' lang='grc' dir='ltr'>ἢ</span> <span class='ocrx_word' id='word_1_709' title='bbox 2593 3465 2670 3536; x_wconf 81' lang='grc' dir='ltr'><strong>τῷ</strong></span> <span class='ocrx_word' id='word_1_710' title='bbox 2703 3460 2965 3533; x_wconf 85' lang='grc' dir='ltr'>ὀφθαλμῷ</span> <span class='ocrx_word' id='word_1_711' title='bbox 2987 3458 3087 3528; x_wconf 83' lang='grc' dir='ltr'>τῆς</span> <span class='ocrx_word' id='word_1_712' title='bbox 3110 3456 3244 3520; x_wconf 78' lang='grc' dir='ltr'>ἰδίας</span> <span class='ocrx_word' id='word_1_713' title='bbox 3267 3452 3434 3522; x_wconf 79' lang='grc' dir='ltr'>ζωῆς,</span> <span class='ocrx_word' id='word_1_714' title='bbox 3477 3451 3535 3512; x_wconf 84' lang='grc' dir='ltr'>ὃς</span> <span class='ocrx_word' id='word_1_715' title='bbox 3559 3451 3707 3502; x_wconf 77' lang='grc' dir='ltr'>ἐστιν</span> 
     </span>
    </p>
   </div>
   <div class='ocr_carea' id='block_1_94' title="bbox 2116 3542 3705 3633">
    <p class='ocr_par' dir='ltr' id='par_1_94' title="bbox 2116 3542 3705 3633">
     <span class='ocr_line' id='line_1_94' title="bbox 2116 3542 3705 3633; baseline -0.018 -11"><span class='ocrx_word' id='word_1_716' title='bbox 2116 3570 2145 3622; x_wconf 88' lang='grc' dir='ltr'>ὁ</span> <span class='ocrx_word' id='word_1_717' title='bbox 2168 3567 2314 3632; x_wconf 90' lang='grc' dir='ltr'>νοῦς,</span> <span class='ocrx_word' id='word_1_718' title='bbox 2342 3568 2400 3619; x_wconf 84' lang='grc' dir='ltr'>ὲν</span> <span class='ocrx_word' id='word_1_719' title='bbox 2426 3558 2470 3633; x_wconf 82' lang='grc' dir='ltr'><strong>ᾧ</strong></span> <span class='ocrx_word' id='word_1_720' title='bbox 2498 3562 2595 3633; x_wconf 80' lang='grc' dir='ltr'>τὴν</span> <span class='ocrx_word' id='word_1_721' title='bbox 2639 3562 2697 3614; x_wconf 84' lang='grc' dir='ltr'>ὲν</span> <span class='ocrx_word' id='word_1_722' title='bbox 2737 3559 2815 3630; x_wconf 81' lang='grc' dir='ltr'>τῷ</span> <span class='ocrx_word' id='word_1_723' title='bbox 2849 3555 3039 3626; x_wconf 86' lang='grc' dir='ltr'>άληθεί</span> <span class='ocrx_word' id='word_1_724' title='bbox 3084 3550 3227 3622; x_wconf 81' lang='grc' dir='ltr'>ζωὴν</span> <span class='ocrx_word' id='word_1_725' title='bbox 3267 3547 3559 3619; x_wconf 80' lang='grc' dir='ltr'>βλέπομεν,</span> <span class='ocrx_word' id='word_1_726' title='bbox 3610 3542 3705 3595; x_wconf 78' lang='grc' dir='ltr'><strong>καὶ</strong></span> 
     </span>
    </p>
   </div>
   <div class='ocr_carea' id='block_1_95' title="bbox 2119 3639 3560 3733">
    <p class='ocr_par' dir='ltr' id='par_1_95' title="bbox 2119 3639 3560 3733">
     <span class='ocr_line' id='line_1_95' title="bbox 2119 3639 3560 3733; baseline -0.019 -18"><span class='ocrx_word' id='word_1_727' title='bbox 2119 3656 2516 3733; x_wconf 79' lang='grc' dir='ltr'>περιγινόμεθα</span> <span class='ocrx_word' id='word_1_728' title='bbox 2544 3654 2761 3708; x_wconf 86' lang='grc' dir='ltr'>πάντων</span> <span class='ocrx_word' id='word_1_729' title='bbox 2785 3648 2893 3703; x_wconf 84' lang='grc' dir='ltr'>τῶν</span> <span class='ocrx_word' id='word_1_730' title='bbox 2920 3642 3381 3701; x_wconf 81' lang='grc' dir='ltr'>ἀντιπαλαιόντων</span> <span class='ocrx_word' id='word_1_731' title='bbox 3408 3639 3560 3710; x_wconf 73' lang='grc' dir='ltr'>ἡμῖν.</span> 
     </span>
    </p>
   </div>
   <div class='ocr_carea' id='block_1_96' title="bbox 2188 3818 3706 3904">
    <p class='ocr_par' dir='ltr' id='par_1_96' title="bbox 2188 3818 3706 3904">
     <span class='ocr_line' id='line_1_96' title="bbox 2188 3818 3706 3904; baseline -0.019 -6"><span class='ocrx_word' id='word_1_732' title='bbox 2188 3842 2535 3897; x_wconf 73' lang='grc' dir='ltr'>Σαλπίσατε</span> <span class='ocrx_word' id='word_1_733' title='bbox 2574 3835 2882 3904; x_wconf 69' lang='grc' dir='ltr'>σάλπιγγι.</span> <span class='ocrx_word' id='word_1_734' title='bbox 2931 3828 3054 3883; x_wconf 68' lang='grc' dir='ltr'><strong>Ἐπὶ</strong></span> <span class='ocrx_word' id='word_1_735' title='bbox 3088 3826 3269 3880; x_wconf 86' lang='grc' dir='ltr'>πλεῖον</span> <span class='ocrx_word' id='word_1_736' title='bbox 3296 3840 3363 3876; x_wconf 87' lang='grc' dir='ltr'><strong>πε</strong></span> <span class='ocrx_word' id='word_1_737' title='bbox 3370 3820 3426 3893; x_wconf 76' lang='lat' dir='ltr'><strong>pi.</strong></span> <span class='ocrx_word' id='word_1_738' title='bbox 3471 3818 3706 3885; x_wconf 84' lang='grc' dir='ltr'>σάλπιγ-</span> 
     </span>
    </p>
   </div>
   <div class='ocr_carea' id='block_1_97' title="bbox 2118 3906 3706 4007">
    <p class='ocr_par' dir='ltr' id='par_1_97' title="bbox 2118 3906 3706 4007">
     <span class='ocr_line' id='line_1_97' title="bbox 2118 3906 3706 4007; baseline -0.019 -16"><span class='ocrx_word' id='word_1_739' title='bbox 2118 3953 2216 4007; x_wconf 88' lang='grc' dir='ltr'><strong>γος</strong></span> <span class='ocrx_word' id='word_1_740' title='bbox 2249 3933 2605 4005; x_wconf 82' lang='grc' dir='ltr'>διειλὴφαμεν</span> <span class='ocrx_word' id='word_1_741' title='bbox 2635 3925 2979 3994; x_wconf 73' lang='grc' dir='ltr'>ἐξετάζοντες</span> <span class='ocrx_word' id='word_1_742' title='bbox 3010 3919 3091 3983; x_wconf 80' lang='grc' dir='ltr'><strong>τὸ,</strong></span> <span class='ocrx_word' id='word_1_743' title='bbox 3118 3916 3415 3972; x_wconf 77' lang='grc' dir='ltr'>Σαλπίσει</span> <span class='ocrx_word' id='word_1_744' title='bbox 3439 3910 3571 4007; x_wconf 74' lang='grc' dir='ltr'>γὰρ,</span> <span class='ocrx_word' id='word_1_745' title='bbox 3602 3906 3706 4007; x_wconf 67' lang='grc' dir='ltr'>καὶ</span> 
     </span>
    </p>
   </div>
   <div class='ocr_carea' id='block_1_98' title="bbox 2120 4002 3707 4096">
    <p class='ocr_par' dir='ltr' id='par_1_98' title="bbox 2120 4002 3707 4096">
     <span class='ocr_line' id='line_1_98' title="bbox 2120 4002 3707 4096; baseline -0.017 -11"><span class='ocrx_word' id='word_1_746' title='bbox 2120 4002 2174 4085; x_wconf 80' lang='grc' dir='ltr'>οἱ</span> <span class='ocrx_word' id='word_1_747' title='bbox 2197 4002 2417 4096; x_wconf 25' lang='grc' dir='ltr'>νεκροὶ*</span> <span class='ocrx_word' id='word_1_748' title='bbox 2437 4021 2860 4094; x_wconf 73' lang='grc' dir='ltr'>ἐγερθήσονται</span> <span class='ocrx_word' id='word_1_749' title='bbox 2899 4014 3206 4083; x_wconf 62' lang='grc' dir='ltr'>ἄφθαρτοι,</span> <span class='ocrx_word' id='word_1_750' title='bbox 3251 4006 3352 4062; x_wconf 78' lang='grc' dir='ltr'>καὶ</span> <span class='ocrx_word' id='word_1_751' title='bbox 3390 4003 3559 4075; x_wconf 76' lang='grc' dir='ltr'>ἡμεῖς</span> <span class='ocrx_word' id='word_1_752' title='bbox 3597 4002 3707 4059; x_wconf 72' lang='grc' dir='ltr'><strong>ἄλο</strong></span> 
     </span>
    </p>
   </div>
   <div class='ocr_carea' id='block_1_99' title="bbox 2119 4099 3707 4192">
    <p class='ocr_par' dir='ltr' id='par_1_99' title="bbox 2119 4099 3707 4192">
     <span class='ocr_line' id='line_1_99' title="bbox 2119 4099 3707 4192; baseline -0.019 -15"><span class='ocrx_word' id='word_1_753' title='bbox 2119 4119 2525 4192; x_wconf 75' lang='grc' dir='ltr'>λαγησόμεθα·</span> <span class='ocrx_word' id='word_1_754' title='bbox 2550 4116 2645 4170; x_wconf 72' lang='grc' dir='ltr'><strong>καὶ</strong></span> <span class='ocrx_word' id='word_1_755' title='bbox 2676 4113 2763 4167; x_wconf 79' lang='grc' dir='ltr'>ἵνα</span> <span class='ocrx_word' id='word_1_756' title='bbox 2799 4109 2873 4182; x_wconf 83' lang='grc' dir='ltr'><strong>μὴ</strong></span> <span class='ocrx_word' id='word_1_757' title='bbox 2903 4105 3407 4192; x_wconf 81' lang='grc' dir='ltr'>παλιλλογήσωμεν,</span> <span class='ocrx_word' id='word_1_758' title='bbox 3437 4099 3496 4152; x_wconf 81' lang='grc' dir='ltr'><strong>οὐ</strong></span> <span class='ocrx_word' id='word_1_759' title='bbox 3534 4112 3707 4192; x_wconf 77' lang='grc' dir='ltr'>προσ-</span> 
     </span>
    </p>
   </div>
   <div class='ocr_carea' id='block_1_100' title="bbox 2119 4186 3705 4283">
    <p class='ocr_par' dir='ltr' id='par_1_100' title="bbox 2119 4186 3705 4283">
     <span class='ocr_line' id='line_1_100' title="bbox 2119 4186 3705 4283; baseline -0.019 -16"><span class='ocrx_word' id='word_1_760' title='bbox 2119 4186 2462 4283; x_wconf 77' lang='grc' dir='ltr'>διατρίϐομεν</span> <span class='ocrx_word' id='word_1_761' title='bbox 2489 4205 2567 4277; x_wconf 78' lang='grc' dir='ltr'>τῷ</span> <span class='ocrx_word' id='word_1_762' title='bbox 2620 4202 2789 4272; x_wconf 67' lang='grc' dir='ltr'>τόπῳ*</span> <span class='ocrx_word' id='word_1_763' title='bbox 2831 4200 2988 4270; x_wconf 86' lang='grc' dir='ltr'>μόνον</span> <span class='ocrx_word' id='word_1_764' title='bbox 3039 4194 3097 4249; x_wconf 80' lang='grc' dir='ltr'>δὲ</span> <span class='ocrx_word' id='word_1_765' title='bbox 3144 4191 3504 4283; x_wconf 84' lang='grc' dir='ltr'>ὑπομνήσεως</span> <span class='ocrx_word' id='word_1_766' title='bbox 3544 4186 3705 4283; x_wconf 82' lang='grc' dir='ltr'>χάριν</span> 
     </span>
    </p>
   </div>
   <div class='ocr_carea' id='block_1_101' title="bbox 2121 4279 3708 4367">
    <p class='ocr_par' dir='ltr' id='par_1_101' title="bbox 2121 4279 3708 4367">
     <span class='ocr_line' id='line_1_101' title="bbox 2121 4279 3708 4367; baseline -0.019 -7"><span class='ocrx_word' id='word_1_767' title='bbox 2121 4279 2339 4359; x_wconf 71' lang='grc' dir='ltr'>λεκτέον</span> <span class='ocrx_word' id='word_1_768' title='bbox 2369 4279 2486 4365; x_wconf 11' lang='grc' dir='ltr'>θὸτι,</span> <span class='ocrx_word' id='word_1_769' title='bbox 2532 4296 2688 4367; x_wconf 76' lang='grc' dir='ltr'>εἴπερ</span> <span class='ocrx_word' id='word_1_770' title='bbox 2740 4292 2920 4365; x_wconf 79' lang='grc' dir='ltr'>μεῖζόν</span> <span class='ocrx_word' id='word_1_771' title='bbox 2970 4291 3084 4342; x_wconf 76' lang='grc' dir='ltr'>ἐστι</span> <span class='ocrx_word' id='word_1_772' title='bbox 3124 4286 3184 4345; x_wconf 78' lang='grc' dir='ltr'><strong>τὸ</strong></span> <span class='ocrx_word' id='word_1_773' title='bbox 3219 4286 3423 4356; x_wconf 86' lang='grc' dir='ltr'>κρίνειν</span> <span class='ocrx_word' id='word_1_774' title='bbox 3455 4282 3523 4336; x_wconf 84' lang='grc' dir='ltr'>τὰ</span> <span class='ocrx_word' id='word_1_775' title='bbox 3568 4279 3708 4350; x_wconf 88' lang='grc' dir='ltr'>σύμ-</span> 
     </span>
    </p>
   </div>
   <div class='ocr_carea' id='block_1_102' title="bbox 2126 4371 3702 4465">
    <p class='ocr_par' dir='ltr' id='par_1_102' title="bbox 2126 4371 3702 4465">
     <span class='ocr_line' id='line_1_102' title="bbox 2126 4371 3702 4465; baseline -0.018 -11"><span class='ocrx_word' id='word_1_776' title='bbox 2126 4415 2305 4453; x_wconf 87' lang='grc' dir='ltr'>παντα</span> <span class='ocrx_word' id='word_1_777' title='bbox 2329 4395 2424 4449; x_wconf 89' lang='grc' dir='ltr'><strong>τοῦ</strong></span> <span class='ocrx_word' id='word_1_778' title='bbox 2456 4392 2661 4465; x_wconf 88' lang='grc' dir='ltr'>κρίνειν</span> <span class='ocrx_word' id='word_1_779' title='bbox 2689 4386 2789 4451; x_wconf 80' lang='grc' dir='ltr'>τὰς</span> <span class='ocrx_word' id='word_1_780' title='bbox 2827 4385 3032 4439; x_wconf 83' lang='grc' dir='ltr'>δώδεκα</span> <span class='ocrx_word' id='word_1_781' title='bbox 3066 4381 3240 4451; x_wconf 83' lang='grc' dir='ltr'>φυλὰς</span> <span class='ocrx_word' id='word_1_782' title='bbox 3272 4376 3367 4430; x_wconf 90' lang='grc' dir='ltr'><strong>τοῦ</strong></span> <span class='ocrx_word' id='word_1_783' title='bbox 3403 4373 3640 4446; x_wconf 81' lang='grc' dir='ltr'>Ἰσραὴλ,</span> 
     </span>
    </p>
   </div>
   <div class='ocr_carea' id='block_1_103' title="bbox 2047 4453 3707 4561">
    <p class='ocr_par' dir='ltr' id='par_1_103' title="bbox 2047 4453 3707 4561">
     <span class='ocr_line' id='line_1_103' title="bbox 2047 4453 3707 4561; baseline -0.018 -16"><span class='ocrx_word' id='word_1_784' title='bbox 2047 4453 2093 4510; x_wconf 72' lang='lat' dir='ltr'><strong>D</strong></span> <span class='ocrx_word' id='word_1_785' title='bbox 2121 4489 2329 4561; x_wconf 88' lang='grc' dir='ltr'>κρίνειν</span> <span class='ocrx_word' id='word_1_786' title='bbox 2350 4485 2475 4548; x_wconf 76' lang='grc' dir='ltr'>τοὺς</span> <span class='ocrx_word' id='word_1_787' title='bbox 2497 4453 2782 4551; x_wconf 63' lang='grc' dir='ltr'>αγγέλους,</span> <span class='ocrx_word' id='word_1_788' title='bbox 2811 4477 2843 4548; x_wconf 81' lang='grc' dir='ltr'>ἢ</span> <span class='ocrx_word' id='word_1_789' title='bbox 2890 4474 3094 4548; x_wconf 86' lang='grc' dir='ltr'>κρίνειν</span> <span class='ocrx_word' id='word_1_790' title='bbox 3127 4471 3215 4524; x_wconf 75' lang='grc' dir='ltr'>τὸν</span> <span class='ocrx_word' id='word_1_791' title='bbox 3246 4469 3450 4538; x_wconf 84' lang='grc' dir='ltr'>κόσμον</span> <span class='ocrx_word' id='word_1_792' title='bbox 3482 4462 3707 4561; x_wconf 79' lang='grc' dir='ltr'>εἰρημέ-</span> 
     </span>
    </p>
   </div>
   <div class='ocr_carea' id='block_1_104' title="bbox 2117 4559 3704 4646">
    <p class='ocr_par' dir='ltr' id='par_1_104' title="bbox 2117 4559 3704 4646">
     <span class='ocr_line' id='line_1_104' title="bbox 2117 4559 3704 4646; baseline -0.016 -13"><span class='ocrx_word' id='word_1_793' title='bbox 2117 4559 2206 4633; x_wconf 84' lang='grc' dir='ltr'><strong>νον</strong></span> <span class='ocrx_word' id='word_1_794' title='bbox 2241 4581 2298 4631; x_wconf 81' lang='grc' dir='ltr'><strong>ὲν</strong></span> <span class='ocrx_word' id='word_1_795' title='bbox 2320 4575 2417 4646; x_wconf 82' lang='grc' dir='ltr'><strong>τῷ·</strong></span> <span class='ocrx_word' id='word_1_796' title='bbox 2445 4572 2797 4640; x_wconf 72' lang='grc' dir='ltr'>Καθήσεονθε</span> <span class='ocrx_word' id='word_1_797' title='bbox 2827 4567 2923 4619; x_wconf 72' lang='grc' dir='ltr'><strong>ἐπὶ</strong></span> <span class='ocrx_word' id='word_1_798' title='bbox 2953 4563 3180 4617; x_wconf 82' lang='grc' dir='ltr'>δώδεκα</span> <span class='ocrx_word' id='word_1_799' title='bbox 3205 4561 3435 4629; x_wconf 77' lang='grc' dir='ltr'>θρόνων</span> <span class='ocrx_word' id='word_1_800' title='bbox 3465 4559 3704 4646; x_wconf 49' lang='grc' dir='ltr'>κρίνοιε-</span> 
     </span>
    </p>
   </div>
   <div class='ocr_carea' id='block_1_105' title="bbox 2118 4644 3699 4737">
    <p class='ocr_par' dir='ltr' id='par_1_105' title="bbox 2118 4644 3699 4737">
     <span class='ocr_line' id='line_1_105' title="bbox 2118 4644 3699 4737; baseline -0.017 -12"><span class='ocrx_word' id='word_1_801' title='bbox 2118 4688 2219 4737; x_wconf 81' lang='grc' dir='ltr'><strong>τες</strong></span> <span class='ocrx_word' id='word_1_802' title='bbox 2263 4644 2380 4734; x_wconf 15' lang='grc' dir='ltr'>τὰςί</span> <span class='ocrx_word' id='word_1_803' title='bbox 2406 4663 2636 4719; x_wconf 74' lang='grc' dir='ltr'>δώδεκα</span> <span class='ocrx_word' id='word_1_804' title='bbox 2683 4658 2883 4731; x_wconf 73' lang='grc' dir='ltr'>φυλὰς</span> <span class='ocrx_word' id='word_1_805' title='bbox 2930 4656 3035 4710; x_wconf 85' lang='grc' dir='ltr'><strong>τοῦ</strong></span> <span class='ocrx_word' id='word_1_806' title='bbox 3088 4651 3360 4721; x_wconf 77' lang='grc' dir='ltr'>Ἰσραὴλ,</span> <span class='ocrx_word' id='word_1_807' title='bbox 3391 4651 3486 4703; x_wconf 74' lang='grc' dir='ltr'><strong>καὶ</strong></span> <span class='ocrx_word' id='word_1_808' title='bbox 3512 4651 3569 4702; x_wconf 83' lang='grc' dir='ltr'>ὲν</span> <span class='ocrx_word' id='word_1_809' title='bbox 3601 4644 3699 4717; x_wconf 81' lang='grc' dir='ltr'><strong>τῷ’</strong></span> 
     </span>
    </p>
   </div>
   <div class='ocr_carea' id='block_1_106' title="bbox 2131 4740 3704 4831">
    <p class='ocr_par' dir='ltr' id='par_1_106' title="bbox 2131 4740 3704 4831">
     <span class='ocr_line' id='line_1_106' title="bbox 2131 4740 3704 4831; baseline -0.016 -16"><span class='ocrx_word' id='word_1_810' title='bbox 2131 4758 2441 4831; x_wconf 76' lang='grc' dir='ltr'>Ἀγγέλους</span> <span class='ocrx_word' id='word_1_811' title='bbox 2465 4752 2813 4823; x_wconf 74' lang='grc' dir='ltr'>κρινοῦμενσ</span> <span class='ocrx_word' id='word_1_812' title='bbox 2841 4749 2899 4804; x_wconf 77' lang='grc' dir='ltr'>ἐν</span> <span class='ocrx_word' id='word_1_813' title='bbox 2921 4765 2982 4800; x_wconf 94' lang='grc' dir='ltr'><strong>τε</strong></span> <span class='ocrx_word' id='word_1_814' title='bbox 3007 4745 3102 4817; x_wconf 79' lang='grc' dir='ltr'>τῷ·</span> <span class='ocrx_word' id='word_1_815' title='bbox 3148 4746 3251 4799; x_wconf 74' lang='grc' dir='ltr'><em>Ἔν</em></span> <span class='ocrx_word' id='word_1_816' title='bbox 3278 4742 3422 4812; x_wconf 78' lang='grc' dir='ltr'><strong>ὑμῖν</strong></span> <span class='ocrx_word' id='word_1_817' title='bbox 3442 4740 3704 4808; x_wconf 75' lang='grc' dir='ltr'>κρίνεται</span> 
     </span>
    </p>
   </div>
   <div class='ocr_carea' id='block_1_107' title="bbox 2122 4832 3703 4920">
    <p class='ocr_par' dir='ltr' id='par_1_107' title="bbox 2122 4832 3703 4920">
     <span class='ocr_line' id='line_1_107' title="bbox 2122 4832 3703 4920; baseline -0.016 -13"><span class='ocrx_word' id='word_1_818' title='bbox 2122 4856 2154 4908; x_wconf 83' lang='grc' dir='ltr'><strong><em>ό</em></strong></span> <span class='ocrx_word' id='word_1_819' title='bbox 2184 4854 2429 4920; x_wconf 77' lang='grc' dir='ltr'>κόσμοςο</span> <span class='ocrx_word' id='word_1_820' title='bbox 2464 4844 2729 4914; x_wconf 80' lang='grc' dir='ltr'>ἀσκητέον</span> <span class='ocrx_word' id='word_1_821' title='bbox 2771 4842 2908 4911; x_wconf 79' lang='grc' dir='ltr'>ὑπὲρ</span> <span class='ocrx_word' id='word_1_822' title='bbox 2943 4838 3037 4893; x_wconf 89' lang='grc' dir='ltr'><strong>τοῦ</strong></span> <span class='ocrx_word' id='word_1_823' title='bbox 3089 4840 3270 4909; x_wconf 80' lang='grc' dir='ltr'>κρῖναι</span> <span class='ocrx_word' id='word_1_824' title='bbox 3300 4834 3368 4888; x_wconf 85' lang='grc' dir='ltr'>τὰ</span> <span class='ocrx_word' id='word_1_825' title='bbox 3413 4832 3703 4902; x_wconf 82' lang='grc' dir='ltr'>σύμπαντα</span> 
     </span>
    </p>
   </div>
   <div class='ocr_carea' id='block_1_108' title="bbox 2125 4925 3702 5010">
    <p class='ocr_par' dir='ltr' id='par_1_108' title="bbox 2125 4925 3702 5010">
     <span class='ocr_line' id='line_1_108' title="bbox 2125 4925 3702 5010; baseline -0.015 -12"><span class='ocrx_word' id='word_1_826' title='bbox 2125 4942 2384 4999; x_wconf 85' lang='grc' dir='ltr'>σαλπίσαι</span> <span class='ocrx_word' id='word_1_827' title='bbox 2416 4941 2483 5010; x_wconf 81' lang='grc' dir='ltr'>τῇ</span> <span class='ocrx_word' id='word_1_828' title='bbox 2520 4935 2797 5003; x_wconf 79' lang='grc' dir='ltr'>σάλπιγγι.</span> <span class='ocrx_word' id='word_1_829' title='bbox 2839 4933 3105 5004; x_wconf 87' lang='grc' dir='ltr'>Ζητητέον</span> <span class='ocrx_word' id='word_1_830' title='bbox 3146 4925 3239 4983; x_wconf 84' lang='grc' dir='ltr'><strong>οῦν</strong></span> <span class='ocrx_word' id='word_1_831' title='bbox 3278 4928 3373 4999; x_wconf 84' lang='grc' dir='ltr'><strong>τὴν</strong></span> <span class='ocrx_word' id='word_1_832' title='bbox 3427 4925 3702 4991; x_wconf 83' lang='grc' dir='ltr'>σάλπιγγα</span> 
     </span>
    </p>
   </div>
   <div class='ocr_carea' id='block_1_109' title="bbox 2121 5014 3701 5101">
    <p class='ocr_par' dir='ltr' id='par_1_109' title="bbox 2121 5014 3701 5101">
     <span class='ocr_line' id='line_1_109' title="bbox 2121 5014 3701 5101; baseline -0.015 -9"><span class='ocrx_word' id='word_1_833' title='bbox 2121 5037 2215 5092; x_wconf 84' lang='grc' dir='ltr'><strong>τοῦ</strong></span> <span class='ocrx_word' id='word_1_834' title='bbox 2252 5032 2386 5089; x_wconf 89' lang='grc' dir='ltr'>Θεοῦ</span> <span class='ocrx_word' id='word_1_835' title='bbox 2429 5031 2522 5086; x_wconf 78' lang='grc' dir='ltr'><strong>καὶ</strong></span> <span class='ocrx_word' id='word_1_836' title='bbox 2563 5028 2661 5101; x_wconf 83' lang='grc' dir='ltr'>τὴν</span> <span class='ocrx_word' id='word_1_837' title='bbox 2714 5026 2954 5098; x_wconf 82' lang='grc' dir='ltr'>μεγάλην</span> <span class='ocrx_word' id='word_1_838' title='bbox 3000 5020 3397 5096; x_wconf 78' lang='grc' dir='ltr'>παροξυντικὴν</span> <span class='ocrx_word' id='word_1_839' title='bbox 3434 5019 3527 5073; x_wconf 88' lang='grc' dir='ltr'><strong>τοῦ</strong></span> <span class='ocrx_word' id='word_1_840' title='bbox 3565 5014 3701 5071; x_wconf 87' lang='grc' dir='ltr'>Θεοῦ</span> 
     </span>
    </p>
   </div>
   <div class='ocr_carea' id='block_1_110' title="bbox 2122 5110 3703 5201">
    <p class='ocr_par' dir='ltr' id='par_1_110' title="bbox 2122 5110 3703 5201">
     <span class='ocr_line' id='line_1_110' title="bbox 2122 5110 3703 5201; baseline -0.011 -18"><span class='ocrx_word' id='word_1_841' title='bbox 2122 5130 2304 5201; x_wconf 78' lang='grc' dir='ltr'>φωνὴν</span> <span class='ocrx_word' id='word_1_842' title='bbox 2345 5125 2452 5179; x_wconf 84' lang='grc' dir='ltr'><strong>τῶν</strong></span> <span class='ocrx_word' id='word_1_843' title='bbox 2484 5120 2828 5195; x_wconf 85' lang='grc' dir='ltr'>στρατιωτῶν</span> <span class='ocrx_word' id='word_1_844' title='bbox 2872 5118 2966 5171; x_wconf 86' lang='grc' dir='ltr'><strong>τοῦ</strong></span> <span class='ocrx_word' id='word_1_845' title='bbox 3010 5116 3144 5170; x_wconf 85' lang='grc' dir='ltr'>Θεοῦ</span> <span class='ocrx_word' id='word_1_846' title='bbox 3190 5115 3281 5168; x_wconf 75' lang='grc' dir='ltr'>ἐπὶ</span> <span class='ocrx_word' id='word_1_847' title='bbox 3305 5114 3395 5166; x_wconf 84' lang='grc' dir='ltr'><strong>τὸν</strong></span> <span class='ocrx_word' id='word_1_848' title='bbox 3423 5112 3564 5166; x_wconf 84' lang='grc' dir='ltr'><strong>κατὰ</strong></span> <span class='ocrx_word' id='word_1_849' title='bbox 3593 5110 3703 5166; x_wconf 78' lang='grc' dir='ltr'><strong>τῶν</strong></span> 
     </span>
    </p>
   </div>
   <div class='ocr_carea' id='block_1_111' title="bbox 2122 5204 3701 5293">
    <p class='ocr_par' dir='ltr' id='par_1_111' title="bbox 2122 5204 3701 5293">
     <span class='ocr_line' id='line_1_111' title="bbox 2122 5204 3701 5293; baseline -0.013 -17"><span class='ocrx_word' id='word_1_850' title='bbox 2122 5219 2396 5293; x_wconf 87' lang='grc' dir='ltr'>πολεμίων</span> <span class='ocrx_word' id='word_1_851' title='bbox 2424 5217 2630 5287; x_wconf 82' lang='grc' dir='ltr'>ἀγῶνα,</span> <span class='ocrx_word' id='word_1_852' title='bbox 2655 5214 2816 5284; x_wconf 76' lang='grc' dir='ltr'>ὁποίᾳ</span> <span class='ocrx_word' id='word_1_853' title='bbox 2845 5210 2990 5273; x_wconf 82' lang='grc' dir='ltr'>εἰκὸς</span> <span class='ocrx_word' id='word_1_854' title='bbox 3027 5206 3096 5280; x_wconf 82' lang='grc' dir='ltr'>ἦν</span> <span class='ocrx_word' id='word_1_855' title='bbox 3135 5207 3370 5279; x_wconf 78' lang='grc' dir='ltr'>χρῆσθαι</span> <span class='ocrx_word' id='word_1_856' title='bbox 3404 5206 3530 5273; x_wconf 81' lang='grc' dir='ltr'>τοὺς</span> <span class='ocrx_word' id='word_1_857' title='bbox 3561 5204 3701 5258; x_wconf 77' lang='grc' dir='ltr'>ἀπο-</span> 
     </span>
    </p>
   </div>
   <div class='ocr_carea' id='block_1_112' title="bbox 2123 5294 3702 5374">
    <p class='ocr_par' dir='ltr' id='par_1_112' title="bbox 2123 5294 3702 5374">
     <span class='ocr_line' id='line_1_112' title="bbox 2123 5294 3702 5374; baseline -0.014 -7"><span class='ocrx_word' id='word_1_858' title='bbox 2123 5312 2341 5373; x_wconf 85' lang='grc' dir='ltr'>στόλους</span> <span class='ocrx_word' id='word_1_859' title='bbox 2370 5307 2619 5362; x_wconf 89' lang='grc' dir='ltr'>τοσοῦτον</span> <span class='ocrx_word' id='word_1_860' title='bbox 2638 5303 2705 5357; x_wconf 83' lang='grc' dir='ltr'><strong>τά</strong></span> <span class='ocrx_word' id='word_1_861' title='bbox 2728 5303 3048 5374; x_wconf 75' lang='grc' dir='ltr'>φρονήματα</span> <span class='ocrx_word' id='word_1_862' title='bbox 3081 5298 3441 5368; x_wconf 89' lang='grc' dir='ltr'>διεγείροντας</span> <span class='ocrx_word' id='word_1_863' title='bbox 3481 5294 3567 5348; x_wconf 71' lang='grc' dir='ltr'>διὰ</span> <span class='ocrx_word' id='word_1_864' title='bbox 3604 5294 3702 5365; x_wconf 86' lang='grc' dir='ltr'><strong>τῆς</strong></span> 
     </span>
    </p>
   </div>
   <div class='ocr_carea' id='block_1_113' title="bbox 2123 5386 3697 5476">
    <p class='ocr_par' dir='ltr' id='par_1_113' title="bbox 2123 5386 3697 5476">
     <span class='ocr_line' id='line_1_113' title="bbox 2123 5386 3697 5476; baseline -0.012 -17"><span class='ocrx_word' id='word_1_865' title='bbox 2123 5405 2304 5476; x_wconf 81' lang='grc' dir='ltr'>φωνῆς</span> <span class='ocrx_word' id='word_1_866' title='bbox 2320 5403 2419 5472; x_wconf 79' lang='grc' dir='ltr'>τῆς</span> <span class='ocrx_word' id='word_1_867' title='bbox 2442 5400 2737 5466; x_wconf 81' lang='grc' dir='ltr'>σάλπιγγος</span> <span class='ocrx_word' id='word_1_868' title='bbox 2757 5395 2847 5448; x_wconf 74' lang='grc' dir='ltr'>ἐπὶ</span> <span class='ocrx_word' id='word_1_869' title='bbox 2865 5394 2950 5447; x_wconf 85' lang='grc' dir='ltr'>τὸν</span> <span class='ocrx_word' id='word_1_870' title='bbox 2968 5392 3107 5446; x_wconf 86' lang='grc' dir='ltr'>κατὰ</span> <span class='ocrx_word' id='word_1_871' title='bbox 3126 5390 3232 5445; x_wconf 83' lang='grc' dir='ltr'>τῶν</span> <span class='ocrx_word' id='word_1_872' title='bbox 3256 5389 3461 5461; x_wconf 77' lang='grc' dir='ltr'>ἐχθρῶν</span> <span class='ocrx_word' id='word_1_873' title='bbox 3491 5386 3697 5455; x_wconf 81' lang='grc' dir='ltr'>ἀγῶνα.</span> 
     </span>
    </p>
   </div>
   <div class='ocr_carea' id='block_1_114' title="bbox 2133 5480 3695 5564">
    <p class='ocr_par' dir='ltr' id='par_1_114' title="bbox 2133 5480 3695 5564">
     <span class='ocr_line' id='line_1_114' title="bbox 2133 5480 3695 5564; baseline -0.011 -16"><span class='ocrx_word' id='word_1_874' title='bbox 2133 5492 2350 5564; x_wconf 80' lang='grc' dir='ltr'>Ἐπειδὴ</span> <span class='ocrx_word' id='word_1_875' title='bbox 2380 5492 2436 5544; x_wconf 79' lang='grc' dir='ltr'>δὲ</span> <span class='ocrx_word' id='word_1_876' title='bbox 2460 5490 2554 5544; x_wconf 74' lang='grc' dir='ltr'><strong>καὶ</strong></span> <span class='ocrx_word' id='word_1_877' title='bbox 2588 5492 2644 5543; x_wconf 80' lang='grc' dir='ltr'>ἐν</span> <span class='ocrx_word' id='word_1_878' title='bbox 2669 5490 2785 5549; x_wconf 79' lang='grc' dir='ltr'>ταῖς</span> <span class='ocrx_word' id='word_1_879' title='bbox 2813 5486 3027 5555; x_wconf 79' lang='grc' dir='ltr'>ἑορταῖς</span> <span class='ocrx_word' id='word_1_880' title='bbox 3063 5482 3156 5535; x_wconf 90' lang='grc' dir='ltr'><strong>τοῦ</strong></span> <span class='ocrx_word' id='word_1_881' title='bbox 3186 5480 3343 5539; x_wconf 81' lang='grc' dir='ltr'>Θεοῦ,</span> <span class='ocrx_word' id='word_1_882' title='bbox 3376 5480 3452 5544; x_wconf 83' lang='grc' dir='ltr'>ὡς</span> <span class='ocrx_word' id='word_1_883' title='bbox 3501 5482 3557 5533; x_wconf 81' lang='grc' dir='ltr'><strong>ἐν</strong></span> <span class='ocrx_word' id='word_1_884' title='bbox 3611 5480 3695 5533; x_wconf 85' lang='grc' dir='ltr'>ἄλ-</span> 
     </span>
    </p>
   </div>
   <div class='ocr_carea' id='block_1_115' title="bbox 2119 5571 3699 5656">
    <p class='ocr_par' dir='ltr' id='par_1_115' title="bbox 2119 5571 3699 5656">
     <span class='ocr_line' id='line_1_115' title="bbox 2119 5571 3699 5656; baseline -0.01 -17"><span class='ocrx_word' id='word_1_885' title='bbox 2119 5588 2231 5649; x_wconf 85' lang='grc' dir='ltr'>λοις</span> <span class='ocrx_word' id='word_1_886' title='bbox 2263 5580 2633 5656; x_wconf 86' lang='grc' dir='ltr'>παρεθέμεθα,</span> <span class='ocrx_word' id='word_1_887' title='bbox 2678 5578 2973 5644; x_wconf 82' lang='grc' dir='ltr'>σάλπιγγες</span> <span class='ocrx_word' id='word_1_888' title='bbox 3018 5571 3559 5645; x_wconf 81' lang='grc' dir='ltr'>παραλαμϐάνονται,</span> <span class='ocrx_word' id='word_1_889' title='bbox 3610 5572 3699 5624; x_wconf 67' lang='grc' dir='ltr'>καῖ</span> 
     </span>
    </p>
   </div>
   <div class='ocr_carea' id='block_1_116' title="bbox 2700 5686 3696 5757">
    <p class='ocr_par' dir='ltr' id='par_1_116' title="bbox 2700 5686 3696 5757">
     <span class='ocr_line' id='line_1_116' title="bbox 2700 5686 3696 5757; baseline -0.006 -10"><span class='ocrx_word' id='word_1_890' title='bbox 2700 5691 2744 5724; x_wconf 76' lang='grc' dir='ltr'>οι</span> <span class='ocrx_word' id='word_1_891' title='bbox 2782 5689 2982 5746; x_wconf 83' lang='lat' dir='ltr'><strong>Ezech.</strong></span> <span class='ocrx_word' id='word_1_892' title='bbox 3031 5703 3127 5757; x_wconf 73' lang='grc' dir='ltr'><strong>νυ,</strong></span> <span class='ocrx_word' id='word_1_893' title='bbox 3163 5687 3251 5743; x_wconf 74' lang='lat'><strong>12.</strong></span> <span class='ocrx_word' id='word_1_894' title='bbox 3357 5686 3563 5743; x_wconf 74' lang='lat' dir='ltr'><strong>“Ibid.</strong></span> <span class='ocrx_word' id='word_1_895' title='bbox 3612 5690 3696 5743; x_wconf 67' lang='grc' dir='ltr'>ιδ.</span> 
     </span>
    </p>
   </div>
   <div class='ocr_carea' id='block_1_117' title="bbox 420 5754 2013 5842">
    <p class='ocr_par' dir='ltr' id='par_1_117' title="bbox 420 5754 1939 5842">
     <span class='ocr_line' id='line_1_117' title="bbox 420 5754 1939 5842; baseline 0.003 -26"><span class='ocrx_word' id='word_1_896' title='bbox 420 5754 483 5842; x_wconf 45' lang='grc'><strong>.⁸³</strong></span> <span class='ocrx_word' id='word_1_897' title='bbox 524 5759 658 5819; x_wconf 83' lang='lat' dir='ltr'><strong>Ibid.</strong></span> <span class='ocrx_word' id='word_1_898' title='bbox 701 5766 787 5820; x_wconf 70' lang='grc'><strong>14.</strong></span> <span class='ocrx_word' id='word_1_899' title='bbox 869 5754 914 5795; x_wconf 40' lang='grc'><strong>⁸⁷⁸</strong></span> <span class='ocrx_word' id='word_1_900' title='bbox 945 5761 1117 5816; x_wconf 72' lang='lat' dir='ltr'><strong>lGor.</strong></span> <span class='ocrx_word' id='word_1_901' title='bbox 1159 5776 1248 5826; x_wconf 76' lang='lat' dir='ltr'><strong>xv,</strong></span> <span class='ocrx_word' id='word_1_902' title='bbox 1278 5754 1371 5815; x_wconf 72' lang='lat'><strong>5:2.</strong></span> <span class='ocrx_word' id='word_1_903' title='bbox 1448 5765 1489 5795; x_wconf 70' lang='grc'><strong>⁸⁷</strong></span> <span class='ocrx_word' id='word_1_904' title='bbox 1523 5763 1715 5818; x_wconf 81' lang='lat' dir='ltr'><strong>Matth.</strong></span> <span class='ocrx_word' id='word_1_905' title='bbox 1745 5780 1854 5831; x_wconf 68' lang='lat' dir='ltr'><strong>six,</strong></span> <span class='ocrx_word' id='word_1_906' title='bbox 1883 5754 1939 5820; x_wconf 76' lang='lat'><strong>8.</strong></span> 
     </span>
    </p>
   </div>
   <div class='ocr_carea' id='block_1_118' title="bbox 2117 5754 2607 5842">
    <p class='ocr_par' dir='ltr' id='par_1_118' title="bbox 2142 5754 2607 5833">
     <span class='ocr_line' id='line_1_118' title="bbox 2142 5754 2607 5833; baseline -0.009 -12"><span class='ocrx_word' id='word_1_907' title='bbox 2142 5767 2267 5830; x_wconf 72' lang='lat' dir='ltr'><strong>(lor.</strong></span> <span class='ocrx_word' id='word_1_908' title='bbox 2303 5783 2375 5833; x_wconf 84' lang='lat' dir='ltr'><strong>vt,</strong></span> <span class='ocrx_word' id='word_1_909' title='bbox 2407 5754 2525 5820; x_wconf 12' lang='lat' dir='ltr'><strong>Eiet</strong></span> <span class='ocrx_word' id='word_1_910' title='bbox 2556 5766 2607 5820; x_wconf 83' lang='lat'><strong>5.</strong></span> 
     </span>
    </p>
   </div>
  </div>
