4070 6296
253 321 361 378 ’ῖθῖ

1470 304 1782 361 SELECTA.
1818 303 1884 379 ΙΝ
1919 300 2377 363 EZECHIELEM.

3430 295 3535 350 τοι

253 429 464 494 ταύτας
480 424 839 499 ἀναληπτέον,
858 427 945 482 ἵνα
962 424 1395 501 προτρεψώμεθα
1419 424 1485 479 δι’
1519 424 1699 478 αὐτῶν
1730 425 1857 497 τοὺς

1964 438 2068 492 que
2106 422 2275 492 igitur
2315 430 2560 475 nostrum
2590 414 2776 471 audiat
2811 413 2940 469 illud
2968 413 3013 447 ‘°
3051 432 3064 468 :
3102 412 3166 468 In
3203 414 3325 467 tuba
3358 419 3538 468 exulta

255 522 540 594 καθαροὺς
556 521 650 575 καὶ
668 520 883 592 ἀληθεῖς
896 521 1238 604 ςΙσραηλίτας
1261 521 1357 575 ἐπὶ
1373 521 1432 573 τδ
1454 519 1734 592 ἑορτάζειν
1750 519 1849 583 τὰς

255 616 456 688 ἑορτάς
475 614 706 686 Κυρίου.
727 616 995 679 Ἕκαστος
1016 610 1108 669 οὖν
1146 612 1302 685 ἡμῶν
1334 612 1579 665 ἀκουέτω
1606 609 1721 663 τοῦθ
1755 611 1850 664 Ἐν

254 706 551 778 σάλπιγγι
579 707 835 776 ὕψωσον
856 707 972 776 τὴν
997 704 1205 776 φωνήν
1220 698 1355 759 σὸυσ
1372 703 1483 758 καί”
1505 703 1851 757 Σαλπίσατε

254 795 323 849 ἐν
340 796 640 865 νεομηνία
687 798 1006 868 σάλπιγγι,
1040 797 1109 850 ἐν
1133 794 1380 863 εὐσήμῳ
1418 793 1611 863 ἡμέρᾳ
1638 791 1852 861 ἑορτῆς

252 884 446 954 ὑμῶν.
494 885 656 939 Ἀλλὰ
683 886 757 958 μὴ
789 886 1096 958 ἔμπροσθεν
1120 885 1275 958 ἡμῶν
1306 885 1676 956 σαλπίσωμεν,
1708 883 1784 947 ὡς
1803 885 1853 935 οἱ

1955 528 2130 565 rocem
2162 520 2345 574 tuam;
2389 517 2444 562 et
2475 524 2488 562 :
2533 505 2822 560 Buccinate
2861 504 2918 557 in
2954 501 3243 557 Neomenia
3296 503 3442 568 tuba,
3480 503 3538 557 in

1958 606 2155 675 insigni
2204 604 2290 658 die
2325 601 2676 659 solemnitatis
2720 609 2906 653 vestrm
2934 598 3003 650 '°.
3042 596 3146 650 Sed
3177 613 3242 649 ne
3270 606 3393 650 ante
3437 610 3537 652 nos

1957 699 2086 753 tuba
2114 711 2398 761 canamus,
2431 695 2591 750 sicuti
2627 692 2835 748 faciunt
2863 690 3159 761 hypocrita:
3186 687 3338 757 (Noli
3365 689 3487 744 enin
3518 729 3533 753 ,

1957 790 2155 861 inquit,
2176 789 2299 843 tuba
2323 804 2505 841 canere
2529 797 2649 841 ante
2681 795 2729 839 te
2754 785 2851 850 7‘),
2876 785 2968 839 sed
2994 791 3117 837 ante
3143 781 3311 836 Deum
3344 797 3538 835 sectum

1960 884 2088 939 dum
2121 881 2421 951 spiritalem
2473 879 2594 949 ejus
2642 879 2814 947 legem
2864 875 3130 931 facientes
3169 875 3328 928 nobis
3375 877 3536 928 tubas

254 977 557 1049 ὑποκριταὶ
598 978 827 1033 ποιοῦσν
876 978 974 1047 Μὴ
1030 978 1345 1047 σαλπίσῃς
1384 976 1515 1049 γὰρ,
1568 976 1721 1047 φησὶ,
1755 974 1856 1044 ἐμ-

1964 971 2194 1029 ductiles
2225 981 2532 1041 argenteas,
2571 971 2650 1025 sic
2684 984 2878 1039 nempe
2911 977 3275 1037 comparatas,
3305 977 3363 1019 ut
3400 966 3540 1020 divi-

250 1067 531 1137 προσθέν
585 1083 722 1123 σου·
782 1070 895 1124 ἀλλ’
939 1069 1250 1142 ἔμπροσθεν
1286 1066 1380 1122 τοῦ
1420 1066 1556 1121 Θεοῦ
1589 1065 1732 1120 κατὰ
1766 1064 1856 1120 τὸν

1964 1081 2064 1120 nas
2091 1064 2320 1118 reddant
2342 1078 2503 1117 voces
2531 1078 2595 1117 ac
2614 1062 2779 1115 verba
2808 1076 2929 1131 qua:
2947 1073 3188 1130 pugnare
3214 1057 3446 1112 doceant
3474 1072 3538 1111 ac

176 1191 180 1196 -
251 1161 636 1231 πνευματικὸν
688 1160 853 1215 αὐτοῦ
905 1161 1069 1232 νόμον
1117 1163 1444 1234 ποιήσαντες
1501 1160 1713 1224 ἑαυτοῖς
1758 1156 1859 1220 τὰς

1964 1153 2105 1210 festa
2132 1156 2332 1220 colere,
2363 1155 2523 1211 utsic
2541 1155 2722 1210 omnia
2749 1153 2999 1225 judicare
3019 1152 3314 1224 possimus.

249 1253 487 1325 λογικὰς
523 1256 718 1322 ὲλατὰς
754 1258 1000 1330 ἀργυρᾶς
1028 1257 1333 1326 σάλπιγγας
1388 1258 1446 1310 ὲν
1474 1254 1585 1322 ἕξει
1620 1251 2010 1324 ἀποτελεστικῇ
2052 1251 2210 1305 θείων
2243 1251 2436 1322 φωνῶν
2477 1251 2574 1305 καὶ
2619 1249 2792 1320 λόγων
2831 1248 3085 1319 πολεμεῖν
3131 1248 3225 1300 καὶ
3263 1244 3540 1319 ἑορτάξειν

246 1351 646 1419 διδασκόντων,
677 1354 762 1407 ἵνα
785 1352 929 1409 οὕτω
956 1354 1162 1426 κρίνειν
1180 1353 1250 1407 τὰ
1275 1352 1563 1424 σύμπαντα
1590 1347 1927 1419 δυνηθῶμεν.

318 1451 437 1505 Καὶ
474 1450 577 1505 ἐπὶ
605 1449 811 1507 πᾶσαν
854 1449 1133 1521 κεφαλὴν
1163 1448 1547 1523 φαλάκρωμα.
1577 1446 1732 1517 Τάχα
1763 1443 1856 1498 τοῦ

2036 1443 2106 1498 Et
2138 1460 2294 1514 super
2323 1459 2473 1497 omne
2518 1450 2674 1511 caput
2733 1439 3004 1493 calvitium
3032 1438 3098 1489 τ’.
3149 1433 3309 1493 Forte
3358 1433 3539 1491 luctus

249 1542 345 1595 ἐπὶ
388 1543 515 1604 τοῖς
536 1541 916 1612 ’ἁμαρτήμασι
955 1540 1184 1604 πένθους
1224 1539 1490 1611 σύμϐολον
1542 1540 1576 1611 ἡ
1631 1535 1855 1607 τοιαύτη

1965 1535 2054 1604 qui
2105 1549 2202 1603 pro
2250 1531 2485 1602 peccatis
2543 1530 2777 1585 habetur
2811 1526 3116 1599 symbolum
3153 1528 3236 1580 est
3269 1523 3536 1594 ejusmodi

246 1629 418 1698 λέξις.
451 1633 671 1703 ’Ὥσπερ
714 1632 824 1702 γὰρ
875 1632 1011 1686 είσὶν
1050 1633 1099 1687 οἳ
1144 1631 1355 1687 ποιοῦσι
1389 1630 1736 1702 φαλάκρωμα
1765 1628 1858 1680 ἐπὶ

1964 1626 2151 1680 dictio.
2185 1623 2656 1691 Quemadmodum
2684 1620 2827 1676 enim
2859 1626 2986 1673 sunt
3017 1617 3109 1688 qui
3137 1632 3299 1687 super
3324 1625 3539 1670 mortuo

247 1725 464 1798 νεκρῷ,
486 1724 657 1790 οὕτως
681 1728 730 1779 οἱ
751 1726 1131 1797 αἰσχυνόμενοι
1149 1726 1242 1781 ἐπὶ
1261 1727 1373 1789 τοῖς
1404 1724 1551 1789 ἰδίοις
1575 1723 1855 1792 πταίσμασ-

1964 1731 2173 1771 comam
2218 1725 2449 1785 ponunt,
2512 1715 2593 1770 sic
2641 1728 2779 1782 quos
2826 1710 3173 1781 propriorum
3210 1708 3535 1764 delictorum

250 1834 360 1885 σιν,
385 1818 729 1890 ἀποθέμενοι
772 1818 862 1873 τὸν
896 1819 1099 1890 κόσμον
1124 1819 1222 1889 τῆς
1252 1818 1450 1889 νοητῆς
1476 1815 1655 1870 αὐτῶν
1680 1832 1857 1885 κεφα-

1964 1805 2142 1876 pudet,
2178 1806 2355 1875 posito
2391 1803 2655 1876 spiritalis
2683 1801 2877 1870 capitis
2913 1800 3139 1861 mundo,
3169 1815 3233 1854 ac
3253 1800 3452 1865 derasi,
3483 1798 3539 1853 in

246 1907 371 1979 λῆς,
401 1909 509 1962 καὶ
548 1907 860 1980 ξυράμενοι,
906 1907 1162 1981 φοροῦσιν
1191 1910 1279 1962 ἐπ’
1312 1908 1484 1978 αὐτῆς
1524 1908 1587 1962 τὸ
1633 1908 1857 1979 σημεῖον

248 1997 345 2051 τοῦ
377 1997 634 2061 πένθους.
658 1998 781 2061 Τοῖς
807 1998 864 2051 δὲ
880 1998 1054 2066 ἁγίοις
1080 1998 1229 2053 οὐδὲν
1254 1999 1450 2052 οἰκεῖον
1474 1998 1610 2071 πρὸς
1631 1997 1859 2068 ἐχθροὺς

249 2087 483 2161 ἔχουσιν
509 2089 898 2160 ἐνομοθέτησεν
922 2092 951 2143 ὁ
972 2090 1132 2161 νόμος
1155 2090 1241 2160 μὴ
1272 2090 1464 2143 ποιεῖν
1493 2088 1860 2158 saeuitiaepr

250 2177 358 2233 ἐπὶ
386 2179 604 2249 νεκρῷ,
633 2180 743 2248 ὅτι,
775 2181 959 2251 φησὶν,
986 2180 1153 2250 ἅγιος
1178 2176 1441 2248 εἷΚυρίῳ
1466 2178 1546 2244 τῷ
1567 2177 1689 2243 Θεῷ
1718 2193 1855 2232 σου.

327 2271 926 2347 Καίείσελεύσονται
948 2272 1040 2325 ἐπ’
1075 2271 1230 2325 αὐτὰ
1270 2270 1649 2340 ἀφυλάκτως.
1683 2270 1859 2340 Νομι-

256 2365 429 2419 στέον
460 2366 768 2438 μιαίνεσθαι
794 2368 864 2420 τὰ
891 2367 1059 2436 Ἅγια
1105 2366 1210 2420 ὑπὸ
1242 2366 1352 2420 τῶν
1397 2366 1716 2438 μιαινόντων
1760 2366 1860 2437 τὴν

254 2457 576 2533 ἐπισκοπὴν
622 2460 718 2513 καὶ
792 2458 1190 2532 είσερχομένων
1257 2458 1584 2528 άφυλάκτως
1636 2460 1731 2512 ἐπὶ
1791 2459 1861 2514 τὰ

252 2550 516 2606 τοιαῦτα.
552 2547 677 2607 Οἷον
700 2552 1026 2622 ἀφυλάκτως
1049 2551 1267 2605 λεκτέον
1302 2550 1648 2623 είσέρχεσθαι
1684 2553 1764 2618 εἰς
1792 2551 1862 2605 τὰ

257 2641 408 2710 ἆγια
453 2641 563 2712 τῆς
604 2643 932 2713 ἐκκλησίας,
965 2645 1015 2697 εί
1055 2643 1192 2715 μετὰ
1242 2642 1388 2714 μίξιν
1440 2643 1748 2714 ἀδιαφόρως
1779 2660 1863 2708 τις

255 2730 418 2801 ἔχων
460 2733 597 2804 πρὸς
636 2735 736 2805 τὴν
784 2736 842 2790 ἐν
892 2734 1041 2806 αὐτῷ
1072 2735 1412 2806 ἀκαθαρσίαν
1440 2733 1642 2806 ὲπιδῴη
1671 2734 1862 2788 ἑαυτὸν

260 2817 602 2889 δπεύχεσθαι
623 2821 701 2893 τῷ
726 2823 825 2893 τῆς
854 2824 1204 2896 εὐχαριστίας
1230 2826 1399 2898 ἄρτῳ.
1429 2825 1657 2897 Βεὸηλοῖ
1694 2823 1803 2897 γὰρ
1832 2826 1861 2878 ὁ

261 2906 518 2974 τοιοῦτος
536 2910 605 2964 τὰ
627 2911 759 2979 ἅγια
789 2913 885 2967 καὶ
916 2919 1061 2968 ποιεῖ
1091 2916 1326 2988 φυρμόν.

1959 1914 2025 1953 eo
2057 1895 2238 1951 ferunt
2266 1897 2481 1968 signum
2524 1896 2725 1951 luctus.
2765 1891 2984 1946 Sanctis
3011 1908 3141 1948 vero
3168 1891 3366 1962 quibus
3405 1888 3541 1944 nihil

1960 2005 2085 2045 cum
2114 1990 2346 2043 mortuis
2376 2002 2668 2043 commune
2696 1994 2799 2053 est,
2827 1985 3070 2056 praecipit
3093 1985 3180 2037 lex
3209 1985 3255 2016 ⁷³
3278 1999 3361 2049 ne,
3384 1997 3543 2051 super

1962 2092 2167 2134 mortuo
2221 2080 2495 2135 calvitium
2538 2080 2763 2150 faciant,
2803 2078 2948 2148 quia,
2991 2076 3187 2148 inquit,
3228 2085 3444 2131 sanctus
3485 2089 3541 2128 es

1960 2172 2188 2226 Domino
2205 2172 2312 2227 Deo
2333 2182 2443 2226 tuo.

2033 2263 2102 2318 Et
2134 2263 2498 2334 ingredientur
2524 2262 2580 2315 in
2598 2278 2659 2315 ea
2683 2271 2870 2316 temere
2889 2259 2956 2315 ⁷⁵.
2987 2257 3421 2313 Existimandum
3457 2264 3542 2313 est

1964 2358 2129 2430 pollui
2169 2363 2358 2412 sancta
2410 2355 2479 2409 ab
2518 2354 2626 2409 illis
2651 2353 2746 2424 qui
2779 2353 3029 2423 polluunt
3060 2353 3446 2419 visitationem,
3478 2368 3542 2423 ac

1961 2459 2166 2505 temere
2188 2448 2244 2502 in
2273 2447 2362 2501 illa
2396 2445 2795 2517 ingrediuntur.
2824 2442 2981 2510 Puta,
3019 2451 3223 2497 temere
3264 2442 3317 2496 in
3353 2452 3542 2498 sancta

1962 2540 2208 2595 ecclesiae
2244 2538 2454 2610 ingredi
2494 2536 2757 2593 dicendus
2784 2545 2887 2603 est,
2916 2537 2961 2591 si
2984 2536 3109 2607 quis
3138 2544 3260 2604 post
3287 2536 3539 2604 copulam

1963 2631 2190 2703 ejusque
2222 2630 2648 2698 immunditiam,
2673 2638 2876 2685 temere
2905 2628 2972 2682 ad
3005 2628 3414 2700 percipiendum
3446 2643 3545 2696 pa-

1966 2722 2090 2780 nem
2144 2724 2570 2780 eucharisticum
2631 2721 2942 2783 accesserit.
2997 2720 3198 2777 Polluit
3253 2721 3400 2776 enim
3449 2720 3544 2791 qui

1963 2815 2234 2887 ejusmodi
2261 2824 2345 2872 est
2374 2824 2583 2882 sancta,
2619 2824 2674 2873 et
2705 2814 2836 2871 facit
2862 2813 3314 2884 inquinationem.

347 3000 495 3054 Οὐαί
520 3001 619 3056 ἐπὶ
655 3004 808 3057 οὐαί.
844 3003 1066 3075 Πρῶτον
1095 3007 1193 3077 μὲν
1215 3006 1348 3060 οὐαὶ
1376 3006 1434 3060 ἐν
1456 3005 1535 3077 τῷ
1568 3006 1668 3078 βίῳ
1686 3006 1861 3077 τούτῳ

2046 3002 2136 3059 Vw
2152 3018 2307 3074 super
2326 3018 2402 3056 va:
2427 3002 2493 3058 ⁷⁵.
2521 2999 2767 3055 Primum
2787 2999 3005 3071 quidem
3027 3015 3103 3054 rte
3128 2998 3180 3053 in
3201 2999 3303 3054 hac
3324 2997 3452 3063 vita,
3477 3011 3546 3053 ex

262 3092 398 3148 κατ’
431 3093 563 3147 αὐτὸ
589 3093 651 3147 τὸ
675 3090 816 3147 εἶναι
839 3096 1002 3150 αὐτὸν
1034 3097 1326 3170 μοχθηρὸν,
1356 3097 1452 3151 καὶ
1490 3097 1728 3162 άσεὸεῖν,
1765 3099 1861 3152 καὶ

268 3182 350 3255 μὴ
387 3182 530 3254 ἔχειν
557 3184 658 3256 τὴν
685 3186 997 3258 ἐπισκοπὴν
1020 3187 1113 3239 τοῦ
1144 3186 1301 3241 Θεοῦ·
1336 3187 1586 3259 δεύτερον
1618 3187 1676 3242 δὲ
1722 3187 1859 3243 οὐαὶ

265 3275 419 3329 κατὰ
447 3274 548 3340 τὰς
569 3276 711 3348 μετὰ
739 3277 830 3331 τὸν
854 3275 967 3347 βίον
987 3277 1176 3332 τοῦτον
1210 3278 1478 3343 κολάσεις.
1517 3280 1782 3351 Ἀγγελία
1802 3278 1860 3334 δὲ

263 3364 370 3421 ἐπὶ
402 3367 691 3438 ἀγγελίαν
710 3368 903 3435 ἔσται,
952 3370 1082 3434 ἴσως
1115 3371 1177 3424 τὸ
1213 3370 1349 3442 μετὰ
1401 3373 1530 3436 τοὺς
1573 3372 1860 3444 προφήτας

266 3456 447 3511 πολλὰ
470 3458 715 3531 περὶτῆς
733 3461 950 3515 αἰωνίου
976 3461 1250 3527 κολάσεως
1276 3463 1676 3535 ἀπειλήσαντας
1698 3464 1862 3533 εὐαγ-

264 3550 490 3620 τελικὺν
521 3553 782 3624 κήρυγμα
809 3553 1096 3625 τηλαυγῶς
1124 3554 1193 3607 τὰ
1224 3557 1353 3628 περὶ
1380 3556 1605 3629 γεέννης
1629 3557 1723 3611 καὶ
1753 3557 1862 3614 τῶν

265 3641 448 3705 ἄλλων
473 3643 844 3716 άτελευτήτων
875 3645 1121 3715 βασάνων
1148 3646 1362 3713 διεξιόν.

337 3736 456 3791 Καὶ
510 3735 899 3807 ζὴτηθήσεται
926 3737 1156 3807 ὅρασις.
1205 3738 1404 3805 Ἐπὰν,
1444 3740 1861 3811 ἐντυγχάνοντες

264 3830 387 3891 τοῖς
412 3831 774 3899 προφητικοῖς
794 3829 974 3900 λόγοις
994 3831 1089 3884 καὶ
1108 3832 1222 3894 τοῖς
1242 3830 1492 3901 νομίμοις
1518 3832 1858 3904 μυστηρίοις,

270 3916 350 3989 μὴ
377 3916 664 3990 βλέπωμεν
688 3918 838 3979 τίνες
872 3921 929 3973 αἱ
958 3919 1068 3975 τῶν
1096 3919 1391 3992 προφητῶν
1428 3922 1646 3993 ὁράσεις
1683 3923 1778 3976 καὶ
1808 3923 1862 3979 τί

266 4010 366 4067 τοῦ
403 4010 569 4082 νόμου
592 4011 655 4064 τὺ
690 4011 958 4084 βούλημα,
981 4011 1060 4083 τῷ
1103 4012 1197 4066 καὶ
1245 4013 1372 4077 τοὺς
1411 4012 1709 4085 αὐχοῦντας
1761 4016 1862 4087 τὴν

266 4105 366 4161 τοῦ
400 4104 535 4159 Θεοῦ
571 4105 870 4179 ἱερωσύνην
901 4106 961 4159 οὐ
1006 4107 1165 4177 μόνον
1204 4111 1560 4179 παρανομεῖν,
1602 4107 1738 4162 ἀλλὰ
1768 4109 1863 4163 καὶ

269 4196 571 4261 ἀπολλύναι
593 4197 684 4252 τὸν
717 4197 893 4270 ἀληθῆ
926 4198 1019 4252 τοῦ
1051 4199 1217 4271 νόμου
1250 4199 1395 4264 νοῦν,
1423 4200 1546 4254 τότε
1580 4200 1864 4274 πληρωθή-

271 4308 428 4345 σεται
455 4290 516 4345 τὸ
547 4290 959 4362 Ζητηθήσεται
997 4290 1207 4363 ὅρασις
1236 4292 1307 4346 ἐκ
1334 4291 1665 4363 προφήτου.
1705 4294 1864 4348 Ἀλλὰ

271 4382 481 4453 φθάσαι
518 4383 601 4437 δεῖ
623 4384 716 4437 ἐπὶ
765 4382 826 4437 τὸ
865 4385 1046 4456 εὑρεῖν
1073 4384 1172 4457 τὴν
1204 4385 1545 4463 ζητουμένην
1577 4386 1766 4458 ὅρασιν
1798 4387 1864 4442 ὲκ

269 4473 369 4529 τοῦ
402 4476 706 4548 προφήτου.
754 4476 818 4530 Εἰ
864 4476 922 4530 δὲ
965 4477 1062 4531 καὶ
1100 4477 1159 4544 ἐξ
1212 4478 1401 4551 ἱερέως
1453 4479 1700 4534 ἁπὼλετό
1734 4499 1864 4536 ποτε

271 4568 461 4639 νόμος,
487 4568 641 4638 ζητεῖ
663 4585 780 4632 πως
805 4569 982 4641 εὑρεῖν
1001 4568 1088 4623 διά
1119 4585 1179 4623 τε
1209 4569 1304 4624 τοῦ
1359 4573 1497 4624 νοεῖν
1554 4572 1648 4627 καὶ
1685 4575 1861 4627 ποιεῖν

272 4660 302 4712 ό
329 4662 511 4733 ἱερεὺς
537 4661 629 4715 τὸν
663 4659 847 4731 νόμον,
886 4661 974 4714 ἵνα
998 4662 1093 4715 καὶ
1125 4660 1318 4726 ἄλλους
1355 4665 1743 4738 χειραγωγήσῃ
1770 4665 1865 4720 ἐπὶ

274 4757 343 4826 τῇ
382 4755 614 4827 τηρήσει
648 4752 832 4807 αὐτοῦ.
884 4753 995 4807 Καὶ
1028 4752 1168 4808 ἐπὰν
1209 4754 1266 4808 δὲ
1300 4755 1374 4827 μὴ
1407 4755 1580 4810 ἱκανοὶ
1623 4755 1863 4828 συμϐου-

276 4848 474 4913 λεύειν,
511 4847 647 4920 μηδὲ
685 4845 826 4916 ὑπὲρ
855 4844 950 4899 τοῦ
978 4845 1155 4909 κοινοῦ
1180 4846 1245 4901 τὰ
1273 4846 1458 4901 δέοντα
1486 4851 1707 4905 σκοπεῖν
1728 4867 1863 4922 προ-

278 4939 640 5005 καθέζωνται,
677 4936 894 4992 λεκτέον
942 4937 1024 4990 ὅτι
1056 4936 1304 4999 ἀπώλετο
1337 4938 1500 5011 βουλὴ
1535 4942 1600 4994 ὲκ
1633 4941 1867 5013 πρεσϐυ-

276 5032 472 5104 τέρων.
500 5032 611 5085 Καὶ
647 5033 677 5084 ὁ
709 5029 894 5102 ἄρχων
917 5028 1194 5084 ἐνδύσεται
1228 5032 1555 5103 ἀφανισμὸν,
1596 5036 1643 5088 εἰ
1680 5034 1755 5106 μὴ
1785 5037 1866 5089 ὲν-

279 5124 495 5180 δύσεται
515 5125 606 5180 τὸν
637 5123 871 5196 Χριστὸν
916 5122 1122 5195 Ἰησοῦν
1147 5124 1244 5178 καὶ
1277 5124 1367 5178 τὸν
1394 5124 1617 5193 θώρακα
1651 5127 1752 5198 τῆς
1782 5127 1864 5180 δι-

280 5218 574 5289 καιοσύνης
603 5217 696 5270 καὶ
721 5215 819 5287 τὴν
845 5214 1144 5271 πανοπλίαν
1191 5214 1287 5269 τοῦ
1325 5214 1459 5279 Θεοῦ
1492 5217 1628 5288 πρὸς
1668 5218 1731 5272 τὸ
1768 5219 1863 5273 δύ-

282 5310 489 5366 νασθαί
508 5311 820 5383 ἀντιστῆναι
848 5311 985 5385 πρὸς
1028 5308 1128 5373 τὰς
1161 5308 1440 5381 μεθοδείας
1468 5309 1559 5363 τοῦ
1595 5310 1859 5367 διαϐόλου.

282 5400 398 5466 Πᾶς
440 5401 549 5475 γὰρ
589 5404 918 5476 ἁμαρτάνων
967 5403 1150 5474 ἄρχων
1204 5402 1506 5474 ἀφανισμὸν
1563 5402 1860 5459 ἐνδύσεται·

283 5497 375 5549 καὶ
394 5498 454 5550 αἱ
487 5496 678 5565 χεζοες
704 5497 761 5550 δὲ
792 5496 898 5550 τοῦ
934 5496 1088 5550 λαοῦ
1119 5495 1459 5562 ἐκλύονται,
1488 5495 1617 5549 ὅταν
1660 5495 1862 5569 ὑδαρὴς

287 5590 383 5644 καὶ
427 5588 659 5652 ἄτακτος
704 5589 799 5641 καὶ
843 5587 1176 5661 ὲκλελυμένη
1210 5587 1359 5644 ἔσται
1404 5588 1438 5659 ἡ
1474 5586 1719 5647 πολιτεία
1763 5588 1857 5641 τοῦ

1965 5587 2133 5657 plina.
2164 5584 2394 5653 Quando
2427 5594 2606 5642 autem
2649 5584 2849 5641 virtute
2874 5581 2969 5637 Dei
3008 5588 3190 5635 utetur
3213 5586 3268 5633 et
3307 5574 3544 5631 audierit
3654 5659 3657 5661 _

357 5708 402 5740 “
435 5706 540 5764 lsa.
599 5723 751 5770 LvIII,
803 5708 852 5761 l.
928 5709 973 5741 ⁷⁰
1011 5707 1155 5765 Psal.
1203 5725 1370 5769 Lxxx.
1405 5707 1461 5763 4.
1536 5709 1579 5741 τί
1611 5707 1804 5763 Matth.
1834 5723 1931 5776 vII,

592 5780 638 5811 τ’
692 5775 820 5836 ibid.
864 5777 955 5833 26.
1032 5781 1077 5812 τε
1132 5776 1263 5835 ibid.
1343 5781 1386 5811 "
1433 5779 1562 5839 ibid.
1642 5776 2149 5848 7BEZCCII.\'II,27.

288 5792 389 5848 ‘ill,
422 5780 515 5836 ‘22.

1962 3110 2029 3151 eo
2055 3095 2199 3166 quod
2234 3103 2288 3149 et
2322 3094 2440 3164 ipsa
2471 3092 2611 3146 mala
2644 3092 2714 3153 sit
2740 3100 2794 3148 et
2825 3092 3012 3164 impia,
3044 3105 3145 3146 nec
3183 3090 3382 3148 haheat
3412 3089 3547 3145 visi—

1964 3189 2223 3244 tationem
2268 3186 2395 3254 Dei;
2441 3186 2670 3243 alterum
2701 3196 2880 3244 autem
2912 3201 2986 3240 va:
3019 3184 3090 3240 ob
3120 3191 3391 3238 tormenta
3424 3187 3548 3251 post

1963 3281 2108 3338 hanc
2135 3280 2302 3336 vitam
2353 3279 2558 3335 futura.
2620 3276 2861 3334 Nuntius
2908 3292 3036 3332 vero
3092 3291 3248 3345 super
3299 3273 3543 3328 nuntium

1963 3376 2064 3428 erit
2097 3375 2165 3441 7‘,
2199 3374 2336 3430 forte
2363 3376 2509 3445 quod
2537 3384 2661 3446 post
2697 3373 2995 3444 prophetas
3037 3370 3205 3426 multa
3242 3367 3309 3422 de
3341 3376 3548 3422 aeterno

1966 3464 2235 3540 supplicio
2262 3469 2646 3533 comminutos,
2683 3467 2866 3521 futura
2895 3465 2965 3520 sit
2994 3462 3302 3533 evangelica
3346 3459 3545 3530 praedi-

1965 3560 2287 3629 catio,qu:e
2337 3559 2576 3615 dilucide
2633 3560 2961 3630 gehennam,
3009 3555 3332 3624 nullumque
3381 3550 3543 3605 linem

1966 3650 2222 3709 habitura
2252 3659 2546 3715 tormenta,
2582 3650 2835 3722 explicet.

2039 3742 2110 3798 Et
2136 3753 2401 3813 quazretur
2427 3743 2557 3797 visio
2587 3743 2650 3796 ⁷⁷.
2681 3740 2911 3809 Quando
2934 3738 3178 3806 legendis
3213 3735 3546 3808 propheticis

1964 3835 2312 3909 sermonibus
2344 3843 2398 3891 et
2439 3833 2704 3905 legalibus
2753 3830 3028 3904 mysteriis
3079 3845 3190 3885 non
3238 3827 3545 3884 videbimus

1965 3943 2214 3998 quaenam
2243 3927 2353 3984 sint
2381 3926 2769 3997 prophetarum
2803 3923 3061 3988 visiones,
3089 3916 3298 3991 etquid
3320 3919 3422 3977 sibi
3453 3934 3547 3974 ve-

1966 4018 2029 4073 lit
2055 4019 2161 4085 lex,
2186 4033 2250 4073 eo
2280 4019 2424 4090 quod
2454 4017 2548 4090 qui
2580 4015 2674 4071 Dei
2711 4014 3018 4070 sacerdotio
3068 4014 3391 4084 gloriantur,
3433 4025 3544 4066 ncn

1967 4108 2141 4163 solum
2177 4100 2348 4177 iniqui
2378 4106 2509 4170 sint,
2541 4107 2635 4161 sed
2669 4116 2722 4159 et
2756 4120 2943 4159 verum
2978 4104 3113 4175 legis
3149 4118 3371 4159 sensum
3404 4101 3545 4155 amia

1965 4198 2156 4263 serint,
2186 4208 2315 4253 tunc
2346 4196 2652 4266 implebitur
2683 4197 2813 4250 illud
2837 4212 2850 4250 :
2871 4194 3152 4263 Quteretur
3179 4194 3309 4249 visio
3328 4208 3393 4247 ex
3420 4208 3545 4264 pro—

1966 4293 2142 4368 pheta.
2160 4289 2320 4373 42],
2342 4288 2545 4345 Verum
2561 4288 2876 4345 enitendum
2906 4299 2991 4345 est
3018 4298 3074 4345 ut
3090 4291 3315 4361 quassita
3335 4308 3398 4347 ex
3415 4306 3544 4362 pro-
3642 4342 3643 4345 η

1968 4385 2131 4461 pheta
2169 4382 2306 4438 visio
2345 4382 2671 4439 inveniatur.
2702 4380 2859 4448 Quod
2888 4382 2934 4438 si
2964 4384 3128 4437 etiam
3169 4398 3232 4439 ex
3262 4384 3544 4440 sacerdote

1967 4459 2259 4553 aliquando
2302 4480 2435 4537 exiit
2480 4479 2589 4545 lex,
2634 4476 2830 4548 quaerit
2861 4478 3284 4548 quodammodo,
3320 4486 3433 4537 tum
3458 4459 3545 4533 in-

1970 4573 2259 4649 telligendo
2290 4581 2408 4628 tum
2456 4569 2723 4635 faciendo,
2757 4570 3013 4625 sacerdos
3056 4569 3301 4625 invenire
3346 4569 3541 4641 legem,

1967 4674 2104 4722 utet
2131 4665 2254 4726 aliis
2288 4664 2356 4719 ad
2387 4676 2508 4716 eam
2553 4659 2948 4717 observandam
2996 4659 3106 4714 dux
3147 4668 3364 4728 praeeat.
3401 4657 3541 4714 Cum

1968 4769 2149 4816 autem
2198 4756 2366 4828 inepti
2401 4756 2468 4811 ad
2516 4755 2756 4812 dandum
2798 4752 3109 4816 consilium,
3144 4752 3229 4807 vel
3265 4750 3333 4807 ad
3372 4750 3546 4821 dispi-

1969 4850 2222 4911 ciendum
2253 4849 2385 4920 quid
2411 4848 2725 4918 reipublicae
2748 4844 2977 4909 intersit,
3008 4844 3318 4914 praesident,
3352 4843 3544 4903 dicen-

1971 4942 2099 5005 dum
2130 4949 2215 4995 est
2241 4940 2470 5011 periisse
2499 4938 2790 4994 consilium
2832 4953 2896 4993 ex
2933 4937 3233 4999 sacerdote.
3280 4925 3543 5004 Princeps

1969 5047 2189 5104 quoque
2230 5032 2487 5088 induetur
2526 5031 2772 5096 interitu,
2822 5029 2926 5084 nisi
2976 5028 3219 5085 induerit
3260 5028 3544 5087 Chriswm

1968 5127 2178 5194 Jesum,
2203 5135 2258 5181 et
2286 5125 2560 5182 thoracem
2606 5123 2851 5195 justitiae,
2886 5132 2940 5178 et
2974 5132 3307 5183 armaturam
3338 5120 3453 5186 Dei,
3485 5129 3546 5175 ut

1968 5220 2145 5291 possit
2195 5217 2448 5281 resistere
2481 5216 2747 5272 adversus
2797 5217 3029 5270 astutias
3077 5213 3303 5269 diaboli.
3351 5209 3544 5267 Omnis

1968 5312 2118 5369 enim
2152 5310 2405 5381 princeps
2429 5309 2524 5380 qui
2557 5317 2765 5379 peccat,
2798 5308 3014 5363 interitu
3047 5308 3320 5364 induetur.
3355 5303 3460 5359 Sed
3488 5309 3544 5358 et

1969 5420 2159 5460 manus
2181 5402 2363 5473 populi
2389 5400 2753 5455 dissoluuntur
2781 5398 2848 5463 ⁷⁸,
2884 5414 3008 5455 cum
3041 5397 3207 5453 diluta
3246 5403 3301 5449 et
3332 5393 3543 5451 incom-

1968 5495 2166 5565 posita,
2201 5494 2542 5562 remissaque
2585 5506 2649 5546 ac
2692 5491 2870 5547 soluta
2921 5488 3086 5543 fuerit
3143 5483 3326 5558 populi
3374 5483 3540 5538 disci-

1982 5707 2035 5762 9..
2112 5709 2160 5739 ⁷¹
2205 5705 2403 5763 Ezech.
2426 5722 2522 5773 vn,
2555 5704 2638 5760 l8.
2715 5703 2939 5761 "Deut.
2970 5716 3083 5770 XIV,
3120 5699 3169 5757 1.
3258 5698 3303 5732 ⁷³
3335 5696 3536 5758 Ezech.
