4070 6296
323 360 449 420 797

1553 383 1865 442 SELECTA
1902 385 1968 440 IN
2005 380 2462 440 EZECHIELEM.

3499 389 3606 442 798

321 495 426 573 ᾳι.
485 480 738 538 Ποιοῦσιν
790 485 983 540 εῖδωλα
1016 489 1064 542 οἱ
1123 489 1526 564 ἁμαρτάνοντες
1581 501 1901 573 πρεσϐύτερ‹

2004 498 2193 557 Lciunt
2219 498 2361 552 idola
2393 509 2678 567 peccantes
2708 497 2975 563 seniores,
3021 497 3150 552 dum
3198 497 3342 553 intra
3379 513 3438 553 se
3476 515 3609 555 con-

320 570 495 662 ἔνδον
520 575 730 631 ἑαυτῶν
760 578 1260 647 κατασκευάζοντες
1299 585 1388 639 διὰ
1429 587 1528 658 μὲν
1567 590 1660 644 τοῦ
1695 593 1796 662 τῆς
1832 570 1933 646 κτα-

319 661 471 727 κίας
507 664 589 717 ίοῦ
620 668 800 721 πᾶσαν
834 673 1092 743 ὁμοίωσιν
1117 679 1367 750 ἑρπετοῦ,
1397 679 1486 733 διὰ
1523 680 1579 734 δὲ
1613 683 1713 753 τῆς
1735 661 1934 738 ἀκολά-

2037 598 2258 645 struunt
2307 605 2404 660 per
2450 589 2671 644 malitiae
2727 588 2945 659 quidem
2993 588 3142 642 virus
3197 588 3606 646 similitudinem

2033 682 2320 752 serpentis,
2348 698 2444 752 per
2469 683 2916 751 intemperantem
2947 695 3075 736 vero
3109 681 3605 751 concupiscentiam

323 771 473 808 στου
521 757 821 829 ἐπιθυμίας
859 766 1040 820 πᾶσαν
1085 769 1342 841 ὁμοίωσιν
1375 773 1624 843 κτήνους.
1656 775 1721 828 Ei
1750 775 1807 830 δὲ
1839 794 1901 830 κα

2031 789 2250 828 onmem
2288 773 2699 829 similitudinem
2741 771 2974 842 pecoris.
3007 770 3102 826 Sin
3147 779 3328 826 autem
3354 771 3518 826 etiam
3541 773 3608 827 de

317 845 790 921 ψευδοδοξήσαιεν
823 856 951 928 περὶ
985 858 1095 913 τῶν
1124 860 1303 926 θείων,
1340 861 1545 933 μάταια
1587 864 1901 938 βδελύγματ‹

2029 864 2230 919 divinis
2291 864 2427 920 falsa
2488 863 2809 930 docuerint,
2881 861 3318 918 abominationes
3375 860 3602 917 faciunt.

318 944 830 1010 κατασκευάζουσιε
859 951 969 1005 πᾶν
1005 953 1114 1026 γὰρ
1146 954 1205 1008 τὺ
1229 955 1488 1027 περὶτῶν
1523 957 1682 1012 θείων
1711 958 1926 1029 ψεῦδος,

316 1030 430 1084 am
479 1033 679 1100 ἀσεϐὲς
723 1041 1008 1111 τυγχάνον,
1060 1045 1155 1099 καὶ
1201 1045 1429 1116 μάταιόν
1467 1049 1585 1102 ἐστι
1629 1048 1924 1120 βδέλυγμα.

313 1120 459 1176 Εἰσὶ
491 1123 554 1177 δέ
595 1143 760 1193 τινες,
793 1132 942 1195 τοὺς,
977 1132 1044 1186 ἵν’
1074 1133 1246 1199 οὕτως
1279 1136 1440 1203 εἴπω,
1473 1137 1688 1208 τοίχους
1719 1139 1814 1193 τοῦ
1851 1139 1929 1193 οῖ-

313 1229 427 1267 κου
460 1216 563 1287 τῆς
587 1216 766 1290 ψυχῆς
799 1222 954 1288 ὅλους
986 1224 1496 1299 διαγεγραμμένους
1531 1230 1746 1300 ἔχοντες
1776 1232 1926 1306 πάσῃ

313 1306 592 1378 ὁμοιώσει
629 1312 860 1383 ἑρπετοῦ
902 1316 997 1370 καὶ
1024 1323 1272 1390 κτήνους,
1309 1321 1400 1375 καὶ
1447 1323 1694 1393 ματαίοις
1741 1323 1926 1393 βδελύ-

2029 957 2202 1013 Omne
2222 957 2368 1012 enim
2397 957 2464 1011 de
2501 955 2699 1011 divinis
2721 955 3090 1019 mendacium,
3120 963 3307 1024 utpote
3347 953 3602 1023 impium,

2026 1063 2168 1103 vana
2190 1049 2354 1104 etiam
2384 1055 2470 1103 est
2516 1047 2864 1102 aliominatio.
2917 1045 3058 1101 Sunt
3101 1058 3284 1100 autem
3331 1045 3602 1111 nonnulli,

2025 1138 2120 1209 qui
2149 1147 2292 1194 totos
2319 1137 2516 1193 domus
2544 1137 2738 1192 animae
2760 1137 2995 1207 parietes
3027 1135 3226 1191 habent
3253 1136 3426 1206 pictos
3451 1136 3601 1190 omni

2025 1230 2384 1286 similitudine
2415 1229 2626 1298 reptilis
2650 1237 2705 1284 et
2731 1229 2967 1298 pecoris,
3004 1227 3270 1298 vanisque
3310 1227 3599 1283 abomina-

2025 1322 2290 1388 tionibus,
2324 1322 2527 1392 quique
2567 1321 2676 1376 illis
2703 1321 2967 1385 serviunt,
2991 1334 3055 1375 ac
3081 1320 3228 1374 velut
3256 1319 3361 1375 diis
3393 1320 3599 1374 hostias

311 1411 535 1468 γμασι,
570 1401 665 1455 καῖ⁹
693 1404 904 1470 τούτοις
931 1407 1292 1477 δουλεύοντες,
1316 1412 1411 1466 καὶ
1431 1413 1507 1476 ὡς
1540 1412 1680 1478 θεοῖς
1703 1413 1901 1478 θύοντες

2022 1423 2186 1484 atque
2219 1413 2446 1469 incensa
2469 1412 2578 1467 illis
2605 1411 2862 1475 oll‘erunt,
2906 1411 3043 1465 adeo
3076 1418 3137 1464 ut
3170 1425 3340 1480 vapor
3389 1409 3598 1465 incensi

312 1489 422 1542 καὶ
477 1489 814 1564 θυμιῶντες,
865 1497 1006 1552 ὥστε
1048 1499 1146 1572 τὴν
1189 1503 1387 1574 ἀτμίδα
1432 1503 1526 1557 τοῦ
1579 1505 1901 1577 θυμιάματος

2023 1501 2305 1568 ascendat,
2331 1503 2435 1557 hoc
2464 1509 2569 1569 est,
2599 1516 2661 1554 ea
2688 1515 2795 1570 qua
2830 1500 2930 1554 ista
2962 1499 3277 1570 depereunt,
3309 1499 3597 1553 admiratio

308 1577 661 1649 ἀναϐαίνειν,
685 1586 933 1641 τουτέστι
969 1589 1033 1643 τὸ
1076 1592 1207 1665 περὶ
1235 1594 1412 1648 αὐτῶν
1445 1594 1631 1667 θαῦμα
1677 1597 1901 1671 ὑψούμε-

2019 1596 2263 1666 ipsorum
2293 1594 2488 1651 studiis
2519 1593 2730 1649 sublata
2755 1601 2915 1663 atque
2945 1593 3105 1647 elata.
3139 1591 3443 1662 Depingunt
3467 1606 3596 1646 vero

309 1686 423 1773 vox:
481 1673 579 1726 καὶ
624 1676 986 1773 ἑπαιρόμενον
1047 1682 1141 1736 ὑπ’
1186 1681 1385 1739 αὐτῶν.
1451 1686 1816 1759 Ἐγγράφουσι
1859 1691 1901 1745 δὲ

2016 1687 2133 1744 haec
2159 1687 2214 1741 in
2247 1686 2446 1742 animis
2473 1685 2588 1741 suis
2626 1686 2682 1739 in
2717 1685 2972 1752 circuitu,
3007 1683 3217 1738 nullum
3247 1683 3300 1736 in
3329 1683 3399 1738 iis
3421 1683 3595 1737 malo-

307 1768 505 1818 ταῦτα
556 1768 675 1832 ταῖς
731 1768 991 1836 διανοίαις
1036 1773 1214 1828 αὐτῶν
1254 1775 1458 1849 κύκλῳ,
1509 1778 1715 1850 μηδένα
1760 1782 1901 1837 κενὸι

2015 1795 2138 1833 rum
2167 1793 2402 1834 vacuum
2427 1777 2794 1847 relinquentes
2831 1776 3036 1840 locum,
3077 1782 3138 1829 ut
3162 1773 3404 1844 undique
3434 1775 3594 1829 malis

308 1855 751 1925 καταλείποντες
779 1863 964 1918 κακῶν
996 1865 1052 1919 ἐν
1085 1867 1272 1931 αὐτοῖς
1292 1868 1479 1935 τόπον,
1505 1870 1580 1934 ὡς
1599 1871 1664 1924 δι’
1694 1872 1812 1926 ὅλον
1833 1869 1901 1928 εἴ·

2016 1870 2214 1941 depicti
2235 1870 2364 1935 sint,
2396 1877 2452 1924 et
2478 1839 2694 1924 sacrum
2722 1839 3078 1922 hebdomadas
3106 1839 3371 1921 circulum
3402 1881 3432 1920 a
3464 1881 3593 1921 sau-

307 1963 410 1999 ναι
444 1950 830 2020 γεγραμμένον
861 1956 973 2018 τοῖς
1005 1959 1215 2022 κακοῖς,
1245 1958 1341 2012 καὶ
1371 1958 1463 2013 τὸν
1491 1961 1633 2032 ἱερὸν
1654 1962 1745 2017 τὸν
1767 1965 1916 2018 ἐϐδο-

312 2037 497 2107 μάδος
536 2038 736 2094 κύκλον
774 2045 1216 2121 μετατεθεικέναι
1237 2048 1345 2103 ἀπὸ
1376 2051 1485 2105 τῶν
1525 2053 1694 2122 ἁγίων
1722 2057 1816 2110 ἐπὶ
1844 2057 1915 2112 τά

307 2127 541 2195 εἴδωλα,
572 2129 713 2184 ὥστε
741 2133 833 2187 καὶ
862 2135 961 2206 τὴν
993 2137 1154 2190 οἱονεὶ
1186 2138 1513 2212 βεϐαιότητα
1549 2145 1608 2198 ὲν
1647 2149 1762 2210 τοῖς
1799 2149 1915 2218 χεί-

310 2233 476 2290 ροσιν
509 2222 706 2288 αὐτοὺς
748 2225 1058 2282 ἀναλαϐεῖν.
1094 2231 1346 2286 Τοιοῦτον
1379 2234 1488 2304 γάρ
1526 2236 1641 2290 ἐστι
1679 2238 1760 2305 τὸ,
1804 2240 1910 2294 Καὶ

304 2308 731 2380 ἐϐδομήκοντα
769 2313 983 2385 ἄνδρες
1022 2318 1093 2372 ἐκ
1130 2319 1250 2375 τῶν
1293 2325 1708 2394 πρεσϐυτέρων
1742 2330 1911 2385 οἴκου

319 2399 592 2469 Ἰσραήλ.
628 2405 756 2459 Ὅτε
789 2406 845 2460 δὲ
877 2409 910 2480 ἡ
937 2407 1146 2463 διάνοια
1169 2410 1264 2464 τοῦ
1289 2416 1569 2486 προφήτου
1607 2420 1709 2489 ὁρᾷ
1749 2421 1816 2475 τά
1851 2423 1909 2475 ἐν

305 2489 399 2560 τῷ
430 2493 562 2564 οἴκῳ
590 2495 689 2566 τῆς
733 2497 962 2552 ἑκάστου
990 2499 1099 2554 τῶν
1132 2500 1548 2574 ἁμαρτανόντων
1575 2508 1772 2581 ψυχῆς,
1800 2517 1910 2567 είσ-

307 2582 574 2676 αγομένη
606 2585 722 2676 Δὑπὸ
773 2586 866 2642 τοῦ
907 2590 1238 2663 πνεύματος,
1285 2594 1378 2648 ἐπὶ
1415 2596 1484 2651 τὰ
1523 2601 1768 2673 πρόθυρα
1809 2605 1908 2676 τῆς

307 2669 735 2766 αὐλῆςμβλέπει,
771 2678 864 2731 καὶ
891 2677 1006 2766 ἐστι
1040 2697 1106 2749 γε
1148 2682 1253 2754 ὑπή
1288 2700 1372 2746 τις
1411 2686 1504 2739 καὶ
1539 2669 1784 2759 ἴχνος-ὲν
1828 2669 1908 2766 τῶ

309 2761 812 2861 λῗημένῳῄτοίχω,
843 2769 909 2823 δι’
940 2765 1009 2861 ᾖς
1043 2774 1136 2828 ἐπὶ
1168 2775 1352 2831 πλεῖον
1375 2776 1769 2856 ἐξεταζομένης
1811 2761 1907 2841 καλ

309 2852 402 2920 τῷ
427 2852 719 2946 ἐρευνῶντι
741 2855 890 2946 λόγῳ
913 2857 1355 2936 ὲξορυττομένης,
1391 2866 1490 2922 ὅλα
1529 2852 1748 2927 δύναταί
1786 2875 1907 2946 βλέ-

309 2956 445 2994 πειν
469 2943 498 2994 ὁ
530 2942 634 3036 ὑπὸ
671 2944 765 3036 τοῦ
802 2946 944 3002 θείου
962 2951 1278 3023 Πνεύματος
1311 2962 1741 3032 πεφωτισμένος,
1780 2942 1902 3036 βλέ-

309 3046 439 3085 πων
473 3031 613 3103 μετά
639 3033 740 3106 τὴν
758 3036 896 3110 ὀπήν
923 3040 1017 3095 καὶ
1045 3041 1232 3115 θύραν,
1267 3046 1335 3101 δι’
1368 3043 1437 3121 ἧς
1464 3031 1578 3106 ἔστι
1605 3053 1698 3109 τὸν
1740 3031 1904 3115 αύτὸν

2016 1962 2118 2016 etis
2145 1960 2212 2015 ad
2243 1959 2387 2014 idola
2428 1959 2829 2023 transtulerint,
2865 1957 3011 2010 velut
3039 1957 3336 2011 ﬁrmiorem
3361 1957 3414 2010 in
3444 1957 3592 2012 vitiis

2016 2051 2258 2106 habitum
2290 2049 2456 2104 nacti.
2485 2047 2768 2118 Ejusmodi
2805 2047 2950 2101 enim
2988 2052 3073 2100 est
3119 2046 3256 2101 illud
3285 2048 3329 2080 ⁸⁷
3364 2066 3377 2101 :
3407 2046 3477 2100 Et
3509 2065 3591 2102 se-

2013 2141 2292 2211 ptuaginta
2327 2140 2426 2193 viri
2459 2153 2523 2193 ea:
2547 2137 2840 2192 senioribus
2868 2137 3054 2190 domus
3083 2136 3276 2192 Israel.
3315 2139 3451 2192 Cum
3485 2153 3586 2192 au-

2014 2242 2121 2286 tem
2151 2230 2429 2301 prophetae
2478 2243 2631 2284 mens
2671 2243 2734 2283 ea
2774 2228 2919 2284 videt
2978 2243 3101 2298 quae
3138 2229 3192 2284 in
3247 2229 3585 2299 singulorum

2011 2323 2106 2393 qui
2147 2328 2376 2392 peccant
2419 2320 2616 2374 animae
2664 2319 2828 2374 domo
2875 2319 3030 2384 ﬁunt,
3056 2318 3432 2374 introducente
3473 2320 3586 2389 spi-

2011 2413 2142 2479 ritu,
2174 2413 2229 2468 in
2273 2412 2412 2468 aula:
2445 2409 2774 2466 vestibulum
2818 2410 3062 2480 respicit,
3102 2418 3292 2480 estque
3340 2411 3396 2464 in
3438 2411 3585 2465 dicto

2009 2520 2170 2562 muro
2198 2504 2447 2560 foramen
2480 2504 2752 2575 quoddam
2785 2513 2840 2559 et
2866 2501 3175 2574 vestigium,
3212 2503 3371 2572 cujus
3401 2513 3585 2558 meatu

2011 2597 2324 2670 diligentius
2348 2595 2718 2668 pervestigato
2747 2604 2910 2666 atque
2932 2610 2960 2648 a
2995 2594 3163 2649 verbo
3197 2602 3474 2650 scrutante
3505 2593 3586 2649 ei-

2009 2689 2183 2755 l‘osso,
2214 2697 2600 2746 cuncta.retro
2633 2687 2879 2743 foramen
2918 2695 3242 2756 portamque
3280 2685 3456 2753 posita
3503 2682 3584 2738 vi-

2007 2781 2136 2838 dere
2185 2787 2365 2852 potest
2405 2779 2500 2852 qui
2547 2794 2579 2834 a
2622 2779 2808 2834 divino
2857 2777 3062 2848 Spiritu
3111 2775 3472 2841 illuminatur,
3514 2790 3582 2831 ac

2006 2873 2154 2945 quod
2190 2885 2372 2931 mente
2409 2880 2733 2942 conceptum
2787 2879 2890 2937 est,
2925 2868 3129 2940 eloqui.
3176 2867 3253 2923 De
3287 2867 3391 2923 hac
3422 2877 3578 2938 porta

2005 2977 2268 3039 tanquam
2316 2967 2373 3022 in
2425 2977 2760 3035 unoquoque
2819 2970 3067 3016 nostrum
3124 2957 3450 3024 exsistente,
3504 2957 3581 3012 ait

2004 3061 2170 3118 etiam
2196 3058 2447 3115 Salvator
2473 3058 2529 3112 in
2547 3054 2872 3127 Apocalypsi
2895 3053 2975 3108 ⁸⁸ε
3009 3052 3140 3108 Ecce
3155 3061 3235 3106 sto
3261 3051 3330 3104 ad
3357 3051 3575 3118 ostium,

307 3121 414 3226 καὶ
452 3121 739 3231 διεξελθεῖν
771 3128 837 3231 τό
868 3135 1207 3231 νενοημένον.
1247 3139 1385 3210 Φησὶ
1430 3142 1489 3195 δὲ
1530 3146 1659 3218 περὶ
1698 3151 1901 3224 ταύτης

2004 3162 2054 3209 et
2075 3152 2231 3225 pulso
2256 3165 2276 3204 :
2307 3151 2354 3206 si
2385 3151 2502 3222 quis
2540 3121 2670 3203 mihi
2918 3147 3215 3217 aperuerit,
3249 3141 3478 3198 introibo
3505 3156 3576 3196 aa

304 3213 414 3286 τῆς
460 3213 630 3288 θύρας
678 3219 738 3272 ἐν
774 3223 840 3292 τῇ
883 3221 1130 3280 Ἰωάννου
1180 3230 1543 3306 Ἀποκαλύψει
1677 3239 1736 3295 ἑν
1769 3213 1900 3299 Exi...

2007 3261 2146 3309 eum,
2170 3251 2220 3306 et
2249 3240 2460 3296 cantabo
2485 3256 2605 3294 cum
2627 3237 2740 3294 illo.

466 3316 840 3414 τυγχανούῗης
881 3321 976 3375 καὶ
1013 3322 1043 3375 ὁ
1079 3325 1287 3400 Σωτήρ
1342 3329 1487 3386 Ἰδοὺ
1536 3332 1769 3407 ἕστηκα
1809 3341 1909 3398 ἐπὶ
1946 3341 2061 3414 τὴν
2091 3341 2299 3410 θύραν,
2344 3336 2444 3393 καὶ
2488 3335 2700 3405 κρούω·
2746 3331 2856 3388 ἐάν
2885 3349 2976 3400 τις
3005 3331 3218 3403 ἀνοίγῃ
3256 3346 3377 3405 μοι,
3414 3329 3573 3385 εἱσα-

304 3404 606 3498 λεύσομαι
623 3410 790 3498 πρὸς
810 3414 1016 3482 αὐτὸν,
1048 3419 1149 3473 καὶ
1173 3420 1479 3492 δειπνήσω
1497 3429 1626 3498 μετ’
1654 3404 1861 3491 αὐτοῦ.

381 3497 541 3591 Διότι
586 3495 780 3557 εἷπον·
847 3505 1383 3577 Ἐγκατα-λέλοιπεν
1423 3521 1458 3573 ό
1499 3495 1737 3591 Κύριος.
1784 3527 1899 3583 Οὐκ

303 3582 378 3660 ἦν
407 3589 537 3680 περί
558 3606 680 3644 τινα
713 3592 808 3648 ἕνα
839 3596 971 3651 ποτὲ
1001 3599 1504 3677 ὲναποτεταγμένον
1534 3582 1723 3680 τόπον,
1758 3582 1899 3672 ἀλλά

305 3679 444 3770 περὶ
473 3679 564 3737 τὸν
610 3683 847 3740 ἑκάστου
881 3691 1115 3745 κοιτῶνα
1159 3695 1229 3748 τά
1273 3696 1594 3770 ἑωραμένα·
1638 3703 1735 3759 καὶ
1775 3723 1894 3761 κοι-

303 3769 458 3866 τῶνά
483 3789 549 3842 γε
575 3773 668 3829 τὸν
686 3778 947 3848 κρυπτὸν,
980 3778 1135 3847 ἔθους
1155 3783 1307 3849 ὅντος
1435 3789 1626 3866 Γραφῇ
1656 3795 1726 3850 τὰ
1751 3796 1894 3852 κατά

304 3862 372 3916 τὸ
403 3865 728 3937 ἡγεμονικὸν
761 3868 855 3922 καὶ
887 3873 1158 3939 κρυπτὸν
1198 3877 1406 3947 καλεῖν,
1449 3880 1563 3936 ἔσθ’
1594 3862 1686 3939 ὅτε
1712 3886 1771 3940 δὲ
1801 3889 1897 3943 καὶ

303 3956 592 4026 ταμιεῖον.
628 3957 878 4015 Τοιοῦτον
908 3962 1017 4033 γάρ
1050 3965 1165 4018 ἑστι
1194 3965 1276 4032 τὸ,
1297 3969 1554 4028 Εἵσελθε
1582 3976 1671 4044 εὶς
1701 3978 1766 4032 τὸ
1791 3995 1894 4032 τα-

298 4046 500 4117 μιεῖόν
546 4063 662 4105 σου
681 4065 696 4081 ·
752 4051 847 4104 καὶ
889 4052 970 4105 τό·
1030 4053 1094 4107 ⁸0
1125 4055 1380 4121 ,Βλέπων
1423 4061 1495 4116 ἐν
1543 4064 1625 4130 τῷ
1656 4068 1896 4135 κρυπτῷ

302 4137 609 4194 ἀποδώσει
639 4156 758 4198 σοι.
795 4143 871 4196 Οὐ
908 4145 1125 4218 μακρὰν
1155 4148 1213 4202 δὲ
1241 4151 1445 4209 τούτων
1477 4155 1596 4210 ἐστὶ
1627 4157 1723 4213 καὶ
1751 4161 1779 4214 ό
1809 4160 1896 4214 λε-

301 4231 537 4304 γόμενος
563 4234 826 4303 κρυπτὸς
861 4235 975 4306 τῆς
1002 4239 1253 4310 καρδίας
1277 4243 1611 4318 ἄνθρωπος.
1647 4251 1895 4308 Πιθανώ-

301 4339 465 4396 τερον
511 4323 570 4377 δέ
609 4325 724 4378 ἑστι
775 4325 869 4380 καὶ
915 4327 1044 4399 περὶ
1089 4329 1281 4385 τούτου
1328 4335 1423 4389 τοῦ
1475 4340 1720 4410 κρυπτοῦ
1766 4345 1893 4409 τοὺς

303 4415 723 4489 ἁμαρτάνοντας
754 4418 1021 4486 ὑπονοεῖν,
1039 4420 1116 4486 ὼς
1149 4421 1306 4492 ὀρῶν
1331 4429 1447 4498 οὐχ
1475 4428 1587 4498 ὁρᾷ
1615 4433 1838 4502 αὐτοὺς
1859 4438 1892 4490 ό

303 4509 540 4577 Κύριος.
579 4509 816 4564 Δύναται
845 4511 902 4564 δὲ
930 4512 1012 4577 τὸ,
1059 4513 1596 4585 Ἐγνιαταλέλοιπεν
1617 4525 1652 4578 δ
1676 4525 1892 4593 Κύριος

303 4597 422 4667 τὴν
461 4599 600 4669 γῆν,
635 4599 888 4683 λέγεσθαι
941 4603 1047 4657 ὑπὸ
1086 4604 1197 4660 τῶν
1229 4609 1559 4681 νομιζόντων
1598 4613 1696 4687 τὴν
1739 4615 1890 4671 θείαν

305 4689 566 4783 πρόνοιαν
599 4691 672 4764 μὴ
701 4693 907 4765 διήκειν
932 4697 1028 4750 καὶ
1058 4698 1152 4752 ἐπὶ
1173 4700 1272 4773 τήν
1294 4702 1399 4773 γῆν
1424 4708 1521 4760 καὶ
1547 4707 1616 4762 τὰ
1640 4712 1698 4764 ἑν
1720 4710 1881 4783 αὐτῇ.

2072 3526 2215 3594 Quia
2241 3525 2512 3587 dixerunt,
2543 3519 2823 3592 dereliquit
2844 3517 3099 3572 Dominus
3121 3516 3190 3572 ⁸⁸.
3229 3515 3305 3572 Ea
3333 3532 3456 3588 quae
3473 3517 3574 3573 ob-

1991 3618 2138 3690 jecta
2169 3614 2344 3672 oculis
2371 3620 2532 3677 sunt,
2565 3625 2673 3666 non
2707 3609 2764 3665 in
2793 3616 2943 3665 certo
2975 3605 3213 3679 quodam
3239 3607 3362 3662 loco
3389 3616 3568 3674 erant,

1996 3708 2092 3766 sed
2125 3707 2180 3762 in
2210 3703 2642 3775 uniuscujusque
2687 3699 2978 3767 cubiculo,
3023 3699 3272 3770 adeoque
3317 3697 3572 3754 cubiculo

1996 3797 2318 3856 abscondito
2368 3811 2434 3852 ac
2482 3793 2775 3851 secretiore
2824 3810 2840 3848 :
2886 3792 3087 3863 quippe
3122 3805 3247 3848 cum
3283 3790 3457 3845 moris
3499 3789 3568 3847 sit

1998 3892 2315 3965 Scripturae,
2333 3899 2394 3946 ut
2419 3903 2542 3959 quae
2566 3888 2633 3943 ad
2668 3886 2970 3958 principem
3003 3885 3171 3940 animi
3201 3892 3411 3954 partem
3438 3882 3569 3938 atti-

1995 3990 2164 4050 nent,
2214 3980 2380 4036 etiam
2439 3976 2810 4031 absconditum
2856 3983 3033 4040 vocet,
3086 3971 3360 4027 interdum
3401 3972 3568 4030 etiam

1994 4073 2259 4128 conclave.
2305 4069 2588 4140 Ejusmodi
2619 4068 2766 4123 enim
2798 4076 2882 4122 est
2914 4065 3047 4121 illud
3073 4067 3142 4120 ’°:
3177 4063 3334 4120 Intra
3353 4065 3408 4118 in
3437 4081 3566 4120 cou-

1994 4165 2139 4219 clave
2157 4173 2337 4227 tuum;
2357 4169 2412 4217 et
2435 4161 2650 4216 illud”:
2673 4157 2778 4224 Qui
2802 4159 2940 4214 uidet
2965 4159 3020 4212 in
3041 4157 3367 4224 abscondito,
3385 4155 3568 4210 reddet

1995 4257 2113 4312 tibi.
2169 4255 2278 4311 Nec
2306 4255 2466 4324 longe
2492 4252 2562 4308 ab
2585 4251 2706 4307 istis
2744 4257 2830 4306 est
2863 4249 2959 4320 qui
3000 4247 3198 4304 dicitur
3225 4246 3565 4303 absconditus

1993 4349 2168 4404 cordis
2213 4347 2368 4401 homo
2390 4347 2460 4400 ³³.
2517 4342 2882 4399 Verisimilius
2929 4349 3109 4395 autem
3153 4348 3238 4396 est
3278 4350 3564 4408 peccantes

1991 4440 2154 4496 etiam
2182 4439 2250 4494 de
2287 4438 2392 4492 hoc
2424 4433 2742 4492 abscondito
2781 4431 3347 4505 suspicari,quoniam
3385 4431 3562 4486 videns

1993 4547 2098 4585 non
2144 4530 2286 4584 videt
2328 4542 2415 4582 eos
2461 4524 2722 4580 Dominus
2748 4523 2816 4576 ".
2866 4520 3004 4576 Illud
3026 4532 3206 4577 autem
3233 4520 3324 4576 ἰε
3359 4521 3563 4575 Dereii-

1991 4621 2104 4694 quit
2148 4619 2408 4675 Dominus
2435 4627 2660 4680 terram,
2691 4620 2873 4685 potest
2915 4613 3022 4668 dici
3051 4612 3122 4667 ab
3154 4613 3223 4668 iis
3251 4611 3345 4681 qui
3371 4620 3563 4682 putant

1991 4712 2231 4768 divinam
2276 4707 2673 4781 providentiam
2711 4721 2820 4761 non
2863 4705 3029 4760 etiam
3063 4703 3131 4759 ad
3178 4712 3378 4758 terram
3403 4711 3458 4758 et
3486 4703 3559 4759 ad

303 4781 442 4874 Elei.
477 4783 599 4874 γὰρ
634 4783 684 4837 οἳ
727 4785 835 4838 ἀπὸ
863 4784 973 4841 τῶν
1017 4788 1284 4859 οὐρανίων
1333 4797 1427 4849 καὶ
1477 4799 1734 4872 αίθερίων
1782 4781 1883 4858 ούκ

2004 4819 2054 4860 ιιι
2082 4818 2205 4874 qua:
2251 4803 2308 4857 in
2341 4801 2431 4856 illa
2469 4807 2636 4862 sunt,
2670 4796 2994 4866 pertingere.
3056 4795 3197 4849 Sunt
3225 4794 3371 4850 enim
3399 4794 3493 4865 qui
3523 4809 3559 4852 ι

305 4872 525 4942 ἀφεῖλον
551 4873 651 4946 τὴν
684 4876 946 4947 Πρόνοιαν
979 4877 1389 4953 δυσωπηθέντες
1420 4888 1519 4961 τὴν
1552 4893 1611 4946 ἑν
1656 4895 1884 4960 ἐκείνοις

303 4965 476 5060 τάξινο
513 4967 698 5060 ἀπὸδὲ
726 4967 827 5039 τῆς
847 4970 948 5041 γῆς
966 4973 1234 5042 περιεῖλον
1246 4976 1417 5049 αὐτὴν
1445 4981 1539 5034 καὶ
1559 4981 1681 5056 [τὴν
1708 4986 1881 5060 θείαν]

303 5055 549 5160 δύναμιν,
583 5058 833 5130 λέγοντες
865 5062 946 5130 τὸ,
990 5065 1485 5135 Ἐγκατωλέλοιπε
1523 5055 1738 5146 Κύριος
1765 5055 1880 5150 τὴν

303 5167 440 5217 γην.

381 5169 440 5204 ν.

345 5169 711 5311 ηΘρηνοῦσαι
727 5244 795 5298 τὸ
818 5244 1106 5316 Θαμμούζὶ
1124 5247 1229 5302 Τὸν
1240 5249 1529 5324 λεγόμενον
1545 5276 1621 5314 πα
1629 5261 1675 5331 ρ’
1697 5261 1884 5334 Ἔλλη-

1990 4893 2303 4950 coalestibus
2347 4899 2402 4946 et
2450 4888 2700 4945 aethereis
2743 4884 3145 4942 Providentiam
3177 4901 3285 4942 non
3317 4887 3558 4943 abstule-

1990 4994 2120 5041 runt
2149 4985 2220 5040 ob
2249 4983 2494 5040 ordinem
2538 4981 2593 5036 in
2641 4979 2750 5035 illis
2776 4977 3076 5033 elucentem
3104 4977 3160 5033 in
3184 4993 3303 5034 eam
3337 4977 3559 5035 abducti

1990 5077 2349 5143 sententiam;
2379 5089 2410 5130 e
2435 5083 2579 5129 terra
2605 5085 2732 5126 vero
2759 5085 2880 5126 eam
2904 5069 3110 5139 Deique
3139 5070 3436 5140 potentiam
3468 5071 3560 5125 ab-

1989 5169 2281 5234 stulerunt,
2311 5167 2551 5221 dicentes
2580 5181 2594 5219 :
2630 5161 2920 5232 Dereliquit
2943 5161 3199 5216 Dominus
3231 5173 3448 5216 terram.

2058 5259 2314 5330 Lugentes
2345 5257 2634 5311 Thammus
2660 5255 2728 5309 ⁸⁸.
2773 5254 2944 5320 Quem
2983 5252 3156 5308 Graeci
3182 5253 3416 5306 Adonim
3462 5266 3557 5306 vo-

305 5349 388 5423 σιν
411 5335 663 5400 Ἀδωνιν,
692 5336 957 5409 Θαμμούζ
979 5356 1110 5409 φασι
1141 5340 1422 5399 καλεῖσθαι
1444 5351 1574 5420 παρ’
1607 5351 1877 5423 Ἑϐραίοις

2004 5358 2145 5418 :ant,
2178 5347 2480 5403 Thammuz
2511 5347 2664 5400 aiunt
2703 5343 2885 5399 vocari
2919 5343 3061 5413 apud
3091 5341 3344 5397 Hebraeos
3374 5352 3429 5396 et
3453 5339 3556 5412 Sy-

302 5421 396 5474 καὶ
429 5423 638 5494 Σύροις,
701 5426 790 5490 Ὠς
821 5423 913 5481 οὖν
951 5428 1046 5481 ἐπὶ
1086 5431 1152 5501 τῇ
1187 5431 1349 5500 λέξει,
1385 5436 1637 5510 ἑωρῶντο
1682 5421 1740 5496 ἀι
1772 5461 1872 5512 γυ-

1983 5459 2096 5499 ros.
2164 5441 2438 5510 Quantum
2481 5440 2646 5511 igitur
2693 5439 2760 5492 ad
2785 5436 3020 5492 litteram
3049 5437 3262 5501 attinet,
3298 5434 3556 5492 mulieres

305 5515 484 5606 ναῖκες
529 5517 621 5570 ὲπὶ
669 5516 737 5572 τά
792 5518 1040 5591 πρόθυρα
1093 5523 1192 5595 τῆς
1245 5525 1441 5599 πύλης
1474 5530 1622 5585 οἴκου
1671 5535 1878 5606 Κυρίου

2009 5551 2044 5590 ιι
2068 5535 2208 5590 atrio
2240 5541 2414 5604 portae
2439 5533 2635 5588 domus
2664 5531 2879 5586 Domini
2913 5545 3034 5601 qua:
3055 5526 3278 5597 respicit
3298 5527 3365 5582 ad
3393 5527 3554 5597 aqui-

303 5605 606 5679 βλεπούσης
636 5608 773 5681 πρὸς
801 5608 1001 5683 βορρᾶν
1029 5612 1336 5686 καθήμεναι
1368 5619 1462 5674 καὶ
1493 5623 1636 5678 κατά
1659 5640 1711 5678 τι
1737 5605 1878 5680 ἐθνι-

367 5712 412 5794 ξξ
446 5713 647 5794 Ez_ech.
679 5719 947 5794 vituli.“
1079 5723 1243 5794 Apoc.
1281 5741 1353 5785 Ill,
1385 5727 1474 5781 20.

295 5780 338 5815 οι
362 5783 565 5844 Ezech.
599 5801 716 5850 vm.
752 5787 833 5843 ιι).
911 5790 956 5825 οι
988 5780 1140 5853 ibid}
1195 5797 1238 5827 οδ
1269 5780 1398 5856 ibid.
1435 5780 1523 5857 ιι.

1575 5729 1619 5760 ⁸³³
1654 5729 1851 5784 Ezcclt.
1886 5743 2001 5798 vut,
2037 5731 2119 5785 12.
2207 5729 2253 5760 ⁹⁰
2300 5727 2488 5789 Matth.
2524 5748 2596 5802 v1,
2626 5734 2678 5790 6.

1985 5625 2164 5680 Ionem
2219 5625 2582 5681 cernebantur
2627 5623 2877 5678 sedentes
2923 5637 2988 5677 ac
3032 5619 3260 5692 profano
3313 5620 3550 5692 quodam

2783 5737 2826 5768 ⁹¹
2855 5735 2984 5792 ibid.
3086 5739 3130 5771 "
3167 5738 3185 5794 ι
3215 5738 3356 5796 Pctr.
3388 5758 3466 5809 ιιι,
3501 5743 3552 5799 4.
