4070 6296
452 371 565 427 Ἰεῖῦ

1879 375 1969 431 EX
2012 370 2329 431 ORIGENE‘

3624 360 3739 417 800

453 490 740 562 gentilium
764 506 919 547 more
942 491 1184 563 lugentes
1209 489 1535 548 Tbammuz.
1598 492 1864 549 Videntur
1893 492 2026 547 enin'

2147 491 2242 542 κὸν
2277 488 2396 551 ἔθος
2445 486 2554 540 τῶν
2594 486 2700 552 ἔξω
2740 487 2839 558 τῆς
2871 481 3178 546 θεοσεϐείας
3211 480 3392 551 θυρῶν
3434 477 3739 551 θρηνοῦσαι

452 597 669 640 annuas
701 583 965 655 quasdam
1011 584 1180 639 ierias
1209 584 1286 638 illi
1312 600 1504 655 agere;
1540 586 1779 657 primum
1811 585 2034 656 quidem

454 674 602 746 quod
648 689 773 729 eum
810 673 996 745 lugent
1042 681 1305 745 tanquam
1335 685 1645 744 mortuum;
1678 677 1873 738 deinde
1907 691 2036 730 vero

450 767 597 834 quod
622 765 687 818 de
714 764 807 818 illo
839 765 1078 834 gaudent
1115 775 1373 837 tanquam
1407 785 1437 823 ιι
1480 770 1713 824 mortuis
1746 768 2033 825 suscitato.

452 854 559 923 Qui
591 866 773 911 autem
806 858 977 913 animi
1026 860 1257 915 solet‘tes
1284 871 1432 924 sunt,
1470 870 1527 916 ut
1558 863 1841 932 gentilium
1872 862 2033 917 fabu-

448 944 533 1001 las
559 962 862 1019 eorumque
896 946 1180 1019 profanam
1215 949 1544 1018 theologiam
1592 948 1659 1004 ad
1693 965 1891 1004 sensus
1919 948 2035 1017 spi-

453 1039 642 1095 ritales
671 1040 914 1108 trahant,
948 1042 1134 1097 dicunt
1159 1042 1397 1098 Adonim
1426 1042 1731 1114 symbolum
1762 1057 1885 1097 esse
1920 1040 2036 1095 fru-

451 1148 582 1202 gum
629 1141 823 1198 terrae,
873 1150 995 1204 quae
1040 1134 1299 1206 lugentur
1344 1136 1561 1205 quidem
1614 1134 1835 1204 quando
1870 1133 2030 1197 semi-

448 1236 689 1291 nantur;
742 1235 1040 1296 resurgunt
1086 1242 1217 1282 vero
1247 1237 1300 1282 et
1331 1226 1531 1299 gaudio
1563 1228 1789 1298 implent
1818 1229 2034 1301 agrico-

449 1316 555 1384 las,
600 1318 729 1373 dum
763 1328 1087 1379 nascuntur.
1159 1321 1411 1377 Arbitror
1439 1331 1622 1381 autem
1652 1322 1914 1381 mulieres
1949 1322 2035 1376 lu-

449 1418 638 1479 gentes
670 1408 974 1479 Tbammuz
1006 1412 1237 1484 ﬁguram
1268 1429 1390 1469 esse
1417 1428 1631 1477 eorum,
1666 1415 1757 1483 qui
1789 1429 1912 1495 quae
1944 1429 2037 1484 pu-

448 1510 640 1556 tantur
670 1503 857 1559 mundi
891 1504 1036 1571 bona
1066 1514 1116 1559 et
1145 1521 1440 1575 corporeos
1470 1508 1681 1563 fructus
1700 1507 2032 1576 desiderant,

448 1593 700 1664 nihilque
753 1604 951 1663 prmter
1001 1598 1303 1652 materialia
1356 1609 1410 1653 et
1463 1600 1745 1657 sensibiiia
1774 1600 2033 1668 scientes,

451 1688 857 1751 contristantur
882 1690 1102 1758 quidem
1136 1692 1358 1761 quando
1388 1692 1456 1747 iis
1490 1694 1802 1764 privamur;
1841 1693 2034 1748 laetan-

453 1786 545 1831 tur
574 1786 755 1831 autem
786 1779 1006 1847 quando
1056 1791 1182 1837 sunt
1224 1783 1511 1850 praesentia
1534 1823 1549 1846 ,
1577 1796 1629 1837 et
1657 1784 1725 1840 iis
1754 1783 2031 1841 fruuntur.

338 1919 349 1928 ,
449 1866 734 1939 Quotquot
762 1879 942 1933 autem
973 1871 1240 1941 ejusmodi
1279 1885 1439 1943 sunt,
1476 1892 1573 1934 eos
1600 1894 1711 1934 non
1744 1878 1885 1935 male
1913 1894 2036 1935 cre-

449 1960 654 2017 dideris
684 1963 977 2019 muliebres
1006 1979 1128 2020 esse
1161 1966 1395 2023 animas.

522 2053 647 2109 Non
695 2066 874 2123 parcet
927 2056 1113 2115 oculus
1162 2076 1307 2125 meus
1332 2062 1399 2115 9°.
1462 2061 1848 2132 lnquirendum
1901 2066 2032 2136 quid

447 2145 553 2202 sibi
585 2148 715 2203 velit
740 2148 869 2205 illud
901 2167 914 2204 :
950 2148 1075 2205 Non
1098 2162 1277 2220 parcet
1312 2153 1495 2208 oculus
1530 2172 1696 2210 meus.
1739 2155 1856 2213 Non
1885 2160 2030 2212 enim

444 2238 653 2296 dictum
690 2250 807 2308 est,
840 2239 959 2296 Non
990 2258 1233 2312 parcam.
1279 2244 1547 2302 Existimo
1574 2248 1758 2319 itaque
1788 2251 1897 2306 vim
1933 2250 2031 2307 Dei

445 2332 827 2403 inspectricem
866 2336 1017 2397 velut
1073 2335 1299 2393 intentis
1346 2339 1522 2397 oculis
1576 2341 1631 2403 in
1665 2357 1762 2397 eos
1792 2358 2029 2413 quorum

443 2427 783 2482 conscientia
832 2430 1037 2486 scelere
1090 2430 1275 2502 aliquo
1324 2433 1530 2501 polluta
1564 2443 1683 2500 est,
1728 2451 1921 2505 poenas
1947 2438 2030 2493 eis

444 2516 670 2574 inferre.
732 2517 868 2574 Nam
910 2518 1050 2577 Deus
1098 2532 1277 2578 noster
1309 2524 1447 2594 ignis
1496 2541 1807 2591 consumens
1852 2540 1926 2583 εει
1958 2530 2027 2595 ³⁷,

443 2625 640 2680 nempe
670 2626 1006 2670 consumens
1033 2630 1096 2670 ea
1126 2616 1327 2685 quibus
1357 2625 1577 2681 constat
1613 2618 1839 2677 malitia.
1869 2618 2032 2675 Cum-

442 2717 550 2772 que
573 2704 689 2759 ιιωο
718 2706 849 2776 agit,
883 2721 992 2761 non
1023 2722 1185 2777 parce
1213 2717 1405 2767 contra
1434 2710 1559 2765 vitia
1587 2710 1699 2781 agit
1721 2750 1736 2777 ,
1768 2713 1919 2782 quod
1949 2712 2030 2781 sic

442 2809 551 2851 non
579 2809 767 2867 parcat
799 2799 866 2853 iis
892 2799 1092 2866 quibus
1120 2799 1249 2855 talia
1283 2800 1643 2864 obvenerunt.

510 2980 677 3052 424
710 2979 822 3035 Nec
858 2980 1143 3035 miserebor
1168 2982 1235 3036 ’3.
1298 2980 1583 3052 Signiﬁcat
1628 2983 1733 3053 hoc
1777 2984 1897 3055 loco
1945 2984 2029 3043 tli-

445 3079 590 3125 ctam
621 3086 742 3126 esse
768 3071 1205 3125 misericordiam
1226 3114 1242 3139 ,
1273 3088 1396 3142 qua:
1421 3073 1488 3127 de
1521 3072 1740 3141 diabolo
1769 3075 2027 3149 intelligi-

2138 578 2228 633 τὸν
2275 576 2565 648 Θαμμούζ·
2620 577 2838 631 δοκοῦσι
2886 574 2998 646 γὰρ
3046 574 3168 628 κατ’
3216 570 3464 626 ἐνιαυτὸν
3510 570 3739 633 τελετάς

2136 687 2288 734 τινας
2340 672 2535 734 ποιεῖν,
2587 668 2804 741 πρῶτον
2856 668 2955 739 μὲν
2987 667 3070 722 ὅτι
3118 664 3408 738 θρηνοῦσιν
3442 664 3606 718 αὑτὸν
3658 663 3739 725 ὡς

2136 762 2459 834 τεθνηκότα·
2496 761 2749 834 δεύτερον
2781 761 2837 815 δὲ
2884 762 2969 814 ὅτι
3017 760 3302 832 χαίρουσιν
3343 761 3430 812 ἐπ’
3474 756 3626 828 αὐτῷ
3656 757 3738 821 ὡς

2136 849 2245 903 ἀπὸ
2287 851 2497 923 νεκρῶν
2547 852 2863 907 ἀναστάντι.
2915 852 2979 905 Οί
3022 851 3079 904 δὲ
3127 850 3256 921 περὶ
3297 848 3394 921 τὴν
3444 849 3737 919 ἀναγωγὴν

2134 941 2245 997 τῶν
2291 941 2617 1015 Ἑλληνικῶν
2666 943 2850 1015 μύθων
2894 943 3057 996 δεινοὶ
3092 942 3187 996 καὶ
3237 940 3472 1013 μυθικῆς
3516 938 3738 1010 νομιζο-

2139 1034 2309 1107 μένης
2349 1034 2649 1104 θεολογίας,
2700 1034 2835 1105 φασὶ
2879 1034 2972 1087 τὸν
3016 1034 3245 1087 Ἀδωνιν
3271 1031 3536 1103 σύμϐολον
3585 1027 3737 1086 εἶναι

2133 1124 2242 1179 τῶν
2273 1125 2373 1197 τῆς
2394 1126 2498 1198 γῆς
2524 1123 2778 1199 καρπῶν,
2813 1124 3199 1199 θρηνουμένων
3241 1125 3340 1197 μὲν
3364 1125 3453 1180 ὅτε
3478 1125 3735 1197 σπείρον-

2134 1235 2244 1284 ται,
2275 1218 2651 1289 ἀνισταμένων
2683 1218 2761 1285 δὲ,
2808 1218 2904 1273 καὶ
2942 1217 3030 1272 διὰ
3061 1218 3219 1272 τοῦτο
3262 1217 3474 1289 χαίρειν
3512 1216 3738 1271 ποιούν-

2134 1328 2243 1365 των
2292 1312 2420 1375 τοὺς
2459 1312 2740 1384 γεωργοὺς
2785 1313 2876 1366 ὅτε
2924 1311 3169 1383 φύονται.
3232 1310 3507 1383 Ἠγοῦμαι
3546 1310 3736 1365 τοίνυν

2137 1400 2408 1472 σύμϐολον
2450 1396 2590 1454 εἷναι
2624 1400 2723 1464 τὰς
2755 1400 3062 1472 θρηνούσας
3094 1401 3187 1454 τὸν
3219 1399 3491 1472 Θαμμοὺζ
3521 1399 3629 1454 τῶν
3659 1402 3735 1455 τὰ

2134 1491 2227 1546 τοῦ
2264 1493 2469 1564 κόσμου
2501 1492 2839 1564 νομιζόμενα
2870 1492 3052 1562 ἀγαθὰ
3085 1493 3181 1547 καὶ
3214 1493 3341 1557 τοὺς
3377 1494 3733 1564 σωματικοὺς

2135 1587 2386 1658 καρποὺς
2428 1585 2760 1651 ποθούντων,
2790 1587 2886 1639 καὶ
2919 1585 3067 1657 πέρα
3100 1584 3210 1638 τῶν
3254 1566 3458 1639 ύλξκῶν
3490 1585 3586 1651 καὶ
3647 1584 3767 1638 aii--

2135 1675 2346 1749 σθητίιν
2370 1674 2539 1749 μηδὲν
2572 1679 2979 1751 ἐπισταμένων,
3021 1678 3374 1749 λυπουμένων
3412 1677 3510 1748 μὲν
3544 1675 3635 1729 ἐπὶ
3657 1678 3729 1747 τῇ

2138 1769 2344 1823 τούτων
2380 1771 2655 1844 στερήσει,
2692 1771 2968 1843 ἡδομένων
3002 1771 3063 1824 δέ
3088 1771 3185 1824 ἐπὶ·
3214 1772 3278 1840 τῇ
3324 1768 3598 1841 παρουσίᾳ
3630 1768 3733 1821 αύ-

2137 1862 2247 1917 τῶν
2268 1864 2362 1918 καὶ
2390 1866 2452 1935 τῇ
2482 1864 2590 1919 τῶν
2610 1863 2865 1917 τοιούτων
2888 1864 2989 1933 κτή
2999 1880 3101 1916 σει.
3123 1859 3486 1924 Γυναικώδεις
3507 1859 3565 1914 δὲ
3585 1855 3731 1913 εἶναι

2135 1957 2234 2020 τὰς
2262 1956 2440 2028 ψυχὰς
2473 1956 2708 2026 εὐλόγως
2733 1955 2799 2010 ἂν
2830 1956 3031 2018 πάντες
3055 1957 3103 2008 οἰ
3138 1953 3368 2007 τοιοῦτοι
3395 1950 3727 2024 νομίζοιντο.

2219 2072 2301 2125 Οὐ
2320 2071 2591 2139 φείσεται
2619 2073 2652 2123 ό
2674 2068 2982 2138 ὀφθαλμός
2995 2085 3138 2137 μου.
3183 2065 3523 2134 Ἐξεταστέον
3551 2065 3605 2117 τί
3637 2065 3728 2128 τὸ,
3754 2108 3759 2111 .

2130 2164 2214 2216 οὐ
2241 2163 2512 2231 φείσεται
2547 2165 2580 2215 ό
2611 2161 2921 2231 ὀφθαλμός
2948 2178 3088 2229 μου.
3128 2160 3205 2213 Ού
3238 2159 3347 2232 γὰρ
3373 2158 3606 2230 εἴρηται,
3645 2158 3727 2211 Ού

2134 2254 2413 2326 φείσομαι.
2475 2252 2747 2325 Ἠγοῦμαι
2788 2252 2969 2307 τοίνυν
3009 2251 3108 2324 τὴν
3144 2250 3466 2323 ὲνορατικὴν
3498 2250 3735 2322 δύναμιν

2133 2344 2228 2398 τού
2256 2344 2413 2409 Θεοῦ,
2442 2344 2606 2398 οἱονεὶ
2644 2342 2994 2408 ἁτενίζουσαν
3014 2346 3127 2405 τοῖς
3150 2342 3212 2395 τὸ
3230 2341 3419 2412 νοητὸν
3450 2340 3556 2395 ὑπό
3582 2356 3727 2404 τινος

2133 2437 2373 2510 πονηροῦ
2411 2436 2712 2500 συνειδότος
2742 2434 3193 2507 μεμολυσμένοις,
3226 2433 3476 2498 κολάζειν
3506 2431 3725 2496 αύτούς*

2132 2529 2363 2601 ἐπείπερ
2405 2529 2467 2582 '0
2515 2528 2660 2596 Θεὸς
2705 2526 2875 2597 ἡμῶν
2911 2526 3031 2596 πῦρ
3075 2528 3206 2581 ἐστι
3245 2525 3727 2580 καταναλίσκον

2131 2621 2527 2675 καταναλίσκον
2560 2621 2617 2675 δὲ
2650 2620 2895 2693 δηλονότι
2923 2619 2992 2674 τὰ
3017 2619 3214 2675 κακίαν
3243 2619 3577 2675 ὑποστάντα.
3612 2618 3751 2671 Καὶ.

2129 2714 2218 2767 ὅτε
2264 2714 2443 2768 ταῦτα
2489 2715 2724 2785 ἐνεργεῖ,
2777 2714 2838 2767 οὐ
2883 2713 3264 2783 πεφεισμένως
3316 2712 3536 2783 ἐνεργεῖ
3580 2711 3728 2767 κατὰ

2136 2807 2237 2860 τῶν
2271 2808 2555 2881 χειρόνων,
2599 2807 2679 2879 τῷ
2712 2806 2856 2861 οὕτω
2892 2807 2967 2880 μὴ
3014 2804 3295 2877 φείδεσθαι
3325 2804 3436 2863 τῶν
3467 2799 3551 2870 οἷς
3586 2820 3731 2877 συμ-

2130 2898 2336 2969 ϐέϐηκε
2362 2900 2612 2955 τοιαῦτα.

2204 2992 2356 3047 Οὐδὲ
2388 2991 2474 3062 μὴ
2512 2991 2770 3060 ἐλεήσω.
2806 2991 3071 3063 Σημαίνει
3104 2990 3357 3057 ἐνταῦθα,
3399 2991 3480 3051 ὅτι
3512 2989 3661 3056 ἔλεος
3689 2989 3743 3043 δ·

2129 3084 2222 3138 ἐπὶ
2266 3085 2515 3141 διαϐόλου
2550 3084 2841 3156 νοούμενος
2875 3082 3113 3156 εἴρηταιο
3148 3084 3325 3137 ὅντινα
3366 3081 3635 3152 ὡρίσαντο
3661 3082 3718 3136 οἱ

445 3171 538 3218 tur
571 3180 586 3216 :
621 3178 784 3231 quam
832 3162 1161 3219 deﬁnierunt
1205 3180 1395 3227 earum
1429 3180 1610 3223 rerum
1657 3166 1852 3239 periti,
1902 3182 2023 3227 esse

2132 3176 2257 3248 περὶ
2303 3176 2477 3231 ταῦτα
2521 3175 2686 3241 δεινοὶ
2728 3173 2909 3245 λύπην
2942 3170 3081 3230 εἶναι
3121 3175 3215 3230 ἐπὶ
3244 3176 3309 3245 τῇ
3346 3173 3441 3229 τοῦ
3488 3172 3721 3244 πλησίον

446 3258 723 3313 tristitiam
760 3258 827 3313 de
860 3257 1018 3313 malis
1048 3259 1316 3327 proximi;
1347 3260 1611 3331 aiuntque
1632 3262 1904 3321 medicum
1935 3273 2029 3318 aut
2072 3262 2079 3265 ⁴

436 3349 679 3422 judicent
718 3365 826 3421 non
853 3350 1051 3421 debere
1079 3366 1142 3409 ea
1174 3352 1553 3417 misericordia
1586 3357 1765 3427 tangi,
1796 3371 1863 3410 ne
1886 3354 2029 3433 forte

442 3443 666 3499 tristitia
709 3458 831 3513 qua:
881 3444 948 3498 ad
992 3444 1265 3514 ejusmodi
1314 3446 1747 3501 misericordiam
1794 3448 2024 3517 inducit,

441 3533 692 3589 confusis
721 3534 1031 3601 mentibus,
1068 3534 1442 3607 impediantur
1479 3539 1778 3609 quominus
1827 3539 1878 3594 ei
1929 3539 2025 3609 qui

439 3627 718 3683 curandus
739 3625 811 3681 sit
832 3635 927 3681 aut
945 3626 1303 3696 judicaudus,
1328 3629 1559 3703 reddant
1581 3632 1728 3701 quod
1753 3647 1822 3687 ex
1850 3631 2023 3687 medi-

438 3735 521 3777 ca!
545 3720 684 3776 artis
712 3728 806 3774 aut
825 3720 1057 3790 iustitia:
1087 3720 1392 3779 rationibus
1425 3724 1700 3785 conducit.

1091 3813 1247 3875 .CAP.
1294 3813 1385 3873 1X.

511 3904 583 3958 Et
628 3921 764 3959 zona
805 3906 1045 3975 sapphiri
1094 3922 1251 3976 super
1292 3906 1530 3965 lumbum
1557 3908 1671 3978 ejus
1707 3909 1774 3966 ”.
1816 3910 2021 3969 Verum

438 4009 542 4068 pro
590 4013 728 4051 zona
787 3999 1025 4068 sapp/iiri
1073 4015 1231 4068 super
1276 3999 1512 4057 lumbum
1541 4002 1691 4071 ejus,
1743 4006 1936 4079 Aquila
1969 4015 2024 4061 et

441 4090 745 4146 ‘l‘lieodotio
796 4102 945 4146 casto
995 4094 1273 4163 scriptoris
1316 4094 1646 4164 ediderunt,
1699 4095 2019 4161 Hebraicam

437 4201 665 4255 vocem,
716 4198 777 4242 ut
824 4188 1044 4257 quidem
1097 4189 1387 4256 existimo,
1438 4190 1738 4247 retinentes
1791 4207 1806 4246 :
1848 4208 2023 4262 neque

436 4279 587 4333 enim
620 4278 858 4333 arbitror
890 4293 1022 4333 voce
1058 4279 1150 4339 illa
1199 4289 1346 4334 casto
1375 4279 1516 4350 apud
1547 4280 1769 4341 Graecos
1816 4284 2024 4353 signiti-

433 4369 551 4425 cari
615 4370 834 4425 tabellas
895 4372 1173 4441 scriptoris
1211 4388 1370 4441 super
1426 4389 1572 4427 renes
1630 4389 1752 4433 suos
1809 4375 2017 4431 habere.

435 4461 631 4517 Aiebat
658 4470 839 4517 autem
868 4459 1219 4519 Hebraeorum
1253 4463 1531 4535 quispiam
1552 4503 1567 4529 ,
1595 4465 1740 4534 quod
1779 4465 2022 4531 calama-

436 4554 577 4608 rium
609 4562 858 4622 vocatur,
884 4554 1014 4609 illud
1043 4570 1166 4610 esse
1192 4566 1361 4611 casto.

508 4647 579 4702 Et
601 4649 673 4701 da
702 4648 910 4719 signum
940 4647 979 4701 ί.
1019 4649 1188 4703 Aiunt
1217 4648 1436 4720 quidem
1463 4648 1816 4723 Septuaginta
1842 4652 1890 4707 ei
1920 4654 2015 4725 qui

434 4747 640 4794 vestem
675 4740 903 4794 talarem
938 4740 1162 4795 indutus
1191 4749 1337 4806 erat,
1395 4751 1724 4813 praeceptum
1760 4744 1933 4800 fuisse
1956 4755 2013 4799 ut

432 4828 589 4883 daret
617 4830 824 4900 signant
845 4847 1002 4901 super
1028 4832 1229 4902 frontes
1257 4833 1573 4903 gementium
1607 4842 1656 4897 et
1681 4834 2015 4909 dolentium;

436 4920 634 4991 Aquila
669 4936 797 4975 vero
836 4931 890 4977 et
922 4921 1226 4979 Tlteodotio
1257 4942 1271 4977 :
1308 4920 1533 4994 Signum
1559 4924 1707 4980 Thau
1739 4928 1796 4982 in
1831 4927 2020 4996 fronti-

434 5007 535 5062 bus
584 5009 897 5080 gementium
949 5020 999 5064 et
1041 5028 1221 5067 eorum
1274 5014 1365 5083 qui
1408 5013 1588 5069 dolore
1641 5017 2016 5087 conﬁciuntur.

2126 3268 2467 3341 δυσπραγίᾳυ
2506 3265 2602 3324 καί
2634 3285 2769 3337 φασι
2797 3267 2872 3340 μὴ
2894 3267 3004 3322 δεῖν
3038 3267 3222 3338 ἰατρὸν
3251 3267 3284 3339 ἢ
3311 3266 3570 3338 δικαστὴν
3596 3265 3725 3320 τοῦ-

2125 3377 2218 3414 τον
2249 3360 2340 3414 τὸν
2372 3360 2521 3414 ἔλεον
2551 3358 2749 3424 ἐλεεῖν,
2804 3361 3037 3431 μήποτε,
3076 3359 3438 3431 συγχυθέντες
3477 3358 3582 3413 ὑπὸ
3622 3358 3725 3430 τῆς

2128 3454 2221 3506 ἐπὶ
2247 3453 2309 3507 τὸ
2341 3452 2514 3517 οὕτως
2546 3452 2715 3507 ἐλεεῖν
2749 3452 3051 3525 ἐναγούσης
3084 3451 3284 3522 λύπης,
3321 3449 3724 3522 ἐμποδισθῶσιν

2127 3542 2419 3620 ἀποδοῦναι
2452 3542 2515 3597 τὸ
2555 3542 2796 3615 ἰατρικὸν
2825 3544 2857 3615 ἢ
2887 3543 2948 3597 τὸ
2983 3542 3296 3598 δικαστικὸν
3331 3542 3743 3615 συμφερόντως-

2125 3635 2203 3708 τῷ
2238 3635 2664 3709 θεραπευομένῳ
2692 3636 2725 3709 ἢ
2754 3635 2834 3708 τῷ
2865 3634 3206 3706 δικαζομένῳ
3237 3632 3420 3707 ἔργον.

2834 3822 2938 3879 ΕΦ.
2978 3822 3057 3874 8'.

2834 3823 2938 3879 ΕΦ.
2978 3823 3057 3874 8'.

2196 3914 2309 3972 Καὶ
2359 3913 2508 3983 (me
2557 3823 2900 3985 σιιπφεᾷου
2944 3913 3044 3968 ἐπὶ
3085 3911 3195 3981 τῆς
3223 3913 3460 3983 ὀσφύος
3501 3912 3716 3971 αὑτοῦ.

2141 4005 2287 4057 Ἀντὶ
2320 4005 2417 4076 μέν
2441 4022 2506 4074 γε
2527 4005 2637 4059 τοῦ
2660 4004 3204 4074 ζῶνηνσαπφείρου
3223 4005 3323 4059 ἐπὶ
3343 4003 3454 4073 τῆς
3485 4005 3722 4073 ὀσφύος

2122 4093 2331 4158 αὐτοῦ,
2365 4094 2568 4148 κάστω
2606 4093 2987 4165 γραμματέως
3026 4093 3250 4157 Ἀκύλας
3294 4094 3389 4148 καὶ
3422 4093 3721 4153 Θεοδοτίων

2125 4184 2574 4255 παρατεθείκασι,
2614 4183 2712 4256 τὴν
2758 4182 3187 4257 Έϐραῖκὴν,.ὼς
3224 4177 3399 4255 οἶμαι,
3444 4182 3588 4252 λέξιν
3618 4200 3722 4255 τη-

2125 4279 2393 4348 ρήσαντες
2414 4294 2428 4308 ⁸
2467 4277 2587 4349 οὐδὲ
2614 4277 2723 4349 γὰρ
2754 4276 2995 4349 ἡγοῦμαι
3027 4278 3158 4349 παρ’
3190 4275 3416 4348 Ἕλλησι
3446 4276 3717 4350 σημαίνε-

2126 4371 2248 4424 σθαι
2305 4370 2393 4423 διὰ
2433 4371 2534 4442 τῆς
2579 4368 2785 4424 κὰστω
2842 4369 3027 4439 φωνῆς
3068 4368 3415 4424 πινακίδιον
3443 4368 3717 4440 γραφέως

2123 4465 2288 4534 ἔχειν
2310 4464 2409 4519 ἐπὶ
2440 4463 2553 4533 τῆς
2587 4463 2821 4533 ὀσφύος
2847 4462 3058 4517 αὐτοῦ.
3092 4459 3212 4515 Τῶν
3234 4460 3291 4513 δὲ
3333 4460 3598 4533 Ἐϐραίων
3625 4478 3737 4525 τις*

2054 4551 2097 4604 Ι)
2126 4556 2304 4625 ἔλεγε,
2326 4556 2388 4610 τὸ
2421 4554 2756 4626 καλούμενον
2781 4551 3174 4622 καλαμάριον,
3207 4552 3452 4606 τουτέστι
3484 4551 3710 4607 κάστω.

2122 4740 2401 4812 δεδυμένῳ
2450 4741 2582 4810 φασὶ
2627 4739 2717 4793 τὸν
2767 4738 2975 4811 ποδήρη
3032 4739 3430 4810 προστετάχθαι
3465 4739 3569 4794 ὑπὸ
3610 4738 3715 4811 τῆς

2122 4832 2281 4903 δόξης
2311 4831 2405 4885 τοῦ
2438 4831 2666 4902 Κυρίου,
2702 4830 2955 4901 σημεῖον
2982 4828 3192 4885 δοῦναι
3225 4829 3324 4883 ἐπὶ
3368 4831 3439 4886 τὰ
3466 4829 3698 4899 μέτωπο

2123 4924 2243 4979 τῶν
2309 4922 2869 4985 καταστεναζόντων
2934 4924 3034 4978 καὶ
3096 4922 3491 4992 ὀδυνωμένων
3509 4939 3522 4952 ·
3574 4923 3604 4974 ὁ
3652 4921 3708 4974 δὲ

2134 5017 2366 5081 Ἀκύλας
2414 5016 2506 5083 καὶ
2535 5015 2827 5079 Θεοδοτίων
2862 5015 3014 5086 φασί·
3053 5016 3387 5085 Σημείωσις
3432 5012 3539 5068 τοῦ
3584 5011 3711 5067 Gai}

2194 4649 2302 4711 Καὶ
2343 4648 2452 4716 δὸς
2499 4647 2769 4717 σημεῖον.
2813 4649 2874 4701 Oi
2930 4646 3029 4717 μὲν
3077 4645 3474 4717 Ἐϐδομήκοντα
3510 4645 3588 4718 τῷ
3619 4634 3741 4700 ὲν-ί

2194 4740 2401 4812 Ξυμένῳ
2450 4741 2582 4810 φασὶ
2627 4739 2717 4793 τὸν
2767 4738 2975 4811 ποδήρη
3032 4739 3430 4810 προστετάχθαι
3465 4739 3569 4794 ὑπὸ
3610 4688 3734 4884 τῆς]

2194 4832 2281 4884 En:
2311 4831 2405 4884 τοῦ
2438 4831 2666 4884 Κυοίου.
2702 4830 2955 4884 σημεῖον
2982 4828 3192 4884 δοῦναι
3225 4829 3324 4883 ἐπὶ
3368 4831 3439 4884 τὰ
3473 4829 3722 4884 μέτωπ’.

433 5102 794 5171 Interrogatis
842 5111 1025 5160 autem
1077 5103 1354 5174 Hebraeis,
1406 5124 1536 5162 num
1590 5120 1815 5179 paterna
1848 5112 2019 5168 tradi-

433 5200 586 5254 tione
614 5196 1004 5253 documentum
1038 5200 1258 5271 aliquod
1289 5202 1355 5257 de
1395 5203 1578 5259 littera
1608 5205 1761 5263 Tbau
1792 5215 2017 5277 possent

431 5290 648 5355 aﬂ'erre,
688 5292 803 5344 haec
825 5290 1157 5347 audivimus.
1197 5293 1392 5349 Aiebat
1421 5310 1565 5349 unus
1597 5295 1832 5352 litteram
1858 5297 2013 5352 Tliau

433 5381 574 5437 inter
617 5380 807 5451 viginti
842 5381 952 5436 duo
988 5381 1255 5438 elementa
1285 5384 1485 5455 quibus
1515 5384 1727 5442 Hebraei
1759 5398 2008 5454 utuntur,

430 5477 681 5531 ultimam
727 5492 850 5533 esse
900 5485 1165 5546 quantum
1207 5477 1274 5531 ad
1320 5478 1566 5533 ordinem
1590 5481 1681 5534 cui
1707 5481 1784 5535 illi
1802 5481 2013 5538 litteras

430 5569 801 5638 subiecerunt.
837 5567 1099 5624 Ultimum
1132 5570 1298 5640 igitur
1315 5570 1644 5626 elementum
1667 5584 2011 5644 assumptum

430 5670 517 5715 cst
546 5661 616 5716 ad
636 5662 1056 5732 signiﬁcandum
1089 5677 1283 5718 eorum
1325 5662 1718 5735 perfectionem
1749 5665 1843 5736 qui
1886 5682 2014 5736 pro-

2118 5110 2217 5184 ἐπὶ
2248 5110 2322 5165 τὰ
2360 5108 2604 5180 μέτωπα
2634 5107 2755 5163 τῶν
2795 5106 3203 5184 στεναζόντων
3247 5105 3347 5169 καὶ
3383 5104 3500 5162 τῶν
3531 5123 3731 5159 κατο--

2120 5181 2493 5273 δυνωμένων.
2541 5181 2993 5271 Πυνθανομένωεί
3025 5200 3082 5253 δὲ
3126 5199 3236 5253 τῶν
3273 5199 3540 5271 Ἐϐραίων
3568 5199 3623 5251 εἴ
3652 5216 3729 5251 τι-

2120 5300 2348 5369 πάτριον
2383 5296 2512 5368 περὶ
2547 5294 2638 5350 τοῦ
2673 5295 2787 5353 Θαῦ
2817 5294 2992 5366 ἔχοιεν
3024 5296 3206 5365 λέγειν
3242 5294 3495 5367 μάθημα,
3532 5294 3715 5348 ταῦτα

2119 5389 2466 5459 ἠκούσαμεν·
2502 5386 2647 5450 τινὸς
2688 5387 2785 5457 μὲν
2819 5386 3140 5456 φάσκοντος,
3172 5388 3253 5442 ὅτι
3276 5387 3337 5441 τὸ
3361 5386 3474 5440 θαῦ
3507 5390 3565 5442 ὲν
3591 5392 3711 5451 τοῖς

2118 5486 2248 5556 παρ’
2300 5482 2570 5556 Ἑϐραίοις
2600 5481 2683 5537 κε’
2716 5481 3001 5553 στοιχείοις
3037 5482 3156 5536 ἐστὶ
3198 5483 3261 5536 τὸ
3292 5480 3602 5536 τελευταῖον
3627 5481 3709 5545 ὡς

2120 5575 2256 5647 πρὸς
2287 5574 2386 5645 τὴν
2419 5574 2550 5645 παρ’
2584 5572 2769 5635 αὐτοῖς
2814 5572 2969 5637 τάξιν
3016 5574 3380 5647 γραμμάτων.
3419 5572 3493 5627 Τὸ
3526 5570 3710 5627 τελευ-

2116 5669 2264 5720 ταῖον
2292 5662 2386 5720 οὖν
2418 5664 2673 5737 εἴληπται
2703 5666 2964 5735 στοιχεῖον
2996 5665 3077 5735 εἰς
3106 5666 3448 5738 παράστασιν
3489 5664 3589 5737 τῆς
3613 5679 3707 5719 τε-

500 5840 551 5877 ⁹⁶
577 5841 777 5902 Ezech.
829 5864 948 5919 rm,
982 5852 1069 5907 t8.
1169 5855 1213 5888 ’7
1234 5853 1391 5913 Deut.
1419 5872 1495 5927 tr,
1524 5856 1649 5936 21.-
1693 5858 1978 5933 _”Ezecli.
2011 5818 2133 5932 νιιι,
2160 5862 2239 5917 18.
2342 5864 2386 5896 ’θ
2404 5859 2542 5931 ibid.
2581 5875 2657 5927 Ix,
2690 5860 2744 5914 2.
2840 5856 3003 5913 'ibid.
3036 5857 3088 5913 ι.
