4070 6296
226 403 327 458 801

1420 399 1741 456 'SELECTA
1780 398 1847 454 IN
1887 396 2350 457 EZECHIELEM.

3338 489 3343 493 '
3384 408 3492 468 803

231 518 505 591 λειότητος
533 515 641 570 τῶν
672 516 761 570 διὰ
795 516 894 588 τὴν
924 517 982 571 ὲν
1010 518 1199 601 ἀὐτοῖς
1229 517 1427 590 ἀρετὴν
1454 519 1815 585 στεναζόντων

1919 530 2040 595 pter
2068 536 2223 576 suam
2252 520 2507 576 virtutem
2560 531 2783 592 gemunt
2812 537 2875 577 ac
2900 523 3080 578 dolent
3117 538 3278 595 super
3303 523 3490 595 populi

232 608 325 666 val
352 606 707 679 ὀδυνωμένων
737 607 829 673 ἐπὶ
857 609 970 671 τοῖς
996 607 1464 680 ἁμαρτανομένοις
1484 610 1542 661 ὲν
1564 607 1642 679 τῷ
1675 607 1810 679 λαῷν

243 702 334 756 καὶ
376 702 811 773 συμπασχόντων
842 703 954 764 τοῖς
1002 700 1403 772 παρανομοῦσι.
1450 700 1713 773 Δεύτερος
1755 700 1813 754 δὲ

232 796 382 866 ἔλεγε
417 796 682 867 σύμϐολον
716 792 855 851 εἶναι
880 795 940 849 τὺ
972 795 1085 850 Θαῢ
1113 794 1223 849 τῶν
1260 800 1352 849 τὸν
1385 795 1549 866 νόμον
1580 811 1815 867 τετηρη-

235 888 405 944 κότων
423 907 436 920 ·
472 889 703 961 ἐπείπερ
728 889 756 942 ό
778 889 940 960 νόμος
970 890 1100 961 παρ’
1143 888 1416 961 Ἑϐραίοις
1439 886 1603 961 Θωρὰ
1635 886 1817 940 καλεῖ-

234 998 344 1046 ται,
397 979 493 1033 καὶ
524 978 585 1033 τὸ
630 980 845 1053 πρῶτον
887 978 1052 1033 αὐτοῦ
1095 978 1353 1050 στοιχεῖόν
1388 980 1506 1032 ἐστι
1551 978 1613 1030 τὸ
1663 975 1810 1030 θαῦο

235 1073 324 1124 καὶ
357 1069 421 1124 σύ
431 1070 630 1142 μ6ολον
661 1068 800 1126 εἶναι
828 1071 936 1125 τῶν
969 1073 1111 1127 κατὰ
1141 1071 1234 1125 τὸν
1259 1071 1422 1143 νόμον
1447 1066 1810 1142 βεϐιωκότων.

235 1165 429 1235 Τρίτος
460 1163 515 1217 δέ
550 1182 635 1229 τις
662 1164 905 1236 φάσκων,
938 1164 1047 1218 τῶν
1089 1165 1185 1219 καὶ
1210 1167 1289 1229 είς
1318 1166 1408 1218 τὸν
1450 1164 1685 1236 Χριστὸν
1718 1180 1816 1216 πε-

238 1257 627 1322 πιστευκότων,
650 1256 803 1326 ἔλεγε
834 1256 902 1309 τὰ
922 1257 1123 1328 ἀρχαῖα
1144 1259 1383 1327 στοιχεῖα
1410 1255 1650 1327 ἐμφερὲς
1671 1254 1816 1325 ἔχειν

234 1347 291 1400 τὸ
317 1347 435 1401 Θαῢ
467 1349 543 1421 τῷ
576 1349 670 1403 τοῦ
703 1349 937 1421 σταυροῦ
980 1348 1315 1422 χαρακτῆρι,
1353 1348 1445 1401 καὶ
1477 1347 1818 1419 προφητεύε-

237 1438 356 1492 σθαι
387 1440 520 1512 περὶ
546 1439 638 1494 τοῦ
668 1440 961 1512 γενομένου
979 1442 1035 1495 ὲν
1052 1441 1396 1512 Χριστιανοῖς
1432 1439 1523 1491 ἐπὶ
1555 1437 1648 1490 τοῦ
1682 1456 1815 1509 μετ-

232 1527 382 1584 ώπου
462 1532 709 1603 σημείουο
776 1533 913 1606 ὅπερ
984 1532 1229 1586 ποιοῦσιν
1286 1532 1336 1585 οἱ
1382 1531 1818 1596 πεπιστευκότες

236 1623 440 1689 πάντες
466 1625 773 1678 οὑτινοσοῦν
818 1625 1323 1699 προκαταρχόμενοι
1349 1623 1693 1695 πράγματος,
1722 1624 1818 1676 καὶ

234 1710 532 1785 μάλισταῆ
566 1714 741 1785 εὐχῶν
779 1715 813 1787 ἢ
848 1715 1019 1784 ἁγίων
1050 1714 1518 1785 ἀναγνωσμάτων.

309 1802 447 1858 Ὅτι
487 1804 764 1874 ἐπλήσθη
811 1806 848 1874 ἡ
898 1804 973 1875 γῆ
1017 1804 1183 1860 λαῶν
1217 1803 1482 1859 πολλῶν.
1532 1804 1677 1858 Ἀντὶ
1725 1803 1818 1859 τοῦ

236 1894 718 1973 λαῶν-,αἱμάτων
747 1871 794 1950 οἱ
817 1871 993 1951 λοιποὶ
1020 1898 1352 1969 πεποιήκασι
1374 1915 1387 1928 ο
1422 1898 1515 1951 καὶ
1540 1896 1655 1951 ἔστι
1688 1898 1818 1969 παρ’
1851 1871 1894 1931 Β

230 1988 419 2051 αὐτοῖς
464 1987 654 2057 σαφὲς,
694 1986 910 2039 πάντων
961 1985 1068 2039 τῶν
1118 1985 1256 2058 πρὸς
1290 1984 1518 2039 θάνατον
1566 1985 1819 2057 ἁμαρτα-

240 2080 439 2134 νόντων
469 2079 859 2150 πληρουμένων
888 2078 1157 2148 αἱμάτων,
1190 2075 1277 2130 διά
1304 2076 1399 2129 τοῦ
1430 2076 1668 2148 πλήθους
1711 2076 1821 2132 τῶν

238 2172 373 2246 πρὸς
400 2171 629 2247 θάνατον
667 2166 1105 2242 ἁμαρτανόντων.
1137 2168 1247 2221 Καὶ
1279 2168 1375 2222 έὰν
1411 2168 1469 2220 δὲ
1505 2164 1539 2240 ᾖ
1572 2167 1636 2222 τὸ
1668 2169 1821 2241 παρὰ

236 2266 350 2329 τοῖς
402 2262 829 2334 Ἐὅδομήκοντα,
871 2261 953 2314 ὅτι
1002 2258 1248 2333 ἐπλήσθη
1287 2258 1320 2329 ἠ
1364 2257 1438 2327 γῆ
1489 2256 1657 2322 λαῶν,
1705 2257 1822 2326 ἐρεῖ

235 2353 305 2409 τὰ
327 2352 499 2408 πολλὰ
530 2353 622 2406 καὶ
655 2351 925 2422 ἀλλόφυλα
956 2350 1051 2404 καὶ
1086 2349 1212 2416 ξένα
1247 2348 1350 2419 τῆς
1385 2347 1638 2420 θεότητος
1668 2346 1820 2415 ὲγγι-

220 2446 440 2518 ’νόμενα
483 2448 616 2518 ἡμῖν
644 2446 888 2516 δόγματα
916 2440 1078 2508 εἶναι,
1130 2442 1190 2496 οὐ
1230 2442 1379 2509 λαδν,
1420 2441 1556 2496 άλλὰ
1590 2439 1819 2504 πολλοὺς

222 2538 601 2611 ἀσυμφώνους
633 2538 816 2602 λαούς.
838 2539 1071 2610 Μήποτε
1102 2536 1157 2589 δὲ
1186 2532 1562 2608 ἁμαρτήματὰ
1593 2534 1730 2598 ἐστι,
1760 2531 1823 2586 τὸ

228 2630 335 2701 τὴν
376 2631 480 2701 γῆν
519 2631 637 2684 δέον
682 2629 1076 2701 πεπληρῶσθαι
1117 2628 1372 2700 καρπῶν,
1420 2627 1613 2699 ἑτέραν
1656 2621 1821 2681 οὖσαν

232 2723 392 2795 παρὰ
423 2724 521 2795 τὴν
566 2723 741 2786 πόλιν,
781 2723 983 2776 τούτων
1017 2722 1113 2792 μὲν
1156 2717 1293 2774 εἶναι
1342 2719 1527 2790 κενὴν,
1576 2718 1718 2789 ἔχειν
1764 2716 1821 2771 δὲ

222 2813 368 2875 *τοὺς
396 2812 821 2878 καταλείποντας
846 2813 944 2884 τὴν
974 2811 1127 2865 πόλιν
1153 2809 1281 2864 λαὸν
1310 2810 1343 2882 ἥ
1372 2810 1466 2863 καὶ
1492 2809 1591 2873 τὰς
1615 2808 1819 2874 πόλεις.

232 2902 656 2975 Πεμεγὰλυνται
676 2903 731 2956 δὲ
755 2903 1110 2975 σφοδρότερον
1127 2903 1160 2974 ἡ
1180 2901 1364 2957 ἀδικία
1384 2901 1566 2965 ἔθνους
1605 2901 1821 2973 Ἰσραὴλ

220 2996 333 3049 ,καὶ
374 2995 544 3048 Ἰούδα
569 2994 646 3066 τῷ
674 2997 768 3049 καὶ
812 2996 912 3067 τὴν
945 2995 1097 3048 πόλιν
1131 2992 1553 3062 πεπληρῶσθαι
1583 2992 1819 3060 ἀδικίας

220 3082 338 3138 καὶ
364 3084 756 3153 ἀκαθαρσίας.
788 3086 1023 3156 Ἔχομεν
1052 3084 1108 3138 δὲ
1149 3087 1206 3138 ὲν
1250 3086 1465 3147 ἑαυτοῖς
1495 3084 1588 3138 καὶ
1620 3085 1722 3155 γῆν
1750 3085 1816 3155 ἢν

220 3175 344 3248 χρὴ
384 3179 669 3248 γεωργεῖν,
715 3175 811 3229 καὶ
856 3176 1009 3229 πόλιν
1049 3176 1117 3246 ἦν
1155 3175 1237 3229 δεῖ
1280 3175 1603 3246 οἰκοδομεῖν,
1656 3176 1813 3246 εἴπερ

222 3266 404 3338 ἐσμὲν
451 3264 600 3321 Θεοῦ
637 3266 906 3335 γεωργία,
951 3265 1098 3319 Θεοῦ
1135 3263 1440 3334 οἰκοδομή.
1489 3256 1590 3318 ’Ὧν
1631 3264 1689 3317 δὲ
1715 3260 1815 3319 οὐκ

228 3357 579 3430 ἐπιμέλεται,
612 3356 748 3411 ἀλλὰ
778 3357 935 3427 μόνον
965 3356 1077 3428 ἔχει
1103 3356 1267 3421 λαοὺς
1297 3354 1391 3410 καὶ
1423 3356 1658 3422 ἀδικίαν,
1694 3358 1814 3412 τού-

230 3465 342 3502 των
371 3450 408 3519 ἢ
451 3447 632 3501 ἀδικία
681 3446 1081 3519 μεμεγάλυνται
1141 3444 1347 3518 σφόδρα
1408 3445 1585 3517 μόνον·
1634 3438 1710 3500 ὧν
1759 3445 1816 3500 δὲ

228 3538 389 3593 οὔπω
426 3539 848 3611 μεμεγάλυνται,
879 3538 1006 3592 ἄλλο
1032 3537 1140 3591 δέει
1172 3539 1263 3591 ἐπὶ
1304 3536 1366 3591 τὸ
1395 3537 1811 3608 μεγαλύνεσθαι·

226 3632 436 3702 ὁμοίως
459 3630 552 3685 καὶ
575 3632 667 3684 ἐπὶ
686 3631 783 3702 τῆς
804 3630 1167 3702 ἀκαθαρσίας.
1191 3628 1339 3700 Πλὴν
1360 3628 1506 3683 αἰτία
1525 3628 1617 3682 τοῦ
1642 3627 1815 3683 ταῦτα

231 3724 518 3793 γεγονέναι
558 3725 676 3778 ἐστὶ
715 3724 776 3777 τὸ
818 3723 1241 3794 ὑπολαμϐάνειν,
1292 3723 1373 3776 ὅτι
1416 3722 1477 3775 οὐ
1537 3721 1728 3793 φθάνει
1778 3724 1812 3795 ἠ

232 3818 469 3890 Πρόνοια
494 3817 587 3871 ἐπὶ
607 3817 675 3872 τὰ
691 3821 749 3871 ὲν
772 3819 837 3890 τῇ
860 3820 951 3889 τῇ.
973 3814 1121 3871 Εἷπε
1145 3815 1274 3886 γὰρ,
1312 3816 1814 3886 Ἔγκαταλέλοιπε

234 3909 451 3977 Κύριος
478 3909 594 3979 τὴν
619 3907 755 3980 γῆν
786 3911 899 3963 οὐκ
939 3907 1126 3978 ἐφορᾷ
1159 3911 1193 3962 ό
1220 3908 1456 3976 Κύριος.

1914 613 2186 682 peccatis,
2259 622 2421 682 atque
2485 614 2890 683 compatiuntur
2956 615 3488 684 prmvaricatoribus.

1913 703 2065 757 Alter
2111 703 2290 758 aiebat
2323 705 2556 758 litteram
2587 703 2742 773 Thau
2793 704 3099 775 symbolum
3150 720 3271 760 esse
3299 720 3491 759 eorum

1914 794 2005 863 qui
2058 794 2229 865 legem
2292 802 2677 859 servaverunt,
2725 796 3165 866 quandoquidem
3220 795 3303 850 lex
3350 796 3493 865 apud

1916 880 2171 941 Hebraeos
2219 885 2397 940 Thom
2453 887 2789 956 appellatur,
2844 887 3001 957 cujus
3050 876 3199 941 vocis
3254 885 3492 956 primum

1915 979 2243 1034 elernentum
2272 980 2342 1034 sit
2364 976 2517 1031 Thau
2547 993 2610 1033 ac
2639 978 2907 1049 significet
2938 991 3034 1032 eos
3060 976 3152 1047 qui
3188 975 3492 1032 secundum

1915 1069 2086 1139 legem
2119 1070 2394 1124 vixerunt.
2436 1070 2658 1124 Tertius
2682 1084 2812 1124 vero
2835 1070 3056 1140 quidam
3086 1083 3152 1122 ex
3182 1082 3371 1122 eorum
3400 1084 3500 1121 uu-

1916 1174 2070 1213 mero
2117 1161 2209 1229 qui
2244 1159 2464 1214 Christo
2513 1168 2711 1215 numen
2753 1160 3053 1225 dederunt,
3103 1160 3283 1214 aiebat
3313 1166 3495 1213 vetera

1916 1250 2180 1305 elementa
2219 1252 2301 1307 sic
2347 1252 2581 1307 litteram
2630 1251 2785 1306 Thau
2837 1252 3113 1317 exhibere,
3165 1260 3225 1305 ut
3264 1252 3495 1320 figuram

1917 1343 2099 1397 crucis
2131 1341 2350 1408 referat,
2384 1357 2614 1414 esseque
2646 1343 2961 1398 vaticinium
2995 1341 3142 1398 illius
3178 1342 3319 1412 signi
3351 1340 3495 1412 quod

1917 1434 2059 1503 apud
2085 1434 2434 1489 Christianus
2469 1433 2523 1489 iu
2551 1434 2729 1490 fronte
2754 1433 3046 1507 eilingitur,
3079 1436 3332 1505 quodque
3362 1433 3496 1489 fide-

1917 1527 1997 1583 les
2037 1541 2231 1582 omnes
2280 1525 2522 1592 faciunt,
2573 1526 2836 1597 quidquid
2873 1528 3055 1597 operis
3086 1526 3494 1595 aggrediantur,

1918 1630 1983 1670 ac
2036 1616 2273 1671 maxime
2328 1617 2411 1671 vel
2462 1631 2684 1686 precum
2738 1615 2825 1670 vel
2872 1628 3153 1671 sacrarum
3203 1613 3497 1669 lectionum

1917 1708 2097 1763 initio.

1994 1801 2132 1866 Quia
2163 1801 2381 1870 impleta
2425 1811 2501 1855 est
2547 1801 2753 1872 populis
2784 1802 2969 1855 multis
3007 1804 3048 1855 ’.
3110 1797 3217 1853 Pro
3266 1797 3497 1870 populis,

1920 1893 2115 1962 reliqui
2169 1894 2518 1961 sauguiuibus
2568 1892 2904 1965 interpretati
2934 1901 3093 1956 sunt,
3148 1892 3388 1962 illudque
3417 1899 3502 1945 est
3598 1946 3605 1949 ν

1921 1985 2064 2055 apud
2090 1984 2211 2039 illos
2245 1988 2629 2055 perspicuum,
2662 2001 2785 2040 cum
2826 1998 3015 2038 omnes
3046 1984 3138 2053 qui
3169 1984 3233 2037 ad
3267 1992 3499 2036 mortem

1921 2085 2169 2150 peccant,
2216 2077 2360 2147 pleni
2405 2079 2515 2132 sint
2559 2074 2940 2147 sanguinibus,
2986 2089 3098 2144 prae
3153 2073 3501 2128 multitudine

1921 2180 2105 2223 eorum
2151 2169 2245 2238 qui
2275 2168 2342 2222 ad
2371 2176 2601 2223 mortem
2636 2178 2881 2238 peccant.
2947 2164 3005 2220 Si
3031 2181 3162 2221 vero
3190 2166 3369 2220 locum
3394 2164 3499 2218 lla-

1920 2259 2048 2314 beat
2095 2259 2225 2314 illud
2259 2259 2405 2330 quod
2437 2260 2576 2331 apud
2613 2259 2965 2329 Septuaginta
3002 2258 3262 2326 scriptum
3289 2263 3393 2324 est,
3423 2270 3505 2310 re-

1920 2352 2120 2421 pletam
2155 2354 2277 2407 es'se
2308 2350 2506 2406 terram
2530 2335 2782 2422 populis,
2812 2348 2953 2403 dicet
2981 2349 3103 2419 quis
3130 2346 3295 2421 425
3328 2346 3502 2403 multa

1921 2451 1976 2498 et
2005 2442 2276 2515 allophyla
2324 2450 2490 2512 atque
2537 2457 2567 2497 a
2617 2442 2817 2497 deitate
2847 2442 3021 2495 aliena
3060 2438 3313 2511 dogmata
3341 2438 3504 2495 nobis

1920 2534 2095 2589 accita
2125 2549 2282 2601 esse,
2314 2548 2421 2589 non
2454 2533 2715 2605 populum
2738 2575 2755 2601 ,
2803 2534 2898 2588 sed
2946 2532 3146 2588 multos
3175 2530 3501 2588 dissidentes

1920 2628 2173 2697 pepulos.
2230 2625 2394 2682 Forte
2446 2642 2578 2681 vero
2631 2626 2772 2680 inter
2821 2637 3041 2697 peccata
3097 2626 3499 2681 numerandum

1921 2728 2024 2785 est,
2043 2720 2189 2790 quod
2218 2728 2361 2773 terra
2389 2722 2552 2789 quam
2573 2715 2831 2787 frugibus
2864 2719 3077 2790 plenam
3102 2732 3222 2775 esse
3250 2714 3498 2783 decebat,

1920 2811 2122 2882 quippe
2172 2811 2333 2865 aliam
2362 2826 2392 2865 a
2421 2810 2661 2876 civitate;
2699 2809 2765 2864 iis
2811 2811 3030 2880 quidem
3085 2824 3254 2864 vacua
3286 2810 3391 2876 sit,
3420 2807 3505 2863 af-

1922 2902 2059 2957 ﬂuat
2103 2911 2284 2957 autem
2326 2900 2528 2971 pepulo
2569 2900 2662 2971 qui
2698 2901 2969 2956 civitatem
3002 2901 3084 2955 vel
3113 2898 3275 2955 etiam
3309 2900 3504 2956 civita-

1921 3001 2004 3051 tes
2033 2994 2268 3049 deserat.
2307 2991 2646 3064 Magnifieata
2675 3002 2758 3049 est
2795 3001 2974 3048 autem
3006 2992 3266 3063 majOrem
3297 2993 3350 3047 in
3386 3008 3505 3047 mo—

1918 3087 2046 3143 dum
2078 3086 2340 3156 iniquitas
2370 3085 2545 3156 geutis
2570 3083 2736 3140 Israel
2765 3094 2818 3139 et
2845 3083 2982 3140 Juda
3006 3126 3020 3153 ,
3072 3101 3135 3139 eo
3161 3085 3305 3155 quod
3335 3086 3500 3142 etiam

1917 3173 2111 3228 civitas
2136 3172 2333 3243 repleta
2354 3181 2430 3227 est
2462 3172 2743 3243 iniquitate
2784 3182 2832 3227 et
2861 3174 3201 3227 immundilia
3227 3174 3268 3229 ³.
3322 3174 3501 3229 liabe-

1917 3278 2043 3318 mus
2072 3270 2233 3333 porro
2265 3262 2319 3317 in
2354 3264 2514 3319 nobis
2541 3262 2703 3319 etiam
2738 3273 2940 3318 terram
2969 3264 3251 3319 colendum
3280 3275 3333 3321 et
3363 3267 3499 3322 civi-

1919 3360 2083 3408 tatem
2106 3353 2483 3409 aediﬁcandam
2512 3370 2527 3408 :
2555 3354 2998 3424 quandoquidem
3030 3355 3124 3409 Dei
3148 3356 3499 3425 agrirultura,

1920 3444 2020 3500 Dei
2052 3445 2342 3515 aediﬁcatio
2372 3460 2565 3501 sumus
2599 3447 2641 3502 ⁸.
2682 3445 2760 3501 De
2787 3446 2988 3516 quibus
3018 3463 3146 3499 vero
3178 3464 3287 3502 non
3322 3457 3497 3514 curat,

1920 3537 2018 3592 sed
2062 3536 2241 3593 solum
2290 3536 2455 3591 habet
2500 3538 2754 3607 populos,
2796 3544 2851 3592 et
2882 3523 3245 3607 iniquitatem,
3300 3542 3495 3596 horum

1921 3628 2183 3699 iniquitas
2208 3627 2554 3699 magniﬁcata
2585 3638 2670 3686 est
2699 3630 2889 3698 valde;
2926 3646 3160 3701 quormu
3198 3648 3327 3687 vero
3360 3650 3496 3689 non-

1920 3718 2052 3774 dum
2087 3719 2432 3789 magniﬁcata
2474 3728 2594 3784 est,
2646 3720 2793 3774 aliud
2820 3721 2950 3790 quid
2978 3721 3128 3775 deest
3164 3729 3222 3773 ut
3248 3723 3504 3788 magnifi-

1918 3824 2091 3871 cetur.
2160 3814 2473 3885 Eademque
2502 3815 2642 3870 ratio
2676 3826 2761 3871 est
2792 3816 2860 3872 de
2891 3814 3255 3870 irmuunditia.
3323 3816 3500 3872 Caete-

1917 3922 2038 3965 rum
2067 3923 2233 3965 causa
2261 3924 2360 3963 cur
2378 3903 2499 3964 haec
2528 3904 2802 3976 eveniant,
2827 3924 2890 3963 ea
2921 3915 2999 3963 est
3028 3908 3174 3977 quod
3197 3907 3498 3962 Providen-

238 4004 310 4057 tia
343 4002 413 4056 ad
441 4009 653 4056 terrena
679 3998 794 4055 hzec
820 3999 1126 4070 pertingere
1157 4013 1265 4053 non
1294 3997 1633 4053 existimetur
1665 4012 1681 4052 :
1713 3995 1975 4052 Dixerunt
2016 3998 2163 4054 enim
2184 4038 2200 4063 ,
2249 3996 2539 4068 Dereliquit
2581 3997 2838 4052 Dominus
2869 4007 3064 4051 terram
3093 4010 3240 4053 :uon
3289 4001 3500 4071 inspicit

234 4092 497 4148 Dominus
529 4093 571 4145 ⁸.

902 4186 1058 4239 xeo.
1100 4186 1157 4240 r.
1320 4250 1325 4253 Α

313 4279 607 4351 Ὀιὶοίωμα
640 4270 857 4348 θρόνου
883 4277 976 4331 ἐπ’
1003 4274 1222 4331 αὐτῶν.
1259 4273 1334 4329 Οὐ
1365 4273 1553 4348 θρόνον
1583 4275 1660 4343 δὲ,
1697 4275 1813 4329 ἁλλ’

232 4372 484 4444 ὁμοίωμα
517 4371 707 4444 θρόνου
739 4371 842 4443 ὁρᾷ
870 4370 899 4423 ό
930 4368 1234 4441 προφήτης·
1267 4365 1457 4439 ὥσπερ
1488 4366 1583 4420 καὶ
1610 4367 1669 4421 ὲν
1701 4367 1814 4430 τοῖς

228 4462 490 4536 ’ἀνωτέρω
540 4465 705 4534 φησὶν
753 4462 962 4541 οΰητὴν
1016 4459 1177 4527 δόξαν
1226 4454 1436 4531 Κυρίου
1483 4458 1640 4532 όρᾷν,
1694 4456 1811 4512 ἁλλ’

233 4553 486 4624 ὁμοίωμα
550 4551 707 4623 δόξης
766 4548 996 4621 Κυρίου,
1057 4549 1259 4619 λέγων·
1290 4548 1453 4619 Αὕτη
1506 4548 1547 4617 ἠ
1603 4547 1814 4617 ὅρασις

234 4642 495 4712 ὁμοίωμα
535 4639 647 4709 τῆς
675 4634 858 4706 δόξης
884 4638 1130 4707 Κυρίου.
1162 4636 1275 4691 Καὶ
1311 4638 1373 4692 οὐ
1412 4637 1726 4709 θαυμαστὸν
1760 4639 1810 4691 εί

231 4734 283 4787 οἱ
319 4732 543 4805 μηδέπω
575 4729 851 4804 προσώπῳ
888 4729 1026 4802 πρὸς
1058 4730 1349 4804 πρόσωπον
1378 4728 1452 4782 τὰ
1501 4730 1808 4802 πράγματα

236 4828 518 4881 κατανοεῖν
550 4824 837 4901 δυνάμενοι
859 4823 1076 4878 πάντων
1108 4822 1331 4876 ἐκείνων
1349 4819 1671 4893 όμοιώματά
1696 4820 1811 4892 βλέ-

237 4932 448 4981 πουσιν,
490 4912 579 4970 δτι
614 4911 889 4981 ἀξιοῦνται
933 4912 1027 4967 τοῦ
1067 4912 1313 4989 θεωρεῖν.
1347 4913 1571 4985 Νομίζω
1618 4914 1694 4978 δὲ,
1727 4914 1810 4967 ὅτι

238 5005 329 5060 καὶ
361 5004 588 5062 ἐνύπνια
627 5006 756 5078 περὶ
802 5002 914 5058 τῶν
960 5003 1245 5076 βασιλειῶν
1294 5005 1455 5076 μέχρι
1483 5004 1582 5075 τῆς
1627 5020 1808 5058 συντε-

236 5093 382 5164 λείας
418 5102 515 5155 καὶ
554 5099 652 5171 τῆς
695 5097 1046 5161 ἀναστάσεως
1080 5095 1291 5167 βλέπων
1339 5095 1538 5167 Δανιὴλ
1580 5096 1639 5149 ἑν
1668 5110 1808 5164 φαν-

237 5193 398 5266 τασίᾳ
429 5192 638 5262 ὲγίνετο
672 5189 1037 5262 δεικνυμένων
1063 5188 1425 5260 ὁμοιωμὰτων
1457 5186 1624 5257 αὐτῷ.
1654 5174 1809 5243 Οὕτω

240 5283 375 5338 κατὰ
404 5284 553 5357 ὕπαρ
576 5301 662 5348 τις
695 5283 926 5355 βλέπων,
944 5280 1284 5351 τυπουμένου
1310 5279 1457 5351 αὐτῷ
1489 5278 1582 5334 τοῦ
1605 5281 1810 5352 ἡγεμο-

238 5375 385 5431 νικοῦ
436 5374 545 5431 ἀπὸ
586 5375 682 5430 τοῦ
723 5373 1058 5448 προφητικοῦ
1099 5372 1435 5444 Πνεύματος,
1488 5372 1810 5444 όμοιώματά

237 5480 354 5522 τινα
388 5467 740 5538 φαντάζεται,
770 5464 1074 5539 συμϐολικὰ
1095 5464 1204 5519 τῶν
1236 5463 1534 5535 ἀληθινῶν·
1572 5463 1645 5536 μὴ
1671 5479 1803 5533 συγ-

238 5560 517 5631 χωρούσης
546 5560 648 5631 τῆς
680 5559 1134 5631 ἀνακεκραμένης
1174 5558 1335 5630 πάχει
1365 5557 1459 5611 καὶ
1484 5556 1672 5627 γεώδει
1702 5557 1806 5611 σώ-

242 5662 365 5717 ματι
393 5650 574 5724 ψυχῆς
604 5649 963 5723 τρανέστερον
1003 5652 1098 5706 καὶ
1143 5649 1475 5721 σαφέστερόν
1506 5666 1560 5702 τι
1595 5648 1805 5721 θεωρῆ-

2568 4183 2720 4239 CAP.
2755 4184 2823 4239 X.

1992 4269 2301 4331 Similituda
2334 4274 2508 4329 throni
2538 4291 2695 4345 super
2720 4293 2778 4330 eo
2804 4278 2845 4331 ⁸.
2906 4276 3021 4333 Non
3068 4280 3327 4338 thronum
3352 4325 3368 4351 ,
3401 4286 3497 4343 sed

1919 4368 2102 4423 throni
2151 4367 2566 4423 similitudinem
2620 4368 2764 4424 videt
2814 4370 3101 4441 propheta,
3139 4377 3499 4443 quemadmo-

1918 4459 2049 4515 dum
2077 4460 2241 4514 etiam
2268 4460 2324 4513 in
2361 4458 2738 4529 superioribus
2787 4461 2865 4517 ait
2904 4461 3105 4519 vidisse
3151 4479 3210 4520 se
3252 4481 3361 4520 non
3390 4466 3497 4522 Do-

1917 4551 2053 4607 mini
2104 4551 2355 4622 gloriam,
2404 4550 2496 4605 sed
2547 4551 2961 4608 similitudinem
3018 4554 3205 4625 gloriae
3255 4554 3494 4626 Domini,

1916 4644 2107 4700 dicens
2133 4643 2154 4676 ⁷
2188 4660 2203 4697 :
2237 4641 2366 4697 Ha'c
2391 4642 2521 4697 visio
2552 4642 2848 4699 similitudo
2878 4645 3063 4716 gloriae
3098 4647 3333 4704 Domini.
3374 4649 3494 4707 Non

1916 4736 2120 4791 ‘mirum
2171 4744 2354 4790 autem
2402 4734 2448 4791 si
2492 4735 2587 4807 qui
2623 4736 2854 4792 necdum
2906 4737 3045 4792 facie
3087 4738 3152 4793 ad
3187 4740 3377 4797 faciem
3408 4760 3495 4801 res

1915 4828 2227 4899 perspicere
2276 4827 2494 4895 valent,
2542 4828 2757 4883 illarum
2815 4828 3060 4884 omnium
3108 4831 3493 4892 similitudines

1906 4921 2122 4985 'videut,
2166 4934 2289 4975 cum
2320 4916 2445 4972 illas
2474 4933 2699 4973 cernere
2728 4918 2807 4973 eis
2840 4929 3149 4989 praestatur.
3225 4921 3492 4983 Existimo

1916 5021 2124 5078 autem,
2176 5026 2300 5066 cum
2328 5019 2383 5066 et
2403 5009 2592 5066 Daniel
2621 5009 2893 5064 insomnia
2922 5010 3130 5067 videret
3156 5013 3224 5069 de
3247 5014 3492 5086 imperiis

1909 5118 2087 5175 usque
2161 5103 2229 5158 ad
2291 5101 2822 5159 consummationem
2892 5110 2947 5157 et
3010 5107 3488 5173 resurrectionem,

1909 5196 2077 5252 menti
2132 5195 2252 5266 ejus
2298 5193 2609 5250 occurrisse
2657 5193 3067 5251 similitudines.
3136 5195 3227 5254 Sic
3268 5199 3489 5270 quando

1908 5282 2036 5352 quis
2064 5296 2249 5337 veram
2284 5281 2448 5337 habet
2475 5280 2762 5347 visionem,
2789 5278 3117 5357 informante
3145 5286 3293 5343 illius
3336 5305 3489 5343 meu-

1910 5381 2020 5428 tem
2084 5372 2289 5443 Spiritu
2350 5371 2712 5443 prophetico,
2781 5372 3166 5432 similitudines
3222 5379 3485 5446 quasdam

1913 5465 2097 5520 animo
2152 5465 2388 5535 cogitat,
2447 5478 2702 5520 verorum
2758 5464 2913 5535 signa
2975 5482 2990 5521 :
3051 5468 3180 5537 quia
3228 5467 3486 5524 nimirum

1911 5557 2094 5611 anima
2122 5570 2312 5612 crasso
2338 5564 2392 5611 et
2408 5565 2625 5613 terreno
2642 5557 2857 5627 corpori
2876 5557 3139 5627 immista,
3160 5558 3360 5616 clarius
3387 5561 3490 5616 ali-

1908 5647 2038 5718 quid
2069 5660 2135 5702 ac
2165 5638 2509 5703 manifestius
2531 5648 2779 5704 contueri
2814 5661 2922 5703 non
2951 5649 3102 5706 sinit.
3178 5647 3488 5712 Observan-

303 5820 651 5894 1|Excedunt.
691 5836 743 5891 9.
839 5835 1010 5893 'ibid.
1040 5837 1094 5895 9.
1171 5837 1389 5896 ‘lCor.
1424 5854 1506 5906 ιιι,
1539 5837 1592 5892 9.
1633 5836 1815 5891 'Ezec

1916 5851 1988 5903 Ix,
2014 5835 2066 5889 9.
2145 5835 2378 5892 'Ezech.
2412 5852 2466 5905 ι,
2488 5835 2538 5890 l.
2616 5837 2637 5869 τ
2660 5834 2856 5893 Ezech.
2888 5835 3020 5905 tt,i.
