4070 6296
548 317 650 374 805
1945 323 2036 379 EX
2072 323 2125 380 Ο

2228 319 2375 378 BENE
3725 327 3833 386 μοι

541 449 674 503 dum
704 457 884 504 autem
924 447 1435 518 imprtcsentiarum,
1457 446 1633 502 virum
1669 445 1918 502 indutum
1958 445 2125 500 fuisse

2233 461 2342 497 σαι.
2377 442 2718 515 Σημειωτέον
2761 443 2816 496 δὲ
2849 442 2965 505 νῦν,
3002 441 3083 496 ὅτι
3127 443 3156 497 ὁ
3199 443 3339 515 ἀνὴρ
3386 442 3487 496 οὐκ
3521 442 3839 502 ἁνενδέδυτο

546 556 656 594 non
689 551 836 596 veste
868 541 1046 603 talari,
1099 539 1192 594 sed
1227 539 1430 594 tunica.
1495 537 1636 604 Quia
1666 539 1811 594 enim
1840 537 2125 592 auditurus

2232 534 2466 606 ποδήρη,
2499 533 2636 586 ἁὶλὰ
2671 532 2888 604 στολήν.
2937 531 3158 603 Ἐπειδὴ
3189 533 3298 604 γὰρ
3326 532 3552 604 ἔμελλεν
3583 536 3833 600 ἀκούειν,

543 642 662 687 erat
694 651 708 687 :
743 631 1024 702 Ingredere
1070 633 1125 684 in
1171 633 1403 685 medium
1452 641 1693 685 rotarum
1725 631 1908 684 subtus
1941 630 2125 683 cheru-

2228 627 2484 681 Εἵσελθε
2515 629 2604 693 εἰς
2636 626 2702 680 τὸ
2729 629 2927 696 μέσον
2968 627 3089 681 τῶν
3121 625 3356 696 τροχῶν
3396 629 3678 684 ὑποκάτω
3710 633 3838 686 τῶν

546 725 684 788 bim,
717 733 769 777 et
805 722 964 792 imple
997 740 1185 778 manus
1215 733 1335 778 tuas
1372 723 1686 777 carbonibus
1715 724 1852 793 ignis
1882 723 1939 790 ⁸,
1995 721 2132 777 liila-

543 815 690 868 riore
744 824 895 870 veste
936 815 1228 870 donandus
1281 823 1419 879 erat,
1472 816 1674 885 quippe
1723 815 1999 870 civitatem
2033 829 2132 869 ex-

543 905 794 976 piaturus
828 907 963 962 viris
992 908 1230 978 plenam,
1271 908 1732 979 quemadmodum
1767 923 1933 978 supra
1970 906 2128 963 dixit.

1181 1091 1337 1148 CAP.
1392 1091 1488 1146 XI.

613 1181 721 1248 Qui
766 1183 950 1240 dicunt
1000 1199 1020 1237 :
1073 1182 1265 1239 Nonne
1299 1193 1532 1240 recenter
1559 1182 1842 1252 aediﬁcata
1886 1193 2010 1239 sunt
2035 1184 2132 1239 do.

538 1293 657 1330 mus
687 1278 754 1332 °?
788 1276 962 1348 Hujus
989 1277 1092 1333 loci
1123 1292 1320 1332 sensus
1353 1276 1441 1332 hic
1464 1286 1547 1332 est
1578 1295 1590 1331 :
1640 1275 1704 1330 lli
1733 1316 1749 1343 ,
1785 1277 1994 1345 inquit,
2045 1277 2131 1333 vi-

541 1367 734 1422 dentes
767 1381 958 1423 recens
983 1366 1306 1422 aediﬁcatam
1335 1366 1611 1421 civitatem
1642 1382 1672 1420 a
1700 1367 1984 1436 superiore
2010 1368 2132 1438 ejus

540 1459 882 1529 captivitate,
938 1459 1131 1514 dicunt
1179 1478 1191 1512 :
1244 1458 1360 1512 Etsi
1396 1465 1647 1513 recenler
1688 1457 1967 1512 aediﬁcata:
2004 1467 2133 1514 sunt

543 1551 741 1604 domus
761 1590 777 1611 ,
824 1549 940 1619 ipsa
989 1558 1173 1604 tamen
1205 1549 1400 1604 civitas
1434 1548 1633 1603 similis
1665 1555 1750 1603 est
1781 1547 1939 1603 lebeti
1972 1548 2130 1618 pleno

544 1643 908 1698 cadaveribus
931 1641 1098 1713 426
1122 1657 1244 1711 qua;
1271 1642 1364 1696 illo
1392 1641 1799 1697 contineantur.
1857 1639 1970 1697 Nos
1999 1656 2130 1696 vero

544 1733 805 1788 carnibus
837 1734 890 1787 in
915 1734 1022 1788 olla
1055 1734 1248 1803 positis
1277 1733 1485 1788 similes
1515 1749 1728 1801 sumus,
1758 1735 2130 1790 circumdaate

2231 717 2542 790 χερουΰὶμ,
2582 718 2682 772 καὶ
2709 718 2961 787 πλῆσον
2989 719 3099 786 τὰς
3126 717 3332 790 χεῖράς
3363 736 3482 775 σου
3517 722 3842 792 ἀνθράκων

2233 811 2446 880 πυρὸς,
2500 809 2606 865 ἔδει
2647 811 2810 865 αὐτὸν
2863 812 3194 885 ἱλαρώτερον
3245 813 3667 885 ἀμφιέννυσθαι,
3727 835 3839 873 κα-

2232 899 2444 972 Θαίρειν
2474 898 2734 972 μέλλοντα
2765 902 2885 974 τὴν,
2924 900 3109 967 καθὼς
3141 899 3295 958 εἶπεν
3332 905 3389 958 ἐν
3423 907 3536 970 τοῖς
3562 907 3671 978 πρὸ
3702 908 3840 963 τού-

2231 1008 2348 1056 του,
2377 991 2816 1064 πεπληρωμένην
2847 993 3001 1048 πόλιν
3035 992 3267 1066 ἀνδρῶν.

2871 1084 3032 1142 ΚΕΦ.
3074 1086 3179 1141 lA'.

2306 1175 2370 1228 Ol
2403 1170 2714 1245 λέγοντεςο
2745 1175 2892 1244 Οὐχὶ
2930 1175 3296 1247 προσφάτως
3321 1177 3730 1252 ᾠκοδόμηνται
3763 1183 3836 1239 al

2232 1267 2434 1321 οἰκίαι.
2475 1267 2535 1321 Ὀ
2559 1266 2686 1331 νοῦς
2713 1267 2806 1322 τοῦ
2846 1269 3209 1341 προκειμένου
3252 1273 3492 1339 τοιοῦτός
3519 1277 3686 1331 ἐστιν·
3720 1268 3836 1331 Οὗ-

2229 1375 2332 1421 τοι,
2377 1359 2529 1430 φησὶ,
2563 1357 2804 1428 λέγουσι,
2850 1361 3047 1414 νεωστὶ
3085 1362 3323 1434 ὁρῶντες
3353 1365 3461 1420 ἀπὺ
3492 1363 3590 1439 τῆς
3624 1383 3833 1442 προγε-

2231 1447 2464 1521 νομένης
2490 1449 2870 1522 αἰχμαλωσίας
2900 1453 3352 1527 οἰκοδομηθεῖσαν
3381 1456 3478 1530 τήν
3514 1456 3687 1526 πόλιν,
3712 1458 3826 1524 ὅτι,

2231 1543 2280 1594 εἱ
2331 1540 2425 1595 καὶ
2471 1541 2805 1613 προσφάτως
2853 1541 3232 1616 ᾠκοδόμηνται
3280 1550 3337 1602 αἱ
3384 1549 3576 1614 οἰκίαι,
3621 1549 3739 1603 ἀλλ’
3785 1551 3826 1624 ἡ

2233 1632 2388 1698 πόλις
2413 1633 2552 1706 αὕτη
2591 1634 2734 1688 ἔοικε
2782 1633 2970 1708 λέϐητι
3015 1638 3432 1712 πεπληρωμένῳ
3475 1642 3686 1714 νεκρῶν
3725 1662 3833 1698 πε-

2234 1727 2564 1799 ριεχομένων
2592 1727 2683 1781 ὑπ’
2731 1727 2920 1784 αὑτοῦ.
2966 1728 3087 1784 Τῶν
3113 1731 3171 1784 δὲ
3213 1734 3271 1786 ὲν
3296 1733 3374 1805 τῷ
3413 1732 3601 1807 λέϐητι
3646 1734 3830 1808 κρεῶν

541 1842 648 1882 nos
686 1825 1108 1898 Babyloniorum
1135 1826 1280 1897 igne,
1305 1835 1364 1881 ut
1390 1841 1422 1880 a
1448 1826 1668 1882 flamma
1697 1827 1840 1898 ignis
1874 1827 2125 1884 inimico-

2233 1794 2401 1888 λόγον⁷
2434 1819 2702 1891 ἐπέχομεν
2734 1821 2916 1892 ἡμεῖς,
2958 1821 3054 1876 τοῦ
3101 1823 3210 1879 τῶν
3247 1794 3610 1886 Βαέυλωνίίυν
3647 1794 3827 1904 πυρὸς

543 1937 667 1977 rum
699 1921 929 1976 evadere
964 1934 1071 1972 non
1105 1918 1405 1988 possimus.
1487 1917 1592 1973 Sed
1644 1934 1754 1974 non
1797 1935 1987 1975 verum
2023 1930 2127 1988 est,

543 2012 744 2083 inquit,
775 2011 922 2081 quod
954 2009 1193 2064 dixistis.
1225 2009 1379 2075 Quod
1410 2011 1555 2066 enim
1592 2025 1790 2080 magna
1828 2011 2022 2066 civitas
2058 2012 2131 2067 sit

540 2101 688 2167 olla,
739 2099 794 2153 id
837 2113 966 2154 vere
1009 2097 1264 2166 dixistis;
1315 2113 1424 2153 non
1461 2109 1643 2153 autem
1666 2139 1682 2164 ,
1713 2101 1857 2170 quod
1885 2115 1984 2157 vos
2009 2101 2129 2157 sitis

542 2207 675 2246 caro
707 2206 829 2262 qua:
863 2191 917 2244 in
945 2189 1036 2244 illa
1069 2198 1172 2244 est.
1214 2187 1413 2243 Mortui
1445 2188 1664 2260 quidem
1698 2203 1836 2260 quos
1865 2188 1920 2244 in
1948 2190 2129 2246 medio

540 2284 662 2354 ejus
697 2282 1068 2353 percussistis,
1114 2296 1309 2337 carnes
1351 2289 1512 2348 sunt;
1550 2281 1746 2338 civitas
1793 2296 1924 2338 vero
1957 2281 2124 2338 lebes.

543 2373 657 2432 Vos
686 2383 867 2431 autem
905 2389 1013 2429 non
1042 2374 1096 2428 in
1123 2389 1185 2430 ea
1218 2373 1530 2429 manebitis.
1571 2371 1840 2429 Futurum
1870 2382 1954 2431 est
1979 2375 2127 2430 enim

544 2475 606 2521 ut
638 2481 736 2522 vos
767 2465 1018 2521 educam.
1083 2465 1289 2521 Civitas
1335 2465 1502 2535 igitur
1537 2468 1755 2522 tametsi
1804 2467 1928 2524 aliis
1979 2467 2127 2523 lebcs

541 2569 648 2628 est,
679 2566 736 2614 at
767 2573 874 2613 non
903 2557 1095 2613 vobis:
1122 2567 1174 2612 et
1201 2556 1247 2612 si
1275 2557 1498 2627 quidam
1530 2557 1585 2611 in
1611 2558 1793 2613 medio
1821 2558 1941 2628 ejus
1965 2568 2127 2614 erunt

542 2653 596 2706 in
629 2667 855 2717 carnes,
890 2651 984 2706 sed
1033 2665 1142 2704 non
1171 2664 1266 2705 vos
1290 2650 1465 2705 eritis.
1535 2648 1802 2706 Judicabo
1828 2651 1974 2707 enim
2005 2665 2125 2718 vos,

541 2760 667 2799 cum
699 2744 753 2798 in
785 2757 1033 2798 summos
1059 2743 1326 2798 montium
1357 2742 1526 2798 Israel
1548 2729 1778 2798 vertices
1799 2743 2082 2799 evaseritis
2109 2759 2124 2799 :

542 2838 673 2892 talia
714 2853 804 2892 me
835 2837 992 2892 vobis
1020 2837 1401 2907 praecipiente,
1455 2844 1515 2892 ut
1546 2847 1734 2907 postea
1765 2837 1955 2893 sciatis
1997 2837 2127 2908 quia

540 2946 644 3000 ego
673 2946 796 2986 sum
827 2928 1109 2984 Dominus.

1169 3113 1324 3171 CAP.
1367 3111 1505 3168 Xlll.

622 3206 929 3263 Vaticinare
979 3224 1134 3277 super
1183 3207 1462 3278 prophetas
1519 3205 1692 3260 Israel
1724 3207 1790 3262 ’°.
1843 3205 2126 3277 Propheta

544 3313 672 3358 sunt
703 3303 798 3374 qui
830 3304 968 3358 bene
1001 3301 1316 3358 ministrant
1360 3299 1528 3356 verbo
1570 3300 1866 3368 doctrinae,
1917 3310 1972 3357 et
2003 3315 2127 3371 qua:

547 3398 640 3454 Dei
670 3405 798 3454 sunt
827 3395 1216 3451 vaticinantur.

616 3489 685 3545 Et
713 3489 855 3544 dices
901 3487 970 3542 ad
1000 3504 1087 3542 eos
1126 3487 1217 3558 qui
1251 3487 1609 3541 eaticinantur
1655 3501 1720 3540 ex
1749 3484 1906 3538 corde
1928 3500 2026 3539 suo
2055 3485 2122 3541 ".

540 3579 1041 3651 PseudOprOphetaa
1093 3586 1242 3643 sunt,
1297 3577 1390 3646 qui
1437 3592 1504 3631 ex
1549 3576 1784 3646 reprobo
1829 3573 1992 3630 corde
2022 3590 2125 3631 suo

539 3675 767 3730 oracula
818 3669 1332 3736 comminiscuntur,
1381 3676 1436 3723 et
1480 3682 1822 3739 quascunque
1848 3667 2124 3722 contraria

541 3776 780 3838 potestas
809 3764 1069 3835 suggerit.

614 3857 890 3928 Ejusdem.
956 3853 1154 3910 Omnia
1196 3867 1319 3923 qua‘
1350 3853 1417 3908 de
1443 3850 1726 3923 prophetis
1757 3859 1852 3905 aut
1891 3849 2126 3920 pseudo-

541 3949 822 4022 pmphetis
870 3946 1072 4016 scripta
1119 3953 1278 4012 sunt,
1324 3943 1392 3998 de
1447 3941 1703 3998 omnibus
1750 3941 2026 4011 magistris
2072 3948 2128 3995 et

542 4039 1032 4114 pseudomagistris
1067 4037 1478 4108 intelliguntur,
1513 4034 1823 4090 visibilibus
1853 4043 1907 4090 et
1934 4032 2126 4089 invisi-

542 4137 764 4192 bilibus.
1640 4170 1657 4189 κ

615 4229 888 4300 Ejusdem.
945 4226 1049 4294 Qui
1075 4242 1138 4282 ex
1174 4223 1339 4281 corde
1367 4221 1612 4291 loquitur
1643 4221 1765 4278 sine
1822 4221 2009 4276 afﬂatu
2043 4220 2124 4275 di-

541 4322 652 4376 vini
690 4319 946 4391 Spiritus,
984 4316 1456 4389 pseudOpropheta
1487 4322 1588 4368 est.

625 4415 712 4470 Va:
740 4415 821 4468 his
846 4413 938 4483 qui
959 4410 1271 4480 praphetant
1295 4408 1357 4460 de
1382 4410 1540 4460 corde
1563 4422 1658 4460 suo
1678 4406 1721 4437 ¹²
1749 4407 1762 4460 l
1805 4405 1908 4472 Qui
1937 4404 2126 4460 ambu-

2232 1912 2615 1986 περικειμένου
2648 1915 2802 1984 ἡμῖν,
2829 1913 2905 1979 ὡς
2933 1913 3292 1986 μὴδύνασθαι
3313 1917 3461 1990 ἡμᾶς
3491 1924 3686 1992 φυγεῖν
3715 1920 3831 1978 ἀπὸ

2230 2005 2331 2076 τῆς
2359 2003 2556 2074 φλογὸς
2586 2004 2678 2057 τοῦ
2705 2004 2812 2058 τῶν
2846 2006 3123 2077 πολεμίων
3152 2008 3341 2079 πυρός.
3393 2006 3534 2064 Ἀλλ’
3559 2013 3662 2067 οὐκ
3688 2009 3832 2088 ἀλη-

2231 2094 2323 2158 θές
2349 2095 2488 2159 ἐστι,
2518 2095 2702 2165 φησὶν,
2725 2095 2754 2148 ὃ
2776 2095 3058 2167 εἰρήκατε.
3085 2097 3206 2151 Ὅτι
3230 2099 3438 2172 μεγάλη
3463 2101 3572 2174 γὰρ
3601 2105 3635 2176 ή
3661 2105 3830 2172 πόλις

2229 2187 2377 2242 ἐστὶν
2410 2188 2439 2240 6
2471 2187 2636 2259 λέϐης
2670 2187 3010 2258 ήληθεύσατε
3029 2191 3199 2261 σὀὺχὶ
3229 2191 3286 2244 δὲ
3328 2193 3426 2246 καὶ
3458 2195 3541 2249 ὅτι
3569 2195 3730 2267 ὑμεῖς
3757 2199 3828 2254 τὸ

2230 2280 2289 2335 ἐν
2337 2279 2490 2352 μέσῳ
2532 2281 2705 2352 αὐτῆς
2738 2281 2910 2353 κρέα·
2961 2283 3012 2337 oi
3055 2283 3166 2356 γὰρ
3217 2285 3404 2359 νεκροὶ
3439 2285 3536 2352 οὒς
3573 2289 3632 2344 ἐν
3667 2291 3826 2364 μέσῳ

2182 2408 2208 2430 ο
2230 2373 2403 2446 αὐτῆς
2433 2374 2766 2442 ὲπατάξατε,
2811 2369 2957 2429 οὗτοί
2988 2376 3095 2430 είσι
3132 2377 3203 2432 τὰ
3247 2380 3406 2451 κρέαο
3441 2381 3474 2452 ἡ
3519 2381 3577 2435 δὲ
3608 2384 3760 2449 πόλις
3790 2387 3825 2439 6

2229 2465 2414 2540 λέϐης.
2457 2467 2646 2539 Ὑμεῖς
2668 2467 2726 2520 δὲ
2757 2466 2819 2521 οὐ
2851 2471 3062 2540 μενεῖτε
3090 2470 3149 2524 ἒν
3179 2474 3248 2543 τῇ
3284 2472 3458 2526 πόλειο
3496 2472 3682 2540 ὲξὼσω
3709 2479 3824 2552 γὰρ

2229 2561 2397 2632 ὑμᾶς.
2445 2561 2657 2616 Οὐκοῦν
2695 2563 2729 2633 ή
2781 2561 2937 2628 πόλις
2973 2565 3022 2618 εί
3057 2563 3240 2630 ἄλλοις
3278 2567 3424 2621 ἐστὶν
3464 2568 3545 2632 είς
3584 2569 3816 2639 λέϐητα,

2228 2653 2343 2707 ἀλλ’
2376 2654 2474 2725 οὐχ
2497 2654 2652 2725 ὑμῖνο
2685 2654 2780 2708 καὶ
2802 2656 2851 2708 εί
2873 2653 3087 2711 ἔσονται
3109 2675 3253 2722 τινες
3276 2660 3334 2712 ὲν
3366 2660 3514 2732 μέσῳ
3537 2661 3706 2734 αὐτῆς
3735 2661 3818 2727 είς

2229 2744 2388 2817 κρέα,
2423 2745 2536 2798 ἀλλ’
2561 2745 2660 2817 οὐχ
2690 2747 2868 2817 ὑμεῖς.
2904 2745 3094 2819 Κρινῶ
3124 2747 3234 2819 γὰρ
3263 2750 3428 2821 ὑμᾶς,
3468 2751 3606 2825 πρὸς
3633 2753 3820 2820 αὐτοῖς

2227 2838 2343 2900 τοῖς
2371 2837 2562 2910 ἄκροις
2598 2837 2927 2908 γενομένους
2950 2839 3059 2894 τῶν
3081 2841 3176 2894 τοῦ
3217 2842 3432 2914 Ἰσραὴλ
3464 2844 3658 2919 ὀρέωνο
3693 2864 3817 2899 τοσο

2233 2927 2376 2983 αὖτά
2423 2946 2528 3000 μου
2576 2929 2876 2998 ἐπάγοντος
2921 2931 3071 3004 ὑμῖν,
3111 2935 3262 2999 ὅπως
3293 2935 3389 2990 καὶ
3426 2927 3650 3009 ὕστερον
3693 2940 3820 2994 sm-

2228 3019 2429 3089 γνῶτε,
2463 3021 2545 3075 ὅτι
2579 3022 2690 3092 ἐγώ
2727 3022 2842 3092 εἰμι
2873 3024 3099 3097 Κύριος.

2863 3119 3022 3172 ΚΕΦ.
3065 3121 3163 3174 1Γ’.

2179 3182 2197 3205 ¹
2260 3207 2699 3277 Προφήτευσον
2724 3211 2823 3266 ἐπὶ
2864 3212 3008 3279 τοὺς
3050 3213 3357 3282 προφήτας
3391 3213 3498 3270 τοῦ
3533 3217 3810 3287 Ἰσραήλ.

2229 3297 2513 3368 Προφῆταί
2543 3299 2680 3354 εἰσιν
2718 3301 2768 3354 οἱ
2809 3301 2990 3365 καλῶς
3021 3301 3394 3367 διακονοῦντες
3424 3303 3502 3374 τῷ
3531 3303 3675 3376 ’λόγῳ
3717 3303 3816 3375 τῆς

2227 3389 2596 3456 διδασκαλίας,
2628 3393 2724 3446 καὶ
2750 3393 3184 3465 προφητεύοντες
3216 3396 3282 3449 τὰ
3307 3394 3400 3448 τοῦ
3429 3394 3582 3449 Θεοῦ.

2301 3485 2408 3538 Καὶ
2437 3484 2594 3553 ἐρεῖς
2635 3485 2761 3552 τοῖς
2800 3485 3135 3555 προφήταις
3172 3487 3298 3554 τοῖς
3325 3487 3816 3556 προφητεύουσιν

2227 3575 2347 3630 ἀπὸ
2390 3576 2638 3645 καρδίας
2667 3578 2887 3632 αὐτῶν.
2915 3579 3376 3653 Ψευδοπροφῆταί
3419 3583 3555 3634 εἰσιν
3584 3582 3633 3634 oi
3678 3598 3816 3654 χρη-

2229 3670 2551 3741 ματίζοντες
2573 3669 2644 3723 τὰ
2667 3669 2776 3724 ἀπὸ
2808 3671 2908 3740 τῆς
2935 3671 3197 3742 ἀδοκίμου
3233 3672 3461 3744 καρδίας
3487 3671 3687 3738 αὐτῶν,
3716 3670 3814 3725 καὶ

2227 3762 2329 3817 ὅσα
2360 3765 2393 3835 ή
2429 3762 2650 3816 ἐναντία
2673 3762 2903 3834 δύναμις
2928 3762 3280 3834 ὑπαγορεύει.

2306 3854 2418 3908 Τοῦ
2471 3854 2681 3909 αὐτοῦ.
2734 3855 2876 3908 Ὅσα
2925 3854 3052 3926 περὶ
3109 3853 3408 3927 προφητῶν
3443 3853 3726 3926 ἱστόρηται
3773 3854 3810 3927 ἢ

2227 3947 2706 4020 ψευδοπροφητῶν,
2772 3948 3138 4019 λαμϐάνονται
3189 3950 3270 4013 εἰς
3297 3947 3504 4013 πάντας
3557 3948 3815 4004 διδασκά-

2228 4041 2354 4105 λους
2374 4040 2470 4094 καὶ
2494 4039 3036 4110 ψευδοδιδασκάλους,
3063 4040 3291 4112 ὀρατοὺς
3321 4041 3416 4094 καὶ
3448 4040 3736 4113 ἁοράτους.

2307 4223 2417 4278 Τοῦ
2441 4223 2650 4278 αὑτοῦ.
2694 4223 2754 4277 Ὀ
2790 4221 2900 4277 ἀπὸ
2932 4223 3163 4296 καρδίας
3192 4221 3369 4277 λαλῶν
3395 4221 3502 4288 ἔξω
3532 4221 3628 4276 τοῦ
3659 4221 3813 4276 Θείου

2229 4315 2308 4369 Πν
2319 4314 2555 4386 εύματός
2583 4317 2700 4368 ἐστι
2733 4315 3206 4387 ψευδοπροφήτης.

2305 4408 2451 4463 Οὐαὶ
2477 4409 2599 4475 τοῖς
2630 4410 3117 4478 προφητεύουσιν
3137 4407 3256 4462 ἀπὸ
3300 4406 3550 4476 καρδίας
3577 4405 3816 4462 αὺτῶνὲ

541 4509 620 4563 lat
645 4516 770 4579 post
799 4505 1050 4575 spiritum
1079 4518 1265 4565 suum,
1303 4499 1471 4556 animi
1506 4500 1813 4554 voluntates
1844 4499 2120 4567 sequitur;

2241 4501 2300 4554 '0
2354 4500 2717 4572 πορευόμενος
2755 4499 2931 4552 ὀπίσω
2975 4498 3069 4553 τοῦ
3119 4497 3430 4570 πνεύματος
3482 4495 3646 4552 αὐτοῦ
3694 4498 3813 4562 τοῖς

540 4601 636 4671 qui
683 4607 860 4654 autem
908 4595 1152 4650 ambulat
1201 4603 1323 4664 post
1373 4592 1634 4663 Spiritum
1677 4599 1948 4655 sanetum,
1997 4599 2120 4659 post

543 4689 833 4745 Dominum
868 4685 1040 4742 Deum
1073 4683 1338 4748 ambulat,
1367 4684 1596 4754 ejusque
1619 4680 1928 4736 voluntates
1961 4693 2120 4734 cxse~

543 4790 885 4937 qugﬁ‘idem.
943 4866 1364 4922 Ambulantibus
1397 4874 1520 4937 post
1556 4864 1806 4935 spiritum
1838 4878 1998 4919 suum
2035 4861 2120 4917 di-

542 4962 619 5021 cit
649 4959 942 5031 Apostolus
971 4959 1014 4992 "
1047 4979 1059 5014 :
1100 4959 1274 5015 Orabo
1305 4959 1519 5029 spiritu,
1553 4956 1715 5011 orabo
1745 4963 1933 5009 mente.
1966 4953 2121 5020 Quae-

546 5069 634 5111 res
672 5067 801 5108 num
829 5051 940 5106 duo
965 5051 1081 5107 lucc
1114 5067 1282 5106 unum
1311 5051 1564 5120 idemque
1595 5049 1726 5113 sint,
1771 5053 1826 5102 et
1850 5045 1981 5117 quid
2006 5049 2122 5101 hazc

539 5144 871 5219 signiﬁcent.

611 5239 893 5309 Propheta:
922 5236 1022 5326 tui,
1055 5234 1248 5303 Israel,
1277 5236 1411 5292 sicut
1444 5233 1619 5304 vulpes
1649 5232 1711 5288 ιδ.
1774 5233 1959 5290 Genus
1993 5231 2120 5298 hoc,

539 5351 636 5392 seu
670 5333 854 5404 potius
886 5325 1110 5395 animal,
1144 5337 1424 5384 versutum
1455 5336 1566 5392 est,
1595 5325 1769 5382 ferum
1799 5334 1850 5380 et
1881 5332 2117 5394 agreste,

541 5441 643 5480 nec
669 5423 847 5478 solum
884 5421 952 5475 de
976 5420 1143 5483 malo,
1191 5429 1244 5473 et
1272 5429 1514 5481 versuto,
1563 5419 1871 5487 callidoque
1896 5416 2120 5470 homine

542 5515 893 5587 intelligitur,
948 5512 1044 5568 sed
1074 5511 1236 5567 etiam
1269 5511 1336 5565 de
1364 5509 1644 5580 spiritibus
1672 5509 1764 5579 qui
1796 5508 1993 5565 similis
2023 5523 2118 5579 ge-

543 5612 620 5666 nii
647 5620 794 5666 sunt.
849 5609 914 5664 lli
943 5609 1088 5665 enim
1118 5608 1337 5678 propria
1367 5615 1664 5677 operantur
1692 5606 1746 5660 in
1779 5606 1963 5661 anima
1995 5622 2118 5676 quae

612 5724 633 5755 ⁸
651 5715 850 5779 Ezeclt.
885 5740 938 5791 ς,
965 5724 1020 5779 2.

541 5809 662 5859 xm,
689 5795 744 5848 4.

2231 4591 2497 4662 θελήμασι
2524 4591 2625 4662 τῆς
2649 4591 2830 4662 ψυχῆς
2851 4591 3152 4644 ἀκολουθεῖ’
3175 4593 3204 4645 6
3238 4593 3605 4665 πορευόμενος
3633 4593 3810 4646 ὀπίσω

2227 4685 2323 4738 τοῦ
2346 4685 2500 4753 ἁγίου
2527 4683 2863 4755 Πνεύματος,
2893 4683 3069 4738 ὀπίσω
3095 4684 3300 4757 Κυρίου
3324 4685 3416 4740 τοῦ
3451 4685 3609 4752 Θεοῦ,
3636 4685 3809 4740 ποιῶν

2226 4775 2393 4830 αὐτοῦ
2421 4775 2490 4829 τὰ
2519 4773 2819 4849 θελήματα.

2304 4867 2416 4923 Τοῦ
2455 4868 2665 4922 αὐτοῦ.
2707 4867 2834 4934 Τοῖς
2871 4870 3261 4943 πορευομένοις
3298 4871 3474 4927 ὀπίσω
3513 4869 3608 4925 τοῦ
3651 4869 3810 4925 πνεύ-

2231 4977 2400 5033 ματος
2435 4958 2614 5015 αὐτῶν
2645 4961 2674 5014 ὀ
2713 4962 3034 5027 Ἀπόστολος
3061 4963 3229 5034 λέγει·
3281 4964 3701 5034 Προσεύξομαι
3725 4964 3810 5030 τῷ

2223 5053 2538 5122 πνεύματι,
2575 5053 2982 5125 προσεύξομαι
3007 5053 3088 5122 τῷ
3107 5057 3221 5110 νοΐ.
3250 5057 3359 5111 Καὶ
3383 5055 3643 5128 ζητήσεις
3671 5058 3723 5111 εί
3747 5056 3810 5111 ἒν

2221 5144 2294 5198 τὰ
2322 5145 2625 5216 ἀμφότερα,
2657 5144 2691 5217 ἢ
2721 5144 2804 5199 οὔ·
2844 5147 2939 5200 καὶ
2970 5147 3023 5200 τί
3047 5147 3238 5202 ταῦτα.

2287 5239 2352 5290 Ol
2377 5236 2679 5306 προφῆται
2708 5253 2847 5305 σου,
2865 5238 3134 5308 Ἰσραὴλ,
3159 5240 3240 5306 ὡς
3268 5238 3593 5308 ἀλώπεκες.
3635 5239 3807 5296 Τοῦτο

2224 5329 2287 5383 τὸ
2311 5329 2486 5399 γένος,
2519 5329 2718 5400 μᾶλλον
2746 5331 2802 5383 δὲ
2828 5331 2889 5384 τὺ
2921 5331 3077 5397 ζῶον,
3106 5332 3413 5404 πανοῦργόν
3436 5335 3552 5387 ἐστι
3582 5333 3678 5387 καὶ
3709 5333 3807 5406 θη-

2229 5421 2418 5494 ριῶδες
2458 5421 2552 5476 καὶ
2583 5421 2793 5492 ἄγριον·
2829 5425 2923 5476 καὶ¹
2959 5423 3022 5476 ού
3059 5422 3218 5495 μόνον
3255 5427 3335 5489 εἰς
3376 5425 3469 5478 τὸν
3509 5425 3678 5480 κακὸν
3711 5429 3804 5481 καὶ

2226 5513 2536 5586 πανοῦργον
2563 5513 2656 5568 καὶ
2688 5515 2918 5571 ὓπουλον
2943 5515 3229 5588 ἄνθρωπον
3272 5516 3632 5588 λαμϐάνεται,
3667 5518 3805 5571 ἀλλὰ

2226 5607 2321 5660 καὶ
2349 5607 2428 5669 εἰς
2451 5606 2612 5676 ὃμοια
2641 5605 2947 5679 πνεύματα.
2982 5606 3094 5661 Καὶ
3123 5598 3268 5661 οὗτοι
3297 5608 3405 5680 γὰρ
3430 5609 3713 5683 ἒνεργοῦσι
3737 5609 3806 5664 τὰ

1117 5721 1342 5776 ’Ezccb
1396 5737 1471 5791 xi,
1520 5719 1574 5776 5.
1649 5718 1691 5752 ³ο
1714 5718 1911 5776 Ezceb.
1967 5726 2125 5789 sum

2253 5720 2292 5752 "
2321 5719 2450 5776 ibid.
2529 5721 2572 5752 “
2601 5720 2731 5775 ibid.
2784 5720 2836 5775 5.
2911 5718 3144 5775 "lCor.
3205 5719 3439 5789 x1v,15.
3512 5720 3555 5752 “
3601 5719 3802 5777 Ezccb.
