4070 6296
277 381 394 434 805

1508 377 1634 433 SEL
1647 377 1822 432 ECTA
1857 375 1924 431 IN
1964 376 2418 432 EZECIIIELEM.

3463 377 3570 431 806

281 501 401 553 ἴδια
429 497 519 561 είς
550 497 647 569 τὴν
675 497 881 569 ἔρημον
914 496 1024 550 ἀπὸ
1045 495 1180 550 Θεοῦ
1205 496 1382 568 ψυχὴν
1422 498 1519 551 καὶ
1546 499 1645 567 τῆς
1674 497 1881 550 δικαιο-

1989 511 2017 550 a
2069 496 2180 550 Deo
2222 496 2452 566 ejusque
2497 495 2708 565 justitia
2759 494 2973 550 deserta
3011 504 3113 550 cst.
3162 492 3355 560 Quaere
3387 503 3570 549 autem

283 587 467 658 σύνης
499 588 684 642 αὐτοῦ.
719 588 878 660 Ζήτει
906 588 962 642 δὲ
990 589 1082 642 καὶ
1105 588 1204 660 τὴν
1233 588 1430 660 πρᾶξιν
1458 587 1552 641 τοῦ
1581 587 1742 652 ζώου.

352 681 492 734 Οὐκ
538 679 812 746 ἔστησαν
841 678 911 732 ἐν
955 677 1333 748 στερεώματι.
1375 679 1448 732 Τὸ
1487 679 1738 733 ἀϐέϐαιον
1792 680 1886 734 καὶ

273 768 495 842 ψεῦδος
531 771 625 823 καὶ
658 769 930 841 ἁδύναμον
962 770 1181 840 ⁴ᾐνίξατο
1213 772 1270 822 ὲν
1293 768 1490 839 τούτῳ.

359 951 482 1004 Καὶ
515 950 870 1020 συνήγαγον
900 949 971 1003 τὰ
999 950 1262 1019 ποίμνια.
1289 950 1429 1013 Τοὺς
1458 948 1768 1021 αἱρετικοὺς
1794 948 1888 1002 ἐπὶ

277 1045 386 1112 τὴν
428 1043 766 1114 Ἐκκλησίαν
786 1059 798 1072 ·
835 1042 904 1096 τὰ
933 1041 1178 1114 κτηνώδη
1225 1041 1471 1112 δόγματα
1501 1041 1594 1094 ἐπὶ
1617 1040 1715 1113 τὴν
1749 1039 1886 1112 ἀλήη

278 1134 468 1188 ρειαν.

357 1227 500 1279 Οὐκ
528 1223 878 1292 ἀνέστησαν
906 1224 976 1278 ἐν
1006 1222 1267 1293 πολέμῳ.
1307 1223 1422 1277 Οὐκ
1454 1221 1758 1295 ἀνέστησαν
1789 1223 1886 1277 σὺν

273 1316 542 1388 Χριστῷ,
579 1315 709 1369 διότι
748 1316 809 1369 ού
844 1316 1223 1386 συνετάφησαν
1252 1315 1402 1386 αὐτῷ
1434 1316 1484 1368 οἱ
1515 1315 1764 1384 λέγοντες
1793 1315 1887 1368 καὶ

275 1409 594 1481 βλέποντες
622 1409 838 1480 ἡμέραν
871 1407 1078 1480 Κυρίου
1107 1407 1301 1479 ψευδῆ.

356 1502 522 1572 Οὐχὶ
559 1502 772 1570 ὅρασιν
803 1500 999 1570 ψευδῆ
1051 1500 1382 1569 ἐωράκατε;
1426 1500 1656 1571 ’Ὀρασις
1688 1497 1886 1570 ψευδής

275 1595 404 1648 ἐστι
439 1594 517 1648 τὰ
544 1595 684 1648 κατὰ
707 1592 902 1664 ψεῦδος
927 1592 1194 1664 νοούμενα
1224 1593 1488 1664 δόγματα.

365 1775 482 1826 Ἐν
509 1772 745 1839 παιδείᾳ
772 1772 878 1826 τοῦ
905 1772 1061 1826 λαοῦ
1099 1791 1220 1842 μου
1250 1774 1361 1827 οὐκ
1385 1774 1652 1828 ἔσονται.
1684 1774 1883 1844 Διάφο-

277 1881 372 1936 por.
407 1863 568 1935 παρὰ
601 1863 807 1935 Κυρίου
833 1863 886 1916 αἱ
924 1864 1181 1917 παιδεῖαι.
1227 1865 1384 1919 Ἔστι
1416 1866 1690 1936 παιδείαή
1727 1865 1884 1936 λεγο-

272 1960 431 2032 μένη
462 1961 519 2011 ὲν
544 1958 741 2029 κρίσει,
769 1957 864 2010 καὶ
891 1955 1006 2010 ἔστι
1031 1957 1248 2010 παιδεία
1273 1959 1306 2029 ή
1330 1958 1596 2032 λεγομένη
1621 1960 1680 2013 ὲν
1703 1958 1881 2032 θυμῷ.

363 2050 530 2103 Οὐδὲ
565 2049 634 2108 ἐκ·
671 2046 871 2124 γραφῇ
914 2048 1084 2102 οἴκου
1130 2047 1372 2118 Ἰσραὴλ
1413 2050 1680 2106 ἔσονται.
1727 2051 1884 2116 Ἐξα-

275 2139 680 2213 λειφοήσονται
702 2140 811 2210 γὰρ
841 2141 904 2192 ὲκ
937 2137 1119 2208 βίϐλου
1153 2138 1392 2204 ζώντων.

360 2232 477 2287 Kal
491 2239 586 2300 εις
605 2231 720 2300 τὴν
739 2230 857 2301 γῆν
876 2230 980 2284 τοῦ
1011 2229 1259 2300 Ἰσραὴλ
1277 2234 1387 2286 οὐκ
1410 2234 1882 2288 εἰσελεύσονται.

289 2324 398 2380 Ἕν
425 2329 492 2398 τῇ
534 2323 801 2397 μελλούσῃ
835 2323 1019 2395 ἡμέρᾳ
1051 2323 1316 2395 δηλονότι.

221 2487 223 2490 μ
367 2415 478 2470 Διὰ
509 2415 686 2469 τοῦτο
728 2412 928 2483 ψευδῆ
966 2415 1039 2467 οὐ
1061 2413 1148 2483 μὴ
1183 2413 1399 2483 είδῆτε.
1450 2413 1762 2483 Τουτέστιν,
1806 2417 1882 2469 Οὐ

280 2502 376 2575 μὴ
415 2505 754 2576 συγχωρήσω
796 2501 1123 2574 εὐοδωθῆναι
1155 2502 1320 2574 ὑμᾶς,
1368 2504 1454 2558 ἵνα
1484 2503 1546 2556 τὸ
1591 2505 1718 2574 ἑξῆς
1749 2507 1885 2581 πλη-

279 2592 474 2664 {Mili-

928 2685 1086 2741 ΚΕΦ.
1145 2687 1244 2740 ῐΔ¹.

372 2777 444 2830 El
475 2775 942 2847 ἀποκρινόμενος
965 2777 1267 2846 ἀποκριθῶ
1303 2773 1527 2844 αὐτοῖς.
1559 2779 1625 2832 El
1654 2778 1886 2851 ἀποκρι-

282 2865 526 2936 νόμενος
553 2868 993 2941 ἀποκριθήσομαι
1019 2870 1223 2935 αὐτοῖς,
1269 2871 1450 2942 κρίσιν
1475 2871 1535 2934 ἐξ
1563 2871 1738 2942 ὑμῶν·
1763 2873 1883 2944 ήτοι

287 2955 368 3008 ὲκ
397 2955 492 3009 τοῦ
527 2959 805 3029 προφήτου
847 2958 1113 3030 λαμϐάνει
1145 2960 1174 3011 ὁ
1218 2957 1380 3022 Θεός·
1427 2958 1460 3029 ἦ
1505 2958 1665 3030 δῆλόν
1715 2976 1882 3031 φησιν

278 3047 696 3118 ἀποκρίνεσθαι
726 3050 912 3113 αὐτοῖς
942 3052 1057 3114 τοῖς
1084 3049 1363 3114 τοιούτοις·
1396 3050 1518 3104 ὅθεν
1573 3051 1881 3123 ὑπερνικῶν

1990 585 2118 655 quid
2149 594 2403 656 operetur
2430 586 2653 639 animal.

2061 679 2185 734 Non
2208 690 2462 735 steterunt
2487 681 2545 734 in
2572 680 2906 748 ﬁrmamento
2932 680 2999 733 ‘5.
3044 677 3140 734 llis
3171 679 3350 734 verbis
3378 695 3569 735 eorum

1988 771 2410 828 inconstantiam
2445 781 2498 827 et
2528 772 2870 827 mendacium
2924 772 3413 842 impotentiamque
3439 776 3571 830 sub-

1989 861 2220 919 obscure
2246 865 2475 918 notavit.

2061 955 2131 1008 Et
2157 963 2600 1026 congregaverant
2628 971 2806 1026 greges
2845 957 2906 1008 ¹⁶.
2952 954 3246 1012 llmreticos
3279 956 3348 1012 ad
3378 955 3570 1014 Eccle-

1991 1047 2167 1115 siam;
2203 1047 2438 1101 belluina
2474 1046 2750 1118 dogmata,
2775 1047 2842 1101 ad
2875 1051 3178 1104 veritatem.

2055 1227 2220 1301 427
2261 1226 2385 1284 Νοη
2411 1243 2749 1286 surrexerunt
2783 1230 2838 1284 in
2861 1231 3046 1300 prwlio
3067 1231 3128 1284 ¹⁷.
3164 1231 3280 1286 Νοη
3313 1248 3570 1290 surrexe-

1986 1331 2117 1377 runt
2163 1338 2286 1376 cum
2319 1321 2558 1390 Christo,
2605 1324 2734 1394 quia
2793 1339 2894 1380 nec
2946 1339 3071 1378 cum
3124 1324 3216 1379 illo
3257 1325 3564 1396 consepulti

1987 1423 2135 1478 sunt,
2169 1414 2262 1484 qui
2297 1413 2490 1469 dicunt
2517 1424 2570 1469 et
2602 1415 2787 1469 vident
2817 1416 2958 1470 diem
2981 1415 3194 1468 Domini
3231 1414 3448 1474 falsam.

2059 1502 2251 1560 Nonne
2306 1507 2554 1560 visionem
2604 1506 2798 1576 falsam
2819 1506 3026 1560 vidistis
3042 1507 3122 1560 ‘3?
3154 1506 3304 1561 Visio
3323 1505 3481 1574 falsa,
3503 1523 3567 1562 ea

1986 1599 2240 1668 dogmata
2272 1606 2420 1663 sunt,
2449 1613 2572 1668 qua:
2602 1599 2904 1652 secumlum
2960 1596 3305 1652 mendacium
3363 1597 3566 1652 intelli-

1987 1697 2208 1758 guntur.

2059 1777 2126 1832 In
2158 1777 2444 1849 disciplina
2475 1777 2658 1848 populi
2686 1777 2787 1831 mei
2817 1793 2920 1831 non
2953 1786 3103 1831 erunt
3139 1775 3202 1830 η.
3227 1773 3405 1831 Variae
3437 1787 3567 1832 sunt

1990 1885 2022 1924 a
2057 1870 2285 1926 Domino
2311 1870 2631 1940 disciplima.
2677 1868 2776 1924 Est
2816 1867 3102 1938 disciplina
3135 1883 3258 1938 quae
3281 1868 3486 1924 dicitur
3511 1870 3564 1923 in

1980 1958 2224 2028 judicio;
2254 1971 2307 2014 et
2337 1969 2419 2015 est
2442 1958 2749 2028 disciplina,
2778 1974 2901 2028 quae
2926 1959 3128 2014 dicitur
3154 1958 3208 2012 in
3245 1957 3453 2014 furore.

2060 2051 2241 2122 Neque
2275 2053 2328 2104 in
2362 2068 2517 2104 censu
2541 2050 2729 2103 domus
2753 2047 2925 2104 Israel
2952 2049 3190 2104 erunt".
3233 2048 3568 2105 Dciebuntur

1986 2143 2131 2198 enim
2157 2143 2223 2195 de
2252 2142 2393 2196 libro
2423 2140 2746 2195 viventium.

2054 2233 2123 2288 Et
2166 2234 2221 2301 in
2256 2245 2451 2285 terram
2484 2229 2658 2284 Israel
2690 2247 2793 2284 non
2829 2230 3119 2284 introibant
3143 2230 3212 2285 ²¹.

1985 2321 2245 2375 nimirum
2279 2321 2387 2374 die.

2058 2411 2343 2480 Propterea
2372 2410 2643 2465 mendacia
2669 2424 2772 2463 non
2798 2408 3036 2464 videbitis
3064 2412 3133 2466 “.
3164 2408 3280 2468 Hoc
3312 2420 3416 2479 est,
3445 2425 3559 2469 non

1985 2503 2158 2558 sinam
2197 2510 2256 2555 ut
2284 2516 2540 2571 prospere
2569 2499 2724 2555 vobis
2765 2499 2952 2564 cedat,
2997 2508 3056 2554 ut
3103 2502 3247 2571 quod
3291 2502 3563 2573 sequitur,

1987 2593 2298 2662 impleatur.

3272 2229 3330 2286 In
3376 2231 3561 2290 futuro

2604 2681 2756 2738 CAP.
2799 2679 2942 2736 XIV.

2059 2776 2120 2833 Si
2167 2776 2483 2848 respondens
2535 2775 2856 2845 respondebo
2899 2775 2973 2829 eis
3001 2775 3067 2829 ”.
3119 2773 3176 2830 Si
3220 2777 3562 2848 respondens

1985 2869 2326 2939 respondebo
2351 2868 2452 2934 eis,
2476 2866 2742 2936 judicium
2779 2883 2842 2921 ex
2877 2867 3032 2922 vobis
3058 2867 3174 2922 :vel
3199 2883 3264 2923 ex
3295 2870 3560 2940 propheta

1985 2962 2154 3016 sumit
2184 2961 2364 3016 Deus:
2403 2960 2484 3014 vel
2532 2957 2846 3014 manifestat
2898 2975 2958 3017 se
3006 2960 3204 3015 talibus
3257 2975 3563 3031 responsu-
3671 2997 3678 3002 ν

1984 3068 2107 3108 rum
2148 3069 2163 3105 :
2217 3053 2454 3122 hincque
2496 3051 2663 3118 adeo,
2710 3051 3099 3120 supcrvincens
3131 3051 3434 3122 judicium,
3478 3067 3564 3109 re—

283 3137 402 3210 ιτὴν
426 3138 627 3210 κρίσιν,
664 3140 1054 3208 ἐπαγγέλλεται
1086 3141 1476 3214 ἀποκρίνεσθαι
1511 3142 1587 3206 ὡς
1611 3142 1876 3214 ἐλεήμων.

1983 3163 2314 3219 sponsurum
2349 3161 2408 3201 se
2437 3145 2726 3216 pollicetur
2759 3154 3018 3216 tanquam
3047 3145 3382 3200 misericors.

379 3231 484 3296 ’ος
521 3229 601 3284 ἂν
631 3229 707 3300 θῇ
747 3232 820 3286 τὰ
859 3231 1229 3302 διανοήματα
1275 3232 1484 3287 αὑτοῦ.
1545 3234 1635 3289 Ἐν
1670 3233 1883 3299 τούτοις

287 3318 542 3373 διδάσκει
589 3319 708 3384 πῶς
741 3321 823 3374 δεῖ
854 3322 1068 3393 ἑκάστῳ
1107 3322 1498 3394 ἀποκρίνεσθαι
1531 3322 1601 3377 τὰ
1646 3327 1887 3396 προσφό-

291 3430 414 3485 ρως
449 3413 846 3484 συναρμοστέα,
877 3415 972 3468 καὶ
1019 3414 1095 3486 μὴ
1137 3415 1213 3478 ὡς
1247 3414 1432 3486 ἔτυχε·
1473 3415 1568 3469 καὶ
1607 3417 1688 3471 ὅτι
1723 3418 1887 3483 αὐτὸς

287 3502 508 3574 ’Κύριός
538 3505 684 3556 ἐστιν
717 3505 746 3557 ό
778 3506 1206 3578 ἀποκρινόμενος
1235 3505 1322 3560 διὰ
1355 3507 1449 3560 τοῦ
1475 3509 1777 3581 προφήτου.

381 3591 530 3664 Ἐγὼ
559 3596 775 3664 Κύριος
806 3596 1275 3667 ἁποκριθήσομαι
1300 3599 1460 3665 αὐτῷ
1479 3600 1549 3654 ἐν
1573 3600 1793 3666 αὐτοῖς,
1815 3600 1887 3655 ἐν

289 3684 394 3754 οἷς
423 3688 689 3757 ἐνέχεται
727 3691 766 3758 ἡ
802 3690 1038 3744 Διάνοια
1076 3690 1283 3745 αὐτοῦ.
1318 3692 1627 3758 Τουτέστιν,
1663 3693 1886 3747 ἀκολου-

295 3780 406 3845 θεῖ,
425 3779 702 3851 τέρπεται,
726 3781 1066 3852 κεκόλληται.
1087 3782 1186 3834 Διὰ
1203 3781 1258 3834 δὲ
1273 3782 1448 3836 ταῦτα
1464 3783 1706 3851 τοιαῦτα,
1727 3784 1885 3839 ἅτινα

291 3871 533 3943 παρέχει
567 3873 838 3944 πρόφασιν
872 3876 984 3936 τοῖς
1024 3871 1241 3944 χαύνοις
1271 3873 1367 3926 καὶ
1397 3872 1776 3944 ἐκλελυμένοις
1815 3879 1880 3948 τῇ

293 3963 500 4034 καρδίᾳ
521 3963 843 4032 πλαγιάζειν
867 3965 974 4018 ἀπὸ
995 3965 1150 4020 Θεοῦ.
1175 3965 1315 4020 Ἀλλ’
1344 3967 1496 4037 ὅμως
1523 3967 1572 4019 εί
1595 3968 1690 4022 καλ⁸
1716 3968 1887 4022 τοιοῦ-

290 4054 383 4108 τοί
411 4056 538 4120 εισι,
566 4056 661 4110 καὶ
686 4053 947 4118 τοιούτοις
979 4055 1158 4126 ἔχεται
1189 4055 1371 4110 αὐτῶν
1401 4057 1435 4129 ή
1459 4056 1673 4129 καρδία·
1697 4058 1881 4131 ἐπειδὴ

293 4147 356 4201 δὲ
391 4145 580 4218 ῆθελον
622 4146 889 4200 πυθέσθαι
924 4148 1076 4221 παρὰ
1115 4148 1344 4220 Κυρίου,
1384 4147 1743 4220 ἀποκρίνεται
1787 4148 1885 4202 αὖ·

292 4239 412 4301 τοῖς
455 4235 543 4290 διὰ
586 4235 679 4289 τοῦ
724 4237 1022 4307 προφήτου,
1068 4237 1145 4301 ὡς
1189 4237 1482 4309 χρῄζουσιν
1521 4237 1879 4310 ἐπιστροφῆς,

291 4330 498 4398 λέγων·
566 4328 991 4398 Ἐπιστρέψατε
1038 4329 1137 4384 καὶ
1183 4328 1622 4399 ἀποστρέψατε,
1675 4329 1772 4385 καὶ
1812 4330 1883 4386 τὰ

297 4422 452 4492 ἑξῆς.

2059 3238 2166 3304 Qui
2205 3239 2443 3309 posuerit
2495 3237 2841 3306 cogitationes
2889 3253 3014 3292 suas
3067 3238 3124 3292 in
3175 3236 3330 3292 corde
3375 3253 3469 3291 suo
3489 3237 3560 3292 ".

1985 3327 2044 3386 In
2088 3330 2174 3385 his
2215 3329 2408 3395 docet,
2464 3328 2741 3399 quomodo
2786 3327 3113 3399 unicuique,
3157 3344 3280 3398 quae
3315 3328 3392 3382 illi
3421 3343 3558 3383 con-

1986 3431 2204 3493 gruant,
2253 3419 2693 3490 respondendum
2730 3419 2821 3484 sit,
2859 3427 2913 3473 et
2942 3435 3050 3474 non
3101 3430 3341 3488 temere;
3374 3418 3563 3475 Domi-

1985 3526 2228 3582 namque
2260 3526 2384 3566 esse
2407 3510 2502 3581 qui
2531 3509 2822 3578 respondet
2848 3524 2944 3578 per
2967 3509 3309 3578 prophetam.

1983 3608 2022 3666 τί
2056 3602 2170 3674 Ego
2196 3601 2451 3654 Dominus
2481 3598 2796 3669 respondebo
2824 3598 2870 3650 ei
2914 3599 2966 3651 in
2997 3597 3100 3663 liis,
3127 3599 3317 3667 quibus
3357 3607 3551 3654 tenetur

1984 3709 2127 3747 mens
2173 3691 2286 3762 ejus
2328 3692 2397 3744 ³⁵.
2449 3688 2562 3743 Hoc
2605 3697 2724 3755 est,
2769 3703 2892 3757 qum
2941 3697 3310 3755 consectatur,
3358 3691 3560 3758 quibus

1983 3785 2317 3850 delectatur,
2349 3781 2550 3852 quibus
2582 3780 2838 3834 adhaeret.
2883 3779 3112 3850 Propter
3136 3779 3265 3834 talia
3291 3780 3407 3835 haec
3436 3797 3560 3851 qua:

1982 3875 2239 3931 mollibus
2290 3887 2356 3928 ac
2389 3870 2671 3927 dissolutis
2724 3871 3068 3926 occasionem
3116 3870 3357 3940 praebent
3395 3871 3560 3927 deﬂe-

1982 3967 2158 4024 ctendi
2198 3967 2379 4023 aDeo.
2411 3963 2796 4018 Verumtamen
2836 3963 2938 4018 etsi
2973 3962 3110 4017 tales
3143 3971 3292 4029 sunt,
3322 3965 3551 4022 talibus-

1981 4072 2090 4127 que
2122 4071 2312 4111 eorum
2363 4053 2582 4109 animus
2626 4050 2851 4106 aﬂ‘ectus
2881 4061 2984 4119 est,
3025 4053 3155 4123 quia
3210 4063 3386 4114 tamen
3428 4075 3552 4129 per-

1981 4147 2193 4203 contari
2223 4163 2254 4202 a
2283 4146 2516 4201 Domino
2540 4145 2852 4208 voluerunt.
2887 4145 3174 4218 respondet
3201 4149 3280 4204 eis
3302 4165 3396 4219 per
3425 4165 3551 4220 pro-

1979 4241 2221 4312 phetam,
2266 4256 2404 4312 opus
2442 4256 2537 4298 eos
2567 4242 2767 4296 habere
2813 4241 3208 4307 conversione,
3257 4243 3445 4298 dicens
3467 4245 3545 4296 '5:

1980 4329 2357 4386 Convertimini
2390 4340 2439 4385 et
2472 4330 2712 4400 recedite,
2737 4339 2791 4386 et
2822 4345 2944 4402 qua:
2977 4339 3301 4400 sequuntur.

373 4511 487 4581 Γῆ,
524 4511 562 4580 ’ἢ
603 4512 708 4566 ἐὰν
737 4513 988 4583 ἁμάρτῃ.
1029 4511 1186 4576 Ἔθος
1209 4515 1274 4584 τῇ
1307 4511 1428 4586 θείᾳ
1456 4512 1645 4585 Γραφῇ
1679 4510 1876 4566 πολλά-

2054 4507 2252 4576 Terra,
2292 4523 2613 4578 quotcunque
2653 4507 2943 4579 peccaverit
2989 4509 3118 4563 mihi
3141 4510 3208 4565 ".
3260 4507 3426 4565 Moris
3465 4519 3550 4565 est

300 4622 389 4670 κις
435 4606 720 4678 ὀνομάζειν
759 4607 821 4661 τὸ
863 4605 1070 4680 οἴκημα
1116 4609 1236 4680 ῆτοι
1278 4607 1378 4680 τὴν
1421 4606 1756 4662 κατάστασιν
1797 4609 1878 4674 είς

301 4699 593 4771 πρόσωπον
619 4698 728 4754 τῶν
760 4697 1068 4753 οἰκούντων·
1114 4699 1210 4754 καὶ
1241 4698 1404 4754 πάλιν
1430 4700 1557 4763 τοὺς
1584 4698 1879 4764 ὀἰκοῦντας

299 4794 382 4857 τίς
421 4792 711 4865 πρόσωπον
736 4791 830 4846 τοῦ
854 4792 1170 4863 οἰκήματος.
1213 4792 1356 4847 Ἐὰν
1387 4789 1480 4846 οὖν
1507 4791 1583 4862 τῆ
1621 4791 1874 4862 ἁμάρτῃ,

301 4885 429 4949 τοὺς
472 4885 693 4957 ⁴γῆΐνους
723 4883 811 4938 διὰ
851 4883 951 4954 τῆς
993 4883 1100 4953 γῆς
1139 4882 1417 4954 ὠνόμασε·
1471 4883 1539 4936 δι’
1581 4885 1648 4956 ἢν
1695 4885 1876 4938 αἰτίαν

300 4975 809 5049 ἑξολοθρευθήσεται
857 4973 917 5042 ἐξ
957 4974 1130 5045 αὐτῆς
1181 4973 1470 5046 ἄνθρωπος
1529 4975 1626 5029 καὶ⁵
1658 4975 1874 5045 κτῆνος.

1981 4601 2181 4658 divina;
2213 4599 2546 4669 Scripturaa,
2598 4608 2656 4655 ut
2687 4613 2796 4654 non
2840 4612 2967 4653 raro
3016 4598 3405 4653 habitationem
3452 4613 3548 4654 seu

1979 4693 2268 4750 stationem
2321 4707 2513 4746 eorum
2547 4691 2768 4747 nomine
2794 4691 2889 4761 qui
2920 4689 3169 4744 habitant
3235 4698 3437 4757 sumat,
3471 4689 3552 4744 vi-

1979 4784 2276 4854 cissimque
2305 4781 2613 4838 habitantes
2645 4781 2863 4836 nomine
2891 4779 3268 4834 habitationis.
3307 4778 3549 4836 Dicenda

1978 4876 2165 4947 igitur,
2218 4884 2358 4929 terra
2393 4874 2441 4928 si
2465 4874 2785 4943 peccaverit,
2841 4881 3000 4928 terra:
3036 4872 3258 4927 nomine
3301 4881 3547 4926 terrenos

1979 4967 2346 5038 nuncupavit;
2378 4975 2710 5037 quapropter
2725 4963 3176 5020 exterminabitur
3199 4979 3265 5020 ex
3294 4979 3358 5020 ea
3384 4963 3545 5018 homo

302 5068 412 5122 Καὶ
455 5067 632 5133 ἄλλως
664 5069 698 5140 ἠ
738 5067 900 5140 γητνη
931 5066 1046 5132 ἕξις
1076 5065 1171 5118 ἐὰν
1213 5066 1438 5138 ἁμάρτῃ
1471 5065 1716 5137 (πέφυκε
1769 5066 1878 5139 γὰρ

1982 5067 2029 5115 et
2054 5073 2240 5129 pecus.
2273 5057 2350 5112 Ac
2372 5065 2651 5126 praeterea,
2668 5064 2918 5111 terrenus
2942 5055 3162 5111 habitus
3181 5055 3226 5110 si
3245 5055 3548 5125 peccaverit

303 5162 440 5234 αὕτη
471 5161 794 5234 ἁμαρτεῖν),
824 5157 1330 5230 ὲξολοθρευθήσεται
1375 5157 1436 5222 ἐξ
1466 5157 1640 5228 αὐτῆς
1667 5156 1880 5230 ἄνθρω-

302 5272 402 5318 πος
430 5254 524 5308 καὶ
552 5254 778 5324 κτῆνος·
825 5254 854 5305 ό
885 5248 1164 5321 κτηνώδης
1197 5248 1492 5321 ἄνθρωπος’
1529 5249 1623 5302 καὶ
1668 5250 1697 5303 ὁ
1730 5249 1879 5318 λογι-

302 5343 543 5415 κώτερος
587 5343 890 5416 ἄνθρωπος.
950 5340 1026 5394 Οὐ
1069 5339 1179 5411 γὰρ
1217 5338 1362 5393 ἔστιν
1407 5338 1580 5391 εἰπεῖν
1627 5337 1727 5410 τὴν
1770 5338 1876 5409 γῆν

301 5435 502 5508 ταύτην
523 5435 589 5508 ἢν
619 5434 898 5506 πατοῢμεν
930 5427 1069 5487 εἶναι
1093 5430 1337 5502 λογικὴν,
1373 5429 1468 5484 καὶ
1493 5428 1663 5502 αὐτὴν
1695 5430 1874 5500 ἁμαρ-

301 5527 503 5594 τάνειν,
535 5528 610 5592 ὥς
639 5545 783 5592 τινες
812 5524 1244 5598 ὲφαντάσθησαν.
1290 5523 1354 5576 Ei
1386 5521 1493 5596 γὰρ
1521 5519 1678 5575 τοῦτο
1708 5518 1875 5576 δώσο-

385 5729 644 5787 “Ezcch.
687 5745 806 5796 xm,
837 5733 887 5786 5.
945 5729 1137 5784 “ibid.

308 5816 422 5870 xw,
452 5803 507 5856 '5.
584 5804 630 5835 ’°
663 5801 792 5856 ibid.
819 5803 872 5856 4.
987 5801 1032 5833 ³⁵
1053 5801 1184 5858 ibid.

1977 5148 2138 5219 (solet
2186 5147 2333 5202 cutim
2377 5146 2626 5216 peccare)
2680 5143 3132 5200 exterminabitur
3175 5158 3243 5198 ex
3290 5157 3355 5197 eo
3383 5142 3544 5196 homo

1975 5249 2031 5296 et
2072 5254 2280 5310 pecus:
2314 5253 2510 5308 nempe
2556 5237 2722 5292 homo
2764 5236 2948 5308 pecori
2992 5235 3236 5290 moribus
3265 5232 3462 5296 allinis,
3493 5239 3549 5286 et

1981 5337 2144 5389 homo
2207 5331 2302 5403 qui
2352 5332 2636 5402 aliquanto
2701 5329 2937 5400 amplius
3002 5337 3086 5384 est
3148 5324 3544 5382 rationabilior.

1978 5423 2165 5495 Neque
2209 5423 2357 5479 enim
2403 5421 2511 5478 dici
2549 5429 2727 5492 potest
2767 5429 2968 5476 terram
2999 5418 3142 5473 hanc
3171 5430 3332 5486 quam
3362 5412 3544 5467 calca-

1980 5533 2125 5582 mus,
2156 5530 2278 5572 esse
2302 5514 2514 5570 ratione
2544 5513 2848 5584 praeditam,
2883 5519 2938 5567 et
2963 5523 3207 5582 peccare,
3233 5514 3294 5562 ut
3320 5503 3541 5576 quidam

1245 5729 1286 5760 ιτ
1320 5725 1450 5782 uno.
1533 5725 1576 5758 ιο
1601 5723 1734 5780 ibid.
1779 5691 1850 5778 τί

1985 5721 2120 5779 ibid.
2177 5721 2232 5778 9.
2306 5719 2352 5752 ²⁰
2377 5719 2506 5778 ibid.
2575 5717 2618 5751 ¹¹
2643 5719 2774 5776 ibid.
2841 5719 2885 5750 ”
2917 5715 3049 5772 ibid.
3080 5714 3171 5771 2'5.
3259 5711 3306 5746 ³³
3341 5707 3536 5767 Ezcch.

1337 5799 1383 5832 "
1410 5795 1540 5854 ibid.
1565 5796 1616 5852 ϐ.
1695 5795 1738 5827 ³⁷
1766 5793 1898 5850 ibid.
1920 5793 2006 5849 15.
