4094 6290
547 398 653 456 θίν’]

1958 400 2049 455 EX
2087 400 2387 458 ORlCENE

3712 415 3818 467 803

545 521 911 576 somniarunt.
959 513 1096 587 Nam
1153 516 1198 571 si
1228 516 1335 572 hoc
1384 517 1733 587 dederimus,
1780 529 1997 591 tempus
2041 538 2100 579 es

2229 541 2348 594 μεν,
2384 521 2503 594 ῶρα
2532 521 2601 576 τὰ
2631 522 2810 579 πάντα
2850 523 3033 593 λέγειν
3073 522 3313 596 ἔμψυχα,
3359 526 3453 580 καὶ
3496 534 3821 602 συνηγορεῖν

547 619 607 665 ut
631 620 826 666 cuncta
856 610 1094 664 animata
1117 609 1388 675 dicamus,
1414 620 1580 682 atque
1606 612 1674 668 iis
1722 614 2125 683 patrocinemur

542 705 638 775 qui
673 703 1169 773 metempsychoses
1204 704 1491 759 inducunt.

622 793 692 847 Et
715 801 982 846 conteram
1008 809 1073 847 ex
1097 810 1160 848 ea
1176 795 1545 865 fulcimentum
1568 795 1721 865 panis
1747 795 1812 850 ²⁸.
1840 793 2124 867 Quasidi-

531 894 692 941 'ceret
723 903 739 940 :
765 900 862 955 pro
891 886 1195 956 iniquitatis
1226 902 1340 942 suae
1366 888 1578 942 ratione
1602 887 1922 957 punientur.

611 976 779 1050 428
810 977 1080 1047 Ejusdem.
1123 977 1291 1033 Terra
1318 988 1505 1034 nostra
1535 994 1788 1049 peccans,
1822 979 1988 1034 homo
2012 979 2123 1034 scio

533 1071 667 1124 licet
723 1070 990 1134 exterior,
1052 1070 1299 1126 sensibili
1358 1070 1501 1126 fame
1540 1071 1844 1140 punietur;
1898 1071 2126 1125 interior

532 1172 722 1217 .autem
748 1162 913 1216 homo
947 1161 1090 1217 fame
1118 1163 1370 1232 spiritali,
1402 1163 1645 1218 carentia
1680 1162 1944 1217 nimirum
1966 1162 2125 1232 panis

531 1254 826 1324 spiritalis.
897 1253 1194 1324 Angustias
1248 1257 1500 1323 sustinet,
1546 1271 1670 1309 eum
1715 1255 1971 1321 exterior,
2005 1258 2121 1308 tum

541 1345 808 1415 interior;
837 1359 901 1399 ac
934 1345 1201 1415 quidquid
1229 1348 1469 1402 exterior
1499 1347 1732 1401 sustinet
1756 1353 2023 1416 quantum
2054 1346 2123 1399 ad

539 1454 764 1495 sensum
785 1481 801 1505 ,
856 1440 1090 1493 sustinet
1120 1448 1173 1492 et
1203 1439 1431 1492 interior
1460 1448 1726 1508 quantum
1761 1438 1828 1492 ad
1859 1446 2119 1492 mentem.

603 1529 880 1598 Ejusdem.
948 1528 1122 1582 Etiam
1158 1529 1591 1598 uniuscujusque
1632 1528 1876 1583 nostrum
1937 1528 2121 1583 anima

531 1630 685 1677 «terra
732 1621 960 1688 dicitur;
997 1629 1051 1675 et
1080 1620 1189 1675 alia
1217 1621 1438 1690 quidem
1472 1621 1821 1691 paradisum,
1858 1620 1963 1674 alia
2005 1620 2120 1689 spi-

544 1728 646 1769 nas
675 1713 860 1777 habet,
893 1712 999 1766 alia
1029 1712 1173 1766 bona
1203 1713 1426 1777 dicitur,
1463 1712 1568 1766 alia
1599 1712 1761 1770 mala.
1801 1713 1978 1783 Atque
2004 1712 2121 1767 haec

538 1805 780 1859 ostendit
815 1800 1028 1857 Domini
1059 1803 1339 1873 parabola.

2229 618 2342 680 τοῖς
2367 615 2468 680 τὰς
2502 614 2949 687 μετεμψυχὼσεις
2974 616 3278 687 εἰσάγουσι.

2298 786 2410 842 Καὶ
2457 788 2774 858 συντρίψω
2819 790 3011 860 αὐτῆς
3052 790 3352 863 στήριγμα
3393 793 3599 864 ἄρτου.
3671 798 3818 857 Ἀντὶ

2226 879 2341 932 τοῦ⁹
2377 881 2535 935 Κατὰ
2552 882 2651 953 τὴν
2680 882 2892 939 ἀδικίαν
2918 885 3417 958 τιμωρηθήσονται.

2202 970 2203 973 “
2303 971 2412 1026 Τοῦ
2459 972 2666 1028 αὐτοῦ.
2716 975 2779 1027 Ἦ
2800 977 2870 1047 γῆ
2906 977 3063 1048 ἡμῶν
3109 979 3142 1049 ή
3188 979 3601 1051 ἁμαρτάνουσα,
3633 985 3660 1037 6
3704 985 3816 1052 ἔξω

2227 1063 2513 1137 ἄνθρωπος
2554 1065 2842 1132 κολάζεται
2887 1068 2965 1139 τῷ
3011 1069 3256 1142 αἰσθητῷ
3297 1072 3459 1144 λιμῷ*
3498 1077 3593 1130 καὶ
3626 1080 3654 1131 6
3701 1079 3814 1132 ἔσω

2225 1156 2509 1228 ἄνθρωπος
2530 1159 2817 1223 κολάζεται
2837 1161 2915 1233 τῷ
2942 1162 3120 1234 νοητῷ
3153 1163 3316 1236 λιμῷ,
3346 1169 3409 1237 τῇ
3444 1172 3692 1241 στερήσει
3712 1152 3811 1226 τοῦ

2226 1251 2595 1321 πνευματικοῦ
2639 1253 2824 1326 ἄρτου.
2885 1256 3147 1324 Ἀγωνίαν
3180 1258 3440 1328 ὑπομένει
3473 1262 3568 1314 καὶ
3609 1265 3638 1315 ὁ
3680 1263 3809 1331 ἔξω,

2224 1338 2317 1391 καί¹
2343 1341 2371 1393 6
2390 1338 2527 1392 ἔσωο
2555 1342 2650 1394 καὶ
2668 1342 2767 1395 ὅσα
2798 1343 3057 1415 ὑπομένει
3081 1346 3112 1397 6
3142 1345 3246 1411 ἔξω
3275 1351 3414 1402 κατὰ
3438 1350 3500 1403 τὸ
3533 1352 3807 1425 αἰσθητὸν,

2222 1430 2459 1484 τοσαῦτα
2486 1432 2746 1503 ὑπομένει
2779 1436 2873 1490 καὶ
2895 1439 2924 1490 6
2957 1436 3064 1490 ἔσω
3086 1438 3229 1492 κατὰ
3261 1440 3321 1493 τὸ
3349 1442 3558 1513 νοητόν.

2300 1522 2414 1578 Τοῦ
2444 1523 2652 1580 αὑτοῦ.
2701 1527 2934 1597 Λέγεται
2966 1531 3061 1583 καὶ
3106 1533 3137 1603 ἡ
3183 1533 3415 1587 ἑκάστου
3463 1535 3622 1606 ἡμῶν
3660 1537 3807 1609 ψυχὴ

2221 1617 2314 1689 γῆ’
2343 1619 2377 1690 ἡ
2414 1619 2517 1691 μὲν
2553 1618 2878 1692 παράδεισον
2902 1622 2973 1693 γῆ
2997 1622 3213 1693 ἔχουσα,
3242 1626 3352 1694 ἠδὲ
3374 1627 3613 1692 ἀκάνθας
3633 1644 3646 1657 ·
3683 1630 3714 1699 ἡ
3748 1629 3807 1682 δὲ

2220 1711 2361 1783 καλὴ
2393 1711 2631 1783 λέγεται,
2660 1718 2692 1786 ἡ
2738 1714 2795 1769 δὲ
2829 1717 3059 1788 πονηρά.
3105 1718 3217 1771 Καὶ
3248 1717 3420 1771 ταῦτα
3459 1719 3609 1791 δηλοί
3639 1722 3672 1792 ὴ
3705 1738 3810 1775 πα-

2226 1804 2433 1878 ραϐολὴ
2466 1807 2558 1860 τοῦ
2587 1807 2812 1878 Κυρίου.

612 1893 682 1948 Et
707 1896 753 1948 si
787 1894 982 1964 fuerint
1015 1905 1118 1947 tres
1147 1894 1248 1947 viri
1278 1894 1366 1947 isti
1390 1895 1445 1946 in
1469 1893 1640 1947 medio
1662 1894 1798 1963 ejus,
1837 1892 1968 1960 Noe,
1992 1892 2105 1960 Job,

2296 1896 2408 1951 Kal
2436 1897 2547 1951 ἐὰν
2587 1894 2739 1952 ὦσιν
2770 1902 2825 1953 οἱ
2870 1899 3025 1969 τρεῖς
3067 1900 3284 1969 ἄνδρες
3311 1897 3473 1957 οὗτοι
3513 1904 3586 1956 ἐν
3636 1905 3809 1974 μέσῳ

539 1985 731 2040 Daniel
767 1987 832 2039 ’9.

539 2092 695 2131 suam
727 2093 890 2145 super
917 2087 1117 2132 terram
1142 2093 1252 2131 non
1275 2076 1539 2146 eorrupit,
1564 2092 1663 2130 ncc
1689 2077 1760 2130 ita
1786 2086 1931 2132 totus
1956 2092 2121 2132 carne

529 2171 782 2225 imbutus
813 2180 916 2236 est,
969 2180 1028 2224 ut
1062 2169 1226 2225 faciat
1275 2185 1496 2224 sensum
1533 2171 1714 2224 carnis
1742 2179 1795 2224 ct
1825 2179 1972 2224 totus
1998 2186 2119 2226 esse

533 2278 664 2318 caro
719 2274 1028 2331 censeatur,
1090 2261 1183 2317 sed
1242 2263 1386 2315 lucet
1432 2273 1690 2331 tanquam
1742 2262 2011 2315 luminare
2061 2261 2117 2315 in

529 2356 762 2424 mundo,
795 2357 1076 2413 sustinens
1100 2355 1327 2411 verbum
1356 2354 1481 2409 vitae
1516 2355 1569 2408 in
1599 2355 1778 2408 medio
1811 2354 2118 2426 generatio-

530 2448 620 2503 nis
652 2464 833 2518 prava:
864 2459 1026 2517 atque
1048 2462 1317 2517 perversae
1338 2488 1352 2513 ,
1389 2456 1447 2499 ut
1472 2444 1543 2500 ad
1569 2460 1695 2500 eum
1723 2444 1860 2501 Deus
1888 2461 2117 2516 respono

533 2540 657 2594 deat
683 2555 701 2594 ξ
742 2539 881 2594 Novi
911 2550 959 2595 te
987 2539 1157 2593 solum
1199 2539 1408 2606 justum
1455 2539 1512 2590 in
1538 2540 1873 2608 generatione
1918 2538 2025 2592 ista
2045 2537 2111 2591 ³ο.

528 2631 799 2702 Quisquis
846 2633 1011 2702 igitur
1058 2631 1183 2686 talis
1234 2641 1348 2696 est,
1383 2628 1499 2684 Noe
1539 2639 1651 2698 est;
1686 2638 1740 2686 et
1776 2646 1896 2701 qua:
1922 2630 1988 2686 de
2021 2631 2114 2685 illo

532 2715 846 2795 conscripta
899 2733 1047 2789 sunt,
1084 2727 1248 2779 etiam
1277 2723 1343 2777 ad
1372 2722 1535 2777 istum
1568 2721 1902 2777 referuntur.
1962 2722 2111 2777 Con-

528 2818 739 2872 ditione
785 2818 929 2871 enim
992 2831 1152 2886 pares
1197 2816 1362 2869 ambo
1396 2813 1524 2868 facti
1559 2823 1722 2879 sunt,
1759 2815 1833 2869 ita
1865 2824 1924 2869 ut
1947 2814 2111 2869 ambo

530 2908 645 2967 Noe
677 2919 1081 2979 nuncupentur.

892 1984 1067 2040 Hosce
1114 1994 1334 2041 sanctos
1385 1983 1549 2039 refert
1598 1985 1778 2040 onmis
1817 1985 1908 2055 qui
1950 1986 2119 2040 vitam

603 3110 878 3180 Ejusdem.
939 3109 1133 3165 Omnis
1155 3109 1254 3179 qui
1298 3107 1544 3178 posuerit
1588 3108 1642 3163 in
1674 3106 1840 3162 corde
1870 3122 1971 3162 suo
2000 3121 2109 3160 non

528 3203 702 3274 pollui
734 3204 786 3258 in
821 3202 962 3258 cibis
996 3209 1050 3256 et
1094 3201 1312 3270 potibus
1361 3200 1622 3268 spiritalis
1669 3198 2107 3255 Nabuchodono—

530 3312 644 3361 sor,
676 3296 771 3351 sed
799 3296 1041 3350 animam
1074 3309 1228 3349 suam
1254 3293 1479 3363 jejuniis
1525 3292 1760 3363 amigere
1795 3292 1847 3345 in
1880 3292 1981 3346 hac
2006 3291 2108 3347 Ba-

526 3389 725 3458 bylone
757 3395 980 3457 propter
1013 3385 1376 3455 cognitionem
1406 3383 1683 3450 veritatis;
1716 3384 1830 3454 qui,
1859 3382 2104 3453 inquam,

522 3479 796 3548 ejusmodi
832 3488 936 3545 est,
964 3477 1153 3532 Daniel
1180 3488 1290 3545 est,
1327 3487 1381 3533 et
1412 3493 1533 3547 quae
1561 3477 1628 3531 de
1660 3476 1753 3529 illo
1791 3484 2104 3540 narrantur,

522 3571 593 3626 de
622 3572 725 3627 hoc
740 3580 959 3642 quoque
988 3586 1227 3641 congrue
1251 3571 1522 3650 dicantur.
1563 3567 1708 3623 Idem
1733 3568 1876 3622 enim
1902 3569 2107 3624 utrius-

518 3681 630 3736 que
660 3675 860 3728 status,
910 3665 1053 3719 idem
1090 3665 1379 3734 utriusque
1412 3662 1655 3728 habitus,
1682 3661 1755 3715 ita
1791 3672 1850 3715 ut
1879 3671 2105 3731 uterque

519 3759 717 3811 merito
745 3755 934 3811 Daniel
965 3757 1141 3825 possit
1170 3756 1376 3811 vocari.

591 3845 867 3916 Ejusdem.
934 3845 1199 3917 Quisquis
1233 3848 1289 3901 in
1316 3845 1425 3900 vita
1453 3844 1986 3914 irreprehensibilis,
2016 3855 2102 3901 at-

519 3954 626 4009 que
670 3940 724 3992 in
769 3939 862 3994 Dei
895 3941 1046 3994 cultu
1087 3954 1269 3995 verus!
1309 3936 1612 4002 exstiterit,
1663 3936 1736 3991 ita
1767 3939 1835 3991 ab
1860 3938 2008 3991 omni
2043 3953 2102 3994 se

515 4031 663 4085 malo
694 4031 980 4086 abstinens
1012 4040 1073 4085 ut
1100 4031 1353 4086 diabolus
1392 4030 1737 4085 aemulatione
1760 4029 1814 4083 in
1842 4046 1966 4084 eum
2002 4046 2100 4083 ex-

510 4122 765 4177 ardescat
802 4138 1084 4193 genusque
1117 4137 1282 4178 omne
1333 4122 1698 4177 tentationum
1748 4120 1824 4174 illi
1872 4121 2095 4185 inferat,

513 4228 618 4268 nec
654 4223 834 4268 tamen
871 4214 986 4283 ipse
1034 4214 1117 4268 vel
1166 4215 1437 4269 labiorum
1498 4228 1752 4269 sermone
1797 4214 2095 4284 quidquam

510 4306 772 4373 olfcndat,
808 4307 855 4361 is
878 4305 983 4361 Job
1010 4314 1115 4374 est,
1142 4322 1207 4362 ac
1235 4323 1359 4378 quae
1390 4307 1457 4362 de
1482 4305 1587 4361 Job
1617 4307 1819 4376 scripta
1849 4316 2009 4371 sunt,
2040 4310 2095 4361 in

511 4399 662 4453 hunc
689 4413 907 4466 quoque
935 4397 1282 4452 convenient.
1323 4398 1500 4453 Ambo
1528 4398 1676 4453 enim
1712 4398 1900 4452 habitu
1936 4414 2095 4468 pares

511 4487 567 4543 in
601 4487 854 4550 Domino,
889 4500 953 4540 ac
985 4495 1217 4555 uterque
1244 4485 1352 4540 Job
1381 4488 1682 4542 vocabitur.

2220 1989 2434 2059 αὐτῆς,
2455 1989 2604 2055 Νῶε,
2638 1990 2788 2056 Ἰὼϐ,
2807 1993 3049 2059 Aurum.
3074 1994 3345 2065 Πρὸσωπά
3369 1997 3482 2047 ἐστι
3499 1995 3606 2048 ὧν
3629 1998 3806 2065 ἁγίων

2220 2081 2425 2136 τούτων
2479 2083 2882 2156 λαμϐανόμενα,
2937 2087 3045 2149 πᾶς
3092 2085 3149 2149 ὃς
3193 2086 3287 2139 ἐὰν
3340 2086 3413 2157 μὴ
3464 2087 3660 2162 φθείρῃ
3707 2090 3802 2142 τὸν

2222 2172 2335 2243 βίον
2369 2172 2561 2226 ἑαυτοῦ
2602 2176 2693 2228 ἐπὶ
2731 2175 2856 2246 γῆς,
2892 2177 2954 2228 οὐ
3000 2176 3320 2247 ποιούμενος
3360 2178 3477 2242 ὃ).ος
3515 2182 3609 2250 τῇ
3636 2181 3803 2251 σαρκὶ

2216 2265 2306 2319 διὰ
2332 2265 2426 2319 τοῦ
2454 2268 2626 2319 ποιεῖν
2666 2268 2826 2320 αὐτὸν
2867 2268 2928 2321 τὸ
2962 2269 3216 2341 φρόνημα
3250 2270 3349 2341 τῆς
3394 2271 3615 2340 σαρκὸς,
3660 2270 3802 2325 ὥστε

2217 2358 2552 2430 χρηματίσαι
2591 2358 2755 2413 αὑτὸν
2800 2360 2919 2414 ὅλον
2955 2362 3154 2433 σάρκα,
3190 2362 3325 2416 ἀλλὰ
3374 2364 3694 2435 φαινόμενος
3725 2365 3801 2429 ὡς

2218 2450 2442 2522 φωστὴρ
2471 2453 2527 2504 ὲν
2555 2451 2766 2524 κόσμῳ,
2802 2452 3019 2524 ἐπέχων
3056 2452 3214 2522 λόγον
3248 2454 3394 2526 ζωῆς
3424 2456 3482 2507 ὲν
3521 2455 3671 2526 μέσῳ
3705 2473 3801 2524 γε-
3824 2485 3841 2495 .

2215 2542 2345 2608 rei;
2389 2544 2608 2608 σκολιᾶς
2643 2546 2738 2599 καὶ
2765 2545 3230 2617 διεστραμμένης,
3274 2545 3416 2599 ὥστε
3458 2547 3799 2618 χρηματίσαι

2216 2636 2353 2708 πρὸς
2383 2636 2546 2689 αὐτὸν
2574 2636 2665 2690 τὸν
2697 2636 2850 2702 Θεὸν,
2893 2638 2997 2704 ὅτι,
3043 2637 3122 2691 Σὲ
3159 2635 3325 2692 εἶδον
3357 2637 3591 2692 δίκαιον
3605 2640 3801 2707 μόνον

2212 2729 2287 2782 ἐν
2316 2727 2392 2798 τῇ
2417 2727 2593 2798 γενεᾷ
2625 2730 2831 2798 ταύτῃ.
2865 2729 2982 2793 Πᾶς
3020 2724 3112 2784 οὖν
3148 2732 3176 2783 6
3217 2729 3458 2792 τοιοῦτος
3493 2729 3615 2783 Νῶέ
3657 2733 3795 2794 ἐστι,

2213 2822 2308 2875 καὶ
2345 2819 2416 2874 τὰ
2461 2821 2821 2893 ἱστορούμενα
2866 2823 2956 2876 ἐπ’
2998 2822 3208 2877 ἐκείνου
3262 2821 3524 2891 ἀνάγεται
3566 2821 3659 2874 καὶ
3703 2822 3798 2875 ἐπὶ

2211 2915 2433 2968 τοῦτον·
2471 2918 2537 2986 τῇ
2580 2915 2690 2987 γὰρ
2722 2915 3057 2968 καταστάσει
3096 2913 3381 2983 γεγόνασιν
3422 2915 3522 2967 ἴσοι
3559 2913 3797 2984 ἀμφότε-

2212 3024 2317 3079 ροι,
2354 3005 2493 3060 ὥστε
2529 3007 2865 3079 χρηματίσαι
2905 3006 3104 3071 αὐτοὺς
3134 3004 3278 3060 Νῶε.

2290 3090 2401 3152 Τοῦ
2443 3098 2651 3153 αὑτοῦ.
2700 3100 2816 3164 Πᾶς
2846 3099 2904 3164 ὃς
2938 3099 3034 3153 ἐὰν
3080 3098 3146 3171 θῇ
3178 3098 3269 3153 ἐπὶ
3302 3101 3366 3171 τῇ
3396 3098 3592 3171 καρδίᾳ
3620 3097 3786 3152 αὑτοῦ

2217 3189 2292 3260 μὴ
2329 3190 2619 3260 μιανθῆναι
2654 3193 2711 3244 ὲν
2736 3194 2849 3255 τοῖς
2886 3190 3141 3263 βρώμασι
3189 3192 3282 3245 καὶ
3312 3194 3422 3254 τοῖς
3458 3190 3663 3261 πόμασι
3689 3188 3786 3243 τοῦ

2211 3283 2403 3355 νοητοῦ
2446 3283 2938 3355 Ναϐουχοδονόσορ,
2987 3283 3125 3338 ἀλλὰ
3175 3283 3422 3338 κακῶσαι
3471 3282 3568 3355 τὴν
3611 3282 3793 3354 ψυχὴν

2209 3376 2373 3430 αὐτοῦ
2416 3377 2693 3449 νηστείαις
2721 3380 2779 3431 ἐν
2810 3382 2877 3450 τῇ
2905 3377 3185 3432 Βαϐυλῶνι
3209 3376 3382 3448 ταύτῃ
3415 3375 3503 3429 διὰ
3525 3375 3621 3447 τὴν
3650 3376 3793 3444 γνῶ-

2211 3488 2294 3525 σιν
2321 3473 2418 3543 τῆς
2439 3470 2717 3541 ἀληθείας,
2733 3470 3020 3535 ὁτοιοῦτος
3041 3471 3241 3542 Δανιὴλ
3269 3473 3405 3535 ἐστι,
3426 3471 3521 3524 καὶ
3545 3471 3612 3524 τὰ
3650 3471 3794 3524 ίστο-

2210 3559 2449 3630 ρούμενα
2481 3559 2569 3610 ἐπ’
2593 3559 2800 3612 ἐκείνου
2831 3559 3060 3629 ἁρμόσει
3085 3561 3178 3613 καὶ
3201 3560 3292 3612 ἐπὶ
3315 3559 3488 3630 τούτῳ
3515 3558 3788 3628 λέγεσθαι·

2209 3651 2307 3722 μία
2336 3650 2444 3722 γὰρ
2471 3652 2820 3715 κατάστασις,
2852 3652 2946 3704 καὶ
2986 3652 3085 3723 τῆς
3119 3650 3289 3723 αὐτῆς
3321 3650 3486 3715 ’ἐξεως
3518 3652 3566 3704 οἱ
3609 3651 3790 3723 ἀμφό-

2204 3762 2371 3817 τεροι,
2399 3745 2474 3808 ὡς
2507 3744 2785 3798 καλεῖσθαι
2812 3746 3005 3807 αὐτοὺς
3035 3743 3254 3817 Δανιήλ.

2282 3837 2393 3891 Τοῦ
2424 3837 2633 3891 αὑτοῦ.
2666 3839 2782 3901 Πᾶς
2810 3838 2866 3902 ὃς
2901 3837 2995 3891 ἐὰν
3094 3837 3380 3909 ἄμεμπτος
3411 3840 3468 3892 ἐν
3504 3838 3623 3910 βίῳ,
3659 3839 3791 3911 ἀλη-

2204 3931 2348 3995 θινὸς
2371 3933 2427 3984 ἐν
2453 3931 2753 4002 θεοσεϐείᾳ,
2780 3930 2921 3984 ὥστε
2954 3932 3253 4002 ἀπέχεσθαι
3281 3932 3440 3986 αὐτὸν
3472 3932 3580 3985 ἀπὸ
3613 3932 3786 3986 κακοῦ

2203 4024 2424 4088 παντὸς,
2459 4024 2599 4078 ὥστε
2634 4024 3080 4097 παραζηλώσοαι
3107 4026 3192 4077 ἐπ’
3222 4023 3375 4095 αὐτῷ
3397 4025 3486 4078 τὸν
3518 4024 3783 4092 διάϐολον,

2201 4118 2296 4171 καὶ
2338 4116 2518 4170 πάντα
2561 4115 2774 4185 γενικὸν
2821 4115 3124 4187 πειρασμὸν
3174 4116 3477 4184 ἐπαγαγεῖν
3523 4115 3672 4187 αὐτῷ
3727 4118 3787 4170 ὲν

2199 4212 2546 4282 πειρασμοῖς,
2596 4209 2690 4261 καὶ
2733 4208 2835 4262 οὐκ
2865 4206 3073 4280 ὀκλάσῃ
3120 4208 3223 4270 ἕως
3262 4207 3421 4276 λόγου
3466 4207 3711 4278 χειλέων·
3756 4210 3785 4261 6

2195 4302 2438 4366 τοιοῦτος
2482 4300 2600 4355 Ἰὼϐ
2634 4302 2772 4365 ἐστι,
2816 4300 2912 4353 καὶ
2951 4299 3022 4353 τὰ
3060 4299 3419 4373 ἱστορούμενα
3456 4299 3541 4353 ἐπ’
3590 4300 3783 4370 ἐκείνῳ

2197 4397 2428 4468 ἁρμόσει
2455 4395 2547 4449 καὶ
2576 4396 2669 4448 ἐπὶ
2709 4393 2904 4465 τούτῳ.
2954 4394 3282 4464 Ἀμφότεροι
3309 4391 3418 4464 γὰρ
3454 4392 3558 4445 ἴσοι
3591 4395 3648 4445 ὲν
3684 4393 3782 4464 μιᾷ

2195 4488 2305 4554 ἔξει
2330 4489 2388 4542 ὲν
2415 4487 2625 4560 Κυρίῳ,
2653 4487 2746 4541 καὶ
2783 4484 2903 4539 Ἰὼϐ
2935 4483 3296 4557 κληθήσονται
3326 4483 3647 4556 ἀμφότεροι.

583 4577 644 4635 Si
668 4581 771 4649 ﬁlii
793 4588 843 4633 et
872 4577 1002 4648 ﬁlia:
1031 4577 1376 4631 salvabuntur
1407 4579 1472 4634 ³⁸.
1502 4577 1812 4635 Secundum
1841 4580 2087 4635 eamdem

2265 4583 2337 4635 El
2367 4580 2485 4635 υἱοὶ
2514 4570 2961 4649 καὶθυτατέρες
2991 4575 3394 4643 σωθήσονται.
3426 4576 3589 4639 Υίοὺς
3614 4574 3727 4645 ἔχει
3751 4576 3779 4627 6

510 4672 815 4743 spiritalem
860 4671 1263 4742 generationem
1317 4668 1503 4724 Daniel
1537 4671 1675 4726 ﬁlios
1716 4672 1898 4737 habet,
1952 4688 2092 4742 quos

420 4764 425 4767 ’
509 4766 695 4834 genuit
720 4766 841 4835 ejus
869 4765 1174 4835 prophetia.
1207 4762 1377 4819 Filios
1407 4764 1552 4818 enim
1574 4765 1821 4819 carnales
1853 4780 1962 4819 non
1992 4766 2091 4820 Ita-

510 4856 650 4921 huit,
683 4858 879 4927 quippe
911 4861 1006 4929 qui
1033 4859 1205 4930 spado
1235 4864 1371 4921 erat,
1403 4865 1462 4910 ut
1486 4856 1660 4912 aiunt.
1719 4855 1888 4927 quue
1914 4857 2090 4912 mani-

509 4947 709 5002 festum
738 4958 822 5003 est
861 4962 928 5003 ex
969 4966 1036 5006 eo
1064 4949 1208 5020 quod
1258 4950 1491 5005 traditus
1515 4958 1599 5004 est
1625 4950 1852 5020 principi
1890 4951 2086 5021 spado-

511 5054 663 5094 num.
725 5039 780 5093 Si
815 5040 975 5111 igitur
1008 5051 1118 5096 tres
1146 5042 1234 5098 isti
1262 5040 1364 5095 viri
1391 5040 1526 5107 Noe,
1570 5040 1672 5096 Job
1699 5052 1751 5096 et
1787 5041 1973 5097 Daniel
2003 5043 2084 5097 in-

508 5129 657 5186 venti
694 5128 897 5186 fuerint
930 5131 985 5185 in
1017 5139 1161 5187 terra
1190 5134 1521 5203 peccatrice,
1559 5133 1612 5187 hi
1645 5134 1701 5186 in
1727 5132 1946 5202 justitia
1985 5151 2085 5187 sua

505 5222 853 5277 salvabuntur
881 5223 946 5277 δ’.
1003 5224 1082 5279 Ac
1103 5224 1148 5279 si
1174 5224 1321 5280 dicat
1355 5243 1370 5280 :
1402 5224 1578 5279 Etiam
1602 5225 1695 5295 qui
1726 5225 1932 5280 inventi
1964 5224 2085 5280 fue-

503 5316 615 5369 rint
646 5316 756 5371 illis
782 5316 1013 5373 similes.

571 5407 633 5465 Si
668 5411 772 5480 ﬁlii
805 5419 854 5465 et
883 5410 1017 5481 ﬁlia‘
1040 5412 1405 5484 relinquentur
1432 5412 1499 5468 ³³.
1562 5408 1669 5464 Pro
1697 5424 1765 5465 eo
1794 5425 1860 5465 ae
1883 5408 2029 5465 dicat
2065 5429 2079 5465 :

499 5530 610 5568 non
640 5515 1032 5584 relinquentur.
1066 5511 1174 5584 lpsi
1219 5513 1320 5568 soli
1371 5512 1508 5577 Noe,
1561 5513 1748 5567 Daniel
1793 5522 1850 5567 et
1887 5512 1989 5567 Job
2018 5514 2069 5566 in

504 5601 711 5670 iustitia
744 5621 838 5660 sua
866 5607 1179 5661 liherabnnt
1203 5606 1416 5659 animas
1436 5603 1617 5676 ,429
1646 5620 1796 5670 suas,
1827 5605 2074 5675 prolirias

507 5693 777 5750 videlicet.
814 5697 907 5751 Est
931 5698 1077 5753 enim
1102 5697 1263 5753 etiam
1305 5698 1355 5752 in
1389 5696 1507 5753 aliis
1550 5697 1745 5752 divina:
1776 5697 2074 5767 Scriptura!

579 5862 624 5893 ’³
649 5859 845 5918 Ezeeh.
868 5878 981 5929 xiv,
1005 5864 1093 5919 15.
1167 5866 1210 5898 ¹⁹
1233 5864 1429 5920 Ezech.
1454 5880 1565 5930 xw,
1594 5865 1681 5919 H.
1753 5866 1796 5899 ³⁹
1818 5865 1952 5921 Gen.
1977 5880 2073 5933 vn,
2115 5869 2165 5923 l.

2199 4672 2397 4743 Δανιὴλ
2446 4671 2586 4725 κατὰ
2627 4669 2726 4742 τὴν
2776 4670 2944 4741 αὐτὴν
2992 4667 3370 4741 πνευματικὴν
3420 4666 3635 4736 γενεὰν,
3686 4665 3780 4731 οὓς

2199 4765 2547 4835 ἐγέννησενὴ
2578 4763 2882 4835 προφητεία
2914 4760 3102 4817 αὐτοῦ’
3138 4763 3288 4826 υἱοὺς
3331 4759 3440 4833 γὰρ
3482 4757 3781 4835 σαρκικοῖς

2195 4857 2296 4910 οὐκ
2337 4855 2514 4926 ἔσχενο
2566 4855 2821 4927 εὐνοῦχος
2861 4855 2969 4927 γὰρ
2997 4851 3086 4927 ἦν,
3121 4853 3198 4919 ὥς
3226 4870 3381 4923 φασι.
3443 4851 3555 4905 Καὶ
3596 4840 3776 4921 δῆλον·

2195 4942 2303 4996 ὑπὸ
2328 4942 2534 4997 τούτων
2568 4942 2676 5015 γὰρ
2708 4942 2979 5016 παρεδόθη
2999 4942 3078 5015 τῷ
3101 4941 3494 5015 ἁρχιευνούχφ.
3534 4941 3660 4994 Ἐὰν
3680 4935 3774 4994 οὖν

2193 5036 2243 5087 οἱ
2273 5036 2420 5107 τρεῖς
2459 5026 2605 5088 οὗτοι
2651 5034 2862 5106 ἄνδρες,
2892 5035 3053 5101 Νῶε,
3103 5035 3199 5087 καὶ
3251 5032 3391 5099 Ἰὼϐ,
3435 5033 3530 5087 καὶ
3556 5031 3776 5103 Δανιὴλ,

2191 5127 2487 5199 εὑρεθῶσιν
2519 5131 2577 5181 ἐν
2602 5131 2668 5201 τῇ
2704 5127 3023 5203 ἁμαρτούσῃ
3053 5131 3147 5199 γῇ,
3177 5120 3323 5181 οὗτοι
3347 5127 3417 5180 ἑν
3448 5125 3526 5194 τῇ
3554 5125 3779 5179 δικαιο-

2191 5221 2351 5289 σύνῃ
2384 5220 2584 5275 αὐτῶν
2611 5220 3011 5288 σωθήσονται·
3043 5221 3175 5274 ὡσεὶ
3201 5219 3352 5289 ἔλεγε
3370 5236 3384 5249 ο
3416 5219 3528 5272 Καὶ
3557 5217 3653 5272 ἐὰν
3682 5216 3776 5272 εὖ·

2192 5312 2423 5385 ρεθῶσιν
2450 5313 2526 5379 ὡς
2552 5313 2699 5379 Νῶε,
2727 5315 2823 5368 καὶ
2860 5312 3002 5378 Ἰὼϐ,
3030 5314 3124 5367 καὶ
3146 5312 3366 5383 Δανιήλ.

2275 5407 2410 5461 Ἐὰν
2437 5408 2555 5462 υἱοὶ
2597 5408 2697 5461 καὶ
2739 5406 3060 5477 θυγατέρες
3097 5403 3571 5476 ὺπολειφθῶσιν.
3631 5398 3781 5456 ’Δντὶ

2188 5498 2306 5566 τοῦ,
2357 5501 2456 5571 οὐχ
2504 5467 3011 5572 ὑπολειφθήσονται.
3036 5467 3230 5553 Ἀὐτοὶ
3286 5467 3436 5570 μόνοι
3486 5495 3635 5561 Νῶε,
3680 5467 3808 5573 xuii

2188 5593 2407 5665 Δανιὴλ,
2438 5594 2533 5646 καὶ
2586 5591 2706 5645 Ἰὼϐ
2738 5596 2795 5645 ὲν
2824 5595 2891 5664 τῇ
2936 5591 3246 5662 δικαιοσύνῃ
3284 5589 3465 5643 αὐτῶν
3514 5587 3773 5660 ρύσονται

2185 5685 2285 5749 τὰς
2325 5685 2503 5756 ψυχὰς
2533 5684 2733 5749 αὐτῶν,
2768 5685 2866 5749 τὰς
2915 5683 3050 5748 ιδίας
3083 5683 3354 5755 δηλονότι’
3388 5682 3503 5735 ἔστι
3536 5680 3645 5752 γὰρ
3679 5677 3771 5731 καὶ

2195 5822 3055 5936 ."Ezech.x1v,16,18,20.
3138 5868 3181 5900 η
3218 5865 3349 5923 ibid.
3379 5864 3471 5921 eo.
3551 5862 3596 5896 ³³
3633 5859 3765 5917 ibid.
