4094 6290
300 414 402 469 809

1451 413 1761 469 SEIJECTA
1797 411 1863 466 ΙΝ
1905 408 2358 465 EZECIIIELEM.

3433 396 3536 449 8l0

298 527 527 600 ἀλλαχοῦ
552 529 648 600 τῆς
676 527 1029 582 θεοπνεύστου
1058 528 1278 600 Γραφῆς
1299 530 1536 582 τοιοῦτον
1569 524 1708 591 εἶδος
1732 526 1864 596 φρά-

1980 525 2101 579 ocis
2129 523 2398 594 ejusmodi
2429 522 2637 592 species
2665 518 2987 580 locutionis,
3041 529 3161 584 quae
3193 509 3534 600 negationem

301 641 454 686 σεως,
490 622 716 694 ἄρνησιν
755 621 876 691 ἔχον
912 621 1197 692 πρόδηλον,
1230 622 1306 684 ὡς
1353 622 1415 674 τὸ
1452 622 1741 692 εἰρημένον
1789 618 1868 689 τῷ

313 714 470 783 Ἠλίᾳ,
496 713 632 783 πρὸς
659 712 749 766 τὸν
788 708 1009 781 ’Λχαά6·
1035 711 1121 779 Ζῇ
1153 713 1367 780 Κύριος
1394 714 1426 764 ὁ
1459 712 1602 777 Θεὸς
1625 710 1743 764 τῶν
1773 710 1870 763 δυ-

301 805 552 876 νάμεων,
595 808 627 857 ό
660 806 803 869 Θεὸς
864 803 1129 872 Ἰσραὴλ,
1178 797 1336 871 ᾧπέρ
1385 803 1570 874 ἐσμεν
1617 803 1871 856 ἐνώπιον

299 894 505 959 αὑτοῦ,
537 898 587 948 εὶ
614 893 714 946 ἐπὶ
738 897 811 947 τὰ
836 894 939 961 ἐτη
968 894 1153 947 ταῦτα
1177 892 1396 963 δρόσος
1427 894 1525 948 καὶ
1550 893 1726 959 ὑετὸς
1753 890 1870 946 ἀνὰ

298 984 505 1040 πᾶσαν
540 981 655 1052 γῆν
680 983 868 1037 ἔσται.
902 981 1058 1035 Οὕτω
1094 984 1188 1036 καὶ
1226 983 1256 1035 ὁ
1280 982 1484 1053 Κύριος
1519 984 1576 1035 ἐν
1620 980 1699 1050 τῷ
1732 978 1873 1033 κατὰ

299 1078 520 1147 Μάρκον
565 1073 904 1143 Εὐαγγελίῳ,
949 1073 1053 1140 ὅτι,
1110 1072 1173 1130 Ἠ
1208 1075 1385 1143 γενεὰ
1425 1075 1577 1142 αὕτη
1621 1074 1872 1142 σημεῖον

299 1168 568 1236 ἐπιζητεῖ.
614 1166 820 1236 Ἀμὴν,
847 1165 1009 1235 ἀμὴν
1054 1165 1209 1236 λέγω
1242 1166 1417 1237 ὑμῖν,
1464 1168 1518 1220 εί
1552 1165 1872 1233 δοθήσεται

300 1261 372 1328 τῇ
405 1257 583 1330 γενεᾷ
610 1259 796 1326 ταύτῃ
836 1257 1122 1328 σημεῖον-ο
1148 1255 1422 1310 τουτέστιν
1467 1257 1528 1310 οὐ
1565 1256 1868 1326 δοθήσεται.

298 1353 408 1406 Καὶ
441 1352 502 1405 τὸ
542 1352 602 1403 ἐν
637 1343 905 1417 Ψαλμοῖς
946 1347 1237 1419 εἰρημένον
1268 1346 1478 1411 τούτοις
1524 1347 1726 1418 ὅμοιον·
1777 1347 1872 1412 Ὡς

298 1440 505 1509 ὤμοσα
529 1441 600 1494 ἐν
627 1438 704 1509 τῇ
730 1437 879 1508 ὀργῆ
906 1457 1044 1509 μου,
1074 1441 1128 1493 εί
1158 1439 1607 1493 εἰσελεύσονται
1638 1441 1726 1504 εὶς
1758 1438 1874 1505 τὴν

301 1531 701 1586 κατάπαυσιν.
751 1531 894 1585 ‘Av'zl.
922 1530 1030 1602 γὰρ
1070 1530 1186 1599 τοῦ,
1220 1531 1318 1585 οὐκ
1343 1529 1757 1595 εἰσελεύσονται,
1790 1529 1873 1582 εί-

303 1640 486 1695 ρηται.

373 1707 551 1767 οὗτοι
586 1711 913 1783 ιξάγουσιν
950 1712 1120 1777 υἱοὺς
1171 1712 1268 1766 καὶ
1312 1713 1659 1783 θυγατέρας.
1700 1710 1871 1765 Τοῦτο

300 1804 443 1858 κατὰ
468 1802 732 1876 ἐρώτησιν
761 1803 1130 1874 ἀναγνωστέον
1148 1820 1161 1833 ·
1190 1805 1253 1857 Ei
1275 1805 1523 1869 ἐκείνοις,
1556 1804 1708 1875 φησὶ,
1744 1804 1870 1873 μίαν

1971 617 2133 670 habet
2180 614 2545 675 manifestam,
2597 609 3055 681 qttmuatlmodum
3103 606 3308 660 dictum
3357 610 3438 654 cst
3470 599 3540 653 ab

1971 709 2087 763 Elia
2132 709 2197 761 azl
2245 708 2433 762 Achab
2457 707 2501 738 “
2545 725 2559 760 :
2607 705 2743 759 Vivit
2793 703 3046 756 Dominus
3089 698 3227 752 Deus
3262 697 3537 759 virtutum,

1973 799 2111 852 Deus
2150 797 2342 862 Israel,
2377 799 2429 851 in
2462 812 2611 865 cujus
2640 801 2913 861 conspectu
2939 805 3141 851 sumus,
3172 787 3218 839 si
3251 785 3402 838 annis
3424 784 3539 835 is'is

1969 892 2068 945 erit
2097 906 2180 943 ros
2211 901 2257 944 et
2287 890 2464 958 pluvia
2487 905 2578 956 per
2602 896 2765 940 totam
2793 896 3010 938 terram.
3077 880 3171 934 Sic
3198 887 3250 932 et
3279 877 3541 929 Dominus

1971 981 2026 1035 in
2053 981 2217 1035 Marci
2247 980 2541 1049 Evangelia
2566 979 2610 1010 ³⁸
2641 996 2655 1032 :
2708 975 2985 1031 Generatio
3032 972 3141 1025 lucc
3167 970 3375 1039 signum
3400 981 3542 1036 quae-

1973 1072 2045 1124 rit
2083 1086 2101 1124 :
2127 1087 2300 1131 antea,
2348 1086 2499 1124 amen
2527 1069 2647 1122 dico
2688 1067 2831 1121 vobis
2855 1107 2868 1129 ,
2902 1066 2947 1119 si
2979 1063 3192 1116 dabitur
3220 1057 3544 1130 generationi

1974 1162 2097 1215 huic
2123 1161 2352 1229 signum,
2390 1161 2494 1214 hac
2523 1169 2627 1222 est,
2658 1174 2767 1213 non
2795 1157 3034 1211 dabitur.
3096 1153 3192 1208 llis
3216 1153 3342 1207 item
3366 1150 3545 1205 simile

1972 1260 2057 1307 cst
2101 1251 2245 1321 quod
2295 1252 2349 1306 in
2402 1251 2634 1306 Psalmis
2688 1250 2917 1304 habetur
2965 1248 3009 1279 ³⁸
3039 1265 3052 1302 :
3087 1245 3237 1301 Sicut
3264 1243 3447 1315 juravi
3487 1243 3542 1295 in

1974 1340 2054 1393 ira
2106 1356 2261 1405 mea,
2299 1341 2346 1393 si
2396 1340 2688 1392 introibant
2735 1339 2788 1392 in
2820 1338 3045 1407 requiem
3072 1352 3260 1392 meam.
3327 1334 3541 1389 Dictum

1975 1440 2057 1486 est
2082 1431 2225 1484 enim
2269 1445 2385 1500 pro,
2422 1445 2529 1483 non
2565 1429 2886 1483 iutroibnnt.

2049 1692 2119 1747 Ili
2152 1661 2378 1748 educunt
2413 1694 2554 1763 ﬁlios
2581 1701 2631 1747 et
2658 1692 2802 1761 ﬁlias
2844 1691 2912 1745 ³⁷.
2962 1688 3350 1759 Iuterrogative
3398 1688 3540 1743 istul

1975 1783 2282 1855 legendum.
2322 1783 2379 1838 Si
2409 1783 2748 1853 illis,iuquit,
2776 1790 2898 1852 post
2926 1781 3090 1835 unius
3117 1779 3341 1834 ultionis
3368 1779 3547 1834 minas

300 1869 581 1967 ἐκδίκησιν
631 1869 1033 1968 ’ἠπειλημένοις
1053 1896 1152 1950 οὐκ
1189 1896 1477 1967 ἀρκέσουσι
1652 1869 1874 1950 καὶ-Δαο-

1980 1889 2081 1929 non
2109 1874 2528 1941 sulIicientNoe,
2565 1873 2752 1928 Daniel
2792 1881 2847 1926 et
2889 1870 3010 1935 Job,
3047 1870 3289 1939 nunquid
3315 1869 3390 1933 bi,
3421 1883 3549 1924 cum

300 1987 422 2057 νιὴλ
454 1987 547 2040 καὶ
593 1987 733 2051 Ἰὼϐ,
766 1980 912 2040 οὗτοι
942 1987 1275 2058 δυνήσονται,
1308 1987 1416 2041 τῶν
1456 1989 1738 2060 τεσσάρων
1784 1989 1877 2040 ἐκ·

299 2080 570 2150 δικήσεων
602 2078 975 2150 ἐπαγομένων,
1010 2079 1297 2148 ἐξαγαγεῖν
1334 2079 1428 2132 τοῦ
1460 2078 1683 2151 ὀλέθρου
1724 2080 1875 2144 υἱοὺς

301 2170 483 2224 αὐτῶν
523 2171 616 2224 καὶ
665 2170 1003 2242 θυγατέρας;
1073 2172 1202 2225 Ἰδοὺ
1247 2172 1402 2224 αὐτοὶ
1453 2170 1876 2242 ἐκπορεύσονται

302 2262 439 2332 πρὸς
463 2262 605 2332 ὑμᾶς
629 2263 754 2326 τοὺς
787 2262 1450 2333 προαιχμαλωτισθέντας,
1484 2262 1577 2314 καὶ
1600 2264 1668 2332 τῇ
1703 2280 1879 2334 παρα-

302 2349 451 2404 θέσει
480 2352 587 2405 τῶν
614 2351 948 2405 ἐπελθόντων
978 2352 1161 2414 αὐτοῖς
1189 2350 1375 2405 κακῶν
1409 2350 1566 2420 ὑμεῖς
1591 2350 1877 2423 παρακλη-

302 2441 536 2513 θήσεσὶε
567 2443 765 2513 ἥττονα
792 2441 960 2495 πολλά
998 2441 1281 2504 παθόντες.

916 2534 1111 2586 ΚΕΦ.
1155 2532 1257 2586 lE'.

384 2622 505 2675 Τῶν
548 2622 736 2675 ὄντων
772 2623 842 2675 ἐν
874 2621 993 2685 τοῖς
1037 2622 1248 2690 ξύλοις
1282 2622 1533 2693 δρυμοῦ.
1565 2623 1710 2678 Ξύλα
1749 2623 1875 2696 δρυ-

308 2711 411 2782 μοῦ
441 2713 602 2765 κάκεῖ
628 2711 696 2765 τὰ
727 2712 894 2781 ἄγρια
925 2712 1166 2783 νοητέον,
1201 2713 1432 2785 πεύκην,
1475 2712 1570 2766 uel.
1599 2713 1668 2767 τὰ
1695 2715 1879 2784 ὃμοια.

304 2803 602 2871 Συγκρῖναι
655 2802 711 2855 δὲ
765 2802 1010 2872 βούλεται
1057 2803 1145 2857 διὰ
1190 2803 1379 2857 τούτου
1425 2803 1561 2875 πρὸς
1607 2804 1674 2858 τὰ
1719 2804 1883 2859 λοιπά

306 2892 436 2965 ἔθνη
459 2892 550 2946 τὸν
583 2892 813 2966 Ἰσραὴλ,
842 2893 915 2957 ὡς
940 2894 1180 2965 ἄμπελον
1204 2895 1475 2967 γεωργίας
1497 2895 1880 2950 ἀπολαύσαντα

305 2985 494 3055 νόμου,
540 2985 729 3055 ἱερέων
775 2984 867 3038 καὶ
900 2986 1192 3057 προφητῶν
1225 2988 1586 3056 ἐπαγγελίας,
1619 2989 1712 3043 καὶ
1747 2990 1878 3043 ναοῦ

306 3076 488 3145 ἁγίου,
521 3077 613 3130 καὶ
643 3076 850 3130 πολλῶν
879 3077 988 3132 τῶν
1025 3077 1338 3149 θαυμάτων,
1374 3080 1678 3151 αὐτομάτου
1710 3081 1880 3152 πυρὸς

305 3162 687 3230 ἀναλίσκοντος
714 3165 812 3229 τὰς
842 3166 1051 3234 θυσίας,
1091 3169 1274 3239 φωνῆς
1306 3170 1609 3240 φερομένης
1637 3170 1746 3225 ἀπὸ
1785 3170 1878 3224 τοῦ

310 3257 617 3329 ἱλαστηρίου
643 3258 750 3312 τῶν
788 3276 848 3328 χε
857 3258 1072 3329 ρουϐὶμ,
1100 3260 1194 3313 καὶ
1224 3259 1424 3330 ἐτέρων
1445 3260 1665 3332 ὁμοίων.

393 3433 492 3485 Ἐκ
516 3433 621 3487 τοῦ
651 3439 838 3501 πυρὸς
863 3434 1304 3500 ἐξελεύσονται.
1348 3439 1441 3493 Ἐκ
1466 3439 1564 3510 τῆς
1595 3440 1883 3511 αἰχμαλω-

309 3523 432 3586 σίας
470 3522 563 3576 τοῦ
602 3524 1067 3600 Ναϐουχοδονόσορ
1091 3529 1219 3583 ὅταν
1251 3530 1616 3599 άνακληθῶσι,
1654 3530 1882 3603 λήψεται

307 3613 507 3678 αὐτοὺς
536 3614 696 3686 ἑτέρα
728 3617 762 3686 ἡ
794 3618 1221 3684 Οὐεσπασιανοῦ,
1249 3621 1416 3691 ἤγουν
1444 3620 1533 3674 διὰ
1558 3621 1741 3678 Τίτου.
1771 3623 1882 3693 Τὴν

310 3704 589 3776 συνέχειαν
615 3706 723 3760 τῶν
757 3708 1048 3780 συμφορῶν
1085 3710 1299 3780 μηνύει.

928 3799 1104 3851 ΚΕΦ.
1142 3802 1270 3867 ις’.

380 3885 490 3938 Kal
543 3888 656 3939 οὐκ
712 3886 944 3956 ἔδησαν
995 3889 1137 3956 τοὺς
1185 3893 1457 3959 μαστούς
1508 3908 1643 3948 σου.
1712 3895 1770 3948 '0
1825 3897 1885 3949 ἐν

310 3974 500 4047 πρώτῃ
536 3976 738 4048 θεωρίᾳ
775 3978 1062 4049 γενόμενος
1089 3982 1188 4034 οὐκ
1221 3981 1324 4048 ἔξω
1352 3984 1450 4055 τῆς
1496 3985 1686 4054 σοφίας
1715 3986 1883 4058 θηλά-

309 4065 413 4129 ζει,
450 4066 561 4120 ἀλλ’
600 4065 746 4120 ἔνδον
777 4067 834 4134 ἐξ
865 4069 1036 4138 αὐτῆς
1062 4070 1339 4141 τρέφεται.
1378 4072 1577 4137 Καλῶς
1608 4071 1703 4129 οὖν
1733 4071 1883 4129 εἶπόν

310 4174 452 4220 τινες
489 4159 581 4211 δύο
622 4161 858 4229 μαστοὺς
900 4160 1000 4224 τὰς
1033 4160 1125 4214 δύο
1157 4162 1450 4234 Διαθήκας,
1484 4165 1577 4234 ἀφ’
1604 4158 1679 4220 ὧν
1716 4166 1884 4239 θηλά-

310 4244 463 4309 ζουσι
493 4246 565 4299 τὰ
597 4250 761 4318 νήπια
788 4265 803 4279 ⁸
840 4250 934 4302 καὶ
969 4251 1018 4302 οἱ
1052 4250 1375 4320 θηλάζοντες
1414 4247 1558 4307 οὗτοί
1599 4257 1757 4321 εἰσιν,
1789 4257 1883 4327 ἀφ’

312 4329 388 4388 ὧν
420 4338 784 4409 κατηρτίσατο
810 4339 1013 4411 Κύριος
1036 4337 1204 4406 αἶνον,
1237 4341 1331 4396 τοῦ
1369 4345 1667 4400 καταλῦσαι
1692 4347 1884 4418 ἐχθρὸν

313 4428 407 4480 καὶ
439 4429 748 4501 ἐκδικητὴν.

1976 1967 2314 2035 quadruplex
2361 1966 2510 2019 illata
2539 1963 2702 2019 fuerit
2749 1963 2903 2027 ultio,
2933 1971 3185 2031 poterunt
3219 1961 3451 2015 educere
3479 1975 3551 2016 ex

1979 2056 2203 2110 interitu
2248 2056 2389 2109 ﬁlios
2427 2070 2556 2108 suos
2592 2063 2644 2107 et
2681 2052 2860 2106 tilias?
2886 2051 3024 2107 Ecce
3064 2052 3165 2121 ipsi
3203 2051 3549 2123 egredieutur

1980 2150 2046 2203 ad
2079 2165 2199 2212 vos,
2236 2148 2327 2216 qui
2356 2147 2568 2216 priores
2609 2145 2807 2215 captivi
2846 2145 3063 2199 abducti
3109 2144 3278 2210 estis,
3309 2144 3548 2199 collatis-

1984 2255 2091 2308 que
2118 2240 2316 2296 vestris
2351 2238 2507 2309 malis
2539 2254 2662 2293 cum
2699 2238 2916 2292 illorum
2943 2237 3225 2303 aerumnis,
3263 2238 3367 2294 hoc
3391 2239 3549 2294 vobis

1977 2330 2084 2385 erit
2105 2331 2300 2386 solatio
2324 2330 2465 2402 quod
2495 2328 2580 2387 his
2612 2329 2824 2383 minora
2849 2328 3009 2399 longe
3037 2328 3188 2400 passi
3216 2329 3369 2384 estis.

2611 2529 2764 2586 CAP.
2801 2529 2919 2585 XV.

2054 2623 2186 2690 Qua:
2227 2631 2349 2678 sunt
2389 2624 2527 2676 inter
2567 2623 2711 2693 ligna
2756 2623 2903 2679 silva:
2924 2625 2989 2679 ⁸⁸.
3040 2625 3211 2697 Ligna
3245 2628 3398 2685 silvae
3438 2631 3553 2687 illic

1982 2728 2201 2784 quoque
2245 2714 2517 2770 silvestria
2568 2713 2912 2783 intelligenda
2957 2725 3118 2780 sunt,
3163 2717 3335 2787 picea,
3375 2728 3429 2776 et
3476 2722 3558 2776 si-

1982 2804 2154 2859 milia.
2190 2803 2318 2858 Vult
2350 2813 2529 2859 autem
2564 2804 2650 2860 bis
2672 2806 2855 2861 verbis
2882 2807 3132 2862 lsraelcm
3163 2824 3290 2864 cum
3322 2811 3553 2882 reliquis

1982 2895 2232 2966 gentibus
2286 2910 2647 2965 comparare,
2681 2906 2938 2966 tanquam
2992 2899 3205 2954 vineam
3256 2918 3376 2970 quae
3415 2903 3550 2973 legis

1982 2985 2197 3040 cultura
2256 2985 2587 3057 profecerit,
2650 2986 2994 3041 sacerdotum
3053 2991 3551 3063 prophetarumque

1984 3077 2420 3142 annuntiatione,
2456 3076 2657 3145 templo
2693 3087 2904 3144 sancto,
2934 3078 3324 3137 miraculorum
3369 3086 3551 3154 copia,

1985 3176 2286 3237 spontaneo
2342 3168 2465 3238 igne
2511 3170 2762 3224 victimas
2812 3182 3200 3237 consumente,
3248 3190 3379 3230 voce
3428 3192 3551 3245 pro-

1986 3269 2244 3313 manante
2290 3272 2356 3314 ex
2396 3260 2823 3318 cherubinorum
2872 3261 3278 3334 propitiatorio,
3320 3266 3555 3339 aliisque

1968 3349 2274 3405 similibus.

2054 3439 2132 3494 De
2179 3442 2297 3512 igne
2341 3443 2671 3513 egredientur
2707 3446 2772 3499 ³⁸.
2820 3446 2957 3502 Cum
3007 3464 3039 3503 e
3083 3450 3398 3520 captivitate
3441 3452 3552 3510 Na-

1982 3529 2409 3587 buchodonosor
2463 3535 2701 3590 revocati
2753 3534 2990 3605 fuerint,
3047 3540 3412 3608 apprehendat
3456 3558 3555 3600 eos

1984 3621 2088 3675 alia
2114 3621 2458 3692 Vespasiani,
2515 3641 2637 3696 quae
2687 3627 2894 3683 scilicet
2946 3643 3042 3700 per
3085 3629 3269 3686 Titum
3322 3633 3547 3692 inducta

1983 3720 2087 3767 est.
2114 3711 2417 3771 Continuas
2450 3715 2566 3772 fore
2595 3719 2935 3775 calamitates
2964 3720 3269 3780 denuntiat.

2597 3808 2751 3865 CAP.
2788 3809 2928 3865 XVI.
3059 3867 3065 3871 .

2100 3895 2167 3950 Et
2214 3913 2319 3952 non
2374 3898 2669 3970 ligaverunt
2719 3903 2988 3958 mamillas
3051 3910 3169 3960 tuas
3215 3908 3282 3963 ‘°.
3343 3905 3449 3975 Qui
3498 3909 3555 3966 in

1983 3986 2158 4056 prima
2210 3991 2667 4060 contemplatione
2710 4006 2815 4061 εει,
2870 4010 2981 4050 non
3028 4008 3182 4052 extra
3225 4000 3552 4069 sapientiam

1985 4077 2071 4131 lac
2115 4079 2278 4146 sugit,
2321 4081 2415 4135 sed
2452 4081 2594 4137 intra
2633 4098 2698 4137 ex
2736 4084 2857 4154 ipsa
2897 4086 3156 4143 nutritur.
3206 4087 3351 4145 Bene
3389 4089 3557 4161 igitur

1984 4165 2238 4221 dixerunt
2269 4169 2521 4238 quidam,
2558 4171 2668 4225 duo
2697 4172 2865 4228 ubera
2897 4174 3007 4230 duo
3036 4175 3381 4234 Testamenta
3411 4194 3553 4249 csse,

1985 4271 2052 4311 ex
2080 4256 2279 4339 quibus
2307 4258 2391 4313 lac
2419 4269 2619 4329 sugunt
2642 4263 2874 4331 parvuli,
2920 4273 3156 4335 suntque
3186 4267 3241 4321 bi
3268 4267 3551 4339 lactentes,

1985 4362 2054 4402 ex
2103 4336 2302 4417 quibus
2330 4346 2596 4407 Dominus
2645 4352 2855 4421 perlicit
2909 4354 3150 4421 laudem,
3211 4366 3271 4412 ut
3308 4336 3556 4415 destruat

1986 4436 2267 4492 inimicum
2308 4450 2360 4493 et
2384 4439 2617 4496 ultorem
2634 4442 2700 4494 “.

381 4519 532 4573 Οὐδὲ
568 4520 849 4588 ἐφείσατο
885 4526 918 4576 ό
953 4525 1257 4596 ὀφθαλμός
1294 4544 1431 4582 σου.
1475 4529 1782 4598 Τουτέστιν,
1819 4533 1880 4585 οὐ

2059 4524 2240 4596 Neque
2282 4529 2510 4598 pepercit
2544 4529 2726 4585 oculus
2758 4540 2881 4587 tuus
2904 4532 2970 4588 ".
3030 4532 3145 4591 Hoc
3181 4544 3284 4603 est,
3333 4553 3440 4594 non
3471 4539 3552 4596 tui

314 4612 692 4682 συνεπάθησας
732 4615 919 4686 ἑαυτῇ,
965 4620 1262 4690 φεισαμένη
1304 4619 1397 4673 τοῦ
1429 4620 1651 4691 ποιῆσαι
1692 4622 1792 4678 κᾶν
1820 4623 1878 4678 ἓν

313 4703 417 4755 τῶν
456 4703 880 4775 προλεχθέντων,
930 4707 1016 4761 ἵνα
1065 4709 1210 4781 κάμὲ
1260 4714 1486 4783 κινήσῃς
1535 4714 1615 4777 είς
1659 4716 1877 4785 συμπά-

313 4790 481 4848 θείαν.

382 4885 491 4938 Καὶ
520 4884 769 4954 διῆλθον
808 4889 905 4942 καὶ
936 4889 1033 4944 διὰ
1054 4891 1188 4945 σοῦ.
1226 4892 1281 4945 Ὁ
1309 4894 1438 4958 Θεὸς
1461 4896 1677 4967 ἀπαθής
1707 4899 1874 4962 ἐστιν,

313 4974 386 5036 ῶς
425 4976 520 5029 καὶ
563 4977 850 5049 ἄτρεπτος,
892 4981 985 5033 καὶ
1020 4981 1288 5045 ἄκτιστος.
1326 4986 1570 5040 Ποικίλαι
1620 4987 1677 5040 δὲ
1710 4990 1874 5043 αὑτοῦ

314 5063 366 5113 αἱ
399 5065 642 5134 πρόνοιαι
671 5066 811 5119 κατὰ
832 5068 930 5137 τὴν
952 5068 1220 5123 ποικιλίαν
1244 5071 1352 5125 τῶν
1378 5075 1842 5147 οἰκονομουμένων
1859 5096 1872 5110 ο

313 5153 528 5206 πάντων
554 5156 661 5224 γάρ
691 5158 805 5208 ἐστι
846 5159 1072 5229 ποιητής
1091 5174 1102 5186 ⁸
1137 5159 1213 5223 ὣς
1242 5178 1391 5226 τινας
1432 5164 1531 5234 μὲν
1561 5162 1698 5219 εἶναι
1735 5170 1879 5221 οίκο-

312 5242 501 5302 τομίας
526 5242 844 5312 θυμοειδεῖς,
877 5247 975 5309 τὰς
1005 5248 1061 5300 δὲ
1091 5248 1545 5319 ζηλοτυποειδεῖς’
1578 5254 1777 5322 ὁμοίως
1819 5257 1876 5309 δέ

313 5333 402 5382 καὶ
432 5335 541 5395 τοῖς
580 5339 964 5404 πνευματικοῖς
994 5337 1200 5401 δούλοις
1246 5336 1383 5393 εἶναι
1423 5342 1734 5412 οἰκονομίας
1775 5346 1876 5415 χάη

315 5438 478 5489 ριτος,
522 5423 617 5475 καὶ
646 5424 820 5494 δόξης,
864 5427 955 5478 καὶ
990 5426 1382 5499 ἀγαλλιάσεως,
1415 5432 1478 5484 ἐκ
1504 5431 1596 5484 τοῦ
1630 5434 1746 5497 ἐνὸς
1784 5435 1876 5488 καὶ

313 5513 376 5563 dt
388 5511 604 5581 ρέπτου,
631 5515 721 5566 καὶ
745 5516 983 5580 ἀπαθοῦς
1007 5519 1100 5573 καὶ
1126 5521 1531 5590 παντοδυνάμου
1560 5522 1715 5575 Θεοῦ.

1985 4615 2103 4687 ipsa
2146 4616 2370 4672 miserta
2418 4633 2498 4686 es,
2553 4633 2787 4689 parcens
2836 4622 3015 4679 facere
3061 4626 3145 4680 vel
3196 4642 3365 4682 unum
3419 4629 3553 4700 quid

1984 4722 2173 4762 eorum
2198 4723 2331 4779 quae
2349 4719 2507 4765 antea
2533 4711 2678 4768 dicta
2707 4724 2856 4782 sunt,
2907 4724 2965 4770 ut
3015 4731 3103 4771 me
3142 4718 3209 4772 ad
3254 4721 3549 4780 commise-

1985 4796 2251 4851 rationem
2280 4812 2546 4854 moveres.
3163 4805 3167 4810 ’

2059 4886 2130 4941 Et
2173 4890 2395 4943 transivi
2445 4906 2537 4959 per
2582 4900 2628 4947 te
2672 4893 2738 4945 “.
2794 4892 2937 4950 Deus
2978 4895 3047 4949 ab
3092 4899 3242 4953 omni
3288 4900 3553 4960 immunis

1987 4981 2180 5038 affectu
2225 4993 2327 5050 est,
2361 4985 2817 5053 quemadmodum
2859 4987 3020 5041 etiam
3068 4999 3154 5045 est
3195 4991 3554 5050 immutabilis

1986 5083 2041 5127 et.
2080 5072 2368 5127 increatus.
2427 5072 2605 5129 Variae
2648 5083 2837 5129 autem
2884 5086 3011 5131 sunt
3042 5079 3161 5148 ejus
3202 5081 3552 5149 providentize

1986 5179 2086 5235 pro
2131 5180 2320 5219 eorum
2365 5166 2458 5234 qui
2505 5165 2843 5239 providentia
2889 5180 3174 5240 reguntur,
3207 5171 3544 5229 diversitate.

1985 5255 2239 5311 Omnium
2282 5257 2425 5310 enim
2478 5265 2667 5312 auctor
2700 5257 2864 5330 430
2889 5269 2970 5314 est
2996 5277 3008 5312 :
3039 5261 3119 5316 sic
3145 5277 3277 5317 vero
3321 5271 3382 5318 ut
3426 5263 3548 5333 eius

1984 5346 2230 5415 quantam
2280 5346 2716 5415 dispensationcs
2767 5349 2904 5402 iram
2943 5350 3253 5417 praeferant,
3298 5354 3546 5421 quadam

1983 5433 2404 5490 mruulatioucm.
2449 5434 2528 5489 Ad
2568 5435 2718 5490 viros
2759 5436 2889 5490 item
2928 5439 3202 5508 spiritales
3235 5441 3378 5509 quod
3423 5441 3522 5495 alti

1980 5534 2090 5590 net,
2139 5526 2573 5592 dispensationcs
2630 5526 2817 5596 gratia;
2862 5537 3009 5596 sunt,
3052 5538 3105 5585 et
3143 5530 3345 5601 gloriae,
3378 5540 3431 5587 et
3452 5547 3546 5586 ex-

315 5602 622 5657 suttatiunis
650 5646 663 5670 ,
717 5620 785 5658 ex
829 5621 974 5671 uno,
1024 5609 1387 5675 immutabili,
1450 5610 1769 5679 impassibili
1820 5624 1875 5669 et
1912 5616 2282 5685 omnipotente
2320 5614 2449 5669 Deo.

441 5717 522 5791 _I_El
549 5717 672 5787 Reg.
698 5735 831 5791 κνδι,
852 5719 919 5791 1.Δ
978 5721 1021 5753 ³⁸
1046 5721 1210 5776 Marc.
1242 5740 1361 5791 vm,
1386 5726 1471 5778 l2.
1550 5728 1595 5759 ³⁸
1621 5728 1765 5783 Psal.
1793 5747 1932 5791 χειν,
1963 5731 2048 5784 ll.

308 5786 353 5817 ⁸ο
382 5788 492 5842 ibid
554 5786 662 5849 xvi,
697 5790 747 5840 4.
825 5792 864 5818 ’⁸¹
894 5788 1031 5865 Ινδοὶ..
1068 5808 1183 5856 νιιι,
1218 5793 1271 5845 '5.
1349 5786 1603 5853 i"l'lzech.
1634 5815 1744 5865 xvi,
1774 5800 1825 5854 5.

1980 5801 2105 5856 ibid.
2147 5801 2201 5855 8.

678 5881 946 5941 PATuOL.
988 5883 1101 5949 Gn.
1150 5882 1326 5946 XIII.

2143 5731 2186 5803 {7
2209 5729 2406 5787 Ezech.
2443 5748 2551 5799 xw,
2579 5734 2671 5792 22.
2769 5738 2814 5771 ³³
2838 5737 2974 5794 ibid.
3003 5752 3093 5803 xv,
3118 5738 3174 5794 2.
3246 5739 3290 5773 ⁸³
3328 5738 3459 5797 llud.
3498 5739 3545 5796 7.

3104 5900 3182 5962 26
