4094 6290
1806 383 1895 440 EX
1940 381 2240 441 ORIGENE

3560 385 3668 442 812

497 508 770 579 Ejusdem.
795 508 1133 578 Compatitur
1163 507 1303 564 Deus
1332 504 1642 562 miserendo
1665 520 1678 557 :
1705 519 1814 558 non
1846 501 1982 558 enim

2171 501 2280 555 Τοῦ
2313 500 2521 556 αὑτοῦ.
2571 498 2890 571 Συμπάσχει
2934 500 2963 552 6
3006 498 3138 566 Θεὸς
3186 499 3263 572 τῷ
3304 501 3555 576 ἐλεῆσαι·
3604 503 3664 557 οὐ

422 602 721 657 visceribus
749 610 918 656 caret.

495 688 564 742 Et
610 689 717 742 lavi
755 690 883 743 tein
911 703 1047 757 aqua
1079 688 1146 738 εδ.
1210 686 1450 742 Lavacre
1494 694 1548 741 et
1595 685 1765 756 gratia
1815 685 1989 740 sancti

425 777 682 846 Spiritus,
713 777 989 845 verboque
1010 775 1406 830 sanctificante.

493 866 562 919 Et
594 867 724 919 unxi
749 875 797 919 te
828 865 881 919 in
914 865 1026 919 oleo
1054 865 1120 919 ⁸⁵.
1179 863 1528 935 Unguentum
1557 871 1641 918 est
1666 861 1989 919 inlmbitatio

422 956 596 1011 sancti
624 956 860 1026 Spiritus
887 957 939 1009 in
970 955 1195 1011 scientia
1226 955 1491 1010 veritatis.
1870 968 1873 971 ·

491 1046 558 1101 Ει
592 1047 743 1101 indui
770 1055 817 1100 te
848 1047 1009 1099 variis
1039 1045 1107 1097 “.
1170 1044 1551 1099 lndumentum
1578 1043 1789 1097 varium
1832 1042 1989 1097 habi-

422 1150 508 1195 tus
537 1147 622 1194 est
692 1137 858 1192 variis
886 1145 1115 1192 ornatus
1142 1135 1432 1191 virtutibus
1456 1174 1472 1201 ,
1505 1134 1819 1204 dogmatum
1844 1133 1982 1187 veri-

420 1242 549 1299 tate,
580 1231 795 1302 piisque
824 1230 1154 1287 actionibus.

490 1324 560 1379 Et
616 1324 843 1378 calceavi
899 1332 947 1376 te
1000 1320 1283 1390 hyacintho
1308 1319 1373 1373 "7.
1432 1317 1731 1390 Hyacintbo
1783 1319 1988 1375 mundo

418 1416 632 1471 ornavit
661 1429 933 1487 gressum,
962 1427 1169 1467 exuens
1196 1426 1263 1466 ex
1284 1425 1350 1466 eo
1380 1410 1653 1466 inductam
1688 1410 1982 1466 mortalita-

419 1519 547 1565 tem.
586 1504 682 1563 Est
707 1516 762 1564 et
788 1505 1093 1579 symbolum
1124 1504 1393 1560 universa:
1420 1503 1563 1557 vitae.

495 1682 770 1753 Ejusdem.
795 1680 1005 1737 Animae
1027 1695 1246 1751 quoque
1271 1680 1388 1735 haec
1411 1678 1584 1750 aptari
1606 1687 1810 1749 queant
1831 1679 1899 1733 ab
1920 1692 1986 1733 eo

420 1774 513 1844 qui
562 1773 804 1830 calceum
853 1770 1054 1825 dixerit
1098 1769 1355 1840 operandi
1409 1767 1719 1824 facultatem
1752 1767 1984 1836 impedi-

2091 590 2200 661 γὰρ
2234 592 2577 661 ἄσπλαγχνος
2615 594 2643 645 6
2672 590 2824 655 Θεός.

2160 679 2269 733 Kal
2293 679 2524 737 ἐλουσά
2553 695 2627 733 σε
2657 681 2729 733 ἐν
2764 679 2954 734 ὕδατι.
2989 680 3079 751 Τῷ
3108 681 3319 753 λουτρῷ
3346 683 3440 736 καὶ
3468 686 3536 755 τῇ
3567 684 3667 753 χά-

2093 787 2200 841 ριτι
2232 769 2326 822 τοῦ
2360 769 2519 838 ἁγίου
2546 770 2880 840 Πνεύματος,
2913 772 3006 825 καὶ
3034 770 3110 842 τῷ
3136 773 3401 844 ἀγιοποιῷ
3424 774 3590 846 λόγῳ.

2157 861 2265 915 Καὶ
2299 860 2516 929 ἐχρισά
2555 876 2629 915 σε
2664 861 2734 914 ἐν
2765 862 2965 941 ἐλαίῳ.
3001 863 3223 935 Χρίσμα
3261 866 3409 918 ἐστὶν
3450 867 3670 940 ἐνοίκη-

2091 970 2176 1016 σις
2209 954 2304 1007 τοῦ
2355 953 2510 1022 ἁγίου
2559 953 2875 1023 Πνεύματος
2919 955 2978 1008 ἐν
3011 954 3211 1023 γνώσει
3235 956 3336 1027 τῆς
3379 958 3660 1029 ἀληθείας.

2158 1043 2268 1099 Kal
2297 1042 2557 1099 ἐνέδυσά
2598 1058 2672 1100 σε
2700 1043 2961 1101 ποικίλα.
2994 1045 3239 1116 Ἐνδυμά
3269 1049 3384 1103 ἐστι
3416 1051 3664 1106 ποικίλον

2089 1135 2123 1203 ἡ
2155 1135 2220 1189 ὲκ
2247 1133 2359 1189 τῶν
2388 1133 2644 1194 ποικίλων
2670 1134 2884 1205 ἀρετῶν
2911 1135 3261 1209 κοσμουμένη
3305 1136 3438 1205 ἕξις,
3475 1141 3542 1194 ὲκ
3577 1142 3667 1198 δοε-

2088 1224 2314 1296 γμάτων
2338 1224 2596 1296 ἀληθείας
2620 1227 2716 1283 καὶ
2744 1225 2997 1298 πράξεως
3023 1226 3297 1291 εὐσεϐοῦς.

2160 1315 2275 1371 Kal
2305 1315 2584 1374 ὐπέδυσά
2625 1331 2701 1384 ae
2740 1317 3045 1373 ὑάκινθον.
3106 1318 3393 1375 Ὑάκινθον
3424 1321 3662 1394 καθαρὸν

2088 1407 2183 1479 τὴν
2199 1406 2409 1479 κίνησιν
2423 1407 2748 1480 ἐκόσμησεν,
2773 1407 3048 1472 ἀποδύσας
3070 1408 3128 1483 ἐξ
3155 1409 3327 1483 αὐτῆς
3350 1409 3448 1480 τὴν
3477 1413 3662 1466 ἔπεισ-

2086 1498 2343 1570 αχθείσαν
2382 1499 2701 1571 νεκρότητα.
2738 1500 2892 1559 Ἔστι
2919 1499 2976 1554 δὲ
3021 1501 3116 1553 καὶ
3153 1497 3246 1559 τοῦ
3295 1500 3496 1566 παντὸς
3545 1501 3662 1571 βίου

2090 1589 2153 1642 σύ
2159 1589 2374 1661 μϐολον.

2163 1682 2272 1737 Τοῦ
2305 1683 2512 1738 αὑτοῦ.
2552 1682 2788 1744 Δύναται
2817 1682 2875 1740 δέ
2915 1699 3000 1747 τις
3045 1683 3140 1738 καὶ
3183 1682 3279 1737 ἐπὶ
3307 1683 3487 1756 ψυχῆς
3522 1685 3662 1743 αὐτά

2087 1772 2344 1846 ἁρμόσαι,
2388 1774 2644 1845 ὑπόδημα
2676 1774 2849 1842 λέγων
2877 1773 2942 1831 τὸ
2973 1775 3412 1849 ἀπαραπόδιστον
3437 1774 3545 1833 τῶν
3574 1776 3663 1848 ἔρ-

421 1867 621 1921 mentis
667 1866 925 1931 liberam;
976 1864 1279 1935 cingulum,
1335 1867 1455 1917 tuta
1497 1859 1692 1916 mentis
1717 1858 1982 1925 consilia;

2087 1879 2227 1933 γων·
2257 1863 2356 1936 τὴν
2386 1864 2444 1919 δὲ
2475 1864 2673 1936 ζώνην,
2701 1864 2763 1918 τὸ
2783 1864 3174 1932 ἁσφαλίζεσθαι
3196 1866 3295 1936 τῆς
3324 1865 3565 1930 διανοίας
3592 1866 3662 1919 τά

414 1958 715 2020 amictum,
751 1955 1004 2011 demissis
1029 1956 1202 2009 oculis
1237 1956 1290 2008 in
1324 1953 1551 2008 veritate
1584 1961 1762 2018 stare;
1799 1949 1981 2004 annil-

419 2049 521 2113 las,
573 2046 708 2100 nihil
752 2046 896 2121 quod
945 2045 1243 2099 absurdum
1301 2043 1395 2105 sit,
1446 2041 1657 2107 facere;
1712 2049 1984 2110 torquem,

413 2135 627 2192 (licendi
672 2137 725 2191 in
755 2136 898 2190 bono
926 2135 1264 2195 libertatem;
1316 2133 1542 2198 rotulas,
1596 2131 1984 2200 obsequentem

399 2226 517 2298 legi
545 2226 824 2293 animum;
852 2240 1112 2280 coronam
1140 2223 1478 2295 gloriationis
1498 2263 1513 2289 ,
1545 2222 1637 2277 Dei
1667 2220 1986 2292 promissio-

396 2332 563 2385 -nem,
598 2331 762 2388 quam
794 2325 939 2373 recte
966 2314 1254 2385 agentibus
1281 2312 1598 2371 destinavit.

487 2497 555 2553 Et
583 2497 726 2552 cinxt'
750 2506 800 2551 te
823 2496 976 2567 bysso
1005 2497 1072 2552 “.
1125 2496 1359 2553 Omnino
1400 2495 1595 2566 byssus
1632 2494 1876 2551 veritatis
1903 2509 1988 2549 ve-

404 2600 596 2657 itaque
642 2585 910 2647 castitatis
962 2585 1269 2657 symbolum
1318 2593 1443 2652 est;
1478 2599 1544 2645 ac
1592 2584 1637 2638 si
1684 2584 1873 2640 dicat:
1910 2583 1986 2640 Te

415 2677 550 2741 mihi
579 2676 746 2733 ascivi
775 2691 1098 2746 mecumque
1127 2676 1280 2741 duxi,
1330 2683 1392 2735 ιιι
1415 2675 1572 2745 quasi
1603 2675 1763 2731 vilem
1794 2690 1987 2744 quam-

412 2769 538 2825 dam
568 2767 946 2831 mulierculam
993 2765 1353 2830 inverecunde
1393 2765 1717 2829 discinctam
1751 2765 1987 2825 circum-

411 2853 691 2909 ducerem.

478 2942 755 3012 Ejusdem.
820 2942 1096 2998 Amictum
1146 2942 1259 3006 illic
1313 2957 1533 3013 quoque
1581 2942 1986 3013 hemipltorium

414 3035 600 3105 (quasi
632 3034 795 3099 breve
823 3034 1124 3104 palliolum)
1155 3034 1305 3095 dicit.
1343 3033 1695 3105 Tricltaptum
1720 3035 1883 3091 etiam
1911 3036 1986 3100 ibi

412 3134 621 3185 vestem
649 3141 785 3188 auro
812 3134 1012 3182 textam
1045 3126 1195 3180 dicit.

2089 1952 2430 2026 βουλεύματα
2448 1971 2464 1987 ο
2484 1955 2824 2026 περιϐόλαιον
2850 1956 2927 2020 δὲ,
2956 1955 3018 2008 τὸ
3040 1956 3188 2015 κάτω
3207 1956 3426 2013 νεύοντα
3450 1958 3543 2017 ἐπὶ
3559 1957 3660 2027 τῆς

2087 2045 2342 2112 ἀληθείας
2372 2047 2687 2116 ὲστηκέναι·
2714 2046 2788 2100 τὰ
2820 2047 2876 2100 δὲ
2895 2047 3106 2118 ψέλλια,
3135 2048 3197 2101 τὸ
3219 2051 3293 2120 μή
3323 2065 3376 2102 τι
3401 2048 3507 2107 ⁴νῶν
3534 2049 3662 2103 ἀτόο

2087 2154 2204 2191 πων
2229 2137 2487 2208 πράττειν
2507 2154 2520 2167 ο
2556 2136 2772 2207 κάθεμα
2792 2138 2874 2202 δὲ.
2905 2138 3002 2209 τὴν
3032 2138 3125 2191 ἐπὶ
3158 2138 3238 2209 τῷ
3258 2138 3408 2209 καλῷ
3441 2142 3658 2211 παρρη-

2088 2230 2206 2285 σίαν
2224 2247 2238 2262 ·
2266 2230 2587 2305 τροχίσκους
2610 2230 2692 2295 δὲ,
2719 2230 2819 2301 τὴν
2844 2232 2974 2302 περὶ
3006 2230 3097 2285 τὸν
3126 2231 3290 2302 νόμον
3317 2230 3622 2289 εὐπείθειαν
3641 2248 3654 2262 ·

2087 2320 2347 2391 στέφανον
2370 2321 2427 2375 δὲ
2459 2322 2796 2393 καυχήσεως,
2815 2322 2913 2394 τὴν
2945 2321 3038 2379 τοῦ
3063 2321 3199 2382 θεοῦ
3214 2322 3568 2393 ἐπαγγελίαν,
3592 2323 3662 2395 ἢν
3737 2344 3741 2346 ν

2084 2415 2196 2477 τοῖς
2222 2411 2578 2485 κατορθοῦσιν
2604 2412 2900 2485 ἀφώρισεν.

2155 2499 2265 2554 Kal
2301 2500 2490 2561 ἐζωσὰ
2520 2518 2594 2555 σε
2625 2502 2863 2566 βύσσῳ.
2898 2500 3170 2572 Σύμϐολον
3199 2500 3297 2572 τῆς
3323 2500 3582 2571 ἀληθείας
3624 2504 3659 2572 η

2087 2588 2283 2661 βύσσος
2314 2592 2532 2657 πάντως
2575 2593 2670 2645 καὶ
2699 2592 2798 2664 τῆς
2847 2591 3078 2665 ἀληθοῦς
3123 2592 3501 2662 σωφροσύνηςο
3538 2593 3661 2646 ἀντί

2086 2680 2214 2745 τοῦ,
2268 2682 2533 2754 ᾯκείωσά
2585 2700 2668 2750 σε,
2718 2683 2969 2755 καθάπερ
3014 2681 3136 2742 τινὰ
3184 2686 3419 2752 γυναῖκα
3470 2683 3659 2757 εὐτελῆ

2087 2772 2413 2846 ἀσχημόνως
2444 2773 2686 2845 ἄζωστον
2721 2775 3025 2847 περιάγειν.

2160 2946 2275 3003 Τοῦ
2304 2947 2512 3003 αὐτοῦ.
2546 2949 2897 3021 Περιόόλαιον
2940 2948 2999 3003 δὲ
3048 2949 3213 3004 κάκεῖ
3246 2949 3308 3003 τὸ
3344 2949 3656 3021 ήμιφόριον.

2086 3035 2396 3110 Τρίχαπτον
2427 3038 2485 3093 δὲ
2508 3040 2669 3093 κάκεῖ
2693 3039 2754 3093 τὸ
2780 3039 2890 3095 ἀπὸ
2906 3039 3110 3112 χρυσοῦ
3133 3040 3655 3113 κατεσκευασμένον.

487 3216 762 3285 Eiusdem.
823 3216 925 3272 Dat
970 3215 1111 3271 Deus
1159 3216 1402 3272 armillas
1432 3218 1484 3271 in
1519 3233 1714 3274 manus
1767 3221 1982 3289 animai,

2157 3215 2272 3270 Τοῦ
2295 3216 2503 3273 αὑτοῦ.
2536 3217 2759 3273 Δίδωσιν
2788 3220 2818 3272 6
2846 3219 2981 3284 Θεὸς
3014 3219 3204 3292 ψέλλια
3236 3221 3327 3273 ἐπὶ
3350 3220 3447 3284 τὰς
3472 3222 3659 3292 χεῖρας

404 3309 736 3365 occasiones
766 3324 959 3378 nempe
988 3309 1254 3363 bonorum
1303 3324 1549 3378 operum,
1583 3311 1726 3367 sicut
1770 3320 1825 3367 et
1865 3314 1981 3383 ipsa

395 3415 580 3471 {opera
615 3400 812 3459 virtute
845 3398 1082 3470 Spiritus
1124 3400 1320 3457 sancti.
1376 3398 1516 3463 Sunt
1563 3403 1707 3463 enim
1758 3405 1984 3466 armilla:

396 3492 716 3564 symbolum
736 3493 993 3551 actionis.

466 3581 760 3652 Ejusdem.
802 3579 1014 3647 lnauris
1047 3583 1192 3643 circa
1228 3598 1409 3650 nares,
1436 3593 1520 3641 est
1548 3585 1871 3645 suaveolens
1895 3600 1986 3645 ve—

399 3689 585 3747 itaque
612 3675 993 3747 mysteriorum
1018 3676 1262 3733 scientia.

489 3767 763 3838 Ejusdem.
807 3767 1018 3845 llotulze
1045 3782 1208 3837 super
1230 3782 1391 3829 aures
1411 3808 1426 3831 ,
1457 3768 1603 3822 velut
1629 3768 1838 3826 inauris
1866 3785 1984 3825 ma-

398 3874 519 3929 -gna
546 3873 734 3923 aurea,
757 3858 940 3923 divina
969 3869 1097 3911 sunt
1116 3858 1354 3927 eloquia,
1381 3873 1447 3917 ex
1475 3861 1677 3929 quibus
1706 3876 1862 3923 mens
1889 3878 1982 3918 ve-

398 3950 591 4007 ritatis
613 3950 893 4005 scientiam
926 3949 1030 4007 sibi
1059 3950 1278 4005 conﬁat.

561 4038 835 4109 Ejusdem.
895 4037 1109 4103 Corona
1149 4040 1489 4110 gloriationis
1510 4083 1526 4107 ,
1577 4051 1661 4099 est
1687 4042 1836 4105 omni
1865 4043 1984 4102 labe

389 4146 606 4194 «carens
630 4147 799 4201 opus,
830 4131 1076 4195 doctrina
1105 4132 1347 4193 veritatis
1381 4133 1700 4203 perfectum.

491 4222 758 4291 Ejusdem.
796 4221 1030 4278 Mittulus
1059 4237 1195 4277 auro
1220 4234 1552 4302 argentoque
1579 4224 1865 4301 conﬂatus,
1896 4227 1984 4285 ille

392 4327 495 4372 est
516 4332 676 4386 quem
701 4330 733 4369 ο
750 4315 949 4377 divinis
976 4315 1263 4377 sententiis
1290 4332 1355 4377 ac
1376 4318 1549 4377 sacris
1574 4318 1805 4388 eloquiis
1830 4335 1984 4379 mens

392 4412 516 4464 sibi
547 4416 846 4477 comparat.

2084 3306 2184 3379 τῆς
2214 3307 2410 3379 ψυχῆς,
2445 3308 2701 3380 ἀφορμὰς
2730 3310 2839 3365 τῶν
2870 3310 3090 3381 ἀγαθῶν
3134 3312 3405 3384 πράξεων,
3445 3313 3521 3376 ὡς
3566 3313 3662 3366 καὶ
3697 3339 3701 3344 ι

2084 3396 2255 3463 αὐτὰς
2283 3398 2380 3465 τὰς
2413 3399 2638 3472 πράξεις
2663 3402 2728 3472 τῇ
2761 3400 2986 3473 δυνάμει
3011 3401 3105 3456 τοῦ
3139 3404 3295 3472 ἁγίου
3326 3404 3655 3474 Πνεύματος.

2084 3492 2360 3564 Σύμϐολον
2388 3494 2498 3567 γὰρ
2524 3496 2775 3569 πράξεως
2804 3496 2871 3553 τὰ
2902 3496 3115 3575 ψέλλια.

2160 3585 2272 3650 Τοῦ
2317 3589 2522 3649 αὐτοῦ.
2582 3590 2831 3647 Ἐνώτιόν
2861 3592 2977 3649 ἐστι
3023 3591 3150 3662 περὶ
3174 3590 3265 3645 τὸν
3311 3590 3581 3663 μυκτῆρα,
3622 3593 3657 3663 ἡ

2083 3676 2418 3750 εὐωδεστάτη
2449 3679 2557 3733 τῶν
2592 3682 2905 3753 μυστηρίων
2935 3681 3140 3753 ἀληθὴς
3172 3683 3394 3751 γνῶσις.

2161 3768 2269 3822 Τοῦ
2294 3768 2499 3823 αὐτοῦ.
2526 3770 2816 3841 Τροχίσκοι
2842 3771 2899 3831 δὲ
2925 3773 3050 3844 περὶ
3081 3773 3143 3825 τὸ
3166 3770 3277 3835 οὖς,
3304 3766 3416 3826 οἷον
3444 3773 3660 3828 ἐνώτιον

2088 3857 2233 3928 μέγα
2256 3859 2510 3930 χρυσοῦν,
2539 3860 2607 3916 τὰ
2630 3861 2749 3921 θεῖα
2768 3860 2944 3935 λόγια,
2976 3861 3035 3926 ἐξ
3063 3855 3138 3921 ὧν
3162 3863 3190 3915 6
3218 3861 3343 3926 νοῦς
3374 3866 3663 3934 συγκροτεί

2083 3948 2262 4019 ἑαυτῷ
2288 3949 2387 4020 τὴν
2416 3950 2517 4020 τῆς
2550 3950 2809 4021 ἀληθείας
2834 3951 3059 4020 γνῶσιν.

2160 4038 2270 4093 Τοῦ
2305 4041 2512 4104 αὐτοῦ.
2550 4042 2819 4110 Στέφανος
2858 4041 3179 4114 καυχήσεώς
3216 4045 3331 4099 ἐστι
3370 4044 3432 4101 τὸ
3476 4045 3662 4099 ἀνεπί-

2086 4130 2289 4202 ληπτον
2312 4132 2491 4205 ἔργον,
2514 4135 2774 4206 δόγμασιν
2803 4136 3058 4206 ἀληθείας
3084 4137 3518 4209 τετελειωμένον.

2158 4222 2269 4278 Τοῦ
2309 4224 2518 4280 αὑτοῦ.
2554 4226 2773 4296 Κόσμος
2807 4226 2955 4280 ἐστὶν
2992 4227 3059 4280 ὲκ
3090 4226 3310 4298 χρυσίου
3348 4228 3442 4281 καὶ
3491 4228 3661 4301 ἀργυ-

2087 4310 2223 4383 ρίου,
2246 4315 2274 4365 ὀ
2306 4315 2369 4367 ὲκ
2393 4315 2679 4385 νοημάτων
2711 4316 2871 4377 θείων
2901 4317 2994 4373 καὶ
3021 4316 3193 4386 λόγων
3222 4316 3385 4389 ἱερῶν
3418 4319 3662 4373 συνιστά⁹

2089 4421 2248 4474 μενος
2277 4404 2356 4474 τῷ
2399 4406 2729 4477 ἡγεμονικῷ.

485 4498 757 4569 Ejusdem.
818 4495 1109 4568 Τρίχαπτα
1157 4506 1318 4562 sunt,
1365 4512 1432 4556 ac
1467 4497 1514 4554 si
1538 4498 1771 4563 diceret,
1819 4516 1979 4556 sensa

2162 4492 2273 4547 Τοῦ
2319 4493 2524 4548 αὑτοῦ.
2581 4494 2867 4566 Τρίχαπτά
2913 4496 3083 4560 ἐστιν,
3134 4492 3247 4551 οἷον
3291 4496 3426 4550 ὡσεὶ
3482 4497 3659 4566 ἔλεγε,

400 4590 566 4647 valde
593 4589 761 4647 densa
781 4627 796 4652 ,
845 4586 1111 4656 profunda
1134 4626 1150 4652 ,
1198 4588 1283 4641 vel
1309 4589 1457 4641 varia
1482 4589 1552 4643 ob
1577 4589 1788 4646 diversa
1813 4590 1983 4647 virtu-

410 4695 526 4740 tum
564 4696 785 4752 genera.

380 4806 383 4813 η
482 4773 638 4844 431
683 4772 752 4826 Et
786 4774 1054 4827 incensum
1076 4770 1141 4823 ⁸³.
1179 4768 1464 4825 lncensum
1497 4779 1549 4827 et
1579 4770 1780 4839 oleum,
1813 4788 1876 4827 ea
1899 4782 1983 4828 est

398 4866 588 4919 oratio
616 4879 738 4932 quas
757 4864 823 4919 ad
845 4863 1015 4919 Deum
1042 4877 1166 4917 cum
1198 4860 1422 4921 scientia
1449 4862 1712 4925 emittitur
1731 4878 1762 4918 e
1780 4873 1977 4929 mente,

412 4964 466 5013 et
495 4969 600 5024 qua
635 4952 774 5009 Deus
804 4954 1121 5010 delectatur.

486 5046 554 5100 Et
588 5045 898 5107 divaricasti
928 5061 1085 5102 crura
1116 5056 1209 5100 tua
1231 5046 1374 5099 omni
1414 5046 1708 5099 transeunti
1737 5046 1803 5099 ⁸ο.
1834 5046 1974 5102 Cru-

406 5139 557 5195 rium
612 5137 835 5195 nomine
885 5144 1090 5195 motum
1145 5137 1459 5204 subinnuit,
1528 5152 1639 5207 quo
1702 5145 1845 5193 mota
1894 5146 1980 5193 est

412 5246 568 5287 meus
595 5229 650 5284 in
674 5242 892 5283 omnem
922 5228 1231 5283 transitum.
1266 5227 1550 5284 Transitus
1572 5238 1749 5284 autem
1779 5228 1978 5287 dicitur

406 5324 464 5377 id
488 5325 635 5393 quod
663 5335 770 5375 non
791 5319 1041 5374 ambulat
1072 5321 1369 5375 secundum
1399 5321 1701 5375 veritatem.
1768 5319 1980 5378 Veritas

410 5415 555 5468 enim
584 5412 721 5467 dixit
745 5411 787 5442 ³¹
819 5429 833 5465 :
864 5408 979 5480 Ego
1000 5426 1120 5464 sum
1136 5411 1245 5464 uia.
1283 5408 1553 5480 Quidquid
1589 5410 1753 5481 igitur
1780 5426 1843 5465 ex
1879 5411 1977 5465 ad-

413 5519 569 5557 verso
599 5502 944 5573 intelligitur,
974 5502 1237 5557 transitus
1265 5501 1487 5556 dicitur.

484 5594 550 5647 Et
610 5593 877 5661 fornicata
934 5609 987 5646 es
1046 5591 1399 5661 triplict'ter".
1440 5590 1495 5647 Id
1530 5600 1614 5648 est
1647 5590 1977 5663 frequenter.

485 5705 531 5735 “
560 5702 758 5757 Ezech.
794 5721 905 5768 xvi,
935 5704 988 5759 9.
1068 5706 1111 5737 ⁵⁵
1140 5704 1271 5759 ibid.
1370 5705 1416 5736 ‘°
1443 5705 1574 5761 ibid.
1612 5705 1699 5762 10.

410 5773 458 5807 ⁸³
485 5772 683 5827 Ezech.
718 5790 806 5827 va
831 5816 842 5839 ,
872 5774 960 5829 '25.

1799 5705 1843 5737 ⁸⁷
1868 5703 2000 5760 ibid.
2100 5704 2144 5736 “
2171 5704 2311 5760 ibid.
2353 5703 2559 5759 "ibid.
2584 5701 2671 5758 18.

2087 4583 2290 4655 σφόδρα
2332 4584 2484 4654 ἰσχνά
2526 4585 2786 4655 νοήματα,
2818 4584 3006 4661 βαθέα,
3041 4587 3075 4657 ἢ
3115 4587 3333 4645 ποικίλα
3366 4586 3423 4641 δὲ
3464 4587 3552 4642 διά
3586 4586 3659 4646 τὰ

2082 4676 2313 4746 διάφορα
2335 4677 2450 4748 εἴδη
2476 4678 2574 4747 τῆς
2602 4679 2822 4751 ἀρετῆς.

2099 4832 2103 4835 τ
2152 4766 2261 4819 Kal
2287 4766 2350 4819 τὸ
2377 4767 2658 4835 θυμίαμα.
2692 4767 2952 4840 Θυμίαμα
2972 4769 3065 4822 καὶ
3087 4768 3261 4823 ἔλαιόν
3286 4771 3432 4824 ἐστιν
3457 4772 3491 4840 ἡ
3520 4768 3658 4840 μετὰ

2081 4858 2336 4928 γνώσεως
2379 4861 2811 4933 ἀναπεμπομένη
2858 4861 3132 4934 προσευχὴ
3166 4861 3246 4933 τῷ
3292 4860 3413 4932 Θεῷ
3455 4864 3519 4915 ὲκ
3562 4860 3658 4914 τοῦ

2084 4948 2196 5016 νοῦ,
2299 4950 2580 5022 συνήδεται
2603 4950 2752 5014 Θεός.

2153 5042 2262 5096 Καὶ
2293 5041 2573 5113 διήγαγες
2606 5042 2678 5099 τὰ
2709 5042 2904 5111 σκέλη
2929 5058 3046 5098 σου
3082 5043 3261 5099 παντὶ
3296 5044 3368 5097 ἐν
3398 5042 3656 5111 παρόδῳ.

2084 5133 2196 5203 Τὴν
2225 5132 2436 5202 κίνησιν
2482 5133 2577 5185 τοῦ
2609 5131 2702 5186 νοῦ
2732 5132 2949 5203 ᾐνίξατο
2992 5132 3078 5186 διὰ
3112 5133 3205 5186 τοῦ
3237 5132 3479 5196 σκέλους,
3520 5134 3578 5186 έν
3608 5124 3659 5199 ᾧ

2085 5222 2307 5294 ἐκινήθη
2341 5225 2422 5287 εἰς
2461 5224 2640 5276 πᾶσαν
2674 5223 2925 5295 πάροδον.
2969 5222 3208 5295 Πάροὸος
3244 5222 3301 5275 δὲ
3331 5222 3571 5291 λέγεται,
3598 5220 3660 5273 τὸ

2090 5314 2164 5387 μὴ
2186 5314 2366 5368 ὁδεῦον
2393 5315 2532 5369 κατὰ
2560 5315 2657 5385 τὴν
2689 5315 2977 5387 ἀλήθειαν
3012 5316 3045 5386 ἠ
3081 5314 3187 5387 γὰρ
3216 5315 3442 5387 ἀλήθεια
3482 5311 3656 5379 εἶπεν,

2086 5409 2188 5472 ὅτι,
2219 5406 2356 5476 Ἐγώ
2382 5409 2497 5477 ειμι
2518 5408 2557 5476 ἡ
2583 5407 2741 5474 ὁδός.
2767 5409 2880 5462 Πᾶν
2904 5402 2995 5462 οῦν
3018 5407 3079 5460 τὸ
3104 5407 3411 5474 ἐξεναντίας
3432 5405 3661 5477 νοούμε-

2088 5516 2176 5551 νον
2211 5497 2438 5568 πάροδος
2469 5497 2704 5566 λέγεται.

2156 5590 2265 5646 Kal
2282 5590 2724 5658 ἐξεπόρνευσας
2743 5589 3022 5658 τρισσῶς.
3040 5591 3185 5644 ’Δντὶ
3209 5589 3326 5656 τοῦ,
3355 5584 3623 5659 πολλαχοῦ
3637 5599 3657 5618 ⁸

2776 5703 2822 5735 ⁸⁰
2856 5702 2988 5758 ibid.
3020 5702 3109 5759 25.
3197 5706 3240 5738 "
3265 5702 3423 5760 Joan.
3457 5717 3569 5768 xw,
3597 5700 3658 5760 θ.
