4094 6290
462 430 565 485 815

1649 411 1957 468 SELECTA
1998 411 2062 466 ΙΝ
2098 411 2548 466 EZECllIELEM.

3593 411 3696 475 814

462 545 512 599 oi
541 545 650 613 γάρ
672 541 816 612 τρεῖς
854 536 1028 608 χρόνοι
1062 533 1141 596 είς
1175 533 1352 586 πάντα
1384 529 1553 586 αἰῶνα
1581 527 2027 598 παραλαμϐάνον-

2132 525 2346 595 Triplex
2396 526 2540 579 enim
2586 534 2798 594 tempus
2841 539 2938 594 pro
2988 527 3134 580 omni
3185 527 3384 581 saeculo
3438 530 3696 588 sumitur.

463 651 766 789 ταὲόδομα
805 719 843 786 ἡ
881 714 1116 784 ἀδελφή
1161 729 1298 768 σου.
1353 712 1562 781 Σόδομα
1615 708 1879 780 σύμϐολον
1931 703 2031 777 τῆς

468 811 768 885 πρακτικῆς
792 807 1013 871 κακίας,
1037 807 1156 876 ἤτοι
1192 801 1291 875 τῆς
1318 803 1405 856 διὰ
1440 800 1640 872 σαρκὸς
1666 798 1958 870 ἁμαρτίας.

530 989 689 1055 Αὕτη
723 987 822 1042 καὶ
853 990 912 1042 al
947 981 1260 1056 θυγατέρες
1292 980 1502 1050 αὐτῆς.
1534 980 1844 1050 Θυγατέρες
1873 977 2028 1031 Σοδό-

465 1098 576 1154 μων
607 1080 714 1133 eici.
735 1079 906 1149 ψυχαὶ
936 1078 1010 1148 μὴ
1043 1074 1330 1148 μαθοῦσαι,
1361 1073 1463 1138 ὅτι,
1490 1071 1616 1138 Πᾶς
1639 1075 1670 1126 ό
1691 1068 1866 1138 ὑψῶν
1895 1068 2030 1120 ἐαυ-

455 1171 565 1227 τὸν
582 1167 1102 1236 ταπεινωθήσεται.
1119 1161 1433 1236 Θυγατέρας
1447 1163 1502 1218 δὲ
1528 1161 1698 1232 αὐτῆς
1719 1160 1817 1223 τὰς
1838 1157 2028 1218 λοιπὰς

459 1265 607 1334 λέγει
632 1263 836 1326 πόλεις.

527 1352 730 1428 Τηρῶν
750 1355 806 1407 ἐν
829 1351 895 1424 τῇ
925 1349 1112 1424 Γραφῇ
1137 1344 1238 1422 τὴν
1270 1347 1533 1420 διαφορὰν
1562 1343 1668 1400 τῶν
1699 1345 2027 1418 ἁμαρτημά-

460 1465 588 1512 των,
621 1445 830 1520 μικρῶν
855 1461 914 1499 τε
943 1446 1038 1498 καὶ
1073 1442 1345 1515 μεγάλων,
1378 1439 1442 1494 τὸ
1469 1439 1765 1512 ἀκρότατον
1800 1438 1900 1508 τῆς
1927 1454 2027 1491 κα-

462 1541 584 1604 κίας
609 1533 951 1610 ὑπερηφανία
995 1535 1134 1600 ἐστὶ,
1163 1529 1225 1587 τὸ
1259 1531 1432 1596 πάθος
1461 1529 1553 1584 τοῦ
1583 1527 1889 1600 ἀρχεκάκου
1909 1544 1923 1556 ·
1949 1527 2028 1591 είς

463 1631 527 1702 ἢν
555 1629 648 1684 καὶ
680 1628 730 1682 oi
755 1625 1035 1700 Σοδομῖται
1065 1621 1374 1696 φαίνονταιο
1408 1618 1504 1676 καὶ
1535 1617 1692 1673 τοῦτο
1719 1618 1888 1689 ζήτει.

1075 1803 1126 1856 Κ
1137 1802 1177 1855 Ε
1193 1799 1254 1854 Φ.
1302 1797 1403 1854 IZ'.

2206 719 2438 773 Sodoma
2469 735 2620 772 soror
2648 728 2736 772 tua
2754 720 2843 772 δ”.
2871 717 3105 773 Sodoma
3134 719 3302 788 ﬁgura
3327 727 3409 774 est
3431 720 3550 787 ejus
3573 736 3696 787 pra—

2132 810 2315 864 vitatis
2355 825 2476 879 qua!
2503 810 2556 863 in
2587 809 2801 864 aetione
2847 809 3126 875 consistit,
3177 825 3271 864 seu
3316 810 3520 880 peccati
3553 813 3696 880 quod

2131 909 2293 956 Carne
2321 910 2684 970 perpetratur.

2204 989 2334 1043 Hazc
2380 1002 2429 1043 et
2457 987 2586 1057 ﬁlia:
2623 988 2737 1057 ejus
2771 987 2839 1043 ⁵⁸.
2888 987 3037 1043 Filiae
3085 987 3448 1043 Sodomorum
3503 981 3697 1045 animae

2131 1089 2278 1144 sunt,
2320 1091 2443 1148 quae
2498 1093 2603 1132 non
2640 1077 2942 1133 didicerunt
2977 1097 2990 1132 :
3030 1076 3214 1133 Omnis
3261 1081 3351 1148 qui
3389 1096 3444 1132 se
3469 1080 3692 1143 exn/tat,

2129 1169 2500 1226 humiliabitur
2515 1166 2581 1221 ⁸⁵.
2608 1165 2774 1224 Filias
2805 1178 2984 1225 autem
3029 1171 3148 1240 ejus
3181 1170 3419 1240 reliquas
3449 1168 3698 1226 civitates

2130 1263 2380 1333 appellat.

2200 1353 2256 1407 Si
2282 1354 2536 1410 observes
2566 1354 2619 1408 in
2654 1352 2934 1422 Scriptura
2966 1341 3322 1406 diﬂ'erentiam
3351 1357 3696 1421 peCcatornm

2128 1442 2402 1498 minorum
2432 1446 2636 1514 pariter
2660 1451 2823 1512 atque
2850 1442 3140 1507 maiorum,
3166 1441 3380 1495 malitiae
3408 1443 3697 1497 summitas

2129 1535 2382 1605 superbia
2408 1541 2512 1602 est,
2545 1533 2718 1604 ipsius
2747 1533 3014 1587 malorum
3047 1532 3286 1586 auctoris
3311 1531 3460 1588 labes
3488 1551 3502 1588 :
3538 1533 3697 1603 cujus

2129 1625 2293 1680 etiam
2345 1622 2640 1681 Sodomin
2705 1620 2946 1692 praebent
2997 1618 3292 1690 specimen.
3361 1621 3538 1690 Atque
3593 1622 3697 1676 hoc

2130 1731 2331 1788 quaere.
2971 1793 2976 1796 _

2697 1801 2924 1859 CAPUT
2963 1799 3124 1855 XVII.

521 1894 710 1950 Εἰπὸν
744 1893 821 1963 δὴ
863 1893 1014 1963 πρὸς
1051 1891 1158 1947 τὸν
1205 1887 1376 1945 οἷκον
1417 1886 1665 1956 Ἰσραὴλ
1699 1886 1808 1941 τὸν
1837 1899 2024 1956 παρα-ι

2197 1900 2299 1954 Dic
2326 1914 2462 1953 nunc
2489 1898 2558 1951 ad
2585 1893 2835 1966 populum
2854 1893 3025 1948 Israel
3049 1896 3446 1962 exasperantem
3461 1893 3528 1946 ⁸⁸.
3554 1885 3696 1948 Exa-

459 1985 857 2053 πικραίνοντα.
887 1980 1358 2056 Παραπικρασμός
1381 1978 1526 2032 ἐστιν
1551 1976 1794 2050 ἁμαρτία
1809 1994 1826 2008 ·
1850 1976 2022 2050 πικρά

458 2075 565 2144 γὰρ
591 2073 806 2143 λέγεται
830 2072 899 2126 τά
929 2072 1180 2126 ἐπίπονα.

539 2161 663 2215 Ἐπὶ
716 2159 1121 2230 Ἰερουσαλήμ.
1189 2155 1541 2230 Ἰερουσαλήμ
1591 2155 1709 2208 ἐστι
1760 2148 2024 2224 σύμϐολον

456 2251 558 2322 τῆς
594 2250 865 2320 γνώσεως,
914 2250 1140 2320 καὶτῆς
1186 2249 1349 2318 ἁγίας
1415 2245 1741 2316 Ἐκκλησίας
1783 2243 1878 2299 καὶ
1929 2244 2027 2313 τῆς

457 2343 674 2415 ἀρετῆς.
715 2341 796 2395 Τά
828 2341 956 2412 τρία
993 2341 1051 2394 ἐν
1079 2340 1160 2393 ἐνὶ
1189 2338 1457 2412 πρόσωπά
1477 2339 1642 2391 ἐστιν.
1685 2337 1744 2389 '0
1774 2337 1830 2389 ἐν
1851 2334 2027 2404 ταύτῃ

455 2433 550 2498 ὢν,
578 2435 671 2487 καὶ
691 2435 757 2504 τῇ
781 2432 1026 2504 ἁμαρτίᾳ
1052 2431 1267 2494 ἐπιδοὺς
1295 2429 1509 2493 ἑαυτὸν,
1536 2427 1698 2482 τόπον
1725 2421 2026 2479 ὲπεδέδωκε

454 2524 703 2596 διαϐόλῳ,
751 2522 828 2594 τῷ
867 2522 1045 2594 νοητῷ
1081 2521 1573 2592 Ναϐουχοδονόσορ,
1605 2517 1856 2589 ἐπιϐῆναι
1905 2515 2026 2570 κατ’

455 2614 641 2680 αὐτοῦ,
680 2615 772 2668 καὶ
807 2613 1055 2668 καθελεῖν
1093 2613 1153 2667 τὸ
1200 2616 1380 2683 τεῖχος
1436 2609 1788 2682 Ἰερουσαλὴμ
1843 2609 2026 2680 κύκλῳ

459 2709 575 2778 (τὴν
598 2709 697 2778 τῆς
718 2707 1042 2778 ἐγκρατείας
1068 2704 1335 2776 ἀγωγὴν),
1369 2704 1455 2758 διὰ
1477 2699 1571 2756 τοῦ
1601 2701 2025 2774 ἀρχιμαγείρου,

453 2797 551 2850 τοῦ
583 2795 853 2865 ἀκρατοῦς
901 2795 1044 2865 βίου·
1082 2797 1178 2849 καὶ.
1217 2793 1459 2864 παντελῆ
1497 2791 1874 2864 αἰχμαλωσίαν
1918 2791 2027 2845 ἀπὸ

470 2884 840 2956 Ἰερουσαλὴμ,
891 2885 992 2955 τῆς
1035 2885 1257 2957 ἀρετῆς,
1295 2884 1413 2951 ἄξει
1458 2884 1538 2947 είς
1567 2881 1879 2947 Βαϐυλῶνα,
1932 2883 2026 2935 καὶ

457 2973 709 3045 ιίυτεύσει
730 2978 810 3040 είς
830 2978 1068 3031 Χαναὰν.

523 3066 632 3121 Kal
661 3065 880 3130 εισάεω
910 3066 1098 3120 αὐτὸν
1135 3067 1206 3120 ἐν
1245 3064 1377 3134 ἀρᾷ.
1428 3066 1486 3118 '0
1513 3064 1756 3129 διάὄολος
1793 3063 2026 3132 εἰσάγων

456 3157 536 3219 είς
559 3155 657 3227 τὴν
688 3156 949 3227 διαθήκην
978 3154 1164 3220 αὐτοῦ,
1195 3155 1287 3219 οὒς
1313 3155 1541 3223 εἰσάγει,
1565 3156 1623 3207 ὲν
1655 3155 1765 3226 ἀρᾷ
1795 3153 2025 3222 εἰσάγει·

455 3245 593 3317 ἀρὰν
625 3244 733 3315 γὰρ
764 3246 859 3309 τὰς
888 3245 1157 3318 συνθήκας
1188 3244 1397 3300 καὶτὸν
1427 3246 1588 3314 ὅρκον
1625 3244 1778 3313 φησί.

531 3419 625 3486 ’οξ
659 3419 918 3490 ἠτίμωσε
956 3420 1071 3488 τὴν
1111 3419 1264 3488 ἀράν
1289 3436 1430 3488 μου.
1479 3418 1756 3490 Ἀτιμάζει
1797 3435 1880 3482 τις
1929 3418 2028 3490 τὴν

458 3513 594 3584 ἀρὰν
626 3512 716 3565 τοῦ
748 3511 880 3565 Θεοῦ
926 3515 954 3566 ὁ
987 3511 1059 3583 μὴ
1095 3513 1379 3582 ὑπομένων
1411 3511 1468 3565 ἐν
1499 3514 1564 3582 τῇ
1597 3507 1815 3582 παιδείᾳ
1921 3524 2028 3562 πα-

461 3604 739 3677 ραδίδωσιν
762 3605 790 3657 ὁ
812 3605 963 3670 Θεὸς,
995 3604 1130 3658 ἀλλά
1167 3603 1479 3676 προσελθὼν
1509 3605 1576 3673 τῇ
1620 3604 1684 3655 ἐκ
1707 3603 1808 3671 τῆς
1843 3602 2026 3672 ἀμαρ-

458 3697 576 3761 τίας
606 3696 926 3752 ἀναπαύσει.
951 3696 1042 3749 Διὸ
1072 3699 1100 3750 ό
1123 3695 1361 3760 τοιοῦτος
1384 3696 1485 3750 οὐκ
1510 3694 1849 3764 ἐκφεύξεται.

527 3878 635 3933 Καὶ
665 3879 934 3948 λήψομαι
959 3878 1074 3947 ἐγὼ
1099 3877 1170 3931 ἐκ
1207 3876 1326 3930 τῶν
1364 3875 1710 3929 ἐπιλέκτων.
1739 3874 1851 3928 Καὶ
1891 3875 2030 3945 μετὰ

457 3967 628 4021 ταῦτα
675 3968 913 4038 λήψομαι
953 3966 1064 4035 ἐγὼ
1101 3969 1164 4020 ὲκ
1193 3967 1299 4019 τῶν
1341 3966 1640 4019 ἐπιλέκτων
1671 3966 1771 4035 τῆς
1812 3966 2024 4037 κέδρου.

457 4059 611 4114 Μετά
649 4059 711 4112 τὸ
743 4057 1092 4128 παιδευθῆναι
1118 4058 1240 4120 τοὺς
1268 4057 1402 4127 αὐτῇ
1429 4055 1850 4127 παραδοθέντας,
1876 4055 2027 4108 ἔσται

457 4153 526 4205 τὰ
560 4151 911 4222 προκείμενα.
945 4150 1101 4204 Κατά
1137 4149 1236 4220 μὲν
1262 4149 1322 4201 τὸ
1352 4149 1512 4218 ῥητὸν
1534 4148 1626 4202 τοῦ
1655 4147 1784 4200 λαοῦ
1817 4148 2026 4200 ἐκείνου

459 4244 555 4314 τὴν
587 4241 919 4312 ἐπιστροφὴν
947 4239 1311 4311 προφητεύει⁸
1344 4240 1412 4293 τὰ
1439 4239 1495 4292 δὲ
1517 4240 1776 4292 ἐπίλεκτα
1807 4241 1903 4310 τῆς
1936 4240 2028 4293 κέ-

457 4334 582 4404 δρου
633 4334 769 4386 εἰσὶν
812 4336 860 4386 οἱ
907 4331 1194 4386 ἀπόστολοι
1234 4333 1329 4384 καὶ
1366 4333 1416 4382 οἱ
1449 4331 1839 4400 παραπλήσιοι,
1881 4331 1931 4382 οἱ
1967 4329 2028 4383 τὸ

467 4426 581 4477 κατ’
623 4422 849 4492 ἐκλογὴν
891 4422 1140 4492 σπέρμα·
1185 4419 1323 4474 κατὰ
1355 4421 1411 4474 δὲ
1450 4421 1546 4491 τὴν
1575 4419 1886 4491 ἀναγωγὴν,
1931 4420 2028 4492 τὴν

461 4511 927 4566 ἀνακαινισθεωαν
953 4509 1041 4564 διὰ
1073 4510 1173 4581 τῆς
1207 4508 1451 4572 παιδείας
1477 4509 1588 4576 ἕξιν
1619 4510 1830 4581 ἀγαθὴν
1867 4510 2028 4580 φύσιν

460 4601 629 4670 λέγει.

530 4690 969 4760 Καταφυτεύσω
998 4690 1090 4742 ἐπ’
1128 4690 1266 4758 ὄρος
1299 4692 1565 4759 ὑψηλόν.
1617 4693 1778 4763 Ὀρος
1819 4693 2025 4766 ὑψηλόν

461 4785 607 4837 ἐστιν
648 4784 682 4852 ἡ
711 4781 908 4850 γνῶσις
937 4781 1035 4852 τῆς
1075 4781 1348 4851 ἀληθείας,
1393 4785 1424 4836 ὁ
1461 4784 1713 4854 Χριστός.
1745 4785 1857 4839 Καὶ
1893 4802 2026 4854 κρε-

456 4871 630 4940 μὰσω
653 4870 840 4924 αὑτὸν
868 4870 938 4924 ἐν
967 4869 1086 4938 ὄρει
1107 4871 1401 4939 μετεώρῳο
1425 4872 1549 4944 ὅρος
1580 4874 1850 4948 μετέωρόν
1877 4877 2027 4930 ἐστιν

460 4965 490 5015 ὀ
526 4963 769 5033 οὐράνιος
799 4961 980 5025 τόπος,
1012 4961 1102 5014 καὶ
1135 4962 1168 5031 ἡ
1196 4961 1524 5032 κατάλληλος
1559 4962 1691 5028 ἕξις.

531 5053 638 5106 Kal
667 5054 837 5106 ἔσται
863 5055 952 5116 εὶς
984 5051 1196 5119 κέδρον
1217 5051 1507 5120 μεγάλην.
1545 5053 1655 5123 Τὴν
1705 5052 2028 5125 Ἐκκλησίαν

463 5139 631 5205 λέγει,
659 5145 752 5196 καὶ
775 5143 866 5196 τὸν
893 5142 1013 5198 κατ’
1035 5143 1203 5214 αὐτὴν
1223 5142 1399 5209 λόγον,
1429 5143 1516 5210 ὑφ’
1543 5141 1602 5194 ὃν
1629 5141 2030 5196 ἀναπαύσονταί

467 5247 592 5284 ποτε
613 5233 680 5285 τὰ
701 5232 985 5304 ἀκάθαρτα
1001 5233 1162 5304 ὄρνεα
1186 5232 1280 5285 καὶ
1303 5232 1371 5284 τὰ
1398 5232 1618 5285 πετεινά
1639 5233 1705 5286 τά
1725 5231 2028 5301 ἀκάθαρτα.

540 5324 651 5378 Τοῦ
686 5325 891 5379 αὑτοῦ.
941 5325 1000 5376 ’0
1051 5321 1347 5394 πτερωθεὶς
1397 5322 1504 5375 ὑπὸ
1551 5322 1660 5376 τῶν
1712 5322 1882 5390 λόγων
1932 5317 2025 5372 τοῦ

466 5411 600 5466 Θεοῦ
630 5413 994 5467 ἀναπαύσεται
1023 5413 1128 5466 ὑπὸ
1163 5411 1259 5483 τὴν
1294 5411 1533 5482 μεγάλην
1561 5412 1770 5480 κέδρον,
1797 5411 1892 5482 τὴν
1927 5429 2028 5481 φυ-

467 5502 743 5556 τευθεῖσαν
770 5503 872 5555 ὑπὸ
901 5507 993 5556 τού
1025 5501 1158 5556 Θεοῦ
1192 5505 1248 5556 ὲν
1289 5500 1369 5572 τῷ
1398 5501 1512 5572 ὄρει
1544 5501 1622 5572 τῷ
1656 5499 1860 5571 ὑψηλῷ.

539 5699 606 5731 ιν
639 5698 832 5755 Ezec‘b.
861 5717 970 5763 τινι,
999 5703 1087 5756 48.
1179 5701 1224 5733 ⁸³
1249 5701 1374 5756 ibid-

473 5766 518 5800 ⁸⁸
534 5768 661 5822 ibid.
689 5771 778 5821 22.
858 5771 922 5802 ’δ’
952 5772 1075 5826 ibid.
1151 5773 1195 5803 ⁸⁸
1223 5772 1351 5826 ibid.
1379 5771 1466 5826 9.5.
1547 5773 1585 5802 ⁸³
1609 5773 1740 5827 ibid.

2127 1989 2367 2061 speratio
2391 1996 2672 2058 peccatum
2703 1991 2805 2039 est.
2855 1982 3061 2052 Aspera
3082 1981 3225 2036 enim
3261 1982 3537 2050 dicuntur,
3574 1997 3696 2052 quas

2126 2080 2367 2137 laborem
2398 2093 2462 2133 ac
2487 2077 2728 2132 dolorem
2755 2074 2972 2128 habent.

2197 2169 2365 2239 Super
2387 2167 2687 2222 Jerusalem
2710 2166 2776 2219 ⁸⁸.
2801 2163 3102 2221 Jerusalem
3132 2157 3302 2233 [ignra
3347 2171 3429 2219 est
3455 2156 3696 2219 scientiae

2126 2269 2435 2329 sanctaeque
2461 2257 2716 2313 Ecclesiae
2739 2265 2792 2310 et
2814 2254 3046 2310 virtutis.
3066 2252 3200 2308 Tres
3227 2253 3282 2308 in
3307 2270 3416 2308 uno
3450 2265 3698 2323 persona:

2127 2359 2276 2408 sunt.
2335 2349 2442 2416 Qui
2479 2349 2534 2404 in
2561 2363 2625 2404 ea
2659 2355 2776 2410 est,
2810 2354 2864 2400 et
2905 2353 3125 2416 peccato
3175 2360 3234 2400 se
3281 2345 3479 2412 tradit,
3515 2345 3697 2400 locum

2127 2443 2223 2500 dat
2264 2435 2504 2506 diabolo,
2562 2435 2799 2508 spiritali
2845 2431 3407 2500 Nabuchodonosori,
3462 2443 3524 2490 ut
3568 2450 3696 2492 eum

2128 2531 2370 2597 invadat,
2425 2538 2477 2586 et
2529 2529 2714 2584 diruat
2764 2542 2983 2582 murum
3031 2524 3332 2583 Jerusalem
3362 2527 3418 2581 in
3461 2525 3695 2583 circuitu

2130 2625 2347 2697 (nempe
2397 2621 2749 2678 continentiae
2799 2617 3196 2688 disciplinam),
3227 2627 3324 2689 per
3367 2619 3695 2690 magistrum

2126 2727 2474 2784 coquorum,
2521 2711 2689 2765 vitam
2734 2709 2990 2764 videlicet
3036 2708 3514 2776 intemperantem,
3569 2708 3695 2764 uni—

2126 2809 2451 2870 versumque
2501 2797 2898 2868 captivitatem,
2953 2796 3021 2850 ab
3045 2791 3382 2860 Jerusalem,
3436 2795 3694 2852 nimirum

2127 2893 2348 2962 virtute,
2370 2889 2699 2960 Babylonem
2729 2887 2912 2952 ducat,
2946 2894 3000 2942 et
3029 2886 3233 2956 plantet
3257 2885 3312 2940 in
3338 2885 3622 2942 Chanaan.

2202 3069 2272 3124 Et
2316 3068 2650 3123 introducam
2686 3081 2804 3121 eum
2846 3065 2903 3118 in
2934 3060 3302 3118 maledictione
3318 3063 3384 3118 ".
3436 3057 3694 3119 Diabolus

2132 3159 2437 3215 inducenda
2479 3159 2534 3213 in
2564 3163 2946 3213 testamentum
2976 3169 3159 3222 suum,
3190 3170 3329 3225 quos
3364 3155 3603 3218 inducit,
3639 3156 3696 3209 in

2055 3237 2097 3296 (ἶ
2131 3249 2514 3306 maledictione
2558 3249 2784 3303 inducit.
2834 3245 3268 3301 Maledictionem
3322 3247 3468 3301 enim
3529 3255 3698 3302 testa-

2128 3350 2373 3397 mentum
2410 3347 2464 3394 et
2481 3338 2864 3410 jusjurandum
2888 3345 3061 3393 vocat.

2200 3430 2309 3495 Qui
2347 3429 2537 3498 sprevit
2579 3427 2999 3481 maledictionem
3048 3424 3304 3479 meam”.
3350 3423 3568 3494 Spernit
3601 3424 3694 3482 Dei

2129 3518 2564 3573 maledictionem
2634 3518 2681 3572 is
2717 3517 2813 3586 qui
2863 3527 2970 3571 neu
3022 3514 3256 3570 sustinet
3307 3513 3360 3566 in
3409 3514 3695 3583 disciplina

2127 3623 2294 3679 quam
2333 3607 2497 3662 tradit
2519 3606 2681 3672 Deus,
2715 3607 2810 3661 sed
2846 3606 2912 3660 ad
2954 3605 3194 3674 requiem
3228 3616 3351 3672 quae
3378 3619 3443 3657 ex
3474 3615 3696 3673 peccato

2129 3709 2234 3766 est,
2285 3698 2512 3754 accedit.
2567 3694 2911 3766 Quapropter
2955 3695 3048 3764 qui
3101 3694 3373 3763 ejusmodi
3421 3703 3536 3757 est,-
3585 3705 3693 3748 non

2129 3790 2368 3860 eﬂugiet.

2202 3882 2272 3936 Et
2304 3897 2511 3936 sumam
2549 3895 2640 3950 ego
2665 3879 2727 3932 de
2749 3877 2924 3932 electis
2949 3877 3012 3929 ⁸⁹.
3039 3875 3106 3929 Ει
3125 3883 3315 3945 postea
3340 3887 3551 3930 sumam
3592 3887 3697 3944 ego

2129 3973 2198 4028 de
2241 3975 2428 4028 electis
2476 3971 2644 4027 cedri.
2701 3968 2803 4023 Ubi
2855 3967 3103 4038 castigati
3144 3966 3348 4021 fuerint
3392 3967 3486 4036 qui
3531 3968 3697 4022 disci-

2134 4065 2294 4134 plinae
2353 4063 2538 4118 traditi
2589 4069 2746 4126 sunt,
2796 4074 2859 4112 ea
2909 4073 3031 4128 quae
3092 4059 3195 4112 hoc
3245 4059 3366 4114 loco
3414 4058 3694 4125 dicuntur,

2131 4163 2391 4210 eventura
2431 4161 2577 4208 sunt.
2635 4153 2715 4205 Ad
2771 4152 3006 4204 litteram
3048 4151 3268 4220 quidem
3320 4151 3465 4205 illius
3508 4153 3694 4221 populi

2129 4245 2360 4300 reditum
2403 4243 2728 4297 vaticinatur
2761 4241 2910 4311 (sunt
2953 4251 3133 4296 autem
3163 4242 3331 4296 electa
3361 4242 3530 4307 cedri,
3567 4257 3697 4312 apo-

2132 4333 2295 4398 stoli,
2337 4341 2499 4402 atque
2551 4331 2636 4386 bis
2678 4331 2918 4396 similes,
2963 4331 3124 4403 4.32
3163 4333 3394 4387 electum
3451 4333 3699 4388 videlicet

2131 4425 2373 4492 semen);
2412 4422 2708 4477 secundum
2757 4423 3044 4492 mysticum
3078 4439 3205 4478 vero
3243 4438 3485 4488 sensum,
3534 4439 3696 4479 reno—

2129 4523 2314 4571 vatum
2342 4513 2625 4583 disciplina
2658 4514 2902 4569 habitum
2925 4555 2939 4581 ,
2970 4515 3167 4570 bonam
3199 4524 3448 4571 naturam
3470 4516 3621 4572 dicit.

2204 4685 2465 4740 Plantabo
2493 4701 2645 4754 super
2671 4695 2896 4740 montem
2920 4687 3183 4742 excelsum
3202 4686 3247 4722 "
3267 4688 3302 4740 '.
3336 4685 3491 4742 Mons
3518 4691 3697 4744 excel-

2133 4787 2229 4830 sus
2278 4785 2363 4830 est
2411 4776 2650 4846 cognitio
2689 4777 2967 4844 veritatis,
3013 4778 3261 4832 Christus
3302 4777 3572 4833 videlicet.
3628 4779 3694 4832 Et

2131 4869 2449 4938 suspendam
2490 4867 2661 4936 ipsum
2692 4869 2747 4920 in
2775 4877 2949 4920 monte
2991 4868 3206 4921 sublimi
3228 4868 3293 4921 σθ.
3336 4868 3487 4923 Mons
3522 4871 3694 4924 subli-

2133 4957 2238 5012 mis
2266 4957 2504 5012 coelestis
2534 4957 2681 5026 regio
2707 4965 2810 5022 est,
2836 4964 2998 5025 atque
3034 4957 3251 5012 habitus
3282 4959 3328 5014 ei
3359 4959 3553 5013 amnis.

2205 5048 2274 5102 Et
2311 5051 2412 5102 erit
2455 5049 2510 5102 in
2543 5049 2756 5102 cedrum
2797 5064 3045 5117 magnum
3079 5049 3142 5102 ⁶¹.
3195 5048 3488 5104 Eoclesiam
3544 5051 3694 5115 dicit,

2131 5141 2508 5195 etdoctrinam
2557 5140 2697 5210 ejus,
2724 5139 2827 5202 sub
2859 5154 2966 5208 qua
3017 5140 3357 5209 requiescent
3403 5142 3696 5211 aliquando

2133 5246 2259 5286 aves
2287 5232 2580 5286 immunda!
2603 5240 2657 5286 et
2682 5231 2919 5285 volatilia
2950 5231 3251 5286 immunda.

2203 5320 2477 5391 Ejusdem.
2519 5323 2623 5388 Qui
2670 5322 2846 5376 alatus
2890 5320 3114 5376 eli’ectus
3154 5331 3240 5376 est
3281 5337 3314 5375 ιι
3349 5320 3440 5376 Dei
3489 5321 3693 5387 verbis,

2132 5412 2436 5481 requiescet
2474 5415 2576 5466 sub
2607 5429 2804 5483 magna
2831 5413 3017 5481 cedro,
3065 5427 3186 5484 quae
3219 5428 3249 5466 a
3278 5411 3388 5466 Deo
3431 5413 3484 5465 in
3513 5422 3700 5467 marite

2130 5504 2346 5559 excelso
2369 5503 2578 5559 consita
2607 5512 2706 5558 est.

1477 5701 1524 5733 "'
1548 5701 1677 5755 Luc.
1711 5717 1820 5763 XIV,
1865 5702 1944 5762 ii.
2022 5705 2066 5736 "
2092 5699 2290 5762 Ezech.
2322 5719 2455 5772 xvu,
2509 5704 2595 5761 12.
2671 5706 2716 5739 ⁵⁸
2745 5705 2876 5762 ibid.
2953 5709 2999 5741 "’
3032 5708 3162 5765 ibid.
3193 5709 3275 5763 16.
3369 5708 3416 5741 ⁵³
3442 5707 3572 5764 ibid.
3608 5707 3698 5763 i9.
