  <div class='ocr_page' id='page_1' title='image "/cluster/home/n/w/nwhite01/storage/ocr_20150623/13/mdp.39015007036059/409.png"; bbox 0 0 4094 6290; ppageno 0'>
   <div class='ocr_carea' id='block_1_1' title="bbox 454 377 560 436">
    <p class='ocr_par' dir='ltr' id='par_1_1' title="bbox 454 377 560 436">
     <span class='ocr_line' id='line_1_1' title="bbox 454 377 560 436; baseline -0.038 -1"><span class='ocrx_word' id='word_1_1' title='bbox 454 377 560 436; x_wconf 75' lang='grc'><strong>815</strong></span> 
     </span>
    </p>
   </div>
   <div class='ocr_carea' id='block_1_2' title="bbox 1867 361 2299 429">
    <p class='ocr_par' dir='ltr' id='par_1_2' title="bbox 1867 361 2299 429">
     <span class='ocr_line' id='line_1_2' title="bbox 1867 361 2299 429; baseline -0.023 0"><span class='ocrx_word' id='word_1_2' title='bbox 1867 364 1962 429; x_wconf 81' lang='lat' dir='ltr'><strong>EX</strong></span> <span class='ocrx_word' id='word_1_3' title='bbox 1998 361 2299 427; x_wconf 78' lang='lat' dir='ltr'><strong>ORIGENE</strong></span> 
     </span>
    </p>
   </div>
   <div class='ocr_carea' id='block_1_3' title="bbox 3601 365 3706 423">
    <p class='ocr_par' dir='ltr' id='par_1_3' title="bbox 3601 365 3706 423">
     <span class='ocr_line' id='line_1_3' title="bbox 3601 365 3706 423; baseline -0.019 0"><span class='ocrx_word' id='word_1_4' title='bbox 3601 365 3706 423; x_wconf 76' lang='grc'><strong>816</strong></span> 
     </span>
    </p>
   </div>
   <div class='ocr_carea' id='block_1_4' title="bbox 527 487 2038 565">
    <p class='ocr_par' dir='ltr' id='par_1_4' title="bbox 527 490 2024 565">
     <span class='ocr_line' id='line_1_4' title="bbox 527 490 2024 565; baseline -0.006 -13"><span class='ocrx_word' id='word_1_5' title='bbox 527 495 597 552; x_wconf 82' lang='lat' dir='ltr'><strong>Et</strong></span> <span class='ocrx_word' id='word_1_6' title='bbox 628 495 766 551; x_wconf 86' lang='lat' dir='ltr'><strong>rami</strong></span> <span class='ocrx_word' id='word_1_7' title='bbox 787 494 900 565; x_wconf 86' lang='lat' dir='ltr'><strong>ejus</strong></span> <span class='ocrx_word' id='word_1_8' title='bbox 926 494 1263 547; x_wconf 82' lang='lat' dir='ltr'><strong>restituentur</strong></span> <span class='ocrx_word' id='word_1_9' title='bbox 1287 492 1351 546; x_wconf 73' lang='grc' dir='ltr'>θ’.</span> <span class='ocrx_word' id='word_1_10' title='bbox 1380 490 1755 548; x_wconf 85' lang='lat' dir='ltr'><strong>Restituentur</strong></span> <span class='ocrx_word' id='word_1_11' title='bbox 1786 490 1840 545; x_wconf 91' lang='lat' dir='ltr'><strong>in</strong></span> <span class='ocrx_word' id='word_1_12' title='bbox 1864 490 2024 545; x_wconf 84' lang='lat' dir='ltr'><strong>Chri-</strong></span> 
     </span>
    </p>
   </div>
   <div class='ocr_carea' id='block_1_5' title="bbox 2138 487 3710 565">
    <p class='ocr_par' dir='ltr' id='par_1_5' title="bbox 2192 487 3710 558">
     <span class='ocr_line' id='line_1_5' title="bbox 2192 487 3710 558; baseline 0 -14"><span class='ocrx_word' id='word_1_13' title='bbox 2192 489 2303 544; x_wconf 77' lang='grc' dir='ltr'><strong>Καὶ</strong></span> <span class='ocrx_word' id='word_1_14' title='bbox 2330 487 2403 543; x_wconf 85' lang='grc' dir='ltr'>τὰ</span> <span class='ocrx_word' id='word_1_15' title='bbox 2430 487 2707 558; x_wconf 78' lang='grc' dir='ltr'><strong>κλήματα</strong></span> <span class='ocrx_word' id='word_1_16' title='bbox 2732 487 2918 543; x_wconf 83' lang='grc' dir='ltr'>αὑτοῦ</span> <span class='ocrx_word' id='word_1_17' title='bbox 2939 488 3524 555; x_wconf 80' lang='grc' dir='ltr'>ἀποκαταστήσεται.</span> <span class='ocrx_word' id='word_1_18' title='bbox 3562 489 3710 544; x_wconf 82' lang='grc' dir='ltr'>Ἀπο-</span> 
     </span>
    </p>
   </div>
   <div class='ocr_carea' id='block_1_6' title="bbox 457 584 1463 659">
    <p class='ocr_par' dir='ltr' id='par_1_6' title="bbox 457 584 1463 659">
     <span class='ocr_line' id='line_1_6' title="bbox 457 584 1463 659; baseline -0.01 -14"><span class='ocrx_word' id='word_1_19' title='bbox 457 600 563 647; x_wconf 86' lang='lat' dir='ltr'><strong>sto.</strong></span> <span class='ocrx_word' id='word_1_20' title='bbox 595 588 881 659; x_wconf 83' lang='lat' dir='ltr'><strong>Prophetia</strong></span> <span class='ocrx_word' id='word_1_21' title='bbox 917 586 972 639; x_wconf 92' lang='lat' dir='ltr'><strong>in</strong></span> <span class='ocrx_word' id='word_1_22' title='bbox 1002 599 1068 639; x_wconf 91' lang='lat' dir='ltr'><strong>eo</strong></span> <span class='ocrx_word' id='word_1_23' title='bbox 1093 584 1463 653; x_wconf 75' lang='lat' dir='ltr'><strong>conquiescet.</strong></span> 
     </span>
    </p>
   </div>
   <div class='ocr_carea' id='block_1_7' title="bbox 528 758 2022 831">
    <p class='ocr_par' dir='ltr' id='par_1_7' title="bbox 528 758 2022 831">
     <span class='ocr_line' id='line_1_7' title="bbox 528 758 2022 831; baseline -0.005 -14"><span class='ocrx_word' id='word_1_24' title='bbox 528 762 602 818; x_wconf 79' lang='lat' dir='ltr'><strong>Et</strong></span> <span class='ocrx_word' id='word_1_25' title='bbox 627 765 791 817; x_wconf 78' lang='lat' dir='ltr'><strong>scient</strong></span> <span class='ocrx_word' id='word_1_26' title='bbox 824 762 1000 816; x_wconf 84' lang='lat' dir='ltr'><strong>omnia</strong></span> <span class='ocrx_word' id='word_1_27' title='bbox 1044 760 1186 831; x_wconf 85' lang='lat' dir='ltr'><strong>ligna</strong></span> <span class='ocrx_word' id='word_1_28' title='bbox 1213 762 1408 829; x_wconf 86' lang='lat' dir='ltr'><strong>campi,</strong></span> <span class='ocrx_word' id='word_1_29' title='bbox 1433 761 1681 831; x_wconf 89' lang='lat' dir='ltr'><strong>quoniam</strong></span> <span class='ocrx_word' id='word_1_30' title='bbox 1715 776 1808 830; x_wconf 87' lang='lat' dir='ltr'><strong>ego</strong></span> <span class='ocrx_word' id='word_1_31' title='bbox 1839 758 2022 811; x_wconf 85' lang='lat' dir='ltr'><strong>Domi-</strong></span> 
     </span>
    </p>
   </div>
   <div class='ocr_carea' id='block_1_8' title="bbox 457 851 2027 923">
    <p class='ocr_par' dir='ltr' id='par_1_8' title="bbox 457 851 2027 923">
     <span class='ocr_line' id='line_1_8' title="bbox 457 851 2027 923; baseline -0.004 -12"><span class='ocrx_word' id='word_1_32' title='bbox 457 871 555 911; x_wconf 84' lang='lat' dir='ltr'><strong>nus</strong></span> <span class='ocrx_word' id='word_1_33' title='bbox 575 855 640 908; x_wconf 79' lang='grc'><strong>⁶³.</strong></span> <span class='ocrx_word' id='word_1_34' title='bbox 670 853 899 923; x_wconf 81' lang='lat' dir='ltr'><strong>Lignum</strong></span> <span class='ocrx_word' id='word_1_35' title='bbox 932 863 1014 908; x_wconf 86' lang='lat' dir='ltr'><strong>est</strong></span> <span class='ocrx_word' id='word_1_36' title='bbox 1042 862 1236 907; x_wconf 87' lang='lat' dir='ltr'><strong>natura</strong></span> <span class='ocrx_word' id='word_1_37' title='bbox 1275 853 1637 908; x_wconf 69' lang='lat' dir='ltr'><strong>rationabilis.</strong></span> <span class='ocrx_word' id='word_1_38' title='bbox 1666 851 1905 922; x_wconf 88' lang='lat' dir='ltr'><strong>Campus</strong></span> <span class='ocrx_word' id='word_1_39' title='bbox 1942 857 2027 905; x_wconf 89' lang='lat' dir='ltr'><strong>est</strong></span> 
     </span>
    </p>
   </div>
   <div class='ocr_carea' id='block_1_9' title="bbox 457 941 1717 1007">
    <p class='ocr_par' dir='ltr' id='par_1_9' title="bbox 457 941 1717 1007">
     <span class='ocr_line' id='line_1_9' title="bbox 457 941 1717 1007; baseline -0.002 -7"><span class='ocrx_word' id='word_1_40' title='bbox 457 954 551 1000; x_wconf 88' lang='lat' dir='ltr'><strong>aut</strong></span> <span class='ocrx_word' id='word_1_41' title='bbox 571 943 799 998; x_wconf 89' lang='lat' dir='ltr'><strong>latitudo</strong></span> <span class='ocrx_word' id='word_1_42' title='bbox 822 958 1159 1007; x_wconf 87' lang='lat' dir='ltr'><strong>sermonum,</strong></span> <span class='ocrx_word' id='word_1_43' title='bbox 1187 942 1273 997; x_wconf 87' lang='lat' dir='ltr'><strong>vel</strong></span> <span class='ocrx_word' id='word_1_44' title='bbox 1297 943 1412 997; x_wconf 89' lang='lat' dir='ltr'><strong>loca</strong></span> <span class='ocrx_word' id='word_1_45' title='bbox 1438 941 1717 998; x_wconf 81' lang='lat' dir='ltr'><strong>inferiora.</strong></span> 
     </span>
    </p>
   </div>
   <div class='ocr_carea' id='block_1_10' title="bbox 531 1032 2027 1104">
    <p class='ocr_par' dir='ltr' id='par_1_10' title="bbox 531 1032 2027 1104">
     <span class='ocr_line' id='line_1_10' title="bbox 531 1032 2027 1104; baseline -0.001 -16"><span class='ocrx_word' id='word_1_46' title='bbox 531 1034 836 1089; x_wconf 83' lang='lat' dir='ltr'><strong>Humilians</strong></span> <span class='ocrx_word' id='word_1_47' title='bbox 861 1034 1061 1103; x_wconf 79' lang='lat' dir='ltr'><strong>lignum</strong></span> <span class='ocrx_word' id='word_1_48' title='bbox 1083 1034 1305 1087; x_wconf 83' lang='lat' dir='ltr'><strong>sublime</strong></span> <span class='ocrx_word' id='word_1_49' title='bbox 1321 1032 1384 1085; x_wconf 76' lang='lat'><strong>“.</strong></span> <span class='ocrx_word' id='word_1_50' title='bbox 1410 1032 1640 1104; x_wconf 78' lang='lat' dir='ltr'><strong>Lignum</strong></span> <span class='ocrx_word' id='word_1_51' title='bbox 1668 1033 1901 1087; x_wconf 88' lang='lat' dir='ltr'><strong>sublime</strong></span> <span class='ocrx_word' id='word_1_52' title='bbox 1934 1045 2027 1101; x_wconf 88' lang='lat' dir='ltr'><strong>p0-</strong></span> 
     </span>
    </p>
   </div>
   <div class='ocr_carea' id='block_1_11' title="bbox 453 1123 2027 1199">
    <p class='ocr_par' dir='ltr' id='par_1_11' title="bbox 453 1123 2027 1199">
     <span class='ocr_line' id='line_1_11' title="bbox 453 1123 2027 1199; baseline -0.004 -16"><span class='ocrx_word' id='word_1_53' title='bbox 453 1128 618 1199; x_wconf 84' lang='lat' dir='ltr'><strong>pulus</strong></span> <span class='ocrx_word' id='word_1_54' title='bbox 651 1135 734 1182; x_wconf 88' lang='lat' dir='ltr'><strong>est</strong></span> <span class='ocrx_word' id='word_1_55' title='bbox 766 1140 927 1196; x_wconf 86' lang='lat' dir='ltr'><strong>quem</strong></span> <span class='ocrx_word' id='word_1_56' title='bbox 972 1124 1264 1194; x_wconf 84' lang='lat' dir='ltr'><strong>aliquando</strong></span> <span class='ocrx_word' id='word_1_57' title='bbox 1295 1124 1472 1179; x_wconf 90' lang='lat' dir='ltr'><strong>virtus</strong></span> <span class='ocrx_word' id='word_1_58' title='bbox 1503 1132 1557 1179; x_wconf 86' lang='lat' dir='ltr'><strong>et</strong></span> <span class='ocrx_word' id='word_1_59' title='bbox 1587 1123 1786 1178; x_wconf 90' lang='lat' dir='ltr'><strong>deinde</strong></span> <span class='ocrx_word' id='word_1_60' title='bbox 1821 1123 2027 1177; x_wconf 82' lang='lat' dir='ltr'><strong>exalta-</strong></span> 
     </span>
    </p>
   </div>
   <div class='ocr_carea' id='block_1_12' title="bbox 456 1215 1920 1287">
    <p class='ocr_par' dir='ltr' id='par_1_12' title="bbox 456 1215 1920 1287">
     <span class='ocr_line' id='line_1_12' title="bbox 456 1215 1920 1287; baseline -0.001 -16"><span class='ocrx_word' id='word_1_61' title='bbox 456 1219 533 1273; x_wconf 80' lang='lat' dir='ltr'><strong>vit</strong></span> <span class='ocrx_word' id='word_1_62' title='bbox 561 1217 786 1283; x_wconf 89' lang='lat' dir='ltr'><strong>malitia,</strong></span> <span class='ocrx_word' id='word_1_63' title='bbox 815 1225 1034 1287; x_wconf 80' lang='lat' dir='ltr'><strong>propter</strong></span> <span class='ocrx_word' id='word_1_64' title='bbox 1061 1231 1226 1285; x_wconf 88' lang='lat' dir='ltr'><strong>quam</strong></span> <span class='ocrx_word' id='word_1_65' title='bbox 1263 1215 1423 1270; x_wconf 90' lang='lat' dir='ltr'><strong>etiam</strong></span> <span class='ocrx_word' id='word_1_66' title='bbox 1451 1215 1766 1271; x_wconf 78' lang='lat' dir='ltr'><strong>humiliatus</strong></span> <span class='ocrx_word' id='word_1_67' title='bbox 1813 1224 1920 1269; x_wconf 88' lang='lat' dir='ltr'><strong>est.</strong></span> 
     </span>
    </p>
   </div>
   <div class='ocr_carea' id='block_1_13' title="bbox 529 1306 2029 1379">
    <p class='ocr_par' dir='ltr' id='par_1_13' title="bbox 529 1306 2029 1379">
     <span class='ocr_line' id='line_1_13' title="bbox 529 1306 2029 1379; baseline -0.003 -15"><span class='ocrx_word' id='word_1_68' title='bbox 529 1310 598 1364; x_wconf 85' lang='lat' dir='ltr'><strong>Et</strong></span> <span class='ocrx_word' id='word_1_69' title='bbox 642 1310 884 1364; x_wconf 76' lang='lat' dir='ltr'><strong>exultans</strong></span> <span class='ocrx_word' id='word_1_70' title='bbox 931 1309 1133 1379; x_wconf 87' lang='lat' dir='ltr'><strong>lignum</strong></span> <span class='ocrx_word' id='word_1_71' title='bbox 1180 1307 1377 1361; x_wconf 78' lang='lat' dir='ltr'><strong>humile</strong></span> <span class='ocrx_word' id='word_1_72' title='bbox 1418 1307 1484 1361; x_wconf 81' lang='grc'>⁸⁵.</span> <span class='ocrx_word' id='word_1_73' title='bbox 1546 1306 1776 1378; x_wconf 78' lang='lat' dir='ltr'><strong>Lignum</strong></span> <span class='ocrx_word' id='word_1_74' title='bbox 1823 1306 2029 1361; x_wconf 86' lang='lat' dir='ltr'><strong>humile</strong></span> 
     </span>
    </p>
   </div>
   <div class='ocr_carea' id='block_1_14' title="bbox 459 1398 2029 1473">
    <p class='ocr_par' dir='ltr' id='par_1_14' title="bbox 459 1398 2029 1473">
     <span class='ocr_line' id='line_1_14' title="bbox 459 1398 2029 1473; baseline -0.003 -15"><span class='ocrx_word' id='word_1_75' title='bbox 459 1413 620 1473; x_wconf 89' lang='lat' dir='ltr'><strong>atque</strong></span> <span class='ocrx_word' id='word_1_76' title='bbox 668 1401 817 1457; x_wconf 90' lang='lat' dir='ltr'><strong>humi</strong></span> <span class='ocrx_word' id='word_1_77' title='bbox 865 1415 1081 1469; x_wconf 88' lang='lat' dir='ltr'><strong>repens,</strong></span> <span class='ocrx_word' id='word_1_78' title='bbox 1118 1399 1350 1469; x_wconf 92' lang='lat' dir='ltr'><strong>populus</strong></span> <span class='ocrx_word' id='word_1_79' title='bbox 1382 1408 1466 1453; x_wconf 88' lang='lat' dir='ltr'><strong>est</strong></span> <span class='ocrx_word' id='word_1_80' title='bbox 1495 1398 1773 1468; x_wconf 76' lang='lat' dir='ltr'><strong>gentium;</strong></span> <span class='ocrx_word' id='word_1_81' title='bbox 1825 1400 2029 1455; x_wconf 85' lang='lat' dir='ltr'><strong>humile</strong></span> 
     </span>
    </p>
   </div>
   <div class='ocr_carea' id='block_1_15' title="bbox 429 1492 2031 1564">
    <p class='ocr_par' dir='ltr' id='par_1_15' title="bbox 429 1492 2031 1564">
     <span class='ocr_line' id='line_1_15' title="bbox 429 1492 2031 1564; baseline -0.001 -15"><span class='ocrx_word' id='word_1_82' title='bbox 429 1496 515 1549; x_wconf 38' lang='lat' dir='ltr'><strong>uin</strong></span> <span class='ocrx_word' id='word_1_83' title='bbox 544 1494 803 1564; x_wconf 76' lang='lat' dir='ltr'><strong>peccatis,</strong></span> <span class='ocrx_word' id='word_1_84' title='bbox 834 1493 1061 1557; x_wconf 85' lang='lat' dir='ltr'><strong>humile,</strong></span> <span class='ocrx_word' id='word_1_85' title='bbox 1095 1493 1241 1562; x_wconf 92' lang='lat' dir='ltr'><strong>quod</strong></span> <span class='ocrx_word' id='word_1_86' title='bbox 1268 1507 1298 1547; x_wconf 91' lang='lat' dir='ltr'><strong>e</strong></span> <span class='ocrx_word' id='word_1_87' title='bbox 1326 1500 1467 1546; x_wconf 90' lang='lat' dir='ltr'><strong>terra</strong></span> <span class='ocrx_word' id='word_1_88' title='bbox 1498 1492 1683 1562; x_wconf 82' lang='lat' dir='ltr'><strong>coepit,</strong></span> <span class='ocrx_word' id='word_1_89' title='bbox 1723 1493 1871 1547; x_wconf 88' lang='lat' dir='ltr'><strong>velut</strong></span> <span class='ocrx_word' id='word_1_90' title='bbox 1895 1508 1925 1546; x_wconf 89' lang='lat' dir='ltr'><strong>a</strong></span> <span class='ocrx_word' id='word_1_91' title='bbox 1954 1492 2031 1547; x_wconf 90' lang='lat' dir='ltr'><strong>di-</strong></span> 
     </span>
    </p>
   </div>
   <div class='ocr_carea' id='block_1_16' title="bbox 461 1583 2032 1662">
    <p class='ocr_par' dir='ltr' id='par_1_16' title="bbox 461 1583 2032 1662">
     <span class='ocr_line' id='line_1_16' title="bbox 461 1583 2032 1662; baseline 0.001 -21"><span class='ocrx_word' id='word_1_92' title='bbox 461 1586 689 1662; x_wconf 79' lang='lat' dir='ltr'><strong>sciplina</strong></span> <span class='ocrx_word' id='word_1_93' title='bbox 721 1586 773 1638; x_wconf 90' lang='lat' dir='ltr'><strong>in</strong></span> <span class='ocrx_word' id='word_1_94' title='bbox 801 1585 968 1638; x_wconf 90' lang='lat' dir='ltr'><strong>altum</strong></span> <span class='ocrx_word' id='word_1_95' title='bbox 1016 1584 1277 1639; x_wconf 75' lang='lat' dir='ltr'><strong>verticem</strong></span> <span class='ocrx_word' id='word_1_96' title='bbox 1324 1583 1672 1653; x_wconf 84' lang='lat' dir='ltr'><strong>exaltabitur,</strong></span> <span class='ocrx_word' id='word_1_97' title='bbox 1716 1584 1857 1641; x_wconf 84' lang='lat' dir='ltr'><strong>sicut</strong></span> <span class='ocrx_word' id='word_1_98' title='bbox 1898 1584 2032 1643; x_wconf 87' lang='lat' dir='ltr'><strong>seri.-</strong></span> 
     </span>
    </p>
   </div>
   <div class='ocr_carea' id='block_1_17' title="bbox 460 1675 1550 1747">
    <p class='ocr_par' dir='ltr' id='par_1_17' title="bbox 460 1675 1550 1747">
     <span class='ocr_line' id='line_1_17' title="bbox 460 1675 1550 1747; baseline 0 -19"><span class='ocrx_word' id='word_1_99' title='bbox 460 1688 613 1747; x_wconf 86' lang='lat' dir='ltr'><strong>plum</strong></span> <span class='ocrx_word' id='word_1_100' title='bbox 638 1685 722 1730; x_wconf 89' lang='lat' dir='ltr'><strong>est</strong></span> <span class='ocrx_word' id='word_1_101' title='bbox 751 1676 798 1707; x_wconf 81' lang='grc'>⁶⁶</span> <span class='ocrx_word' id='word_1_102' title='bbox 827 1694 840 1730; x_wconf 90' lang='lat'><strong>:</strong></span> <span class='ocrx_word' id='word_1_103' title='bbox 873 1675 1043 1729; x_wconf 86' lang='lat' dir='ltr'><strong>Erunt</strong></span> <span class='ocrx_word' id='word_1_104' title='bbox 1072 1676 1343 1730; x_wconf 78' lang='lat' dir='ltr'><strong>novissimi</strong></span> <span class='ocrx_word' id='word_1_105' title='bbox 1369 1676 1550 1745; x_wconf 85' lang='lat' dir='ltr'><strong>primi.</strong></span> 
     </span>
    </p>
   </div>
   <div class='ocr_carea' id='block_1_18' title="bbox 539 1764 2030 1836">
    <p class='ocr_par' dir='ltr' id='par_1_18' title="bbox 539 1764 2030 1836">
     <span class='ocr_line' id='line_1_18' title="bbox 539 1764 2030 1836; baseline 0 -18"><span class='ocrx_word' id='word_1_106' title='bbox 539 1766 605 1818; x_wconf 86' lang='lat' dir='ltr'><strong>Et</strong></span> <span class='ocrx_word' id='word_1_107' title='bbox 636 1766 928 1834; x_wconf 78' lang='lat' dir='ltr'><strong>arefaciens</strong></span> <span class='ocrx_word' id='word_1_108' title='bbox 955 1764 1152 1835; x_wconf 83' lang='lat' dir='ltr'><strong>lignum</strong></span> <span class='ocrx_word' id='word_1_109' title='bbox 1182 1764 1346 1818; x_wconf 82' lang='lat' dir='ltr'><strong>viride</strong></span> <span class='ocrx_word' id='word_1_110' title='bbox 1379 1765 1443 1818; x_wconf 78' lang='grc'>⁸⁷.</span> <span class='ocrx_word' id='word_1_111' title='bbox 1471 1764 1702 1836; x_wconf 79' lang='lat' dir='ltr'><strong>Lignum</strong></span> <span class='ocrx_word' id='word_1_112' title='bbox 1748 1766 1918 1820; x_wconf 87' lang='lat' dir='ltr'><strong>viride</strong></span> <span class='ocrx_word' id='word_1_113' title='bbox 1946 1773 2030 1820; x_wconf 88' lang='lat' dir='ltr'><strong>est</strong></span> 
     </span>
    </p>
   </div>
   <div class='ocr_carea' id='block_1_19' title="bbox 466 1854 2030 1926">
    <p class='ocr_par' dir='ltr' id='par_1_19' title="bbox 466 1854 2030 1926">
     <span class='ocr_line' id='line_1_19' title="bbox 466 1854 2030 1926; baseline 0 -17"><span class='ocrx_word' id='word_1_114' title='bbox 466 1857 516 1909; x_wconf 85' lang='lat' dir='ltr'><strong>i.i</strong></span> <span class='ocrx_word' id='word_1_115' title='bbox 547 1857 693 1926; x_wconf 87' lang='lat' dir='ltr'><strong>quod</strong></span> <span class='ocrx_word' id='word_1_116' title='bbox 740 1855 870 1909; x_wconf 84' lang='lat' dir='ltr'><strong>vivit</strong></span> <span class='ocrx_word' id='word_1_117' title='bbox 903 1856 1010 1908; x_wconf 89' lang='lat' dir='ltr'><strong>vita</strong></span> <span class='ocrx_word' id='word_1_118' title='bbox 1038 1855 1291 1924; x_wconf 59' lang='lat' dir='ltr'><strong>iustitiae;</strong></span> <span class='ocrx_word' id='word_1_119' title='bbox 1346 1854 1552 1924; x_wconf 81' lang='lat' dir='ltr'><strong>lignum</strong></span> <span class='ocrx_word' id='word_1_120' title='bbox 1598 1855 1833 1920; x_wconf 87' lang='lat' dir='ltr'><strong>aridum,</strong></span> <span class='ocrx_word' id='word_1_121' title='bbox 1885 1855 2030 1925; x_wconf 87' lang='lat' dir='ltr'><strong>quod</strong></span> 
     </span>
    </p>
   </div>
   <div class='ocr_carea' id='block_1_20' title="bbox 463 1946 1850 2017">
    <p class='ocr_par' dir='ltr' id='par_1_20' title="bbox 463 1946 1850 2017">
     <span class='ocr_line' id='line_1_20' title="bbox 463 1946 1850 2017; baseline 0.001 -18"><span class='ocrx_word' id='word_1_122' title='bbox 463 1948 724 2001; x_wconf 87' lang='lat' dir='ltr'><strong>vivitvita</strong></span> <span class='ocrx_word' id='word_1_123' title='bbox 759 1949 965 2017; x_wconf 78' lang='lat' dir='ltr'><strong>peccati</strong></span> <span class='ocrx_word' id='word_1_124' title='bbox 996 1959 1011 1998; x_wconf 89' lang='lat'><strong>:</strong></span> <span class='ocrx_word' id='word_1_125' title='bbox 1047 1946 1399 2015; x_wconf 86' lang='lat' dir='ltr'><strong>quamobrem</strong></span> <span class='ocrx_word' id='word_1_126' title='bbox 1434 1946 1599 2000; x_wconf 88' lang='lat' dir='ltr'><strong>etiam</strong></span> <span class='ocrx_word' id='word_1_127' title='bbox 1634 1946 1850 2001; x_wconf 82' lang='lat' dir='ltr'><strong>arescit.</strong></span> 
     </span>
    </p>
   </div>
   <div class='ocr_carea' id='block_1_21' title="bbox 537 2037 2035 2109">
    <p class='ocr_par' dir='ltr' id='par_1_21' title="bbox 537 2037 2035 2109">
     <span class='ocr_line' id='line_1_21' title="bbox 537 2037 2035 2109; baseline -0.001 -17"><span class='ocrx_word' id='word_1_128' title='bbox 537 2039 808 2109; x_wconf 83' lang='lat' dir='ltr'><strong>Ejusdem.</strong></span> <span class='ocrx_word' id='word_1_129' title='bbox 872 2037 1124 2108; x_wconf 89' lang='lat' dir='ltr'><strong>Spiritale</strong></span> <span class='ocrx_word' id='word_1_130' title='bbox 1150 2037 1295 2091; x_wconf 88' lang='lat' dir='ltr'><strong>enim</strong></span> <span class='ocrx_word' id='word_1_131' title='bbox 1329 2037 1533 2109; x_wconf 78' lang='lat' dir='ltr'><strong>lignum</strong></span> <span class='ocrx_word' id='word_1_132' title='bbox 1576 2046 1660 2092; x_wconf 88' lang='lat' dir='ltr'><strong>est</strong></span> <span class='ocrx_word' id='word_1_133' title='bbox 1718 2046 1911 2091; x_wconf 87' lang='lat' dir='ltr'><strong>natura</strong></span> <span class='ocrx_word' id='word_1_134' title='bbox 1944 2052 2035 2091; x_wconf 86' lang='lat' dir='ltr'><strong>ra-</strong></span> 
     </span>
    </p>
   </div>
   <div class='ocr_carea' id='block_1_22' title="bbox 464 2128 2035 2203">
    <p class='ocr_par' dir='ltr' id='par_1_22' title="bbox 464 2128 2035 2203">
     <span class='ocr_line' id='line_1_22' title="bbox 464 2128 2035 2203; baseline 0 -16"><span class='ocrx_word' id='word_1_135' title='bbox 464 2133 759 2200; x_wconf 83' lang='lat' dir='ltr'><strong>tionabilis,</strong></span> <span class='ocrx_word' id='word_1_136' title='bbox 787 2146 909 2203; x_wconf 84' lang='lat' dir='ltr'><strong>quae</strong></span> <span class='ocrx_word' id='word_1_137' title='bbox 939 2146 969 2185; x_wconf 91' lang='lat' dir='ltr'><strong>a</strong></span> <span class='ocrx_word' id='word_1_138' title='bbox 1003 2128 1184 2186; x_wconf 89' lang='lat' dir='ltr'><strong>medio</strong></span> <span class='ocrx_word' id='word_1_139' title='bbox 1214 2130 1411 2200; x_wconf 88' lang='lat' dir='ltr'><strong>coepit,</strong></span> <span class='ocrx_word' id='word_1_140' title='bbox 1448 2145 1512 2186; x_wconf 91' lang='lat' dir='ltr'><strong>ac</strong></span> <span class='ocrx_word' id='word_1_141' title='bbox 1535 2130 1765 2187; x_wconf 81' lang='lat' dir='ltr'><strong>necdum</strong></span> <span class='ocrx_word' id='word_1_142' title='bbox 1798 2133 1851 2186; x_wconf 90' lang='lat' dir='ltr'><strong>in</strong></span> <span class='ocrx_word' id='word_1_143' title='bbox 1870 2131 2035 2202; x_wconf 88' lang='lat' dir='ltr'><strong>justi-</strong></span> 
     </span>
    </p>
   </div>
   <div class='ocr_carea' id='block_1_23' title="bbox 464 2226 716 2283">
    <p class='ocr_par' dir='ltr' id='par_1_23' title="bbox 464 2226 716 2283">
     <span class='ocr_line' id='line_1_23' title="bbox 464 2226 716 2283; baseline -0.008 -1"><span class='ocrx_word' id='word_1_144' title='bbox 464 2226 541 2282; x_wconf 89' lang='lat' dir='ltr'><strong>tia</strong></span> <span class='ocrx_word' id='word_1_145' title='bbox 564 2226 716 2283; x_wconf 80' lang='lat' dir='ltr'><strong>vivit.</strong></span> 
     </span>
    </p>
   </div>
   <div class='ocr_carea' id='block_1_24' title="bbox 1061 2311 1435 2369">
    <p class='ocr_par' dir='ltr' id='par_1_24' title="bbox 1061 2311 1435 2369">
     <span class='ocr_line' id='line_1_24' title="bbox 1061 2311 1435 2369; baseline 0 -1"><span class='ocrx_word' id='word_1_146' title='bbox 1061 2312 1216 2368; x_wconf 89' lang='lat' dir='ltr'><strong>CAP.</strong></span> <span class='ocrx_word' id='word_1_147' title='bbox 1247 2311 1435 2369; x_wconf 76' lang='lat' dir='ltr'><strong>XVI&quot;.</strong></span> 
     </span>
    </p>
   </div>
   <div class='ocr_carea' id='block_1_25' title="bbox 502 2406 2035 2478">
    <p class='ocr_par' dir='ltr' id='par_1_25' title="bbox 502 2406 2035 2478">
     <span class='ocr_line' id='line_1_25' title="bbox 502 2406 2035 2478; baseline 0.007 -21"><span class='ocrx_word' id='word_1_148' title='bbox 502 2408 725 2462; x_wconf 74' lang='lat' dir='ltr'><strong>,&#39;Patres</strong></span> <span class='ocrx_word' id='word_1_149' title='bbox 760 2406 1096 2461; x_wconf 86' lang='lat' dir='ltr'><strong>comederunt</strong></span> <span class='ocrx_word' id='word_1_150' title='bbox 1146 2422 1302 2459; x_wconf 86' lang='lat' dir='ltr'><strong>uvam</strong></span> <span class='ocrx_word' id='word_1_151' title='bbox 1331 2407 1575 2461; x_wconf 86' lang='lat' dir='ltr'><strong>acerbam</strong></span> <span class='ocrx_word' id='word_1_152' title='bbox 1606 2409 1670 2462; x_wconf 75' lang='grc'><strong>⁸⁸.</strong></span> <span class='ocrx_word' id='word_1_153' title='bbox 1730 2408 1898 2467; x_wconf 85' lang='lat' dir='ltr'><strong>Docet</strong></span> <span class='ocrx_word' id='word_1_154' title='bbox 1925 2411 2035 2478; x_wconf 89' lang='lat' dir='ltr'><strong>hic,</strong></span> 
     </span>
    </p>
   </div>
   <div class='ocr_carea' id='block_1_26' title="bbox 464 2497 2039 2575">
    <p class='ocr_par' dir='ltr' id='par_1_26' title="bbox 464 2497 2039 2575">
     <span class='ocr_line' id='line_1_26' title="bbox 464 2497 2039 2575; baseline 0.004 -21"><span class='ocrx_word' id='word_1_155' title='bbox 464 2501 607 2572; x_wconf 89' lang='lat' dir='ltr'><strong>quod</strong></span> <span class='ocrx_word' id='word_1_156' title='bbox 637 2501 689 2555; x_wconf 93' lang='lat' dir='ltr'><strong>in</strong></span> <span class='ocrx_word' id='word_1_157' title='bbox 719 2499 925 2568; x_wconf 75' lang='lat' dir='ltr'><strong>legibus</strong></span> <span class='ocrx_word' id='word_1_158' title='bbox 973 2499 1139 2553; x_wconf 86' lang='lat' dir='ltr'><strong>Israel</strong></span> <span class='ocrx_word' id='word_1_159' title='bbox 1188 2497 1407 2564; x_wconf 83' lang='lat' dir='ltr'><strong>dicitur,</strong></span> <span class='ocrx_word' id='word_1_160' title='bbox 1442 2501 1591 2555; x_wconf 81' lang='lat' dir='ltr'><strong>reddi</strong></span> <span class='ocrx_word' id='word_1_161' title='bbox 1614 2514 1914 2571; x_wconf 70' lang='lat' dir='ltr'><strong>peccatum</strong></span> <span class='ocrx_word' id='word_1_162' title='bbox 1941 2521 2039 2575; x_wconf 78' lang='lat' dir='ltr'><strong>pa-</strong></span> 
     </span>
    </p>
   </div>
   <div class='ocr_carea' id='block_1_27' title="bbox 468 2588 2039 2663">
    <p class='ocr_par' dir='ltr' id='par_1_27' title="bbox 468 2588 2039 2663">
     <span class='ocr_line' id='line_1_27' title="bbox 468 2588 2039 2663; baseline 0.003 -17"><span class='ocrx_word' id='word_1_163' title='bbox 468 2609 608 2647; x_wconf 72' lang='lat' dir='ltr'><strong>trum</strong></span> <span class='ocrx_word' id='word_1_164' title='bbox 639 2592 693 2645; x_wconf 92' lang='lat' dir='ltr'><strong>in</strong></span> <span class='ocrx_word' id='word_1_165' title='bbox 721 2591 882 2658; x_wconf 86' lang='lat' dir='ltr'><strong>ﬁlios,</strong></span> <span class='ocrx_word' id='word_1_166' title='bbox 929 2588 1243 2660; x_wconf 78' lang='lat' dir='ltr'><strong>parabolam</strong></span> <span class='ocrx_word' id='word_1_167' title='bbox 1269 2604 1410 2654; x_wconf 89' lang='lat' dir='ltr'><strong>esse,</strong></span> <span class='ocrx_word' id='word_1_168' title='bbox 1438 2605 1565 2660; x_wconf 72' lang='lat' dir='ltr'><strong>qua:</strong></span> <span class='ocrx_word' id='word_1_169' title='bbox 1594 2592 1830 2663; x_wconf 86' lang='lat' dir='ltr'><strong>indigeat</strong></span> <span class='ocrx_word' id='word_1_170' title='bbox 1857 2596 2039 2650; x_wconf 84' lang='lat' dir='ltr'><strong>consi-</strong></span> 
     </span>
    </p>
   </div>
   <div class='ocr_carea' id='block_1_28' title="bbox 465 2686 762 2740">
    <p class='ocr_par' dir='ltr' id='par_1_28' title="bbox 465 2686 762 2740">
     <span class='ocr_line' id='line_1_28' title="bbox 465 2686 762 2740; baseline -0.007 0"><span class='ocrx_word' id='word_1_171' title='bbox 465 2686 762 2740; x_wconf 86' lang='lat' dir='ltr'><strong>deratione.</strong></span> 
     </span>
    </p>
   </div>
   <div class='ocr_carea' id='block_1_29' title="bbox 507 2770 2043 2845">
    <p class='ocr_par' dir='ltr' id='par_1_29' title="bbox 507 2770 2043 2845">
     <span class='ocr_line' id='line_1_29' title="bbox 507 2770 2043 2845; baseline 0.007 -22"><span class='ocrx_word' id='word_1_172' title='bbox 507 2776 811 2845; x_wconf 77' lang='lat' dir='ltr'><strong>_Ejusdem.</strong></span> <span class='ocrx_word' id='word_1_173' title='bbox 871 2771 988 2827; x_wconf 87' lang='lat' dir='ltr'><strong>Uva</strong></span> <span class='ocrx_word' id='word_1_174' title='bbox 1027 2770 1222 2825; x_wconf 83' lang='lat' dir='ltr'><strong>acerba</strong></span> <span class='ocrx_word' id='word_1_175' title='bbox 1264 2779 1548 2842; x_wconf 88' lang='lat' dir='ltr'><strong>peccatum</strong></span> <span class='ocrx_word' id='word_1_176' title='bbox 1586 2783 1686 2844; x_wconf 89' lang='lat' dir='ltr'><strong>est_</strong></span> <span class='ocrx_word' id='word_1_177' title='bbox 1724 2785 1919 2832; x_wconf 87' lang='lat' dir='ltr'><strong>contra</strong></span> <span class='ocrx_word' id='word_1_178' title='bbox 1962 2778 2043 2835; x_wconf 77' lang='lat' dir='ltr'><strong>le-</strong></span> 
     </span>
    </p>
   </div>
   <div class='ocr_carea' id='block_1_30' title="bbox 466 2858 2043 2934">
    <p class='ocr_par' dir='ltr' id='par_1_30' title="bbox 466 2858 2043 2934">
     <span class='ocr_line' id='line_1_30' title="bbox 466 2858 2043 2934; baseline 0.003 -16"><span class='ocrx_word' id='word_1_179' title='bbox 466 2879 609 2934; x_wconf 73' lang='lat' dir='ltr'><strong>gem.</strong></span> <span class='ocrx_word' id='word_1_180' title='bbox 667 2858 785 2914; x_wconf 86' lang='lat' dir='ltr'><strong>Uva</strong></span> <span class='ocrx_word' id='word_1_181' title='bbox 828 2858 1024 2915; x_wconf 89' lang='lat' dir='ltr'><strong>acerba</strong></span> <span class='ocrx_word' id='word_1_182' title='bbox 1070 2859 1303 2927; x_wconf 90' lang='lat' dir='ltr'><strong>dicitur,</strong></span> <span class='ocrx_word' id='word_1_183' title='bbox 1335 2862 1481 2930; x_wconf 90' lang='lat' dir='ltr'><strong>quod</strong></span> <span class='ocrx_word' id='word_1_184' title='bbox 1508 2877 1574 2916; x_wconf 84' lang='lat' dir='ltr'><strong>ex</strong></span> <span class='ocrx_word' id='word_1_185' title='bbox 1602 2862 1668 2918; x_wconf 90' lang='lat' dir='ltr'><strong>iis</strong></span> <span class='ocrx_word' id='word_1_186' title='bbox 1695 2879 1815 2933; x_wconf 62' lang='lat' dir='ltr'><strong>quae</strong></span> <span class='ocrx_word' id='word_1_187' title='bbox 1842 2875 2043 2923; x_wconf 82' lang='lat' dir='ltr'><strong>nostrae</strong></span> 
     </span>
    </p>
   </div>
   <div class='ocr_carea' id='block_1_31' title="bbox 467 2949 2040 3020">
    <p class='ocr_par' dir='ltr' id='par_1_31' title="bbox 467 2949 2040 3020">
     <span class='ocr_line' id='line_1_31' title="bbox 467 2949 2040 3020; baseline 0.003 -13"><span class='ocrx_word' id='word_1_188' title='bbox 467 2964 675 3008; x_wconf 73' lang='lat' dir='ltr'><strong>natura:</strong></span> <span class='ocrx_word' id='word_1_189' title='bbox 705 2957 854 3015; x_wconf 91' lang='lat' dir='ltr'><strong>sunt,</strong></span> <span class='ocrx_word' id='word_1_190' title='bbox 888 2963 1087 3003; x_wconf 85' lang='lat' dir='ltr'><strong>causas</strong></span> <span class='ocrx_word' id='word_1_191' title='bbox 1114 2949 1319 3004; x_wconf 85' lang='lat' dir='ltr'><strong>habens</strong></span> <span class='ocrx_word' id='word_1_192' title='bbox 1349 2953 1630 3007; x_wconf 86' lang='lat' dir='ltr'><strong>consistat.</strong></span> <span class='ocrx_word' id='word_1_193' title='bbox 1670 2952 2040 3020; x_wconf 85' lang='lat' dir='ltr'><strong>Quemadmo-</strong></span> 
     </span>
    </p>
   </div>
   <div class='ocr_carea' id='block_1_32' title="bbox 467 3039 2038 3114">
    <p class='ocr_par' dir='ltr' id='par_1_32' title="bbox 467 3039 2038 3114">
     <span class='ocr_line' id='line_1_32' title="bbox 467 3039 2038 3114; baseline 0.006 -20"><span class='ocrx_word' id='word_1_194' title='bbox 467 3039 951 3098; x_wconf 71' lang='lat' dir='ltr'><strong>dum&#39;naturaliter</strong></span> <span class='ocrx_word' id='word_1_195' title='bbox 978 3053 1081 3092; x_wconf 87' lang='lat' dir='ltr'><strong>uva</strong></span> <span class='ocrx_word' id='word_1_196' title='bbox 1114 3039 1309 3094; x_wconf 89' lang='lat' dir='ltr'><strong>acerba</strong></span> <span class='ocrx_word' id='word_1_197' title='bbox 1339 3056 1404 3094; x_wconf 81' lang='lat' dir='ltr'><strong>ex</strong></span> <span class='ocrx_word' id='word_1_198' title='bbox 1430 3043 1537 3097; x_wconf 88' lang='lat' dir='ltr'><strong>vite</strong></span> <span class='ocrx_word' id='word_1_199' title='bbox 1568 3054 1670 3111; x_wconf 86' lang='lat' dir='ltr'><strong>est,</strong></span> <span class='ocrx_word' id='word_1_200' title='bbox 1701 3044 1780 3100; x_wconf 87' lang='lat' dir='ltr'><strong>sic</strong></span> <span class='ocrx_word' id='word_1_201' title='bbox 1819 3056 1872 3101; x_wconf 88' lang='lat' dir='ltr'><strong>et</strong></span> <span class='ocrx_word' id='word_1_202' title='bbox 1915 3064 2038 3114; x_wconf 89' lang='lat' dir='ltr'><strong>nos,</strong></span> 
     </span>
    </p>
   </div>
   <div class='ocr_carea' id='block_1_33' title="bbox 2116 566 3706 651">
    <p class='ocr_par' dir='ltr' id='par_1_33' title="bbox 2116 566 3706 651">
     <span class='ocr_line' id='line_1_33' title="bbox 2116 566 3706 651; baseline 0.002 -21"><span class='ocrx_word' id='word_1_203' title='bbox 2116 579 2555 649; x_wconf 73' lang='grc' dir='ltr'><strong>καταστήσονται</strong></span> <span class='ocrx_word' id='word_1_204' title='bbox 2587 579 2679 631; x_wconf 77' lang='grc' dir='ltr'>ἐπὶ</span> <span class='ocrx_word' id='word_1_205' title='bbox 2710 579 2787 648; x_wconf 83' lang='grc' dir='ltr'><strong>τῷ</strong></span> <span class='ocrx_word' id='word_1_206' title='bbox 2816 577 3055 649; x_wconf 78' lang='grc' dir='ltr'><strong>Χριστῷ.</strong></span> <span class='ocrx_word' id='word_1_207' title='bbox 3084 579 3272 651; x_wconf 85' lang='grc' dir='ltr'><strong>Τούτῳ</strong></span> <span class='ocrx_word' id='word_1_208' title='bbox 3303 578 3644 634; x_wconf 83' lang='grc' dir='ltr'><strong>καταπαύσει</strong></span> 
     </span>
    </p>
   </div>
   <div class='ocr_carea' id='block_1_34' title="bbox 2126 667 2451 737">
    <p class='ocr_par' dir='ltr' id='par_1_34' title="bbox 2126 667 2451 737">
     <span class='ocr_line' id='line_1_34' title="bbox 2126 667 2451 737; baseline 0.009 -20"><span class='ocrx_word' id='word_1_209' title='bbox 2126 667 2451 737; x_wconf 75' lang='grc' dir='ltr'>προφητεία.</span> 
     </span>
    </p>
   </div>
   <div class='ocr_carea' id='block_1_35' title="bbox 2195 757 3713 832">
    <p class='ocr_par' dir='ltr' id='par_1_35' title="bbox 2195 757 3713 832">
     <span class='ocr_line' id='line_1_35' title="bbox 2195 757 3713 832; baseline 0.003 -20"><span class='ocrx_word' id='word_1_210' title='bbox 2195 757 2308 812; x_wconf 78' lang='lat' dir='ltr'><strong>Kal</strong></span> <span class='ocrx_word' id='word_1_211' title='bbox 2339 759 2669 829; x_wconf 71' lang='grc' dir='ltr'>γνώσονται</span> <span class='ocrx_word' id='word_1_212' title='bbox 2697 760 2893 814; x_wconf 77' lang='grc' dir='ltr'>πάντα</span> <span class='ocrx_word' id='word_1_213' title='bbox 2920 762 2993 817; x_wconf 86' lang='grc' dir='ltr'>τὰ</span> <span class='ocrx_word' id='word_1_214' title='bbox 3020 761 3178 826; x_wconf 77' lang='grc' dir='ltr'>ξύλα</span> <span class='ocrx_word' id='word_1_215' title='bbox 3208 761 3441 826; x_wconf 79' lang='grc' dir='ltr'><strong>πεδίου,</strong></span> <span class='ocrx_word' id='word_1_216' title='bbox 3477 761 3568 816; x_wconf 84' lang='grc' dir='ltr'>ὅτι</span> <span class='ocrx_word' id='word_1_217' title='bbox 3596 762 3713 832; x_wconf 71' lang='grc' dir='ltr'><strong>ἐγὼ</strong></span> 
     </span>
    </p>
   </div>
   <div class='ocr_carea' id='block_1_36' title="bbox 2126 849 3711 924">
    <p class='ocr_par' dir='ltr' id='par_1_36' title="bbox 2126 849 3711 924">
     <span class='ocr_line' id='line_1_36' title="bbox 2126 849 3711 924; baseline 0.002 -20"><span class='ocrx_word' id='word_1_218' title='bbox 2126 851 2361 918; x_wconf 83' lang='grc' dir='ltr'>Κύριος.</span> <span class='ocrx_word' id='word_1_219' title='bbox 2387 849 2552 904; x_wconf 91' lang='grc' dir='ltr'>Ξύλον</span> <span class='ocrx_word' id='word_1_220' title='bbox 2586 853 2702 905; x_wconf 75' lang='grc' dir='ltr'>ἐστὶ</span> <span class='ocrx_word' id='word_1_221' title='bbox 2735 852 2896 921; x_wconf 85' lang='grc' dir='ltr'>φύσις</span> <span class='ocrx_word' id='word_1_222' title='bbox 2922 853 3114 924; x_wconf 86' lang='grc' dir='ltr'>λογική</span> <span class='ocrx_word' id='word_1_223' title='bbox 3137 870 3150 884; x_wconf 79' lang='grc'><strong><em>⁸</em></strong></span> <span class='ocrx_word' id='word_1_224' title='bbox 3192 853 3374 906; x_wconf 86' lang='grc' dir='ltr'>πεδίον</span> <span class='ocrx_word' id='word_1_225' title='bbox 3411 852 3561 906; x_wconf 74' lang='grc' dir='ltr'>ἐστὶν</span> <span class='ocrx_word' id='word_1_226' title='bbox 3591 854 3711 924; x_wconf 72' lang='grc' dir='ltr'>ἦτοι</span> 
     </span>
    </p>
   </div>
   <div class='ocr_carea' id='block_1_37' title="bbox 2126 940 3440 1015">
    <p class='ocr_par' dir='ltr' id='par_1_37' title="bbox 2126 940 3440 1015">
     <span class='ocr_line' id='line_1_37' title="bbox 2126 940 3440 1015; baseline 0.002 -23"><span class='ocrx_word' id='word_1_227' title='bbox 2126 940 2187 993; x_wconf 80' lang='grc' dir='ltr'><strong>τὸ</strong></span> <span class='ocrx_word' id='word_1_228' title='bbox 2214 940 2413 1005; x_wconf 86' lang='grc' dir='ltr'>πλάτος</span> <span class='ocrx_word' id='word_1_229' title='bbox 2442 941 2553 995; x_wconf 88' lang='grc' dir='ltr'><strong>τῶν</strong></span> <span class='ocrx_word' id='word_1_230' title='bbox 2579 941 2773 1010; x_wconf 82' lang='grc' dir='ltr'>λόγων,</span> <span class='ocrx_word' id='word_1_231' title='bbox 2798 942 2830 1012; x_wconf 85' lang='grc' dir='ltr'>ἢ</span> <span class='ocrx_word' id='word_1_232' title='bbox 2861 943 2911 995; x_wconf 80' lang='grc' dir='ltr'><strong>οἱ</strong></span> <span class='ocrx_word' id='word_1_233' title='bbox 2939 941 3241 1015; x_wconf 83' lang='grc' dir='ltr'>κατώτεροι</span> <span class='ocrx_word' id='word_1_234' title='bbox 3263 943 3440 997; x_wconf 88' lang='grc' dir='ltr'>τόποι.</span> 
     </span>
    </p>
   </div>
   <div class='ocr_carea' id='block_1_38' title="bbox 2209 1024 3712 1104">
    <p class='ocr_par' dir='ltr' id='par_1_38' title="bbox 2209 1024 3712 1104">
     <span class='ocr_line' id='line_1_38' title="bbox 2209 1024 3712 1104; baseline 0.003 -21"><span class='ocrx_word' id='word_1_235' title='bbox 2209 1030 2272 1083; x_wconf 91' lang='lat'><strong>&#39;0</strong></span> <span class='ocrx_word' id='word_1_236' title='bbox 2293 1031 2586 1086; x_wconf 73' lang='grc' dir='ltr'><strong>ταπεινῶν</strong></span> <span class='ocrx_word' id='word_1_237' title='bbox 2608 1024 2799 1097; x_wconf 70' lang='grc' dir='ltr'>ξύλον</span> <span class='ocrx_word' id='word_1_238' title='bbox 2829 1034 3094 1102; x_wconf 70' lang='grc' dir='ltr'><strong>ὑψηλόν.</strong></span> <span class='ocrx_word' id='word_1_239' title='bbox 3131 1033 3298 1088; x_wconf 88' lang='grc' dir='ltr'>Ξύλον</span> <span class='ocrx_word' id='word_1_240' title='bbox 3333 1032 3536 1104; x_wconf 71' lang='grc' dir='ltr'>ὑψηλόν</span> <span class='ocrx_word' id='word_1_241' title='bbox 3561 1035 3712 1087; x_wconf 77' lang='grc' dir='ltr'>ἐστιν</span> 
     </span>
    </p>
   </div>
   <div class='ocr_carea' id='block_1_39' title="bbox 2131 1121 3713 1198">
    <p class='ocr_par' dir='ltr' id='par_1_39' title="bbox 2131 1121 3713 1198">
     <span class='ocr_line' id='line_1_39' title="bbox 2131 1121 3713 1198; baseline 0.003 -23"><span class='ocrx_word' id='word_1_242' title='bbox 2131 1124 2160 1174; x_wconf 85' lang='grc' dir='ltr'>ὁ</span> <span class='ocrx_word' id='word_1_243' title='bbox 2180 1121 2305 1187; x_wconf 83' lang='grc' dir='ltr'>λαὸς</span> <span class='ocrx_word' id='word_1_244' title='bbox 2335 1123 2569 1194; x_wconf 77' lang='grc' dir='ltr'><strong>ὑψωθεὶς</strong></span> <span class='ocrx_word' id='word_1_245' title='bbox 2584 1126 2703 1179; x_wconf 81' lang='grc' dir='ltr'>κατ’</span> <span class='ocrx_word' id='word_1_246' title='bbox 2719 1126 2918 1197; x_wconf 87' lang='grc' dir='ltr'>ἀρετήν</span> <span class='ocrx_word' id='word_1_247' title='bbox 2937 1143 3068 1179; x_wconf 87' lang='grc' dir='ltr'>ποτε</span> <span class='ocrx_word' id='word_1_248' title='bbox 3085 1143 3098 1156; x_wconf 72' lang='grc' dir='ltr'><strong>ο</strong></span> <span class='ocrx_word' id='word_1_249' title='bbox 3127 1124 3362 1198; x_wconf 71' lang='grc' dir='ltr'>ὑψωθεὶς</span> <span class='ocrx_word' id='word_1_250' title='bbox 3384 1125 3441 1178; x_wconf 83' lang='grc' dir='ltr'>δὲ</span> <span class='ocrx_word' id='word_1_251' title='bbox 3456 1125 3550 1180; x_wconf 75' lang='grc' dir='ltr'><strong>καὶ</strong></span> <span class='ocrx_word' id='word_1_252' title='bbox 3570 1124 3713 1195; x_wconf 78' lang='grc' dir='ltr'>κατᾲ</span> 
     </span>
    </p>
   </div>
   <div class='ocr_carea' id='block_1_40' title="bbox 2133 1212 3093 1287">
    <p class='ocr_par' dir='ltr' id='par_1_40' title="bbox 2133 1212 3093 1287">
     <span class='ocr_line' id='line_1_40' title="bbox 2133 1212 3093 1287; baseline 0.006 -22"><span class='ocrx_word' id='word_1_253' title='bbox 2133 1212 2331 1267; x_wconf 78' lang='grc' dir='ltr'>κακίαν</span> <span class='ocrx_word' id='word_1_254' title='bbox 2350 1254 2366 1281; x_wconf 92' lang='grc'><strong>,</strong></span> <span class='ocrx_word' id='word_1_255' title='bbox 2408 1214 2474 1267; x_wconf 88' lang='grc' dir='ltr'>δι’</span> <span class='ocrx_word' id='word_1_256' title='bbox 2503 1216 2568 1285; x_wconf 80' lang='grc' dir='ltr'>ἢν</span> <span class='ocrx_word' id='word_1_257' title='bbox 2596 1216 2691 1268; x_wconf 77' lang='grc' dir='ltr'>καὶ</span> <span class='ocrx_word' id='word_1_258' title='bbox 2731 1215 3093 1287; x_wconf 78' lang='grc' dir='ltr'>ἐταπεινώθη.</span> 
     </span>
    </p>
   </div>
   <div class='ocr_carea' id='block_1_41' title="bbox 2200 1303 3711 1372">
    <p class='ocr_par' dir='ltr' id='par_1_41' title="bbox 2200 1303 3711 1372">
     <span class='ocr_line' id='line_1_41' title="bbox 2200 1303 3711 1372; baseline 0.005 -16"><span class='ocrx_word' id='word_1_259' title='bbox 2200 1303 2309 1357; x_wconf 77' lang='grc' dir='ltr'><strong>Καὶ</strong></span> <span class='ocrx_word' id='word_1_260' title='bbox 2332 1306 2365 1357; x_wconf 82' lang='grc' dir='ltr'><em>ό</em></span> <span class='ocrx_word' id='word_1_261' title='bbox 2386 1303 2563 1372; x_wconf 71' lang='grc' dir='ltr'><strong>ὑψῶν</strong></span> <span class='ocrx_word' id='word_1_262' title='bbox 2585 1304 2774 1369; x_wconf 77' lang='grc' dir='ltr'>ξύλον</span> <span class='ocrx_word' id='word_1_263' title='bbox 2800 1308 3106 1367; x_wconf 78' lang='grc' dir='ltr'>ταπεινόν.</span> <span class='ocrx_word' id='word_1_264' title='bbox 3131 1308 3297 1364; x_wconf 78' lang='grc' dir='ltr'>Ξύλον</span> <span class='ocrx_word' id='word_1_265' title='bbox 3331 1310 3583 1365; x_wconf 79' lang='grc' dir='ltr'>ταπεινὸν</span> <span class='ocrx_word' id='word_1_266' title='bbox 3614 1312 3711 1364; x_wconf 79' lang='grc' dir='ltr'>καὶ</span> 
     </span>
    </p>
   </div>
   <div class='ocr_carea' id='block_1_42' title="bbox 2131 1394 3713 1475">
    <p class='ocr_par' dir='ltr' id='par_1_42' title="bbox 2131 1394 3713 1475">
     <span class='ocr_line' id='line_1_42' title="bbox 2131 1394 3713 1475; baseline 0.006 -27"><span class='ocrx_word' id='word_1_267' title='bbox 2131 1394 2472 1466; x_wconf 76' lang='grc' dir='ltr'>χαμαίζηλόν</span> <span class='ocrx_word' id='word_1_268' title='bbox 2506 1398 2654 1450; x_wconf 80' lang='grc' dir='ltr'>ἐστιν</span> <span class='ocrx_word' id='word_1_269' title='bbox 2682 1398 2710 1450; x_wconf 88' lang='grc' dir='ltr'>ὁ</span> <span class='ocrx_word' id='word_1_270' title='bbox 2742 1397 2870 1465; x_wconf 74' lang='grc' dir='ltr'>λαὸς</span> <span class='ocrx_word' id='word_1_271' title='bbox 2903 1399 3103 1453; x_wconf 76' lang='grc' dir='ltr'>ὲθνῶνο</span> <span class='ocrx_word' id='word_1_272' title='bbox 3147 1402 3397 1456; x_wconf 81' lang='grc' dir='ltr'>ταπεινὸν</span> <span class='ocrx_word' id='word_1_273' title='bbox 3435 1405 3492 1456; x_wconf 83' lang='grc' dir='ltr'>ὲν</span> <span class='ocrx_word' id='word_1_274' title='bbox 3535 1404 3713 1475; x_wconf 79' lang='grc' dir='ltr'>ἀμαρ-</span> 
     </span>
    </p>
   </div>
   <div class='ocr_carea' id='block_1_43' title="bbox 2130 1486 3711 1563">
    <p class='ocr_par' dir='ltr' id='par_1_43' title="bbox 2130 1486 3711 1563">
     <span class='ocr_line' id='line_1_43' title="bbox 2130 1486 3711 1563; baseline 0.006 -24"><span class='ocrx_word' id='word_1_275' title='bbox 2130 1487 2271 1550; x_wconf 84' lang='grc' dir='ltr'>τίαις</span> <span class='ocrx_word' id='word_1_276' title='bbox 2293 1503 2306 1517; x_wconf 82' lang='grc'><em>’</em></span> <span class='ocrx_word' id='word_1_277' title='bbox 2336 1487 2608 1552; x_wconf 77' lang='grc' dir='ltr'>ταπεινὸν,</span> <span class='ocrx_word' id='word_1_278' title='bbox 2649 1489 2731 1541; x_wconf 83' lang='grc' dir='ltr'>ὅτι</span> <span class='ocrx_word' id='word_1_279' title='bbox 2764 1488 3007 1544; x_wconf 84' lang='grc' dir='ltr'>κάτωθεν</span> <span class='ocrx_word' id='word_1_280' title='bbox 3033 1486 3222 1563; x_wconf 79' lang='grc' dir='ltr'>ἧρξεν,</span> <span class='ocrx_word' id='word_1_281' title='bbox 3253 1493 3416 1547; x_wconf 77' lang='grc' dir='ltr'>οἱονεὶ</span> <span class='ocrx_word' id='word_1_282' title='bbox 3446 1494 3552 1547; x_wconf 76' lang='grc' dir='ltr'><strong>ἀπὸ</strong></span> <span class='ocrx_word' id='word_1_283' title='bbox 3581 1512 3711 1547; x_wconf 87' lang='grc' dir='ltr'>παι-</span> 
     </span>
    </p>
   </div>
   <div class='ocr_carea' id='block_1_44' title="bbox 2130 1579 3714 1659">
    <p class='ocr_par' dir='ltr' id='par_1_44' title="bbox 2130 1579 3714 1659">
     <span class='ocr_line' id='line_1_44' title="bbox 2130 1579 3714 1659; baseline 0.007 -28"><span class='ocrx_word' id='word_1_284' title='bbox 2130 1579 2278 1643; x_wconf 88' lang='grc' dir='ltr'>δείας</span> <span class='ocrx_word' id='word_1_285' title='bbox 2319 1579 2413 1631; x_wconf 76' lang='grc' dir='ltr'>ἐπὶ</span> <span class='ocrx_word' id='word_1_286' title='bbox 2440 1579 2500 1633; x_wconf 83' lang='grc' dir='ltr'><strong>τὸ</strong></span> <span class='ocrx_word' id='word_1_287' title='bbox 2535 1580 2704 1653; x_wconf 83' lang='grc' dir='ltr'>ἄκρον</span> <span class='ocrx_word' id='word_1_288' title='bbox 2740 1582 3086 1655; x_wconf 64' lang='grc' dir='ltr'>ὑψωθήσεται</span> <span class='ocrx_word' id='word_1_289' title='bbox 3120 1585 3263 1639; x_wconf 84' lang='grc' dir='ltr'>κατὰ</span> <span class='ocrx_word' id='word_1_290' title='bbox 3304 1586 3365 1640; x_wconf 79' lang='grc' dir='ltr'>τὸ</span> <span class='ocrx_word' id='word_1_291' title='bbox 3393 1588 3714 1659; x_wconf 81' lang='grc' dir='ltr'>γεγραμμέ-</span> 
     </span>
    </p>
   </div>
   <div class='ocr_carea' id='block_1_45' title="bbox 2132 1672 3190 1743">
    <p class='ocr_par' dir='ltr' id='par_1_45' title="bbox 2132 1672 3190 1743">
     <span class='ocr_line' id='line_1_45' title="bbox 2132 1672 3190 1743; baseline 0.006 -21"><span class='ocrx_word' id='word_1_292' title='bbox 2132 1687 2221 1723; x_wconf 89' lang='grc' dir='ltr'><strong>νον</strong></span> <span class='ocrx_word' id='word_1_293' title='bbox 2240 1686 2253 1700; x_wconf 88' lang='grc'><strong>·</strong></span> <span class='ocrx_word' id='word_1_294' title='bbox 2286 1672 2572 1724; x_wconf 79' lang='grc' dir='ltr'>Ἔσονται</span> <span class='ocrx_word' id='word_1_295' title='bbox 2595 1674 2649 1725; x_wconf 83' lang='grc' dir='ltr'>οἱ</span> <span class='ocrx_word' id='word_1_296' title='bbox 2677 1673 2923 1742; x_wconf 77' lang='grc' dir='ltr'>ἔσχατοι</span> <span class='ocrx_word' id='word_1_297' title='bbox 2954 1673 3190 1743; x_wconf 79' lang='grc' dir='ltr'>πρῶτοι.</span> 
     </span>
    </p>
   </div>
   <div class='ocr_carea' id='block_1_46' title="bbox 2203 1761 3713 1839">
    <p class='ocr_par' dir='ltr' id='par_1_46' title="bbox 2203 1761 3713 1839">
     <span class='ocr_line' id='line_1_46' title="bbox 2203 1761 3713 1839; baseline 0.004 -22"><span class='ocrx_word' id='word_1_298' title='bbox 2203 1761 2313 1817; x_wconf 80' lang='grc' dir='ltr'><strong>Καὶ</strong></span> <span class='ocrx_word' id='word_1_299' title='bbox 2342 1762 2640 1830; x_wconf 55' lang='lat' dir='ltr'><strong>{malum</strong></span> <span class='ocrx_word' id='word_1_300' title='bbox 2672 1762 2863 1827; x_wconf 78' lang='grc' dir='ltr'>ξύλον</span> <span class='ocrx_word' id='word_1_301' title='bbox 2886 1765 3140 1834; x_wconf 77' lang='grc' dir='ltr'>χλωρόν.</span> <span class='ocrx_word' id='word_1_302' title='bbox 3172 1765 3339 1819; x_wconf 89' lang='grc' dir='ltr'>Ξύλον</span> <span class='ocrx_word' id='word_1_303' title='bbox 3363 1766 3570 1839; x_wconf 89' lang='grc' dir='ltr'>χλωρόν</span> <span class='ocrx_word' id='word_1_304' title='bbox 3596 1769 3713 1826; x_wconf 77' lang='grc' dir='ltr'>ἐστι</span> 
     </span>
    </p>
   </div>
   <div class='ocr_carea' id='block_1_47' title="bbox 2132 1853 3715 1929">
    <p class='ocr_par' dir='ltr' id='par_1_47' title="bbox 2132 1853 3715 1929">
     <span class='ocr_line' id='line_1_47' title="bbox 2132 1853 3715 1929; baseline 0.004 -23"><span class='ocrx_word' id='word_1_305' title='bbox 2132 1854 2193 1907; x_wconf 84' lang='grc' dir='ltr'><strong>τὸ</strong></span> <span class='ocrx_word' id='word_1_306' title='bbox 2221 1853 2329 1918; x_wconf 81' lang='grc' dir='ltr'>ζῶν</span> <span class='ocrx_word' id='word_1_307' title='bbox 2374 1853 2431 1906; x_wconf 82' lang='grc' dir='ltr'>ὲν</span> <span class='ocrx_word' id='word_1_308' title='bbox 2479 1853 2590 1923; x_wconf 80' lang='grc' dir='ltr'>ζωῇ</span> <span class='ocrx_word' id='word_1_309' title='bbox 2626 1853 2999 1925; x_wconf 77' lang='grc' dir='ltr'>δικαιοσύνης·</span> <span class='ocrx_word' id='word_1_310' title='bbox 3032 1855 3186 1922; x_wconf 81' lang='grc' dir='ltr'>ξύλον</span> <span class='ocrx_word' id='word_1_311' title='bbox 3220 1855 3276 1909; x_wconf 82' lang='grc' dir='ltr'><strong>δὲ</strong></span> <span class='ocrx_word' id='word_1_312' title='bbox 3309 1856 3471 1929; x_wconf 81' lang='grc' dir='ltr'>ξηρόν</span> <span class='ocrx_word' id='word_1_313' title='bbox 3502 1861 3620 1914; x_wconf 77' lang='grc' dir='ltr'>ἐστι</span> <span class='ocrx_word' id='word_1_314' title='bbox 3651 1859 3715 1913; x_wconf 70' lang='grc' dir='ltr'>τὸ</span> 
     </span>
    </p>
   </div>
   <div class='ocr_carea' id='block_1_48' title="bbox 2134 1943 3393 2019">
    <p class='ocr_par' dir='ltr' id='par_1_48' title="bbox 2134 1943 3393 2019">
     <span class='ocr_line' id='line_1_48' title="bbox 2134 1943 3393 2019; baseline 0.002 -21"><span class='ocrx_word' id='word_1_315' title='bbox 2134 1945 2241 2011; x_wconf 78' lang='grc' dir='ltr'>ζῶν</span> <span class='ocrx_word' id='word_1_316' title='bbox 2266 1947 2321 1997; x_wconf 79' lang='grc' dir='ltr'><strong>ὲν</strong></span> <span class='ocrx_word' id='word_1_317' title='bbox 2347 1944 2458 2014; x_wconf 81' lang='grc' dir='ltr'><strong>ζωῇ</strong></span> <span class='ocrx_word' id='word_1_318' title='bbox 2491 1943 2789 2016; x_wconf 86' lang='grc' dir='ltr'>ἁμαρτίας·</span> <span class='ocrx_word' id='word_1_319' title='bbox 2825 1944 2906 1998; x_wconf 81' lang='grc' dir='ltr'><strong>διὸ</strong></span> <span class='ocrx_word' id='word_1_320' title='bbox 2936 1947 3030 1999; x_wconf 77' lang='grc' dir='ltr'><strong>καὶ</strong></span> <span class='ocrx_word' id='word_1_321' title='bbox 3061 1946 3393 2019; x_wconf 80' lang='grc' dir='ltr'>ξηραίνεται.</span> 
     </span>
    </p>
   </div>
   <div class='ocr_carea' id='block_1_49' title="bbox 2210 2034 3711 2111">
    <p class='ocr_par' dir='ltr' id='par_1_49' title="bbox 2210 2034 3711 2111">
     <span class='ocr_line' id='line_1_49' title="bbox 2210 2034 3711 2111; baseline 0.003 -21"><span class='ocrx_word' id='word_1_322' title='bbox 2210 2036 2320 2090; x_wconf 89' lang='grc' dir='ltr'><strong>Τοῦ</strong></span> <span class='ocrx_word' id='word_1_323' title='bbox 2345 2035 2551 2089; x_wconf 84' lang='grc' dir='ltr'>αὐτοῦ.</span> <span class='ocrx_word' id='word_1_324' title='bbox 2588 2034 2753 2087; x_wconf 88' lang='grc' dir='ltr'>Ξύλον</span> <span class='ocrx_word' id='word_1_325' title='bbox 2781 2034 2890 2107; x_wconf 83' lang='grc' dir='ltr'><strong>γάρ</strong></span> <span class='ocrx_word' id='word_1_326' title='bbox 2924 2038 3040 2091; x_wconf 81' lang='grc' dir='ltr'>ἐστι</span> <span class='ocrx_word' id='word_1_327' title='bbox 3066 2039 3278 2110; x_wconf 83' lang='grc' dir='ltr'>νοητὸν,</span> <span class='ocrx_word' id='word_1_328' title='bbox 3318 2039 3478 2109; x_wconf 83' lang='grc' dir='ltr'>φύσις</span> <span class='ocrx_word' id='word_1_329' title='bbox 3500 2039 3711 2111; x_wconf 86' lang='grc' dir='ltr'>λογικὴ,</span> 
     </span>
    </p>
   </div>
   <div class='ocr_carea' id='block_1_50' title="bbox 2134 2125 3588 2203">
    <p class='ocr_par' dir='ltr' id='par_1_50' title="bbox 2134 2125 3588 2203">
     <span class='ocr_line' id='line_1_50' title="bbox 2134 2125 3588 2203; baseline 0.001 -20"><span class='ocrx_word' id='word_1_330' title='bbox 2134 2129 2242 2187; x_wconf 83' lang='grc' dir='ltr'><strong>ἀπὸ</strong></span> <span class='ocrx_word' id='word_1_331' title='bbox 2268 2127 2435 2199; x_wconf 81' lang='grc' dir='ltr'>μέσου</span> <span class='ocrx_word' id='word_1_332' title='bbox 2465 2125 2767 2202; x_wconf 82' lang='grc' dir='ltr'>ἀρξαμένη,</span> <span class='ocrx_word' id='word_1_333' title='bbox 2803 2130 2972 2200; x_wconf 86' lang='grc' dir='ltr'>μήπω</span> <span class='ocrx_word' id='word_1_334' title='bbox 2998 2128 3147 2194; x_wconf 79' lang='grc' dir='ltr'>ζῶσα</span> <span class='ocrx_word' id='word_1_335' title='bbox 3168 2132 3232 2191; x_wconf 79' lang='grc' dir='ltr'><strong>ἐν</strong></span> <span class='ocrx_word' id='word_1_336' title='bbox 3255 2131 3588 2203; x_wconf 81' lang='grc' dir='ltr'>δικαιοσύνῃ.</span> 
     </span>
    </p>
   </div>
   <div class='ocr_carea' id='block_1_51' title="bbox 2751 2312 3091 2365">
    <p class='ocr_par' dir='ltr' id='par_1_51' title="bbox 2751 2312 3091 2365">
     <span class='ocr_line' id='line_1_51' title="bbox 2751 2312 3091 2365; baseline 0 0"><span class='ocrx_word' id='word_1_337' title='bbox 2751 2312 2931 2365; x_wconf 84' lang='grc' dir='ltr'><strong>ΚΕΦ.</strong></span> <span class='ocrx_word' id='word_1_338' title='bbox 2971 2312 3091 2365; x_wconf 86' lang='lat' dir='ltr'><strong>IH’.</strong></span> 
     </span>
    </p>
   </div>
   <div class='ocr_carea' id='block_1_52' title="bbox 2209 2400 3714 2471">
    <p class='ocr_par' dir='ltr' id='par_1_52' title="bbox 2209 2400 3714 2471">
     <span class='ocr_line' id='line_1_52' title="bbox 2209 2400 3714 2471; baseline -0.001 -16"><span class='ocrx_word' id='word_1_339' title='bbox 2209 2405 2273 2457; x_wconf 83' lang='lat' dir='ltr'><strong>Ol</strong></span> <span class='ocrx_word' id='word_1_340' title='bbox 2297 2401 2547 2469; x_wconf 82' lang='grc' dir='ltr'>πατέρες</span> <span class='ocrx_word' id='word_1_341' title='bbox 2570 2402 2798 2471; x_wconf 72' lang='grc' dir='ltr'>ἔφαγον</span> <span class='ocrx_word' id='word_1_342' title='bbox 2829 2401 3085 2471; x_wconf 72' lang='grc' dir='ltr'>ὄμφακα.</span> <span class='ocrx_word' id='word_1_343' title='bbox 3126 2400 3373 2455; x_wconf 83' lang='grc' dir='ltr'>Διδάσκει</span> <span class='ocrx_word' id='word_1_344' title='bbox 3397 2401 3455 2454; x_wconf 81' lang='grc' dir='ltr'>ὲν</span> <span class='ocrx_word' id='word_1_345' title='bbox 3484 2400 3714 2464; x_wconf 83' lang='grc' dir='ltr'>τούτοις,</span> 
     </span>
    </p>
   </div>
   <div class='ocr_carea' id='block_1_53' title="bbox 2138 2491 3714 2565">
    <p class='ocr_par' dir='ltr' id='par_1_53' title="bbox 2138 2491 3714 2565">
     <span class='ocr_line' id='line_1_53' title="bbox 2138 2491 3714 2565; baseline -0.001 -20"><span class='ocrx_word' id='word_1_346' title='bbox 2138 2494 2218 2546; x_wconf 85' lang='grc' dir='ltr'><strong>ὅτι</strong></span> <span class='ocrx_word' id='word_1_347' title='bbox 2241 2492 2631 2564; x_wconf 70' lang='grc' dir='ltr'>’τὸ-λεγόμενον</span> <span class='ocrx_word' id='word_1_348' title='bbox 2664 2495 2720 2545; x_wconf 80' lang='grc' dir='ltr'>ὲν</span> <span class='ocrx_word' id='word_1_349' title='bbox 2762 2495 2875 2557; x_wconf 80' lang='grc' dir='ltr'>τοῖς</span> <span class='ocrx_word' id='word_1_350' title='bbox 2904 2493 3089 2563; x_wconf 83' lang='grc' dir='ltr'>νόμοις</span> <span class='ocrx_word' id='word_1_351' title='bbox 3128 2493 3220 2546; x_wconf 85' lang='grc' dir='ltr'><strong>τοῦ</strong></span> <span class='ocrx_word' id='word_1_352' title='bbox 3264 2491 3494 2565; x_wconf 83' lang='grc' dir='ltr'>Ἰσραὴλ,</span> <span class='ocrx_word' id='word_1_353' title='bbox 3529 2492 3714 2545; x_wconf 82' lang='grc' dir='ltr'>ἀποδί-</span> 
     </span>
    </p>
   </div>
   <div class='ocr_carea' id='block_1_54' title="bbox 2136 2582 3713 2656">
    <p class='ocr_par' dir='ltr' id='par_1_54' title="bbox 2136 2582 3713 2656">
     <span class='ocr_line' id='line_1_54' title="bbox 2136 2582 3713 2656; baseline -0.002 -19"><span class='ocrx_word' id='word_1_354' title='bbox 2136 2584 2322 2639; x_wconf 86' lang='grc' dir='ltr'>δοσθαι</span> <span class='ocrx_word' id='word_1_355' title='bbox 2356 2584 2631 2656; x_wconf 80' lang='grc' dir='ltr'>ἁμαρτίαν</span> <span class='ocrx_word' id='word_1_356' title='bbox 2662 2583 2914 2655; x_wconf 80' lang='grc' dir='ltr'>πατέρων</span> <span class='ocrx_word' id='word_1_357' title='bbox 2946 2583 3040 2637; x_wconf 71' lang='grc' dir='ltr'><strong>ἐπὶ</strong></span> <span class='ocrx_word' id='word_1_358' title='bbox 3067 2583 3251 2647; x_wconf 87' lang='grc' dir='ltr'>τέκνα,</span> <span class='ocrx_word' id='word_1_359' title='bbox 3285 2582 3564 2655; x_wconf 81' lang='grc' dir='ltr'>παραϐολή</span> <span class='ocrx_word' id='word_1_360' title='bbox 3596 2583 3713 2635; x_wconf 76' lang='grc' dir='ltr'>ἐστι</span> 
     </span>
    </p>
   </div>
   <div class='ocr_carea' id='block_1_55' title="bbox 2139 2674 2798 2748">
    <p class='ocr_par' dir='ltr' id='par_1_55' title="bbox 2139 2674 2798 2748">
     <span class='ocr_line' id='line_1_55' title="bbox 2139 2674 2798 2748; baseline -0.009 -14"><span class='ocrx_word' id='word_1_361' title='bbox 2139 2675 2415 2748; x_wconf 77' lang='grc' dir='ltr'>χρῄζουσα</span> <span class='ocrx_word' id='word_1_362' title='bbox 2440 2674 2798 2746; x_wconf 88' lang='grc' dir='ltr'>συνοράσεως.</span> 
     </span>
    </p>
   </div>
   <div class='ocr_carea' id='block_1_56' title="bbox 2217 2764 3717 2839">
    <p class='ocr_par' dir='ltr' id='par_1_56' title="bbox 2217 2764 3717 2839">
     <span class='ocr_line' id='line_1_56' title="bbox 2217 2764 3717 2839; baseline -0.003 -16"><span class='ocrx_word' id='word_1_363' title='bbox 2217 2767 2328 2823; x_wconf 88' lang='grc' dir='ltr'><strong>Τοῦ</strong></span> <span class='ocrx_word' id='word_1_364' title='bbox 2359 2766 2567 2821; x_wconf 81' lang='grc' dir='ltr'>αὐτοῦ.</span> <span class='ocrx_word' id='word_1_365' title='bbox 2607 2766 2830 2837; x_wconf 82' lang='grc' dir='ltr'>Ὄμφαξ</span> <span class='ocrx_word' id='word_1_366' title='bbox 2868 2766 3014 2819; x_wconf 79' lang='grc' dir='ltr'>ἐστὶν</span> <span class='ocrx_word' id='word_1_367' title='bbox 3047 2768 3080 2836; x_wconf 81' lang='grc' dir='ltr'>ἡ</span> <span class='ocrx_word' id='word_1_368' title='bbox 3123 2764 3367 2839; x_wconf 85' lang='grc' dir='ltr'>ἁμαρτία</span> <span class='ocrx_word' id='word_1_369' title='bbox 3395 2766 3431 2836; x_wconf 82' lang='grc' dir='ltr'>ὴ</span> <span class='ocrx_word' id='word_1_370' title='bbox 3475 2764 3717 2836; x_wconf 77' lang='grc' dir='ltr'>παράνοο</span> 
     </span>
    </p>
   </div>
   <div class='ocr_carea' id='block_1_57' title="bbox 2143 2855 3718 2929">
    <p class='ocr_par' dir='ltr' id='par_1_57' title="bbox 2143 2855 3718 2929">
     <span class='ocr_line' id='line_1_57' title="bbox 2143 2855 3718 2929; baseline -0.001 -18"><span class='ocrx_word' id='word_1_371' title='bbox 2143 2875 2265 2929; x_wconf 87' lang='grc' dir='ltr'>μος.</span> <span class='ocrx_word' id='word_1_372' title='bbox 2298 2858 2519 2929; x_wconf 81' lang='grc' dir='ltr'>Ὄμφαξ</span> <span class='ocrx_word' id='word_1_373' title='bbox 2547 2857 2784 2927; x_wconf 85' lang='grc' dir='ltr'>λέγεται,</span> <span class='ocrx_word' id='word_1_374' title='bbox 2813 2858 2893 2910; x_wconf 77' lang='grc' dir='ltr'><strong>ὅτι</strong></span> <span class='ocrx_word' id='word_1_375' title='bbox 2927 2858 2991 2910; x_wconf 82' lang='grc' dir='ltr'>ὲκ</span> <span class='ocrx_word' id='word_1_376' title='bbox 3016 2856 3126 2910; x_wconf 84' lang='grc' dir='ltr'><strong>τῶν</strong></span> <span class='ocrx_word' id='word_1_377' title='bbox 3155 2856 3396 2926; x_wconf 82' lang='grc' dir='ltr'>φυσικῶν</span> <span class='ocrx_word' id='word_1_378' title='bbox 3432 2856 3588 2927; x_wconf 83' lang='grc' dir='ltr'>ήμῶν</span> <span class='ocrx_word' id='word_1_379' title='bbox 3619 2855 3718 2920; x_wconf 83' lang='grc' dir='ltr'>τὰς</span> 
     </span>
    </p>
   </div>
   <div class='ocr_carea' id='block_1_58' title="bbox 2141 2947 3716 3021">
    <p class='ocr_par' dir='ltr' id='par_1_58' title="bbox 2141 2947 3716 3021">
     <span class='ocr_line' id='line_1_58' title="bbox 2141 2947 3716 3021; baseline -0.001 -19"><span class='ocrx_word' id='word_1_380' title='bbox 2141 2948 2396 3021; x_wconf 81' lang='grc' dir='ltr'>ἀφορμὰς</span> <span class='ocrx_word' id='word_1_381' title='bbox 2424 2948 2621 3020; x_wconf 75' lang='grc' dir='ltr'>ἔχουσα</span> <span class='ocrx_word' id='word_1_382' title='bbox 2650 2949 2977 3003; x_wconf 86' lang='grc' dir='ltr'>συνίσταται.</span> <span class='ocrx_word' id='word_1_383' title='bbox 3019 2949 3226 3020; x_wconf 79' lang='grc' dir='ltr'>Ὥσπερ</span> <span class='ocrx_word' id='word_1_384' title='bbox 3260 2949 3503 3018; x_wconf 83' lang='grc' dir='ltr'>φυσικῶς</span> <span class='ocrx_word' id='word_1_385' title='bbox 3543 2950 3571 3000; x_wconf 90' lang='grc' dir='ltr'>ὁ</span> <span class='ocrx_word' id='word_1_386' title='bbox 3613 2947 3716 3019; x_wconf 83' lang='grc' dir='ltr'><strong>ὅμ-</strong></span> 
     </span>
    </p>
   </div>
   <div class='ocr_carea' id='block_1_59' title="bbox 2102 3038 3720 3111">
    <p class='ocr_par' dir='ltr' id='par_1_59' title="bbox 2102 3038 3720 3111">
     <span class='ocr_line' id='line_1_59' title="bbox 2102 3038 3720 3111; baseline -0.001 -17"><span class='ocrx_word' id='word_1_387' title='bbox 2102 3048 2103 3051; x_wconf 71' lang='grc'><em>“</em></span> <span class='ocrx_word' id='word_1_388' title='bbox 2143 3039 2251 3109; x_wconf 78' lang='grc' dir='ltr'><strong>φαξ</strong></span> <span class='ocrx_word' id='word_1_389' title='bbox 2278 3041 2343 3093; x_wconf 78' lang='grc' dir='ltr'>ἐκ</span> <span class='ocrx_word' id='word_1_390' title='bbox 2367 3040 2467 3111; x_wconf 78' lang='grc' dir='ltr'>τῆς</span> <span class='ocrx_word' id='word_1_391' title='bbox 2498 3039 2743 3110; x_wconf 77' lang='grc' dir='ltr'>ἀμπέλου</span> <span class='ocrx_word' id='word_1_392' title='bbox 2783 3039 2949 3101; x_wconf 74' lang='grc' dir='ltr'>ἐστὶν,</span> <span class='ocrx_word' id='word_1_393' title='bbox 2988 3038 3131 3093; x_wconf 76' lang='grc' dir='ltr'>οὕτω</span> <span class='ocrx_word' id='word_1_394' title='bbox 3168 3039 3264 3093; x_wconf 69' lang='grc' dir='ltr'>καὶ</span> <span class='ocrx_word' id='word_1_395' title='bbox 3297 3038 3478 3108; x_wconf 79' lang='grc' dir='ltr'>ἡμεῖς,</span> <span class='ocrx_word' id='word_1_396' title='bbox 3512 3038 3606 3093; x_wconf 75' lang='grc' dir='ltr'><strong>ἐὰν</strong></span> <span class='ocrx_word' id='word_1_397' title='bbox 3642 3041 3720 3104; x_wconf 83' lang='grc' dir='ltr'>ὡς</span> 
     </span>
    </p>
   </div>
   <div class='ocr_carea' id='block_1_60' title="bbox 470 3130 2038 3209">
    <p class='ocr_par' dir='ltr' id='par_1_60' title="bbox 470 3133 2037 3209">
     <span class='ocr_line' id='line_1_60' title="bbox 470 3133 2037 3209; baseline 0.004 -18"><span class='ocrx_word' id='word_1_398' title='bbox 470 3135 516 3191; x_wconf 78' lang='grc' dir='ltr'>εἰ</span> <span class='ocrx_word' id='word_1_399' title='bbox 545 3133 886 3190; x_wconf 84' lang='lat' dir='ltr'><strong>trahentibus</strong></span> <span class='ocrx_word' id='word_1_400' title='bbox 917 3133 1258 3189; x_wconf 85' lang='lat' dir='ltr'><strong>naturalibus</strong></span> <span class='ocrx_word' id='word_1_401' title='bbox 1301 3135 1541 3190; x_wconf 84' lang='lat' dir='ltr'><strong>motibus</strong></span> <span class='ocrx_word' id='word_1_402' title='bbox 1589 3136 1956 3209; x_wconf 86' lang='lat' dir='ltr'><strong>obsequamur</strong></span> <span class='ocrx_word' id='word_1_403' title='bbox 1986 3143 2037 3198; x_wconf 90' lang='lat' dir='ltr'><strong>in</strong></span> 
     </span>
    </p>
   </div>
   <div class='ocr_carea' id='block_1_61' title="bbox 2138 3130 3717 3209">
    <p class='ocr_par' dir='ltr' id='par_1_61' title="bbox 2142 3130 3717 3203">
     <span class='ocr_line' id='line_1_61' title="bbox 2142 3130 3717 3203; baseline 0.001 -20"><span class='ocrx_word' id='word_1_404' title='bbox 2142 3130 2388 3184; x_wconf 75' lang='grc' dir='ltr'>ἕλκουσιν</span> <span class='ocrx_word' id='word_1_405' title='bbox 2420 3133 2478 3184; x_wconf 76' lang='grc' dir='ltr'>αἱ</span> <span class='ocrx_word' id='word_1_406' title='bbox 2525 3134 2752 3200; x_wconf 70' lang='grc' dir='ltr'>φυσικαὶ</span> <span class='ocrx_word' id='word_1_407' title='bbox 2795 3133 3039 3203; x_wconf 87' lang='grc' dir='ltr'>κινήσεις</span> <span class='ocrx_word' id='word_1_408' title='bbox 3081 3131 3532 3203; x_wconf 75' lang='grc' dir='ltr'>ἀκολουθήσωμεν</span> <span class='ocrx_word' id='word_1_409' title='bbox 3562 3134 3618 3184; x_wconf 77' lang='grc' dir='ltr'><strong>ἐν</strong></span> <span class='ocrx_word' id='word_1_410' title='bbox 3650 3135 3717 3203; x_wconf 78' lang='grc' dir='ltr'>τῇ</span> 
     </span>
    </p>
   </div>
   <div class='ocr_carea' id='block_1_62' title="bbox 468 3225 1707 3297">
    <p class='ocr_par' dir='ltr' id='par_1_62' title="bbox 468 3225 1707 3297">
     <span class='ocr_line' id='line_1_62' title="bbox 468 3225 1707 3297; baseline 0.002 -17"><span class='ocrx_word' id='word_1_411' title='bbox 468 3229 645 3297; x_wconf 80' lang='lat' dir='ltr'><strong>prima</strong></span> <span class='ocrx_word' id='word_1_412' title='bbox 672 3235 849 3291; x_wconf 65' lang='lat' dir='ltr'><strong>aetate,</strong></span> <span class='ocrx_word' id='word_1_413' title='bbox 880 3239 1039 3278; x_wconf 88' lang='lat' dir='ltr'><strong>uvam</strong></span> <span class='ocrx_word' id='word_1_414' title='bbox 1068 3225 1318 3279; x_wconf 86' lang='lat' dir='ltr'><strong>acerbam</strong></span> <span class='ocrx_word' id='word_1_415' title='bbox 1344 3227 1707 3284; x_wconf 88' lang='lat' dir='ltr'><strong>comedimus.</strong></span> 
     </span>
    </p>
   </div>
   <div class='ocr_carea' id='block_1_63' title="bbox 545 3315 2045 3392">
    <p class='ocr_par' dir='ltr' id='par_1_63' title="bbox 545 3315 2045 3392">
     <span class='ocr_line' id='line_1_63' title="bbox 545 3315 2045 3392; baseline 0.005 -20"><span class='ocrx_word' id='word_1_416' title='bbox 545 3319 818 3388; x_wconf 80' lang='lat' dir='ltr'><strong>Ejusdem.</strong></span> <span class='ocrx_word' id='word_1_417' title='bbox 861 3315 976 3371; x_wconf 90' lang='lat' dir='ltr'><strong>Uva</strong></span> <span class='ocrx_word' id='word_1_418' title='bbox 1004 3317 1197 3372; x_wconf 85' lang='lat' dir='ltr'><strong>acerba</strong></span> <span class='ocrx_word' id='word_1_419' title='bbox 1236 3326 1522 3387; x_wconf 85' lang='lat' dir='ltr'><strong>peccatum</strong></span> <span class='ocrx_word' id='word_1_420' title='bbox 1550 3328 1668 3386; x_wconf 87' lang='lat' dir='ltr'><strong>est;</strong></span> <span class='ocrx_word' id='word_1_421' title='bbox 1696 3329 1888 3392; x_wconf 88' lang='lat' dir='ltr'><strong>stupor</strong></span> <span class='ocrx_word' id='word_1_422' title='bbox 1905 3322 2045 3379; x_wconf 76' lang='lat' dir='ltr'><strong>den-</strong></span> 
     </span>
    </p>
   </div>
   <div class='ocr_carea' id='block_1_64' title="bbox 470 3407 2043 3479">
    <p class='ocr_par' dir='ltr' id='par_1_64' title="bbox 470 3407 2043 3479">
     <span class='ocr_line' id='line_1_64' title="bbox 470 3407 2043 3479; baseline 0.003 -14"><span class='ocrx_word' id='word_1_423' title='bbox 470 3410 631 3475; x_wconf 78' lang='lat' dir='ltr'><strong>tium,</strong></span> <span class='ocrx_word' id='word_1_424' title='bbox 680 3424 742 3462; x_wconf 87' lang='lat' dir='ltr'><strong>ea</strong></span> <span class='ocrx_word' id='word_1_425' title='bbox 770 3423 891 3477; x_wconf 71' lang='lat' dir='ltr'><strong>qua:</strong></span> <span class='ocrx_word' id='word_1_426' title='bbox 922 3407 976 3461; x_wconf 84' lang='lat' dir='ltr'><strong>in</strong></span> <span class='ocrx_word' id='word_1_427' title='bbox 1003 3417 1231 3477; x_wconf 86' lang='lat' dir='ltr'><strong>peccato</strong></span> <span class='ocrx_word' id='word_1_428' title='bbox 1262 3415 1315 3461; x_wconf 89' lang='lat' dir='ltr'><strong>ct</strong></span> <span class='ocrx_word' id='word_1_429' title='bbox 1343 3423 1440 3477; x_wconf 90' lang='lat' dir='ltr'><strong>per</strong></span> <span class='ocrx_word' id='word_1_430' title='bbox 1464 3418 1748 3479; x_wconf 84' lang='lat' dir='ltr'><strong>peccatum</strong></span> <span class='ocrx_word' id='word_1_431' title='bbox 1797 3415 2043 3471; x_wconf 84' lang='lat' dir='ltr'><strong>mortalis</strong></span> 
     </span>
    </p>
   </div>
   <div class='ocr_carea' id='block_1_65' title="bbox 472 3498 1466 3563">
    <p class='ocr_par' dir='ltr' id='par_1_65' title="bbox 472 3498 1466 3563">
     <span class='ocr_line' id='line_1_65' title="bbox 472 3498 1466 3563; baseline -0.003 -8"><span class='ocrx_word' id='word_1_432' title='bbox 472 3500 714 3555; x_wconf 83' lang='lat' dir='ltr'><strong>conditio</strong></span> <span class='ocrx_word' id='word_1_433' title='bbox 743 3508 861 3563; x_wconf 88' lang='lat' dir='ltr'><strong>est;</strong></span> <span class='ocrx_word' id='word_1_434' title='bbox 894 3498 1106 3561; x_wconf 86' lang='lat' dir='ltr'><strong>dentes,</strong></span> <span class='ocrx_word' id='word_1_435' title='bbox 1140 3498 1224 3553; x_wconf 90' lang='lat' dir='ltr'><strong>vis</strong></span> <span class='ocrx_word' id='word_1_436' title='bbox 1252 3498 1466 3552; x_wconf 69' lang='lat' dir='ltr'><strong>animm.</strong></span> 
     </span>
    </p>
   </div>
   <div class='ocr_carea' id='block_1_66' title="bbox 542 3588 2044 3667">
    <p class='ocr_par' dir='ltr' id='par_1_66' title="bbox 542 3588 2044 3667">
     <span class='ocr_line' id='line_1_66' title="bbox 542 3588 2044 3667; baseline 0.005 -24"><span class='ocrx_word' id='word_1_437' title='bbox 542 3590 602 3644; x_wconf 87' lang='lat' dir='ltr'><strong>Si</strong></span> <span class='ocrx_word' id='word_1_438' title='bbox 632 3590 792 3659; x_wconf 75' lang='lat' dir='ltr'><strong>fuerit</strong></span> <span class='ocrx_word' id='word_1_439' title='bbox 824 3589 969 3642; x_wconf 88' lang='lat' dir='ltr'><strong>ultra</strong></span> <span class='ocrx_word' id='word_1_440' title='bbox 1016 3588 1275 3657; x_wconf 80' lang='lat' dir='ltr'><strong>parabala</strong></span> <span class='ocrx_word' id='word_1_441' title='bbox 1302 3589 1368 3641; x_wconf 73' lang='grc'><strong>⁸⁸.</strong></span> <span class='ocrx_word' id='word_1_442' title='bbox 1432 3588 1710 3647; x_wconf 59' lang='lat' dir='ltr'><strong>Parabolas</strong></span> <span class='ocrx_word' id='word_1_443' title='bbox 1744 3608 1850 3647; x_wconf 88' lang='lat' dir='ltr'><strong>non</strong></span> <span class='ocrx_word' id='word_1_444' title='bbox 1880 3594 2044 3667; x_wconf 62' lang='lat'><strong>433</strong></span> 
     </span>
    </p>
   </div>
   <div class='ocr_carea' id='block_1_67' title="bbox 470 3681 2047 3752">
    <p class='ocr_par' dir='ltr' id='par_1_67' title="bbox 470 3681 2047 3752">
     <span class='ocr_line' id='line_1_67' title="bbox 470 3681 2047 3752; baseline 0.004 -17"><span class='ocrx_word' id='word_1_445' title='bbox 470 3683 648 3751; x_wconf 84' lang='lat' dir='ltr'><strong>reipsa</strong></span> <span class='ocrx_word' id='word_1_446' title='bbox 678 3689 805 3736; x_wconf 90' lang='lat' dir='ltr'><strong>sunt</strong></span> <span class='ocrx_word' id='word_1_447' title='bbox 832 3681 977 3751; x_wconf 88' lang='lat' dir='ltr'><strong>quod</strong></span> <span class='ocrx_word' id='word_1_448' title='bbox 1017 3681 1306 3746; x_wconf 87' lang='lat' dir='ltr'><strong>dicuntur,</strong></span> <span class='ocrx_word' id='word_1_449' title='bbox 1343 3682 1435 3737; x_wconf 82' lang='lat' dir='ltr'><strong>sed</strong></span> <span class='ocrx_word' id='word_1_450' title='bbox 1464 3682 1691 3752; x_wconf 87' lang='lat' dir='ltr'><strong>spiritali</strong></span> <span class='ocrx_word' id='word_1_451' title='bbox 1725 3700 1886 3741; x_wconf 90' lang='lat' dir='ltr'><strong>sensu</strong></span> <span class='ocrx_word' id='word_1_452' title='bbox 1916 3696 2047 3743; x_wconf 88' lang='lat' dir='ltr'><strong>sunt</strong></span> 
     </span>
    </p>
   </div>
   <div class='ocr_carea' id='block_1_68' title="bbox 471 3773 2045 3848">
    <p class='ocr_par' dir='ltr' id='par_1_68' title="bbox 471 3773 2045 3848">
     <span class='ocr_line' id='line_1_68' title="bbox 471 3773 2045 3848; baseline 0.003 -19"><span class='ocrx_word' id='word_1_453' title='bbox 471 3773 850 3845; x_wconf 71' lang='lat' dir='ltr'><strong>iutelligcudse.</strong></span> <span class='ocrx_word' id='word_1_454' title='bbox 911 3773 1021 3829; x_wconf 77' lang='lat' dir='ltr'><strong>Lex</strong></span> <span class='ocrx_word' id='word_1_455' title='bbox 1048 3789 1170 3843; x_wconf 76' lang='lat' dir='ltr'><strong>quae</strong></span> <span class='ocrx_word' id='word_1_456' title='bbox 1211 3773 1347 3828; x_wconf 76' lang='lat' dir='ltr'><strong>dixit</strong></span> <span class='ocrx_word' id='word_1_457' title='bbox 1395 3776 1544 3830; x_wconf 84' lang='lat' dir='ltr'><strong>reddi</strong></span> <span class='ocrx_word' id='word_1_458' title='bbox 1575 3787 1794 3845; x_wconf 88' lang='lat' dir='ltr'><strong>peccata</strong></span> <span class='ocrx_word' id='word_1_459' title='bbox 1829 3788 2045 3848; x_wconf 86' lang='lat' dir='ltr'><strong>patrum</strong></span> 
     </span>
    </p>
   </div>
   <div class='ocr_carea' id='block_1_69' title="bbox 371 3865 2045 3940">
    <p class='ocr_par' dir='ltr' id='par_1_69' title="bbox 371 3865 2045 3940">
     <span class='ocr_line' id='line_1_69' title="bbox 371 3865 2045 3940; baseline 0.004 -20"><span class='ocrx_word' id='word_1_460' title='bbox 371 3904 386 3920; x_wconf 88' lang='lat'><strong>.</strong></span> <span class='ocrx_word' id='word_1_461' title='bbox 471 3868 526 3921; x_wconf 83' lang='lat' dir='ltr'><strong>in</strong></span> <span class='ocrx_word' id='word_1_462' title='bbox 554 3867 714 3933; x_wconf 91' lang='lat' dir='ltr'><strong>ﬁlios,</strong></span> <span class='ocrx_word' id='word_1_463' title='bbox 754 3865 892 3919; x_wconf 80' lang='lat' dir='ltr'><strong>dixit</strong></span> <span class='ocrx_word' id='word_1_464' title='bbox 927 3879 1144 3934; x_wconf 89' lang='lat' dir='ltr'><strong>quoque</strong></span> <span class='ocrx_word' id='word_1_465' title='bbox 1188 3879 1297 3919; x_wconf 90' lang='lat' dir='ltr'><strong>non</strong></span> <span class='ocrx_word' id='word_1_466' title='bbox 1326 3868 1620 3921; x_wconf 90' lang='lat' dir='ltr'><strong>morituros</strong></span> <span class='ocrx_word' id='word_1_467' title='bbox 1650 3866 1787 3924; x_wconf 91' lang='lat' dir='ltr'><strong>ﬁlios</strong></span> <span class='ocrx_word' id='word_1_468' title='bbox 1819 3885 1916 3939; x_wconf 90' lang='lat' dir='ltr'><strong>pro</strong></span> <span class='ocrx_word' id='word_1_469' title='bbox 1948 3886 2045 3940; x_wconf 86' lang='lat' dir='ltr'><strong>pa-</strong></span> 
     </span>
    </p>
   </div>
   <div class='ocr_carea' id='block_1_70' title="bbox 470 3953 2046 4027">
    <p class='ocr_par' dir='ltr' id='par_1_70' title="bbox 470 3953 2046 4027">
     <span class='ocr_line' id='line_1_70' title="bbox 470 3953 2046 4027; baseline 0.001 -16"><span class='ocrx_word' id='word_1_470' title='bbox 470 3957 665 4011; x_wconf 87' lang='lat' dir='ltr'><strong>tribus.</strong></span> <span class='ocrx_word' id='word_1_471' title='bbox 722 3953 909 4024; x_wconf 84' lang='lat' dir='ltr'><strong>Neque</strong></span> <span class='ocrx_word' id='word_1_472' title='bbox 939 3953 1205 4023; x_wconf 79' lang='lat' dir='ltr'><strong>contingit</strong></span> <span class='ocrx_word' id='word_1_473' title='bbox 1234 3953 1458 4024; x_wconf 6' lang='lat' dir='ltr'><strong>utpalter</strong></span> <span class='ocrx_word' id='word_1_474' title='bbox 1492 3969 1593 4023; x_wconf 87' lang='lat' dir='ltr'><strong>pro</strong></span> <span class='ocrx_word' id='word_1_475' title='bbox 1629 3959 1801 4012; x_wconf 87' lang='lat' dir='ltr'><strong>altero</strong></span> <span class='ocrx_word' id='word_1_476' title='bbox 1823 3996 1837 4022; x_wconf 95' lang='lat'><strong>,</strong></span> <span class='ocrx_word' id='word_1_477' title='bbox 1892 3968 2046 4027; x_wconf 85' lang='lat' dir='ltr'><strong>pater</strong></span> 
     </span>
    </p>
   </div>
   <div class='ocr_carea' id='block_1_71' title="bbox 455 4047 1691 4121">
    <p class='ocr_par' dir='ltr' id='par_1_71' title="bbox 455 4047 1691 4121">
     <span class='ocr_line' id='line_1_71' title="bbox 455 4047 1691 4121; baseline 0 -18"><span class='ocrx_word' id='word_1_478' title='bbox 455 4063 574 4121; x_wconf 81' lang='lat' dir='ltr'><strong>pro</strong></span> <span class='ocrx_word' id='word_1_479' title='bbox 604 4048 739 4115; x_wconf 87' lang='lat' dir='ltr'><strong>ﬁlio,</strong></span> <span class='ocrx_word' id='word_1_480' title='bbox 762 4058 817 4102; x_wconf 88' lang='lat' dir='ltr'><strong>et</strong></span> <span class='ocrx_word' id='word_1_481' title='bbox 847 4047 965 4101; x_wconf 87' lang='lat' dir='ltr'><strong>vice</strong></span> <span class='ocrx_word' id='word_1_482' title='bbox 991 4061 1169 4113; x_wconf 84' lang='lat' dir='ltr'><strong>versa,</strong></span> <span class='ocrx_word' id='word_1_483' title='bbox 1197 4055 1419 4115; x_wconf 85' lang='lat' dir='ltr'><strong>peccata</strong></span> <span class='ocrx_word' id='word_1_484' title='bbox 1446 4047 1691 4116; x_wconf 84' lang='lat' dir='ltr'><strong>recipiat.</strong></span> 
     </span>
    </p>
   </div>
   <div class='ocr_carea' id='block_1_72' title="bbox 511 4222 2042 4294">
    <p class='ocr_par' dir='ltr' id='par_1_72' title="bbox 511 4222 2042 4294">
     <span class='ocr_line' id='line_1_72' title="bbox 511 4222 2042 4294; baseline 0.003 -17"><span class='ocrx_word' id='word_1_485' title='bbox 511 4224 737 4279; x_wconf 79' lang='lat' dir='ltr'><strong>.Auima</strong></span> <span class='ocrx_word' id='word_1_486' title='bbox 782 4239 900 4294; x_wconf 67' lang='lat' dir='ltr'><strong>qua:</strong></span> <span class='ocrx_word' id='word_1_487' title='bbox 945 4222 1269 4289; x_wconf 81' lang='lat' dir='ltr'><strong>peccaverit,</strong></span> <span class='ocrx_word' id='word_1_488' title='bbox 1323 4224 1441 4292; x_wconf 81' lang='lat' dir='ltr'><strong>ipsa</strong></span> <span class='ocrx_word' id='word_1_489' title='bbox 1481 4224 1736 4279; x_wconf 87' lang='lat' dir='ltr'><strong>morietur</strong></span> <span class='ocrx_word' id='word_1_490' title='bbox 1763 4226 1830 4280; x_wconf 78' lang='grc'><strong>⁷⁸.</strong></span> <span class='ocrx_word' id='word_1_491' title='bbox 1866 4226 2042 4283; x_wconf 88' lang='lat' dir='ltr'><strong>Morte</strong></span> 
     </span>
    </p>
   </div>
   <div class='ocr_carea' id='block_1_73' title="bbox 466 4310 2043 4387">
    <p class='ocr_par' dir='ltr' id='par_1_73' title="bbox 466 4310 2043 4387">
     <span class='ocr_line' id='line_1_73' title="bbox 466 4310 2043 4387; baseline -0.002 -16"><span class='ocrx_word' id='word_1_492' title='bbox 466 4315 683 4387; x_wconf 78' lang='lat' dir='ltr'><strong>peccati</strong></span> <span class='ocrx_word' id='word_1_493' title='bbox 729 4329 822 4384; x_wconf 84' lang='lat' dir='ltr'><strong>per</strong></span> <span class='ocrx_word' id='word_1_494' title='bbox 869 4311 1225 4384; x_wconf 87' lang='lat' dir='ltr'><strong>privationem</strong></span> <span class='ocrx_word' id='word_1_495' title='bbox 1257 4310 1375 4381; x_wconf 79' lang='lat' dir='ltr'><strong>ejus</strong></span> <span class='ocrx_word' id='word_1_496' title='bbox 1405 4312 1496 4381; x_wconf 92' lang='lat' dir='ltr'><strong>qui</strong></span> <span class='ocrx_word' id='word_1_497' title='bbox 1524 4312 1657 4367; x_wconf 89' lang='lat' dir='ltr'><strong>dicit</strong></span> <span class='ocrx_word' id='word_1_498' title='bbox 1677 4313 1721 4346; x_wconf 84' lang='lat'><strong>&#39;&quot;</strong></span> <span class='ocrx_word' id='word_1_499' title='bbox 1744 4330 1756 4364; x_wconf 91' lang='lat'><strong>:</strong></span> <span class='ocrx_word' id='word_1_500' title='bbox 1783 4312 1895 4384; x_wconf 88' lang='lat' dir='ltr'><strong>Ego</strong></span> <span class='ocrx_word' id='word_1_501' title='bbox 1924 4331 2043 4368; x_wconf 77' lang='lat' dir='ltr'><strong>sum</strong></span> 
     </span>
    </p>
   </div>
   <div class='ocr_carea' id='block_1_74' title="bbox 472 4410 607 4464">
    <p class='ocr_par' dir='ltr' id='par_1_74' title="bbox 472 4410 607 4464">
     <span class='ocr_line' id='line_1_74' title="bbox 472 4410 607 4464; baseline -0.007 0"><span class='ocrx_word' id='word_1_502' title='bbox 472 4410 607 4464; x_wconf 81' lang='lat' dir='ltr'><strong>vita.</strong></span> 
     </span>
    </p>
   </div>
   <div class='ocr_carea' id='block_1_75' title="bbox 2145 3220 3365 3295">
    <p class='ocr_par' dir='ltr' id='par_1_75' title="bbox 2145 3220 3365 3295">
     <span class='ocr_line' id='line_1_75' title="bbox 2145 3220 3365 3295; baseline -0.002 -19"><span class='ocrx_word' id='word_1_503' title='bbox 2145 3223 2334 3295; x_wconf 82' lang='grc' dir='ltr'>πρώτῃ</span> <span class='ocrx_word' id='word_1_504' title='bbox 2351 3223 2554 3295; x_wconf 80' lang='grc' dir='ltr'>ἡλικίᾳ,</span> <span class='ocrx_word' id='word_1_505' title='bbox 2586 3223 2815 3293; x_wconf 75' lang='grc' dir='ltr'>ὄμφακὰ</span> <span class='ocrx_word' id='word_1_506' title='bbox 2841 3225 3006 3293; x_wconf 79' lang='grc' dir='ltr'>ἐσμεν</span> <span class='ocrx_word' id='word_1_507' title='bbox 3044 3220 3365 3291; x_wconf 85' lang='grc' dir='ltr'>τρώγοντες.</span> 
     </span>
    </p>
   </div>
   <div class='ocr_carea' id='block_1_76' title="bbox 2219 3312 3723 3385">
    <p class='ocr_par' dir='ltr' id='par_1_76' title="bbox 2219 3312 3723 3385">
     <span class='ocr_line' id='line_1_76' title="bbox 2219 3312 3723 3385; baseline -0.001 -18"><span class='ocrx_word' id='word_1_508' title='bbox 2219 3314 2328 3368; x_wconf 89' lang='grc' dir='ltr'><strong>Τοῦ</strong></span> <span class='ocrx_word' id='word_1_509' title='bbox 2373 3313 2580 3368; x_wconf 84' lang='grc' dir='ltr'>αὐτοῦ.</span> <span class='ocrx_word' id='word_1_510' title='bbox 2619 3313 2838 3383; x_wconf 81' lang='grc' dir='ltr'>Ὀμφαξ</span> <span class='ocrx_word' id='word_1_511' title='bbox 2882 3313 3027 3367; x_wconf 76' lang='grc' dir='ltr'>ἐστὶν</span> <span class='ocrx_word' id='word_1_512' title='bbox 3066 3315 3098 3385; x_wconf 85' lang='grc' dir='ltr'>ὴ</span> <span class='ocrx_word' id='word_1_513' title='bbox 3145 3313 3415 3384; x_wconf 74' lang='grc' dir='ltr'>ἁμαρτίαο</span> <span class='ocrx_word' id='word_1_514' title='bbox 3463 3312 3723 3384; x_wconf 82' lang='grc' dir='ltr'>αἱμωδια-</span> 
     </span>
    </p>
   </div>
   <div class='ocr_carea' id='block_1_77' title="bbox 2148 3399 3724 3475">
    <p class='ocr_par' dir='ltr' id='par_1_77' title="bbox 2148 3399 3724 3475">
     <span class='ocr_line' id='line_1_77' title="bbox 2148 3399 3724 3475; baseline -0.002 -18"><span class='ocrx_word' id='word_1_515' title='bbox 2148 3404 2285 3475; x_wconf 84' lang='grc' dir='ltr'>σμὸς</span> <span class='ocrx_word' id='word_1_516' title='bbox 2311 3405 2344 3473; x_wconf 84' lang='grc' dir='ltr'><strong>ή</strong></span> <span class='ocrx_word' id='word_1_517' title='bbox 2380 3404 2436 3456; x_wconf 84' lang='grc' dir='ltr'>ὲν</span> <span class='ocrx_word' id='word_1_518' title='bbox 2465 3406 2532 3474; x_wconf 75' lang='grc' dir='ltr'>τῇ</span> <span class='ocrx_word' id='word_1_519' title='bbox 2557 3402 2800 3475; x_wconf 82' lang='grc' dir='ltr'>ἁμαρτίᾳ</span> <span class='ocrx_word' id='word_1_520' title='bbox 2830 3404 2946 3455; x_wconf 68' lang='grc' dir='ltr'>ἐστὶ</span> <span class='ocrx_word' id='word_1_521' title='bbox 2971 3403 3036 3457; x_wconf 89' lang='grc' dir='ltr'>δι’</span> <span class='ocrx_word' id='word_1_522' title='bbox 3070 3404 3241 3474; x_wconf 75' lang='grc' dir='ltr'>αὐτῆς</span> <span class='ocrx_word' id='word_1_523' title='bbox 3267 3399 3527 3473; x_wconf 83' lang='grc' dir='ltr'>νεκρότης</span> <span class='ocrx_word' id='word_1_524' title='bbox 3545 3420 3559 3434; x_wconf 75' lang='grc' dir='ltr'><strong>ο</strong></span> <span class='ocrx_word' id='word_1_525' title='bbox 3584 3402 3724 3457; x_wconf 70' lang='grc' dir='ltr'>ὀδύν-</span> 
     </span>
    </p>
   </div>
   <div class='ocr_carea' id='block_1_78' title="bbox 2147 3493 2929 3565">
    <p class='ocr_par' dir='ltr' id='par_1_78' title="bbox 2147 3493 2929 3565">
     <span class='ocr_line' id='line_1_78' title="bbox 2147 3493 2929 3565; baseline 0 -18"><span class='ocrx_word' id='word_1_526' title='bbox 2147 3511 2255 3557; x_wconf 77' lang='grc' dir='ltr'>τες,</span> <span class='ocrx_word' id='word_1_527' title='bbox 2286 3494 2321 3564; x_wconf 84' lang='grc' dir='ltr'>ἡ</span> <span class='ocrx_word' id='word_1_528' title='bbox 2349 3493 2576 3563; x_wconf 83' lang='grc' dir='ltr'>δύναμις</span> <span class='ocrx_word' id='word_1_529' title='bbox 2601 3493 2701 3564; x_wconf 85' lang='grc' dir='ltr'>τῆς</span> <span class='ocrx_word' id='word_1_530' title='bbox 2731 3494 2929 3565; x_wconf 79' lang='grc' dir='ltr'>ψυχῆς.</span> 
     </span>
    </p>
   </div>
   <div class='ocr_carea' id='block_1_79' title="bbox 2229 3584 3721 3657">
    <p class='ocr_par' dir='ltr' id='par_1_79' title="bbox 2229 3584 3721 3657">
     <span class='ocr_line' id='line_1_79' title="bbox 2229 3584 3721 3657; baseline 0.001 -18"><span class='ocrx_word' id='word_1_531' title='bbox 2229 3586 2372 3639; x_wconf 77' lang='grc' dir='ltr'><strong>Ἐὰν</strong></span> <span class='ocrx_word' id='word_1_532' title='bbox 2416 3584 2654 3655; x_wconf 76' lang='grc' dir='ltr'>γένηται</span> <span class='ocrx_word' id='word_1_533' title='bbox 2703 3585 2792 3639; x_wconf 82' lang='grc' dir='ltr'>ἐτι</span> <span class='ocrx_word' id='word_1_534' title='bbox 2837 3585 3130 3656; x_wconf 58' lang='grc' dir='ltr'>λεγομένη</span> <span class='ocrx_word' id='word_1_535' title='bbox 3186 3587 3226 3656; x_wconf 80' lang='grc' dir='ltr'><em>ἠ</em></span> <span class='ocrx_word' id='word_1_536' title='bbox 3275 3585 3607 3657; x_wconf 72' lang='grc' dir='ltr'>παραϐολή.</span> <span class='ocrx_word' id='word_1_537' title='bbox 3655 3589 3721 3640; x_wconf 77' lang='lat' dir='ltr'><strong>At</strong></span> 
     </span>
    </p>
   </div>
   <div class='ocr_carea' id='block_1_80' title="bbox 2148 3676 3724 3749">
    <p class='ocr_par' dir='ltr' id='par_1_80' title="bbox 2148 3676 3724 3749">
     <span class='ocr_line' id='line_1_80' title="bbox 2148 3676 3724 3749; baseline 0.001 -18"><span class='ocrx_word' id='word_1_538' title='bbox 2148 3676 2454 3749; x_wconf 76' lang='grc' dir='ltr'>παραϐολαὶ</span> <span class='ocrx_word' id='word_1_539' title='bbox 2490 3677 2551 3729; x_wconf 83' lang='grc' dir='ltr'>οὺ</span> <span class='ocrx_word' id='word_1_540' title='bbox 2594 3677 2734 3730; x_wconf 86' lang='grc' dir='ltr'><strong>κατά</strong></span> <span class='ocrx_word' id='word_1_541' title='bbox 2763 3676 2831 3730; x_wconf 91' lang='grc' dir='ltr'><strong>τά</strong></span> <span class='ocrx_word' id='word_1_542' title='bbox 2880 3679 3181 3749; x_wconf 82' lang='grc' dir='ltr'>πράγματα</span> <span class='ocrx_word' id='word_1_543' title='bbox 3237 3679 3544 3744; x_wconf 82' lang='grc' dir='ltr'>ἀκούονται,</span> <span class='ocrx_word' id='word_1_544' title='bbox 3588 3678 3724 3733; x_wconf 81' lang='grc' dir='ltr'><strong>ἀλλά</strong></span> 
     </span>
    </p>
   </div>
   <div class='ocr_carea' id='block_1_81' title="bbox 2148 3767 3725 3840">
    <p class='ocr_par' dir='ltr' id='par_1_81' title="bbox 2148 3767 3725 3840">
     <span class='ocr_line' id='line_1_81' title="bbox 2148 3767 3725 3840; baseline -0.001 -16"><span class='ocrx_word' id='word_1_545' title='bbox 2148 3769 2289 3824; x_wconf 85' lang='grc' dir='ltr'><strong>κατά</strong></span> <span class='ocrx_word' id='word_1_546' title='bbox 2313 3768 2623 3838; x_wconf 79' lang='grc' dir='ltr'>ἀναγωγήν.</span> <span class='ocrx_word' id='word_1_547' title='bbox 2671 3769 2730 3820; x_wconf 87' lang='lat'><strong>&#39;0</strong></span> <span class='ocrx_word' id='word_1_548' title='bbox 2760 3767 2928 3821; x_wconf 74' lang='grc' dir='ltr'>εἰπὼν</span> <span class='ocrx_word' id='word_1_549' title='bbox 2958 3769 3140 3839; x_wconf 86' lang='grc' dir='ltr'>νόμος,</span> <span class='ocrx_word' id='word_1_550' title='bbox 3175 3769 3516 3823; x_wconf 86' lang='grc' dir='ltr'>ἀποδίδοσθαι</span> <span class='ocrx_word' id='word_1_551' title='bbox 3547 3770 3725 3840; x_wconf 87' lang='grc' dir='ltr'>ἁμαρ-</span> 
     </span>
    </p>
   </div>
   <div class='ocr_carea' id='block_1_82' title="bbox 2147 3855 3726 3932">
    <p class='ocr_par' dir='ltr' id='par_1_82' title="bbox 2147 3855 3726 3932">
     <span class='ocr_line' id='line_1_82' title="bbox 2147 3855 3726 3932; baseline -0.001 -17"><span class='ocrx_word' id='word_1_552' title='bbox 2147 3864 2268 3926; x_wconf 87' lang='grc' dir='ltr'>τίας</span> <span class='ocrx_word' id='word_1_553' title='bbox 2298 3861 2549 3932; x_wconf 82' lang='grc' dir='ltr'>πατέρων</span> <span class='ocrx_word' id='word_1_554' title='bbox 2572 3861 2673 3913; x_wconf 67' lang='grc' dir='ltr'>ἐπὶ</span> <span class='ocrx_word' id='word_1_555' title='bbox 2716 3861 2900 3925; x_wconf 85' lang='grc' dir='ltr'>τέκνα,</span> <span class='ocrx_word' id='word_1_556' title='bbox 2936 3855 3110 3923; x_wconf 73' lang='grc' dir='ltr'>εἶπεν,</span> <span class='ocrx_word' id='word_1_557' title='bbox 3142 3861 3224 3914; x_wconf 76' lang='grc' dir='ltr'><strong>ὅτι</strong></span> <span class='ocrx_word' id='word_1_558' title='bbox 3265 3861 3366 3915; x_wconf 81' lang='grc' dir='ltr'><strong>οὐκ</strong></span> <span class='ocrx_word' id='word_1_559' title='bbox 3395 3861 3726 3915; x_wconf 57' lang='grc' dir='ltr'>’ἀποθανοῦν-</span> 
     </span>
    </p>
   </div>
   <div class='ocr_carea' id='block_1_83' title="bbox 2146 3950 3724 4024">
    <p class='ocr_par' dir='ltr' id='par_1_83' title="bbox 2146 3950 3724 4024">
     <span class='ocr_line' id='line_1_83' title="bbox 2146 3950 3724 4024; baseline -0.001 -18"><span class='ocrx_word' id='word_1_560' title='bbox 2146 3970 2237 4008; x_wconf 90' lang='grc' dir='ltr'><strong>ται</strong></span> <span class='ocrx_word' id='word_1_561' title='bbox 2283 3954 2388 4006; x_wconf 70' lang='grc' dir='ltr'>υἱοὶ</span> <span class='ocrx_word' id='word_1_562' title='bbox 2434 3952 2573 4023; x_wconf 82' lang='grc' dir='ltr'>ὑπὲρ</span> <span class='ocrx_word' id='word_1_563' title='bbox 2604 3950 2877 4023; x_wconf 81' lang='grc' dir='ltr'>πατέρων.</span> <span class='ocrx_word' id='word_1_564' title='bbox 2921 3951 3036 4005; x_wconf 77' lang='grc' dir='ltr'>Οὐκ</span> <span class='ocrx_word' id='word_1_565' title='bbox 3084 3951 3197 4005; x_wconf 80' lang='grc' dir='ltr'>ἔστι</span> <span class='ocrx_word' id='word_1_566' title='bbox 3237 3953 3346 4022; x_wconf 86' lang='grc' dir='ltr'><strong>γὰρ</strong></span> <span class='ocrx_word' id='word_1_567' title='bbox 3380 3952 3537 4007; x_wconf 84' lang='grc' dir='ltr'>ἄλλον</span> <span class='ocrx_word' id='word_1_568' title='bbox 3585 3952 3724 4024; x_wconf 85' lang='grc' dir='ltr'>ὑπὲρ</span> 
     </span>
    </p>
   </div>
   <div class='ocr_carea' id='block_1_84' title="bbox 2146 4042 3727 4114">
    <p class='ocr_par' dir='ltr' id='par_1_84' title="bbox 2146 4042 3727 4114">
     <span class='ocr_line' id='line_1_84' title="bbox 2146 4042 3727 4114; baseline -0.001 -15"><span class='ocrx_word' id='word_1_569' title='bbox 2146 4045 2332 4109; x_wconf 75' lang='grc' dir='ltr'>ἄλλου,</span> <span class='ocrx_word' id='word_1_570' title='bbox 2372 4043 2584 4114; x_wconf 84' lang='grc' dir='ltr'>πατέρα</span> <span class='ocrx_word' id='word_1_571' title='bbox 2631 4043 2769 4114; x_wconf 84' lang='grc' dir='ltr'>ὑπὲρ</span> <span class='ocrx_word' id='word_1_572' title='bbox 2815 4042 2955 4108; x_wconf 76' lang='grc' dir='ltr'>υἱοῦ,</span> <span class='ocrx_word' id='word_1_573' title='bbox 3007 4043 3040 4114; x_wconf 84' lang='grc' dir='ltr'><strong>ἢ</strong></span> <span class='ocrx_word' id='word_1_574' title='bbox 3088 4042 3379 4109; x_wconf 82' lang='grc' dir='ltr'>ἀνάπαλιν,</span> <span class='ocrx_word' id='word_1_575' title='bbox 3431 4043 3727 4099; x_wconf 77' lang='grc' dir='ltr'>ἀπολαϐεῖν</span> 
     </span>
    </p>
   </div>
   <div class='ocr_carea' id='block_1_85' title="bbox 2148 4134 2442 4207">
    <p class='ocr_par' dir='ltr' id='par_1_85' title="bbox 2148 4134 2442 4207">
     <span class='ocr_line' id='line_1_85' title="bbox 2148 4134 2442 4207; baseline -0.003 -18"><span class='ocrx_word' id='word_1_576' title='bbox 2148 4134 2442 4207; x_wconf 84' lang='grc' dir='ltr'>ἁμαρτίας.</span> 
     </span>
    </p>
   </div>
   <div class='ocr_carea' id='block_1_86' title="bbox 2227 4223 3719 4295">
    <p class='ocr_par' dir='ltr' id='par_1_86' title="bbox 2227 4223 3719 4295">
     <span class='ocr_line' id='line_1_86' title="bbox 2227 4223 3719 4295; baseline -0.003 -13"><span class='ocrx_word' id='word_1_577' title='bbox 2227 4228 2303 4282; x_wconf 86' lang='grc' dir='ltr'><em>Ἡ</em></span> <span class='ocrx_word' id='word_1_578' title='bbox 2341 4225 2515 4295; x_wconf 67' lang='grc' dir='ltr'><strong>ψυχὴ</strong></span> <span class='ocrx_word' id='word_1_579' title='bbox 2550 4227 2587 4293; x_wconf 71' lang='grc' dir='ltr'><em>ἠ</em></span> <span class='ocrx_word' id='word_1_580' title='bbox 2631 4223 3077 4295; x_wconf 73' lang='grc' dir='ltr'>ἁμαρτάνουσα,</span> <span class='ocrx_word' id='word_1_581' title='bbox 3123 4223 3276 4294; x_wconf 73' lang='grc' dir='ltr'>αὑτὴ</span> <span class='ocrx_word' id='word_1_582' title='bbox 3321 4224 3719 4278; x_wconf 76' lang='grc' dir='ltr'>ἀποθανεῖται.</span> 
     </span>
    </p>
   </div>
   <div class='ocr_carea' id='block_1_87' title="bbox 2147 4304 3723 4389">
    <p class='ocr_par' dir='ltr' id='par_1_87' title="bbox 2147 4304 3723 4389">
     <span class='ocr_line' id='line_1_87' title="bbox 2147 4304 3723 4389; baseline -0.004 -16"><span class='ocrx_word' id='word_1_583' title='bbox 2147 4318 2348 4389; x_wconf 81' lang='grc' dir='ltr'>Θνῆσιν</span> <span class='ocrx_word' id='word_1_584' title='bbox 2387 4319 2484 4389; x_wconf 85' lang='grc' dir='ltr'>τῆς</span> <span class='ocrx_word' id='word_1_585' title='bbox 2517 4318 2811 4389; x_wconf 85' lang='grc' dir='ltr'>ἁμαρτίας,</span> <span class='ocrx_word' id='word_1_586' title='bbox 2847 4315 2991 4370; x_wconf 79' lang='grc' dir='ltr'>κατὰ</span> <span class='ocrx_word' id='word_1_587' title='bbox 3026 4314 3281 4387; x_wconf 84' lang='grc' dir='ltr'>στέρησιν</span> <span class='ocrx_word' id='word_1_588' title='bbox 3312 4314 3404 4369; x_wconf 84' lang='grc' dir='ltr'><strong>τοῦ</strong></span> <span class='ocrx_word' id='word_1_589' title='bbox 3444 4304 3723 4378; x_wconf 78' lang='grc' dir='ltr'>είπόντος·</span> 
     </span>
    </p>
   </div>
   <div class='ocr_carea' id='block_1_88' title="bbox 2163 4407 2688 4482">
    <p class='ocr_par' dir='ltr' id='par_1_88' title="bbox 2163 4407 2688 4482">
     <span class='ocr_line' id='line_1_88' title="bbox 2163 4407 2688 4482; baseline -0.006 -15"><span class='ocrx_word' id='word_1_590' title='bbox 2163 4412 2311 4482; x_wconf 78' lang='grc' dir='ltr'><strong>Ἐγώ</strong></span> <span class='ocrx_word' id='word_1_591' title='bbox 2340 4413 2458 4481; x_wconf 81' lang='grc' dir='ltr'>εὶμι</span> <span class='ocrx_word' id='word_1_592' title='bbox 2488 4411 2527 4479; x_wconf 74' lang='grc' dir='ltr'>ἢ</span> <span class='ocrx_word' id='word_1_593' title='bbox 2554 4407 2688 4479; x_wconf 76' lang='grc' dir='ltr'>ζωή.</span> 
     </span>
    </p>
   </div>
   <div class='ocr_carea' id='block_1_89' title="bbox 551 4490 2038 4573">
    <p class='ocr_par' dir='ltr' id='par_1_89' title="bbox 551 4491 2038 4567">
     <span class='ocr_line' id='line_1_89' title="bbox 551 4491 2038 4567; baseline -0.001 -14"><span class='ocrx_word' id='word_1_594' title='bbox 551 4500 721 4555; x_wconf 83' lang='lat' dir='ltr'><strong>Homo</strong></span> <span class='ocrx_word' id='word_1_595' title='bbox 740 4498 788 4551; x_wconf 85' lang='lat' dir='ltr'><strong>si</strong></span> <span class='ocrx_word' id='word_1_596' title='bbox 809 4494 1251 4567; x_wconf 79' lang='lat' dir='ltr'><strong>fueritjustus&quot;.</strong></span> <span class='ocrx_word' id='word_1_597' title='bbox 1276 4491 1572 4549; x_wconf 82' lang='lat' dir='ltr'><strong>Justusest</strong></span> <span class='ocrx_word' id='word_1_598' title='bbox 1592 4493 1760 4548; x_wconf 88' lang='lat' dir='ltr'><strong>homo</strong></span> <span class='ocrx_word' id='word_1_599' title='bbox 1784 4496 1879 4565; x_wconf 91' lang='lat' dir='ltr'><strong>qui</strong></span> <span class='ocrx_word' id='word_1_600' title='bbox 1911 4495 2038 4551; x_wconf 80' lang='lat' dir='ltr'><strong>facit</strong></span> 
     </span>
    </p>
   </div>
   <div class='ocr_carea' id='block_1_90' title="bbox 2138 4490 3726 4573">
    <p class='ocr_par' dir='ltr' id='par_1_90' title="bbox 2226 4490 3726 4573">
     <span class='ocr_line' id='line_1_90' title="bbox 2226 4490 3726 4573; baseline -0.005 -13"><span class='ocrx_word' id='word_1_601' title='bbox 2226 4507 2560 4573; x_wconf 80' lang='grc' dir='ltr'>Ἀνθρωπος</span> <span class='ocrx_word' id='word_1_602' title='bbox 2608 4502 2676 4569; x_wconf 84' lang='grc' dir='ltr'>ὃς</span> <span class='ocrx_word' id='word_1_603' title='bbox 2719 4504 2887 4557; x_wconf 85' lang='grc' dir='ltr'>ἕσται</span> <span class='ocrx_word' id='word_1_604' title='bbox 2939 4501 3188 4568; x_wconf 81' lang='grc' dir='ltr'>δίκαιος.</span> <span class='ocrx_word' id='word_1_605' title='bbox 3242 4490 3560 4570; x_wconf 73' lang='grc' dir='ltr'>Ἄνθρωπός</span> <span class='ocrx_word' id='word_1_606' title='bbox 3606 4501 3726 4553; x_wconf 76' lang='grc' dir='ltr'>ἐστι</span> 
     </span>
    </p>
   </div>
   <div class='ocr_carea' id='block_1_91' title="bbox 469 4584 2038 4664">
    <p class='ocr_par' dir='ltr' id='par_1_91' title="bbox 469 4584 2038 4664">
     <span class='ocr_line' id='line_1_91' title="bbox 469 4584 2038 4664; baseline -0.001 -17"><span class='ocrx_word' id='word_1_607' title='bbox 469 4593 758 4664; x_wconf 74' lang='lat' dir='ltr'><strong>judicium,</strong></span> <span class='ocrx_word' id='word_1_608' title='bbox 807 4602 911 4644; x_wconf 89' lang='lat' dir='ltr'><strong>nec</strong></span> <span class='ocrx_word' id='word_1_609' title='bbox 956 4585 1252 4656; x_wconf 89' lang='lat' dir='ltr'><strong>quidquam</strong></span> <span class='ocrx_word' id='word_1_610' title='bbox 1303 4585 1422 4640; x_wconf 91' lang='lat' dir='ltr'><strong>sine</strong></span> <span class='ocrx_word' id='word_1_611' title='bbox 1468 4584 1677 4656; x_wconf 86' lang='lat' dir='ltr'><strong>judicio</strong></span> <span class='ocrx_word' id='word_1_612' title='bbox 1732 4588 1892 4655; x_wconf 84' lang='lat' dir='ltr'><strong>facit,</strong></span> <span class='ocrx_word' id='word_1_613' title='bbox 1946 4591 2038 4646; x_wconf 88' lang='lat' dir='ltr'><strong>sed</strong></span> 
     </span>
    </p>
   </div>
   <div class='ocr_carea' id='block_1_92' title="bbox 473 4676 1489 4750">
    <p class='ocr_par' dir='ltr' id='par_1_92' title="bbox 473 4676 1489 4750">
     <span class='ocr_line' id='line_1_92' title="bbox 473 4676 1489 4750; baseline -0.008 -11"><span class='ocrx_word' id='word_1_614' title='bbox 473 4685 655 4739; x_wconf 83' lang='lat' dir='ltr'><strong>omnia</strong></span> <span class='ocrx_word' id='word_1_615' title='bbox 681 4698 805 4738; x_wconf 88' lang='lat' dir='ltr'><strong>cum</strong></span> <span class='ocrx_word' id='word_1_616' title='bbox 837 4678 1045 4750; x_wconf 82' lang='lat' dir='ltr'><strong>judicio</strong></span> <span class='ocrx_word' id='word_1_617' title='bbox 1073 4685 1129 4732; x_wconf 84' lang='lat' dir='ltr'><strong>et</strong></span> <span class='ocrx_word' id='word_1_618' title='bbox 1157 4676 1212 4730; x_wconf 92' lang='lat' dir='ltr'><strong>in</strong></span> <span class='ocrx_word' id='word_1_619' title='bbox 1241 4676 1489 4746; x_wconf 73' lang='lat' dir='ltr'><strong>justitia.‘</strong></span> 
     </span>
    </p>
   </div>
   <div class='ocr_carea' id='block_1_93' title="bbox 547 4769 2039 4846">
    <p class='ocr_par' dir='ltr' id='par_1_93' title="bbox 547 4769 2039 4846">
     <span class='ocr_line' id='line_1_93' title="bbox 547 4769 2039 4846; baseline -0.003 -15"><span class='ocrx_word' id='word_1_620' title='bbox 547 4776 714 4846; x_wconf 88' lang='lat' dir='ltr'><strong>Super</strong></span> <span class='ocrx_word' id='word_1_621' title='bbox 742 4784 943 4829; x_wconf 78' lang='lat' dir='ltr'><strong>montes</strong></span> <span class='ocrx_word' id='word_1_622' title='bbox 979 4788 1082 4826; x_wconf 85' lang='lat' dir='ltr'><strong>non</strong></span> <span class='ocrx_word' id='word_1_623' title='bbox 1104 4769 1467 4824; x_wconf 80' lang='lat' dir='ltr'><strong>comederit&quot;.</strong></span> <span class='ocrx_word' id='word_1_624' title='bbox 1503 4769 1696 4827; x_wconf 86' lang='lat' dir='ltr'><strong>Escam</strong></span> <span class='ocrx_word' id='word_1_625' title='bbox 1732 4771 1876 4826; x_wconf 89' lang='lat' dir='ltr'><strong>illam</strong></span> <span class='ocrx_word' id='word_1_626' title='bbox 1913 4772 2039 4826; x_wconf 89' lang='lat' dir='ltr'><strong>alti-</strong></span> 
     </span>
    </p>
   </div>
   <div class='ocr_carea' id='block_1_94' title="bbox 474 4862 2034 4924">
    <p class='ocr_par' dir='ltr' id='par_1_94' title="bbox 474 4862 2034 4924">
     <span class='ocr_line' id='line_1_94' title="bbox 474 4862 2034 4924; baseline -0.004 0"><span class='ocrx_word' id='word_1_627' title='bbox 474 4870 723 4924; x_wconf 86' lang='lat' dir='ltr'><strong>tudinum</strong></span> <span class='ocrx_word' id='word_1_628' title='bbox 768 4865 1141 4923; x_wconf 69' lang='lat' dir='ltr'><strong>extollendum</strong></span> <span class='ocrx_word' id='word_1_629' title='bbox 1191 4876 1251 4916; x_wconf 84' lang='lat' dir='ltr'><strong>se</strong></span> <span class='ocrx_word' id='word_1_630' title='bbox 1282 4862 1548 4916; x_wconf 83' lang='lat' dir='ltr'><strong>adversus</strong></span> <span class='ocrx_word' id='word_1_631' title='bbox 1587 4862 1872 4918; x_wconf 84' lang='lat' dir='ltr'><strong>scientiam</strong></span> <span class='ocrx_word' id='word_1_632' title='bbox 1910 4863 2034 4919; x_wconf 88' lang='lat' dir='ltr'><strong>Dei.</strong></span> 
     </span>
    </p>
   </div>
   <div class='ocr_carea' id='block_1_95' title="bbox 477 4953 2039 5025">
    <p class='ocr_par' dir='ltr' id='par_1_95' title="bbox 477 4953 2039 5025">
     <span class='ocr_line' id='line_1_95' title="bbox 477 4953 2039 5025; baseline -0.003 -10"><span class='ocrx_word' id='word_1_633' title='bbox 477 4959 619 5015; x_wconf 79' lang='lat' dir='ltr'><strong>Sunt</strong></span> <span class='ocrx_word' id='word_1_634' title='bbox 647 4972 773 5012; x_wconf 82' lang='lat' dir='ltr'><strong>vero</strong></span> <span class='ocrx_word' id='word_1_635' title='bbox 813 4962 1028 5012; x_wconf 88' lang='lat' dir='ltr'><strong>montes</strong></span> <span class='ocrx_word' id='word_1_636' title='bbox 1078 4953 1371 5024; x_wconf 76' lang='lat' dir='ltr'><strong>Spiritales,</strong></span> <span class='ocrx_word' id='word_1_637' title='bbox 1405 4969 1470 5008; x_wconf 75' lang='lat' dir='ltr'><strong>ex</strong></span> <span class='ocrx_word' id='word_1_638' title='bbox 1511 4954 1741 5009; x_wconf 87' lang='lat' dir='ltr'><strong>adverso</strong></span> <span class='ocrx_word' id='word_1_639' title='bbox 1783 4956 2039 5025; x_wconf 89' lang='lat' dir='ltr'><strong>ordinati,</strong></span> 
     </span>
    </p>
   </div>
   <div class='ocr_carea' id='block_1_96' title="bbox 476 5050 983 5123">
    <p class='ocr_par' dir='ltr' id='par_1_96' title="bbox 476 5050 983 5123">
     <span class='ocr_line' id='line_1_96' title="bbox 476 5050 983 5123; baseline -0.012 -17"><span class='ocrx_word' id='word_1_640' title='bbox 476 5053 568 5123; x_wconf 92' lang='lat' dir='ltr'><strong>qui</strong></span> <span class='ocrx_word' id='word_1_641' title='bbox 599 5052 711 5105; x_wconf 74' lang='lat' dir='ltr'><strong>lucc</strong></span> <span class='ocrx_word' id='word_1_642' title='bbox 737 5050 983 5119; x_wconf 78' lang='lat' dir='ltr'><strong>gignunt.</strong></span> 
     </span>
    </p>
   </div>
   <div class='ocr_carea' id='block_1_97' title="bbox 545 5137 2041 5197">
    <p class='ocr_par' dir='ltr' id='par_1_97' title="bbox 545 5137 2041 5197">
     <span class='ocr_line' id='line_1_97' title="bbox 545 5137 2041 5197; baseline 0 -2"><span class='ocrx_word' id='word_1_643' title='bbox 545 5142 626 5195; x_wconf 82' lang='lat' dir='ltr'><strong>Ad</strong></span> <span class='ocrx_word' id='word_1_644' title='bbox 675 5141 822 5195; x_wconf 89' lang='lat' dir='ltr'><strong>idola</strong></span> <span class='ocrx_word' id='word_1_645' title='bbox 872 5140 1060 5192; x_wconf 87' lang='lat' dir='ltr'><strong>domus</strong></span> <span class='ocrx_word' id='word_1_646' title='bbox 1108 5137 1280 5192; x_wconf 83' lang='lat' dir='ltr'><strong>Israel</strong></span> <span class='ocrx_word' id='word_1_647' title='bbox 1312 5138 1376 5191; x_wconf 61' lang='grc'>⁷⁸.</span> <span class='ocrx_word' id='word_1_648' title='bbox 1411 5138 1721 5197; x_wconf 86' lang='lat' dir='ltr'><strong>Secundum</strong></span> <span class='ocrx_word' id='word_1_649' title='bbox 1765 5140 2041 5195; x_wconf 90' lang='lat' dir='ltr'><strong>notionem</strong></span> 
     </span>
    </p>
   </div>
   <div class='ocr_carea' id='block_1_98' title="bbox 475 5231 1143 5293">
    <p class='ocr_par' dir='ltr' id='par_1_98' title="bbox 475 5231 1143 5293">
     <span class='ocr_line' id='line_1_98' title="bbox 475 5231 1143 5293; baseline -0.013 0"><span class='ocrx_word' id='word_1_650' title='bbox 475 5238 767 5293; x_wconf 67' lang='lat' dir='ltr'><strong>aﬂ‘ectuum</strong></span> <span class='ocrx_word' id='word_1_651' title='bbox 790 5240 948 5288; x_wconf 90' lang='lat' dir='ltr'><strong>vocat</strong></span> <span class='ocrx_word' id='word_1_652' title='bbox 976 5231 1143 5285; x_wconf 90' lang='lat' dir='ltr'><strong>idola.</strong></span> 
     </span>
    </p>
   </div>
   <div class='ocr_carea' id='block_1_99' title="bbox 545 5319 2045 5391">
    <p class='ocr_par' dir='ltr' id='par_1_99' title="bbox 545 5319 2045 5391">
     <span class='ocr_line' id='line_1_99' title="bbox 545 5319 2045 5391; baseline -0.003 -10"><span class='ocrx_word' id='word_1_653' title='bbox 545 5328 624 5381; x_wconf 82' lang='lat' dir='ltr'><strong>Ad</strong></span> <span class='ocrx_word' id='word_1_654' title='bbox 648 5325 917 5379; x_wconf 84' lang='lat' dir='ltr'><strong>mulierem</strong></span> <span class='ocrx_word' id='word_1_655' title='bbox 935 5329 1316 5376; x_wconf 83' lang='lat' dir='ltr'><strong>menstruatam</strong></span> <span class='ocrx_word' id='word_1_656' title='bbox 1335 5322 1400 5375; x_wconf 81' lang='grc'>⁷⁵.</span> <span class='ocrx_word' id='word_1_657' title='bbox 1421 5319 1622 5376; x_wconf 88' lang='lat' dir='ltr'><strong>Diebus</strong></span> <span class='ocrx_word' id='word_1_658' title='bbox 1639 5321 1839 5391; x_wconf 87' lang='lat' dir='ltr'><strong>quibus</strong></span> <span class='ocrx_word' id='word_1_659' title='bbox 1860 5337 2045 5377; x_wconf 88' lang='lat' dir='ltr'><strong>emun-</strong></span> 
     </span>
    </p>
   </div>
   <div class='ocr_carea' id='block_1_100' title="bbox 474 5411 2045 5485">
    <p class='ocr_par' dir='ltr' id='par_1_100' title="bbox 474 5411 2045 5485">
     <span class='ocr_line' id='line_1_100' title="bbox 474 5411 2045 5485; baseline -0.003 -13"><span class='ocrx_word' id='word_1_660' title='bbox 474 5422 653 5472; x_wconf 81' lang='lat' dir='ltr'><strong>datur.</strong></span> <span class='ocrx_word' id='word_1_661' title='bbox 681 5416 814 5471; x_wconf 88' lang='lat' dir='ltr'><strong>llinc</strong></span> <span class='ocrx_word' id='word_1_662' title='bbox 843 5413 1100 5485; x_wconf 84' lang='lat' dir='ltr'><strong>paulatim</strong></span> <span class='ocrx_word' id='word_1_663' title='bbox 1128 5411 1193 5466; x_wconf 90' lang='lat' dir='ltr'><strong>ad</strong></span> <span class='ocrx_word' id='word_1_664' title='bbox 1226 5427 1494 5467; x_wconf 86' lang='lat' dir='ltr'><strong>summam</strong></span> <span class='ocrx_word' id='word_1_665' title='bbox 1522 5411 1825 5467; x_wconf 90' lang='lat' dir='ltr'><strong>castitatem</strong></span> <span class='ocrx_word' id='word_1_666' title='bbox 1857 5428 2045 5467; x_wconf 90' lang='lat' dir='ltr'><strong>assue-</strong></span> 
     </span>
    </p>
   </div>
   <div class='ocr_carea' id='block_1_101' title="bbox 474 5509 625 5565">
    <p class='ocr_par' dir='ltr' id='par_1_101' title="bbox 474 5509 625 5565">
     <span class='ocr_line' id='line_1_101' title="bbox 474 5509 625 5565; baseline 0 -1"><span class='ocrx_word' id='word_1_667' title='bbox 474 5509 625 5565; x_wconf 81' lang='lat' dir='ltr'><strong>facit.</strong></span> 
     </span>
    </p>
   </div>
   <div class='ocr_carea' id='block_1_102' title="bbox 2149 4590 3726 4666">
    <p class='ocr_par' dir='ltr' id='par_1_102' title="bbox 2149 4590 3726 4666">
     <span class='ocr_line' id='line_1_102' title="bbox 2149 4590 3726 4666; baseline -0.003 -16"><span class='ocrx_word' id='word_1_668' title='bbox 2149 4597 2355 4659; x_wconf 82' lang='grc' dir='ltr'>δίκαιος</span> <span class='ocrx_word' id='word_1_669' title='bbox 2398 4595 2567 4649; x_wconf 83' lang='grc' dir='ltr'>ποιῶν</span> <span class='ocrx_word' id='word_1_670' title='bbox 2603 4594 2799 4666; x_wconf 85' lang='grc' dir='ltr'>κρίμα,</span> <span class='ocrx_word' id='word_1_671' title='bbox 2831 4595 2860 4645; x_wconf 87' lang='grc' dir='ltr'>ὁ</span> <span class='ocrx_word' id='word_1_672' title='bbox 2903 4591 3067 4662; x_wconf 81' lang='grc' dir='ltr'>μηδὲν</span> <span class='ocrx_word' id='word_1_673' title='bbox 3095 4590 3332 4662; x_wconf 86' lang='grc' dir='ltr'>ἀκρίτως</span> <span class='ocrx_word' id='word_1_674' title='bbox 3365 4590 3554 4659; x_wconf 84' lang='grc' dir='ltr'>ποιῶν,</span> <span class='ocrx_word' id='word_1_675' title='bbox 3588 4590 3726 4645; x_wconf 87' lang='grc' dir='ltr'><strong>ἀλλά</strong></span> 
     </span>
    </p>
   </div>
   <div class='ocr_carea' id='block_1_103' title="bbox 2151 4679 2939 4756">
    <p class='ocr_par' dir='ltr' id='par_1_103' title="bbox 2151 4679 2939 4756">
     <span class='ocr_line' id='line_1_103' title="bbox 2151 4679 2939 4756; baseline -0.006 -18"><span class='ocrx_word' id='word_1_676' title='bbox 2151 4684 2489 4756; x_wconf 82' lang='grc' dir='ltr'>κεκριμένως</span> <span class='ocrx_word' id='word_1_677' title='bbox 2522 4685 2578 4737; x_wconf 79' lang='grc' dir='ltr'>ὲν</span> <span class='ocrx_word' id='word_1_678' title='bbox 2612 4679 2939 4752; x_wconf 83' lang='grc' dir='ltr'>δικαιοσύνῃ.</span> 
     </span>
    </p>
   </div>
   <div class='ocr_carea' id='block_1_104' title="bbox 2234 4769 3727 4842">
    <p class='ocr_par' dir='ltr' id='par_1_104' title="bbox 2234 4769 3727 4842">
     <span class='ocr_line' id='line_1_104' title="bbox 2234 4769 3727 4842; baseline -0.002 -16"><span class='ocrx_word' id='word_1_679' title='bbox 2234 4773 2365 4826; x_wconf 76' lang='grc' dir='ltr'><strong>Ἐπὶ</strong></span> <span class='ocrx_word' id='word_1_680' title='bbox 2391 4772 2508 4826; x_wconf 79' lang='grc' dir='ltr'><strong>τῶν</strong></span> <span class='ocrx_word' id='word_1_681' title='bbox 2538 4772 2722 4840; x_wconf 82' lang='grc' dir='ltr'>ὀρέων</span> <span class='ocrx_word' id='word_1_682' title='bbox 2750 4772 2822 4825; x_wconf 85' lang='grc' dir='ltr'>οὐ</span> <span class='ocrx_word' id='word_1_683' title='bbox 2849 4770 3117 4841; x_wconf 70' lang='grc' dir='ltr'>φάγεται.</span> <span class='ocrx_word' id='word_1_684' title='bbox 3145 4769 3254 4841; x_wconf 86' lang='grc' dir='ltr'><strong>Τὴν</strong></span> <span class='ocrx_word' id='word_1_685' title='bbox 3285 4769 3484 4841; x_wconf 88' lang='grc' dir='ltr'>βρῶσιν</span> <span class='ocrx_word' id='word_1_686' title='bbox 3512 4771 3727 4842; x_wconf 75' lang='grc' dir='ltr'>ἐκείνην</span> 
     </span>
    </p>
   </div>
   <div class='ocr_carea' id='block_1_105' title="bbox 2148 4861 3730 4937">
    <p class='ocr_par' dir='ltr' id='par_1_105' title="bbox 2148 4861 3730 4937">
     <span class='ocr_line' id='line_1_105' title="bbox 2148 4861 3730 4937; baseline -0.003 -19"><span class='ocrx_word' id='word_1_687' title='bbox 2148 4865 2248 4937; x_wconf 84' lang='grc' dir='ltr'><strong>τὴν</strong></span> <span class='ocrx_word' id='word_1_688' title='bbox 2274 4863 2383 4917; x_wconf 86' lang='grc' dir='ltr'><strong>τῶν</strong></span> <span class='ocrx_word' id='word_1_689' title='bbox 2411 4863 2740 4935; x_wconf 79' lang='grc' dir='ltr'>ὑψωμάτων,</span> <span class='ocrx_word' id='word_1_690' title='bbox 2765 4864 2874 4918; x_wconf 85' lang='grc' dir='ltr'><strong>τῶν</strong></span> <span class='ocrx_word' id='word_1_691' title='bbox 2898 4863 3270 4934; x_wconf 77' lang='grc' dir='ltr'>ἐπαιρομένων</span> <span class='ocrx_word' id='word_1_692' title='bbox 3295 4864 3434 4916; x_wconf 88' lang='grc' dir='ltr'>κατὰ</span> <span class='ocrx_word' id='word_1_693' title='bbox 3461 4865 3559 4933; x_wconf 82' lang='grc' dir='ltr'>τῆς</span> <span class='ocrx_word' id='word_1_694' title='bbox 3589 4861 3730 4931; x_wconf 83' lang='grc' dir='ltr'><strong>γνώ-</strong></span> 
     </span>
    </p>
   </div>
   <div class='ocr_carea' id='block_1_106' title="bbox 2152 4953 3730 5027">
    <p class='ocr_par' dir='ltr' id='par_1_106' title="bbox 2152 4953 3730 5027">
     <span class='ocr_line' id='line_1_106' title="bbox 2152 4953 3730 5027; baseline -0.001 -16"><span class='ocrx_word' id='word_1_695' title='bbox 2152 4975 2289 5023; x_wconf 89' lang='grc' dir='ltr'>σεως</span> <span class='ocrx_word' id='word_1_696' title='bbox 2310 4957 2402 5012; x_wconf 81' lang='grc' dir='ltr'><strong>τοῦ</strong></span> <span class='ocrx_word' id='word_1_697' title='bbox 2423 4956 2577 5010; x_wconf 80' lang='grc' dir='ltr'>Θεοῦ.</span> <span class='ocrx_word' id='word_1_698' title='bbox 2608 4958 2748 5027; x_wconf 84' lang='grc' dir='ltr'><strong>Ὀρη</strong></span> <span class='ocrx_word' id='word_1_699' title='bbox 2771 4956 2829 5010; x_wconf 91' lang='grc' dir='ltr'><strong>δέ</strong></span> <span class='ocrx_word' id='word_1_700' title='bbox 2855 4958 2970 5009; x_wconf 75' lang='grc' dir='ltr'>ἐστι</span> <span class='ocrx_word' id='word_1_701' title='bbox 2991 4955 3177 5024; x_wconf 81' lang='grc' dir='ltr'>νοητά,</span> <span class='ocrx_word' id='word_1_702' title='bbox 3202 4955 3509 5026; x_wconf 76' lang='grc' dir='ltr'>τασσὸμενα</span> <span class='ocrx_word' id='word_1_703' title='bbox 3534 4958 3598 5008; x_wconf 80' lang='grc' dir='ltr'>ὲκ</span> <span class='ocrx_word' id='word_1_704' title='bbox 3620 4953 3730 5009; x_wconf 86' lang='grc' dir='ltr'><strong>τῶν</strong></span> 
     </span>
    </p>
   </div>
   <div class='ocr_carea' id='block_1_107' title="bbox 2152 5046 3125 5120">
    <p class='ocr_par' dir='ltr' id='par_1_107' title="bbox 2152 5046 3125 5120">
     <span class='ocr_line' id='line_1_107' title="bbox 2152 5046 3125 5120; baseline -0.002 -19"><span class='ocrx_word' id='word_1_705' title='bbox 2152 5049 2432 5113; x_wconf 78' lang='grc' dir='ltr'>ἐναντίων,</span> <span class='ocrx_word' id='word_1_706' title='bbox 2465 5048 2514 5100; x_wconf 81' lang='grc' dir='ltr'>οἱ</span> <span class='ocrx_word' id='word_1_707' title='bbox 2540 5046 2712 5102; x_wconf 78' lang='grc' dir='ltr'>ταῦτα</span> <span class='ocrx_word' id='word_1_708' title='bbox 2744 5049 3125 5120; x_wconf 82' lang='grc' dir='ltr'>γεννήσαντες.</span> 
     </span>
    </p>
   </div>
   <div class='ocr_carea' id='block_1_108' title="bbox 2223 5135 3728 5210">
    <p class='ocr_par' dir='ltr' id='par_1_108' title="bbox 2223 5135 3728 5210">
     <span class='ocr_line' id='line_1_108' title="bbox 2223 5135 3728 5210; baseline -0.005 -15"><span class='ocrx_word' id='word_1_709' title='bbox 2223 5140 2380 5210; x_wconf 83' lang='grc' dir='ltr'>Πρὸς</span> <span class='ocrx_word' id='word_1_710' title='bbox 2412 5140 2483 5194; x_wconf 78' lang='grc' dir='ltr'>τὰ</span> <span class='ocrx_word' id='word_1_711' title='bbox 2514 5140 2734 5193; x_wconf 78' lang='grc' dir='ltr'>εἴδωλα</span> <span class='ocrx_word' id='word_1_712' title='bbox 2771 5139 2941 5193; x_wconf 83' lang='grc' dir='ltr'>οἴκου</span> <span class='ocrx_word' id='word_1_713' title='bbox 2988 5135 3252 5205; x_wconf 75' lang='grc' dir='ltr'>Ἰσραήλ.</span> <span class='ocrx_word' id='word_1_714' title='bbox 3290 5136 3447 5191; x_wconf 87' lang='grc' dir='ltr'>Κατά</span> <span class='ocrx_word' id='word_1_715' title='bbox 3489 5135 3587 5206; x_wconf 83' lang='grc' dir='ltr'>τὴν</span> <span class='ocrx_word' id='word_1_716' title='bbox 3612 5135 3728 5189; x_wconf 87' lang='grc' dir='ltr'>διά-</span> 
     </span>
    </p>
   </div>
   <div class='ocr_carea' id='block_1_109' title="bbox 2148 5228 3181 5298">
    <p class='ocr_par' dir='ltr' id='par_1_109' title="bbox 2148 5228 3181 5298">
     <span class='ocr_line' id='line_1_109' title="bbox 2148 5228 3181 5298; baseline -0.005 -11"><span class='ocrx_word' id='word_1_717' title='bbox 2148 5250 2297 5288; x_wconf 78' lang='grc' dir='ltr'>νοιαν</span> <span class='ocrx_word' id='word_1_718' title='bbox 2331 5232 2438 5286; x_wconf 75' lang='grc' dir='ltr'>τῶν</span> <span class='ocrx_word' id='word_1_719' title='bbox 2470 5230 2658 5286; x_wconf 84' lang='grc' dir='ltr'>παθῶν</span> <span class='ocrx_word' id='word_1_720' title='bbox 2683 5230 2751 5283; x_wconf 84' lang='grc' dir='ltr'>τὰ</span> <span class='ocrx_word' id='word_1_721' title='bbox 2783 5229 2977 5284; x_wconf 76' lang='grc' dir='ltr'>εἴδωλα</span> <span class='ocrx_word' id='word_1_722' title='bbox 3016 5228 3181 5298; x_wconf 85' lang='grc' dir='ltr'>λέγει.</span> 
     </span>
    </p>
   </div>
   <div class='ocr_carea' id='block_1_110' title="bbox 2217 5314 3729 5393">
    <p class='ocr_par' dir='ltr' id='par_1_110' title="bbox 2217 5314 3729 5393">
     <span class='ocr_line' id='line_1_110' title="bbox 2217 5314 3729 5393; baseline -0.003 -17"><span class='ocrx_word' id='word_1_723' title='bbox 2217 5323 2372 5393; x_wconf 79' lang='grc' dir='ltr'>Πρὸς</span> <span class='ocrx_word' id='word_1_724' title='bbox 2399 5322 2514 5391; x_wconf 80' lang='grc' dir='ltr'><strong>τὴν</strong></span> <span class='ocrx_word' id='word_1_725' title='bbox 2549 5321 2805 5391; x_wconf 74' lang='grc' dir='ltr'>γυναῖκα</span> <span class='ocrx_word' id='word_1_726' title='bbox 2847 5321 2919 5375; x_wconf 84' lang='grc' dir='ltr'><strong>ἐν</strong></span> <span class='ocrx_word' id='word_1_727' title='bbox 2958 5318 3193 5389; x_wconf 67' lang='grc' dir='ltr'>ἀφέδρῳ</span> <span class='ocrx_word' id='word_1_728' title='bbox 3216 5314 3443 5373; x_wconf 76' lang='grc' dir='ltr'>οὖσαν.</span> <span class='ocrx_word' id='word_1_729' title='bbox 3477 5317 3587 5381; x_wconf 82' lang='grc' dir='ltr'><strong>Τάς</strong></span> <span class='ocrx_word' id='word_1_730' title='bbox 3625 5316 3729 5386; x_wconf 80' lang='grc' dir='ltr'><strong>τῆς</strong></span> 
     </span>
    </p>
   </div>
   <div class='ocr_carea' id='block_1_111' title="bbox 2147 5408 3725 5485">
    <p class='ocr_par' dir='ltr' id='par_1_111' title="bbox 2147 5408 3725 5485">
     <span class='ocr_line' id='line_1_111' title="bbox 2147 5408 3725 5485; baseline -0.006 -16"><span class='ocrx_word' id='word_1_731' title='bbox 2147 5415 2467 5485; x_wconf 85' lang='grc' dir='ltr'>καθάρσεως</span> <span class='ocrx_word' id='word_1_732' title='bbox 2514 5414 2757 5484; x_wconf 73' lang='grc' dir='ltr'>ἡμέραςο</span> <span class='ocrx_word' id='word_1_733' title='bbox 2794 5414 2861 5466; x_wconf 82' lang='grc' dir='ltr'><strong>ἐκ</strong></span> <span class='ocrx_word' id='word_1_734' title='bbox 2908 5412 3094 5465; x_wconf 90' lang='grc' dir='ltr'>τούτου</span> <span class='ocrx_word' id='word_1_735' title='bbox 3137 5410 3275 5464; x_wconf 85' lang='grc' dir='ltr'><strong>κατά</strong></span> <span class='ocrx_word' id='word_1_736' title='bbox 3324 5409 3491 5481; x_wconf 83' lang='grc' dir='ltr'>μέρος</span> <span class='ocrx_word' id='word_1_737' title='bbox 3531 5408 3725 5473; x_wconf 71' lang='grc' dir='ltr'>ἐθίζων</span> 
     </span>
    </p>
   </div>
   <div class='ocr_carea' id='block_1_112' title="bbox 2148 5500 2981 5575">
    <p class='ocr_par' dir='ltr' id='par_1_112' title="bbox 2148 5500 2981 5575">
     <span class='ocr_line' id='line_1_112' title="bbox 2148 5500 2981 5575; baseline -0.005 -18"><span class='ocrx_word' id='word_1_738' title='bbox 2148 5507 2227 5567; x_wconf 76' lang='grc' dir='ltr'><strong>εἰς</strong></span> <span class='ocrx_word' id='word_1_739' title='bbox 2266 5502 2615 5575; x_wconf 85' lang='grc' dir='ltr'>σωφροσύνην</span> <span class='ocrx_word' id='word_1_740' title='bbox 2653 5500 2981 5573; x_wconf 81' lang='grc' dir='ltr'>ἀκροτάτην.</span> 
     </span>
    </p>
   </div>
   <div class='ocr_carea' id='block_1_113' title="bbox 550 5690 2038 5775">
    <p class='ocr_par' dir='ltr' id='par_1_113' title="bbox 550 5710 2028 5775">
     <span class='ocr_line' id='line_1_113' title="bbox 550 5710 2028 5775; baseline 0.001 -10"><span class='ocrx_word' id='word_1_741' title='bbox 550 5711 594 5741; x_wconf 70' lang='grc'><strong>⁸³</strong></span> <span class='ocrx_word' id='word_1_742' title='bbox 620 5712 814 5768; x_wconf 81' lang='lat' dir='ltr'><strong>Ezccb.</strong></span> <span class='ocrx_word' id='word_1_743' title='bbox 843 5727 976 5775; x_wconf 76' lang='lat' dir='ltr'><strong>xv&quot;,</strong></span> <span class='ocrx_word' id='word_1_744' title='bbox 997 5712 1088 5764; x_wconf 72' lang='grc'><strong>22.</strong></span> <span class='ocrx_word' id='word_1_745' title='bbox 1153 5710 1197 5742; x_wconf 77' lang='grc'><strong>⁸³</strong></span> <span class='ocrx_word' id='word_1_746' title='bbox 1230 5712 1358 5765; x_wconf 85' lang='lat' dir='ltr'><strong>ibid.</strong></span> <span class='ocrx_word' id='word_1_747' title='bbox 1386 5711 1475 5766; x_wconf 67' lang='lat'><strong>24.</strong></span> <span class='ocrx_word' id='word_1_748' title='bbox 1552 5715 1597 5745; x_wconf 55' lang='lat'><strong>6*</strong></span> <span class='ocrx_word' id='word_1_749' title='bbox 1626 5713 1757 5766; x_wconf 79' lang='lat' dir='ltr'><strong>ibid.</strong></span> <span class='ocrx_word' id='word_1_750' title='bbox 1837 5712 2028 5767; x_wconf 78' lang='lat' dir='ltr'><strong>“ibid.</strong></span> 
     </span>
    </p>
   </div>
   <div class='ocr_carea' id='block_1_114' title="bbox 2138 5690 3725 5775">
    <p class='ocr_par' dir='ltr' id='par_1_114' title="bbox 2138 5690 3725 5775">
     <span class='ocr_line' id='line_1_114' title="bbox 2138 5690 3725 5775; baseline -0.008 -10"><span class='ocrx_word' id='word_1_751' title='bbox 2138 5726 2140 5739; x_wconf 64' lang='grc' dir='ltr'><strong>ι</strong></span> <span class='ocrx_word' id='word_1_752' title='bbox 2172 5708 2357 5765; x_wconf 85' lang='lat' dir='ltr'><strong>Matth.</strong></span> <span class='ocrx_word' id='word_1_753' title='bbox 2390 5725 2483 5773; x_wconf 76' lang='lat' dir='ltr'><strong>xx,</strong></span> <span class='ocrx_word' id='word_1_754' title='bbox 2504 5707 2588 5762; x_wconf 76' lang='lat' dir='ltr'><strong>i6.</strong></span> <span class='ocrx_word' id='word_1_755' title='bbox 2667 5706 2710 5737; x_wconf 81' lang='grc'><strong>⁸⁷</strong></span> <span class='ocrx_word' id='word_1_756' title='bbox 2736 5705 3093 5775; x_wconf 74' lang='lat' dir='ltr'><strong>Ezech._xvn,</strong></span> <span class='ocrx_word' id='word_1_757' title='bbox 3114 5690 3205 5775; x_wconf 55' lang='grc' dir='ltr'>ξι.</span> <span class='ocrx_word' id='word_1_758' title='bbox 3238 5701 3306 5775; x_wconf 50' lang='lat' dir='ltr'><strong>ff</strong></span> <span class='ocrx_word' id='word_1_759' title='bbox 3330 5699 3458 5775; x_wconf 79' lang='lat' dir='ltr'><strong>ibid.</strong></span> <span class='ocrx_word' id='word_1_760' title='bbox 3485 5713 3644 5766; x_wconf 76' lang='lat' dir='ltr'><strong>xvm,</strong></span> <span class='ocrx_word' id='word_1_761' title='bbox 3665 5696 3725 5753; x_wconf 71' lang='grc'>2.</span> 
     </span>
    </p>
   </div>
   <div class='ocr_carea' id='block_1_115' title="bbox 477 5780 757 5833">
    <p class='ocr_par' dir='ltr' id='par_1_115' title="bbox 477 5780 757 5833">
     <span class='ocr_line' id='line_1_115' title="bbox 477 5780 757 5833; baseline 0 0"><span class='ocrx_word' id='word_1_762' title='bbox 477 5780 525 5811; x_wconf 64' lang='grc'><strong>⁸⁵</strong></span> <span class='ocrx_word' id='word_1_763' title='bbox 552 5782 679 5833; x_wconf 83' lang='lat' dir='ltr'><strong>ibid.</strong></span> <span class='ocrx_word' id='word_1_764' title='bbox 706 5783 757 5833; x_wconf 82' lang='grc'>5.</span> 
     </span>
    </p>
   </div>
   <div class='ocr_carea' id='block_1_116' title="bbox 835 5771 2038 5848">
    <p class='ocr_par' dir='ltr' id='par_1_116' title="bbox 835 5771 2038 5848">
     <span class='ocr_line' id='line_1_116' title="bbox 835 5771 2038 5848; baseline 0.003 -14"><span class='ocrx_word' id='word_1_765' title='bbox 835 5784 878 5812; x_wconf 80' lang='grc' dir='ltr'><strong>⁷ο</strong></span> <span class='ocrx_word' id='word_1_766' title='bbox 906 5771 1033 5835; x_wconf 84' lang='lat' dir='ltr'><strong>ibid.</strong></span> <span class='ocrx_word' id='word_1_767' title='bbox 1072 5795 1222 5845; x_wconf 64' lang='grc' dir='ltr'>ιιι-ιιι,</span> <span class='ocrx_word' id='word_1_768' title='bbox 1263 5781 1317 5836; x_wconf 70' lang='grc'>4.</span> <span class='ocrx_word' id='word_1_769' title='bbox 1394 5784 1434 5813; x_wconf 80' lang='grc'><strong>⁷¹</strong></span> <span class='ocrx_word' id='word_1_770' title='bbox 1465 5782 1621 5838; x_wconf 84' lang='lat' dir='ltr'><strong>Joan.</strong></span> <span class='ocrx_word' id='word_1_771' title='bbox 1652 5797 1763 5848; x_wconf 82' lang='lat' dir='ltr'><strong>xw,</strong></span> <span class='ocrx_word' id='word_1_772' title='bbox 1797 5781 1849 5836; x_wconf 86' lang='lat'><strong>6.</strong></span> <span class='ocrx_word' id='word_1_773' title='bbox 1926 5784 1970 5816; x_wconf 72' lang='grc'><strong>⁷³</strong></span> <span class='ocrx_word' id='word_1_774' title='bbox 2006 5782 2038 5838; x_wconf 75' lang='lat' dir='ltr'><strong>li</strong></span> 
     </span>
    </p>
   </div>
   <div class='ocr_carea' id='block_1_117' title="bbox 2138 5771 3363 5848">
    <p class='ocr_par' dir='ltr' id='par_1_117' title="bbox 2138 5771 3363 5848">
     <span class='ocr_line' id='line_1_117' title="bbox 2138 5771 3363 5848; baseline -0.009 -13"><span class='ocrx_word' id='word_1_775' title='bbox 2138 5782 2203 5839; x_wconf 88' lang='lat' dir='ltr'><strong>:b.</strong></span> <span class='ocrx_word' id='word_1_776' title='bbox 2236 5795 2389 5848; x_wconf 78' lang='lat' dir='ltr'><strong>mu,</strong></span> <span class='ocrx_word' id='word_1_777' title='bbox 2427 5771 2477 5832; x_wconf 75' lang='grc'>5.</span> <span class='ocrx_word' id='word_1_778' title='bbox 2556 5777 2600 5809; x_wconf 86' lang='grc'><strong>⁷³</strong></span> <span class='ocrx_word' id='word_1_779' title='bbox 2624 5776 2753 5831; x_wconf 87' lang='lat' dir='ltr'><strong>ibid.</strong></span> <span class='ocrx_word' id='word_1_780' title='bbox 2777 5776 2828 5829; x_wconf 84' lang='lat'><strong>6.</strong></span> <span class='ocrx_word' id='word_1_781' title='bbox 2910 5773 2954 5808; x_wconf 75' lang='lat'>&quot;</span> <span class='ocrx_word' id='word_1_782' title='bbox 2984 5775 3114 5829; x_wconf 85' lang='lat' dir='ltr'><strong>ibid.</strong></span> <span class='ocrx_word' id='word_1_783' title='bbox 3157 5774 3200 5806; x_wconf 86' lang='grc'><strong>⁷³</strong></span> <span class='ocrx_word' id='word_1_784' title='bbox 3234 5771 3363 5827; x_wconf 74' lang='lat' dir='ltr'><strong>ibid.</strong></span> 
     </span>
    </p>
   </div>
  </div>
