  <div class='ocr_page' id='page_1' title='image "/cluster/home/n/w/nwhite01/storage/ocr_20150623/13/mdp.39015007036059/410.png"; bbox 0 0 4094 6290; ppageno 0'>
   <div class='ocr_carea' id='block_1_1' title="bbox 428 381 535 439">
    <p class='ocr_par' dir='ltr' id='par_1_1' title="bbox 428 381 535 439">
     <span class='ocr_line' id='line_1_1' title="bbox 428 381 535 439; baseline -0.019 0"><span class='ocrx_word' id='word_1_1' title='bbox 428 381 535 439; x_wconf 80' lang='grc'><strong>817</strong></span> 
     </span>
    </p>
   </div>
   <div class='ocr_carea' id='block_1_2' title="bbox 1624 373 2523 433">
    <p class='ocr_par' dir='ltr' id='par_1_2' title="bbox 1624 373 2523 433">
     <span class='ocr_line' id='line_1_2' title="bbox 1624 373 2523 433; baseline 0.001 -1"><span class='ocrx_word' id='word_1_2' title='bbox 1624 376 1932 433; x_wconf 83' lang='lat' dir='ltr'><strong>SELECTA</strong></span> <span class='ocrx_word' id='word_1_3' title='bbox 1961 373 2029 429; x_wconf 83' lang='grc' dir='ltr'>ΙΝ</span> <span class='ocrx_word' id='word_1_4' title='bbox 2064 374 2523 433; x_wconf 75' lang='lat' dir='ltr'><strong>EZECHIELEM:</strong></span> 
     </span>
    </p>
   </div>
   <div class='ocr_carea' id='block_1_3' title="bbox 3572 369 3677 426">
    <p class='ocr_par' dir='ltr' id='par_1_3' title="bbox 3572 369 3677 426">
     <span class='ocr_line' id='line_1_3' title="bbox 3572 369 3677 426; baseline -0.019 0"><span class='ocrx_word' id='word_1_5' title='bbox 3572 369 3677 426; x_wconf 73' lang='lat'><strong>£18</strong></span> 
     </span>
    </p>
   </div>
   <div class='ocr_carea' id='block_1_4' title="bbox 509 480 2015 568">
    <p class='ocr_par' dir='ltr' id='par_1_4' title="bbox 509 494 2014 568">
     <span class='ocr_line' id='line_1_4' title="bbox 509 494 2014 568; baseline -0.005 -16"><span class='ocrx_word' id='word_1_6' title='bbox 509 500 552 552; x_wconf 79' lang='grc' dir='ltr'><em>Τ</em></span> <span class='ocrx_word' id='word_1_7' title='bbox 549 496 581 552; x_wconf 89' lang='lat'><strong>6</strong></span> <span class='ocrx_word' id='word_1_8' title='bbox 616 496 896 568; x_wconf 78' lang='grc' dir='ltr'>ἀργύριον</span> <span class='ocrx_word' id='word_1_9' title='bbox 936 494 1124 550; x_wconf 77' lang='grc' dir='ltr'>αὐτοῦ</span> <span class='ocrx_word' id='word_1_10' title='bbox 1167 494 1265 549; x_wconf 77' lang='grc' dir='ltr'><strong>ἐπὶ</strong></span> <span class='ocrx_word' id='word_1_11' title='bbox 1302 496 1455 562; x_wconf 75' lang='grc' dir='ltr'>τόκῳ</span> <span class='ocrx_word' id='word_1_12' title='bbox 1491 496 1563 548; x_wconf 84' lang='grc' dir='ltr'>οὺ</span> <span class='ocrx_word' id='word_1_13' title='bbox 1603 494 1802 549; x_wconf 85' lang='grc' dir='ltr'>δώσει.</span> <span class='ocrx_word' id='word_1_14' title='bbox 1846 494 2014 555; x_wconf 82' lang='grc' dir='ltr'>Τόκος</span> 
     </span>
    </p>
   </div>
   <div class='ocr_carea' id='block_1_5' title="bbox 2123 480 3678 568">
    <p class='ocr_par' dir='ltr' id='par_1_5' title="bbox 2188 480 3678 547">
     <span class='ocr_line' id='line_1_5' title="bbox 2188 480 3678 547; baseline -0.004 -2"><span class='ocrx_word' id='word_1_15' title='bbox 2188 491 2480 546; x_wconf 82' lang='lat' dir='ltr'><strong>Pecuniam</strong></span> <span class='ocrx_word' id='word_1_16' title='bbox 2504 508 2655 547; x_wconf 85' lang='lat' dir='ltr'><strong>suam</strong></span> <span class='ocrx_word' id='word_1_17' title='bbox 2692 491 2761 545; x_wconf 89' lang='lat' dir='ltr'><strong>ad</strong></span> <span class='ocrx_word' id='word_1_18' title='bbox 2799 504 3019 544; x_wconf 81' lang='lat' dir='ltr'><strong>usuram</strong></span> <span class='ocrx_word' id='word_1_19' title='bbox 3038 504 3143 543; x_wconf 86' lang='lat' dir='ltr'><strong>non</strong></span> <span class='ocrx_word' id='word_1_20' title='bbox 3169 486 3371 542; x_wconf 78' lang='lat' dir='ltr'><strong>dederit</strong></span> <span class='ocrx_word' id='word_1_21' title='bbox 3396 483 3463 538; x_wconf 75' lang='grc'><strong>⁷⁸.</strong></span> <span class='ocrx_word' id='word_1_22' title='bbox 3499 480 3678 539; x_wconf 83' lang='lat' dir='ltr'><strong>Usnra</strong></span> 
     </span>
    </p>
   </div>
   <div class='ocr_carea' id='block_1_6' title="bbox 434 584 2004 658">
    <p class='ocr_par' dir='ltr' id='par_1_6' title="bbox 434 584 2004 658">
     <span class='ocr_line' id='line_1_6' title="bbox 434 584 2004 658; baseline -0.005 -17"><span class='ocrx_word' id='word_1_23' title='bbox 434 587 649 655; x_wconf 77' lang='grc' dir='ltr'>λέγεται</span> <span class='ocrx_word' id='word_1_24' title='bbox 686 586 747 641; x_wconf 85' lang='grc' dir='ltr'><strong>τὺ</strong></span> <span class='ocrx_word' id='word_1_25' title='bbox 777 586 1036 658; x_wconf 75' lang='grc' dir='ltr'><strong>ᾀδόμενον</strong></span> <span class='ocrx_word' id='word_1_26' title='bbox 1065 585 1157 639; x_wconf 76' lang='grc' dir='ltr'><strong>ἐπὶ</strong></span> <span class='ocrx_word' id='word_1_27' title='bbox 1186 585 1451 657; x_wconf 81' lang='grc' dir='ltr'><strong>ἀργυρίου</strong></span> <span class='ocrx_word' id='word_1_28' title='bbox 1473 602 1486 614; x_wconf 90' lang='grc'><strong>·</strong></span> <span class='ocrx_word' id='word_1_29' title='bbox 1522 584 1857 655; x_wconf 86' lang='grc' dir='ltr'>πλεονασμός</span> <span class='ocrx_word' id='word_1_30' title='bbox 1888 584 2004 635; x_wconf 74' lang='grc' dir='ltr'>ἐστι</span> 
     </span>
    </p>
   </div>
   <div class='ocr_carea' id='block_1_7' title="bbox 436 675 2000 750">
    <p class='ocr_par' dir='ltr' id='par_1_7' title="bbox 436 675 2000 750">
     <span class='ocr_line' id='line_1_7' title="bbox 436 675 2000 750; baseline -0.004 -18"><span class='ocrx_word' id='word_1_31' title='bbox 436 678 502 732; x_wconf 82' lang='grc' dir='ltr'><strong>τὰ</strong></span> <span class='ocrx_word' id='word_1_32' title='bbox 526 679 618 731; x_wconf 74' lang='grc' dir='ltr'><strong>ἐπὶ</strong></span> <span class='ocrx_word' id='word_1_33' title='bbox 649 676 755 730; x_wconf 85' lang='grc' dir='ltr'><strong>τῶν</strong></span> <span class='ocrx_word' id='word_1_34' title='bbox 781 675 985 730; x_wconf 81' lang='grc' dir='ltr'>λοιπῶν</span> <span class='ocrx_word' id='word_1_35' title='bbox 1029 677 1277 748; x_wconf 85' lang='grc' dir='ltr'><strong>διδόμενα</strong></span> <span class='ocrx_word' id='word_1_36' title='bbox 1317 676 1621 750; x_wconf 82' lang='grc' dir='ltr'><strong>βρωμάτων</strong></span> <span class='ocrx_word' id='word_1_37' title='bbox 1658 677 1694 748; x_wconf 81' lang='grc' dir='ltr'><strong>ἢ</strong></span> <span class='ocrx_word' id='word_1_38' title='bbox 1723 675 2000 746; x_wconf 85' lang='grc' dir='ltr'>πομάτων.</span> 
     </span>
    </p>
   </div>
   <div class='ocr_carea' id='block_1_8' title="bbox 414 767 2001 840">
    <p class='ocr_par' dir='ltr' id='par_1_8' title="bbox 414 767 2001 840">
     <span class='ocr_line' id='line_1_8' title="bbox 414 767 2001 840; baseline 0.005 -19"><span class='ocrx_word' id='word_1_39' title='bbox 414 767 629 838; x_wconf 71' lang='grc' dir='ltr'><strong>ΔΛοιμός</strong></span> <span class='ocrx_word' id='word_1_40' title='bbox 660 769 808 823; x_wconf 79' lang='grc' dir='ltr'>ἐστιν</span> <span class='ocrx_word' id='word_1_41' title='bbox 833 769 863 823; x_wconf 99' lang='lat'><strong>6</strong></span> <span class='ocrx_word' id='word_1_42' title='bbox 889 768 1304 840; x_wconf 84' lang='grc' dir='ltr'><strong>λυμαινόμενος,</strong></span> <span class='ocrx_word' id='word_1_43' title='bbox 1332 770 1493 824; x_wconf 74' lang='grc' dir='ltr'>οἱονεὶ</span> <span class='ocrx_word' id='word_1_44' title='bbox 1515 771 1544 824; x_wconf 95' lang='lat'><strong>6</strong></span> <span class='ocrx_word' id='word_1_45' title='bbox 1570 767 1771 840; x_wconf 73' lang='grc' dir='ltr'>ἅρπαξ,</span> <span class='ocrx_word' id='word_1_46' title='bbox 1801 768 2001 833; x_wconf 80' lang='grc' dir='ltr'>ἄδικος.</span> 
     </span>
    </p>
   </div>
   <div class='ocr_carea' id='block_1_9' title="bbox 328 859 989 915">
    <p class='ocr_par' dir='ltr' id='par_1_9' title="bbox 328 859 989 915">
     <span class='ocr_line' id='line_1_9' title="bbox 328 859 989 915; baseline -0.002 0"><span class='ocrx_word' id='word_1_47' title='bbox 328 870 337 915; x_wconf 68' lang='grc' dir='ltr'>ἓ</span> <span class='ocrx_word' id='word_1_48' title='bbox 434 859 745 914; x_wconf 81' lang='grc' dir='ltr'>καταπίνων</span> <span class='ocrx_word' id='word_1_49' title='bbox 784 860 989 915; x_wconf 87' lang='grc' dir='ltr'>πάντα.</span> 
     </span>
    </p>
   </div>
   <div class='ocr_carea' id='block_1_10' title="bbox 498 946 2006 1025">
    <p class='ocr_par' dir='ltr' id='par_1_10' title="bbox 498 946 2006 1025">
     <span class='ocr_line' id='line_1_10' title="bbox 498 946 2006 1025; baseline -0.003 -20"><span class='ocrx_word' id='word_1_50' title='bbox 498 950 609 1005; x_wconf 79' lang='lat' dir='ltr'><strong>Kal</strong></span> <span class='ocrx_word' id='word_1_51' title='bbox 643 951 864 1019; x_wconf 82' lang='grc' dir='ltr'><strong>χέοντα</strong></span> <span class='ocrx_word' id='word_1_52' title='bbox 894 947 1056 1024; x_wconf 77' lang='grc' dir='ltr'>αἷμα.</span> <span class='ocrx_word' id='word_1_53' title='bbox 1108 946 1257 1024; x_wconf 76' lang='grc' dir='ltr'>Αἷμά</span> <span class='ocrx_word' id='word_1_54' title='bbox 1300 953 1414 1006; x_wconf 75' lang='grc' dir='ltr'>ἐστι</span> <span class='ocrx_word' id='word_1_55' title='bbox 1460 952 1522 1006; x_wconf 87' lang='grc' dir='ltr'><strong>σύ</strong></span> <span class='ocrx_word' id='word_1_56' title='bbox 1531 951 1724 1025; x_wconf 78' lang='grc' dir='ltr'>μϐολον</span> <span class='ocrx_word' id='word_1_57' title='bbox 1773 949 2006 1019; x_wconf 79' lang='grc' dir='ltr'><strong>ζωτικῆς</strong></span> 
     </span>
    </p>
   </div>
   <div class='ocr_carea' id='block_1_11' title="bbox 429 1038 935 1114">
    <p class='ocr_par' dir='ltr' id='par_1_11' title="bbox 429 1038 935 1114">
     <span class='ocr_line' id='line_1_11' title="bbox 429 1038 935 1114; baseline 0.008 -22"><span class='ocrx_word' id='word_1_58' title='bbox 429 1038 713 1110; x_wconf 84' lang='grc' dir='ltr'>δυνάμεως</span> <span class='ocrx_word' id='word_1_59' title='bbox 736 1041 935 1114; x_wconf 77' lang='grc' dir='ltr'>ψυχῆς.</span> 
     </span>
    </p>
   </div>
   <div class='ocr_carea' id='block_1_12' title="bbox 499 1128 2008 1201">
    <p class='ocr_par' dir='ltr' id='par_1_12' title="bbox 499 1128 2008 1201">
     <span class='ocr_line' id='line_1_12' title="bbox 499 1128 2008 1201; baseline 0 -19"><span class='ocrx_word' id='word_1_60' title='bbox 499 1128 614 1182; x_wconf 74' lang='grc' dir='ltr'><strong>Καὶ</strong></span> <span class='ocrx_word' id='word_1_61' title='bbox 651 1132 892 1201; x_wconf 80' lang='grc' dir='ltr'>πτωχὸν</span> <span class='ocrx_word' id='word_1_62' title='bbox 938 1131 1036 1187; x_wconf 77' lang='grc' dir='ltr'>καὶ</span> <span class='ocrx_word' id='word_1_63' title='bbox 1071 1132 1321 1201; x_wconf 75' lang='grc' dir='ltr'>πένητα.</span> <span class='ocrx_word' id='word_1_64' title='bbox 1372 1131 1633 1187; x_wconf 84' lang='grc' dir='ltr'>Πλούσιον</span> <span class='ocrx_word' id='word_1_65' title='bbox 1684 1131 1745 1186; x_wconf 80' lang='grc' dir='ltr'>οὐ</span> <span class='ocrx_word' id='word_1_66' title='bbox 1789 1131 2008 1186; x_wconf 85' lang='grc' dir='ltr'>δύναται</span> 
     </span>
    </p>
   </div>
   <div class='ocr_carea' id='block_1_13' title="bbox 430 1219 2008 1292">
    <p class='ocr_par' dir='ltr' id='par_1_13' title="bbox 430 1219 2008 1292">
     <span class='ocr_line' id='line_1_13' title="bbox 430 1219 2008 1292; baseline 0.002 -22"><span class='ocrx_word' id='word_1_67' title='bbox 430 1219 930 1275; x_wconf 82' lang='grc' dir='ltr'>καταδυναστεῦσαι</span> <span class='ocrx_word' id='word_1_68' title='bbox 960 1223 990 1275; x_wconf 93' lang='lat'><strong>6</strong></span> <span class='ocrx_word' id='word_1_69' title='bbox 1018 1221 1224 1292; x_wconf 87' lang='grc' dir='ltr'>λοιμός.</span> <span class='ocrx_word' id='word_1_70' title='bbox 1256 1223 1491 1292; x_wconf 81' lang='grc' dir='ltr'>Λύτρον</span> <span class='ocrx_word' id='word_1_71' title='bbox 1525 1222 1635 1292; x_wconf 76' lang='grc' dir='ltr'>γὰρ</span> <span class='ocrx_word' id='word_1_72' title='bbox 1663 1219 1872 1291; x_wconf 69' lang='grc' dir='ltr'>ψυχῆς</span> <span class='ocrx_word' id='word_1_73' title='bbox 1901 1220 2008 1274; x_wconf 80' lang='grc' dir='ltr'><strong>ἀν·-</strong></span> 
     </span>
    </p>
   </div>
   <div class='ocr_carea' id='block_1_14' title="bbox 433 1310 2011 1383">
    <p class='ocr_par' dir='ltr' id='par_1_14' title="bbox 433 1310 2011 1383">
     <span class='ocr_line' id='line_1_14' title="bbox 433 1310 2011 1383; baseline 0 -18"><span class='ocrx_word' id='word_1_74' title='bbox 433 1310 693 1377; x_wconf 77' lang='grc' dir='ltr'>θρώπου,</span> <span class='ocrx_word' id='word_1_75' title='bbox 718 1314 752 1366; x_wconf 81' lang='grc' dir='ltr'><em>ὀ</em></span> <span class='ocrx_word' id='word_1_76' title='bbox 777 1311 926 1378; x_wconf 78' lang='grc' dir='ltr'>ἴδιος</span> <span class='ocrx_word' id='word_1_77' title='bbox 947 1313 1211 1378; x_wconf 74' lang='grc' dir='ltr'>πλοῦτος</span> <span class='ocrx_word' id='word_1_78' title='bbox 1230 1327 1244 1343; x_wconf 91' lang='grc'><strong>·</strong></span> <span class='ocrx_word' id='word_1_79' title='bbox 1271 1312 1507 1381; x_wconf 78' lang='grc' dir='ltr'>πτωχὸς</span> <span class='ocrx_word' id='word_1_80' title='bbox 1532 1312 1601 1366; x_wconf 82' lang='grc' dir='ltr'><strong>δὲ</strong></span> <span class='ocrx_word' id='word_1_81' title='bbox 1626 1315 1738 1383; x_wconf 82' lang='grc' dir='ltr'><strong>οὐχ</strong></span> <span class='ocrx_word' id='word_1_82' title='bbox 1757 1312 2011 1382; x_wconf 73' lang='grc' dir='ltr'>ὑφίστα-</span> 
     </span>
    </p>
   </div>
   <div class='ocr_carea' id='block_1_15' title="bbox 434 1399 2012 1475">
    <p class='ocr_par' dir='ltr' id='par_1_15' title="bbox 434 1399 2012 1475">
     <span class='ocr_line' id='line_1_15' title="bbox 434 1399 2012 1475; baseline 0.001 -20"><span class='ocrx_word' id='word_1_83' title='bbox 434 1417 533 1454; x_wconf 80' lang='grc' dir='ltr'><strong>ται</strong></span> <span class='ocrx_word' id='word_1_84' title='bbox 569 1399 845 1469; x_wconf 76' lang='grc' dir='ltr'>ἀπειλήν.</span> <span class='ocrx_word' id='word_1_85' title='bbox 883 1403 1146 1468; x_wconf 84' lang='grc' dir='ltr'><strong>Πλούσιός</strong></span> <span class='ocrx_word' id='word_1_86' title='bbox 1183 1406 1331 1459; x_wconf 82' lang='grc' dir='ltr'>ἐστιν</span> <span class='ocrx_word' id='word_1_87' title='bbox 1372 1404 1402 1456; x_wconf 94' lang='lat'><strong>6</strong></span> <span class='ocrx_word' id='word_1_88' title='bbox 1448 1403 1693 1458; x_wconf 85' lang='grc' dir='ltr'>πλουτῶν</span> <span class='ocrx_word' id='word_1_89' title='bbox 1727 1405 1787 1457; x_wconf 79' lang='grc' dir='ltr'>ἐν</span> <span class='ocrx_word' id='word_1_90' title='bbox 1831 1403 2012 1475; x_wconf 79' lang='grc' dir='ltr'><strong>ἔργοις</strong></span> 
     </span>
    </p>
   </div>
   <div class='ocr_carea' id='block_1_16' title="bbox 437 1491 1798 1566">
    <p class='ocr_par' dir='ltr' id='par_1_16' title="bbox 437 1491 1798 1566">
     <span class='ocr_line' id='line_1_16' title="bbox 437 1491 1798 1566; baseline 0 -22"><span class='ocrx_word' id='word_1_91' title='bbox 437 1491 682 1560; x_wconf 79' lang='grc' dir='ltr'>ἀγαθοῖς,</span> <span class='ocrx_word' id='word_1_92' title='bbox 715 1492 774 1545; x_wconf 85' lang='grc' dir='ltr'>ὲν</span> <span class='ocrx_word' id='word_1_93' title='bbox 802 1491 945 1563; x_wconf 82' lang='grc' dir='ltr'>λόγῳ</span> <span class='ocrx_word' id='word_1_94' title='bbox 985 1491 1143 1558; x_wconf 82' lang='grc' dir='ltr'><strong>Θεοῦ,</strong></span> <span class='ocrx_word' id='word_1_95' title='bbox 1176 1492 1270 1547; x_wconf 76' lang='grc' dir='ltr'>καὶ</span> <span class='ocrx_word' id='word_1_96' title='bbox 1302 1494 1361 1546; x_wconf 84' lang='grc' dir='ltr'>ὲν</span> <span class='ocrx_word' id='word_1_97' title='bbox 1400 1493 1549 1566; x_wconf 78' lang='grc' dir='ltr'>πάσῃ</span> <span class='ocrx_word' id='word_1_98' title='bbox 1581 1492 1798 1562; x_wconf 86' lang='grc' dir='ltr'>γνώσει.</span> 
     </span>
    </p>
   </div>
   <div class='ocr_carea' id='block_1_17' title="bbox 505 1582 2009 1655">
    <p class='ocr_par' dir='ltr' id='par_1_17' title="bbox 505 1582 2009 1655">
     <span class='ocr_line' id='line_1_17' title="bbox 505 1582 2009 1655; baseline 0.001 -19"><span class='ocrx_word' id='word_1_99' title='bbox 505 1582 619 1636; x_wconf 79' lang='grc' dir='ltr'><strong>Καὶ</strong></span> <span class='ocrx_word' id='word_1_100' title='bbox 639 1583 727 1649; x_wconf 80' lang='grc' dir='ltr'>εὶς</span> <span class='ocrx_word' id='word_1_101' title='bbox 745 1583 820 1637; x_wconf 86' lang='grc' dir='ltr'>τὰ</span> <span class='ocrx_word' id='word_1_102' title='bbox 836 1582 1245 1641; x_wconf 73' lang='grc' dir='ltr'>εἴδωλα-ἔθετο</span> <span class='ocrx_word' id='word_1_103' title='bbox 1266 1583 1410 1650; x_wconf 84' lang='grc' dir='ltr'>τοὺς</span> <span class='ocrx_word' id='word_1_104' title='bbox 1432 1583 1777 1655; x_wconf 73' lang='grc' dir='ltr'>ὀφθαλμοὺς</span> <span class='ocrx_word' id='word_1_105' title='bbox 1802 1583 2009 1637; x_wconf 86' lang='grc' dir='ltr'>αὐτοῦ.</span> 
     </span>
    </p>
   </div>
   <div class='ocr_carea' id='block_1_18' title="bbox 438 1672 2015 1746">
    <p class='ocr_par' dir='ltr' id='par_1_18' title="bbox 438 1672 2015 1746">
     <span class='ocr_line' id='line_1_18' title="bbox 438 1672 2015 1746; baseline 0.001 -21"><span class='ocrx_word' id='word_1_106' title='bbox 438 1672 627 1728; x_wconf 82' lang='grc' dir='ltr'>Πάντα</span> <span class='ocrx_word' id='word_1_107' title='bbox 662 1672 731 1731; x_wconf 85' lang='grc' dir='ltr'>τὰ</span> <span class='ocrx_word' id='word_1_108' title='bbox 772 1674 1234 1746; x_wconf 82' lang='grc' dir='ltr'>ἀναπεπλασμένα</span> <span class='ocrx_word' id='word_1_109' title='bbox 1275 1675 1469 1729; x_wconf 74' lang='grc' dir='ltr'>εἴδωλά</span> <span class='ocrx_word' id='word_1_110' title='bbox 1518 1676 1645 1729; x_wconf 75' lang='lat' dir='ltr'><strong>eiet.</strong></span> <span class='ocrx_word' id='word_1_111' title='bbox 1691 1674 1913 1728; x_wconf 85' lang='grc' dir='ltr'>Τιθέασι</span> <span class='ocrx_word' id='word_1_112' title='bbox 1957 1674 2015 1728; x_wconf 82' lang='grc' dir='ltr'><strong>δὲ</strong></span> 
     </span>
    </p>
   </div>
   <div class='ocr_carea' id='block_1_19' title="bbox 436 1763 1423 1838">
    <p class='ocr_par' dir='ltr' id='par_1_19' title="bbox 436 1763 1423 1838">
     <span class='ocr_line' id='line_1_19' title="bbox 436 1763 1423 1838; baseline 0.003 -20"><span class='ocrx_word' id='word_1_113' title='bbox 436 1763 611 1821; x_wconf 71' lang='grc' dir='ltr'>ταῦτα</span> <span class='ocrx_word' id='word_1_114' title='bbox 640 1766 700 1821; x_wconf 80' lang='grc' dir='ltr'>ὲν</span> <span class='ocrx_word' id='word_1_115' title='bbox 725 1766 1029 1838; x_wconf 77' lang='grc' dir='ltr'>ἀποκρύφῳ</span> <span class='ocrx_word' id='word_1_116' title='bbox 1056 1768 1104 1820; x_wconf 82' lang='lat' dir='ltr'><strong>oi</strong></span> <span class='ocrx_word' id='word_1_117' title='bbox 1138 1766 1423 1838; x_wconf 85' lang='grc' dir='ltr'>αίρετικοί.</span> 
     </span>
    </p>
   </div>
   <div class='ocr_carea' id='block_1_20' title="bbox 2111 572 3707 653">
    <p class='ocr_par' dir='ltr' id='par_1_20' title="bbox 2111 572 3707 653">
     <span class='ocr_line' id='line_1_20' title="bbox 2111 572 3707 653; baseline -0.005 -18"><span class='ocrx_word' id='word_1_118' title='bbox 2111 579 2311 635; x_wconf 89' lang='lat' dir='ltr'><strong>dicitur</strong></span> <span class='ocrx_word' id='word_1_119' title='bbox 2380 581 2758 653; x_wconf 86' lang='lat' dir='ltr'><strong>pervulgatum</strong></span> <span class='ocrx_word' id='word_1_120' title='bbox 2823 578 2957 635; x_wconf 83' lang='lat' dir='ltr'><strong>illud</strong></span> <span class='ocrx_word' id='word_1_121' title='bbox 3026 579 3082 633; x_wconf 91' lang='lat' dir='ltr'><strong>in</strong></span> <span class='ocrx_word' id='word_1_122' title='bbox 3154 576 3385 647; x_wconf 81' lang='lat' dir='ltr'><strong>pecunia</strong></span> <span class='ocrx_word' id='word_1_123' title='bbox 3469 572 3628 630; x_wconf 81' lang='lat' dir='ltr'><strong>fenus</strong></span> <span class='ocrx_word' id='word_1_124' title='bbox 3660 591 3707 641; x_wconf 71' lang='lat'><strong>;.,</strong></span> 
     </span>
    </p>
   </div>
   <div class='ocr_carea' id='block_1_21' title="bbox 2112 664 3682 742">
    <p class='ocr_par' dir='ltr' id='par_1_21' title="bbox 2112 664 3682 742">
     <span class='ocr_line' id='line_1_21' title="bbox 2112 664 3682 742; baseline -0.003 -17"><span class='ocrx_word' id='word_1_125' title='bbox 2112 670 2465 736; x_wconf 81' lang='lat' dir='ltr'><strong>abundantia,</strong></span> <span class='ocrx_word' id='word_1_126' title='bbox 2511 672 2564 727; x_wconf 89' lang='lat' dir='ltr'>id</span> <span class='ocrx_word' id='word_1_127' title='bbox 2603 672 2746 742; x_wconf 90' lang='lat' dir='ltr'><strong>quod</strong></span> <span class='ocrx_word' id='word_1_128' title='bbox 2790 672 2846 725; x_wconf 90' lang='lat' dir='ltr'><strong>in</strong></span> <span class='ocrx_word' id='word_1_129' title='bbox 2889 669 3115 739; x_wconf 85' lang='lat' dir='ltr'><strong>reliquis</strong></span> <span class='ocrx_word' id='word_1_130' title='bbox 3157 666 3294 723; x_wconf 85' lang='lat' dir='ltr'><strong>cibis</strong></span> <span class='ocrx_word' id='word_1_131' title='bbox 3337 673 3432 720; x_wconf 88' lang='lat' dir='ltr'><strong>aut</strong></span> <span class='ocrx_word' id='word_1_132' title='bbox 3463 664 3682 735; x_wconf 89' lang='lat' dir='ltr'><strong>potibus</strong></span> 
     </span>
    </p>
   </div>
   <div class='ocr_carea' id='block_1_22' title="bbox 2113 752 3679 830">
    <p class='ocr_par' dir='ltr' id='par_1_22' title="bbox 2113 752 3679 830">
     <span class='ocr_line' id='line_1_22' title="bbox 2113 752 3679 830; baseline -0.004 -16"><span class='ocrx_word' id='word_1_133' title='bbox 2113 759 2290 814; x_wconf 88' lang='lat' dir='ltr'><strong>datur.</strong></span> <span class='ocrx_word' id='word_1_134' title='bbox 2345 758 2521 815; x_wconf 79' lang='lat' dir='ltr'><strong>Pestis</strong></span> <span class='ocrx_word' id='word_1_135' title='bbox 2563 768 2648 815; x_wconf 90' lang='lat' dir='ltr'><strong>est</strong></span> <span class='ocrx_word' id='word_1_136' title='bbox 2695 760 2743 814; x_wconf 88' lang='lat' dir='ltr'><strong>is</strong></span> <span class='ocrx_word' id='word_1_137' title='bbox 2785 758 2879 830; x_wconf 88' lang='lat' dir='ltr'><strong>qui</strong></span> <span class='ocrx_word' id='word_1_138' title='bbox 2916 757 3227 813; x_wconf 78' lang='lat' dir='ltr'><strong>vastitatem</strong></span> <span class='ocrx_word' id='word_1_139' title='bbox 3273 752 3474 823; x_wconf 76' lang='lat' dir='ltr'><strong>infert,</strong></span> <span class='ocrx_word' id='word_1_140' title='bbox 3516 760 3679 824; x_wconf 89' lang='lat' dir='ltr'><strong>puta,</strong></span> 
     </span>
    </p>
   </div>
   <div class='ocr_carea' id='block_1_23' title="bbox 2112 848 3173 922">
    <p class='ocr_par' dir='ltr' id='par_1_23' title="bbox 2112 848 3173 922">
     <span class='ocr_line' id='line_1_23' title="bbox 2112 848 3173 922; baseline -0.002 -16"><span class='ocrx_word' id='word_1_141' title='bbox 2112 852 2275 916; x_wconf 83' lang='lat' dir='ltr'><strong>latro,</strong></span> <span class='ocrx_word' id='word_1_142' title='bbox 2305 850 2563 921; x_wconf 86' lang='lat' dir='ltr'><strong>injustus,</strong></span> <span class='ocrx_word' id='word_1_143' title='bbox 2590 850 2683 922; x_wconf 89' lang='lat' dir='ltr'><strong>qui</strong></span> <span class='ocrx_word' id='word_1_144' title='bbox 2705 849 2935 921; x_wconf 81' lang='lat' dir='ltr'><strong>deglutit</strong></span> <span class='ocrx_word' id='word_1_145' title='bbox 2966 848 3173 904; x_wconf 81' lang='lat' dir='ltr'><strong>omnia.</strong></span> 
     </span>
    </p>
   </div>
   <div class='ocr_carea' id='block_1_24' title="bbox 2186 937 3685 1013">
    <p class='ocr_par' dir='ltr' id='par_1_24' title="bbox 2186 937 3685 1013">
     <span class='ocr_line' id='line_1_24' title="bbox 2186 937 3685 1013; baseline -0.002 -16"><span class='ocrx_word' id='word_1_146' title='bbox 2186 942 2256 997; x_wconf 88' lang='lat' dir='ltr'><strong>Et</strong></span> <span class='ocrx_word' id='word_1_147' title='bbox 2279 943 2627 1012; x_wconf 74' lang='lat' dir='ltr'><strong>e/fundentem</strong></span> <span class='ocrx_word' id='word_1_148' title='bbox 2658 943 2966 1012; x_wconf 87' lang='lat' dir='ltr'><strong>sanguinem</strong></span> <span class='ocrx_word' id='word_1_149' title='bbox 2982 942 3049 996; x_wconf 86' lang='lat'><strong>&quot;&quot;.</strong></span> <span class='ocrx_word' id='word_1_150' title='bbox 3111 940 3344 1013; x_wconf 72' lang='lat' dir='ltr'><strong>Sanguis</strong></span> <span class='ocrx_word' id='word_1_151' title='bbox 3375 937 3685 1011; x_wconf 84' lang='lat' dir='ltr'><strong>symbolum</strong></span> 
     </span>
    </p>
   </div>
   <div class='ocr_carea' id='block_1_25' title="bbox 2115 1034 2916 1093">
    <p class='ocr_par' dir='ltr' id='par_1_25' title="bbox 2115 1034 2916 1093">
     <span class='ocr_line' id='line_1_25' title="bbox 2115 1034 2916 1093; baseline 0 -4"><span class='ocrx_word' id='word_1_152' title='bbox 2115 1043 2200 1090; x_wconf 89' lang='lat' dir='ltr'><strong>est</strong></span> <span class='ocrx_word' id='word_1_153' title='bbox 2230 1035 2412 1091; x_wconf 84' lang='lat' dir='ltr'><strong>vitalis</strong></span> <span class='ocrx_word' id='word_1_154' title='bbox 2444 1035 2665 1093; x_wconf 89' lang='lat' dir='ltr'><strong>virtutis</strong></span> <span class='ocrx_word' id='word_1_155' title='bbox 2695 1034 2916 1089; x_wconf 60' lang='lat' dir='ltr'><strong>animae.</strong></span> 
     </span>
    </p>
   </div>
   <div class='ocr_carea' id='block_1_26' title="bbox 2187 1124 3697 1198">
    <p class='ocr_par' dir='ltr' id='par_1_26' title="bbox 2187 1124 3697 1198">
     <span class='ocr_line' id='line_1_26' title="bbox 2187 1124 3697 1198; baseline 0.001 -19"><span class='ocrx_word' id='word_1_156' title='bbox 2187 1125 2258 1179; x_wconf 80' lang='lat' dir='ltr'><strong>Et</strong></span> <span class='ocrx_word' id='word_1_157' title='bbox 2289 1143 2505 1198; x_wconf 87' lang='lat' dir='ltr'><strong>egenum</strong></span> <span class='ocrx_word' id='word_1_158' title='bbox 2536 1137 2587 1182; x_wconf 85' lang='lat' dir='ltr'><strong>et</strong></span> <span class='ocrx_word' id='word_1_159' title='bbox 2614 1126 2975 1196; x_wconf 70' lang='lat' dir='ltr'><strong>pauperem&quot;.</strong></span> <span class='ocrx_word' id='word_1_160' title='bbox 3008 1124 3238 1180; x_wconf 81' lang='lat' dir='ltr'><strong>Divitem</strong></span> <span class='ocrx_word' id='word_1_161' title='bbox 3267 1140 3375 1179; x_wconf 88' lang='lat' dir='ltr'><strong>non</strong></span> <span class='ocrx_word' id='word_1_162' title='bbox 3405 1132 3588 1194; x_wconf 84' lang='lat' dir='ltr'><strong>potest</strong></span> <span class='ocrx_word' id='word_1_163' title='bbox 3604 1125 3697 1181; x_wconf 75' lang='lat' dir='ltr'><strong>vir.</strong></span> 
     </span>
    </p>
   </div>
   <div class='ocr_carea' id='block_1_27' title="bbox 2116 1214 3695 1288">
    <p class='ocr_par' dir='ltr' id='par_1_27' title="bbox 2116 1214 3695 1288">
     <span class='ocr_line' id='line_1_27' title="bbox 2116 1214 3695 1288; baseline -0.002 -15"><span class='ocrx_word' id='word_1_164' title='bbox 2116 1218 2376 1287; x_wconf 85' lang='lat' dir='ltr'><strong>pestilens</strong></span> <span class='ocrx_word' id='word_1_165' title='bbox 2399 1220 2727 1288; x_wconf 70' lang='lat' dir='ltr'><strong>opprimere.</strong></span> <span class='ocrx_word' id='word_1_166' title='bbox 2757 1217 3063 1288; x_wconf 79' lang='lat' dir='ltr'><strong>Redemptio</strong></span> <span class='ocrx_word' id='word_1_167' title='bbox 3083 1217 3221 1271; x_wconf 85' lang='lat' dir='ltr'><strong>enim</strong></span> <span class='ocrx_word' id='word_1_168' title='bbox 3239 1217 3432 1270; x_wconf 75' lang='lat' dir='ltr'><strong>animo:</strong></span> <span class='ocrx_word' id='word_1_169' title='bbox 3458 1214 3581 1279; x_wconf 71' lang='lat' dir='ltr'><strong>uiri,</strong></span> <span class='ocrx_word' id='word_1_170' title='bbox 3599 1216 3695 1270; x_wconf 53' lang='lat' dir='ltr'><strong>di.</strong></span> 
     </span>
    </p>
   </div>
   <div class='ocr_carea' id='block_1_28' title="bbox 2117 1308 3690 1379">
    <p class='ocr_par' dir='ltr' id='par_1_28' title="bbox 2117 1308 3690 1379">
     <span class='ocr_line' id='line_1_28' title="bbox 2117 1308 3690 1379; baseline -0.006 -15"><span class='ocrx_word' id='word_1_171' title='bbox 2117 1311 2259 1364; x_wconf 76' lang='lat' dir='ltr'><strong>vitia:</strong></span> <span class='ocrx_word' id='word_1_172' title='bbox 2296 1310 2442 1378; x_wconf 85' lang='lat' dir='ltr'><strong>ejus;</strong></span> <span class='ocrx_word' id='word_1_173' title='bbox 2488 1310 2634 1379; x_wconf 85' lang='lat' dir='ltr'><strong>inops</strong></span> <span class='ocrx_word' id='word_1_174' title='bbox 2685 1317 2863 1363; x_wconf 82' lang='lat' dir='ltr'><strong>autem</strong></span> <span class='ocrx_word' id='word_1_175' title='bbox 2907 1324 3009 1362; x_wconf 87' lang='lat' dir='ltr'><strong>non</strong></span> <span class='ocrx_word' id='word_1_176' title='bbox 3053 1309 3275 1362; x_wconf 80' lang='lat' dir='ltr'><strong>sustinet</strong></span> <span class='ocrx_word' id='word_1_177' title='bbox 3318 1308 3690 1361; x_wconf 77' lang='lat' dir='ltr'><strong>comminatio.-</strong></span> 
     </span>
    </p>
   </div>
   <div class='ocr_carea' id='block_1_29' title="bbox 2119 1398 3688 1470">
    <p class='ocr_par' dir='ltr' id='par_1_29' title="bbox 2119 1398 3688 1470">
     <span class='ocr_line' id='line_1_29' title="bbox 2119 1398 3688 1470; baseline 0 -17"><span class='ocrx_word' id='word_1_178' title='bbox 2119 1416 2236 1454; x_wconf 87' lang='lat' dir='ltr'><strong>nem</strong></span> <span class='ocrx_word' id='word_1_179' title='bbox 2263 1401 2330 1453; x_wconf 63' lang='grc' dir='ltr'><strong>τε.</strong></span> <span class='ocrx_word' id='word_1_180' title='bbox 2364 1399 2519 1455; x_wconf 86' lang='lat' dir='ltr'><strong>Dives</strong></span> <span class='ocrx_word' id='word_1_181' title='bbox 2547 1407 2651 1463; x_wconf 88' lang='lat' dir='ltr'><strong>est,</strong></span> <span class='ocrx_word' id='word_1_182' title='bbox 2701 1400 2797 1470; x_wconf 91' lang='lat' dir='ltr'><strong>qui</strong></span> <span class='ocrx_word' id='word_1_183' title='bbox 2828 1399 2979 1455; x_wconf 89' lang='lat' dir='ltr'><strong>dives</strong></span> <span class='ocrx_word' id='word_1_184' title='bbox 3026 1407 3109 1454; x_wconf 84' lang='lat' dir='ltr'><strong>est</strong></span> <span class='ocrx_word' id='word_1_185' title='bbox 3138 1399 3193 1452; x_wconf 90' lang='lat' dir='ltr'><strong>in</strong></span> <span class='ocrx_word' id='word_1_186' title='bbox 3221 1398 3478 1468; x_wconf 81' lang='lat' dir='ltr'><strong>operibus</strong></span> <span class='ocrx_word' id='word_1_187' title='bbox 3507 1399 3688 1464; x_wconf 84' lang='lat' dir='ltr'><strong>bonis,</strong></span> 
     </span>
    </p>
   </div>
   <div class='ocr_carea' id='block_1_30' title="bbox 2119 1487 3161 1556">
    <p class='ocr_par' dir='ltr' id='par_1_30' title="bbox 2119 1487 3161 1556">
     <span class='ocr_line' id='line_1_30' title="bbox 2119 1487 3161 1556; baseline -0.001 -11"><span class='ocrx_word' id='word_1_188' title='bbox 2119 1491 2174 1546; x_wconf 89' lang='lat' dir='ltr'><strong>in</strong></span> <span class='ocrx_word' id='word_1_189' title='bbox 2209 1491 2376 1547; x_wconf 81' lang='lat' dir='ltr'><strong>verbo</strong></span> <span class='ocrx_word' id='word_1_190' title='bbox 2401 1487 2520 1556; x_wconf 88' lang='lat' dir='ltr'><strong>Dei,</strong></span> <span class='ocrx_word' id='word_1_191' title='bbox 2548 1499 2604 1546; x_wconf 91' lang='lat' dir='ltr'><strong>et</strong></span> <span class='ocrx_word' id='word_1_192' title='bbox 2630 1490 2698 1544; x_wconf 86' lang='lat' dir='ltr'><strong>in</strong></span> <span class='ocrx_word' id='word_1_193' title='bbox 2730 1490 2880 1545; x_wconf 89' lang='lat' dir='ltr'><strong>omni</strong></span> <span class='ocrx_word' id='word_1_194' title='bbox 2913 1490 3161 1545; x_wconf 90' lang='lat' dir='ltr'><strong>scientia.</strong></span> 
     </span>
    </p>
   </div>
   <div class='ocr_carea' id='block_1_31' title="bbox 2191 1576 3693 1650">
    <p class='ocr_par' dir='ltr' id='par_1_31' title="bbox 2191 1576 3693 1650">
     <span class='ocr_line' id='line_1_31' title="bbox 2191 1576 3693 1650; baseline -0.003 -14"><span class='ocrx_word' id='word_1_195' title='bbox 2191 1580 2264 1636; x_wconf 87' lang='grc' dir='ltr'>Ει</span> <span class='ocrx_word' id='word_1_196' title='bbox 2311 1581 2381 1635; x_wconf 84' lang='lat' dir='ltr'><strong>ad</strong></span> <span class='ocrx_word' id='word_1_197' title='bbox 2429 1581 2575 1634; x_wconf 87' lang='lat' dir='ltr'><strong>idola</strong></span> <span class='ocrx_word' id='word_1_198' title='bbox 2619 1581 2799 1650; x_wconf 85' lang='lat' dir='ltr'><strong>posuit</strong></span> <span class='ocrx_word' id='word_1_199' title='bbox 2839 1577 3019 1635; x_wconf 87' lang='lat' dir='ltr'><strong>oculos</strong></span> <span class='ocrx_word' id='word_1_200' title='bbox 3066 1593 3189 1632; x_wconf 86' lang='lat' dir='ltr'><strong>suos</strong></span> <span class='ocrx_word' id='word_1_201' title='bbox 3230 1577 3296 1631; x_wconf 79' lang='grc' dir='ltr'><strong>⁸ο.</strong></span> <span class='ocrx_word' id='word_1_202' title='bbox 3342 1576 3693 1647; x_wconf 63' lang='lat' dir='ltr'><strong>Quaecunque</strong></span> 
     </span>
    </p>
   </div>
   <div class='ocr_carea' id='block_1_32' title="bbox 2121 1668 3694 1737">
    <p class='ocr_par' dir='ltr' id='par_1_32' title="bbox 2121 1668 3694 1737">
     <span class='ocr_line' id='line_1_32' title="bbox 2121 1668 3694 1737; baseline -0.003 -9"><span class='ocrx_word' id='word_1_203' title='bbox 2121 1671 2355 1728; x_wconf 84' lang='lat' dir='ltr'><strong>conﬁcta</strong></span> <span class='ocrx_word' id='word_1_204' title='bbox 2401 1678 2551 1737; x_wconf 90' lang='lat' dir='ltr'><strong>sunt,</strong></span> <span class='ocrx_word' id='word_1_205' title='bbox 2577 1670 2717 1726; x_wconf 85' lang='lat' dir='ltr'><strong>idola</strong></span> <span class='ocrx_word' id='word_1_206' title='bbox 2738 1678 2891 1726; x_wconf 87' lang='lat' dir='ltr'><strong>sunt.</strong></span> <span class='ocrx_word' id='word_1_207' title='bbox 2924 1668 3144 1726; x_wconf 84' lang='lat' dir='ltr'><strong>Ponunt</strong></span> <span class='ocrx_word' id='word_1_208' title='bbox 3171 1678 3355 1725; x_wconf 89' lang='lat' dir='ltr'><strong>autem</strong></span> <span class='ocrx_word' id='word_1_209' title='bbox 3381 1670 3497 1724; x_wconf 64' lang='lat' dir='ltr'><strong>haec</strong></span> <span class='ocrx_word' id='word_1_210' title='bbox 3524 1670 3694 1724; x_wconf 58' lang='lat' dir='ltr'><strong>haere-</strong></span> 
     </span>
    </p>
   </div>
   <div class='ocr_carea' id='block_1_33' title="bbox 2124 1761 2570 1817">
    <p class='ocr_par' dir='ltr' id='par_1_33' title="bbox 2124 1761 2570 1817">
     <span class='ocr_line' id='line_1_33' title="bbox 2124 1761 2570 1817; baseline -0.004 0"><span class='ocrx_word' id='word_1_211' title='bbox 2124 1761 2219 1817; x_wconf 91' lang='lat' dir='ltr'><strong>tici</strong></span> <span class='ocrx_word' id='word_1_212' title='bbox 2256 1762 2311 1816; x_wconf 89' lang='lat' dir='ltr'><strong>in</strong></span> <span class='ocrx_word' id='word_1_213' title='bbox 2333 1761 2570 1817; x_wconf 90' lang='lat' dir='ltr'><strong>occulto.</strong></span> 
     </span>
    </p>
   </div>
   <div class='ocr_carea' id='block_1_34' title="bbox 522 1838 2015 1930">
    <p class='ocr_par' dir='ltr' id='par_1_34' title="bbox 522 1857 2014 1930">
     <span class='ocr_line' id='line_1_34' title="bbox 522 1857 2014 1930; baseline 0.001 -20"><span class='ocrx_word' id='word_1_214' title='bbox 522 1858 656 1911; x_wconf 86' lang='grc' dir='ltr'><strong>Ἐὰν</strong></span> <span class='ocrx_word' id='word_1_215' title='bbox 695 1858 764 1911; x_wconf 78' lang='grc' dir='ltr'><strong>δὲ</strong></span> <span class='ocrx_word' id='word_1_216' title='bbox 807 1857 1076 1928; x_wconf 71' lang='grc' dir='ltr'>γεννήσῃ</span> <span class='ocrx_word' id='word_1_217' title='bbox 1126 1859 1279 1913; x_wconf 71' lang='grc' dir='ltr'>υἱόν.</span> <span class='ocrx_word' id='word_1_218' title='bbox 1304 1903 1308 1908; x_wconf 94' lang='grc'><strong>.</strong></span> <span class='ocrx_word' id='word_1_219' title='bbox 1329 1858 1392 1911; x_wconf 84' lang='grc' dir='ltr'><strong>Ἦ</strong></span> <span class='ocrx_word' id='word_1_220' title='bbox 1437 1857 1649 1928; x_wconf 80' lang='grc' dir='ltr'>γένεσις</span> <span class='ocrx_word' id='word_1_221' title='bbox 1681 1860 1715 1930; x_wconf 83' lang='grc' dir='ltr'><strong>ἡ</strong></span> <span class='ocrx_word' id='word_1_222' title='bbox 1725 1858 1842 1930; x_wconf 83' lang='grc' dir='ltr'><strong>μῶν</strong></span> <span class='ocrx_word' id='word_1_223' title='bbox 1873 1857 2014 1912; x_wconf 87' lang='grc' dir='ltr'><strong>κατά</strong></span> 
     </span>
    </p>
   </div>
   <div class='ocr_carea' id='block_1_35' title="bbox 2123 1838 3690 1930">
    <p class='ocr_par' dir='ltr' id='par_1_35' title="bbox 2191 1851 3690 1922">
     <span class='ocr_line' id='line_1_35' title="bbox 2191 1851 3690 1922; baseline -0.005 -14"><span class='ocrx_word' id='word_1_224' title='bbox 2191 1853 2250 1908; x_wconf 83' lang='lat' dir='ltr'><strong>Si</strong></span> <span class='ocrx_word' id='word_1_225' title='bbox 2277 1863 2457 1907; x_wconf 86' lang='lat' dir='ltr'><strong>autem</strong></span> <span class='ocrx_word' id='word_1_226' title='bbox 2481 1852 2717 1922; x_wconf 75' lang='lat' dir='ltr'><strong>genuerit</strong></span> <span class='ocrx_word' id='word_1_227' title='bbox 2740 1851 2914 1921; x_wconf 79' lang='lat' dir='ltr'><strong>ﬁlium</strong></span> <span class='ocrx_word' id='word_1_228' title='bbox 2936 1852 3001 1906; x_wconf 73' lang='grc'><strong>⁸³.</strong></span> <span class='ocrx_word' id='word_1_229' title='bbox 3028 1851 3324 1908; x_wconf 83' lang='lat' dir='ltr'><strong>Generatio</strong></span> <span class='ocrx_word' id='word_1_230' title='bbox 3355 1861 3542 1907; x_wconf 86' lang='lat' dir='ltr'><strong>nostra</strong></span> <span class='ocrx_word' id='word_1_231' title='bbox 3566 1865 3690 1905; x_wconf 60' lang='lat' dir='ltr'><strong>car.</strong></span> 
     </span>
    </p>
   </div>
   <div class='ocr_carea' id='block_1_36' title="bbox 414 1944 2015 2022">
    <p class='ocr_par' dir='ltr' id='par_1_36' title="bbox 414 1944 2015 2022">
     <span class='ocr_line' id='line_1_36' title="bbox 414 1944 2015 2022; baseline -0.001 -17"><span class='ocrx_word' id='word_1_232' title='bbox 414 1947 618 2021; x_wconf 63' lang='grc' dir='ltr'>σάρκα</span> <span class='ocrx_word' id='word_1_233' title='bbox 652 1944 815 2002; x_wconf 58' lang='grc' dir='ltr'>οὖσαι</span> <span class='ocrx_word' id='word_1_234' title='bbox 846 1948 1049 2020; x_wconf 86' lang='grc' dir='ltr'><strong>ταύτης</strong></span> <span class='ocrx_word' id='word_1_235' title='bbox 1076 1949 1171 2002; x_wconf 76' lang='grc' dir='ltr'>καὶ</span> <span class='ocrx_word' id='word_1_236' title='bbox 1199 1949 1442 2021; x_wconf 85' lang='grc' dir='ltr'>πατέρας</span> <span class='ocrx_word' id='word_1_237' title='bbox 1486 1949 1580 2005; x_wconf 76' lang='grc' dir='ltr'>καὶ</span> <span class='ocrx_word' id='word_1_238' title='bbox 1626 1950 1869 2022; x_wconf 75' lang='grc' dir='ltr'>μητέρας</span> <span class='ocrx_word' id='word_1_239' title='bbox 1898 1949 2015 2020; x_wconf 74' lang='grc' dir='ltr'><strong>ἔχο-</strong></span> 
     </span>
    </p>
   </div>
   <div class='ocr_carea' id='block_1_37' title="bbox 440 2039 2016 2114">
    <p class='ocr_par' dir='ltr' id='par_1_37' title="bbox 440 2039 2016 2114">
     <span class='ocr_line' id='line_1_37' title="bbox 440 2039 2016 2114; baseline 0.001 -22"><span class='ocrx_word' id='word_1_240' title='bbox 440 2055 559 2111; x_wconf 79' lang='grc' dir='ltr'>μεν.</span> <span class='ocrx_word' id='word_1_241' title='bbox 586 2039 660 2093; x_wconf 83' lang='grc' dir='ltr'><strong>Ού</strong></span> <span class='ocrx_word' id='word_1_242' title='bbox 691 2040 797 2113; x_wconf 88' lang='grc' dir='ltr'><strong>γάρ</strong></span> <span class='ocrx_word' id='word_1_243' title='bbox 820 2041 934 2094; x_wconf 80' lang='grc' dir='ltr'>ἐστι</span> <span class='ocrx_word' id='word_1_244' title='bbox 962 2041 1141 2111; x_wconf 82' lang='grc' dir='ltr'>ψυχῆς</span> <span class='ocrx_word' id='word_1_245' title='bbox 1172 2042 1408 2113; x_wconf 86' lang='grc' dir='ltr'>μήτηρῆ</span> <span class='ocrx_word' id='word_1_246' title='bbox 1442 2043 1651 2114; x_wconf 81' lang='grc' dir='ltr'>πατήρ·</span> <span class='ocrx_word' id='word_1_247' title='bbox 1680 2041 1883 2113; x_wconf 81' lang='grc' dir='ltr'>ταύτης</span> <span class='ocrx_word' id='word_1_248' title='bbox 1907 2040 2016 2113; x_wconf 86' lang='grc' dir='ltr'>γὰρ</span> 
     </span>
    </p>
   </div>
   <div class='ocr_carea' id='block_1_38' title="bbox 435 2127 2015 2204">
    <p class='ocr_par' dir='ltr' id='par_1_38' title="bbox 435 2127 2015 2204">
     <span class='ocr_line' id='line_1_38' title="bbox 435 2127 2015 2204; baseline 0.003 -23"><span class='ocrx_word' id='word_1_249' title='bbox 435 2130 466 2182; x_wconf 86' lang='lat'><strong>6</strong></span> <span class='ocrx_word' id='word_1_250' title='bbox 493 2127 626 2192; x_wconf 85' lang='grc' dir='ltr'>Θεδς</span> <span class='ocrx_word' id='word_1_251' title='bbox 656 2128 814 2200; x_wconf 83' lang='grc' dir='ltr'>μόνος</span> <span class='ocrx_word' id='word_1_252' title='bbox 845 2131 965 2184; x_wconf 55' lang='grc' dir='ltr'><strong>ἐστὶ⁵</strong></span> <span class='ocrx_word' id='word_1_253' title='bbox 996 2131 1224 2203; x_wconf 80' lang='grc' dir='ltr'>ποιητὴς</span> <span class='ocrx_word' id='word_1_254' title='bbox 1251 2131 1346 2185; x_wconf 82' lang='grc' dir='ltr'>καὶ</span> <span class='ocrx_word' id='word_1_255' title='bbox 1375 2133 1581 2204; x_wconf 85' lang='grc' dir='ltr'>πατήρ.</span> <span class='ocrx_word' id='word_1_256' title='bbox 1608 2133 1720 2186; x_wconf 75' lang='grc' dir='ltr'><strong>Καὶ</strong></span> <span class='ocrx_word' id='word_1_257' title='bbox 1750 2131 1908 2187; x_wconf 81' lang='grc' dir='ltr'>τοῦτο</span> <span class='ocrx_word' id='word_1_258' title='bbox 1936 2132 2015 2186; x_wconf 89' lang='grc' dir='ltr'><strong>δι-</strong></span> 
     </span>
    </p>
   </div>
   <div class='ocr_carea' id='block_1_39' title="bbox 433 2219 2020 2295">
    <p class='ocr_par' dir='ltr' id='par_1_39' title="bbox 433 2219 2020 2295">
     <span class='ocr_line' id='line_1_39' title="bbox 433 2219 2020 2295; baseline 0.003 -21"><span class='ocrx_word' id='word_1_259' title='bbox 433 2219 651 2274; x_wconf 87' lang='grc' dir='ltr'>δάσκων</span> <span class='ocrx_word' id='word_1_260' title='bbox 698 2221 728 2272; x_wconf 89' lang='lat'><strong>6</strong></span> <span class='ocrx_word' id='word_1_261' title='bbox 771 2221 903 2286; x_wconf 82' lang='grc' dir='ltr'>Θεὸς</span> <span class='ocrx_word' id='word_1_262' title='bbox 943 2221 1112 2292; x_wconf 81' lang='grc' dir='ltr'>λέγει,</span> <span class='ocrx_word' id='word_1_263' title='bbox 1160 2223 1265 2287; x_wconf 82' lang='grc' dir='ltr'>ὅτι,</span> <span class='ocrx_word' id='word_1_264' title='bbox 1301 2223 1499 2279; x_wconf 79' lang='grc' dir='ltr'>Πᾶσαι</span> <span class='ocrx_word' id='word_1_265' title='bbox 1542 2226 1602 2277; x_wconf 84' lang='lat' dir='ltr'><strong>al</strong></span> <span class='ocrx_word' id='word_1_266' title='bbox 1648 2225 1842 2295; x_wconf 68' lang='grc' dir='ltr'>ψυχαὶ</span> <span class='ocrx_word' id='word_1_267' title='bbox 1883 2224 2020 2294; x_wconf 80' lang='grc' dir='ltr'>ἐμαί</span> 
     </span>
    </p>
   </div>
   <div class='ocr_carea' id='block_1_40' title="bbox 434 2314 2020 2389">
    <p class='ocr_par' dir='ltr' id='par_1_40' title="bbox 434 2314 2020 2389">
     <span class='ocr_line' id='line_1_40' title="bbox 434 2314 2020 2389; baseline 0.004 -23"><span class='ocrx_word' id='word_1_268' title='bbox 434 2314 554 2367; x_wconf 80' lang='grc' dir='ltr'>εὶσι</span> <span class='ocrx_word' id='word_1_269' title='bbox 575 2330 589 2343; x_wconf 90' lang='grc'><strong>·</strong></span> <span class='ocrx_word' id='word_1_270' title='bbox 626 2314 721 2368; x_wconf 76' lang='grc' dir='ltr'>καὶ</span> <span class='ocrx_word' id='word_1_271' title='bbox 763 2315 967 2384; x_wconf 79' lang='grc' dir='ltr'><strong>ἑκάστη</strong></span> <span class='ocrx_word' id='word_1_272' title='bbox 1001 2315 1148 2387; x_wconf 79' lang='grc' dir='ltr'>ψυχὴ</span> <span class='ocrx_word' id='word_1_273' title='bbox 1184 2316 1320 2371; x_wconf 78' lang='grc' dir='ltr'>ἰδίαν</span> <span class='ocrx_word' id='word_1_274' title='bbox 1354 2317 1650 2371; x_wconf 82' lang='grc' dir='ltr'>ὑπόστασιν</span> <span class='ocrx_word' id='word_1_275' title='bbox 1681 2317 1816 2389; x_wconf 73' lang='grc' dir='ltr'>ἔχει,</span> <span class='ocrx_word' id='word_1_276' title='bbox 1848 2318 1907 2371; x_wconf 82' lang='grc' dir='ltr'>ὲν</span> <span class='ocrx_word' id='word_1_277' title='bbox 1939 2316 2020 2388; x_wconf 82' lang='grc' dir='ltr'><strong>τῷ</strong></span> 
     </span>
    </p>
   </div>
   <div class='ocr_carea' id='block_1_41' title="bbox 440 2403 2020 2479">
    <p class='ocr_par' dir='ltr' id='par_1_41' title="bbox 440 2403 2020 2479">
     <span class='ocr_line' id='line_1_41' title="bbox 440 2403 2020 2479; baseline 0.004 -22"><span class='ocrx_word' id='word_1_278' title='bbox 440 2403 556 2475; x_wconf 85' lang='grc' dir='ltr'>ίδίῳ</span> <span class='ocrx_word' id='word_1_279' title='bbox 576 2404 721 2476; x_wconf 86' lang='grc' dir='ltr'>λόγῳ</span> <span class='ocrx_word' id='word_1_280' title='bbox 751 2407 1039 2478; x_wconf 77' lang='grc' dir='ltr'>ἱσταμένη,</span> <span class='ocrx_word' id='word_1_281' title='bbox 1079 2407 1176 2461; x_wconf 74' lang='grc' dir='ltr'>καὶ</span> <span class='ocrx_word' id='word_1_282' title='bbox 1209 2408 1311 2461; x_wconf 78' lang='grc' dir='ltr'>οὐκ</span> <span class='ocrx_word' id='word_1_283' title='bbox 1335 2410 1393 2462; x_wconf 85' lang='grc' dir='ltr'>ὲν</span> <span class='ocrx_word' id='word_1_284' title='bbox 1421 2407 1585 2479; x_wconf 80' lang='grc' dir='ltr'>ἀλλῳ.</span> <span class='ocrx_word' id='word_1_285' title='bbox 1615 2409 1725 2462; x_wconf 78' lang='grc' dir='ltr'>Καὶ</span> <span class='ocrx_word' id='word_1_286' title='bbox 1753 2408 1853 2463; x_wconf 86' lang='grc' dir='ltr'>οὐκ</span> <span class='ocrx_word' id='word_1_287' title='bbox 1875 2408 2020 2464; x_wconf 79' lang='grc' dir='ltr'>ἐστιν</span> 
     </span>
    </p>
   </div>
   <div class='ocr_carea' id='block_1_42' title="bbox 437 2496 1930 2571">
    <p class='ocr_par' dir='ltr' id='par_1_42' title="bbox 437 2496 1930 2571">
     <span class='ocr_line' id='line_1_42' title="bbox 437 2496 1930 2571; baseline 0.003 -22"><span class='ocrx_word' id='word_1_288' title='bbox 437 2496 613 2550; x_wconf 76' lang='grc' dir='ltr'>εἰπεῖν</span> <span class='ocrx_word' id='word_1_289' title='bbox 642 2496 810 2568; x_wconf 86' lang='grc' dir='ltr'>ἀλλην</span> <span class='ocrx_word' id='word_1_290' title='bbox 839 2497 981 2568; x_wconf 77' lang='grc' dir='ltr'>ὑπὲρ</span> <span class='ocrx_word' id='word_1_291' title='bbox 1010 2497 1177 2569; x_wconf 88' lang='grc' dir='ltr'>ἀλλης</span> <span class='ocrx_word' id='word_1_292' title='bbox 1205 2498 1306 2562; x_wconf 84' lang='grc' dir='ltr'><strong>τὰς</strong></span> <span class='ocrx_word' id='word_1_293' title='bbox 1337 2499 1609 2571; x_wconf 84' lang='grc' dir='ltr'>ἁμαρτίας</span> <span class='ocrx_word' id='word_1_294' title='bbox 1636 2500 1930 2554; x_wconf 85' lang='grc' dir='ltr'>ἀποτίνειν.</span> 
     </span>
    </p>
   </div>
   <div class='ocr_carea' id='block_1_43' title="bbox 523 2582 2022 2658">
    <p class='ocr_par' dir='ltr' id='par_1_43' title="bbox 523 2582 2022 2658">
     <span class='ocr_line' id='line_1_43' title="bbox 523 2582 2022 2658; baseline 0.005 -19"><span class='ocrx_word' id='word_1_295' title='bbox 523 2588 620 2640; x_wconf 72' lang='grc' dir='ltr'>Ἐν</span> <span class='ocrx_word' id='word_1_296' title='bbox 648 2585 728 2652; x_wconf 87' lang='grc' dir='ltr'>τῷ</span> <span class='ocrx_word' id='word_1_297' title='bbox 754 2587 1177 2658; x_wconf 79' lang='grc' dir='ltr'>παραπτώματι</span> <span class='ocrx_word' id='word_1_298' title='bbox 1207 2588 1394 2644; x_wconf 85' lang='grc' dir='ltr'>αὐτοῦ</span> <span class='ocrx_word' id='word_1_299' title='bbox 1413 2582 1461 2657; x_wconf 81' lang='grc' dir='ltr'>ᾧ</span> <span class='ocrx_word' id='word_1_300' title='bbox 1481 2591 1803 2658; x_wconf 77' lang='grc' dir='ltr'>παρέπεσε.</span> <span class='ocrx_word' id='word_1_301' title='bbox 1835 2592 2022 2647; x_wconf 83' lang='grc' dir='ltr'>Πάντα</span> 
     </span>
    </p>
   </div>
   <div class='ocr_carea' id='block_1_44' title="bbox 439 2678 2021 2753">
    <p class='ocr_par' dir='ltr' id='par_1_44' title="bbox 439 2678 2021 2753">
     <span class='ocr_line' id='line_1_44' title="bbox 439 2678 2021 2753; baseline 0.003 -23"><span class='ocrx_word' id='word_1_302' title='bbox 439 2678 507 2731; x_wconf 84' lang='grc' dir='ltr'><strong>τὰ</strong></span> <span class='ocrx_word' id='word_1_303' title='bbox 531 2678 952 2749; x_wconf 85' lang='grc' dir='ltr'>παραπτώματα</span> <span class='ocrx_word' id='word_1_304' title='bbox 978 2679 1036 2733; x_wconf 77' lang='grc' dir='ltr'>ἓν</span> <span class='ocrx_word' id='word_1_305' title='bbox 1060 2681 1414 2753; x_wconf 89' lang='grc' dir='ltr'>παράπτωμα</span> <span class='ocrx_word' id='word_1_306' title='bbox 1441 2680 1591 2749; x_wconf 80' lang='grc' dir='ltr'>λέγει</span> <span class='ocrx_word' id='word_1_307' title='bbox 1608 2699 1622 2713; x_wconf 72' lang='grc' dir='ltr'><strong>ο</strong></span> <span class='ocrx_word' id='word_1_308' title='bbox 1650 2682 1745 2736; x_wconf 59' lang='grc' dir='ltr'><strong>καί⁷</strong></span> <span class='ocrx_word' id='word_1_309' title='bbox 1772 2682 1932 2736; x_wconf 87' lang='grc' dir='ltr'>πάλιν</span> <span class='ocrx_word' id='word_1_310' title='bbox 1960 2682 2021 2735; x_wconf 86' lang='grc' dir='ltr'>τὸ</span> 
     </span>
    </p>
   </div>
   <div class='ocr_carea' id='block_1_45' title="bbox 439 2768 2022 2848">
    <p class='ocr_par' dir='ltr' id='par_1_45' title="bbox 439 2768 2022 2848">
     <span class='ocr_line' id='line_1_45' title="bbox 439 2768 2022 2848; baseline 0.006 -27"><span class='ocrx_word' id='word_1_311' title='bbox 439 2768 500 2822; x_wconf 76' lang='grc' dir='ltr'>ἓν</span> <span class='ocrx_word' id='word_1_312' title='bbox 529 2769 595 2822; x_wconf 84' lang='grc' dir='ltr'><strong>τά</strong></span> <span class='ocrx_word' id='word_1_313' title='bbox 629 2770 796 2824; x_wconf 84' lang='grc' dir='ltr'>πολλά</span> <span class='ocrx_word' id='word_1_314' title='bbox 827 2772 1168 2837; x_wconf 77' lang='grc' dir='ltr'>είκονίζεται.</span> <span class='ocrx_word' id='word_1_315' title='bbox 1214 2774 1325 2828; x_wconf 77' lang='grc' dir='ltr'><strong>Καὶ</strong></span> <span class='ocrx_word' id='word_1_316' title='bbox 1356 2776 1636 2845; x_wconf 80' lang='grc' dir='ltr'>παρέπεσε</span> <span class='ocrx_word' id='word_1_317' title='bbox 1671 2775 2022 2848; x_wconf 85' lang='grc' dir='ltr'>παράπτωμα</span> 
     </span>
    </p>
   </div>
   <div class='ocr_carea' id='block_1_46' title="bbox 439 2856 2023 2936">
    <p class='ocr_par' dir='ltr' id='par_1_46' title="bbox 439 2856 2023 2936">
     <span class='ocr_line' id='line_1_46' title="bbox 439 2856 2023 2936; baseline 0.005 -26"><span class='ocrx_word' id='word_1_318' title='bbox 439 2856 647 2921; x_wconf 67' lang='grc' dir='ltr'>ἐκεῖνος</span> <span class='ocrx_word' id='word_1_319' title='bbox 680 2857 708 2909; x_wconf 94' lang='lat'><strong>6</strong></span> <span class='ocrx_word' id='word_1_320' title='bbox 734 2858 880 2921; x_wconf 85' lang='grc' dir='ltr'>λαὸς,</span> <span class='ocrx_word' id='word_1_321' title='bbox 911 2859 1236 2923; x_wconf 79' lang='grc' dir='ltr'>ἀποκτείνας</span> <span class='ocrx_word' id='word_1_322' title='bbox 1265 2861 1356 2915; x_wconf 82' lang='grc' dir='ltr'>τὸν</span> <span class='ocrx_word' id='word_1_323' title='bbox 1383 2862 1588 2934; x_wconf 88' lang='grc' dir='ltr'>Κύριον</span> <span class='ocrx_word' id='word_1_324' title='bbox 1615 2863 1771 2934; x_wconf 83' lang='grc' dir='ltr'>ἡμῶν</span> <span class='ocrx_word' id='word_1_325' title='bbox 1814 2865 2023 2936; x_wconf 82' lang='grc' dir='ltr'>ἰησοῦν</span> 
     </span>
    </p>
   </div>
   <div class='ocr_carea' id='block_1_47' title="bbox 440 2945 2021 3019">
    <p class='ocr_par' dir='ltr' id='par_1_47' title="bbox 440 2945 2021 3019">
     <span class='ocr_line' id='line_1_47' title="bbox 440 2945 2021 3019; baseline 0.006 -21"><span class='ocrx_word' id='word_1_326' title='bbox 440 2945 693 3016; x_wconf 83' lang='grc' dir='ltr'>Χριστόν.</span> <span class='ocrx_word' id='word_1_327' title='bbox 729 2948 1080 3019; x_wconf 86' lang='grc' dir='ltr'>Παραπίπτει</span> <span class='ocrx_word' id='word_1_328' title='bbox 1111 2948 1166 3002; x_wconf 86' lang='grc' dir='ltr'><strong>δὲ</strong></span> <span class='ocrx_word' id='word_1_329' title='bbox 1191 2952 1219 3004; x_wconf 93' lang='lat'><strong>6</strong></span> <span class='ocrx_word' id='word_1_330' title='bbox 1242 2950 1447 3017; x_wconf 80' lang='grc' dir='ltr'>καθεὶς,</span> <span class='ocrx_word' id='word_1_331' title='bbox 1481 2952 1765 3009; x_wconf 81' lang='grc' dir='ltr'>ἀπολλύων</span> <span class='ocrx_word' id='word_1_332' title='bbox 1802 2953 1894 3009; x_wconf 81' lang='grc' dir='ltr'>τὸν</span> <span class='ocrx_word' id='word_1_333' title='bbox 1931 2954 2021 3008; x_wconf 68' lang='grc' dir='ltr'>λόε-</span> 
     </span>
    </p>
   </div>
   <div class='ocr_carea' id='block_1_48' title="bbox 439 3037 918 3107">
    <p class='ocr_par' dir='ltr' id='par_1_48' title="bbox 439 3037 918 3107">
     <span class='ocr_line' id='line_1_48' title="bbox 439 3037 918 3107; baseline 0.013 -19"><span class='ocrx_word' id='word_1_334' title='bbox 439 3051 536 3104; x_wconf 91' lang='grc' dir='ltr'><strong>γον</strong></span> <span class='ocrx_word' id='word_1_335' title='bbox 568 3038 649 3100; x_wconf 85' lang='grc' dir='ltr'><strong>είς</strong></span> <span class='ocrx_word' id='word_1_336' title='bbox 675 3037 918 3107; x_wconf 78' lang='grc' dir='ltr'>ἀλογίαν.</span> 
     </span>
    </p>
   </div>
   <div class='ocr_carea' id='block_1_49' title="bbox 511 3127 2019 3209">
    <p class='ocr_par' dir='ltr' id='par_1_49' title="bbox 511 3127 2019 3209">
     <span class='ocr_line' id='line_1_49' title="bbox 511 3127 2019 3209; baseline 0.007 -28"><span class='ocrx_word' id='word_1_337' title='bbox 511 3127 596 3184; x_wconf 82' lang='grc' dir='ltr'><strong>Οὐ</strong></span> <span class='ocrx_word' id='word_1_338' title='bbox 620 3130 895 3196; x_wconf 79' lang='grc' dir='ltr'>κατορθοῖ</span> <span class='ocrx_word' id='word_1_339' title='bbox 917 3130 1058 3197; x_wconf 79' lang='grc' dir='ltr'><strong>ὁδὸς</strong></span> <span class='ocrx_word' id='word_1_340' title='bbox 1077 3134 1320 3201; x_wconf 84' lang='grc' dir='ltr'>Κυρίου.</span> <span class='ocrx_word' id='word_1_341' title='bbox 1357 3136 1573 3209; x_wconf 77' lang='grc' dir='ltr'>Ἰσραὴλ</span> <span class='ocrx_word' id='word_1_342' title='bbox 1599 3136 1869 3207; x_wconf 84' lang='grc' dir='ltr'>λέγουσιν,</span> <span class='ocrx_word' id='word_1_343' title='bbox 1894 3135 2019 3192; x_wconf 80' lang='grc' dir='ltr'>ὅταν</span> 
     </span>
    </p>
   </div>
   <div class='ocr_carea' id='block_1_50' title="bbox 442 3215 1268 3292">
    <p class='ocr_par' dir='ltr' id='par_1_50' title="bbox 442 3215 1268 3292">
     <span class='ocr_line' id='line_1_50' title="bbox 442 3215 1268 3292; baseline 0.005 -19"><span class='ocrx_word' id='word_1_344' title='bbox 442 3218 592 3273; x_wconf 75' lang='grc' dir='ltr'>ἴδωσι</span> <span class='ocrx_word' id='word_1_345' title='bbox 625 3217 692 3274; x_wconf 72' lang='grc' dir='ltr'>τὰ</span> <span class='ocrx_word' id='word_1_346' title='bbox 725 3215 855 3286; x_wconf 71' lang='grc' dir='ltr'>ἔθνη</span> <span class='ocrx_word' id='word_1_347' title='bbox 894 3220 1268 3292; x_wconf 79' lang='grc' dir='ltr'>εἰσερχόμενα.</span> 
     </span>
    </p>
   </div>
   <div class='ocr_carea' id='block_1_51' title="bbox 507 3312 2023 3390">
    <p class='ocr_par' dir='ltr' id='par_1_51' title="bbox 507 3312 2023 3390">
     <span class='ocr_line' id='line_1_51' title="bbox 507 3312 2023 3390; baseline 0.007 -26"><span class='ocrx_word' id='word_1_348' title='bbox 507 3313 651 3381; x_wconf 78' lang='grc' dir='ltr'><em>Οὐχὶ</em></span> <span class='ocrx_word' id='word_1_349' title='bbox 677 3313 715 3382; x_wconf 77' lang='grc' dir='ltr'><strong><em>ἡ</em></strong></span> <span class='ocrx_word' id='word_1_350' title='bbox 744 3313 887 3382; x_wconf 80' lang='grc' dir='ltr'>ὁδὸς</span> <span class='ocrx_word' id='word_1_351' title='bbox 907 3312 1074 3384; x_wconf 79' lang='grc' dir='ltr'><strong>ὑμῶν</strong></span> <span class='ocrx_word' id='word_1_352' title='bbox 1100 3314 1170 3367; x_wconf 87' lang='grc' dir='ltr'>οὐ</span> <span class='ocrx_word' id='word_1_353' title='bbox 1191 3315 1506 3384; x_wconf 83' lang='grc' dir='ltr'>κατορθοῖ;</span> <span class='ocrx_word' id='word_1_354' title='bbox 1547 3319 1665 3388; x_wconf 81' lang='grc' dir='ltr'><strong>Ἐφ’</strong></span> <span class='ocrx_word' id='word_1_355' title='bbox 1692 3320 1819 3390; x_wconf 83' lang='grc' dir='ltr'>ὑμῖν</span> <span class='ocrx_word' id='word_1_356' title='bbox 1850 3320 2023 3376; x_wconf 74' lang='grc' dir='ltr'>ἐστιν.</span> 
     </span>
    </p>
   </div>
   <div class='ocr_carea' id='block_1_52' title="bbox 452 3399 1731 3479">
    <p class='ocr_par' dir='ltr' id='par_1_52' title="bbox 452 3399 1731 3479">
     <span class='ocr_line' id='line_1_52' title="bbox 452 3399 1731 3479; baseline 0.008 -24"><span class='ocrx_word' id='word_1_357' title='bbox 452 3399 833 3473; x_wconf 67' lang='grc' dir='ltr'>Ἇπορῤίψατε</span> <span class='ocrx_word' id='word_1_358' title='bbox 871 3404 1147 3474; x_wconf 79' lang='grc' dir='ltr'>ἀσεϐείας</span> <span class='ocrx_word' id='word_1_359' title='bbox 1178 3404 1347 3479; x_wconf 77' lang='grc' dir='ltr'><strong>ὑμῶν</strong></span> <span class='ocrx_word' id='word_1_360' title='bbox 1378 3407 1472 3478; x_wconf 74' lang='grc' dir='ltr'>ἀφ’</span> <span class='ocrx_word' id='word_1_361' title='bbox 1502 3409 1731 3465; x_wconf 80' lang='grc' dir='ltr'>ἑαυτῶν.</span> 
     </span>
    </p>
   </div>
   <div class='ocr_carea' id='block_1_53' title="bbox 508 3575 2018 3658">
    <p class='ocr_par' dir='ltr' id='par_1_53' title="bbox 508 3575 2018 3658">
     <span class='ocr_line' id='line_1_53' title="bbox 508 3575 2018 3658; baseline 0.013 -30"><span class='ocrx_word' id='word_1_362' title='bbox 508 3575 617 3630; x_wconf 78' lang='lat' dir='ltr'><strong>Kal</strong></span> <span class='ocrx_word' id='word_1_363' title='bbox 639 3580 929 3646; x_wconf 78' lang='grc' dir='ltr'>ποιήσατε</span> <span class='ocrx_word' id='word_1_364' title='bbox 950 3583 1185 3651; x_wconf 81' lang='grc' dir='ltr'>ἑαυτοῖς</span> <span class='ocrx_word' id='word_1_365' title='bbox 1212 3586 1733 3658; x_wconf 75' lang='grc' dir='ltr'>καρδίαν-καινήν.</span> <span class='ocrx_word' id='word_1_366' title='bbox 1765 3589 1878 3648; x_wconf 65' lang='grc' dir='ltr'><strong>Καὶ</strong></span> <span class='ocrx_word' id='word_1_367' title='bbox 1900 3588 2018 3658; x_wconf 80' lang='grc' dir='ltr'><strong>πῶς</strong></span> 
     </span>
    </p>
   </div>
   <div class='ocr_carea' id='block_1_54' title="bbox 438 3662 2017 3748">
    <p class='ocr_par' dir='ltr' id='par_1_54' title="bbox 438 3662 2017 3748">
     <span class='ocr_line' id='line_1_54' title="bbox 438 3662 2017 3748; baseline 0.014 -33"><span class='ocrx_word' id='word_1_368' title='bbox 438 3662 595 3718; x_wconf 80' lang='grc' dir='ltr'>τοῦτο</span> <span class='ocrx_word' id='word_1_369' title='bbox 625 3667 944 3740; x_wconf 85' lang='grc' dir='ltr'>γενήσεται;</span> <span class='ocrx_word' id='word_1_370' title='bbox 1006 3673 1131 3728; x_wconf 84' lang='grc' dir='ltr'>Ἐὰν</span> <span class='ocrx_word' id='word_1_371' title='bbox 1162 3675 1518 3748; x_wconf 85' lang='grc' dir='ltr'>ὲκδυσώμεθα</span> <span class='ocrx_word' id='word_1_372' title='bbox 1551 3681 1641 3734; x_wconf 88' lang='grc' dir='ltr'>τὸν</span> <span class='ocrx_word' id='word_1_373' title='bbox 1668 3682 1896 3737; x_wconf 83' lang='grc' dir='ltr'>παλαιὸν</span> <span class='ocrx_word' id='word_1_374' title='bbox 1920 3685 2017 3739; x_wconf 81' lang='grc' dir='ltr'><strong>ἄν-</strong></span> 
     </span>
    </p>
   </div>
   <div class='ocr_carea' id='block_1_55' title="bbox 441 3755 2018 3844">
    <p class='ocr_par' dir='ltr' id='par_1_55' title="bbox 441 3755 2018 3844">
     <span class='ocr_line' id='line_1_55' title="bbox 441 3755 2018 3844; baseline 0.013 -35"><span class='ocrx_word' id='word_1_375' title='bbox 441 3755 654 3829; x_wconf 88' lang='grc' dir='ltr'>θρωπον</span> <span class='ocrx_word' id='word_1_376' title='bbox 684 3761 780 3814; x_wconf 84' lang='grc' dir='ltr'>σὺν</span> <span class='ocrx_word' id='word_1_377' title='bbox 798 3765 915 3826; x_wconf 85' lang='grc' dir='ltr'>ταῖς</span> <span class='ocrx_word' id='word_1_378' title='bbox 936 3763 1200 3832; x_wconf 77' lang='grc' dir='ltr'>πράξεσιν</span> <span class='ocrx_word' id='word_1_379' title='bbox 1223 3766 1408 3830; x_wconf 82' lang='grc' dir='ltr'>αὑτοῦ,</span> <span class='ocrx_word' id='word_1_380' title='bbox 1435 3771 1528 3822; x_wconf 75' lang='grc' dir='ltr'><strong>καὶ</strong></span> <span class='ocrx_word' id='word_1_381' title='bbox 1557 3770 1907 3844; x_wconf 78' lang='grc' dir='ltr'>ἐνδυσώμεθα</span> <span class='ocrx_word' id='word_1_382' title='bbox 1926 3775 2018 3828; x_wconf 84' lang='grc' dir='ltr'>τὸν</span> 
     </span>
    </p>
   </div>
   <div class='ocr_carea' id='block_1_56' title="bbox 438 3851 2017 3929">
    <p class='ocr_par' dir='ltr' id='par_1_56' title="bbox 438 3851 2017 3929">
     <span class='ocr_line' id='line_1_56' title="bbox 438 3851 2017 3929; baseline 0.009 -25"><span class='ocrx_word' id='word_1_383' title='bbox 438 3851 577 3919; x_wconf 84' lang='grc' dir='ltr'>νέον,</span> <span class='ocrx_word' id='word_1_384' title='bbox 611 3851 704 3905; x_wconf 84' lang='grc' dir='ltr'>τδν</span> <span class='ocrx_word' id='word_1_385' title='bbox 736 3853 1191 3927; x_wconf 85' lang='grc' dir='ltr'>ἀνακαινούμενον</span> <span class='ocrx_word' id='word_1_386' title='bbox 1225 3860 1308 3922; x_wconf 80' lang='grc' dir='ltr'><strong>είς</strong></span> <span class='ocrx_word' id='word_1_387' title='bbox 1339 3861 1633 3929; x_wconf 79' lang='grc' dir='ltr'>ἐπίγνωσιν</span> <span class='ocrx_word' id='word_1_388' title='bbox 1665 3865 1786 3918; x_wconf 86' lang='grc' dir='ltr'>κατ’</span> <span class='ocrx_word' id='word_1_389' title='bbox 1835 3865 2017 3919; x_wconf 85' lang='grc' dir='ltr'>είκόνα</span> 
     </span>
    </p>
   </div>
   <div class='ocr_carea' id='block_1_57' title="bbox 438 3940 2020 4028">
    <p class='ocr_par' dir='ltr' id='par_1_57' title="bbox 438 3940 2020 4028">
     <span class='ocr_line' id='line_1_57' title="bbox 438 3940 2020 4028; baseline 0.009 -34"><span class='ocrx_word' id='word_1_390' title='bbox 438 3940 532 3995; x_wconf 81' lang='grc' dir='ltr'><strong>τοῦ</strong></span> <span class='ocrx_word' id='word_1_391' title='bbox 564 3941 847 4009; x_wconf 77' lang='grc' dir='ltr'>κτίσαντος</span> <span class='ocrx_word' id='word_1_392' title='bbox 889 3945 1074 4000; x_wconf 81' lang='grc' dir='ltr'>αὐτόν.</span> <span class='ocrx_word' id='word_1_393' title='bbox 1115 3947 1284 4002; x_wconf 87' lang='grc' dir='ltr'>Ὅταν</span> <span class='ocrx_word' id='word_1_394' title='bbox 1316 3950 1606 4022; x_wconf 75' lang='grc' dir='ltr'>ἀναδῶμεν</span> <span class='ocrx_word' id='word_1_395' title='bbox 1633 3953 1742 4007; x_wconf 85' lang='grc' dir='ltr'>ἀπὸ</span> <span class='ocrx_word' id='word_1_396' title='bbox 1762 3954 1869 4007; x_wconf 83' lang='grc' dir='ltr'><strong>τῶν</strong></span> <span class='ocrx_word' id='word_1_397' title='bbox 1896 3957 2020 4028; x_wconf 83' lang='grc' dir='ltr'>γηΐ-</span> 
     </span>
    </p>
   </div>
   <div class='ocr_carea' id='block_1_58' title="bbox 438 4036 2017 4118">
    <p class='ocr_par' dir='ltr' id='par_1_58' title="bbox 438 4036 2017 4118">
     <span class='ocr_line' id='line_1_58' title="bbox 438 4036 2017 4118; baseline 0.007 -32"><span class='ocrx_word' id='word_1_398' title='bbox 438 4049 547 4087; x_wconf 87' lang='grc' dir='ltr'><strong>νων</strong></span> <span class='ocrx_word' id='word_1_399' title='bbox 578 4036 919 4106; x_wconf 80' lang='grc' dir='ltr'>πραγμάτων</span> <span class='ocrx_word' id='word_1_400' title='bbox 943 4038 1022 4101; x_wconf 89' lang='grc' dir='ltr'><strong>είς</strong></span> <span class='ocrx_word' id='word_1_401' title='bbox 1045 4038 1105 4090; x_wconf 88' lang='grc' dir='ltr'>τὸ</span> <span class='ocrx_word' id='word_1_402' title='bbox 1127 4038 1383 4109; x_wconf 88' lang='grc' dir='ltr'>ἀνώγεων</span> <span class='ocrx_word' id='word_1_403' title='bbox 1411 4041 1471 4094; x_wconf 86' lang='grc' dir='ltr'>τὸ</span> <span class='ocrx_word' id='word_1_404' title='bbox 1506 4042 1647 4113; x_wconf 85' lang='grc' dir='ltr'>μέγα</span> <span class='ocrx_word' id='word_1_405' title='bbox 1679 4045 1740 4098; x_wconf 89' lang='grc' dir='ltr'>τὸ</span> <span class='ocrx_word' id='word_1_406' title='bbox 1773 4063 2017 4118; x_wconf 35' lang='grc' dir='ltr'>σεσαρωε</span> 
     </span>
    </p>
   </div>
   <div class='ocr_carea' id='block_1_59' title="bbox 445 4124 2018 4206">
    <p class='ocr_par' dir='ltr' id='par_1_59' title="bbox 445 4124 2018 4206">
     <span class='ocr_line' id='line_1_59' title="bbox 445 4124 2018 4206; baseline 0.011 -31"><span class='ocrx_word' id='word_1_407' title='bbox 445 4124 604 4194; x_wconf 84' lang='grc' dir='ltr'>μένον</span> <span class='ocrx_word' id='word_1_408' title='bbox 639 4125 748 4179; x_wconf 85' lang='grc' dir='ltr'>ἀπὸ</span> <span class='ocrx_word' id='word_1_409' title='bbox 784 4125 965 4198; x_wconf 86' lang='grc' dir='ltr'>πάσης</span> <span class='ocrx_word' id='word_1_410' title='bbox 995 4128 1212 4196; x_wconf 87' lang='grc' dir='ltr'>κακίας,</span> <span class='ocrx_word' id='word_1_411' title='bbox 1258 4133 1353 4185; x_wconf 74' lang='grc' dir='ltr'>καὶ</span> <span class='ocrx_word' id='word_1_412' title='bbox 1386 4136 1795 4206; x_wconf 82' lang='grc' dir='ltr'>κεκοσμημένον</span> <span class='ocrx_word' id='word_1_413' title='bbox 1826 4137 1883 4191; x_wconf 82' lang='grc' dir='ltr'><strong>δὲ</strong></span> <span class='ocrx_word' id='word_1_414' title='bbox 1923 4138 2018 4191; x_wconf 75' lang='grc' dir='ltr'>καὶ</span> 
     </span>
    </p>
   </div>
   <div class='ocr_carea' id='block_1_60' title="bbox 440 4214 2020 4301">
    <p class='ocr_par' dir='ltr' id='par_1_60' title="bbox 440 4214 2020 4301">
     <span class='ocr_line' id='line_1_60' title="bbox 440 4214 2020 4301; baseline 0.01 -34"><span class='ocrx_word' id='word_1_415' title='bbox 440 4214 783 4287; x_wconf 73' lang='grc' dir='ltr'>ἐστρωμένον</span> <span class='ocrx_word' id='word_1_416' title='bbox 810 4218 988 4289; x_wconf 74' lang='grc' dir='ltr'>τελείᾳ</span> <span class='ocrx_word' id='word_1_417' title='bbox 1018 4219 1209 4292; x_wconf 85' lang='grc' dir='ltr'>ἀρετῇ,</span> <span class='ocrx_word' id='word_1_418' title='bbox 1239 4223 1331 4276; x_wconf 72' lang='lat' dir='ltr'><strong>xui.</strong></span> <span class='ocrx_word' id='word_1_419' title='bbox 1354 4224 1701 4298; x_wconf 83' lang='grc' dir='ltr'>ἑορτάσωμεν</span> <span class='ocrx_word' id='word_1_420' title='bbox 1734 4227 1873 4298; x_wconf 84' lang='grc' dir='ltr'>μετὰ</span> <span class='ocrx_word' id='word_1_421' title='bbox 1914 4229 2020 4301; x_wconf 85' lang='grc' dir='ltr'>Ἰη-</span> 
     </span>
    </p>
   </div>
   <div class='ocr_carea' id='block_1_61' title="bbox 440 4302 2018 4388">
    <p class='ocr_par' dir='ltr' id='par_1_61' title="bbox 440 4302 2018 4388">
     <span class='ocr_line' id='line_1_61' title="bbox 440 4302 2018 4388; baseline 0.011 -33"><span class='ocrx_word' id='word_1_422' title='bbox 440 4302 558 4370; x_wconf 83' lang='grc' dir='ltr'>σοῦ,</span> <span class='ocrx_word' id='word_1_423' title='bbox 591 4304 845 4370; x_wconf 78' lang='grc' dir='ltr'>λαϐόντες</span> <span class='ocrx_word' id='word_1_424' title='bbox 868 4309 929 4359; x_wconf 84' lang='grc' dir='ltr'>τὸ</span> <span class='ocrx_word' id='word_1_425' title='bbox 957 4310 1212 4381; x_wconf 83' lang='grc' dir='ltr'>ποτήριον</span> <span class='ocrx_word' id='word_1_426' title='bbox 1239 4311 1339 4383; x_wconf 83' lang='grc' dir='ltr'><strong>τῆς</strong></span> <span class='ocrx_word' id='word_1_427' title='bbox 1365 4312 1558 4384; x_wconf 81' lang='grc' dir='ltr'>καινῆς</span> <span class='ocrx_word' id='word_1_428' title='bbox 1590 4316 1886 4388; x_wconf 74' lang='grc' dir='ltr'>Διαθήκης,</span> <span class='ocrx_word' id='word_1_429' title='bbox 1922 4319 2018 4373; x_wconf 81' lang='grc' dir='ltr'>καὶ</span> 
     </span>
    </p>
   </div>
   <div class='ocr_carea' id='block_1_62' title="bbox 437 4392 2018 4480">
    <p class='ocr_par' dir='ltr' id='par_1_62' title="bbox 437 4392 2018 4480">
     <span class='ocr_line' id='line_1_62' title="bbox 437 4392 2018 4480; baseline 0.01 -34"><span class='ocrx_word' id='word_1_430' title='bbox 437 4392 529 4447; x_wconf 81' lang='grc' dir='ltr'>τὸν</span> <span class='ocrx_word' id='word_1_431' title='bbox 552 4394 722 4449; x_wconf 88' lang='grc' dir='ltr'>τύπον</span> <span class='ocrx_word' id='word_1_432' title='bbox 742 4396 836 4450; x_wconf 81' lang='grc' dir='ltr'>τοῦ</span> <span class='ocrx_word' id='word_1_433' title='bbox 860 4398 1109 4470; x_wconf 84' lang='grc' dir='ltr'>σώματος</span> <span class='ocrx_word' id='word_1_434' title='bbox 1130 4400 1292 4453; x_wconf 81' lang='grc' dir='ltr'>αὐτοῦ</span> <span class='ocrx_word' id='word_1_435' title='bbox 1318 4403 1628 4474; x_wconf 89' lang='grc' dir='ltr'>ποιούμενοι</span> <span class='ocrx_word' id='word_1_436' title='bbox 1648 4407 1714 4459; x_wconf 75' lang='grc' dir='ltr'>ἐν</span> <span class='ocrx_word' id='word_1_437' title='bbox 1740 4406 1817 4477; x_wconf 82' lang='grc' dir='ltr'>τῷ</span> <span class='ocrx_word' id='word_1_438' title='bbox 1839 4407 2018 4480; x_wconf 83' lang='grc' dir='ltr'>θνητῷ</span> 
     </span>
    </p>
   </div>
   <div class='ocr_carea' id='block_1_63' title="bbox 439 4481 1549 4561">
    <p class='ocr_par' dir='ltr' id='par_1_63' title="bbox 439 4481 1549 4561">
     <span class='ocr_line' id='line_1_63' title="bbox 439 4481 1549 4561; baseline 0.009 -26"><span class='ocrx_word' id='word_1_439' title='bbox 439 4481 597 4553; x_wconf 71' lang='grc' dir='ltr'>ῆμῶν</span> <span class='ocrx_word' id='word_1_440' title='bbox 627 4482 839 4556; x_wconf 88' lang='grc' dir='ltr'>σώματι</span> <span class='ocrx_word' id='word_1_441' title='bbox 862 4485 947 4541; x_wconf 87' lang='grc' dir='ltr'><strong>διά</strong></span> <span class='ocrx_word' id='word_1_442' title='bbox 979 4488 1076 4560; x_wconf 81' lang='grc' dir='ltr'>τῆς</span> <span class='ocrx_word' id='word_1_443' title='bbox 1108 4490 1340 4561; x_wconf 85' lang='grc' dir='ltr'>μετοχῆς</span> <span class='ocrx_word' id='word_1_444' title='bbox 1365 4492 1549 4546; x_wconf 78' lang='grc' dir='ltr'>αὐτοῦ.</span> 
     </span>
    </p>
   </div>
   <div class='ocr_carea' id='block_1_64' title="bbox 1080 4581 1378 4637">
    <p class='ocr_par' dir='ltr' id='par_1_64' title="bbox 1080 4581 1378 4637">
     <span class='ocr_line' id='line_1_64' title="bbox 1080 4581 1378 4637; baseline 0.01 -3"><span class='ocrx_word' id='word_1_445' title='bbox 1080 4581 1239 4637; x_wconf 84' lang='grc' dir='ltr'>ΚΕΦ.</span> <span class='ocrx_word' id='word_1_446' title='bbox 1279 4582 1378 4637; x_wconf 82' lang='grc' dir='ltr'><strong>ΙΘ’.</strong></span> 
     </span>
    </p>
   </div>
   <div class='ocr_carea' id='block_1_65' title="bbox 512 4665 2018 4745">
    <p class='ocr_par' dir='ltr' id='par_1_65' title="bbox 512 4665 2018 4745">
     <span class='ocr_line' id='line_1_65' title="bbox 512 4665 2018 4745; baseline 0.011 -27"><span class='ocrx_word' id='word_1_447' title='bbox 512 4665 574 4718; x_wconf 86' lang='lat' dir='ltr'><strong>Tl</strong></span> <span class='ocrx_word' id='word_1_448' title='bbox 609 4665 649 4734; x_wconf 77' lang='grc' dir='ltr'><strong><em>ἡ</em></strong></span> <span class='ocrx_word' id='word_1_449' title='bbox 684 4665 883 4736; x_wconf 83' lang='grc' dir='ltr'>μήτηρ</span> <span class='ocrx_word' id='word_1_450' title='bbox 910 4682 1028 4723; x_wconf 91' lang='grc' dir='ltr'>σου</span> <span class='ocrx_word' id='word_1_451' title='bbox 1073 4671 1343 4741; x_wconf 75' lang='grc' dir='ltr'>σκύμνος</span> <span class='ocrx_word' id='word_1_452' title='bbox 1384 4671 1497 4733; x_wconf 75' lang='grc' dir='ltr'><strong>ζῶν</strong></span> <span class='ocrx_word' id='word_1_453' title='bbox 1540 4673 1611 4727; x_wconf 86' lang='grc' dir='ltr'><strong>ἐν</strong></span> <span class='ocrx_word' id='word_1_454' title='bbox 1639 4675 1810 4745; x_wconf 84' lang='grc' dir='ltr'>μέσῳ</span> <span class='ocrx_word' id='word_1_455' title='bbox 1840 4679 2018 4733; x_wconf 73' lang='grc' dir='ltr'>λεόν-</span> 
     </span>
    </p>
   </div>
   <div class='ocr_carea' id='block_1_66' title="bbox 437 4758 2016 4841">
    <p class='ocr_par' dir='ltr' id='par_1_66' title="bbox 437 4758 2016 4841">
     <span class='ocr_line' id='line_1_66' title="bbox 437 4758 2016 4841; baseline 0.011 -34"><span class='ocrx_word' id='word_1_456' title='bbox 437 4770 589 4819; x_wconf 78' lang='grc' dir='ltr'>των;</span> <span class='ocrx_word' id='word_1_457' title='bbox 635 4758 1057 4830; x_wconf 84' lang='grc' dir='ltr'>Τροπολογεῖται</span> <span class='ocrx_word' id='word_1_458' title='bbox 1103 4764 1184 4826; x_wconf 88' lang='grc' dir='ltr'><strong>είς</strong></span> <span class='ocrx_word' id='word_1_459' title='bbox 1219 4763 1427 4829; x_wconf 80' lang='grc' dir='ltr'>λέοντα,</span> <span class='ocrx_word' id='word_1_460' title='bbox 1456 4765 1536 4828; x_wconf 81' lang='grc' dir='ltr'><strong>είς</strong></span> <span class='ocrx_word' id='word_1_461' title='bbox 1568 4765 1797 4823; x_wconf 72' lang='grc' dir='ltr'>ἕκαστον</span> <span class='ocrx_word' id='word_1_462' title='bbox 1830 4768 2016 4841; x_wconf 89' lang='grc' dir='ltr'>θηρίον</span> 
     </span>
    </p>
   </div>
   <div class='ocr_carea' id='block_1_67' title="bbox 438 4847 2014 4933">
    <p class='ocr_par' dir='ltr' id='par_1_67' title="bbox 438 4847 2014 4933">
     <span class='ocr_line' id='line_1_67' title="bbox 438 4847 2014 4933; baseline 0.01 -34"><span class='ocrx_word' id='word_1_463' title='bbox 438 4847 578 4901; x_wconf 85' lang='grc' dir='ltr'><strong>κατά</strong></span> <span class='ocrx_word' id='word_1_464' title='bbox 605 4848 706 4921; x_wconf 87' lang='grc' dir='ltr'>τὴν</span> <span class='ocrx_word' id='word_1_465' title='bbox 738 4849 853 4918; x_wconf 75' lang='grc' dir='ltr'>ἕξιν</span> <span class='ocrx_word' id='word_1_466' title='bbox 882 4852 945 4905; x_wconf 83' lang='grc' dir='ltr'>τὸ</span> <span class='ocrx_word' id='word_1_467' title='bbox 979 4851 1216 4921; x_wconf 82' lang='grc' dir='ltr'>λογικὸν,</span> <span class='ocrx_word' id='word_1_468' title='bbox 1249 4853 1344 4908; x_wconf 71' lang='grc' dir='ltr'>καὶ</span> <span class='ocrx_word' id='word_1_469' title='bbox 1377 4857 1456 4920; x_wconf 80' lang='grc' dir='ltr'>εἰς</span> <span class='ocrx_word' id='word_1_470' title='bbox 1488 4858 1595 4911; x_wconf 82' lang='grc' dir='ltr'><strong>πᾶν</strong></span> <span class='ocrx_word' id='word_1_471' title='bbox 1627 4857 1767 4923; x_wconf 82' lang='grc' dir='ltr'>ζῶον</span> <span class='ocrx_word' id='word_1_472' title='bbox 1798 4862 1892 4914; x_wconf 75' lang='grc' dir='ltr'>καὶ</span> <span class='ocrx_word' id='word_1_473' title='bbox 1920 4862 2014 4933; x_wconf 79' lang='grc' dir='ltr'><strong>ἐρ-</strong></span> 
     </span>
    </p>
   </div>
   <div class='ocr_carea' id='block_1_68' title="bbox 438 4938 621 4992">
    <p class='ocr_par' dir='ltr' id='par_1_68' title="bbox 438 4938 621 4992">
     <span class='ocr_line' id='line_1_68' title="bbox 438 4938 621 4992; baseline 0.022 -4"><span class='ocrx_word' id='word_1_474' title='bbox 438 4938 621 4992; x_wconf 89' lang='grc' dir='ltr'>πετόν.</span> 
     </span>
    </p>
   </div>
   <div class='ocr_carea' id='block_1_69' title="bbox 516 5028 2014 5116">
    <p class='ocr_par' dir='ltr' id='par_1_69' title="bbox 516 5028 2014 5116">
     <span class='ocr_line' id='line_1_69' title="bbox 516 5028 2014 5116; baseline 0.01 -34"><span class='ocrx_word' id='word_1_475' title='bbox 516 5028 628 5084; x_wconf 87' lang='grc' dir='ltr'><strong>Τοῦ</strong></span> <span class='ocrx_word' id='word_1_476' title='bbox 656 5030 863 5085; x_wconf 84' lang='grc' dir='ltr'>αὐτοῦ.</span> <span class='ocrx_word' id='word_1_477' title='bbox 894 5032 1124 5106; x_wconf 83' lang='grc' dir='ltr'>Μητέρα</span> <span class='ocrx_word' id='word_1_478' title='bbox 1156 5032 1250 5088; x_wconf 82' lang='grc' dir='ltr'><strong>τοῦ</strong></span> <span class='ocrx_word' id='word_1_479' title='bbox 1293 5036 1506 5102; x_wconf 80' lang='grc' dir='ltr'>λέοντος</span> <span class='ocrx_word' id='word_1_480' title='bbox 1532 5039 1753 5111; x_wconf 77' lang='grc' dir='ltr'>ᾐνίξατο</span> <span class='ocrx_word' id='word_1_481' title='bbox 1787 5042 1881 5096; x_wconf 82' lang='grc' dir='ltr'>τοῦ</span> <span class='ocrx_word' id='word_1_482' title='bbox 1912 5042 2014 5116; x_wconf 80' lang='grc' dir='ltr'><strong>ἄρ-</strong></span> 
     </span>
    </p>
   </div>
   <div class='ocr_carea' id='block_1_70' title="bbox 437 5121 2016 5205">
    <p class='ocr_par' dir='ltr' id='par_1_70' title="bbox 437 5121 2016 5205">
     <span class='ocr_line' id='line_1_70' title="bbox 437 5121 2016 5205; baseline -0.002 -20"><span class='ocrx_word' id='word_1_483' title='bbox 437 5135 622 5188; x_wconf 79' lang='grc' dir='ltr'>κοντος</span> <span class='ocrx_word' id='word_1_484' title='bbox 684 5121 898 5195; x_wconf 83' lang='grc' dir='ltr'>Ἰσραὴλ</span> <span class='ocrx_word' id='word_1_485' title='bbox 942 5127 1292 5197; x_wconf 86' lang='grc' dir='ltr'>συναγωγήν·</span> <span class='ocrx_word' id='word_1_486' title='bbox 1338 5129 1462 5199; x_wconf 76' lang='grc' dir='ltr'>ἥτις</span> <span class='ocrx_word' id='word_1_487' title='bbox 1502 5131 1596 5182; x_wconf 77' lang='grc' dir='ltr'><strong>καὶ</strong></span> <span class='ocrx_word' id='word_1_488' title='bbox 1634 5132 1771 5203; x_wconf 85' lang='grc' dir='ltr'>αὐτὴ</span> <span class='ocrx_word' id='word_1_489' title='bbox 1809 5133 2016 5205; x_wconf 50' lang='lat' dir='ltr'><strong>omen.</strong></span> 
     </span>
    </p>
   </div>
   <div class='ocr_carea' id='block_1_71' title="bbox 441 5210 2013 5296">
    <p class='ocr_par' dir='ltr' id='par_1_71' title="bbox 441 5210 2013 5296">
     <span class='ocr_line' id='line_1_71' title="bbox 441 5210 2013 5296; baseline 0.01 -33"><span class='ocrx_word' id='word_1_490' title='bbox 441 5210 609 5283; x_wconf 84' lang='grc' dir='ltr'>ριώθη</span> <span class='ocrx_word' id='word_1_491' title='bbox 639 5215 697 5267; x_wconf 82' lang='grc' dir='ltr'>ὲν</span> <span class='ocrx_word' id='word_1_492' title='bbox 726 5214 960 5282; x_wconf 87' lang='grc' dir='ltr'>πολλοῖς,</span> <span class='ocrx_word' id='word_1_493' title='bbox 992 5217 1086 5270; x_wconf 62' lang='grc' dir='ltr'><strong>καὶ¹</strong></span> <span class='ocrx_word' id='word_1_494' title='bbox 1121 5218 1357 5289; x_wconf 87' lang='grc' dir='ltr'>μάλιστα</span> <span class='ocrx_word' id='word_1_495' title='bbox 1385 5221 1472 5273; x_wconf 84' lang='grc' dir='ltr'>ὅτε</span> <span class='ocrx_word' id='word_1_496' title='bbox 1504 5220 1672 5275; x_wconf 75' lang='grc' dir='ltr'>ἔδωκε</span> <span class='ocrx_word' id='word_1_497' title='bbox 1701 5221 1798 5293; x_wconf 84' lang='grc' dir='ltr'>τὴν</span> <span class='ocrx_word' id='word_1_498' title='bbox 1830 5224 2013 5296; x_wconf 84' lang='grc' dir='ltr'>φωνὴν</span> 
     </span>
    </p>
   </div>
   <div class='ocr_carea' id='block_1_72' title="bbox 437 5305 2011 5385">
    <p class='ocr_par' dir='ltr' id='par_1_72' title="bbox 437 5305 2011 5385">
     <span class='ocr_line' id='line_1_72' title="bbox 437 5305 2011 5385; baseline 0.008 -27"><span class='ocrx_word' id='word_1_499' title='bbox 437 5305 609 5376; x_wconf 79' lang='grc' dir='ltr'>αὐτῆς</span> <span class='ocrx_word' id='word_1_500' title='bbox 629 5307 722 5360; x_wconf 75' lang='grc' dir='ltr'><strong>ἐπὶ</strong></span> <span class='ocrx_word' id='word_1_501' title='bbox 740 5309 832 5363; x_wconf 84' lang='grc' dir='ltr'>τὸν</span> <span class='ocrx_word' id='word_1_502' title='bbox 848 5309 1124 5382; x_wconf 85' lang='grc' dir='ltr'>Δεσπότην</span> <span class='ocrx_word' id='word_1_503' title='bbox 1139 5312 1327 5382; x_wconf 84' lang='grc' dir='ltr'>αὐτῆς,</span> <span class='ocrx_word' id='word_1_504' title='bbox 1350 5313 1597 5382; x_wconf 72' lang='grc' dir='ltr'>λέγουσασ</span> <span class='ocrx_word' id='word_1_505' title='bbox 1619 5309 1825 5384; x_wconf 76' lang='grc' dir='ltr'><strong>τᾼρον,</strong></span> <span class='ocrx_word' id='word_1_506' title='bbox 1841 5309 2011 5385; x_wconf 78' lang='grc' dir='ltr'>ᾄρον,</span> 
     </span>
    </p>
   </div>
   <div class='ocr_carea' id='block_1_73' title="bbox 438 5399 1030 5468">
    <p class='ocr_par' dir='ltr' id='par_1_73' title="bbox 438 5399 1030 5468">
     <span class='ocr_line' id='line_1_73' title="bbox 438 5399 1030 5468; baseline 0.012 -18"><span class='ocrx_word' id='word_1_507' title='bbox 438 5399 795 5468; x_wconf 80' lang='grc' dir='ltr'>σταύρωσον</span> <span class='ocrx_word' id='word_1_508' title='bbox 825 5404 1030 5457; x_wconf 77' lang='grc' dir='ltr'>αὐτόν.</span> 
     </span>
    </p>
   </div>
   <div class='ocr_carea' id='block_1_74' title="bbox 515 5489 2010 5571">
    <p class='ocr_par' dir='ltr' id='par_1_74' title="bbox 515 5489 2010 5571">
     <span class='ocr_line' id='line_1_74' title="bbox 515 5489 2010 5571; baseline 0.008 -29"><span class='ocrx_word' id='word_1_509' title='bbox 515 5489 627 5543; x_wconf 89' lang='grc' dir='ltr'><strong>Τοῦ</strong></span> <span class='ocrx_word' id='word_1_510' title='bbox 658 5493 864 5549; x_wconf 82' lang='grc' dir='ltr'>αὐτοῦ.</span> <span class='ocrx_word' id='word_1_511' title='bbox 907 5493 1100 5549; x_wconf 73' lang='grc' dir='ltr'>Πολλοὶ</span> <span class='ocrx_word' id='word_1_512' title='bbox 1146 5495 1253 5549; x_wconf 83' lang='grc' dir='ltr'><strong>τῶν</strong></span> <span class='ocrx_word' id='word_1_513' title='bbox 1300 5494 1600 5570; x_wconf 84' lang='grc' dir='ltr'>ἀνθρώπων</span> <span class='ocrx_word' id='word_1_514' title='bbox 1640 5499 1790 5553; x_wconf 72' lang='grc' dir='ltr'>οὐδὲν</span> <span class='ocrx_word' id='word_1_515' title='bbox 1820 5499 2010 5571; x_wconf 81' lang='grc' dir='ltr'>διαφέ-</span> 
     </span>
    </p>
   </div>
   <div class='ocr_carea' id='block_1_75' title="bbox 2048 4540 2101 4600">
    <p class='ocr_par' dir='ltr' id='par_1_75' title="bbox 2048 4540 2101 4600">
     <span class='ocr_line' id='line_1_75' title="bbox 2048 4540 2101 4600; baseline 0 -2"><span class='ocrx_word' id='word_1_516' title='bbox 2048 4540 2101 4600; x_wconf 81' lang='grc'><strong>1)</strong></span> 
     </span>
    </p>
   </div>
   <div class='ocr_carea' id='block_1_76' title="bbox 2118 1940 3694 2014">
    <p class='ocr_par' dir='ltr' id='par_1_76' title="bbox 2118 1940 3694 2014">
     <span class='ocr_line' id='line_1_76' title="bbox 2118 1940 3694 2014; baseline -0.001 -14"><span class='ocrx_word' id='word_1_517' title='bbox 2118 1944 2258 2000; x_wconf 90' lang='lat' dir='ltr'><strong>nalis</strong></span> <span class='ocrx_word' id='word_1_518' title='bbox 2286 1951 2399 1999; x_wconf 89' lang='lat' dir='ltr'><strong>est:</strong></span> <span class='ocrx_word' id='word_1_519' title='bbox 2432 1941 2599 2014; x_wconf 87' lang='lat' dir='ltr'><strong>hujus</strong></span> <span class='ocrx_word' id='word_1_520' title='bbox 2630 1950 2684 1998; x_wconf 90' lang='lat' dir='ltr'><strong>et</strong></span> <span class='ocrx_word' id='word_1_521' title='bbox 2714 1952 2897 2012; x_wconf 86' lang='lat' dir='ltr'><strong>patres</strong></span> <span class='ocrx_word' id='word_1_522' title='bbox 2930 1952 2985 1997; x_wconf 91' lang='lat' dir='ltr'><strong>et</strong></span> <span class='ocrx_word' id='word_1_523' title='bbox 3015 1953 3218 2001; x_wconf 86' lang='lat' dir='ltr'><strong>matres</strong></span> <span class='ocrx_word' id='word_1_524' title='bbox 3248 1940 3694 1998; x_wconf 45' lang='lat' dir='ltr'><strong>habemusalion</strong></span> 
     </span>
    </p>
   </div>
   <div class='ocr_carea' id='block_1_77' title="bbox 2116 2031 3696 2103">
    <p class='ocr_par' dir='ltr' id='par_1_77' title="bbox 2116 2031 3696 2103">
     <span class='ocr_line' id='line_1_77' title="bbox 2116 2031 3696 2103; baseline -0.003 -11"><span class='ocrx_word' id='word_1_525' title='bbox 2116 2034 2262 2092; x_wconf 91' lang='lat' dir='ltr'><strong>enim</strong></span> <span class='ocrx_word' id='word_1_526' title='bbox 2282 2032 2476 2088; x_wconf 65' lang='lat' dir='ltr'><strong>anima:</strong></span> <span class='ocrx_word' id='word_1_527' title='bbox 2496 2041 2580 2088; x_wconf 88' lang='lat' dir='ltr'><strong>est</strong></span> <span class='ocrx_word' id='word_1_528' title='bbox 2602 2041 2776 2087; x_wconf 88' lang='lat' dir='ltr'><strong>mater</strong></span> <span class='ocrx_word' id='word_1_529' title='bbox 2804 2041 2897 2087; x_wconf 89' lang='lat' dir='ltr'><strong>aut</strong></span> <span class='ocrx_word' id='word_1_530' title='bbox 2914 2040 3065 2103; x_wconf 88' lang='lat' dir='ltr'><strong>pater</strong></span> <span class='ocrx_word' id='word_1_531' title='bbox 3089 2051 3103 2088; x_wconf 90' lang='lat'><strong>:</strong></span> <span class='ocrx_word' id='word_1_532' title='bbox 3129 2047 3254 2087; x_wconf 90' lang='lat' dir='ltr'><strong>nam</strong></span> <span class='ocrx_word' id='word_1_533' title='bbox 3276 2031 3421 2088; x_wconf 91' lang='lat' dir='ltr'><strong>Deus</strong></span> <span class='ocrx_word' id='word_1_534' title='bbox 3444 2041 3527 2089; x_wconf 88' lang='lat' dir='ltr'><strong>est</strong></span> <span class='ocrx_word' id='word_1_535' title='bbox 3549 2033 3696 2088; x_wconf 89' lang='lat' dir='ltr'><strong>illius</strong></span> 
     </span>
    </p>
   </div>
   <div class='ocr_carea' id='block_1_78' title="bbox 2119 2121 3692 2195">
    <p class='ocr_par' dir='ltr' id='par_1_78' title="bbox 2119 2121 3692 2195">
     <span class='ocr_line' id='line_1_78' title="bbox 2119 2121 3692 2195; baseline -0.004 -13"><span class='ocrx_word' id='word_1_536' title='bbox 2119 2125 2268 2182; x_wconf 92' lang='lat' dir='ltr'><strong>solus</strong></span> <span class='ocrx_word' id='word_1_537' title='bbox 2320 2133 2537 2182; x_wconf 87' lang='lat' dir='ltr'><strong>creator</strong></span> <span class='ocrx_word' id='word_1_538' title='bbox 2577 2132 2631 2180; x_wconf 90' lang='lat' dir='ltr'><strong>et</strong></span> <span class='ocrx_word' id='word_1_539' title='bbox 2657 2132 2831 2195; x_wconf 77' lang='lat' dir='ltr'><strong>pater.</strong></span> <span class='ocrx_word' id='word_1_540' title='bbox 2896 2123 3065 2194; x_wconf 82' lang='lat' dir='ltr'><strong>quue</strong></span> <span class='ocrx_word' id='word_1_541' title='bbox 3109 2123 3315 2180; x_wconf 87' lang='lat' dir='ltr'><strong>docens</strong></span> <span class='ocrx_word' id='word_1_542' title='bbox 3337 2121 3482 2179; x_wconf 88' lang='lat' dir='ltr'><strong>Deus</strong></span> <span class='ocrx_word' id='word_1_543' title='bbox 3516 2123 3593 2177; x_wconf 87' lang='lat' dir='ltr'><strong>ait</strong></span> <span class='ocrx_word' id='word_1_544' title='bbox 3609 2124 3692 2176; x_wconf 77' lang='grc' dir='ltr'><strong>⁸²ς</strong></span> 
     </span>
    </p>
   </div>
   <div class='ocr_carea' id='block_1_79' title="bbox 2123 2216 3698 2285">
    <p class='ocr_par' dir='ltr' id='par_1_79' title="bbox 2123 2216 3698 2285">
     <span class='ocr_line' id='line_1_79' title="bbox 2123 2216 3698 2285; baseline -0.003 -11"><span class='ocrx_word' id='word_1_545' title='bbox 2123 2218 2316 2274; x_wconf 86' lang='lat' dir='ltr'><strong>Omnes</strong></span> <span class='ocrx_word' id='word_1_546' title='bbox 2369 2219 2564 2272; x_wconf 72' lang='lat' dir='ltr'><strong>animo:</strong></span> <span class='ocrx_word' id='word_1_547' title='bbox 2628 2232 2757 2271; x_wconf 75' lang='lat' dir='ltr'><strong>mea:</strong></span> <span class='ocrx_word' id='word_1_548' title='bbox 2808 2225 2968 2284; x_wconf 81' lang='lat' dir='ltr'><strong>sunt,</strong></span> <span class='ocrx_word' id='word_1_549' title='bbox 3030 2216 3303 2285; x_wconf 82' lang='lat' dir='ltr'><strong>habetque</strong></span> <span class='ocrx_word' id='word_1_550' title='bbox 3354 2231 3698 2285; x_wconf 65' lang='lat' dir='ltr'><strong>unaquaeque</strong></span> 
     </span>
    </p>
   </div>
   <div class='ocr_carea' id='block_1_80' title="bbox 2121 2305 3698 2380">
    <p class='ocr_par' dir='ltr' id='par_1_80' title="bbox 2121 2305 3698 2380">
     <span class='ocr_line' id='line_1_80' title="bbox 2121 2305 3698 2380; baseline -0.003 -16"><span class='ocrx_word' id='word_1_551' title='bbox 2121 2309 2305 2364; x_wconf 88' lang='lat' dir='ltr'><strong>anima</strong></span> <span class='ocrx_word' id='word_1_552' title='bbox 2355 2308 2632 2380; x_wconf 87' lang='lat' dir='ltr'><strong>propriam</strong></span> <span class='ocrx_word' id='word_1_553' title='bbox 2684 2306 3071 2373; x_wconf 83' lang='lat' dir='ltr'><strong>substantiam,</strong></span> <span class='ocrx_word' id='word_1_554' title='bbox 3123 2305 3178 2361; x_wconf 90' lang='lat' dir='ltr'><strong>in</strong></span> <span class='ocrx_word' id='word_1_555' title='bbox 3218 2306 3438 2378; x_wconf 86' lang='lat' dir='ltr'><strong>propria</strong></span> <span class='ocrx_word' id='word_1_556' title='bbox 3487 2311 3698 2362; x_wconf 82' lang='lat' dir='ltr'><strong>ratione</strong></span> 
     </span>
    </p>
   </div>
   <div class='ocr_carea' id='block_1_81' title="bbox 2120 2396 3701 2468">
    <p class='ocr_par' dir='ltr' id='par_1_81' title="bbox 2120 2396 3701 2468">
     <span class='ocr_line' id='line_1_81' title="bbox 2120 2396 3701 2468; baseline -0.003 -12"><span class='ocrx_word' id='word_1_557' title='bbox 2120 2400 2451 2466; x_wconf 88' lang='lat' dir='ltr'><strong>consistens,</strong></span> <span class='ocrx_word' id='word_1_558' title='bbox 2495 2406 2550 2454; x_wconf 91' lang='lat' dir='ltr'><strong>et</strong></span> <span class='ocrx_word' id='word_1_559' title='bbox 2594 2413 2705 2453; x_wconf 91' lang='lat' dir='ltr'><strong>non</strong></span> <span class='ocrx_word' id='word_1_560' title='bbox 2749 2398 2805 2453; x_wconf 89' lang='lat' dir='ltr'><strong>in</strong></span> <span class='ocrx_word' id='word_1_561' title='bbox 2846 2397 2973 2452; x_wconf 91' lang='lat' dir='ltr'><strong>alio.</strong></span> <span class='ocrx_word' id='word_1_562' title='bbox 3016 2396 3128 2454; x_wconf 87' lang='lat' dir='ltr'><strong>Nec</strong></span> <span class='ocrx_word' id='word_1_563' title='bbox 3176 2398 3284 2453; x_wconf 89' lang='lat' dir='ltr'><strong>dici</strong></span> <span class='ocrx_word' id='word_1_564' title='bbox 3312 2406 3492 2468; x_wconf 91' lang='lat' dir='ltr'><strong>potest</strong></span> <span class='ocrx_word' id='word_1_565' title='bbox 3531 2398 3701 2453; x_wconf 85' lang='lat' dir='ltr'><strong>aliam</strong></span> 
     </span>
    </p>
   </div>
   <div class='ocr_carea' id='block_1_82' title="bbox 2119 2480 3452 2562">
    <p class='ocr_par' dir='ltr' id='par_1_82' title="bbox 2119 2480 3452 2562">
     <span class='ocr_line' id='line_1_82' title="bbox 2119 2480 3452 2562; baseline -0.002 -17"><span class='ocrx_word' id='word_1_566' title='bbox 2119 2505 2221 2562; x_wconf 90' lang='lat' dir='ltr'><strong>pro</strong></span> <span class='ocrx_word' id='word_1_567' title='bbox 2254 2490 2361 2545; x_wconf 88' lang='lat' dir='ltr'><strong>alia</strong></span> <span class='ocrx_word' id='word_1_568' title='bbox 2398 2489 2635 2545; x_wconf 90' lang='lat' dir='ltr'><strong>animam</strong></span> <span class='ocrx_word' id='word_1_569' title='bbox 2669 2497 3020 2559; x_wconf 84' lang='lat' dir='ltr'><strong>peccatorum</strong></span> <span class='ocrx_word' id='word_1_570' title='bbox 3054 2502 3247 2559; x_wconf 56' lang='lat' dir='ltr'><strong>poenas</strong></span> <span class='ocrx_word' id='word_1_571' title='bbox 3281 2480 3452 2543; x_wconf 86' lang='lat' dir='ltr'><strong>luere.</strong></span> 
     </span>
    </p>
   </div>
   <div class='ocr_carea' id='block_1_83' title="bbox 2194 2580 3694 2653">
    <p class='ocr_par' dir='ltr' id='par_1_83' title="bbox 2194 2580 3694 2653">
     <span class='ocr_line' id='line_1_83' title="bbox 2194 2580 3694 2653; baseline -0.001 -15"><span class='ocrx_word' id='word_1_572' title='bbox 2194 2582 2263 2638; x_wconf 83' lang='lat' dir='ltr'><strong>In</strong></span> <span class='ocrx_word' id='word_1_573' title='bbox 2287 2582 2478 2637; x_wconf 88' lang='lat' dir='ltr'><strong>delicto</strong></span> <span class='ocrx_word' id='word_1_574' title='bbox 2501 2597 2595 2636; x_wconf 88' lang='lat' dir='ltr'><strong>suo</strong></span> <span class='ocrx_word' id='word_1_575' title='bbox 2615 2598 2717 2653; x_wconf 88' lang='lat' dir='ltr'><strong>quo</strong></span> <span class='ocrx_word' id='word_1_576' title='bbox 2738 2581 3040 2652; x_wconf 74' lang='lat' dir='ltr'><strong>deliquit”.</strong></span> <span class='ocrx_word' id='word_1_577' title='bbox 3064 2580 3273 2636; x_wconf 86' lang='lat' dir='ltr'><strong>Cuncta</strong></span> <span class='ocrx_word' id='word_1_578' title='bbox 3290 2580 3486 2636; x_wconf 87' lang='lat' dir='ltr'><strong>delicta</strong></span> <span class='ocrx_word' id='word_1_579' title='bbox 3523 2596 3694 2637; x_wconf 86' lang='lat' dir='ltr'><strong>unum</strong></span> 
     </span>
    </p>
   </div>
   <div class='ocr_carea' id='block_1_84' title="bbox 2121 2674 3695 2745">
    <p class='ocr_par' dir='ltr' id='par_1_84' title="bbox 2121 2674 3695 2745">
     <span class='ocr_line' id='line_1_84' title="bbox 2121 2674 3695 2745; baseline -0.001 -15"><span class='ocrx_word' id='word_1_580' title='bbox 2121 2674 2376 2731; x_wconf 88' lang='lat' dir='ltr'><strong>delictum</strong></span> <span class='ocrx_word' id='word_1_581' title='bbox 2401 2681 2589 2741; x_wconf 85' lang='lat' dir='ltr'><strong>vocat;</strong></span> <span class='ocrx_word' id='word_1_582' title='bbox 2623 2688 2689 2729; x_wconf 88' lang='lat' dir='ltr'><strong>ac</strong></span> <span class='ocrx_word' id='word_1_583' title='bbox 2710 2687 2904 2729; x_wconf 84' lang='lat' dir='ltr'><strong>rursus</strong></span> <span class='ocrx_word' id='word_1_584' title='bbox 2926 2688 3096 2729; x_wconf 89' lang='lat' dir='ltr'><strong>unum</strong></span> <span class='ocrx_word' id='word_1_585' title='bbox 3124 2674 3295 2729; x_wconf 88' lang='lat' dir='ltr'><strong>multa</strong></span> <span class='ocrx_word' id='word_1_586' title='bbox 3320 2683 3695 2745; x_wconf 76' lang='lat' dir='ltr'><strong>repraisentat.</strong></span> 
     </span>
    </p>
   </div>
   <div class='ocr_carea' id='block_1_85' title="bbox 2121 2763 3696 2835">
    <p class='ocr_par' dir='ltr' id='par_1_85' title="bbox 2121 2763 3696 2835">
     <span class='ocr_line' id='line_1_85' title="bbox 2121 2763 3696 2835; baseline 0.003 -16"><span class='ocrx_word' id='word_1_587' title='bbox 2121 2764 2294 2819; x_wconf 83' lang='lat' dir='ltr'><strong>Porro</strong></span> <span class='ocrx_word' id='word_1_588' title='bbox 2321 2765 2577 2821; x_wconf 88' lang='lat' dir='ltr'><strong>delictum</strong></span> <span class='ocrx_word' id='word_1_589' title='bbox 2614 2763 2842 2835; x_wconf 89' lang='lat' dir='ltr'><strong>deliquit</strong></span> <span class='ocrx_word' id='word_1_590' title='bbox 2864 2765 2955 2820; x_wconf 91' lang='lat' dir='ltr'><strong>ille</strong></span> <span class='ocrx_word' id='word_1_591' title='bbox 2984 2765 3241 2835; x_wconf 88' lang='lat' dir='ltr'><strong>populus,</strong></span> <span class='ocrx_word' id='word_1_592' title='bbox 3275 2766 3390 2821; x_wconf 90' lang='lat' dir='ltr'><strong>neci</strong></span> <span class='ocrx_word' id='word_1_593' title='bbox 3430 2767 3696 2823; x_wconf 82' lang='lat' dir='ltr'><strong>tradendo</strong></span> 
     </span>
    </p>
   </div>
   <div class='ocr_carea' id='block_1_86' title="bbox 2121 2851 3702 2925">
    <p class='ocr_par' dir='ltr' id='par_1_86' title="bbox 2121 2851 3702 2925">
     <span class='ocr_line' id='line_1_86' title="bbox 2121 2851 3702 2925; baseline 0.001 -17"><span class='ocrx_word' id='word_1_594' title='bbox 2121 2853 2414 2909; x_wconf 90' lang='lat' dir='ltr'><strong>Dominum</strong></span> <span class='ocrx_word' id='word_1_595' title='bbox 2447 2862 2695 2909; x_wconf 88' lang='lat' dir='ltr'><strong>nostrum</strong></span> <span class='ocrx_word' id='word_1_596' title='bbox 2720 2851 2908 2909; x_wconf 70' lang='lat' dir='ltr'><strong>Iesum</strong></span> <span class='ocrx_word' id='word_1_597' title='bbox 2937 2853 3238 2911; x_wconf 85' lang='lat' dir='ltr'><strong>Christum.</strong></span> <span class='ocrx_word' id='word_1_598' title='bbox 3270 2854 3546 2925; x_wconf 84' lang='lat' dir='ltr'><strong>Delinquit</strong></span> <span class='ocrx_word' id='word_1_599' title='bbox 3569 2870 3702 2910; x_wconf 88' lang='lat' dir='ltr'><strong>vero</strong></span> 
     </span>
    </p>
   </div>
   <div class='ocr_carea' id='block_1_87' title="bbox 2123 2944 3707 3015">
    <p class='ocr_par' dir='ltr' id='par_1_87' title="bbox 2123 2944 3707 3015">
     <span class='ocr_line' id='line_1_87' title="bbox 2123 2944 3707 3015; baseline 0 -14"><span class='ocrx_word' id='word_1_600' title='bbox 2123 2945 2526 3015; x_wconf 88' lang='lat' dir='ltr'><strong>unusquisque,</strong></span> <span class='ocrx_word' id='word_1_601' title='bbox 2568 2944 2700 3001; x_wconf 90' lang='lat' dir='ltr'><strong>dum</strong></span> <span class='ocrx_word' id='word_1_602' title='bbox 2729 2945 2957 3001; x_wconf 86' lang='lat' dir='ltr'><strong>rationis</strong></span> <span class='ocrx_word' id='word_1_603' title='bbox 2982 2944 3186 3001; x_wconf 88' lang='lat' dir='ltr'><strong>donum</strong></span> <span class='ocrx_word' id='word_1_604' title='bbox 3214 2945 3374 3001; x_wconf 90' lang='lat' dir='ltr'><strong>bruta</strong></span> <span class='ocrx_word' id='word_1_605' title='bbox 3410 2945 3707 3002; x_wconf 68' lang='lat' dir='ltr'><strong>affectione</strong></span> 
     </span>
    </p>
   </div>
   <div class='ocr_carea' id='block_1_88' title="bbox 2121 3037 2321 3108">
    <p class='ocr_par' dir='ltr' id='par_1_88' title="bbox 2121 3037 2321 3108">
     <span class='ocr_line' id='line_1_88' title="bbox 2121 3037 2321 3108; baseline 0.01 -17"><span class='ocrx_word' id='word_1_606' title='bbox 2121 3037 2321 3108; x_wconf 80' lang='lat' dir='ltr'><strong>perdit.</strong></span> 
     </span>
    </p>
   </div>
   <div class='ocr_carea' id='block_1_89' title="bbox 2196 3124 3725 3197">
    <p class='ocr_par' dir='ltr' id='par_1_89' title="bbox 2196 3124 3725 3197">
     <span class='ocr_line' id='line_1_89' title="bbox 2196 3124 3725 3197; baseline 0 -15"><span class='ocrx_word' id='word_1_607' title='bbox 2196 3126 2320 3183; x_wconf 86' lang='lat' dir='ltr'><strong>Non</strong></span> <span class='ocrx_word' id='word_1_608' title='bbox 2341 3137 2418 3183; x_wconf 81' lang='lat' dir='ltr'><strong>est</strong></span> <span class='ocrx_word' id='word_1_609' title='bbox 2441 3143 2591 3197; x_wconf 69' lang='lat' dir='ltr'><strong>(equa</strong></span> <span class='ocrx_word' id='word_1_610' title='bbox 2619 3129 2705 3184; x_wconf 78' lang='lat' dir='ltr'><strong>uia</strong></span> <span class='ocrx_word' id='word_1_611' title='bbox 2724 3126 2940 3182; x_wconf 85' lang='lat' dir='ltr'><strong>Domini</strong></span> <span class='ocrx_word' id='word_1_612' title='bbox 2953 3126 3019 3183; x_wconf 73' lang='grc'><strong>⁸⁸.</strong></span> <span class='ocrx_word' id='word_1_613' title='bbox 3040 3125 3248 3183; x_wconf 89' lang='lat' dir='ltr'><strong>Dicturi</strong></span> <span class='ocrx_word' id='word_1_614' title='bbox 3269 3134 3398 3183; x_wconf 88' lang='lat' dir='ltr'><strong>sunt</strong></span> <span class='ocrx_word' id='word_1_615' title='bbox 3414 3124 3725 3191; x_wconf 59' lang='lat' dir='ltr'><strong>Israelita;</strong></span> 
     </span>
    </p>
   </div>
   <div class='ocr_carea' id='block_1_90' title="bbox 2122 3219 3127 3289">
    <p class='ocr_par' dir='ltr' id='par_1_90' title="bbox 2122 3219 3127 3289">
     <span class='ocr_line' id='line_1_90' title="bbox 2122 3219 3127 3289; baseline -0.003 -11"><span class='ocrx_word' id='word_1_616' title='bbox 2122 3236 2246 3279; x_wconf 90' lang='lat' dir='ltr'><strong>eum</strong></span> <span class='ocrx_word' id='word_1_617' title='bbox 2280 3219 2519 3275; x_wconf 84' lang='lat' dir='ltr'><strong>viderint</strong></span> <span class='ocrx_word' id='word_1_618' title='bbox 2548 3230 2735 3289; x_wconf 80' lang='lat' dir='ltr'><strong>gentes</strong></span> <span class='ocrx_word' id='word_1_619' title='bbox 2766 3220 3127 3276; x_wconf 86' lang='lat' dir='ltr'><strong>introeuntes.</strong></span> 
     </span>
    </p>
   </div>
   <div class='ocr_carea' id='block_1_91' title="bbox 2190 3303 3698 3382">
    <p class='ocr_par' dir='ltr' id='par_1_91' title="bbox 2190 3303 3698 3382">
     <span class='ocr_line' id='line_1_91' title="bbox 2190 3303 3698 3382; baseline -0.005 -17"><span class='ocrx_word' id='word_1_620' title='bbox 2190 3308 2355 3382; x_wconf 63' lang='grc'>434.</span> <span class='ocrx_word' id='word_1_621' title='bbox 2401 3308 2657 3378; x_wconf 82' lang='lat' dir='ltr'><strong>Nunquid</strong></span> <span class='ocrx_word' id='word_1_622' title='bbox 2708 3324 2813 3362; x_wconf 91' lang='lat' dir='ltr'><strong>non</strong></span> <span class='ocrx_word' id='word_1_623' title='bbox 2864 3318 2941 3363; x_wconf 83' lang='lat' dir='ltr'><strong>est</strong></span> <span class='ocrx_word' id='word_1_624' title='bbox 2989 3307 3261 3377; x_wconf 79' lang='lat' dir='ltr'><strong>wqua.via</strong></span> <span class='ocrx_word' id='word_1_625' title='bbox 3295 3313 3465 3361; x_wconf 80' lang='lat' dir='ltr'><strong>vestra</strong></span> <span class='ocrx_word' id='word_1_626' title='bbox 3488 3305 3581 3360; x_wconf 73' lang='lat'><strong>“‘2</strong></span> <span class='ocrx_word' id='word_1_627' title='bbox 3640 3303 3698 3367; x_wconf 81' lang='lat' dir='ltr'><strong>In</strong></span> 
     </span>
    </p>
   </div>
   <div class='ocr_carea' id='block_1_92' title="bbox 2119 3395 3739 3468">
    <p class='ocr_par' dir='ltr' id='par_1_92' title="bbox 2119 3395 3739 3468">
     <span class='ocr_line' id='line_1_92' title="bbox 2119 3395 3739 3468; baseline -0.001 -13"><span class='ocrx_word' id='word_1_628' title='bbox 2119 3411 2299 3455; x_wconf 86' lang='lat' dir='ltr'><strong>vestra</strong></span> <span class='ocrx_word' id='word_1_629' title='bbox 2352 3398 2589 3467; x_wconf 88' lang='lat' dir='ltr'><strong>positum</strong></span> <span class='ocrx_word' id='word_1_630' title='bbox 2638 3406 2723 3453; x_wconf 89' lang='lat' dir='ltr'><strong>est</strong></span> <span class='ocrx_word' id='word_1_631' title='bbox 2786 3396 3066 3453; x_wconf 80' lang='lat' dir='ltr'><strong>facultate.</strong></span> <span class='ocrx_word' id='word_1_632' title='bbox 3138 3395 3398 3468; x_wconf 79' lang='lat' dir='ltr'><strong>Projicile</strong></span> <span class='ocrx_word' id='word_1_633' title='bbox 3460 3412 3492 3451; x_wconf 93' lang='lat' dir='ltr'><strong>a</strong></span> <span class='ocrx_word' id='word_1_634' title='bbox 3545 3396 3739 3453; x_wconf 15' lang='lat' dir='ltr'><strong>vobis.</strong></span> 
     </span>
    </p>
   </div>
   <div class='ocr_carea' id='block_1_93' title="bbox 2121 3488 2749 3560">
    <p class='ocr_par' dir='ltr' id='par_1_93' title="bbox 2121 3488 2749 3560">
     <span class='ocr_line' id='line_1_93' title="bbox 2121 3488 2749 3560; baseline 0.005 -16"><span class='ocrx_word' id='word_1_635' title='bbox 2121 3491 2418 3560; x_wconf 79' lang='lat' dir='ltr'><strong>impietalcs</strong></span> <span class='ocrx_word' id='word_1_636' title='bbox 2453 3500 2653 3543; x_wconf 83' lang='lat' dir='ltr'><strong>vestras</strong></span> <span class='ocrx_word' id='word_1_637' title='bbox 2678 3488 2749 3547; x_wconf 79' lang='grc'><strong>⁸⁸.</strong></span> 
     </span>
    </p>
   </div>
   <div class='ocr_carea' id='block_1_94' title="bbox 2193 3576 3711 3653">
    <p class='ocr_par' dir='ltr' id='par_1_94' title="bbox 2193 3576 3711 3653">
     <span class='ocr_line' id='line_1_94' title="bbox 2193 3576 3711 3653; baseline -0.005 -14"><span class='ocrx_word' id='word_1_638' title='bbox 2193 3581 2264 3639; x_wconf 85' lang='lat' dir='ltr'><strong>Et</strong></span> <span class='ocrx_word' id='word_1_639' title='bbox 2309 3581 2469 3653; x_wconf 76' lang='lat' dir='ltr'><strong>facile</strong></span> <span class='ocrx_word' id='word_1_640' title='bbox 2508 3580 2655 3637; x_wconf 77' lang='lat' dir='ltr'><strong>vobis</strong></span> <span class='ocrx_word' id='word_1_641' title='bbox 2696 3594 2787 3632; x_wconf 85' lang='lat' dir='ltr'><strong>cor</strong></span> <span class='ocrx_word' id='word_1_642' title='bbox 2831 3595 3020 3633; x_wconf 83' lang='lat' dir='ltr'><strong>novum</strong></span> <span class='ocrx_word' id='word_1_643' title='bbox 3040 3579 3110 3633; x_wconf 62' lang='lat'><strong>.0&quot;.</strong></span> <span class='ocrx_word' id='word_1_644' title='bbox 3164 3576 3563 3647; x_wconf 11' lang='lat' dir='ltr'><strong>Etirquomodo</strong></span> <span class='ocrx_word' id='word_1_645' title='bbox 3609 3576 3711 3632; x_wconf 74' lang='lat' dir='ltr'><strong>lict</strong></span> 
     </span>
    </p>
   </div>
   <div class='ocr_carea' id='block_1_95' title="bbox 2120 3671 3701 3736">
    <p class='ocr_par' dir='ltr' id='par_1_95' title="bbox 2120 3671 3701 3736">
     <span class='ocr_line' id='line_1_95' title="bbox 2120 3671 3701 3736; baseline -0.006 -2"><span class='ocrx_word' id='word_1_646' title='bbox 2120 3679 2306 3736; x_wconf 84' lang='lat' dir='ltr'><strong>istud?</strong></span> <span class='ocrx_word' id='word_1_647' title='bbox 2344 3677 2403 3733; x_wconf 90' lang='lat' dir='ltr'><strong>Si</strong></span> <span class='ocrx_word' id='word_1_648' title='bbox 2458 3677 2776 3733; x_wconf 78' lang='lat' dir='ltr'><strong>exuerimus</strong></span> <span class='ocrx_word' id='word_1_649' title='bbox 2845 3681 3083 3731; x_wconf 87' lang='lat' dir='ltr'><strong>veterem</strong></span> <span class='ocrx_word' id='word_1_650' title='bbox 3137 3673 3414 3728; x_wconf 84' lang='lat' dir='ltr'><strong>hominem</strong></span> <span class='ocrx_word' id='word_1_651' title='bbox 3463 3671 3508 3702; x_wconf 82' lang='grc'>⁸⁸</span> <span class='ocrx_word' id='word_1_652' title='bbox 3572 3686 3701 3726; x_wconf 89' lang='lat' dir='ltr'><strong>cum</strong></span> 
     </span>
    </p>
   </div>
   <div class='ocr_carea' id='block_1_96' title="bbox 2120 3763 3706 3835">
    <p class='ocr_par' dir='ltr' id='par_1_96' title="bbox 2120 3763 3706 3835">
     <span class='ocr_line' id='line_1_96' title="bbox 2120 3763 3706 3835; baseline -0.006 -9"><span class='ocrx_word' id='word_1_653' title='bbox 2120 3771 2333 3826; x_wconf 84' lang='lat' dir='ltr'><strong>actibus</strong></span> <span class='ocrx_word' id='word_1_654' title='bbox 2352 3770 2489 3835; x_wconf 89' lang='lat' dir='ltr'><strong>suis,</strong></span> <span class='ocrx_word' id='word_1_655' title='bbox 2519 3776 2574 3823; x_wconf 92' lang='lat' dir='ltr'><strong>et</strong></span> <span class='ocrx_word' id='word_1_656' title='bbox 2603 3764 2942 3823; x_wconf 87' lang='lat' dir='ltr'><strong>induerimus</strong></span> <span class='ocrx_word' id='word_1_657' title='bbox 2972 3780 3169 3819; x_wconf 87' lang='lat' dir='ltr'><strong>novum</strong></span> <span class='ocrx_word' id='word_1_658' title='bbox 3203 3763 3298 3833; x_wconf 83' lang='lat' dir='ltr'><strong>qui</strong></span> <span class='ocrx_word' id='word_1_659' title='bbox 3321 3768 3617 3817; x_wconf 87' lang='lat' dir='ltr'><strong>renovatur</strong></span> <span class='ocrx_word' id='word_1_660' title='bbox 3642 3763 3706 3817; x_wconf 88' lang='lat' dir='ltr'><strong>in.</strong></span> 
     </span>
    </p>
   </div>
   <div class='ocr_carea' id='block_1_97' title="bbox 2120 3852 3712 3933">
    <p class='ocr_par' dir='ltr' id='par_1_97' title="bbox 2120 3852 3712 3933">
     <span class='ocr_line' id='line_1_97' title="bbox 2120 3852 3712 3933; baseline -0.005 -17"><span class='ocrx_word' id='word_1_661' title='bbox 2120 3860 2452 3933; x_wconf 82' lang='lat' dir='ltr'><strong>agnitionem</strong></span> <span class='ocrx_word' id='word_1_662' title='bbox 2506 3859 2807 3915; x_wconf 86' lang='lat' dir='ltr'><strong>secundum</strong></span> <span class='ocrx_word' id='word_1_663' title='bbox 2855 3855 3148 3925; x_wconf 76' lang='lat' dir='ltr'><strong>imaginem</strong></span> <span class='ocrx_word' id='word_1_664' title='bbox 3202 3853 3322 3923; x_wconf 86' lang='lat' dir='ltr'><strong>ejus</strong></span> <span class='ocrx_word' id='word_1_665' title='bbox 3356 3852 3451 3919; x_wconf 87' lang='lat' dir='ltr'><strong>qui</strong></span> <span class='ocrx_word' id='word_1_666' title='bbox 3498 3852 3712 3908; x_wconf 81' lang='lat' dir='ltr'><strong>creavit</strong></span> 
     </span>
    </p>
   </div>
   <div class='ocr_carea' id='block_1_98' title="bbox 2120 3946 3715 4009">
    <p class='ocr_par' dir='ltr' id='par_1_98' title="bbox 2120 3946 3715 4009">
     <span class='ocr_line' id='line_1_98' title="bbox 2120 3946 3715 4009; baseline -0.006 0"><span class='ocrx_word' id='word_1_667' title='bbox 2120 3955 2294 4009; x_wconf 89' lang='lat' dir='ltr'><strong>illum.</strong></span> <span class='ocrx_word' id='word_1_668' title='bbox 2347 3952 2405 4008; x_wconf 89' lang='lat' dir='ltr'><strong>Si</strong></span> <span class='ocrx_word' id='word_1_669' title='bbox 2449 3967 2480 4007; x_wconf 87' lang='lat' dir='ltr'><strong>a</strong></span> <span class='ocrx_word' id='word_1_670' title='bbox 2539 3950 2769 4006; x_wconf 88' lang='lat' dir='ltr'><strong>terrenis</strong></span> <span class='ocrx_word' id='word_1_671' title='bbox 2803 3946 3216 4006; x_wconf 83' lang='lat' dir='ltr'><strong>ascenderimus</strong></span> <span class='ocrx_word' id='word_1_672' title='bbox 3258 3946 3312 4001; x_wconf 90' lang='lat' dir='ltr'><strong>in</strong></span> <span class='ocrx_word' id='word_1_673' title='bbox 3357 3946 3715 4002; x_wconf 74' lang='lat' dir='ltr'><strong>cmnaculum</strong></span> 
     </span>
    </p>
   </div>
   <div class='ocr_carea' id='block_1_99' title="bbox 2120 4034 3703 4114">
    <p class='ocr_par' dir='ltr' id='par_1_99' title="bbox 2120 4034 3703 4114">
     <span class='ocr_line' id='line_1_99' title="bbox 2120 4034 3703 4114; baseline -0.008 -16"><span class='ocrx_word' id='word_1_674' title='bbox 2120 4057 2378 4114; x_wconf 79' lang='lat' dir='ltr'><strong>magnum</strong></span> <span class='ocrx_word' id='word_1_675' title='bbox 2408 4041 2591 4111; x_wconf 83' lang='lat' dir='ltr'><strong>scopis</strong></span> <span class='ocrx_word' id='word_1_676' title='bbox 2623 4039 2945 4094; x_wconf 86' lang='lat' dir='ltr'><strong>mundatum</strong></span> <span class='ocrx_word' id='word_1_677' title='bbox 2972 4038 3041 4093; x_wconf 86' lang='lat' dir='ltr'><strong>ab</strong></span> <span class='ocrx_word' id='word_1_678' title='bbox 3084 4034 3233 4091; x_wconf 81' lang='lat' dir='ltr'><strong>omni</strong></span> <span class='ocrx_word' id='word_1_679' title='bbox 3268 4034 3497 4101; x_wconf 83' lang='lat' dir='ltr'><strong>malitia,</strong></span> <span class='ocrx_word' id='word_1_680' title='bbox 3533 4048 3703 4088; x_wconf 86' lang='lat' dir='ltr'><strong>orna-</strong></span> 
     </span>
    </p>
   </div>
   <div class='ocr_carea' id='block_1_100' title="bbox 2122 4121 3704 4205">
    <p class='ocr_par' dir='ltr' id='par_1_100' title="bbox 2122 4121 3704 4205">
     <span class='ocr_line' id='line_1_100' title="bbox 2122 4121 3704 4205; baseline -0.007 -15"><span class='ocrx_word' id='word_1_681' title='bbox 2122 4145 2347 4205; x_wconf 91' lang='lat' dir='ltr'><strong>tumque</strong></span> <span class='ocrx_word' id='word_1_682' title='bbox 2373 4141 2428 4188; x_wconf 89' lang='lat' dir='ltr'><strong>et</strong></span> <span class='ocrx_word' id='word_1_683' title='bbox 2463 4139 2695 4188; x_wconf 86' lang='lat' dir='ltr'><strong>stratum</strong></span> <span class='ocrx_word' id='word_1_684' title='bbox 2726 4128 2966 4201; x_wconf 77' lang='lat' dir='ltr'><strong>perfeCIa</strong></span> <span class='ocrx_word' id='word_1_685' title='bbox 3010 4128 3246 4196; x_wconf 89' lang='lat' dir='ltr'><strong>virtute,</strong></span> <span class='ocrx_word' id='word_1_686' title='bbox 3291 4143 3356 4183; x_wconf 92' lang='lat' dir='ltr'><strong>ac</strong></span> <span class='ocrx_word' id='word_1_687' title='bbox 3401 4141 3527 4182; x_wconf 86' lang='lat' dir='ltr'><strong>cum</strong></span> <span class='ocrx_word' id='word_1_688' title='bbox 3570 4121 3704 4180; x_wconf 63' lang='grc' dir='ltr'>ἔθευ</span> 
     </span>
    </p>
   </div>
   <div class='ocr_carea' id='block_1_101' title="bbox 2118 4217 3705 4294">
    <p class='ocr_par' dir='ltr' id='par_1_101' title="bbox 2118 4217 3705 4294">
     <span class='ocr_line' id='line_1_101' title="bbox 2118 4217 3705 4294; baseline -0.008 -12"><span class='ocrx_word' id='word_1_689' title='bbox 2118 4226 2384 4282; x_wconf 79' lang='lat' dir='ltr'><strong>fuerimus</strong></span> <span class='ocrx_word' id='word_1_690' title='bbox 2409 4222 2633 4294; x_wconf 90' lang='lat' dir='ltr'><strong>epulati,</strong></span> <span class='ocrx_word' id='word_1_691' title='bbox 2663 4230 2942 4276; x_wconf 87' lang='lat' dir='ltr'><strong>sumentes</strong></span> <span class='ocrx_word' id='word_1_692' title='bbox 2972 4219 3197 4276; x_wconf 82' lang='lat' dir='ltr'><strong>calicem</strong></span> <span class='ocrx_word' id='word_1_693' title='bbox 3231 4218 3357 4274; x_wconf 86' lang='lat' dir='ltr'><strong>novi</strong></span> <span class='ocrx_word' id='word_1_694' title='bbox 3388 4217 3705 4273; x_wconf 81' lang='lat' dir='ltr'><strong>Testamen-</strong></span> 
     </span>
    </p>
   </div>
   <div class='ocr_carea' id='block_1_102' title="bbox 2120 4309 3722 4385">
    <p class='ocr_par' dir='ltr' id='par_1_102' title="bbox 2120 4309 3722 4385">
     <span class='ocr_line' id='line_1_102' title="bbox 2120 4309 3722 4385; baseline -0.004 -14"><span class='ocrx_word' id='word_1_695' title='bbox 2120 4316 2183 4383; x_wconf 91' lang='lat' dir='ltr'><strong>ti,</strong></span> <span class='ocrx_word' id='word_1_696' title='bbox 2214 4316 2440 4385; x_wconf 79' lang='lat' dir='ltr'><strong>ﬁguram</strong></span> <span class='ocrx_word' id='word_1_697' title='bbox 2474 4312 2722 4382; x_wconf 90' lang='lat' dir='ltr'><strong>corporis</strong></span> <span class='ocrx_word' id='word_1_698' title='bbox 2744 4310 2865 4380; x_wconf 86' lang='lat' dir='ltr'><strong>ejus</strong></span> <span class='ocrx_word' id='word_1_699' title='bbox 2895 4309 2948 4363; x_wconf 90' lang='lat' dir='ltr'><strong>in</strong></span> <span class='ocrx_word' id='word_1_700' title='bbox 2992 4318 3182 4365; x_wconf 89' lang='lat' dir='ltr'><strong>nostro</strong></span> <span class='ocrx_word' id='word_1_701' title='bbox 3215 4309 3432 4364; x_wconf 87' lang='lat' dir='ltr'><strong>mortali</strong></span> <span class='ocrx_word' id='word_1_702' title='bbox 3473 4322 3722 4378; x_wconf 76' lang='lat' dir='ltr'><strong>corpore.</strong></span> 
     </span>
    </p>
   </div>
   <div class='ocr_carea' id='block_1_103' title="bbox 2120 4397 3189 4478">
    <p class='ocr_par' dir='ltr' id='par_1_103' title="bbox 2120 4397 3189 4478">
     <span class='ocr_line' id='line_1_103' title="bbox 2120 4397 3189 4478; baseline -0.008 -16"><span class='ocrx_word' id='word_1_703' title='bbox 2120 4421 2215 4478; x_wconf 90' lang='lat' dir='ltr'><strong>per</strong></span> <span class='ocrx_word' id='word_1_704' title='bbox 2243 4402 2712 4475; x_wconf 82' lang='lat' dir='ltr'><strong>participationem</strong></span> <span class='ocrx_word' id='word_1_705' title='bbox 2742 4400 2862 4470; x_wconf 81' lang='lat' dir='ltr'><strong>ejus</strong></span> <span class='ocrx_word' id='word_1_706' title='bbox 2893 4397 3189 4456; x_wconf 69' lang='lat' dir='ltr'><strong>facientes.</strong></span> 
     </span>
    </p>
   </div>
   <div class='ocr_carea' id='block_1_104' title="bbox 2758 4576 3091 4635">
    <p class='ocr_par' dir='ltr' id='par_1_104' title="bbox 2758 4576 3091 4635">
     <span class='ocr_line' id='line_1_104' title="bbox 2758 4576 3091 4635; baseline -0.012 0"><span class='ocrx_word' id='word_1_707' title='bbox 2758 4578 2912 4635; x_wconf 75' lang='lat' dir='ltr'><strong>CAP.</strong></span> <span class='ocrx_word' id='word_1_708' title='bbox 2946 4576 3091 4632; x_wconf 63' lang='lat' dir='ltr'><strong>XIX}</strong></span> 
     </span>
    </p>
   </div>
   <div class='ocr_carea' id='block_1_105' title="bbox 2192 4658 3728 4739">
    <p class='ocr_par' dir='ltr' id='par_1_105' title="bbox 2192 4658 3728 4739">
     <span class='ocr_line' id='line_1_105' title="bbox 2192 4658 3728 4739; baseline -0.003 -13"><span class='ocrx_word' id='word_1_709' title='bbox 2192 4672 2335 4739; x_wconf 83' lang='lat' dir='ltr'><strong>Quid</strong></span> <span class='ocrx_word' id='word_1_710' title='bbox 2362 4682 2533 4727; x_wconf 88' lang='lat' dir='ltr'><strong>mater</strong></span> <span class='ocrx_word' id='word_1_711' title='bbox 2563 4680 2655 4727; x_wconf 79' lang='lat' dir='ltr'><strong>tua</strong></span> <span class='ocrx_word' id='word_1_712' title='bbox 2678 4670 2887 4727; x_wconf 79' lang='lat' dir='ltr'><strong>catulus</strong></span> <span class='ocrx_word' id='word_1_713' title='bbox 2907 4672 3080 4724; x_wconf 75' lang='lat' dir='ltr'><strong>vivens</strong></span> <span class='ocrx_word' id='word_1_714' title='bbox 3109 4668 3164 4721; x_wconf 91' lang='lat' dir='ltr'><strong>in</strong></span> <span class='ocrx_word' id='word_1_715' title='bbox 3193 4658 3367 4720; x_wconf 78' lang='lat' dir='ltr'><strong>medio</strong></span> <span class='ocrx_word' id='word_1_716' title='bbox 3390 4665 3600 4720; x_wconf 83' lang='lat' dir='ltr'><strong>leonum</strong></span> <span class='ocrx_word' id='word_1_717' title='bbox 3618 4665 3728 4721; x_wconf 71' lang='grc' dir='ltr'><strong>¹⁵⁹⁴ἔΔ</strong></span> 
     </span>
    </p>
   </div>
   <div class='ocr_carea' id='block_1_106' title="bbox 2117 4757 3703 4835">
    <p class='ocr_par' dir='ltr' id='par_1_106' title="bbox 2117 4757 3703 4835">
     <span class='ocr_line' id='line_1_106' title="bbox 2117 4757 3703 4835; baseline -0.003 -18"><span class='ocrx_word' id='word_1_718' title='bbox 2117 4762 2381 4835; x_wconf 80' lang='lat' dir='ltr'><strong>Figurate</strong></span> <span class='ocrx_word' id='word_1_719' title='bbox 2399 4772 2591 4819; x_wconf 91' lang='lat' dir='ltr'><strong>natura</strong></span> <span class='ocrx_word' id='word_1_720' title='bbox 2621 4763 2833 4819; x_wconf 88' lang='lat' dir='ltr'><strong>ratione</strong></span> <span class='ocrx_word' id='word_1_721' title='bbox 2862 4760 3087 4831; x_wconf 76' lang='lat' dir='ltr'><strong>praedita</strong></span> <span class='ocrx_word' id='word_1_722' title='bbox 3113 4758 3315 4813; x_wconf 88' lang='lat' dir='ltr'><strong>dieitur</strong></span> <span class='ocrx_word' id='word_1_723' title='bbox 3336 4757 3443 4826; x_wconf 82' lang='lat' dir='ltr'><strong>leo,</strong></span> <span class='ocrx_word' id='word_1_724' title='bbox 3470 4767 3526 4813; x_wconf 92' lang='lat' dir='ltr'><strong>et</strong></span> <span class='ocrx_word' id='word_1_725' title='bbox 3547 4773 3703 4829; x_wconf 79' lang='lat' dir='ltr'><strong>quae-</strong></span> 
     </span>
    </p>
   </div>
   <div class='ocr_carea' id='block_1_107' title="bbox 2118 4848 3704 4925">
    <p class='ocr_par' dir='ltr' id='par_1_107' title="bbox 2118 4848 3704 4925">
     <span class='ocr_line' id='line_1_107' title="bbox 2118 4848 3704 4925; baseline -0.003 -15"><span class='ocrx_word' id='word_1_726' title='bbox 2118 4856 2201 4910; x_wconf 87' lang='lat' dir='ltr'><strong>vis</strong></span> <span class='ocrx_word' id='word_1_727' title='bbox 2233 4855 2408 4911; x_wconf 87' lang='lat' dir='ltr'><strong>bestia</strong></span> <span class='ocrx_word' id='word_1_728' title='bbox 2452 4869 2554 4925; x_wconf 90' lang='lat' dir='ltr'><strong>pro</strong></span> <span class='ocrx_word' id='word_1_729' title='bbox 2582 4854 2801 4909; x_wconf 87' lang='lat' dir='ltr'><strong>habitus</strong></span> <span class='ocrx_word' id='word_1_730' title='bbox 2832 4852 3062 4918; x_wconf 89' lang='lat' dir='ltr'><strong>ratione,</strong></span> <span class='ocrx_word' id='word_1_731' title='bbox 3098 4866 3198 4907; x_wconf 88' lang='lat' dir='ltr'><strong>nec</strong></span> <span class='ocrx_word' id='word_1_732' title='bbox 3228 4848 3334 4905; x_wconf 87' lang='lat' dir='ltr'><strong>non</strong></span> <span class='ocrx_word' id='word_1_733' title='bbox 3382 4865 3545 4906; x_wconf 90' lang='lat' dir='ltr'><strong>omne</strong></span> <span class='ocrx_word' id='word_1_734' title='bbox 3581 4851 3704 4908; x_wconf 87' lang='lat' dir='ltr'><strong>ani-</strong></span> 
     </span>
    </p>
   </div>
   <div class='ocr_carea' id='block_1_108' title="bbox 2119 4948 3207 5019">
    <p class='ocr_par' dir='ltr' id='par_1_108' title="bbox 2119 4948 3207 5019">
     <span class='ocr_line' id='line_1_108' title="bbox 2119 4948 3207 5019; baseline -0.014 -12"><span class='ocrx_word' id='word_1_735' title='bbox 2119 4951 2228 5007; x_wconf 91' lang='lat' dir='ltr'><strong>mal</strong></span> <span class='ocrx_word' id='word_1_736' title='bbox 2256 4958 2311 5005; x_wconf 90' lang='lat' dir='ltr'><strong>et</strong></span> <span class='ocrx_word' id='word_1_737' title='bbox 2340 4948 2551 5019; x_wconf 89' lang='lat' dir='ltr'><strong>reptile.</strong></span> <span class='ocrx_word' id='word_1_738' title='bbox 3204 5006 3207 5007; x_wconf 17' lang='grc' dir='ltr'><em>ν</em></span> 
     </span>
    </p>
   </div>
   <div class='ocr_carea' id='block_1_109' title="bbox 2192 5035 3731 5112">
    <p class='ocr_par' dir='ltr' id='par_1_109' title="bbox 2192 5035 3731 5112">
     <span class='ocr_line' id='line_1_109' title="bbox 2192 5035 3731 5112; baseline -0.005 -17"><span class='ocrx_word' id='word_1_739' title='bbox 2192 5041 2467 5112; x_wconf 80' lang='lat' dir='ltr'><strong>Ejusdem.</strong></span> <span class='ocrx_word' id='word_1_740' title='bbox 2501 5039 2699 5095; x_wconf 84' lang='lat' dir='ltr'><strong>L‘eonis</strong></span> <span class='ocrx_word' id='word_1_741' title='bbox 2745 5045 2975 5093; x_wconf 89' lang='lat' dir='ltr'><strong>matrem</strong></span> <span class='ocrx_word' id='word_1_742' title='bbox 3024 5037 3205 5091; x_wconf 85' lang='lat' dir='ltr'><strong>innuit</strong></span> <span class='ocrx_word' id='word_1_743' title='bbox 3234 5035 3496 5107; x_wconf 78' lang='lat' dir='ltr'><strong>principis</strong></span> <span class='ocrx_word' id='word_1_744' title='bbox 3530 5035 3731 5089; x_wconf 73' lang='lat' dir='ltr'><strong>lsi&#39;acl‘</strong></span> 
     </span>
    </p>
   </div>
   <div class='ocr_carea' id='block_1_110' title="bbox 2121 5122 3695 5209">
    <p class='ocr_par' dir='ltr' id='par_1_110' title="bbox 2121 5122 3695 5209">
     <span class='ocr_line' id='line_1_110' title="bbox 2121 5122 3695 5209; baseline -0.008 -20"><span class='ocrx_word' id='word_1_745' title='bbox 2121 5147 2473 5204; x_wconf 80' lang='lat' dir='ltr'><strong>synagogam,</strong></span> <span class='ocrx_word' id='word_1_746' title='bbox 2508 5144 2629 5200; x_wconf 76' lang='lat' dir='ltr'><strong>quae</strong></span> <span class='ocrx_word' id='word_1_747' title='bbox 2655 5136 2711 5185; x_wconf 89' lang='lat' dir='ltr'><strong>et</strong></span> <span class='ocrx_word' id='word_1_748' title='bbox 2742 5129 2861 5198; x_wconf 83' lang='lat' dir='ltr'><strong>ipsa</strong></span> <span class='ocrx_word' id='word_1_749' title='bbox 2892 5129 2946 5183; x_wconf 93' lang='lat' dir='ltr'><strong>in</strong></span> <span class='ocrx_word' id='word_1_750' title='bbox 2982 5129 3169 5184; x_wconf 90' lang='lat' dir='ltr'><strong>multis</strong></span> <span class='ocrx_word' id='word_1_751' title='bbox 3191 5122 3410 5209; x_wconf 61' lang='lat' dir='ltr'><strong>etEeI&#39;ata</strong></span> <span class='ocrx_word' id='word_1_752' title='bbox 3444 5134 3548 5188; x_wconf 86' lang='lat' dir='ltr'><strong>est,</strong></span> <span class='ocrx_word' id='word_1_753' title='bbox 3583 5134 3695 5178; x_wconf 89' lang='lat' dir='ltr'><strong>tum</strong></span> 
     </span>
    </p>
   </div>
   <div class='ocr_carea' id='block_1_111' title="bbox 2120 5214 3700 5295">
    <p class='ocr_par' dir='ltr' id='par_1_111' title="bbox 2120 5214 3700 5295">
     <span class='ocr_line' id='line_1_111' title="bbox 2120 5214 3700 5295; baseline -0.005 -19"><span class='ocrx_word' id='word_1_754' title='bbox 2120 5222 2431 5295; x_wconf 67' lang='lat' dir='ltr'><strong>praasertim</strong></span> <span class='ocrx_word' id='word_1_755' title='bbox 2451 5221 2672 5291; x_wconf 82' lang='lat' dir='ltr'><strong>quando</strong></span> <span class='ocrx_word' id='word_1_756' title='bbox 2718 5220 2868 5274; x_wconf 89' lang='lat' dir='ltr'><strong>dedit</strong></span> <span class='ocrx_word' id='word_1_757' title='bbox 2915 5235 3106 5275; x_wconf 89' lang='lat' dir='ltr'><strong>vocem</strong></span> <span class='ocrx_word' id='word_1_758' title='bbox 3154 5235 3309 5274; x_wconf 88' lang='lat' dir='ltr'><strong>suam</strong></span> <span class='ocrx_word' id='word_1_759' title='bbox 3359 5225 3549 5274; x_wconf 86' lang='lat' dir='ltr'><strong>contra</strong></span> <span class='ocrx_word' id='word_1_760' title='bbox 3590 5214 3700 5269; x_wconf 82' lang='grc' dir='ltr'><strong>Βυ-</strong></span> 
     </span>
    </p>
   </div>
   <div class='ocr_carea' id='block_1_112' title="bbox 2119 5307 3704 5380">
    <p class='ocr_par' dir='ltr' id='par_1_112' title="bbox 2119 5307 3704 5380">
     <span class='ocr_line' id='line_1_112' title="bbox 2119 5307 3704 5380; baseline -0.004 -10"><span class='ocrx_word' id='word_1_761' title='bbox 2119 5317 2330 5371; x_wconf 78' lang='lat' dir='ltr'><strong>minum</strong></span> <span class='ocrx_word' id='word_1_762' title='bbox 2378 5329 2559 5380; x_wconf 87' lang='lat' dir='ltr'><strong>suum,</strong></span> <span class='ocrx_word' id='word_1_763' title='bbox 2615 5311 2802 5368; x_wconf 83' lang='lat' dir='ltr'><strong>(licens</strong></span> <span class='ocrx_word' id='word_1_764' title='bbox 2848 5311 2894 5344; x_wconf 82' lang='grc'><strong>⁹⁰</strong></span> <span class='ocrx_word' id='word_1_765' title='bbox 2940 5331 2953 5367; x_wconf 90' lang='lat'>:</span> <span class='ocrx_word' id='word_1_766' title='bbox 3010 5311 3186 5378; x_wconf 89' lang='lat' dir='ltr'><strong>Tolle,</strong></span> <span class='ocrx_word' id='word_1_767' title='bbox 3235 5310 3394 5375; x_wconf 84' lang='lat' dir='ltr'><strong>tolle,</strong></span> <span class='ocrx_word' id='word_1_768' title='bbox 3446 5307 3704 5377; x_wconf 80' lang='lat' dir='ltr'><strong>cruciﬁge</strong></span> 
     </span>
    </p>
   </div>
   <div class='ocr_carea' id='block_1_113' title="bbox 2117 5423 2256 5460">
    <p class='ocr_par' dir='ltr' id='par_1_113' title="bbox 2117 5423 2256 5460">
     <span class='ocr_line' id='line_1_113' title="bbox 2117 5423 2256 5460; baseline 0 0"><span class='ocrx_word' id='word_1_769' title='bbox 2117 5423 2256 5460; x_wconf 88' lang='lat' dir='ltr'><strong>eum.</strong></span> 
     </span>
    </p>
   </div>
   <div class='ocr_carea' id='block_1_114' title="bbox 2193 5489 3694 5566">
    <p class='ocr_par' dir='ltr' id='par_1_114' title="bbox 2193 5489 3694 5566">
     <span class='ocr_line' id='line_1_114' title="bbox 2193 5489 3694 5566; baseline -0.005 -16"><span class='ocrx_word' id='word_1_770' title='bbox 2193 5495 2468 5566; x_wconf 81' lang='lat' dir='ltr'><strong>Ejusdem.</strong></span> <span class='ocrx_word' id='word_1_771' title='bbox 2506 5493 2660 5550; x_wconf 86' lang='lat' dir='ltr'><strong>Multi</strong></span> <span class='ocrx_word' id='word_1_772' title='bbox 2700 5494 2952 5550; x_wconf 87' lang='lat' dir='ltr'><strong>homines</strong></span> <span class='ocrx_word' id='word_1_773' title='bbox 2985 5493 3119 5547; x_wconf 87' lang='lat' dir='ltr'><strong>nihil</strong></span> <span class='ocrx_word' id='word_1_774' title='bbox 3141 5508 3169 5546; x_wconf 82' lang='lat' dir='ltr'><strong>a</strong></span> <span class='ocrx_word' id='word_1_775' title='bbox 3201 5491 3391 5547; x_wconf 86' lang='lat' dir='ltr'><strong>bestiis</strong></span> <span class='ocrx_word' id='word_1_776' title='bbox 3415 5489 3694 5557; x_wconf 78' lang='lat' dir='ltr'><strong>diﬂ&#39;erunt;</strong></span> 
     </span>
    </p>
   </div>
   <div class='ocr_carea' id='block_1_115' title="bbox 510 5621 2015 5697">
    <p class='ocr_par' dir='ltr' id='par_1_115' title="bbox 510 5621 2012 5697">
     <span class='ocr_line' id='line_1_115' title="bbox 510 5621 2012 5697; baseline 0.007 -20"><span class='ocrx_word' id='word_1_777' title='bbox 510 5621 556 5697; x_wconf 49' lang='lat'><strong>1‘</strong></span> <span class='ocrx_word' id='word_1_778' title='bbox 569 5621 775 5697; x_wconf 56' lang='grc' dir='ltr'>βιοτὴ.</span> <span class='ocrx_word' id='word_1_779' title='bbox 798 5641 953 5692; x_wconf 76' lang='lat' dir='ltr'><strong>xvm,</strong></span> <span class='ocrx_word' id='word_1_780' title='bbox 977 5627 1029 5683; x_wconf 93' lang='lat'><strong>8.</strong></span> <span class='ocrx_word' id='word_1_781' title='bbox 1049 5628 1092 5660; x_wconf 76' lang='grc' dir='ltr'><strong>τ’</strong></span> <span class='ocrx_word' id='word_1_782' title='bbox 1116 5628 1246 5685; x_wconf 88' lang='lat' dir='ltr'><strong>ibid.</strong></span> <span class='ocrx_word' id='word_1_783' title='bbox 1272 5629 1355 5684; x_wconf 71' lang='lat'><strong>10.</strong></span> <span class='ocrx_word' id='word_1_784' title='bbox 1434 5628 1481 5662; x_wconf 84' lang='grc'><strong>⁷⁸</strong></span> <span class='ocrx_word' id='word_1_785' title='bbox 1514 5629 1644 5684; x_wconf 90' lang='lat' dir='ltr'><strong>ibid.</strong></span> <span class='ocrx_word' id='word_1_786' title='bbox 1676 5631 1762 5685; x_wconf 71' lang='grc'>12.</span> <span class='ocrx_word' id='word_1_787' title='bbox 1840 5632 1885 5667; x_wconf 76' lang='grc'><strong>⁷⁸</strong></span> <span class='ocrx_word' id='word_1_788' title='bbox 1907 5632 2012 5687; x_wconf 88' lang='lat' dir='ltr'><strong>Pro</strong></span> 
     </span>
    </p>
   </div>
   <div class='ocr_carea' id='block_1_116' title="bbox 2123 5621 3691 5697">
    <p class='ocr_par' dir='ltr' id='par_1_116' title="bbox 2123 5626 3691 5697">
     <span class='ocr_line' id='line_1_116' title="bbox 2123 5626 3691 5697; baseline -0.001 -12"><span class='ocrx_word' id='word_1_789' title='bbox 2123 5646 2216 5697; x_wconf 77' lang='lat' dir='ltr'><strong>Lm,</strong></span> <span class='ocrx_word' id='word_1_790' title='bbox 2243 5629 2297 5684; x_wconf 88' lang='lat'><strong>8.</strong></span> <span class='ocrx_word' id='word_1_791' title='bbox 2373 5629 2420 5662; x_wconf 79' lang='grc'><strong>⁸⁸</strong></span> <span class='ocrx_word' id='word_1_792' title='bbox 2444 5628 2640 5686; x_wconf 85' lang='lat' dir='ltr'><strong>Ezech.</strong></span> <span class='ocrx_word' id='word_1_793' title='bbox 2674 5647 2831 5694; x_wconf 76' lang='lat' dir='ltr'><strong>xvrn,</strong></span> <span class='ocrx_word' id='word_1_794' title='bbox 2862 5630 2948 5684; x_wconf 75' lang='grc'>12.</span> <span class='ocrx_word' id='word_1_795' title='bbox 3011 5629 3055 5661; x_wconf 69' lang='grc' dir='ltr'>θ’</span> <span class='ocrx_word' id='word_1_796' title='bbox 3082 5628 3213 5685; x_wconf 87' lang='lat' dir='ltr'><strong>ibid.</strong></span> <span class='ocrx_word' id='word_1_797' title='bbox 3244 5630 3333 5683; x_wconf 69' lang='grc' dir='ltr'>Ην.</span> <span class='ocrx_word' id='word_1_798' title='bbox 3408 5627 3453 5659; x_wconf 81' lang='grc'><strong>⁸¹</strong></span> <span class='ocrx_word' id='word_1_799' title='bbox 3476 5626 3605 5682; x_wconf 86' lang='lat' dir='ltr'><strong>ibid.</strong></span> <span class='ocrx_word' id='word_1_800' title='bbox 3635 5628 3691 5685; x_wconf 67' lang='grc'>4.</span> 
     </span>
    </p>
   </div>
   <div class='ocr_carea' id='block_1_117' title="bbox 440 5689 2015 5770">
    <p class='ocr_par' dir='ltr' id='par_1_117' title="bbox 440 5689 2015 5770">
     <span class='ocr_line' id='line_1_117' title="bbox 440 5689 2015 5770; baseline 0.011 -28"><span class='ocrx_word' id='word_1_801' title='bbox 440 5689 640 5770; x_wconf 53' lang='lat' dir='ltr'><strong>galia.</strong></span> <span class='ocrx_word' id='word_1_802' title='bbox 676 5694 768 5750; x_wconf 72' lang='lat' dir='ltr'><strong>et.</strong></span> <span class='ocrx_word' id='word_1_803' title='bbox 846 5689 1157 5770; x_wconf 47' lang='lat' dir='ltr'><strong>minus.</strong></span> <span class='ocrx_word' id='word_1_804' title='bbox 1235 5698 1808 5770; x_wconf 73' lang='lat' dir='ltr'><strong>&quot;Ezccb.xvm,29.</strong></span> <span class='ocrx_word' id='word_1_805' title='bbox 1887 5703 1933 5735; x_wconf 73' lang='grc' dir='ltr'>εο</span> <span class='ocrx_word' id='word_1_806' title='bbox 1961 5703 2015 5759; x_wconf 89' lang='lat' dir='ltr'><strong>ib</strong></span> 
     </span>
    </p>
   </div>
   <div class='ocr_carea' id='block_1_118' title="bbox 2123 5689 3081 5770">
    <p class='ocr_par' dir='ltr' id='par_1_118' title="bbox 2123 5689 3081 5767">
     <span class='ocr_line' id='line_1_118' title="bbox 2123 5689 3081 5767; baseline -0.001 -11"><span class='ocrx_word' id='word_1_807' title='bbox 2123 5689 2215 5757; x_wconf 57' lang='lat'><strong>5|:</strong></span> <span class='ocrx_word' id='word_1_808' title='bbox 2273 5700 2316 5732; x_wconf 82' lang='grc'><strong>⁸⁷</strong></span> <span class='ocrx_word' id='word_1_809' title='bbox 2339 5699 2467 5755; x_wconf 84' lang='lat' dir='ltr'><strong>ibid.</strong></span> <span class='ocrx_word' id='word_1_810' title='bbox 2559 5700 2604 5731; x_wconf 77' lang='grc'>⁸⁸</span> <span class='ocrx_word' id='word_1_811' title='bbox 2635 5689 2849 5758; x_wconf 78' lang='lat' dir='ltr'><strong>Coloss.</strong></span> <span class='ocrx_word' id='word_1_812' title='bbox 2888 5699 3081 5767; x_wconf 71' lang='lat' dir='ltr'><strong>Iu,10.</strong></span> 
     </span>
    </p>
   </div>
   <div class='ocr_carea' id='block_1_119' title="bbox 443 5759 939 5834">
    <p class='ocr_par' dir='ltr' id='par_1_119' title="bbox 443 5759 939 5834">
     <span class='ocr_line' id='line_1_119' title="bbox 443 5759 939 5834; baseline 0.008 -19"><span class='ocrx_word' id='word_1_813' title='bbox 443 5760 491 5792; x_wconf 71' lang='grc' dir='ltr'><strong><em>ὀ</em></strong></span> <span class='ocrx_word' id='word_1_814' title='bbox 516 5759 674 5818; x_wconf 82' lang='lat' dir='ltr'><strong>Joan.</strong></span> <span class='ocrx_word' id='word_1_815' title='bbox 706 5781 816 5834; x_wconf 77' lang='lat' dir='ltr'><strong>xix,</strong></span> <span class='ocrx_word' id='word_1_816' title='bbox 852 5765 939 5820; x_wconf 80' lang='lat'><strong>15.</strong></span> 
     </span>
    </p>
   </div>
   <div class='ocr_carea' id='block_1_120' title="bbox 3193 5697 3690 5755">
    <p class='ocr_par' dir='ltr' id='par_1_120' title="bbox 3193 5697 3690 5755">
     <span class='ocr_line' id='line_1_120' title="bbox 3193 5697 3690 5755; baseline 0 -2"><span class='ocrx_word' id='word_1_817' title='bbox 3193 5703 3237 5734; x_wconf 71' lang='grc' dir='ltr'><strong>⁸ο</strong></span> <span class='ocrx_word' id='word_1_818' title='bbox 3260 5698 3458 5755; x_wconf 81' lang='lat' dir='ltr'><strong>Ezech.</strong></span> <span class='ocrx_word' id='word_1_819' title='bbox 3486 5713 3599 5753; x_wconf 70' lang='lat' dir='ltr'><strong>xxx.</strong></span> <span class='ocrx_word' id='word_1_820' title='bbox 3632 5697 3690 5754; x_wconf 76' lang='grc'>2.</span> 
     </span>
    </p>
   </div>
  </div>
