4094 6290
443 387 552 444 ΒΗ)

1878 388 1968 446 EX
2010 389 2317 447 ORICENE

3606 386 3715 444 820

436 509 572 573 quin
603 517 659 564 et
690 509 798 566 illis
821 511 1141 566 crudelitate
1174 522 1230 566 et
1277 512 1483 567 stcvitia
1526 511 1827 569 deteriores
1864 521 1982 569 sunt

2085 549 2093 576 ι
2128 527 2301 582 ρουσι,
2334 509 2535 579 μᾶλλον
2557 508 2616 563 δὲ
2640 507 2734 564 καὶ
2759 507 2974 581 χείρους
3006 507 3115 561 εἰσὶ
3134 506 3344 580 θηρίων
3468 506 3715 580 ὠμότητι

436 600 747 677 cuiusmodi
775 611 891 658 erat
917 614 971 658 et
1005 604 1106 660 iste
1135 604 1231 674 qui
1266 604 1465 661 dicitur
1486 606 1738 677 princeps
1768 603 1956 662 Israel.

504 777 583 833 Et
606 783 829 835 vastavit
859 790 1054 838 terram
1081 795 1133 840 et
1157 785 1537 855 plenitudinem
1563 787 1678 857 ejus
1701 805 1734 842 (ι
1766 804 1886 842 voce
1914 805 2010 842 ru-

429 869 572 941 gitus
597 872 684 926 sui
708 872 776 928 ⁹¹.
807 872 958 929 Alter
986 875 1074 932 hic
1097 877 1181 932 leo
1214 894 1329 933 non
1354 877 1532 934 solum
1580 878 1765 948 impiis
1798 877 2011 934 artibus

426 961 513 1018 leo
552 971 668 1018 erat
716 973 957 1023 vastator
997 967 1320 1034 hominum,
1373 985 1561 1025 verum
1606 970 1771 1025 etiam
1816 984 2006 1025 eorum

424 1054 731 1125 symbolum
763 1058 856 1127 qui
890 1057 1229 1135 impiissimis
1254 1061 1370 1117 suis
1391 1060 1658 1117 doctrinis
1689 1069 1892 1115 terram
1921 1060 2008 1115 de-

420 1146 624 1211 solant,
650 1155 704 1201 ct
730 1148 823 1218 qui
849 1164 969 1204 eam
1003 1151 1331 1208 inhabitant.
1369 1152 1450 1206 Ad
1475 1152 1715 1207 litteram
1758 1151 1925 1221 igitur
1949 1150 2005 1205 hi

420 1235 608 1293 leones
640 1238 809 1310 ﬁgura
841 1250 971 1296 sunt
998 1258 1186 1313 regum
1215 1241 1539 1307 Jerusalem,
1584 1258 1822 1313 Quorum
1855 1242 2007 1314 prior

418 1327 475 1382 in
511 1327 808 1401 Egyptum
840 1333 1074 1389 traditus
1097 1342 1202 1401 est;
1236 1334 1374 1388 alter
1393 1349 1545 1402 vero,
1579 1333 1730 1404 quod
1752 1332 2006 1404 superio-

420 1435 535 1475 rem
582 1421 861 1492 imptetate
888 1425 1150 1502 vinceret,
1195 1426 1251 1482 in
1301 1426 1655 1499 Babylonem.
1699 1424 1811 1482 Nec
1854 1434 2004 1483 caret

415 1524 583 1567 sensu
610 1514 842 1584 spiritali
872 1516 958 1572 his
986 1517 1080 1588 qui
1104 1528 1338 1589 possunt
1367 1518 1691 1596 intelligere.
1728 1516 2003 1574 Eveniunt

415 1612 601 1660 autem
632 1606 758 1661 talia
788 1608 953 1663 etiam
982 1608 1168 1679 impiis
1197 1609 1465 1666 haereticis
1485 1652 1501 1678 ,
1545 1611 1640 1689 qui
1692 1611 1999 1667 doctrinam

414 1708 527 1749 non
557 1705 803 1766 servant,
831 1697 927 1753 sed
958 1713 1079 1754 eam
1117 1700 1480 1768 eoneulcant;
1526 1716 1764 1771 quorum
1799 1702 1892 1757 alii
1943 1704 1997 1757 in

416 1782 523 1839 hoc
547 1785 748 1841 saeculo
776 1786 1117 1863 spiritalibus
1143 1789 1437 1845 traduntur
1467 1789 1762 1863 Egyptiis,
1785 1793 1878 1848 alii
1914 1793 1999 1850 vel

2124 602 2218 655 καὶ
2249 603 2314 674 τῇ
2347 599 2746 672 ἁπανθρωπίᾳ·
2784 593 2899 663 οἶος
2932 593 3002 671 ἧν
3038 601 3136 654 καὶ
3158 590 3315 664 οὗτος
3358 599 3389 652 ὁ
3418 598 3714 671 λεγόμενος

2120 694 2304 766 ἄρχων
2333 693 2429 748 τοῦ
2473 691 2711 764 Ἰσραήλ.

2191 783 2302 838 Kal
2336 783 2601 854 ἠφάνισε
2631 780 2751 854 γῆν·
2793 782 2894 836 καὶ
2929 780 2995 836 τὸ
3028 779 3323 851 rumque
3587 781 3710 837 ἀπὸ

2117 879 2323 950 φωνῆς
2363 879 2718 950 ὠρυὼματος
2760 877 2970 938 αὐτοῦ.
3001 871 3171 941 Οὗτος
3206 876 3236 929 ὁ
3273 875 3526 949 δεύτερος
3567 874 3712 929 λέων

2116 972 2178 1025 οὐ
2219 971 2377 1042 μόνον
2426 968 2625 1040 πράξει
2655 966 2917 1030 ἀσεϐείας,
2956 961 3027 1035 ἦν
3059 965 3204 1029 λέων
3222 964 3445 1037 λυμεὼν
3477 965 3712 1019 τῶνάν-

2115 1058 2374 1130 θρώπων,
2417 1057 2554 1112 ἀλλὰ
2599 1058 2693 1112 καὶ
2726 1055 2996 1127 σύμϐολόν
3028 1057 3146 1109 ἐστι
3170 1054 3281 1113 τῶν
3328 1055 3390 1112 ἐν
3428 1056 3545 1120 τοῖς
3575 1056 3707 1110 ἁστ-

2113 1148 2399 1212 ϐεστάτοις
2424 1146 2593 1201 αὐτοῦ
2630 1147 2899 1218 δόγμασιν
2940 1143 3295 1217 ὲρημούντων
3338 1146 3447 1217 τὴν
3476 1146 3585 1215 γῆν
3609 1147 3706 1201 καὶ

2111 1238 2238 1303 τοὺς
2267 1237 2551 1303 οἰκοῦντας
2599 1238 2790 1310 αὐτήν.
2832 1235 3112 1308 Σύμϐολον
3151 1231 3250 1291 οὖν
3276 1236 3421 1292 εἰσιν
3447 1232 3594 1292 οὗτοι
3648 1240 3705 1293 οἱ

2110 1327 2322 1393 λέοντες
2347 1327 2461 1386 τῶν
2498 1328 2602 1399 τῆς
2657 1326 3016 1401 Ἰερουσαλὴμ
3059 1327 3324 1398 βασιλέων
3350 1327 3493 1382 κατὰ
3522 1328 3591 1381 τὸ
3615 1329 3704 1383 αἰ-

2112 1419 2309 1491 σθητόν
2324 1436 2338 1451 ⁸
2370 1417 2467 1474 τοῦ
2500 1419 2599 1491 μὲν
2622 1418 2844 1492 πρώτου
2872 1419 3273 1491 παραδοθέντος
3298 1420 3380 1483 εἰς
3400 1418 3698 1488 Αἴγυπτον·

2107 1512 2200 1566 τοῦ
2217 1512 2274 1566 δὲ
2291 1511 2662 1581 δευτέρου,ὼς
2682 1512 3067 1585 ἁσεϐεστέρου,
3092 1514 3171 1577 εἰς
3195 1511 3513 1566 Βαϐυλῶνα.
3543 1513 3701 1583 Ἔχει

2107 1602 2171 1658 δὲ
2228 1605 2323 1659 καὶ
2377 1605 2475 1677 τὴν
2526 1605 2825 1677 ἀναγωγὴν
2866 1607 2977 1670 τοῖς
3032 1603 3353 1675 δυναμένοις
3398 1604 3696 1677 θεωρῆσαι.

2107 1697 2347 1753 Τοιαῦτα
2368 1698 2426 1753 δὲ
2457 1697 2727 1771 πάσχουσι
2761 1697 2859 1753 καὶ
2889 1699 2940 1752 οἱ
2965 1697 3182 1763 ἀσεϐεῖς
3212 1698 3499 1770 αἱρετικοὶ,
3533 1700 3584 1752 οἱ
3619 1699 3698 1770 μὴ

2106 1788 2472 1857 φυλάσσοντες
2504 1789 2594 1844 τὸν
2616 1789 2797 1859 λόγον,
2831 1788 2967 1843 ἀλλὰ
3008 1788 3478 1854 καταπατοῦντες·
3512 1791 3564 1842 oi
3596 1790 3698 1861 μὲν

413 1872 470 1928 in
498 1873 603 1929 hoc
629 1875 828 1933 sacculo
848 1877 934 1935 vel
962 1886 1088 1949 post
1116 1887 1347 1935 mortem
1377 1879 1613 1951 spiritali
1636 1880 1982 1940 Nabuchodo

2104 1880 2527 1953 παραδιδόμενοι
2568 1880 2807 1938 ἐνταῦθα
2846 1883 2961 1946 τοῖς
3003 1882 3221 1952 νοητοῖς
3258 1882 3611 1951 Αἰγυπτίοις,
3641 1884 3696 1937 οἱ

412 1965 619 2021 nosori.

1042 2125 1197 2181 CAP.
1237 2126 1355 2183 XX.

480 2234 551 2291 Et
585 2237 710 2292 dedi
741 2239 815 2294 eis
859 2250 1123 2311 prtecepta
1152 2258 1259 2297 non
1306 2243 1444 2298 bona
1475 2246 1543 2300 ".
1583 2242 1845 2311 Quaenam
1877 2247 1993 2302 haec

407 2336 555 2396 sunt,
588 2328 696 2384 nisi
738 2330 994 2388 occidens
1044 2332 1225 2389 littera
1272 2333 1449 2411 lcgis,
1493 2343 1552 2390 et
1600 2343 1990 2395 testamentum

406 2419 602 2476 mortis
633 2420 829 2479 litteris
859 2422 1226 2481 deformatum
1257 2425 1312 2481 in
1343 2426 1637 2498 lapidibus,
1681 2439 1846 2502 atque
1883 2432 1990 2488 mi-

406 2511 662 2568 nistratio
693 2512 1062 2573 damnationis
1079 2515 1426 2591 librumque
1447 2519 1612 2591 igitur
1639 2523 1827 2578 eadem
1855 2540 1989 2581 voce

406 2603 737 2673 praecipitur,
768 2606 949 2662 littera
975 2616 1031 2665 et
1070 2609 1316 2679 spiritus.
1358 2608 1472 2667 Sed
1512 2626 1636 2682 quas
1683 2615 1985 2671 secundum

404 2694 639 2749 litteram
662 2706 792 2752 sunt
821 2710 1111 2771 praecepta,
1152 2718 1260 2759 non
1286 2712 1416 2759 sunt
1438 2705 1709 2774 facienda;
1738 2721 1859 2777 quas
1886 2723 1986 2762 au-

401 2795 511 2841 tem
539 2791 840 2846 secundum
870 2794 1120 2864 spiritum
1145 2805 1294 2864 sunt,
1321 2797 1437 2861 haec
1465 2807 1592 2854 sunt
1613 2800 1983 2871 adimplenda.

399 2880 667 2939 Praeterea
686 2884 897 2954 idquod
908 2887 1178 2956 ejusmodi
1200 2898 1286 2944 est.
1309 2891 1717 2960 reprehensioni
1740 2908 1848 2948 non
1862 2909 1984 2951 esse

400 2974 722 3042 obnoxium,
755 2987 809 3032 et
841 2988 1106 3048 praecepta
1134 2980 1299 3052 5.35
1327 2984 1574 3053 quaedam
1599 2986 1862 3056 polluere,
1892 2988 1984 3044 di-

399 3065 605 3121 scimus
662 3082 770 3122 non
815 3069 991 3123 solum
1032 3071 1103 3126 ab
1148 3073 1411 3142 Apostolo
1440 3073 1575 3130 Novi
1608 3075 1978 3146 Testamenti,

2102 1971 2218 2043 δὲῆ
2253 1972 2487 2028 ἐνταῦθα
2521 1974 2555 2045 ἢ
2587 1972 2730 2045 μετά
2763 1972 2863 2046 τὴν
2898 1972 3076 2039 ἔξοδον
3113 1972 3192 2044 τῷ
3220 1974 3395 2046 νοητῷ
3416 1974 3695 2047 Ναϐουχο-

2101 2061 2342 2137 δονόσορ.

2749 2154 2932 2209 ΚΕΦ.
2971 2155 3055 2207 K’.
3373 2184 3382 2190 -

2170 2244 2281 2301 Καὶ
2301 2245 2495 2301 ἔδωκα
2520 2246 2728 2314 αὐτοῖς
2762 2246 3190 2318 προστάγματα
3232 2248 3304 2301 οὐ
3343 2245 3518 2300 καλά.
3555 2245 3692 2300 Τίνα

2096 2334 2156 2389 δὲ
2176 2330 2247 2407 ἦν
2277 2337 2454 2392 ταῦτα
2479 2337 2519 2409 ἢ
2558 2337 2627 2392 τδ-
2648 2337 2971 2391 ἀποκτεῖνον
2995 2336 3232 2409 γράμμα
3256 2334 3350 2389 τοῦ
3380 2334 3567 2407 νόμου,
3592 2334 3693 2388 καὶ

2095 2426 2129 2495 ἡ
2162 2423 2396 2498 διαθήκη
2430 2425 2524 2480 τοῦ
2564 2426 2803 2482 θανάτου
2833 2428 2892 2480 ὲν
2919 2426 3242 2498 γράμμασιν
3267 2423 3686 2496 ἐντετυπωμένη

2095 2514 2351 2584 λιθίνοις,
2388 2519 2483 2573 καὶ
2529 2520 2569 2591 ἡ
2602 2518 2850 2573 διακονία
2880 2518 2982 2591 τῆς
3013 2517 3428 2591 κατακρίσεως
3475 2516 3683 2587 Ἀμφό-

2092 2626 2228 2683 τερα
2253 2606 2347 2667 οῦν
2377 2612 2467 2666 διὰ
2499 2612 2600 2683 τῆς
2640 2612 2812 2683 αὐτῆς
2844 2611 3245 2683 προστάσσεται
3284 2610 3489 2681 φωνῆς,
3520 2609 3581 2663 τό
3619 2626 3684 2663 τε

2092 2703 2331 2775 γράμμα
2356 2703 2452 2759 καὶ
2481 2704 2543 2757 τὸ
2560 2703 2779 2775 πνεῦμα
2795 2720 2810 2735 ·
2838 2703 2975 2758 ἀλλὰ
2994 2702 3064 2756 τὰ
3088 2703 3187 2773 μὲν
3206 2701 3348 2756 κατὰ
3365 2701 3425 2755 τὸ
3443 2701 3682 2773 γράμμα

2093 2796 2493 2867 προστάγματα
2519 2795 2582 2849 οὐ
2619 2795 2701 2848 δεῖ
2730 2796 2904 2849 ποιεῖν
2921 2811 2946 2832 ἰ
2971 2793 3040 2847 τὰ
3073 2794 3131 2848 δὲ
3160 2794 3301 2850 κατὰ
3331 2794 3392 2849 τὸ
3431 2796 3675 2867 πνεῦμα,

2089 2886 2365 2957 ποιητέον.
2407 2887 2528 2941 Ὅτι
2559 2885 2625 2940 τὸ
2664 2886 2722 2941 δὲ
2751 2884 3007 2940 τοιοῦτον·
3033 2885 3364 2958 ἀνέγκλητὸν
3394 2887 3511 2941 ἐστι
3531 2926 3547 2951 ,
3582 2886 3680 2941 καὶ

2090 2976 2312 3049 βεϐηλοῖ
2356 2995 2479 3033 τινα
2525 2976 2635 3032 τῶν
2690 2977 3132 3051 προσταγμάτων
3149 3017 3165 3044 ,
3223 2978 3567 3050 μανθάνομεν
3609 2979 3675 3033 οὐ

2090 3072 2252 3144 μόνον
2294 3072 2402 3126 άπὸ
2452 3071 2546 3126 τοῦ
2615 3070 2930 3127 Ἀποστόλου
2989 3071 3089 3141 τῆς
3132 3071 3327 3143 καινῆς
3372 3072 3672 3144 Διαθήκης,

398 3159 491 3213 sed
525 3167 579 3214 et
607 3175 672 3215 ex
728 3161 836 3217 illis
868 3164 1216 3220 manifestum
1245 3175 1331 3223 est
1370 3169 1464 3239 qui
1504 3180 1631 3227 ante
1676 3169 1979 3231 Salvatoris

2085 3163 2222 3219 ἀλλὰ
2255 3163 2353 3217 καὶ
2384 3164 2494 3218 ἀπὸ
2526 3163 2634 3220 τῶν
2668 3163 2775 3235 πρὸ
2812 3163 2912 3235 τῆς
2945 3162 3246 3234 παρουσίας
3284 3161 3380 3217 τοῦ
3417 3164 3672 3238 Σωτῆρος

396 3254 688 3306 adventum
716 3254 1046 3308 exstiterunt
1076 3272 1090 3309 :
1122 3256 1249 3313 inde
1264 3258 1522 3324 nimirum
1546 3260 1693 3331 quod
1724 3264 1979 3319 sacerdo-

2085 3254 2269 3326 δῆλον,
2303 3255 2368 3308 ὲκ
2391 3253 2486 3309 τοῦ
2509 3255 2635 3319 τοὺς
2666 3233 2766 3327 μὲν
2798 3233 2962 3327 ἱερεῖς
2989 3233 3048 3308 ὲν
3069 3253 3147 3326 τῷ
3180 3253 3310 3326 ἱερῷ
3333 3255 3426 3313 τὸν
3459 3233 3670 3313 Σάϐϐα-

395 3348 481 3395 tes
505 3340 559 3394 in
599 3342 800 3413 templo
825 3343 1125 3402 Sabbatum
1161 3348 1448 3419 violantes,
1484 3353 1603 3408 sine
1636 3353 1863 3412 crimine
1889 3371 1981 3411 es-

391 3438 515 3485 sent
542 3429 613 3496 ”,
646 3440 699 3486 et
726 3432 779 3486 in
818 3430 1059 3492 Sabbato
1083 3438 1564 3496 circumcideretur
1594 3442 1780 3511 homo,
1813 3444 1886 3501 ita
1919 3456 1979 3503 ut

391 3520 478 3576 lex
508 3536 618 3577 una
648 3523 972 3592 solveretur,
1004 3537 1060 3584 et
1091 3530 1198 3586 alia
1238 3543 1591 3605 servaretur;
1636 3536 1764 3592 inde
1807 3538 1972 3597 etiam

387 3613 534 3683 quod
580 3612 754 3671 David
796 3631 866 3672 ex
914 3619 1151 3689 panibus
1188 3626 1582 3694 propositionis
1633 3630 1974 3699 comederit,

385 3718 528 3774 quos
556 3719 665 3761 non
692 3706 893 3763 licebat
919 3709 970 3765 ei
998 3711 1159 3768 cdere
1187 3729 1365 3785 neque
1407 3715 1518 3773 illis
1555 3716 1803 3787 quicum
1854 3721 1973 3791 ipso

383 3803 562 3862 erant,
590 3797 697 3854 nisi
729 3798 863 3855 solis
901 3803 1283 3861 sacerdotibus
1311 3806 1379 3874 “;
1402 3806 1531 3863 item
1566 3807 1694 3865 inde
1718 3812 1865 3880 quod
1889 3813 1969 3870 εἰ-

381 3886 626 3942 mulacra
668 3888 952 3948 cherubim
993 3905 1110 3951 tum
1156 3896 1214 3952 in
1252 3897 1608 3956 tabernacqu
1650 3903 1969 3973 testimonii,

379 3985 497 4031 tum
548 3977 605 4033 in
640 3982 842 4052 templo
886 3982 1028 4041 facta
1076 3988 1189 4043 sint
1221 3990 1315 4055 ⁸⁸.
1344 3999 1400 4047 et
1439 3989 1653 4065 Moyses
1699 3999 1968 4068 serpentis

381 4069 525 4125 anei
551 4070 905 4133 simulacrum
930 4078 1257 4147 conﬂaverit,
1282 4084 1351 4140 ".

981 4168 1136 4226 CAP.
1176 4172 1340 4230 XXII.

449 4252 588 4310 Ecce
626 4254 759 4326 facti
800 4270 922 4316 sunt
963 4262 1094 4317 mihi
1144 4263 1332 4325 domus
1380 4267 1553 4325 Israel
1590 4270 1809 4329 admisti
1849 4291 1963 4329 om-

376 4360 469 4402 nes
499 4347 566 4403 ⁸⁷.
605 4346 767 4406 Sedet
799 4349 1065 4410 Dominus
1089 4354 1143 4410 in
1172 4357 1353 4414 medio
1383 4357 1686 4417 Jerusalem
1712 4364 1960 4423 conﬂans

373 4450 567 4495 omnes
601 4441 867 4498 admistos
895 4454 1121 4514 argento
1152 4459 1207 4504 et
1233 4458 1451 4515 stanno,
1485 4464 1539 4508 et
1575 4469 1681 4509 aere
1704 4465 1755 4510 et
1777 4458 1958 4526 plum-

374 4529 447 4585 bo
473 4530 538 4599 ’⁸,
576 4533 1034 4607 reprehenditque
1062 4552 1159 4594 eos
1189 4540 1284 4610 qui
1333 4544 1617 4599 materiam
1648 4545 1809 4602 vilem
1849 4549 1958 4604 cir—
1984 4566 2035 4626 ι)

374 4637 500 4687 cum
528 4639 588 4680 se
617 4625 840 4693 habent,
871 4635 927 4683 et
954 4628 1032 4684 ait
1051 4630 1099 4662 ⁸³
1131 4649 1146 4686 :
1177 4632 1469 4707 Argentum
1505 4635 1794 4695 admistum
1824 4639 1957 4710 facti

372 4723 520 4771 sunt.
546 4715 685 4772 Cum
714 4719 859 4774 enim
883 4730 1148 4779 creatura:
1171 4721 1265 4778 Dei
1293 4739 1416 4794 qua
1446 4727 1588 4782 bona
1622 4737 1814 4800 est,,ex
1851 4747 1957 4786 no-

373 4812 489 4861 stra
525 4808 789 4873 pravitate
819 4813 1300 4885 superinducimus
1325 4817 1489 4887 mala,
1517 4819 1824 4890 plumbum,
1855 4838 1953 4894 aes,

373 4906 631 4954 stannum
668 4903 1161 4974 superinducimus,
1178 4908 1376 4964 malam
1400 4911 1650 4970 videlicet
1663 4916 1953 4985 actionem,

370 4988 651 5060 impiaque
682 4990 934 5062 dogmata
976 5011 1042 5053 ac
1082 5007 1295 5071 turpem
1327 5003 1632 5063 libidinem.
1659 5006 1952 5080 Propterea

370 5082 515 5136 enim
553 5080 678 5158 igne
715 5097 853 5154 opus
878 5095 982 5141 est.

933 5242 1084 5299 CAP.
1126 5248 1362 5306 XXVIII.

442 5325 600 5382 Omni
630 5328 763 5385 bona
807 5330 986 5402 lapide
1032 5338 1394 5404 circumdatus
1429 5361 1481 5399 es
1526 5349 1566 5401 ι.
1617 5345 1860 5405 Habebat
1893 5354 1944 5405 in

367 5420 612 5477 humeris
626 5425 867 5493 pontifex
884 5429 1168 5487 duodecim
1193 5433 1397 5505 lapides
1410 5439 1609 5509 quibus
1625 5442 1945 5506 ornabatur,

366 5526 493 5569 cum
516 5515 591 5572 rei
620 5534 789 5576 sacra:
811 5521 973 5578 dabat
1002 5538 1248 5594 operam.
1280 5527 1390 5586 Hos
1416 5531 1622 5602 lapides
1652 5536 1948 5603 supersedi-

2076 3363 2171 3401 τον
2196 3345 2561 3419 βεϐηλοῦντας
2587 3347 2863 3411 ἀναιτίους
2881 3341 3041 3413 εἶναι,
3068 3348 3162 3400 καὶ
3184 3349 3242 3401 ὲν
3279 3347 3544 3421 Σαϐϐάτῳ
3570 3366 3670 3405 πε-

2080 3437 2429 3509 ριτέμνεσθαι
2479 3438 2798 3512 ἄνθρωπον·
2853 3438 2974 3502 ἐνὸς
3020 3439 3119 3509 μὲν
3165 3438 3427 3511 λυομένου
3470 3440 3664 3512 νόμου,

2075 3528 2194 3594 ἑνὸς
2216 3529 2273 3583 δὲ
2299 3531 2659 3602 τηρουμένου·
2691 3530 2784 3584 καὶ
2809 3530 2876 3583 ὲκ
2896 3528 2990 3584 τοῦ
3027 3530 3119 3584 τόν
3138 3547 3199 3584 τε
3227 3531 3391 3585 Δαυῖδ
3418 3532 3513 3585 καὶ
3536 3531 3667 3597 τοὺς

2075 3619 2173 3674 σὺν
2200 3618 2350 3691 αὐτῷ
2377 3618 2715 3692 βεϐρωκέναι
2741 3618 2852 3674 ἀπὸ
2874 3620 2983 3674 τῶν
3002 3620 3182 3692 ἄρτων
3206 3621 3304 3691 τῆς
3328 3622 3660 3694 προθέσεως,

2070 3711 2171 3777 οὓς
2196 3713 2297 3767 οὐκ
2334 3712 2479 3786 ἐξῆκε
2492 3694 2656 3785 αὐτῷ⁸
2686 3717 2881 3785 φαγεῖν
2900 3757 2916 3782 ,
2949 3714 3071 3769 οὐδὲ
3101 3716 3214 3779 τοῖς
3246 3718 3367 3787 μετ’
3393 3717 3580 3782 αὐτοῦ,
3611 3718 3661 3771 εί

2074 3804 2151 3877 μὴ
2170 3806 2285 3869 τοῖς
2311 3804 2522 3879 ἱερεῦσι
2570 3808 2776 3880 μόνοις·
2812 3809 2908 3862 καὶ
2942 3809 3008 3861 ὲκ
3033 3807 3127 3862 τοῦ
3156 3808 3410 3882 ὁμοίωμα
3441 3810 3662 3881 γεγονὲ-

2069 3912 2159 3950 ναι
2188 3895 2245 3952 εν
2270 3913 2331 3951 τε
2353 3899 2422 3970 τῇ
2451 3901 2627 3971 σκηνῇ
2655 3898 2749 3953 τοῦ
2775 3899 3075 3972 μαρτυρίου
3099 3900 3196 3954 καὶ
3220 3902 3279 3956 ἐν
3301 3900 3382 3974 τῷ
3404 3901 3520 3975 ναῷ
3549 3901 3660 3961 τῶν

2068 3989 2368 4062 χερουϐίμ·
2413 3989 2510 4045 καὶ
2555 3991 2662 4045 ὑπὸ
2699 3992 2979 4057 Μωῦσέως
3021 3993 3278 4065 ὁμοίωμα
3321 3994 3659 4051 κατεσκευά-

2069 4080 2195 4136 σθαι
2226 4081 2405 4155 δφεως
2438 4083 2664 4155 χαλκοῦ.

2686 4175 2738 4229 Κ
2755 4175 2871 4229 ΕΦ.
2910 4175 3039 4230 KB'.

2150 4263 2306 4319 Ἰδοὺ
2354 4267 2641 4337 ’γεγόνασι
2692 4284 2797 4337 μοι
2844 4263 3012 4335 οἷκος
3064 4269 3312 4339 Ἰσραὴλ
3370 4271 3653 4341 ἀναμεμι-

2062 4356 2268 4427 γμένοι
2297 4358 2541 4427 πάντες,
2567 4358 2820 4433 Κάθηται
2849 4359 3054 4433 Κύριος
3078 4363 3138 4415 ὲν
3171 4362 3321 4433 μέσῳ
3344 4362 3441 4434 τῆς
3456 4363 3650 4435 Ἰερου-

2065 4448 2250 4521 σαλὴμ
2285 4450 2539 4522 χωνεύων
2578 4451 2706 4516 τοὺς
2739 4451 3225 4524 ἀναμεμιγμένους
3259 4453 3507 4526 ἀργυρίῳ
3553 4455 3653 4515 καὶ,

2059 4539 2390 4612 κασσιτέρῳ,
2414 4541 2507 4596 καὶ
2533 4540 2719 4615 χαλκῷ
2742 4545 2837 4603 καὶ
2867 4543 3118 4615 μολίϐδῳ,
3143 4543 3236 4598 καὶ⁵
3265 4546 3502 4600 αἰτιᾶται
3522 4547 3649 4612 τοὺς

2058 4627 2280 4699 ἔχοντας
2313 4629 2446 4703 ὓλην
2487 4631 2681 4704 εὐτελῆ
2723 4633 2854 4705 περὶ
2884 4634 3143 4699 ἑαυτοὺς,
3176 4633 3273 4688 καὶ
3299 4634 3484 4703 λέγει·
3525 4637 3646 4705 Ἆρ-

2060 4718 2267 4789 τύριον
2299 4721 2776 4792 ἀναμεμιγμένον
2813 4724 3211 4798 ἐγενήθησαν.
3250 4726 3427 4781 Ὅταν,
3445 4725 3556 4799 γὰρ
3577 4729 3655 4799 τῇ,

2059 4808 2234 4862 κτίσει
2264 4808 2358 4863 τοῦ
2391 4810 2527 4866 Θεοῦ
2562 4814 2631 4884 τῇ
2672 4813 2810 4887 καλῇ
2854 4815 3307 4889 ὲπεισηγάγομεν.
3326 4818 3392 4871 ὲκ
3419 4817 3519 4890 τῆς
3546 4836 3645 4872 κα-

2062 4898 2185 4962 κίας
2227 4898 2384 4970 ἡμῶν
2418 4900 2490 4955 τὰ
2528 4900 2731 4971 φαῦλα,
2777 4904 3026 4977 μόλιϐδον
3069 4908 3509 4978 ὲπεισηγάγομεν
3549 4909 3644 4962 καὶ

2061 4986 2279 5059 χαλκὸν,
2312 4991 2407 5046 καὶ
2440 4993 2796 5065 κασσίτερον·
2845 4995 2945 5068 τὴν
2978 4994 3154 5068 κακὴν
3196 4996 3394 5069 πρᾶξιν
3427 4997 3523 5052 καὶ
3553 4997 3639 5051 δό-

2058 5097 2242 5151 γματα
2287 5082 2494 5150 ἅθείας,
2530 5085 2626 5140 καὶ
2662 5086 2761 5157 τὴν
2794 5087 2932 5158 πρὸς
2972 5088 3035 5142 τὸ
3074 5087 3233 5160 σῶμα
3277 5088 3636 5160 συμπάθειαν.

2058 5173 2156 5227 Διά
2184 5173 2353 5228 ταῦτα
2382 5175 2491 5249 γὰρ
2522 5177 2680 5248 χρεία
2712 5179 2808 5233 τοῦ
2842 5179 3034 5250 πυρός.

2655 5269 2841 5325 ΚΕΦ.
2884 5271 3037 5325 KH’.

2120 5356 2323 5411 Πάντα
2348 5358 2521 5413 λίθον
2550 5360 2823 5429 χρηστὸν
2850 5361 3183 5416 ἐνδέδεσαι.
3211 5362 3428 5418 Δώδεκα
3459 5363 3637 5430 λίθους

2050 5442 2194 5519 εἶχεν
2216 5450 2307 5503 ἐπὶ
2330 5451 2438 5504 τῶν
2456 5449 2622 5522 ὤμων
2644 5455 2673 5506 ὁ
2692 5453 2982 5525 ἀρχιερεὺς
3002 5453 3342 5525 κοσμοῦντας
3361 5457 3524 5512 αὐτὸν
3541 5457 3635 5514 τοῦ

2053 5541 2412 5611 ἀρχιερᾶσθαι
2437 5541 2515 5615 τῷ
2541 5542 2680 5615 Θεῷ.
2718 5543 2951 5610 Τούτους
2988 5546 3115 5609 τοὺς
3149 5544 3331 5612 λίθους
3356 5546 3633 5603 ἐποικοδο-

449 5714 489 5820 ."
515 5717 1061 5820 E“°.':-.3‘_'§;._7---_’_’_
1090 5731 1544 5820 F172.CC";.‘.’.".25:
1620 5740 1667 5772 ’³
1693 5739 1899 5820 Mam».
1916 5758 1982 5820 an

2085 5783 2093 5820 τ
2159 5742 2219 5820 μ’·
2249 5743 2422 5820 Exod.
2452 5762 2578 5820 xxv,
2612 5745 2700 5820 I8,
2779 5747 2823 5778 ”
2855 5745 2926 5800 IIl
2961 5744 3094 5820 Reg.
3126 5763 3200 5820 γι,
3233 5747 3320 5805 I9.
3394 5747 3439 5781 “
3464 5746 3628 5805 Num.

371 5801 486 5854 nt,
519 5787 574 5844 8.
645 5793 687 5824 ⁹⁷
715 5787 914 5851 Ezceh.
947 5814 1086 5866 xm,
1116 5801 1203 5855 I8.
1272 5805 1317 5837 ’⁸
1343 5787 1574 5864 Μᾶιεῖοιι.
1609 5787 1781 5880 Ity-:5“.

1856 5811 1900 5844 ’⁸
1930 5810 2126 5871 Ezecb.
2156 5818 2294 5889 λιιι,
2322 5816 2406 5873 18.
2488 5818 2502 5849 ¹
2530 5815 2729 5875 Ezecb.
2758 5810 3059 5886 xxvnt,l52
