4094 6290
1641 383 1955 445 SELECTA
1995 380 2062 437 IN
2099 370 2556 434 EZECIIIELEM.

3599 366 3708 427 833

441 524 535 597 μεῖ
575 521 607 577 ό
646 519 898 594 ινάρετος
939 517 1032 572 ἐπὶ
1065 515 1161 569 τὸν
1207 512 1500 569 ἀσάλευτον
1532 506 1814 581 θεμέλιον,
1841 503 1943 597 οὓς
1966 500 2027 555 τὴ

2131 497 2256 554 ﬂeat
2290 495 2507 552 virtutis
2553 491 2734 550 cultor
2755 503 2922 562 super
2952 488 3237 545 immotum
3266 485 3708 551 l'utnlamentum,

2376 587 2388 597 .
2471 587 2482 597 .
2636 585 2648 597 .
2690 594 2698 597 .
3129 577 3221 597 ..-η
3253 575 3531 597 .m“.

439 595 555 688 πῦρ
577 610 917 669 κατακαῦσαι
943 609 1045 663 οὐκ
1074 604 1266 679 ἰσχύει·
1300 600 1642 671 ἐποικοδομεῖ
1662 598 1719 652 δὲ
1740 598 1854 661 τοῖς
1877 595 2027 658 ἰδίοις

437 687 635 776 ὤμοις,
685 701 933 757 τουτέστι
978 700 1163 763 πόνοις
1214 695 1389 760 ἰδίοις.
1423 692 1607 748 Μέσον
1655 691 1714 745 δὲ
1756 689 1963 743 τούτων
1998 687 2027 739 ὁ

440 797 775 868 κεκτημένος
804 795 977 850 ταῦτα
1006 795 1119 865 εχει
1158 791 1253 846 ἐπὶ
1283 788 1378 845 τοῦ
1419 786 1651 858 στήθους
1682 784 1771 838 τὸν
1801 783 1901 853 τῆς
1929 781 2026 853 δη-

439 887 656 950 λώσεως
684 884 780 939 καὶ
815 884 909 939 τδν
952 882 1213 955 ἀληθείας
1244 879 1393 934 λίθον
1423 878 1626 947 τίμιον.
1671 872 1785 929 Καὶ
1836 872 1887 924 οἱ
1929 870 2026 942 μὲν

435 978 646 1033 δώδεκα
694 977 839 1032 λίθοι
877 976 1028 1047 λόγοι
1072 975 1180 1029 εἰσὶ
1218 972 1328 1028 τῶν
1366 969 1501 1025 υἱῶν
1556 965 1807 1039 Ἰσραὴλ,
1842 964 1901 1018 ὲν
1945 956 2028 1026 οἷς

436 1069 606 1135 λίθοις
634 1069 935 1143 θεωρήσεις
960 1069 1030 1125 τὰ
1052 1065 1219 1138 νοητὰ
1253 1064 1387 1131 ξύλα
1416 1061 1508 1117 τοῦ
1535 1058 1865 1133 παραδείσω
1882 1073 1896 1089 ’
1933 1054 2027 1109 καὶ

433 1158 498 1215 τὸ
523 1160 624 1233 μὲν
657 1160 815 1229 ξύλον
846 1162 946 1233 τῆς
980 1159 1149 1230 ζωῆς,
1177 1158 1207 1212 ὃ
1235 1158 1265 1212 ὀ
1287 1155 1633 1228 ηησάμενος
1656 1148 2026 1223 τυρωθήσεται

436 1250 535 1324 τὴν
562 1251 805 1325 κεφαλὴν
829 1252 908 1323 τῷ
928 1251 1235 1323 ἁγιάσματι
1251 1247 1479 1319 Κυρίου.
1518 1245 1615 1299 Ἐκ
1638 1241 1748 1297 τῶν
1773 1238 2026 1295 τοιούτων

437 1342 613 1411 ἁγίων
653 1343 818 1398 λίθων
858 1344 1281 1415 συνεστήκεισαν
1311 1341 1369 1394 αἱ
1420 1338 1585 1392 πύλαι
1614 1336 1713 1408 τῆς
1758 1335 2026 1405 Ἰερουσα-

437 1434 575 1507 λὴμ,
606 1436 700 1490 καὶ
722 1436 869 1490 πᾶσα
899 1438 932 1508 ἡ
975 1435 1358 1508 Ἰερουσαλήμ·
1395 1432 1490 1496 οὓς
1521 1430 1729 1493 πάντας
1758 1425 2026 1483 ὲνδεδύκει

438 1528 470 1579 ὁ
503 1525 686 1597 ἄρχων
718 1526 898 1598 Τύρου
944 1525 1098 1592 ποτὲ,
1137 1527 1199 1579 ού
1233 1524 1419 1588 πόνοις
1453 1522 1623 1588 ἰδίοις,
1652 1519 1789 1573 ἀλλὰ
1818 1516 2023 1589 χάριτι,

438 1617 517 1683 ὡς
564 1621 595 1672 ό
637 1617 795 1687 λόγος
854 1616 1231 1691 Ἰερουσαλὴμ,
1276 1616 1371 1670 καὶ
1414 1615 1491 1678 ὡς
1525 1613 1703 1685 ἱερεὺς
1735 1610 1830 1664 τοῦ
1868 1607 2020 1663 Θεοῦ.

450 1702 592 1757 Ἀλλ’
625 1705 692 1758 ὲκ
718 1703 924 1759 τούτων
954 1705 1211 1759 ἁπάντων
1249 1703 1561 1767 πέπτωκεν,
1606 1699 1777 1754 εἰπὼν
1806 1699 1863 1754 ὲν
1888 1716 2026 1771 καρ-

438 1789 556 1863 δίᾳ·
593 1791 724 1845 Ὅτι
755 1793 899 1859 Θεός
916 1795 1034 1864 εὶμι
1052 1809 1066 1823 ·
1100 1792 1404 1858 κατοικίας
1432 1790 1579 1846 Θεοῦ
1607 1787 1925 1855 κατῴκηκα
1953 1787 2025 1841 ἐν

2130 605 2229 646 nec
2255 604 2351 644 eos
2376 587 2517 657 ignis
2566 585 2706 641 valet
2743 594 3087 639 consumere.
3128 575 3535 649 Supcrzediﬂcat
3581 591 3711 631 vero
3747 622 3751 626 .

2125 682 2241 737 suis
2265 678 2529 744 humeris,
2558 676 2609 732 id
2633 688 2718 733 est
2745 673 3046 730 laboribus.
3076 667 3172 725 llis
3199 666 3469 739 lapidibus
3494 669 3589 739 qui
3613 683 3714 739 po-

2126 774 2281 839 titur,
2317 772 2458 827 inter
2487 770 2609 827 illos
2650 766 2891 823 medium
2929 776 3093 834 supra
3121 770 3312 832 pectus
3361 758 3526 814 habet
3585 773 3708 829 pre-

2128 865 2326 921 tiosum
2353 860 2585 934 lapidem
2612 855 3072 917 manifestationis
3102 862 3157 909 et
3183 849 3448 908 veritatis.
3473 850 3552 905 Ac
3572 851 3709 905 duc-

2125 955 2301 1012 decim
2323 954 2542 1025 quidem
2574 951 2804 1023 lapides,
2834 946 3077 1004 rationes
3099 953 3227 1001 sunt
3259 941 3495 1017 liliorum
3520 940 3687 999 Israel

2128 1047 2182 1102 in
2234 1046 2436 1118 quibus
2487 1043 2763 1115 lapidibus
2810 1035 3187 1096 considerabis
3241 1032 3382 1107 ligna
3445 1032 3711 1105 spiritalia

2127 1138 2387 1209 paradisi,
2410 1152 2474 1194 ae
2501 1136 2707 1208 lignum
2734 1132 2956 1204 quidem
2992 1129 3149 1196 vitae,
3197 1127 3342 1200 quod
3388 1127 3481 1198 qui
3517 1136 3713 1183 nactus

2128 1229 2310 1295 fuerit,
2331 1239 2493 1300 caput
2517 1226 2864 1298 coagulatum
2891 1221 3113 1278 habebit
3141 1218 3570 1276 sanctiﬁcatione
3598 1216 3709 1273 Do-

2126 1321 2263 1377 mini
2292 1321 2333 1376 ².
2367 1318 2444 1373 Ex
2475 1319 2562 1374 his
2594 1315 2797 1373 sanctis
2830 1312 3104 1384 lapidibus
3135 1321 3391 1367 constant
3421 1319 3589 1381 porta:
3620 1305 3712 1363 Je-

2126 1412 2389 1476 rusalem,
2409 1410 2635 1481 ipsaque
2656 1415 2768 1463 tota
2789 1403 3113 1460 Jerusalem.
3143 1399 3238 1457 llis
3260 1401 3518 1456 omnibus
3539 1414 3712 1471 quon-

2126 1504 2251 1560 dam
2281 1501 2651 1559 eircumdatus
2678 1506 2796 1555 erat
2817 1498 3072 1568 princeps
3108 1492 3261 1567 Tyri,
3288 1509 3396 1549 non
3432 1493 3711 1548 laboribus

2126 1594 2380 1667 propriis,
2414 1590 2508 1650 sed
2537 1589 2746 1663 gratia,
2801 1596 3061 1660 tanquam
3098 1585 3238 1639 ratio
3276 1582 3576 1641 Jerusalem
3598 1623 3614 1648 ,
3655 1591 3712 1637 et

2125 1696 2385 1758 tanquam
2414 1683 2669 1742 sacerdos
2696 1681 2812 1737 Dei.
2851 1678 3052 1735 Verum
3075 1693 3142 1733 ex
3176 1677 3263 1734 his
3285 1678 3539 1734 omnibus
3562 1675 3712 1732 exci-

2125 1781 2223 1847 dit,
2254 1795 2380 1835 cum
2409 1776 2548 1834 dixit
2579 1775 2633 1830 in
2667 1772 2830 1830 corde
2866 1787 2966 1828 suo
2996 1772 3018 1803 ³
3045 1789 3059 1826 ι
3092 1770 3233 1838 Quia
3269 1771 3409 1827 Deus
3431 1787 3568 1825 sum.
3604 1768 3710 1823 lla-

440 1858 653 1951 κάρδιᾳ
677 1858 1018 1955 θαλάσσης.
1051 1885 1266 1958 Καρδία
1303 1884 1420 1939 ἐστὶ
1452 1882 1727 1954 θαλάσσης
1754 1882 1804 1936 οί
1841 1880 2027 1952 βαθεῖς

2130 1871 2404 1925 bitationes
2452 1868 2551 1922 Dei
2588 1865 2821 1920 Itabitavi
2869 1865 2922 1918 in
2960 1864 3116 1919 corde
3160 1864 3348 1919 maris.
3396 1863 3507 1918 Cor
3541 1861 3710 1918 maris

440 1972 588 2042 λόγοι
631 1973 739 2028 τῶν
772 1974 1007 2046 βαθέων,
1040 1976 1110 2030 τὰ
1155 1974 1403 2030 ὲσώτατα
1453 1974 1561 2028 τῶν
1603 1972 1918 2028 ὲσωτάτωνθ
1964 1971 2026 2037 ἐξ

438 2056 507 2137 ἦς
539 2065 767 2136 καρδίας
798 2065 1125 2122 καταπεσὼν
1149 2068 1183 2121 ὁ
1209 2066 1305 2119 ἐπὶ
1342 2064 1520 2136 τούτῳ
1561 2063 1822 2136 ἐπαρθεὶς
1860 2077 2027 2117 κατε-

440 2154 615 2228 ϐλήθη
658 2155 739 2219 είς
773 2154 944 2227 αὐτὴν
981 2155 1083 2228 τὴν
1126 2155 1400 2210 Θάλασσαν
1429 2152 1529 2225 τὴν
1578 2151 1865 2224 αἰσθητήν.
1913 2153 2027 2206 Καὶ

437 2245 599 2300 τοῦτο
622 2245 680 2300 δὲ
710 2244 981 2317 πάσχουσι
1014 2247 1109 2301 καὶ¹
1133 2247 1183 2300 οἱ
1211 2244 1488 2317 ἄνθρωποι
1526 2243 1577 2298 οἱ
1604 2244 1698 2298 ἐπὶ
1727 2245 1840 2307 τοῖς
1878 2242 2027 2309 ἰδίοις

439 2339 626 2403 πόνοις
665 2339 1043 2411 ἐπαιρόμενοι.

513 2431 598 2485 Σὺ
641 2428 1115 2501 ἀποσφράγισμα
1152 2427 1508 2500 ὁμοιώσεως.
1557 2425 1810 2499 ’Δλήθεια
1855 2443 2029 2499 σφρα-

440 2521 527 2589 γίς
548 2521 666 2575 ἐστι
692 2523 785 2575 καὶ
811 2520 1074 2591 στέφανος
1097 2518 1347 2583 κάλλους.
1388 2519 1446 2572 '0
1469 2519 1533 2572 ὲν
1555 2517 1729 2591 ταύτῃ
1755 2518 1831 2571 ὣν
1864 2535 2027 2571 ποιω-

440 2610 665 2682 θήσεται
693 2612 753 2665 ἐν
783 2610 953 2682 αὐτῇ·
990 2610 1085 2664 καὶ¹
1122 2610 1179 2663 οι
1209 2608 1489 2680 δεχόμενοι
1521 2606 1622 2680 τὴν
1654 2605 1912 2679 ἀλήθειαν
1945 2606 2029 2676 γί-

440 2716 625 2753 νονται
661 2701 719 2753 ὲν
747 2701 910 2773 αὐτῇ.

513 2790 619 2845 Διὰ
646 2790 710 2845 τὸ
740 2790 972 2859 πλῆθος
1005 2789 1126 2845 τῶν
1153 2789 1458 2861 ἁμαρτιῶν
1492 2802 1609 2844 σου
1637 2788 1737 2842 ἐπὶ
1768 2787 1883 2857 τήν
1914 2782 2033 2857 γῆν

443 2880 660 2950 septimi
700 2897 795 2936 σε.
848 2881 944 2936 Ἐκ
983 2881 1093 2936 τῶν
1133 2880 1378 2955 οὐρανῶν
1412 2881 1619 2953 ,ἐρρίφη
1653 2882 1682 2934 ό
1715 2879 1893 2951 ριφεὶς
1937 2880 2031 2933 ἐπὶ

440 2972 541 3042 τὴν
578 2971 711 3043 γῆν·
747 2965 823 3027 ὧν
852 2972 931 3042 τῷ
961 2972 1323 3044 ὑποδείγματι
1357 2973 1459 3026 καὶ
1478 2970 1553 3042 τῇ
1576 2971 1704 3043 σκιᾷ
1741 2969 2031 3042 ὲλάτρευον

437 3061 488 3114 oi
517 3063 574 3115 ὲν
606 3065 679 3133 τῇ
709 3066 883 3135 σκηνῇ
917 3062 1291 3134 λατρεύοντες.

510 3155 809 3224 Στήρισον
833 3157 899 3211 τὸ
927 3156 1253 3225 πρόσωπόν
1282 3168 1422 3210 σου.
1471 3155 1536 3208 Ἥ
1564 3154 1683 3208 θεία
1715 3153 1929 3225 Γραφὴ,
1961 3152 2028 3207 τὰ
2055 3188 2098 3246 c

438 3244 567 3303 καθ’
589 3249 739 3319 ἡμᾶς
763 3248 892 3312 τοὺς
922 3246 1244 3320 ἀνθρώπους
1269 3247 1536 3319 γενόμενα
1565 3244 1873 3318 ίστοροῦσα,
1902 3261 2028 3299 παι-

436 3338 582 3394 δεύει
602 3340 752 3411 qui;
796 3340 855 3392 ὲν
880 3340 994 3403 τοῖς
1019 3337 1142 3392 καθ’
1169 3339 1338 3411 ἡμᾶς,
1364 3336 1460 3390 καὶ
1489 3334 1677 3406 ὁδηγεῖ
1695 3334 1753 3388 δὲ
1775 3332 1867 3388 τὸν
1894 3336 2028 3388 ἀκο-

438 3428 736 3485 λουθοῦντα
765 3431 831 3484 ὲκ
864 3429 973 3485 τῶν
1002 3428 1129 3485 καθ’
1173 3430 1345 3502 ἡμᾶς,
1390 3428 1485 3483 καὶ
1513 3428 1727 3497 ἀνάγει,
1757 3427 1853 3481 καὶ
1890 3425 2027 3480 ὐπο-

438 3519 712 3575 δείκνυσιν
761 3522 828 3575 ὲκ
875 3519 986 3574 τῶν
1028 3518 1305 3591 αἰσθητῶν
1345 3517 1419 3572 τὰ
1457 3516 1645 3589 νοητά.
1678 3516 1792 3572 Καὶ
1818 3517 1885 3570 ὲκ
1918 3514 2028 3570 τῶν

443 3609 572 3681 παρ’
616 3612 751 3682 ἡμῖν
798 3610 1113 3682 γενομένων
1147 3610 1494 3664 ὑποδείκνυσι
1533 3608 1614 3680 τῷ
1649 3610 1921 3680 πνεύματι
1959 3607 2031 3663 τὰ

441 3698 707 3770 γενόμενα
738 3700 798 3752 ὲν
826 3700 941 3763 τοῖς
983 3699 1091 3771 πρὸ
1120 3697 1279 3771 ἡμῶν
1297 3715 1313 3729 ·
1345 3700 1458 3763 τοῖς
1485 3697 1592 3763 ἔξω
1621 3697 1824 3769 σαρκὸς
1859 3696 2024 3766 λέγω.

440 3789 600 3846 Μετὰ
628 3789 738 3862 γὰρ
769 3789 865 3845 τοῦ
918 3789 1065 3862 ἔχειν
1112 3787 1215 3861 τὴν
1259 3787 1501 3860 ἱστορίαν
1545 3787 1639 3841 τὸν
1684 3786 1816 3841 ῑδιον
1846 3787 2026 3857 λόγον,

439 3877 554 3936 οἷον
582 3882 675 3936 τὸν
712 3884 843 3956 παρ’
884 3885 1020 3955 ἡμῖν
1048 3884 1162 3948 τοῖς
1207 3879 1520 3953 ἀνθρώποις
1559 3878 1871 3951 γενόμενον,
1911 3878 2025 3950 ἔχει

443 3976 540 4030 καὶ
567 3973 666 4048 τὴν
694 3973 987 4048 ἀναγωγὴν
1017 3972 1349 4045 κατάλληλον
1377 3973 1436 4028 ὲν
1458 3972 1572 4035 τοῖς
1600 3969 1709 4042 πρὸ
1737 3969 1918 4042 ἡμῶν.

1110 4233 1228 4288 ΕΦ.
1287 4232 1420 4287 KO'.
1652 4243 1661 4251 '

526 4331 678 4402 Ἐγὼ
704 4328 804 4384 ἐπὶ
824 4327 921 4394 σὲ,
949 4234 1180 4395 diarum,
1203 4323 1470 4390 ,ϐασιλεῦ
1489 4323 1810 4392 Αίγύπτου.
1837 4321 1894 4376 '0
1928 4320 2028 4393 μὲν

687 4418 761 4495 ἦν
808 4421 906 4492 μὲν
952 4418 1160 4491 ἀληθὴς
1198 4417 1485 4490 ἄνθρωπος
1531 4415 1779 4487 βασιλεὺς
1823 4413 2028 4486 ταύτης

2125 1959 2408 2032 profunda:
2440 1967 2570 2014 sunt
2598 1954 2997 2027 profundorum
3036 1953 3298 2019 rationes,
3331 1952 3712 2008 intimissimo—

2126 2065 2250 2106 rum
2278 2046 2648 2104 intimissima.
2679 2043 2757 2099 Ex
2785 2044 2891 2098 hoe
2924 2042 3089 2098 corde
3117 2041 3375 2097 decidens
3414 2041 3508 2112 qui
3555 2041 3610 2095 in
3643 2055 3710 2096 co

2126 2140 2302 2196 elatus
2324 2147 2429 2202 est,
2452 2135 2730 2208 proiectus
2760 2140 2846 2190 est
2875 2132 2928 2187 in
2958 2130 3137 2202 ipsum
3170 2145 3322 2186 mare
3347 2131 3494 2201 quod
3524 2130 3714 2193 subest

2129 2231 2399 2290 sensibus.
2429 2227 2599 2299 quue
2628 2227 2797 2283 etiam
2826 2224 2933 2281 illis
2970 2221 3292 2280 hominibus
3341 2221 3577 2290 accidit,
3614 2221 3711 2292 qui

2128 2324 2196 2381 de
2219 2322 2335 2379 suis
2360 2316 2641 2377 laboribus
2670 2316 2991 2389 gloriantur.

2201 2414 2281 2470 Tu
2304 2410 2635 2484 signaculum
2657 2407 3024 2465 similitudinis
3056 2404 3099 2460 ⁸.
3132 2400 3342 2462 Veritas
3368 2402 3761 2475 signaculum...

2129 2511 2215 2560 est
2236 2511 2289 2559 et
2314 2516 2518 2557 corona
2534 2498 2768 2556 decoris.
2799 2497 2856 2552 ln
2878 2513 2940 2553 ea
2961 2498 3053 2570 qui
3078 2506 3347 2564 versatur,
3374 2495 3464 2551 illa
3491 2494 3706 2552 imbue-

2131 2603 2240 2664 tur,
2264 2603 2319 2650 et
2349 2591 2445 2664 qui
2474 2591 2756 2647 veritatem
2782 2589 3072 2661 recipiunt,
3097 2592 3152 2644 in
3177 2603 3245 2646 ea
3274 2594 3425 2645 sunt.

2201 2768 2367 2841 436
2398 2765 2626 2837 Propter
2649 2765 3042 2821 multitudinem
3067 2773 3403 2835 peccatorum
3430 2738 3712 2817 worn-min

2134 2867 2330 2915 terram
2351 2858 2550 2929 proieci
2573 2866 2621 2911 te
2643 2858 2688 2911 ⁸.
2723 2855 2765 2910 Ε
2790 2856 2930 2912 οωιο
2958 2856 3234 2926 proiectus
3262 2862 3348 2911 est
3391 2854 3485 2925 qui
3530 2857 3712 2927 proje-

2130 2959 2251 3006 ctus
2286 2959 2371 3007 est
2420 2948 2477 3005 in
2513 2958 2713 3004 terram
2745 2965 2759 3002 :
2806 2962 3040 3018 quorum
3080 2946 3378 3017 exemplari
3411 2955 3466 3003 et
3504 2946 3717 3003 umbra

2132 3042 2442 3098 serviebant
2474 3041 2516 3108 ⁸,
2551 3039 2645 3110 qui
2678 3041 2733 3095 in
2765 3038 3120 3094 tabernaculo
3148 3038 3478 3095 serviebant.

2210 3133 2451 3205 Obﬁrma
2473 3133 2661 3203 faciem
2689 3140 2833 3185 tuam
2866 3137 2909 3185 ⁷.
2936 3129 3131 3185 Divina
3158 3130 3437 3199 Scriptura
3473 3130 3603 3185 dum
3647 3144 3719 3186 ea

2132 3239 2320 3283 narrat
2348 3240 2470 3296 quae
2501 3224 2660 3281 nobis
2692 3223 3012 3280 hominibus
3041 3221 3319 3288 eveniunt,
3352 3221 3573 3277 instruit
3606 3236 3711 3278 nos

2127 3320 2295 3375 rebus
2322 3317 2549 3383 nostris,
2580 3324 2742 3387 atque
2777 3331 2907 3372 cum
2948 3314 3043 3386 qui
3073 3328 3134 3370 se
3180 3314 3434 3372 comitem
3482 3314 3710 3384 praebet,

2127 3410 2279 3466 ducit
2307 3424 2370 3464 ex
2395 3406 2502 3464 illis
2522 3422 2588 3463 ac
2610 3405 2883 3472 subvehit,
2913 3419 3211 3461 necnowex
3226 3402 3715 3474 sensibitibusspi-

2127 3502 2309 3560 ritalia
2359 3507 2776 3557 commonstrat.
2829 3496 3091 3568 Denique-
3125 3510 3194 3551 ex
3235 3495 3345 3551 illis
3385 3510 3510 3566 qua:
3550 3494 3711 3551 nobis

2127 3594 2473 3665 contingunt,
2500 3591 2739 3647 ostendit
2764 3604 2894 3660 quae
2912 3586 3486 3659 spiritu~eontigerunt
3513 3586 3581 3642 iis
3614 3586 3711 3657 qui

2128 3694 2255 3742 ante
2277 3701 2377 3741 nos
2407 3684 2648 3750 fuerunt,
2681 3682 2750 3737 de
2780 3679 2889 3736 illis
2924 3679 3121 3751 loquor
3153 3679 3269 3749 qui.
3292 3685 3446 3734 extra
3486 3692 3707 3732 carnem

2127 3787 2304 3834 erant.
2336 3776 2704 3845 Posteaquam
2727 3771 2873 3829 enim
2900 3771 3126 3826 historia
3149 3769 3423 3841 propriam
3443 3769 3706 3824 rationem

2130 3868 2293 3923 habet
2321 3864 2651 3939 (cuiusmodi
2675 3870 2760 3919 est
2783 3861 2929 3932 quod
2959 3860 3102 3932 apud
3132 3874 3234 3916 nos
3262 3861 3513 3916 homines
3540 3867 3706 3929 atque

2128 3960 2371 4016 humano
2409 3968 2561 4012 more
2599 3964 2810 4025 gestum
2851 3952 3012 4023 est),
3073 3952 3488 4007 convenientem
3539 3951 3721 4007 etiam.

2128 4049 2427 4121 spiritalem
2469 4058 2692 4104 sensum
2729 4043 2894 4100 habet
2929 4043 2986 4098 in
3022 4042 3090 4100 iis
3127 4043 3223 4114 qui
3253 4051 3382 4098 ante
3414 4057 3513 4100 nos
3538 4041 3723 4099 exstis

2127 4146 2333 4195 terunt.

2727 4224 2881 4283 CAP.
2910 4221 3107 4281 XXIX.

2201 4319 2335 4375 Ecce
2356 4335 2450 4391 ego
2475 4333 2634 4389 super
2656 4327 2726 4384 te,
2755 4317 2991 4385 Pharao,
3026 4332 3121 4373 rea:
3163 4316 3386 4389 .Egypti
3426 4317 3466 4371 ³.
3496 4316 3715 4371 Pharao

2129 4411 2348 4481 quidem
2375 4424 2538 4465 verus
2561 4409 2729 4464 homo
2766 4417 2886 4464 erat
2921 4406 3088 4479 hujus
3121 4406 3340 4481 Egypti
3368 4448 3383 4473 ,
3434 4423 3557 4479 quae
3590 4407 3712 4463 Nilo

442 4518 541 4588 τῆς
571 4514 870 4586 Αἰγύπτου,
901 4512 1000 4583 τῆς
1026 4510 1178 4583 παρὰ
1209 4511 1302 4564 τὸν
1329 4509 1518 4563 Νεῖλον
1550 4508 1792 4579 ποταμόν
1817 4525 1830 4538 ·
1871 4510 1901 4562 ὁ
1933 4508 2028 4561 καὶ

2132 4502 2298 4560 ﬂuvio
2326 4502 2558 4574 adiacet,
2587 4516 2706 4568 rex,
2737 4501 2832 4574 qui
2860 4510 2914 4557 ct
2943 4501 3220 4558 lsraclitas
3257 4511 3387 4556 tunc
3417 4500 3709 4572 aﬂligebat,

443 4609 568 4673 τοὺς
585 4607 739 4670 υἱοὺς
779 4602 997 4677 Ἰσραὴλ
1020 4602 1142 4656 τότε
1169 4601 1386 4666 θλίϐων,
1415 4602 1511 4655 καὶ
1539 4599 1610 4654 τὰ
1640 4599 1813 4673 βρέφη
1848 4598 2028 4654 αὐτῶν

445 4699 657 4767 πνίγων
672 4715 686 4728 ο
711 4697 895 4767 ἐπεῖχε
921 4694 978 4748 δὲ
998 4694 1155 4764 λόγον
1180 4692 1274 4748 τοῦ
1295 4692 1542 4747 διαϐόλου
1564 4709 1578 4722 ”
1607 4693 1702 4745 καὶ
1723 4692 1950 4755 ἕκαστος
1970 4691 2031 4746 δὲ

443 4788 697 4861 βασιλεὺς
730 4786 1110 4860 ἱστορούμενος
1153 4787 1335 4856 ὅμοιος
1378 4784 1583 4855 τούτῳ,
1618 4782 1762 4847 τινὸς
1791 4781 2028 4837 διαϐολι-

441 4881 548 4953 κῆς
586 4881 683 4935 καὶ
728 4877 1102 4949 ἁποστατικῆς
1143 4876 1424 4947 δυνάμεως
1463 4875 1651 4947 ἐπέχει
1694 4873 1871 4943 λόγον.
1916 4874 2030 4928 Καὶ

440 4973 601 5029 τοῦτο
617 4973 769 5046 δηλοῖ
794 4975 878 5039 τὸ,
920 4970 1075 5027 Ἰδοὺ
1100 4968 1216 5040 ἐγὼ
1233 4969 1333 5023 ἐπὶ
1362 4968 1438 5023 σὲ
1458 4967 1566 5023 τὸν
1592 4967 1891 5036 δράκοντα
1918 4966 2026 5021 τὸν

386 5043 400 5133 ξ
438 5063 651 5136 μέγαν,
672 5043 789 5118 ’τὸν
814 5060 1223 5132 ἐγκαθήμενον
1252 5059 1322 5113 ἐν
1348 5058 1518 5130 μέσῳ
1549 5055 1628 5122 τῷ
1655 5054 1899 5126 ποταμῷ
1926 5056 2022 5110 Αι-

392 5142 395 5143 r
443 5156 671 5225 γύπτου,
702 5156 799 5209 καὶ
825 5153 895 5207 τὰ
919 5152 1067 5224 ἑξῆς.
1099 5150 1284 5206 Ταῦτα
1304 5150 1363 5204 δὲ
1391 5150 1493 5204 οὐκ
1514 5148 1626 5221 ἔχει
1646 5147 1804 5216 λόγον
1833 5147 2024 5216 αἰσθη-

441 5247 552 5312 τῶς
596 5248 684 5302 ὲπ’
714 5243 1003 5318 ἀνθρώπου
1042 5241 1315 5314 λέγεσθαι.

517 5338 631 5394 Τὸν
661 5338 949 5407 λέγονταο
994 5337 1157 5406 Ἐμοί
1185 5337 1344 5390 εἰσιν
1368 5337 1421 5389 οὶ
1454 5332 1728 5403 ποταμοί.
1760 5332 1835 5386 Ού
1865 5333 2026 5404 μόνον

441 5429 612 5500 λέγει,
636 5432 700 5483 Ol
728 5426 980 5497 ποταμοὶ
999 5426 1130 5496 ἐμοί
1152 5428 1291 5491 εἱσι,
1319 5423 1482 5496 κάγὼ
1502 5424 1760 5490 ἐποίησα
1781 5422 2023 5488 αὐτοὺς,

443 5515 581 5571 ἀλλὰ
615 5516 711 5571 καὶ
741 5514 944 5587 Κύριον
978 5514 1317 5585 ὲγκαθῆσθαι
1360 5515 1417 5567 ὲν
1460 5514 1608 5585 μέσῳ
1642 5510 1898 5581 ποταμῶν
1931 5513 2028 5566 αὺ-

443 5609 559 5664 τοῦ
603 5609 800 5675 οἵτινές
854 5613 990 5665 εἰσιν
1023 5610 1088 5662 ἐκ
1122 5607 1326 5671 κοιλίας
1366 5607 1476 5662 τῶν
1523 5604 1891 5660 συλλαϐόντων
1930 5604 2027 5658 αύ-

517 5727 536 5756 ¹
556 5725 760 5781 Thren.
790 5743 864 5791 tv,
894 5727 946 5779 7.
1054 5724 1074 5756 ³
1100 5723 1296 5778 Ezech.
1333 5737 1528 5789 xxvul,
1552 5722 1605 5776 2.
1715 5719 1737 5753 "
1769 5719 1902 5778 ibid.
1931 5719 2019 5777 12.

452 5792 480 5826 ⁸
503 5794 704 5851 Ezeeb.
733 5796 922 5865 xtx,5.
1000 5793 1019 5827 ’
1045 5794 1180 5851 ibid.
1227 5792 1270 5825 ¹⁰
1294 5793 1429 5855 ibid.

2130 4603 2187 4651 et
2214 4607 2405 4649 eorum
2451 4590 2689 4648 infantes
2721 4590 3019 4649 suﬂ‘ocabat
3047 4630 3064 4657 ,
3110 4591 3208 4646 sed
3248 4587 3447 4645 diaboli
3483 4588 3713 4659 ﬁguram

2132 4687 2376 4758 gerebat,
2408 4701 2474 4740 ac
2501 4684 2755 4756 quisquis
2787 4699 2884 4740 rex
2913 4685 2964 4741 ei
2994 4683 3191 4740 similis
3217 4691 3492 4749 narratur,
3522 4681 3714 4736 diabo-

2132 4779 2251 4834 licae
2282 4776 2570 4848 cujusdam
2619 4785 2786 4847 atque
2833 4775 3149 4847 apostatieae
3196 4776 3484 4846 potestatis
3524 4783 3711 4845 typum

2133 4867 2370 4939 praefert.
2422 4869 2590 4939 [dque
2636 4868 2877 4923 declarat
2922 4866 3056 4921 illud
3098 4865 3120 4897 ⁸
3154 4883 3168 4920 :
3204 4865 3339 4920 Ecce
3358 4883 3451 4937 ego
3483 4882 3639 4936 super
3668 4875 3716 4920 te

2131 4960 2412 5013 draconem
2436 4974 2707 5030 magnum,
2728 4958 2991 5012 sedentem
3014 4957 3071 5009 in
3096 4954 3268 5009 medio
3290 4954 3440 5025 ﬂuvii
3469 4955 3713 5028 Egypti,

2131 5060 2187 5106 et
2217 5066 2339 5122 quae
2368 5059 2691 5122 sequuntur.
2725 5047 2885 5105 Nulla
2910 5058 3093 5106 autem
3125 5054 3267 5108 ratio
3295 5059 3400 5118 est,
3421 5066 3518 5107 cur
3534 5049 3600 5105 ad
3626 5049 3715 5103 lit-

2134 5152 2302 5201 teram
2330 5144 2446 5200 haec
2468 5144 2536 5200 de
2562 5141 2784 5199 homine
2807 5142 3080 5199 dicantur.

2204 5319 2309 5386 Qui
2330 5320 2486 5387 dicis,
2522 5318 2650 5373 mihi
2678 5327 2801 5373 sunt
2827 5318 3054 5388 ﬂumina
3082 5320 3147 5374 ¹⁰.
3185 5319 3303 5374 Non
3328 5317 3505 5373 solum
3532 5314 3665 5369 dicit
3697 5356 3711 5369 .

2135 5411 2268 5465 Mihi
2306 5420 2428 5466 sunt
2475 5410 2719 5479 ﬂumina,
2755 5418 2805 5464 et
2826 5427 2918 5481 ego
2950 5410 3053 5481 feci
3092 5411 3209 5477 illa,
3238 5409 3332 5464 sed
3355 5406 3717 5462 ctDominum

2134 5502 2323 5559 sedere
2347 5502 2401 5555 in
2449 5501 2630 5556 medio
2682 5500 2967 5555 ﬂuminum
3014 5501 3133 5571 ejus
3170 5519 3183 5554 :
3217 5514 3339 5568 quae
3389 5497 3614 5552 ﬂumina
3649 5495 3718 5551 de

2135 5606 2322 5654 ventre
2348 5612 2538 5653 eorum
2571 5595 2665 5666 qui
2693 5601 3061 5664 conceperunt
3088 5592 3199 5657 illa,
3224 5592 3418 5656 ﬂuunt,
3444 5585 3716 5658 loquendo

2134 5721 2153 5751 ⁵
2180 5717 2309 5775 ibid.
2345 5716 2428 5772 17.
2549 5712 2750 5769 ’llebr.
2782 5727 2902 5780 rm,
2943 5710 2995 5767 5.
3109 5710 3128 5743 ⁷
3162 5706 3359 5763 Ezecb.
3387 5718 3578 5772 xxvut,
3618 5698 3704 5759 2!.
