4094 6290
374 398 480 454 8‘25

1703 387 2013 444 SELECTA
2050 387 2117 442 IN
2156 386 2355 443 OSEE.

3540 382 3643 435 823

383 512 692 588 μοχθηρόν;
721 508 856 565 Θεοῦ
896 506 992 563 καὶ
1028 507 1191 579 μόνου
1225 508 1528 580 παρασχεῖν
1553 508 1645 560 τὸν
1670 508 1800 580 περὶ
1830 507 1965 560 πάν-

2086 506 2162 561 )εί
2195 506 2367 562 solius
2388 511 2473 560 est
2501 519 2685 560 veram
2719 502 2967 560 onmium
3000 499 3213 557 tradere
3242 498 3532 554 rationem.
3560 494 3644 550 Tu

381 621 492 659 των
532 602 706 674 ἀληθῆ
737 601 915 669 λόγον.
950 598 1222 671 Ἐρευνῶν
1252 599 1346 653 τὸν
1368 599 1687 670 ἐγκείμενον
1725 597 1854 652 νοῦν
1888 601 1959 669 τῇ

382 696 597 768 Γραφῇ,
627 694 765 747 αἴτει
795 692 947 765 παρά
979 690 1116 745 Θεοῦ
1145 690 1449 761 φωτισμόν.

468 787 599 842 Ἀπὸ
627 784 960 855 Μαγδωλσῦ
991 783 1103 848 ἓως
1139 780 1381 849 Συήνης
1413 782 1677 851 μαχαίρᾳ
1703 781 1965 835 πεσοῦν-

385 895 496 933 ται.
527 875 802 945 Μαγδωλά
827 877 973 929 ἐστιν
998 876 1142 946 ἀρχὴ
1173 876 1272 946 τῆς
1308 874 1583 943 Αἰγύπτου
1621 875 1716 926 ἐπὶ
1743 874 1812 926 τά
1841 866 1963 926 ὧδε·

386 971 558 1040 Συήνη
587 968 644 1020 δὲ
669 969 704 1038 ἢ
733 966 939 1038 ἐσχάτη
971 966 1075 1037 τῆς
1115 967 1414 1036 Αἰγύπτου,
1451 966 1677 1036 πλησίον
1705 965 1834 1018 εὐθὺ
1859 963 1969 1018 τῶν

383 1059 675 1114 Αίῦιόπων.
727 1060 790 1112 Οἱ
841 1057 1135 1127 Αἰγύπτιοι
1180 1058 1238 1112 δὲ
1288 1057 1557 1129 σύμϐολόν
1606 1058 1712 1110 εἰσι
1756 1055 1866 1109 τῶν
1911 1058 1969 1110 ἐν

384 1149 682 1220 ἁμαρτίαις
722 1147 982 1219 βιούντων
1014 1145 1338 1217 ἀνθρώπων.
1369 1145 1647 1216 Αἴγυπτος
1674 1145 1733 1199 δέ
1766 1144 1970 1216 κόσμος

383 1241 531 1293 ἐστὶν
573 1240 602 1292 ὁ
640 1241 700 1293 ἐν
745 1238 824 1308 τῷ
858 1236 1075 1309 πονηρῷ
1106 1238 1380 1308 κείμενος,
1424 1238 1456 1308 ἣ
1496 1237 1828 1299 κατάστασις
1871 1236 1970 1305 τῆς

385 1330 606 1393 κακίας.
640 1330 816 1400 Συήνη
848 1328 906 1381 δὲ
940 1327 1033 1381 καὶ
1062 1327 1338 1396 Μαγδωλά
1359 1327 1485 1399 ὄριά
1519 1329 1635 1380 ἐστι
1677 1328 1775 1397 τῆς
1806 1325 1973 1391 Αίγύ-

387 1438 549 1474 vitreo.
579 1422 642 1474 Οἱ
680 1422 737 1473 ἐν
765 1420 942 1490 Συήνῃ
976 1414 1069 1473 οὖν
1093 1412 1240 1472 οὗτοί
1264 1421 1400 1473 εἰσιν
1426 1421 1474 1472 οἱ
1506 1420 1564 1473 ἐν
1584 1422 1647 1491 τῇ
1689 1420 1828 1490 ἀρχῇ
1872 1418 1971 1488 τῆς

387 1510 588 1573 κακίας
622 1508 774 1572 ὄντες
808 1508 1106 1580 ἄνθρωποι,
1149 1510 1313 1562 οἱονεὶ
1343 1511 1401 1562 ἐν
1447 1513 1512 1581 τῇ
1554 1509 1743 1580 εἰσόδῳ
1777 1509 1968 1580 αὐτῆς.

390 1602 535 1673 Πλὴν
570 1605 716 1672 ὅμως
756 1600 966 1665 πάντας
994 1602 1124 1666 τοὺς
1162 1601 1494 1670 Αἰγυπτίους
1531 1603 1615 1655 δεῖ
1643 1602 1972 1671 κολασθῆναι

389 1693 498 1747 ἀπὸ
524 1692 618 1746 τοῦ
660 1691 876 1762 πρώτου
919 1692 1025 1756 ἓως
1070 1693 1320 1764 ἐσχάτου.
1350 1694 1558 1757 Πάντες
1601 1695 1650 1746 οἱ
1697 1691 1974 1757 οἰκοῦντες

389 1783 683 1853 Αἴγυπτον,
721 1782 921 1854 μᾶλλον
958 1782 1015 1837 δὲ
1042 1783 1213 1849 ὄντες,
1250 1784 1676 1857 κολασθήσονται
1712 1784 1771 1837 ἐν
1811 1784 1972 1855 αὐτῇ.

407 1971 3005 2006 W

2067 596 2159 666 qui
2191 610 2414 650 sensum
2444 594 2709 649 scrutaris
2732 596 2786 648 in
2819 592 3105 661 Scriptura
3135 588 3499 650 reconditum,
3524 592 3646 655 pete

2068 701 2099 740 a
2128 685 2238 740 Deo
2270 693 2330 738 ut
2358 685 2700 741 illumineris.

2138 776 2183 830 A
2223 774 2471 846 Magdolo
2497 792 2659 846 usque
2679 775 2748 829 ad
2770 773 2989 844 Syenen:
3004 768 3184 837 gladio
3197 771 3383 826 cadent
3415 771 3481 824 ”.
3500 766 3649 836 Mag-

2068 867 2227 923 dolus
2266 866 2487 938 Egypti
2514 866 2839 937 principium
2868 872 2953 919 εει
2979 865 3124 919 circa
3156 878 3285 927 nos;
3314 861 3489 933 Syene
3520 876 3646 915 vero

2071 956 2287 1027 Egypti
2308 972 2432 1026 pars
2450 966 2713 1020 extrema,
2738 970 2907 1026 prope
2926 964 2980 1011 et
3004 966 3151 1010 recta
3177 952 3481 1021 Ᾰὶιιιίορεε.
3506 951 3651 1007 Sunt

2071 1058 2250 1104 autem
2266 1047 2509 1120 Egyptii
2522 1049 2691 1119 ﬁgura
2706 1047 2986 1102 hominum
3002 1049 3097 1118 qui
3112 1048 3164 1102 in
3182 1047 3418 1116 peccatis
3434 1047 3646 1101 vivunt.

2073 1140 2342 1213 Egyptus
2381 1141 2509 1196 item
2562 1141 2801 1195 mundus
2835 1139 2926 1194 ille
2954 1148 3039 1195 est
3065 1140 3159 1209 qui
3191 1140 3244 1193 in
3280 1138 3517 1209 maligno
3548 1154 3648 1208 po-

2072 1235 2211 1289 situs
2239 1242 2342 1300 est,
2378 1234 2462 1287 vel
2488 1241 2574 1287 est
2603 1232 2823 1286 malitia:
2850 1232 3090 1287 habitus.
3124 1232 3299 1304 Syene
3342 1241 3392 1286 et
3435 1230 3654 1302 Magdo-

2074 1326 2160 1381 lus
2214 1325 2347 1380 lines
2390 1324 2610 1395 ngypti
2647 1333 2796 1378 sunt.
2847 1321 2951 1388 Qui
2994 1323 3158 1393 igitur
3188 1325 3241 1375 in
3285 1321 3462 1393 Syene
3500 1330 3648 1384 sunt,

2073 1416 2323 1472 homines
2339 1425 2470 1471 sunt
2497 1417 2553 1479 in
2582 1414 2846 1485 principio
2877 1415 3119 1481 malitiae,
3141 1415 3307 1469 veluti
3340 1413 3394 1468 in
3426 1413 3651 1467 introitu

2072 1507 2193 1576 ejus
2242 1507 2543 1564 constituti.
2582 1507 2854 1562 Caeterum
2900 1521 3127 1561 necesse
3173 1517 3258 1561 est
3298 1514 3359 1560 ut
3411 1503 3653 1576 Egyplii

2072 1615 2262 1655 omnes
2288 1601 2586 1668 puniantur
2620 1614 2649 1653 a
2683 1598 2858 1668 primo
2891 1598 2958 1652 ad
2994 1597 3268 1652 ultimum.
3312 1595 3516 1651 Omnes
3559 1596 3655 1665 qui

2075 1691 2368 1762 [Egyptum
2406 1692 2614 1756 colunt,
2640 1689 2717 1744 vel
2748 1689 2934 1758 potius
2964 1687 3234 1759 {Egyptus
3280 1694 3451 1753 sunt,
3500 1686 3554 1740 in
3591 1700 3657 1740 ca

2076 1784 2389 1853 punientur.

3162 1971 3634 1998 ...φ-..-Ξ

1746 2137 2368 2231 MONITUM.

464 2460 630 2533 438
650 2459 906 2516 Eusebius
927 2458 1067 2516 Hist.
1088 2461 1284 2533 eccles.
1302 2460 1397 2515 lib.
1421 2477 1494 2533 vi,
1517 2476 1632 2530 cap.
1659 2460 1838 2533 '56,ait
1857 2478 1908 2514 se
1927 2461 2315 2533 expositionum
2339 2458 2581 2533 Origenis
2594 2458 2947 2533 induodecim
2963 2458 3246 2533 prophetas
3263 2458 3665 2533 minoresquin-

432 2528 510 2585 αἱ
526 2528 791 2585 duntaxat
816 2544 865 2585 et
897 2533 1082 2601 viginti
1105 2532 1268 2585 libros
1294 2532 1547 2600 reperisse
1580 2528 1737 2598 Equaz
1768 2528 2015 2600 loquendi
2044 2532 2184 2584 ratio
2214 2532 2389 2599 plures
2414 2529 2586 2601 adhuc
2616 2528 2680 2580 ab
2716 2528 2940 2597 Origene
2965 2530 3134 2582 editos
3166 2529 3332 2601 [uisse
3360 2528 3663 2601 suspicltmli

422 2605 573 2654 o'cum
621 2601 841 2669 praebet.
876 2598 1107 2671 Propria
1144 2618 1302 2654 manu
1343 2598 1429 2654 eos
1463 2602 1812 2669 descripserat
1834 2598 2158 2670 Pamphilus
2199 2598 2426 2668 martyr,
2454 2598 2605 2667 cujus
2629 2601 2898 2668 exemplar
2972 2609 3119 2650 ostea
3159 2598 3346 2652 incidit
3376 2599 3435 2652 in
3476 2615 3664 2653 manus

422 2670 734 2735 'lieronymi,
763 2681 820 2723 ut
844 2672 954 2735 ipse
982 2680 1208 2725 testatur
1233 2672 1291 2723 in
1318 2671 1598 2735 Catalogo,
1628 2687 1744 2735 cap.
1777 2670 1829 2724 7.
1856 2669 1904 2721 Ε
1929 2680 2003 2723 tot
2033 2669 2184 2723 libris
2231 2669 2444 2722 unicum
2464 2668 2618 2720 hodie
2654 2677 2883 2735 superest
2917 2614 3270 2735 ﬁagmentum
3299 2669 3435 2735 quod
3458 2669 3664 2723 exhibet

2943 2683 2968 2719 ν

401 2668 734 2741 Hieronymi,
763 2681 820 2723 ut
844 2672 954 2736 ipse
982 2668 1208 2725 testatur
1233 2672 1291 2723 in
1318 2671 1598 2741 Catalogo,
1628 2668 1744 2739 cap.
1777 2669 1904 2741 7._E
1929 2668 2003 2723 tot
2033 2669 2184 2741 libris
2231 2669 2444 2741 unicum
2464 2668 2618 2720 hodie
2652 2677 2883 2741 superest

2971 2677 3270 2737 agmeutum
3299 2669 3435 2736 quod
3458 2669 3666 2723 exhibet

398 2737 713 2809 Bliilocalia:
736 2751 891 2809 caput
916 2750 1156 2794 octavum
1181 2749 1435 2809 tanquam
1455 2737 1755 2807 excerptum
1776 2755 1802 2792 e
1819 2738 2212 2809 Commentario
2229 2739 2282 2791 in
2313 2737 2503 2809 Qseum
2529 2753 2547 2790 :
2573 2738 3294 2809 quiACommentariusttesle
3323 2737 3664 2809 Hieronymo,

398 2806 633 2880 Pro/ago
662 2811 719 2863 in
755 2805 905 2880 Osee)
934 2826 1093 2879 parvo
1116 2805 1390 2864 constabat
1423 2805 1622 2875 libello,
1665 2810 1749 2863 cui
1783 2808 1999 2862 titulum
2030 2809 2225 2879 fecerat
2266 2825 2280 2862 :
2311 2806 2493 2873 Quare
2525 2805 2826 2877 appellatur
2858 2808 2912 2860 in
2943 2805 3083 2861 Osee
3124 2807 3427 2876 Ephraiin?
3463 2805 3667 2862 et'alio

401 2876 663 2932 columine
685 2880 824 2950 quod
852 2876 900 2933 et
931 2876 1101 2950 capite
1125 2890 1172 2934 et
1197 2881 1301 2949 ﬁne
1327 2880 1562 2934 carebat.

408 3053 555 3069 —

898 3201 1155 3329 ΕΚ
1261 3201 1645 3329 ΤΩΝ
1756 3199 2056 3326 ΕΙΣ
2175 3194 2559 3331 ΤΟΝ
2671 3192 3156 3326 ΩΣΗΕ

1635 3423 2413 3523 ΕΞΗΓΗΤΙΚΩΝ.

1051 3790 1139 3903 Ε
1215 3781 2304 3903 COMMENTARIIS
2385 3784 2530 3899 IN
2616 3779 3011 3898 OSEE.

487 4148 708 4242 Ἐπειδῆ
746 4168 858 4244 (55)
899 4167 969 4221 τά
1003 4163 1371 4227 σολοικοειδῶς
1412 4161 1678 4234 εἰρημένα
1721 4158 1862 4213 κατά
1890 4158 1981 4228 τὴν.

2163 4153 2432 4221 Quoniam
2463 4165 2585 4220 quae
2631 4148 2687 4202 in
2742 4145 3042 4216 Seripturis
3091 4143 3388 4200 soloecismi
3442 4142 3673 4199 formam

407 4265 630 4336 Γραφὴν
662 4264 763 4316 ὅσα
793 4259 935 4314 κατά
969 4259 1068 4329 τὴν
1110 4255 1254 4321 λέξιν
1286 4253 1541 4325 συγχύνει
1584 4252 1674 4304 τὸν
1728 4247 1990 4319 ἐντυγχά-

408 4372 586 4419 νοντα,
622 4354 697 4418 ὡς
736 4353 980 4406 ὑπονοεῖν
1005 4351 1105 4403 οὐκ
1132 4347 1328 4420 ὀρθῶς,
1361 4345 1483 4399 οὐδὲ
1505 4340 1833 4406 ἀκολούθως,
1867 4339 1991 4393 οὐδέ

407 4445 481 4509 ὡς
524 4445 658 4516 ἔχει,
694 4442 1002 4514 γεγράφθαι
1033 4439 1105 4493 τά
1145 4439 1310 4509 ῥητά·
1348 4438 1424 4500 ὡς
1446 4435 1540 4489 καὶ
1575 4432 1778 4504 τολμᾷν
1812 4447 1987 4494 τινας,

410 4537 682 4607 προφάσει
739 4532 1097 4605 διορθώσεως,
1131 4527 1398 4595 ἀλλοιοῦν,
1465 4523 1850 4597 μετατιθέντας
1899 4522 1990 4575 τὸν

411 4627 728 4697 ἐγκείμενον
766 4623 991 4694 περὶτὰ
1024 4620 1286 4675 δοκοῦντα
1325 4615 1634 4678 ἀκολούθως
1678 4611 1990 4686 γεγράφθαι

414 4717 557 4791 ρητά
587 4716 742 4771 νοῦν⁸
774 4715 1088 4783 ἀναγκαίως
1123 4713 1216 4767 καὶ
1238 4712 1423 4766 ἐνθάδε
1454 4708 1550 4763 τοῦ
1585 4707 1771 4778 ὁμοίου
1815 4708 1991 4776 ἐμπε-

410 4811 618 4875 σόντος,
669 4808 794 4862 ὅσον
832 4807 975 4861 κατά
1022 4806 1120 4876 τὴν
1171 4804 1314 4868 λέξιν
1365 4803 1493 4873 περὶ
1542 4799 1612 4853 τὰ
1657 4797 1993 4869 προκείμενα

413 4899 572 4974 ῥητά,
622 4898 821 4971 ἴδωμεν
857 4897 949 4950 τὸν
980 4898 1039 4950 ὲν
1076 4896 1260 4957 αὐτοῖς
1301 4893 1614 4964 ἐγκείμενον
1658 4889 1801 4943 νοῦν.
1851 4887 1995 4958 Πλη-

411 4992 681 5055 θυντικῶς
729 4989 839 5061 γὰρ
887 4988 1078 5053 εἰπὼν,
1127 4989 1482 5040 Ἕκλαυσαν
1523 4981 1622 5036 καὶ
1655 4977 1996 5049 ἐδεήθησάν

404 5101 525 5154 μου
550 5102 563 5115 ·
592 5084 687 5138 καὶ
728 5082 889 5136 πάλιν
926 5077 1303 5151 πληθυντικῶς
1339 5076 1399 5128 τὸ
1426 5074 1553 5144 ἑξῆς
1584 5070 1850 5143 δηλώσας,
1894 5069 1996 5121 Ἐγ

412 5175 494 5240 τῷ
526 5175 671 5240 οῑκῳ
697 5172 804 5239 ὢν,
836 5166 1019 5241 εὗρόν
1042 5186 1139 5240 με,
1167 5169 1228 5221 τὸ
1250 5166 1374 5238 ἐξῆς
1397 5166 1490 5217 ἐπὶ
1515 5162 1693 5239 ἑνικοῦ
1726 5160 1995 5229 ἐπιφέρει,

412 5264 587 5332 λέγων
607 5279 622 5294 ·
655 5262 765 5318 Kal.
806 5260 936 5316 ἐκεῖ
952 5258 1222 5324 ἐλαλήθη
1260 5254 1410 5322 πρὸς
1430 5253 1636 5305 αὐτόν.
1664 5250 1745 5320 Τῇ
1773 5246 1882 5318 γὰρ
1909 5246 1996 5299 λέ-

414 5358 496 5424 ξει
527 5358 655 5428 ψιλῇ
689 5373 772 5419 τις
807 5354 991 5408 ἐνιδὼν
1026 5351 1167 5406 κατά
1204 5346 1411 5416 πλάνην
1449 5342 1621 5397 δοκῶν
1659 5337 1994 5410 γεγράφθαι,

414 5450 450 5521 ἢ
480 5452 576 5504 καὶ
596 5448 658 5503 τὸ
684 5448 994 5502 τελευταῖον
1021 5438 1396 5514 πληθυντικῶς
1422 5434 1621 5507 γράψει
1638 5449 1653 5463 ⁶
1677 5432 1711 5499 ἢ
1738 5430 1807 5483 τὰ
1828 5428 1997 5500 προά-

448 5564 494 5593 “
513 5560 709 5617 Ezech.
730 5558 924 5621 xxx,6.
993 5556 1040 5588 ”
1068 5552 1191 5610 Ose.
1224 5565 1324 5612 xu,
1351 5546 1408 5599 4.
1483 5542 1530 5573 ³⁸
1548 5539 1679 5595 ibid.
1754 5537 1818 5570 ’δ’
1850 5537 1982 5592 ibid.

2095 4247 2317 4309 habent,
2345 4242 2583 4298 dictione
2616 4240 2733 4309 ipsa
2780 4239 3041 4307 legentem
3075 4233 3436 4300 confundunt,
3485 4242 3545 4288 ut
3583 4252 3677 4289 sn-

2095 4336 2353 4406 spicetur,
2379 4347 2489 4386 non
2516 4339 2684 4396 recte,
2718 4342 2894 4397 neque
2924 4333 2983 4380 ut
3007 4339 3066 4379 se
3095 4323 3314 4389 habent,
3343 4323 3414 4376 ita
3445 4322 3677 4391 scriptas

2093 4442 2216 4483 esse
2261 4426 2474 4482 divinas
2529 4421 2737 4475 litteras
2785 4437 2799 4474 :
2853 4425 2913 4472 ut
2956 4423 3012 4470 et
3062 4415 3299 4469 audeant
3346 4414 3513 4483 aliqui
3559 4430 3676 4478 cas,

2094 4516 2489 4575 emendationis
2515 4521 2796 4583 praetextu,
2827 4510 3137 4573 immutare,
3156 4515 3209 4560 et
3231 4506 3675 4575 circumpositam

2095 4609 2184 4671 iis,
2208 4623 2330 4678 quae
2354 4601 2803 4660 consecutionem
2835 4600 3033 4655 habere
3056 4598 3329 4666 videntur,
3358 4598 3561 4663 verbis,
3595 4597 3678 4650 in-

2097 4698 2445 4768 telligentiam
2475 4702 2870 4765 transponere;
2914 4692 3056 4744 unde
3084 4704 3208 4744 cum
3240 4689 3330 4744 hic
3363 4689 3469 4743 tale
3513 4689 3677 4758 quill-

2095 4792 2240 4861 piam
2278 4788 2588 4843 necessario
2620 4786 2890 4849 inciderit,
2936 4788 3199 4851 quantum
3234 4796 3264 4835 e
3311 4780 3587 4835 locutione
3621 4780 3678 4835 in

2095 4879 2390 4951 propositis
2415 4878 2594 4932 verbis
2623 4876 2892 4944 conjicere
2923 4872 3088 4935 licet,
3139 4871 3393 4925 latentem
3439 4872 3494 4925 in
3545 4871 3679 4942 ipsis

2097 4973 2420 5027 sententiam
2448 4970 2747 5023 videamus.
2780 4965 2917 5021 Cum
2941 4964 3086 5019 enim
3109 4978 3338 5018 numero
3369 4962 3678 5017 multitudi-

2098 5064 2183 5118 nis
2207 5061 2405 5117 dixerit
2436 5079 2449 5114 :
2486 5060 2779 5123 Luxerunt,
2792 5065 2840 5110 et
2870 5064 3147 5110 oraverunt
3178 5072 3258 5108 me
3274 5055 3354 5119 ’³,
3382 5062 3437 5108 et
3457 5070 3676 5109 rursum

2098 5154 2289 5209 eodem
2328 5166 2555 5207 numero
2587 5164 2709 5220 quae
2742 5156 3044 5217 sequuntur
3090 5145 3410 5215 exposuerit
3462 5162 3476 5198 :
3528 5144 3679 5197 Domi

2101 5262 2217 5299 cum
2230 5261 2414 5311 essent,
2437 5245 2739 5297 invenerunt
2758 5255 2838 5292 me
2855 5238 2924 5306 ",
2943 5238 3150 5307 reliqua
3169 5237 3223 5290 in
3250 5249 3479 5290 numero
3502 5234 3681 5288 unita-

2102 5338 2170 5392 tis
2198 5335 2371 5399 ell'ert,
2396 5335 2585 5389 dicens
2611 5350 2625 5386 :
2646 5330 2714 5385 Et
2748 5330 2821 5384 ibi
2841 5329 3049 5382 locutus
3072 5335 3150 5381 est
3174 5325 3243 5379 ad
3264 5326 3436 5395 ipsum
3454 5322 3543 5376 “2
3568 5321 3679 5376 Nu-

2107 5429 2234 5486 dam
2260 5427 2557 5484 dictionem
2583 5424 2629 5481 si
2663 5423 2787 5494 quis
2815 5420 3133 5487 intuebitur,
3154 5433 3251 5489 per
3276 5431 3516 5472 errorem
3546 5415 3683 5469 scri-

490 5677 604 5743 (ἥδ)
652 5677 1014 5743 υεειιηιριιιιηΔ
1052 5680 1135 5743 εει
1181 5672 1286 5724 line
1329 5669 1695 5743 fragmentum
1719 5679 1779 5743 ἐξ
1815 5665 1991 5743 rapite
2013 5673 2204 5743 octavo
2229 5661 2565 5743 Pltilocaliaz,
2608 5658 2928 5743 ειιηῖυεειιάἶ
2966 5657 3131 5743 hunc“
3405 5645 3678 5743 turriti:

2229 5714 2861 5817 aii—.pqxovléxoiduglav
2905 5726 3042 5799 ρητά
3071 5725 3169 5796 τῆς
3198 5720 3445 5796 Γρσφῆς,
3469 5714 3685 5789 ἐπιχει.

425 5800 535 5885 pair
559 5800 921 5886 διορθᾶῦσθαι,
945 5810 1078 5864 πολὺ
1104 5813 1213 5875 τοῖς
1245 5800 1479 5864 συνιέναι
1501 5800 1815 5875 δυναμένοις
1837 5804 1895 5857 τὸ
1923 5800 2023 5874 τῆς
2044 5804 2281 5870 διανοίας
2312 5800 2603 5863 ἀκύλουοον
2640 5800 2905 5867 σώζοντα.
