4094 6290
423 385 534 442 8Ξῦ

1634 379 1946 437 SELECTA
1981 383 2049 438 IN
2083 381 2521 439 MATTHIEUM.

1426 645 2726 965 aia—@395

3583 381 3689 436 830

1870 1057 1962 1111 TA
1993 1057 2103 1110 ΕΙΣ
2133 1056 2216 1111 T0

758 1214 1225 1351 ΚΑΤΑ
1310 1215 2215 1355 ΜΑΤΘΑΙΟΝ
2287 1220 3346 1358 ΕΥΑΓΓΕΛΙΟΝ

1613 1449 2555 1577 ΕΞΗΓΗΤΙΚΑ.

846 1849 1758 2010 ORIGENIS
1873 1847 3266 2010 COMMENTARIA

653 2297 1582 2420 EVANGELIUM
1673 2293 2446 2412 SECUNDUM
2523 2291 3435 2409 MATTHIEUM.

1009 2643 1062 2750 Ε
1090 2687 1328 2752 τοΜο
1367 2688 1626 2752 PRIMO
1656 2688 2432 2752 COMMENTARIORUM
2465 2689 2548 2750 IN
2579 2685 3091 2748 MATTHIEUM.

1553 2851 1914 2929 lnterprete
1948 2849 2237 2913 Henrico
2279 2848 2566 2912 Valesio.

498 3012 587 3076 Ὠς
613 3011 688 3082 (l)
717 3012 774 3066 ὲν
805 3011 1102 3082 παραδόσει
1150 3011 1337 3082 μαθὼν
1383 3013 1521 3082 περὶ
1565 3011 1680 3066 τῶν.
1717 3013 1995 3082 τεσσάρων

2171 3012 2335 3084 440
2351 3010 2506 3067 Sicut
2524 3027 2586 3066 ex
2605 3011 2898 3067 traditione
2915 3011 3098 3081 accepi
3112 3011 3424 3082 dequatuor
3442 3009 3684 3081 Evange-

417 3101 783 3170 Εὗαγγελῐων,
845 3100 882 3154 ἃ
937 3102 1029 3154 καὶ¹
1073 3102 1210 3172 μόνα
1257 3102 1629 3175 ἁναντίρῤητά
1665 3104 1812 3157 ἐστιν
1847 3105 1906 3155 ἐν
1931 3105 1995 3175 τῇ

2103 3103 2212 3165 liis,
2239 3118 2370 3171 qua:
2387 3106 2502 3156 sola
2534 3103 2590 3155 in
2612 3102 2870 3156 universa
2897 3100 2999 3156 Dei.
3021 3100 3263 3157 Ecclesia
3285 3101 3522 3170 quaesub
3544 3100 3686 3158 ctBlo

415 3195 521 3248 ὑπὸ
551 3194 644 3248 τὸν
665 3193 894 3265 οὐρανὸν
957 3194 1255 3265 Ἐκκλησία
1303 3193 1396 3248 τοῦ
1449 3194 1604 3248 Θεοῦ·
1663 3196 1748 3249 ὅτι
1782 3195 2002 3267 πρῶτον

421 3286 518 3356 μὲν
559 3287 870 3359 γέγραπται
900 3285 962 3339 τδ
990 3285 1131 3339 κατὰ
1166 3285 1257 3340 τόν
1292 3303 1424 3340 ποτε
1475 3286 1736 3358 τελώνην,
1773 3287 2002 3359 ὕστερον

413 3375 471 3430 δὲ
503 3377 797 3430 ἀπόστολον
840 3376 1016 3446 Ἰησοῦ
1047 3375 1285 3448 Χριστοῦ
1338 3377 1637 3445 Ματθαῖον,
1662 3379 2000 3432 ἐκδεδωκότα

412 3466 545 3522 αὐτὸ
582 3470 693 3530 τοῖς
727 3467 836 3521 ἀπὸ
882 3465 1216 3537 Ἰουδαϊσμοῦ
1271 3467 1616 3533 πιστεύσασι,
1671 3469 2002 3540 γράμμασιν.

424 3555 732 3628 Ἑϐραϊκοῖς
758 3557 1208 3628 συντεταγμένον⁸
1233 3556 1486 3630 δεύτερον
1513 3559 1570 3612 δὲ
1595 3559 1658 3613 τὸ
1687 3558 1830 3612 κατὰ
1851 3559 2002 3630 Μάρ-

415 3664 530 3710 κον,
558 3647 632 3710 ὡς
665 3649 870 3721 Πέτρος
903 3649 1226 3721 ὑφηγήσατο
1252 3649 1424 3721 αὐτῷ,
1459 3652 1785 3722 ποιήσαντα,
1815 3651 1873 3704 ὃν
1894 3646 2002 3705 ’καὶ

413 3739 527 3792 υἱὸν
553 3741 611 3792 ὲν
637 3742 708 3810 τῇ
730 3741 991 3812 καθολικῇ
1022 3742 1308 3813 Ἐπιστολῇ
1339 3742 1428 3795 διὰ
1453 3743 1658 3796 τούτων
1677 3742 1997 3814 ὡμολόγησε

412 3830 656 3900 φάσκων·
689 3851 707 3882 ι
744 3833 1071 3897 Ἀσπάζεται
1111 3832 1257 3903 ὑμᾶς
1307 3834 1342 3902 ἠ
1404 3834 1462 3887 ἓν
1495 3832 1775 3886 Βαϐυλῶνι
1810 3850 2000 3886 συνεκ-

409 3919 597 3994 λεκτὴ,
630 3925 724 3978 καὶ
758 3925 987 3996 Μάρκος
1033 3925 1064 3978 ὁ
1099 3925 1216 3988 υἱός
1239 3941 1405 3994 μού-ι
1435 3926 1531 3978 καὶ
1553 3925 1736 3994 τριτον
1765 3925 1828 3978 τὸ
1856 3924 1998 3978 κατὰ

407 4013 645 4080 Δουκᾶν,
703 4017 763 4070 τὺ
797 4019 904 4072 ὑπὸ
953 4017 1168 4072 Παύλου
1202 4017 1592 4087 ἐπαινούμενον
1639 4018 1994 4088 Εὐαγγέλιον,

409 4107 523 4168 mi;
547 4107 787 4164 diuerti»:
812 4108 982 4164 ἐθνῶν
1016 4109 1377 4179 πεποιηκότα·
1411 4111 1509 4164 ὲπὶ-
1545 4111 1679 4164 πᾶσι
1732 4110 1792 4163 τὸ
1847 4110 1993 4165 κατὰ

423 4194 692 4271 Ἰωάννην.

2101 3202 2187 3248 est
2219 3194 2358 3247 citra
2390 3190 2824 3248 controversiam
2848 3192 3211 3247 admittuntur
3237 3210 3251 3246 :
3300 3193 3541 3262 primum
3575 3191 3684 3247 sci-

2100 3283 2230 3338 licet
2263 3282 2614 3353 Evangelium
2646 3283 2910 3354 scriptum
2969 3300 3091 3340 esse
3135 3300 3167 3338 a
3221 3282 3494 3351 Matthaco,
3533 3283 3687 3354 prius

2101 3374 2320 3445 quidem
2355 3374 2667 3444 publicano,
2699 3383 2886 3444 postea
2909 3389 3040 3430 vero
3092 3375 3340 3444 apostolo
3365 3373 3493 3430 Jesu
3519 3374 3683 3428 Chri-

2100 3468 2192 3533 sti,
2223 3466 2322 3536 qui
2343 3466 2474 3520 illud
2506 3465 2771 3520 Ilebraieo
2792 3480 3045 3520 sermone
3071 3465 3444 3534 conscriptum
3479 3462 3686 3521 Iudaeis

2101 3559 2168 3613 ad
2203 3559 2360 3612 Iidem
2392 3558 2674 3612 conversis
2703 3556 3021 3626 publicavit.
3050 3556 3362 3612 Secundum
3392 3554 3562 3608 fuisse
3593 3569 3685 3605 ae-

2100 3647 2349 3716 cepimus
2383 3646 2732 3716 Evangelium
2760 3645 2956 3709 Marci,
3009 3645 3126 3715 qui,
3159 3654 3322 3716 prout
3358 3643 3555 3698 Petrus
3579 3640 3685 3710 ipsi

2098 3746 2446 3809 exposuerat,
2480 3738 2534 3792 in
2569 3738 2779 3792 litteras
2809 3737 3014 3792 retulit.
3038 3737 3216 3806 Atque
3248 3736 3454 3790 idcirco
3486 3733 3687 3786 Petrus

2098 3831 2154 3886 in
2193 3829 2430 3900 Epistola
2462 3828 2733 3884 catholica
2760 3843 2886 3893 eum
2919 3828 3089 3882 lilium
3114 3843 3275 3882 suum
3310 3823 3556 3894 agnoscit
3596 3823 3684 3877 his

2096 3919 2279 3976 verbis
2317 3921 2330 3951 ¹
2361 3938 2375 3974 :
2439 3939 2458 3971 ι
2490 3918 2706 3974 Salutat
2732 3935 2832 3974 vos
2887 3919 3060 3974 electa
3099 3916 3192 3972 Dei
3233 3915 3509 3981 Ecclesia,
3557 3930 3684 3984 qua

2097 4011 2394 4083 Babylone,
2424 4020 2480 4066 et
2501 4010 2719 4066 Marcus
2751 4011 2897 4064 ﬁlius
2955 4024 3165 4065 meus.»
3220 4006 3464 4063 Tertium
3500 4006 3681 4060 Eran-

2099 4103 2305 4175 gelium
2343 4101 2525 4165 Lucae,
2550 4103 2695 4172 quod
2721 4119 2755 4158 a
2785 4100 2957 4156 Paulo
2985 4103 3420 4166 commendatur,
3460 4100 3516 4154 in
3556 4115 3682 4170 gra-

2099 4197 2230 4252 tiam
2311 4193 2595 4264 gentilium
2646 4193 3071 4263 conseriptum;
3150 4201 3488 4263 postremum
3547 4205 3683 4247 vero

2098 4288 2452 4361 Evangelium
2491 4285 2738 4341 Joannis.

892 4423 984 4484 Ex
1014 4421 1182 4484 libro
1240 4422 1450 4502 primo
1493 4423 1800 4503 Origenis
1850 4422 1930 4485 de
1989 4420 2341 4501 Evangelia
2373 4418 2736 4482 secundum
2771 4417 3163 4482 Matthaaum.

481 4565 540 4622 Si
567 4565 644 4640 (2)
678 4566 940 4624 Christus
958 4568 1118 4626 Jesus
1154 4589 1180 4622 «τ
1201 4585 1326 4626 cum
1375 4571 1428 4624 in
1467 4569 1644 4625 forma
1697 4570 1791 4626 Dei
1842 4579 1987 4626 esset
2022 4579 2062 4633 Β
2091 4576 2154 4622 ut
2179 4565 2336 4637 quasi
2377 4565 2470 4637 qui
2502 4575 2629 4621 ante
2649 4580 2756 4620 non
2791 4564 2973 4632 fuerit,
3003 4579 3127 4621 esse
3156 4564 3402 4636 coeperit,
3435 4562 3586 4620 sicut
3609 4563 3678 4619 de

407 4673 515 4714 non
549 4659 799 4728 rapinam
835 4660 1130 4718 arbitratus
1156 4671 1240 4717 est
1285 4677 1408 4716 esse
1457 4677 1516 4716 se
1543 4663 1806 4732 :nqualem
1850 4661 1992 4726 Deo,

407 4751 502 4806 Sed
533 4753 887 4822 semetipsum
918 4754 1218 4808 cxinanivit
1247 4753 1479 4808 formam
1510 4754 1656 4808 servi
1687 4753 1986 4823 accipiens,

405 4847 463 4896 et
491 4840 546 4894 in
567 4841 981 4897 similitudinem
1008 4841 1293 4897 hominum
1345 4841 1542 4908 factus,
1582 4842 1766 4896 habitu
1802 4857 1987 4911 reper-

407 4939 498 4987 tus
525 4940 586 4986 ut
615 4933 780 4988 homo
807 4943 911 4998 est,
973 4935 1270 4989 humiliaus
1314 4935 1578 5003 scipsum,
1626 4933 1806 4990 factus
1859 4935 1990 4989 obe-

2090 4659 2372 4714 nativitate
2395 4656 2676 4711 hominum
2709 4665 2968 4725 putatur:
3009 4656 3104 4712 sed
3150 4657 3244 4726 qui
3270 4656 3424 4726 prius
3444 4663 3584 4718 erat,
3615 4663 3677 4708 et

2090 4760 2209 4807 erat
2263 4751 2319 4805 in
2349 4749 2522 4803 forma
2583 4747 2696 4813 Dei,
2723 4751 2873 4805 venit
2926 4758 2986 4803 ut
3035 4749 3200 4804 etiam
3241 4747 3471 4804 formam
3533 4747 3674 4802 servi

2097 4843 2417 4912 susciperet.
2448 4841 2692 4912 Denique
2715 4843 2861 4913 quod
2907 4850 3096 4896 natum
3123 4850 3208 4897 est
3232 4855 3299 4896 ex
3328 4856 3514 4905 carne,
3545 4855 3676 4895 caro

2095 4943 2199 4998 est,
2231 4933 2444 5003 inquit;
2483 4934 2538 4988 id
2571 4942 2677 4998 est,
2708 4932 2856 5002 quod
2883 4941 3071 4987 natum
3123 4941 3206 4988 est
3236 4947 3302 4988 ex
3331 4947 3395 4988 ea
3441 4947 3563 5001 qua:
3586 4931 3673 4986 di-

408 5019 561 5076 diens
583 5038 756 5092 usque
780 5025 847 5079 ad
871 5033 1124 5090 mortem,
1174 5033 1402 5078 mortem
1433 5034 1620 5079 autem
1667 5025 1849 5080 crucis
1883 5028 1925 5092 ³,
1960 5043 1990 5077 ι-
2092 5024 2244 5080 xit':
2275 5045 2294 5076 ε
2328 5025 2465 5081 Ecce
2491 5025 2686 5080 ancilla
2712 5023 2946 5091 Domini,
2967 5025 3053 5078 tiat
3077 5025 3206 5079 mihi
3226 5024 3524 5082 secundum
3555 5037 3673 5077 ver-

408 5107 630 5166 dnbium
661 5129 772 5168 non
822 5123 908 5170 est
957 5115 1104 5185 quod
1137 5115 1390 5170 nativitas
1435 5117 1556 5185 ejus
1587 5131 1695 5170 non
1725 5126 1810 5171 est
1836 5117 1980 5182 talis,

480 5286 495 5316 ³
534 5285 554 5339 ι
584 5286 731 5342 Petr.
761 5303 826 5354 v,.
845 5287 932 5344 l3.

478 5466 554 5542 _(l)
597 5465 730 5542 Hoc
758 5467 1125 5542 fragmentum
1185 5469 1407 5526 exhibet
1459 5467 1725 5528 Eusebius
1763 5471 1856 5528 lib.
1904 5490 1977 5542 v1,

408 5535 555 5590 Hist.
619 5538 830 5605 ecclcs.,
848 5535 983 5610 'cap.
1015 5541 1104 5594 25.

1009 5291 1028 5320 ²
1049 5288 1284 5358 Philipp.
1302 5291 1425 5359 ",6,
1443 5295 1493 5363 7,
1533 5291 1587 5347 8.
1663 5291 1684 5322 ³
1704 5291 1837 5347 Luc.
1864 5309 1902 5361 ι,
1923 5294 2011 5350 '58.

2095 5118 2225 5175 bum
2253 5128 2425 5175 tuum.
2455 5139 2473 5172 ›
2491 5119 2616 5176 llaec
2630 5128 2712 5175 est
2727 5118 2905 5174 forma
2925 5119 3066 5175 servi
3079 5137 3199 5191 quae
3214 5122 3397 5193 utique
3413 5133 3546 5176 caro
3565 5126 3669 5174 est.

2162 5474 2236 5544 (ἓ)
2274 5475 2464 5549 Exstat
2493 5476 2606 5549 hoc
2629 5475 2991 5546 fragmentum
3022 5477 3076 5533 in
3109 5477 3368 5549 Apologia
3400 5476 3667 5547 Pamphili

2098 5547 2350 5617 martyris
2380 5563 2474 5616 pro
2511 5547 2755 5617 Origene.
