4094 6290
365 410 462 464 851

617 596 1743 628 __________________________.

1809 392 1897 449 EX
1935 391 2234 449 ORlGENE

1748 574 3482 609 ______________________.______.___..

1664 738 1760 792 ΕΚ
1804 735 1942 790 Tor
1989 735 2044 786 B'
2077 728 2315 803 TOMOY

1163 933 1391 1023 ΤΩΝ
1456 928 1627 1016 ΕΙΣ
1678 926 1828 1011 ΤΟ
1879 917 2179 1009 ΚΑΤΑ
2228 909 2814 1006 ΜΑΤΘΑΙΟΝ

1478 1130 1573 1192 El;
1608 1127 1697 1180 τό’
1732 1122 2021 1191 Μακάριοι
2062 1122 2118 1174 οι
2142 1115 2521 1203 εἰρηνοποιοί.

1965 1307 2045 1321 α*

571 1445 640 1537 Ε
713 1434 1263 1535 SECUNDO
1333 1429 1671 1525 TOMO
1751 1429 1879 1518 IN
1996 1418 2781 1517 EVANGELIUM
2855 1418 3433 1509 MATTHIEI

1648 1652 1727 1707 Ad
1762 1649 1890 1705 illud
1921 1668 1934 1704 :
1965 1647 2122 1702 Beati
2147 1645 2380 1717 paciﬁci.

460 2015 601 2072 lluic
626 2030 753 2071 vero
787 2023 1016 2084 utraque
1076 2011 1287 2067 ratione
1335 2010 1583 2081 paciﬁca,
1627 2011 1768 2066 nihil
1793 2020 1877 2067 est
1907 2011 1960 2066 in
1991 2056 2001 2075 ε

2135 2011 2324 2082 Τούτῳ
2342 2008 2417 2081 (5)
2434 2008 2492 2063 δὲ
2510 2008 2589 2080 τῷ
2609 2007 2882 2079 ἑκατέρως
2907 2004 3231 2079 εἰρηνοποιῷ
3256 2007 3407 2065 οὐδὲν
3435 2008 3494 2062 ἐν
3522 2009 3639 2076 τοῖς

387 2109 589 2163 divinis
641 2106 855 2174 litteris;
893 2121 1119 2176 pravum
1172 2120 1350 2173 neque
1395 2104 1688 2159 distortum
1724 2123 1736 2158 :
1777 2104 1964 2159 omnia

393 2199 538 2251 enim
567 2195 992 2266 intelligentibus
1014 2195 1173 2267 441
1205 2194 1274 2248 ob
1312 2193 1500 2248 oculos
1531 2202 1858 2260 versantur;
1913 2202 1966 2248 et

391 2285 522 2355 quia
550 2286 684 2339 nihil
714 2292 798 2339 est
822 2284 1132 2353 hujusmodi
1171 2283 1286 2336 viro
1313 2278 1594 2357 obliquum
1628 2290 1723 2338 aut
1757 2292 1967 2339 tortuo-

391 2391 536 2441 sum,
559 2383 844 2444 propterea
877 2374 1263 2429 abundantiam
1292 2374 1441 2443 pacis
1464 2373 1609 2428 videt
1638 2373 1691 2427 in
1717 2373 1965 2444 Scriptu-

394 2467 495 2533 ris,
525 2468 687 2520 etiam
720 2466 773 2519 in
806 2465 893 2519 his
922 2480 1043 2534 qua:
1088 2464 1342 2518 videnlur
1373 2465 1515 2517 inter
1562 2480 1620 2519 se
1661 2475 1968 2537 pugnantes

394 2564 448 2611 et
482 2557 786 2612 contrariae.
816 2554 912 2611 Est
965 2564 1145 2610 autem
1200 2563 1253 2609 et
1304 2554 1499 2608 tertius
1548 2554 1829 2623 paciﬁcus,
1872 2556 1967 2624 qui

397 2663 563 2718 quam
597 2647 690 2701 alii
731 2655 924 2715 putant
967 2660 1203 2716 pugnam
1252 2643 1682 2714 Scripturarnm,
1728 2660 1966 2715 pugnam

399 2755 508 2793 non
540 2754 661 2793 esse
693 2737 952 2802 ostendit,
976 2746 1030 2790 et
1058 2738 1251 2790 harum
1303 2751 1633 2792 consensum
1666 2752 1969 2808 pacemque

392 2827 632 2891 exhibet,
655 2834 899 2880 veterum
930 2824 1179 2878 videlicet
1211 2838 1334 2878 cum
1367 2825 1542 2888 novis,
1569 2825 1820 2894 legalium
1843 2842 1967 2882 cum

396 2916 765 2987 propluticis,
824 2915 1263 2985 evangelicarum
1330 2930 1453 2968 cum
1520 2916 1868 2984 apostolicis,
1916 2927 1972 2974 et

398 3008 819 3075 apostolirarum
891 3020 1017 3059 cum
1089 3005 1429 3075 apostolicis.
1492 3005 1704 3061 Etenim
1775 3023 1972 3064 omnes

392 3096 700 3164 Scriptura:
726 3096 1025 3152 secundum
1059 3094 1421 3151 Ecclesiasten
1473 3106 1601 3152 sunt
1640 3117 1658 3149 ι
1693 3114 1973 3154 sermones

401 3189 733 3258 sapientum,
770 3197 828 3243 ut
860 3188 1064 3242 stimuli
1119 3197 1173 3241 et
1199 3188 1335 3242 clavi
1384 3188 1566 3252 deﬁxi,
1599 3190 1692 3258 qui
1718 3190 1786 3243 de
1818 3206 1971 3245 com-

401 3287 563 3348 pacto
586 3278 697 3332 dati
734 3285 863 3332 sunt
899 3277 969 3331 ab
1015 3292 1127 3331 uno
1156 3285 1375 3346 pastore
1400 3277 1442 3341 δ,
1479 3298 1497 3330 ι
1529 3288 1583 3332 et
1607 3277 1743 3332 nihil
1777 3296 1965 3350 super--

400 3369 569 3425 [luunt
598 3385 661 3424 ex
699 3369 852 3439 ipsis.
886 3366 1041 3423 Unus
1067 3382 1247 3423 autem
1276 3378 1461 3439 pastor
1489 3385 1701 3434 eorum,
1732 3387 1854 3441 quae
1885 3387 1943 3426 ra
1967 3404 1972 3410 λ
2001 3345 2045 3400 Β

401 3458 536 3515 tioni
560 3466 889 3529 congruunt,
947 3458 1173 3512 verbum
1226 3467 1330 3525 est,
1385 3475 1506 3529 quae
1551 3460 1971 3530 discrepantiam

401 3550 602 3605 habere
625 3549 878 3603 videntur
903 3548 970 3604 iis
990 3549 1082 3618 qui
1114 3563 1273 3604 aures
1296 3564 1402 3603 non
1430 3550 1627 3604 habent
1659 3550 1726 3605 ad
1752 3552 2006 3606 audiem-

400 3640 556 3705 dum,
593 3654 649 3694 re
682 3650 861 3693 autem
893 3640 1132 3693 maxime
1154 3640 1520 3695 consentiunt.
1565 3640 1636 3696 Ut
1658 3642 1803 3698 enim
1831 3643 1976 3713 psal—

401 3730 524 3785 terii
552 3728 637 3785 vel
662 3729 884 3785 cithara:
908 3730 1059 3796 lides,
1080 3746 1311 3801 quarum
1335 3747 1675 3801 unaquaeque
1694 3735 1974 3804 proprium

402 3837 624 3886 sonum,
659 3829 713 3875 et
744 3820 839 3890 qui
868 3821 1092 3875 alterius
1135 3837 1273 3876 sono
1299 3821 1496 3878 similis
1540 3838 1661 3878 esse
1691 3839 1798 3878 non
1828 3826 1976 3881 vide-

402 3917 516 3971 tur,
541 3908 796 3972 absolvit,
831 3907 1089 3964 videntur
1119 3910 1391 3964 inerudito
1420 3919 1474 3965 et
1504 3913 1701 3968 musici
1740 3930 1977 3971 concen-

406 4007 498 4054 tus
531 3998 757 4053 minime
791 3999 985 4068 perito,
1015 4009 1233 4070 propter
1276 4000 1774 4059 dissimilitudinem
1807 4022 1975 4062 sono-

404 4106 525 4144 rum
552 4090 922 4160 discrepantes
948 4108 963 4156 ;
997 4092 1077 4146 sic
1098 4092 1191 4161 qui
1227 4092 1416 4146 audire
1445 4094 1696 4149 nesciunt
1728 4095 1974 4152 divinum

404 4180 461 4233 in
492 4181 664 4235 sacris
687 4178 986 4250 Scripturts
1006 4191 1356 4247 concentum,
1380 4197 1490 4237 non
1522 4184 1658 4240 bene
1684 4187 1978 4243 convenire

405 4271 556 4327 Novo
586 4271 937 4328 Testamento
968 4289 1091 4328 cum
1153 4273 1352 4341 Veteri,
1403 4283 1499 4330 aut
1536 4276 1639 4346 legi
1684 4293 1808 4332 cum
1844 4294 1975 4349 pro-

408 4364 609 4434 phetis,
640 4378 740 4418 nec
778 4362 1068 4433 Evangelia
1105 4363 1210 4418 sibi
1266 4373 1459 4419 mutuo
1505 4367 1830 4431 consentire,
1883 4377 1976 4423 aut

406 4454 728 4524 Apostolum
785 4452 1100 4521 Evangelio,
1145 4454 1230 4508 vel
1277 4455 1379 4509 sibi
1412 4455 1545 4524 ipsi,
1590 4458 1676 4511 vel
1715 4460 1977 4527 apostolis

406 4554 620 4615 putant.
650 4544 754 4600 Sed
780 4544 826 4599 si
857 4544 981 4614 quis
1032 4546 1324 4599 accesserit
1352 4546 1535 4601 divina
1564 4550 1770 4604 musica
1796 4552 1977 4605 erudi-

2048 2101 2230 2166 ’θείοις
2262 2100 2462 2170 λογίοις
2491 2099 2571 2153 ἐτι
2596 2100 2712 2152 ἐστὶ
2743 2097 2954 2152 σκολιὸν
3005 2097 3125 2150 οὐδὲ
3177 2096 3631 2168 πραγγαλιῶδεςο

2068 2194 2245 2247 πάντα
2277 2191 2386 2262 γὰρ
2433 2189 2639 2245 ἐνώπια
2666 2191 2779 2253 τοῖς
2810 2188 3010 2243 νοοῦσι.
3050 2187 3159 2241 Καὶ
3180 2188 3301 2240 ἐπεὶ
3331 2187 3493 2260 μηδέν
3520 2188 3635 2242 ἐστι

2066 2284 2292 2354 τοιούτῳ
2321 2282 2551 2347 σκολιὸν,
2580 2280 2715 2352 μηδὲ
2735 2277 3191 2351 στραγγαλιῶδες,
3208 2278 3295 2332 διὰ
3322 2278 3480 2332 τοῦτο
3505 2278 3640 2347 πλῆ-

2068 2374 2160 2438 θος
2186 2375 2407 2445 εἰρήνης
2437 2371 2621 2443 βλέπει
2654 2373 2711 2424 ἐν
2754 2369 2901 2432 ὅλαις
2935 2371 3053 2432 ταῖς
3103 2370 3368 2440 Γραφαῖς,
3397 2370 3493 2423 καὶ
3523 2372 3655 2432 ταῖς.

2067 2464 2349 2526 δοκούσαις
2370 2462 2648 2533 περιέχειν
2674 2461 2850 2531 μάχην
2878 2460 2972 2513 καὶ
2994 2458 3369 2531 ἐναντιώματα
3390 2460 3523 2531 πρὸς
3551 2459 3645 2512 ἀλ-

2067 2554 2255 2626 λήλας.
2286 2554 2502 2608 Γίνεται
2530 2551 2586 2604 δὲ
2611 2552 2704 2604 καὶ
2720 2551 2905 2623 τρίτος
2945 2551 3304 2622 είρηνοποιὸς,
3338 2552 3368 2603 6
3395 2550 3493 2622 τὴν
3548 2550 3643 2604 ἀλ-

2067 2645 2180 2710 λοις
2204 2638 2537 2715 φαινομένην
2562 2642 2743 2715 μάχην
2766 2640 2877 2694 τῶν
2903 2641 3137 2712 Γραφῶν
3161 2641 3482 2704 ἀποδεικνὺς
3506 2636 3645 2693 εἶναι

2069 2739 2131 2791 οὐ
2165 2739 2365 2808 μάχην,
2396 2737 2491 2790 καὶ
2543 2732 2810 2806 παριστὰς
2831 2733 2929 2804 τὴν
2972 2732 3293 2805 συμφωνίαν
3321 2734 3415 2787 καὶ⁵
3441 2733 3541 2804 τὴν
3572 2733 3647 2784 εἰ·

2075 2830 2241 2900 ρήνην
2270 2828 2496 2890 τούτων,
2522 2828 2639 2897 ἦτοι
2661 2824 2904 2879 παλαιῶν
2934 2826 3072 2899 πρὸς
3104 2825 3315 2889 καινάς,
3348 2824 3381 2894 ἢ
3409 2824 3649 2895 νομικίίν

2072 2919 2208 2990 πρὸς
2233 2915 2595 2990 πφφητικάς,
2628 2915 2661 2987 ἢ
2696 2914 3064 2984 εύαγγελικῶν
3095 2915 3233 2986 πρὸς
3264 2913 3646 2978 ἀποπολικάς,

2071 3007 2508 3081 ῆάποστολικῶν
2555 3007 2693 3078 πρὸς
2738 3006 3118 3070 ἀποστολικάς.
3165 3008 3277 3061 Καὶ
3331 3006 3440 3076 γάρ
3474 3004 3653 3059 πᾶσαί

2072 3092 2179 3154 εἰσι
2208 3100 2349 3153 κατὰ
2374 3099 2465 3153 τὸν
2510 3097 2940 3170 Ἑκκλησιαστὴν
2972 3099 3029 3151 αἱ
3052 3098 3291 3170 Γραφαί·
3319 3115 3338 3149 ι
3372 3096 3521 3165 λόγοι
3555 3113 3655 3150 σου

2074 3191 2192 3261 φῶν
2220 3191 2296 3255 ὡς
2343 3190 2646 3262 βούκεντρα
2673 3190 2768 3241 καὶ
2828 3188 2903 3252 ώς
2948 3185 3068 3260 ἦλοι
3126 3188 3542 3259 πεφυτευμένοι,
3596 3186 3647 3239 οἳ

2074 3279 2224 3351 παρὰ
2254 3279 2363 3333 τῶν
2392 3278 2747 3349 συνθεμάτων
2788 3276 3053 3346 ἐδόθησαν
3082 3278 3146 3331 ἐκ
3194 3277 3449 3348 ποιμένος
3475 3275 3657 3340 ἐνδς,ι‹

2073 3373 2170 3428 καὶ
2199 3371 2352 3424 οὐδὲν
2384 3368 2644 3440 περισσὸν
2677 3366 2735 3433 ἐξ
2761 3366 2958 3423 αὐτῶν.
2989 3362 3159 3431 Εἷςδὲ
3187 3365 3390 3437 ποιμὴν
3420 3366 3529 3419 τῶν
3559 3364 3653 3418 λο-

2073 3461 2245 3533 γικῶν
2277 3464 2307 3515 6
2332 3460 2510 3529 λόγος,
2536 3457 2694 3523 δόξαν
2731 3457 2827 3528 μὲν
2849 3457 3080 3528 ἐχόντων
3107 3457 3405 3527 διαφωνίας
3430 3458 3544 3520 τοῖς
3576 3456 3649 3527 μὴ

2074 3555 2289 3625 ἔχουσιν
2319 3546 2433 3605 ὦτα
2450 3552 2531 3613 είς
2560 3549 2622 3602 τὸ
2644 3547 2883 3612 ἀκούειν,
2929 3548 2992 3601 τὸ
3033 3547 3091 3602 δὲ
3138 3548 3338 3620 ἀληθὲς
3368 3547 3652 3618 συμφωνό-

2075 3660 2233 3696 τατα.
2272 3643 2360 3704 Ὠς
2377 3640 2486 3712 γὰρ
2505 3640 2561 3693 αἱ
2588 3639 2835 3708 διάφοροι
2859 3637 2952 3691 τοῦ
2976 3637 3274 3709 ψαλτηρίου
3309 3638 3342 3710 ἢ
3369 3638 3468 3709 τῆς
3494 3636 3651 3691 κιθά-

2078 3752 2176 3807 ρας
2206 3733 2414 3805 χορδαὶ,
2448 3726 2524 3786 ὧν
2558 3730 2763 3800 ἑκάστη
2798 3729 2927 3783 ἴδιόν
2963 3746 3085 3783 τινα
3148 3728 3384 3798 φθόγγον
3428 3730 3523 3784 καὶ
3569 3728 3654 3782 δον

2075 3824 2276 3880 κοῦντα
2300 3824 2373 3895 μὴ
2401 3823 2584 3893 ὅμοιον
2613 3816 2752 3874 εἶναι
2782 3819 2861 3891 τῷ
2895 3819 2997 3890 τῆς
3035 3818 3230 3889 ἐτέρας
3263 3820 3539 3883 ἀποτελεῖ,
3569 3835 3657 3872 νο-

2080 3917 2327 3989 μίζονται
2377 3914 2456 3985 τῷ
2510 3913 2737 3985 ἀμούσῳ
2784 3911 2882 3965 καὶ
2961 3911 3035 3983 μὴ
3099 3912 3444 3983 ἐπισταμένῳ
3497 3911 3653 3979 λόγον

2079 4007 2346 4081 μουσικῆς
2372 4006 2690 4077 συμφωνίας
2719 4004 2810 4057 διὰ
2840 4003 2940 4076 τὴν
2972 4002 3334 4075 ἀνομοιότητα
3354 4003 3465 4056 τῶν
3486 4003 3653 4072 φθόγ-

2074 4117 2187 4170 γων
2210 4099 2529 4170 ἀσύμφωνοι
2558 4096 2867 4167 τυγχάνειν·
2898 4095 3072 4161 οὕτως
3111 4098 3161 4150 οἱ
3194 4097 3268 4167 μὴ
3299 4096 3653 4167 ἐπιστάμενοι

2075 4188 2295 4244 ἀκούειν
2322 4189 2422 4260 τῆς
2451 4186 2545 4241 τοῦ
2578 4185 2714 4240 Θεοῦ
2744 4188 2803 4240 ἐν
2829 4187 2951 4248 ταῖς
2984 4186 3159 4256 ἱεραῖς
3211 4186 3457 4257 Γραφαίς
3484 4187 3655 4256 ἁρμο-

2075 4281 2213 4345 νίας,
2232 4278 2430 4334 οἴονται
2456 4277 2792 4349 ἀνάρμοστον
2806 4270 2946 4329 εἶναι
2968 4277 3035 4345 τῇ
3053 4276 3226 4346 Καινῇ
3252 4276 3349 4345 τὴν
3379 4274 3641 4339 Παλαιὰν,

2075 4373 2108 4445 ἦ
2131 4372 2208 4442 τῷ
2239 4371 2387 4441 νόμῳ
2402 4370 2528 4432 τοὺς
2561 4369 2865 4439 προφήτας,
2887 4367 2921 4438 ἢ
2947 4366 3015 4420 τά
3043 4365 3350 4434 Εὐαγγέλια
3376 4365 3649 4437 ἀλλήλοις,

2074 4463 2107 4534 ἢ
2129 4462 2219 4515 τὸν
2235 4458 2551 4513 Ἀπόστολον
2570 4457 2647 4528 τῷ
2670 4457 3006 4528 Εὐαγγελίῳ,
3030 4456 3062 4528 ἢ
3090 4455 3289 4526 ἐαυτῷ,
3318 4455 3352 4527 ἢ
3377 4457 3488 4519 τοῖς
3511 4457 3651 4510 ἀπο-

2076 4552 2302 4615 στόλοις.
2337 4550 2476 4603 Ἀλλ’
2511 4548 2680 4601 ἐλθὼν
2702 4550 2730 4602 6
2758 4546 3185 4619 πεπαιδευμένος
3242 4547 3343 4620 τὴν
3387 4546 3482 4601 τοῦ
3514 4546 3651 4601 Θεοῦ

408 4646 516 4701 tus,
547 4646 600 4690 ct
619 4652 676 4690 rc
705 4644 759 4689 et
781 4649 1032 4691 sermone
1059 4633 1297 4701 sapiens,
1329 4634 1560 4704 ideoque
1587 4639 1806 4706 quidam
1835 4640 1975 4694 alius

2081 4641 2362 4712 μουσικὴν,
2390 4639 2552 4709 σοφός
2573 4656 2658 4703 τις
2691 4640 2748 4692 ἐν
2774 4638 2955 4710 ἔργοις
2986 4641 3080 4694 καὶ
3123 4640 3303 4708 λόγοις
3351 4639 3652 4709 τυγχάνων,

411 4727 598 4793 David,
635 4727 727 4796 qui
767 4725 1055 4796 exponitur
1091 4733 1244 4792 aptus
1292 4732 1347 4778 et
1400 4724 1616 4778 idoneus
1659 4742 1841 4790 manu,
1878 4727 1975 4781 ab-

410 4818 582 4871 solvet
607 4833 800 4872 sonum
835 4816 1058 4872 musicae
1083 4814 1202 4882 Dei,
1233 4830 1356 4869 cum
1380 4815 1449 4869 ab
1474 4831 1537 4869 ea
1568 4816 1818 4871 didicerit
1876 4833 1975 4888 op-

413 4914 644 4978 portune
684 4909 901 4976 pulsare
936 4908 1067 4962 ﬁdes
1121 4906 1281 4961 modo
1329 4907 1483 4977 legis,
1522 4908 1684 4961 modo
1723 4923 1843 4977 qua:
1872 4909 1977 4965 illis

409 4994 710 5049 concinunt
741 4995 1101 5064 evangelicas,
1154 4994 1423 5049 interdum
1481 4996 1842 5064 propheticus,
1881 4998 1979 5052 ali-

410 5083 655 5155 quando,
682 5099 805 5139 cum
840 5085 892 5137 id
928 5085 1065 5139 ratio
1096 5086 1361 5153 exposcit,
1395 5101 1517 5155 quae
1550 5085 1683 5154 ipsis
1722 5087 1979 5142 accinunt

412 5176 761 5245 apostolicas,
793 5174 865 5229 ita
890 5182 943 5230 et
980 5177 1293 5245 apostolicis
1321 5177 1658 5246 evangelicas
1682 5179 1976 5232 concinen-

414 5277 516 5323 tes.
552 5265 730 5321 Unum
772 5268 915 5322 enim
946 5282 1067 5322 esse
1097 5268 1241 5322 novit
1271 5267 1568 5338 perfectum
1602 5276 1655 5321 et
1688 5277 1872 5337 aptum
1899 5269 1982 5321 in-

414 5369 773 5413 strumentum
806 5359 898 5413 Dei
937 5357 1271 5428 Seripturam
1308 5360 1639 5428 universam,
1668 5377 1789 5430 qua:
1819 5378 1982 5416 unam

414 5451 647 5505 absolvit
671 5467 737 5504 ex
781 5450 1013 5504 diversis
1059 5449 1227 5512 sonis,
1262 5450 1328 5504 iis
1380 5451 1473 5520 qui
1528 5451 1739 5505 discere
1770 5452 1981 5519 volunt,

417 5540 708 5593 salutarem
743 5557 952 5604 vocem,
986 5540 1093 5593 vim
1129 5556 1343 5594 omnem
1370 5542 1497 5595 mali
1530 5543 1756 5610 spiritus
1790 5542 1982 5597 sedan-

2079 4732 2174 4785 καὶ
2202 4732 2288 4784 διὰ
2309 4731 2464 4784 τοῦτο
2484 4730 2836 4802 χρηματίζων
2873 4730 2939 4787 ἂν
2971 4731 3154 4795 Δαυῒδ,
3187 4731 3247 4794 ὃς
3297 4729 3657 4803 ἑρμηνεύεται

2082 4822 2290 4889 ἱκανὸς
2319 4822 2492 4891 χειρὶ,
2540 4822 2855 4876 ἀποτελέσει
2908 4822 3142 4893 φθόγγον
3179 4824 3443 4894 μουσικῆς
3497 4821 3653 4886 Θεοῦ,

2083 4914 2192 4968 ἀπὸ
2212 4912 2413 4983 ταύτης
2448 4911 2634 4983 μαθὼν
2656 4914 2713 4965 ἐν
2741 4913 2916 4985 καιρῷ
2948 4914 3168 4985 κρούειν
3194 4913 3410 4985 χορδὰς,
3439 4912 3533 4965 νῦν
3558 4912 3656 4983 μὲν

2083 5002 2333 5074 νομικὰς,
2366 5002 2462 5056 νῦν
2494 5001 2552 5055 δέ
2582 5001 2906 5072 συμφώνους
2937 5005 3129 5066 αὐταῖς
3157 5002 3531 5072 εὐαγγελικάς’
3563 5002 3658 5056 καὶ

2083 5094 2199 5149 νυνὶ
2238 5094 2336 5166 μὲν
2373 5092 2741 5163 πῳφητικάς,
2775 5092 2865 5145 ὅτε
2908 5093 2966 5145 δὲ
3009 5092 3230 5162 εὔλογον
3267 5094 3505 5157 ἀπαιτεῖ,
3557 5091 3658 5154 τάς

2082 5178 2369 5257 ὁμοτόνους
2393 5185 2584 5249 αὑταῖς
2606 5184 2997 5249 -ἀποστολικάς,
3032 5184 3174 5238 οὔτω
3218 5185 3274 5237 δέ
3308 5185 3403 5239 καὶ
3428 5185 3659 5237 ἀποστο-

2087 5252 2243 5343 λικάς
2276 5277 2675 5347 εὐαγγελικαϊς.
2715 5279 2813 5331 Ἒν
2834 5279 2942 5348 γὰρ
2973 5277 3035 5330 τὸ
3062 5278 3265 5331 τέλειον
3289 5272 3396 5330 οἶδε
3429 5276 3524 5329 καὶ
3554 5252 3667 5347 ἡρ-ι

2092 5370 2357 5441 μοσμένον
2385 5369 2614 5439 ὄργανον
2658 5368 2751 5421 τοῦ
2785 5367 2919 5421 Θεοῦ
2979 5364 3119 5423 εἶναι
3152 5370 3329 5421 πᾶσαν
3361 5368 3460 5437 τὴν
3517 5356 3667 5437 Γραο’

2090 5459 2216 5529 φὴν,
2252 5457 2377 5528 μίαν
2401 5456 2696 5510 ἀποτελοῦν
2728 5458 2793 5510 ἐκ
2815 5457 3085 5529 διαφόρων
3114 5456 3363 5527 φθόγγων
3394 5458 3660 5530 σωτήριον

2088 5548 2200 5609 τοῖς
2231 5545 2519 5617 μανθάνειν
2560 5544 2802 5598 ἐθέλουσι
2851 5548 3055 5617 φωνην,
3108 5544 3522 5601 καταπαύουσαν
3565 5543 3660 5600 καὶ

487 5650 564 5719 (5)
595 5651 705 5707 [inc
732 5653 1088 5725 fragmentum
1116 5654 1333 5709 exhibet
1364 5655 1673 5709 Pliilocaliw
1715 5667 1871 5726 caput
1902 5667 2138 5713 sextum.

483 5782 506 5810 ⁸
539 5780 714 5837 Evt-lc.
748 5802 841 5850 xu,
881 5788 958 5838 ll.
