4094 6290
456 368 568 426 839
634 410 647 423 ι

1934 354 2261 412 ORIGENIS

3631 350 3741 416 Βία)

455 485 524 537 de
563 495 621 535 re
647 479 888 549 qualibet
924 475 1046 529 lacti
1081 487 1363 529 sermones
1400 472 1492 528 ﬁlii
1524 474 1676 545 regni
1722 473 1852 529 sint.
1900 473 2034 528 Dum

2155 473 2329 538 λείας,
2373 473 2450 536 ὡς
2496 468 2634 527 εἶναι
2687 472 2812 537 τοὺς
2865 472 2995 543 περὶ
3036 474 3267 528 ἑκάστου
3320 478 3493 545 ὑγιεῖς
3538 478 3741 547 λόγους

458 586 587 624 vero
629 569 900 623 dormiunt
953 565 988 619 ii
1031 565 1126 634 qui
1172 579 1279 617 non
1316 563 1593 618 facessunt
1619 564 1876 618 mandata
1908 563 2041 619 Jcsu

458 661 688 717 dicentis
716 661 757 691 ¹⁵
790 677 803 712 :
837 676 855 710 ι
912 656 1140 726 Vigilate
1170 666 1223 709 et
1255 666 1430 715 orate.
1463 664 1522 709 ut
1570 671 1678 710 non
1727 656 1941 710 intretis
1982 656 2041 711 in

460 755 835 815 tentatinnem,
889 768 908 801 ι
961 749 1128 821 ﬁ,“
1178 749 1431 803 diabolus
1459 750 1760 804 observans
1808 764 1872 803 ea
1921 764 2043 819 quae

459 843 664 898 zizania
713 839 1079 910 appellantur,
1112 853 1274 907 prava
1303 853 1501 906 nempe
1531 838 1784 902 consilia,
1821 850 2044 892 natura-

455 936 621 998 libus,
654 942 714 987 ut
761 931 983 1002 quidam
1032 939 1250 991 vocant,
1307 929 1754 999 cogitationibus,
1785 938 1840 985 et
1885 930 2044 986 bonis

458 1024 761 1079 seminibus
808 1037 837 1076 a
885 1020 1065 1075 Verbo
1118 1019 1402 1074 seminatis
1445 1021 1836 1090 superspargit.
1869 1021 2046 1077 ϐωιο-

460 1132 603 1182 rum,
638 1114 939 1170 secundum
969 1113 1023 1167 id
1054 1112 1201 1181 quod
1234 1112 1498 1177 diximus,
1523 1126 1652 1181 ager
1682 1113 1862 1167 omnis
1885 1128 2047 1166 mun-

459 1211 561 1265 dus
615 1208 722 1264 dici
771 1205 967 1277 possit,
1012 1220 1113 1259 nec
1157 1205 1273 1273 ipsa
1320 1204 1499 1259 solum
1537 1203 1629 1259 Dei
1675 1204 1955 1273 Ecclesia;
1988 1208 2042 1261 in

459 1310 578 1356 toto
606 1300 806 1369 quippe
841 1296 1050 1351 mundo
1093 1295 1266 1349 Filius
1310 1294 1550 1350 hominis
1599 1295 1804 1350 bonum
1859 1313 2047 1353 semen

460 1397 785 1460 seminavit;
824 1394 1003 1448 malus
1034 1406 1164 1447 vero
1211 1390 1443 1455 zizania,
1480 1406 1603 1459 qua:
1647 1391 1867 1460 quidem
1918 1402 2048 1448 sunt

459 1491 612 1561 pravi
640 1503 947 1552 sermones,
985 1484 1082 1538 ﬁlii
1113 1483 1237 1538 mali
1282 1498 1350 1537 ex
1381 1482 1622 1553 nequitia
1665 1484 1730 1536 ¹⁶.
1763 1481 2050 1553 Oportebit

457 1591 644 1638 autem
690 1579 807 1634 ﬁeri
860 1592 1095 1633 messem
1141 1576 1194 1630 in
1240 1575 1347 1629 line
1394 1590 1599 1639 rerum,
1632 1590 1798 1645 quam
1856 1586 2049 1632 vocant

465 1669 999 1728 consummationem
1025 1666 1232 1727 szeculi,
1260 1674 1319 1720 ut
1342 1665 1406 1719 ad
1436 1665 1491 1719 id
1522 1666 1767 1720 muneris
1791 1666 2047 1722 destinati

467 1761 647 1833 angeli
694 1759 812 1826 Dei,
864 1774 1027 1829 prava
1083 1758 1339 1829 d0gmata
1391 1759 1588 1813 animae
1621 1759 2049 1815 adlirercscentia

2145 566 2274 628 τοὺς
2320 565 2469 628 υἱοὺς
2513 564 2615 633 τῆς
2654 563 2952 634 βασιλείας.
2989 565 3363 635 Κοιμωμένων
3401 566 3460 620 δὲ
3504 568 3614 621 τῶν
3659 568 3741 641 μὴ

2142 655 2285 707 κατὰ
2315 655 2413 726 τὴν
2443 655 2666 726 ἐντολὴν
2693 656 2789 708 τοῦ
2821 655 2995 726 Ἰησοῦ
3018 656 3126 727 (20)
3156 656 3524 726 πραττόντων,
3546 660 3739 728 λέγον-

2140 763 2231 809 τος
2254 763 2266 775 ·
2311 765 2329 796 ‹
2377 747 2727 819 Γρηγορεῖτε,
2759 747 2852 800 καὶ
2884 747 3275 818 προσεύχεσθε,
3315 749 3404 802 ἵνα
3449 751 3524 821 μὴ
3555 752 3741 805 εἰσέλ-

2143 836 2271 907 θητε
2305 838 2385 901 εἰς
2416 839 2744 908 πειρασμὸν,
2789 856 2808 888 ι
2841 838 2870 891 6
2903 836 3146 900 διάϐολος
3175 838 3457 910 ἐπιτηρῶν
3485 842 3740 897 ἐπισπεί-

2146 945 2228 999 ρει
2282 929 2349 982 τὰ
2393 928 2705 999 καλούμενα
2753 928 3005 995 ζιζάνια,
3051 928 3120 983 τά
3173 931 3425 1001 μοχθηρὰ
3464 932 3737 1005 δόγματα,

2143 1022 2262 1085 ταῖς
2305 1021 2670 1093 καλουμέναις
2699 1021 2805 1074 ὑπὸ
2849 1038 3011 1077 τινων
3054 1026 3309 1091 φυσικαῖς
3346 1025 3595 1093 ἐννοίαις,
3637 1028 3741 1082 καὶ

2146 1112 2424 1186 σπέρμασι
2469 1114 2652 1176 καλοῖς
2679 1116 2792 1177 τοῖς
2821 1114 2929 1167 ἀπὸ
2955 1113 3049 1166 τοῦ
3072 1114 3270 1182 Λόγου.
3298 1114 3455 1169 Κατὰ
3486 1117 3542 1169 δὲ
3568 1119 3738 1172 τοῦτο

2144 1203 2315 1274 ἀγρὸς
2345 1204 2440 1256 καὶ
2475 1205 2503 1256 6
2532 1204 2736 1274 κόσμος
2774 1206 2882 1268 πᾶς
2921 1204 3132 1272 λέγοιτο
3174 1205 3262 1271 ἂν,
3289 1206 3383 1260 καὶ
3415 1204 3475 1260 οὗ
3510 1211 3669 1278 μόνον
3696 1210 3735 1280 ὴ

2159 1294 2456 1366 Ἐκκλησία
2483 1294 2577 1349 τοῦ
2608 1293 2744 1348 Θεοῦ
2764 1312 2778 1325 ·
2807 1297 2864 1350 ἐν
2890 1295 3007 1368 γάρ’
3026 1297 3188 1351 παντὶ
3215 1294 3406 1367 κόσμῳ
3429 1299 3459 1350 6
3482 1298 3577 1368 μὲν
3602 1299 3737 1364 Υἱὸς

2145 1386 2240 1439 τοῦ
2288 1384 2576 1456 ἀνθρώπου
2609 1385 2832 1456 ἔσπειρε
2862 1387 2922 1440 τὸ
2954 1386 3117 1440 καλὸν
3144 1386 3390 1458 σπέρμα,
3422 1389 3451 1441 6
3489 1388 3544 1442 δὲ
3574 1406 3737 1460 πονη-

2147 1486 2242 1558 ρὸς
2272 1484 2342 1538 τά
2368 1482 2602 1549 ζιζάνια,
2639 1482 2782 1558 άπερ
2810 1485 2945 1538 εἰσὶν
2976 1486 3026 1537 οἱ
3057 1482 3317 1555 μοχθηροὶ
3340 1483 3507 1554 λόγοι,
3539 1486 3591 1539 ci
3623 1484 3735 1539 ἀπὺ

2149 1578 2350 1640 κακίας
2396 1577 2502 1629 υἱοὶ
2553 1573 2648 1628 τοῦ
2696 1574 2955 1648 πονηροῦ.
3007 1579 3201 1648 Δεήσει
3245 1576 3303 1630 δὲ
3339 1576 3593 1646 γενέσθαι
3640 1579 3735 1632 ἐπὶ

2149 1648 2294 1721 τέλει
2319 1667 2427 1720 τῶν
2447 1667 2789 1739 πραγμάτων
2813 1667 2948 1738 (21),
2980 1667 3040 1730 ὃς
3061 1667 3307 1722 καλεῖται
3333 1668 3612 1722 συντέλεια
3638 1669 3737 1722 τοῦ

2151 1760 2366 1825 αἰῶνος,
2397 1759 2673 1831 θερισμὸν,
2707 1758 2793 1812 ἵνα
2820 1761 2868 1812 οἱ
2897 1759 2989 1812 ἐπὶ
3012 1760 3187 1830 τούτῳ
3219 1761 3541 1831 τεταγμένοι
3575 1760 3745 1829 ἄγγε-

466 1854 745 1923 colligant,
780 1865 954 1919 eaque
980 1850 1356 1905 subvertentes
1392 1848 1502 1919 igni
1527 1849 1622 1919 qui
1663 1850 1866 1905 dicitur
1894 1865 2050 1905 com-

2155 1851 2233 1904 λοι
2257 1849 2350 1904 τοῦ
2376 1849 2516 1903 Θεοῦ
2539 1848 2903 1915 ἀναλέξωνται
2929 1849 2996 1903 τά
3037 1850 3467 1921 προσπεφυκότα
3493 1853 3559 1921 τῇ
3587 1850 3734 1922 ψυχῇ

467 1947 664 2001 burere
704 1946 941 2007 tradant,
996 1953 1055 1997 ut
1095 1942 1456 1996 absumantur
1504 1943 1567 1997 ".
1601 1941 1670 1997 Et
1713 1943 1793 1998 sic
1826 1942 2051 2012 quidem

468 2037 644 2107 angeli
669 2036 833 2092 Verbi
858 2043 913 2090 et
953 2033 1190 2089 ministri
1223 2049 1293 2088 ex
1331 2033 1481 2092 oumi
1508 2049 1676 2103 regno
1705 2032 1906 2089 Christi
1936 2034 2055 2089 col-

470 2128 642 2198 ligent
676 2127 933 2182 scandala
969 2141 1091 2194 quae
1134 2124 1335 2179 animis
1369 2125 1581 2190 insunt,
1611 2133 1667 2180 et
1693 2125 2055 2197 cogitationes

470 2235 597 2286 quae
633 2219 976 2289 iniquitatem
1010 2217 1259 2287 gignunt,
1284 2233 1425 2288 quas
1456 2217 1560 2286 ipsi
1588 2218 1962 2288 disperdentes
1991 2218 2053 2273 in

465 2312 745 2366 ardentem
785 2312 925 2381 ignis
954 2311 1232 2367 fornacem
1262 2310 1579 2380 conjicient.
1615 2308 1773 2365 Tune
1798 2324 1927 2365 vero
1954 2310 2057 2365 lle-

467 2401 602 2454 bunt
625 2400 684 2466 ii,
713 2400 807 2469 qui
832 2415 891 2455 se
921 2401 1050 2455 mali
1084 2400 1291 2456 semina
1322 2414 1520 2455 somno
1545 2398 1840 2468 impeditos
1874 2415 2060 2455 susce-

465 2489 611 2558 pisse
643 2498 754 2543 lum
791 2489 1028 2557 primum
1061 2490 1315 2554 sentient,
1363 2489 1579 2557 sibique
1615 2488 1765 2543 velut
1804 2489 2055 2544 irascenv

469 2588 557 2631 tur
583 2578 626 2608 ²⁸
661 2594 674 2631 :
725 2578 769 2631 is
796 2585 880 2632 est
910 2592 1074 2646 porro
1102 2577 1346 2631 dentium
1399 2577 1626 2642 stridor,
1658 2576 1802 2631 unde
1843 2577 2051 2632 dictum

469 2670 601 2725 illud
647 2679 731 2725 est
758 2670 813 2724 in
860 2669 1093 2725 Psalmis
1125 2671 1167 2701 ¹⁹
1205 2689 1219 2723 :
1274 2688 1293 2720 ι
1331 2668 1715 2724 Frenduerunt
1757 2683 1923 2739 super
1965 2684 2054 2725 me

467 2763 723 2817 dentibus
750 2760 887 2816 suis.
922 2780 941 2811 ι
976 2760 1129 2815 Tunc
1162 2760 1398 2815 maxime
1440 2759 1728 2831 fulgebunt
1750 2760 1909 2831 justi,
1941 2776 2055 2816 non

468 2851 580 2920 jam
619 2853 858 2919 diverse,
891 2862 951 2906 ut
984 2851 1171 2917 initio;
1204 2851 1300 2906 sed
1340 2867 1532 2907 omnes
1566 2861 1824 2922 tanquam
1858 2853 2056 2908 unicus

470 2944 555 2998 snl
591 2943 648 2997 in
674 2958 841 3013 regno
868 2941 1047 2997 Patris
1081 2943 1187 2996 sui.
1220 2942 1410 3010 Itaque
1439 2949 1701 3010 tanquam
1740 2941 2056 3012 signiﬁcans

474 3036 733 3091 Servator
780 3033 863 3088 his
902 3032 1081 3087 inesse
1127 3032 1481 3103 mysl'zl‘ium,
1520 3030 1754 3087 fortasse
1799 3047 1894 3101 per
1938 3032 2056 3087 lucc

474 3125 658 3175 «ιηιιιίο
692 3138 813 3193 qua:
844 3124 896 3176 in
925 3122 1247 3191 explicanda
1294 3121 1550 3188 parabola
1584 3121 1783 3187 attulit,
1822 3121 2054 3176 fortasse

475 3231 570 3283 per
600 3215 712 3269 [nec
740 3215 916 3268 solum
948 3215 993 3246 ²⁰
1035 3232 1048 3268 :
1091 3233 1109 3264 ι
1145 3212 1450 3282 Tuncjusti
1480 3211 1761 3282 fulgebunt
1796 3213 1937 3268 sicut
1971 3213 2054 3267 sol

2151 1941 2331 2010 φαῦλα
2351 1941 2612 2012 δόγματα,
2650 1941 2744 1994 καὶ
2769 1939 3166 2013 παραδώσωσιν
3196 1940 3306 2012 (22)
3328 1940 3466 1994 αὐτὰ
3499 1945 3579 2005 εἰς
3605 1943 3741 1997 ἀνά-

2149 2033 2314 2087 λωσιν
2343 2032 2424 2104 τῷ
2444 2032 2726 2103 λεγομένῳ
2760 2032 2933 2085 καίειν
2961 2032 3117 2103 πυρὶ,
3146 2032 3540 2104 ἀνατρέποντες
3568 2033 3733 2087 αὐτά.

2152 2125 2265 2179 Καὶ
2306 2124 2450 2180 οὕτω
2504 2122 2847 2188 συλλέξουσιν
2904 2125 2953 2177 οἱ
3003 2122 3100 2176 τοῦ
3145 2122 3321 2192 Λόγου
3367 2124 3588 2193 ἄγγελοι
3639 2124 3739 2178 καὶ

2151 2217 2422 2291 ὑπηρέται
2448 2219 2513 2271 ἐκ
2533 2217 2714 2288 πάσης
2736 2217 2834 2287 τῆς
2861 2216 2956 2269 τοῦ
2980 2215 3216 2287 Χριστοῦ
3249 2216 3528 2285 βασιλείας
3556 2216 3741 2271 πάντα.

2149 2310 2218 2365 τὰ
2242 2309 2621 2380 ἐνυπάρχοντα
2649 2312 2768 2374 ταῖς
2796 2308 2996 2379 ψυχαῖς
3041 2306 3332 2371 σκάνδαλα,
3366 2307 3607 2370 καὶτοὺς
3636 2306 3739 2379 τὴν

2151 2401 2384 2473 ἀνομίαν
2414 2400 2701 2464 ποιοῦντας
2726 2399 3042 2470 λογισμοὺς,
3069 2398 3325 2464 οὕστινας
3354 2398 3740 2461 ἀναλίσκοντες

2153 2493 2405 2565 βαλοῦσιν
2448 2494 2530 2556 εἰς
2565 2491 2665 2563 τὴν
2694 2492 2923 2563 κάμινον
2954 2490 3046 2545 τοῦ
3077 2494 3248 2562 πυρὸς
3277 2492 3376 2563 τὴν
3413 2490 3741 2563 καιομένηνο

2152 2584 2282 2639 ἔνθα
2314 2584 2411 2638 καὶ
2461 2585 2510 2637 οἱ
2562 2582 3011 2654 συναισθηθέντες
3043 2583 3255 2639 ἑαυτῶν
3426 2583 3515 2636 διὰ
3539 2581 3598 2635 τὸ
3624 2598 3741 2634 κοι-

2157 2675 2362 2745 μᾶσοαι
2389 2675 2460 2727 τὰ
2491 2674 2782 2745 σπέρματα
2821 2673 2916 2727 τοῦ
2963 2673 3203 2747 πονηροῦ
3247 2676 3306 2727 ὲν
3343 2676 3558 2737 ἑαυτοῖς
3592 2673 3741 2742 εἱλη-

2156 2767 2313 2838 φέναι
2347 2766 2693 2831 κλαύσονται,
2726 2766 2823 2820 καὶ
2852 2766 3094 2839 ὡσπερεὶ
3139 2769 3352 2830 ἑαυτοῖς
3385 2765 3737 2837 θυμωϐήσονο

2153 2874 2273 2910 ται·
2308 2857 2467 2910 τοῦτο
2505 2857 2614 2927 γάρ
2650 2858 2679 2910 6
2714 2856 2957 2928 βρυγμὸς
2991 2856 3099 2910 τῶν
3147 2858 3398 2921 ὀδόντων,
3447 2856 3527 2909 διὸ
3555 2855 3647 2908 καὶ
3676 2856 3741 2909 ὲν

2155 2950 2268 3011 τοῖς
2306 2948 2557 3019 Ψαλμοῖς
2603 2948 2690 3001 τό·
2732 2967 2751 2998 ς
2792 2946 3064 3017 ’Ἑϐρυξαν
3092 2945 3181 2997 ἐπ’
3221 2945 3319 3014 ἐμὲ
3353 2945 3479 3005 τοὺς
3517 2944 3738 3006 ὀδόντας

2156 3038 2356 3102 αὐτῶν,
2402 3057 2419 3088 ι
2472 3038 2740 3091 λέλεκται.
2770 3036 2903 3088 Τότε
2929 3032 3160 3104 μάλιστα
3187 3035 3236 3085 oi
3264 3033 3462 3086 δίκαιοι
3491 3031 3737 3101 λάμψον-

2158 3144 2262 3190 σιν,
2293 3128 2475 3181 οὐκέτι
2509 3127 2618 3195 (94)
2649 3127 2937 3193 διαφόρως,
2963 3121 3039 3186 ὡς
3080 3121 3222 3176 κατὰ
3251 3125 3348 3185 τὰς
3377 3120 3572 3192 ἀρχάς,
3596 3118 3737 3173 ἀλλά

2158 3220 2360 3282 πάντες
2384 3219 2460 3281 ὡς
2490 3212 2570 3279 εἷς
2598 3215 2747 3285 ἥλιος
2779 3217 2836 3267 ὲν
2863 3217 2930 3285 τῇ
2982 3212 3227 3285 βασιλείᾳ
3258 3211 3350 3265 τοῦ
3397 3211 3608 3281 Πατρὸς
3639 3210 3741 3263 αύ-

475 3311 529 3361 in
559 3322 726 3377 regno
758 3306 936 3360 Patris
978 3322 1191 3371 eorum,
1241 3324 1260 3357 ι
1297 3304 1572 3359 subnectit
1610 3322 1623 3357 :
1664 3321 1682 3354 ι
1740 3303 1843 3369 Qui
1892 3305 2054 3360 habet

2157 3309 2284 3363 τῶν.
2327 3310 2411 3372 Ὡς
2447 3308 2743 3379 μυστήριον
2777 3304 2908 3375 γοῦν
2940 3304 3115 3377 δηλῶν
3147 3307 3176 3358 6
3220 3306 3428 3374 Σωτὴρ,
3455 3302 3596 3373 τάχα
3640 3301 3740 3372 μὲν

474 3414 637 3452 aures
667 3396 946 3463 audiendi,
975 3396 1181 3460 audiat,
1227 3414 1251 3447 ι
1297 3409 1393 3449 eos
1418 3396 1621 3449 docens
1664 3394 1756 3464 qui
1800 3396 1856 3448 in
1898 3411 2054 3465 para-

2159 3400 2255 3453 καὶ
2293 3396 2383 3452 διὰ
2422 3398 2640 3451 πάντων
2670 3396 2777 3451 τῶν
2809 3399 2867 3450 ὲν
2898 3398 2965 3467 τῇ
3021 3395 3219 3466 φράσει
3250 3394 3352 3463 τῆς
3398 3393 3739 3465 παραϐολῆς,

476 3487 616 3542 holae
662 3487 1045 3556 explicatione,
1081 3488 1223 3542 hanc
1260 3486 1399 3541 adeo
1445 3486 1735 3556 perspicue
1778 3486 1949 3542 fuisse
1988 3489 2054 3542 ab

2160 3491 2299 3562 τάχα
2326 3490 2383 3543 δὲ
2414 3490 2646 3560 μάλιστα
2690 3488 2778 3542 διὰ
2799 3487 2894 3541 τοῦ
2919 3526 2934 3553 ,
2966 3506 2986 3539 ι
3021 3487 3156 3553 Τότε
3186 3487 3236 3539 οἱ
3265 3485 3462 3538 δίκαιοι
3492 3482 3742 3553 λάμψου-

480 3581 574 3633 illo
604 3581 911 3649 expositam
944 3580 1301 3645 arbitrantur,
1338 3586 1399 3633 ut
1425 3577 1509 3632 vel
1540 3576 1593 3631 in
1626 3578 1866 3633 minimis
1897 3579 2054 3633 intel-

2163 3600 2248 3636 σιν
2282 3581 2358 3645 ὡς
2395 3582 2423 3633 6
2456 3580 2605 3651 ἥλιος
2634 3584 2692 3635 ὲν
2728 3583 2796 3651 τῇ
2826 3578 3069 3649 βασιλείᾳ
3098 3576 3191 3631 τοῦ
3222 3578 3439 3648 Πατρός
3482 3575 3679 3639 αὐτῶν,
3717 3593 3736 3624 ι

479 3670 571 3740 11ςί
600 3672 794 3740 pes-sit,
820 3671 991 3739 ipsam
1018 3670 1288 3739 parabolae
1313 3669 1706 3739 expositionem
1735 3669 1853 3723 luce
1875 3669 2054 3738 aliqua

2164 3673 2414 3745 ἐπιφέρει
2431 3688 2446 3702 ο
2476 3690 2494 3722 ι
2534 3672 2594 3724 '0
2610 3671 2749 3742 ἔχων
2775 3665 2888 3725 ὦτα
2907 3669 3125 3724 ἀκούειν
3151 3669 3416 3733 ἀκουέτω,
3441 3688 3458 3720 ι
3478 3667 3747 3721 διδάσκων

477 3774 533 3820 et
562 3763 950 3832 perspicuitate
976 3761 1240 3828 indigere.

2164 3766 2289 3827 τοὺς
2321 3763 2599 3834 οἰομένους
2626 3762 2736 3833 (25)
2772 3764 2830 3815 ὲν
2863 3765 2929 3833 τῇ
2960 3762 3157 3832 φράσει
3181 3761 3279 3831 τῆς
3300 3760 3616 3831 παραϐολῆς
3649 3775 3746 3810 σα·-

481 3853 723 3922 ςέστατα
768 3851 937 3921 αὐτὴν
980 3849 1340 3915 ὲκτεοεῖσθαι,
1373 3850 1447 3913 ὡς
1468 3853 1562 3903 καὶ
1600 3851 1657 3902 ὲν
1699 3852 1811 3913 τοῖς
1838 3846 2062 3918 τυχοῦσι
2099 3849 2357 3905 δύνασθαι
2385 3850 2643 3921 νοηθῆναι
2671 3849 2861 3921 αὐτὴν,
2883 3849 2966 3902 ὅτι
3006 3848 3102 3902 καὶ
3133 3848 3274 3902 αὐτὰ
3316 3847 3385 3901 τὰ.
3416 3848 3514 3919 τῆς
3550 3846 3743 3917 διηγή-

485 3965 624 4011 σεως
653 3946 752 4016 τῆς
781 3945 1098 4018 παραϐολῆς
1129 3945 1303 3998 δεῖται
1349 3946 1649 4014 σαφηνείας
1683 3943 1812 4015 (26).

556 4043 610 4095 '5.
661 4040 765 4096 Sed
826 4043 1087 4112 quoniam
1132 4040 1247 4111 jam
1307 4055 1473 4110 supra
1528 4039 1770 4095 diximus
1818 4040 1884 4094 ad
1945 4039 2065 4095 haec

486 4134 650 4188 verba
683 4151 697 4189 :
752 4152 771 4184 ι
805 4132 960 4189 Tunc
1003 4134 1135 4205 justi
1172 4132 1459 4203 fulgebunt
1487 4133 1630 4188 sicut
1672 4132 1779 4197 sol,
1832 4151 1851 4183 ι
1883 4132 2064 4203 justos

487 4243 620 4292 non,
650 4226 722 4281 ita
748 4236 808 4280 ut
834 4226 1240 4290 antea,diverse
1262 4224 1576 4293 Splendidos
1604 4223 1741 4290 fore,
1756 4223 1849 4278 sed
1873 4239 2066 4278 omnes

487 4320 646 4390 quasi
683 4320 906 4375 unicum
933 4320 1099 4375 solem
1126 4319 1362 4383 futuros,
1400 4317 1709 4373 necessario
1743 4316 1903 4370 nobis
1935 4315 2065 4386 quid

2254 4038 2392 4092 Ἀλλ’
2434 4039 2558 4091 ἐπεὶ
2599 4036 2855 4108 ἀνωτέρω
2886 4035 3200 4107 ὲφάσκομεν
3227 4037 3307 4099 εἰς
3339 4034 3401 4087 τό
3425 4050 3438 4064 ·
3477 4051 3496 4084 ‹
3528 4033 3661 4085 Τότε
3693 4031 3753 4084 οι

2169 4131 2366 4184 δίκαιοι
2398 4127 2701 4199 λάμψουσιν
2728 4127 2806 4192 ὼς
2839 4129 2868 4180 6
2902 4126 3075 4198 ἣλιος,
3113 4146 3133 4178 ι
3164 4127 3245 4180 ὅτι
3273 4125 3370 4195 οὐχ
3410 4125 3486 4188 ὡς
3516 4123 3578 4177 τὸ
3615 4122 3749 4193 πρό·-

2171 4236 2327 4292 τερον
2359 4219 2630 4290 διαφόρως
2656 4218 2958 4289 λάμψουσιν
2987 4220 3035 4272 οἱ
3065 4217 3281 4280 δίκαιοι,
3317 4214 3429 4268 ἀλλ’
3457 4214 3668 4266 ἔσονται
3694 4213 3749 4266 οἱ

2174 4312 2376 4373 πάντες
2415 4310 2490 4373 ὡς
2527 4304 2607 4373 εἷς
2634 4310 2805 4379 ἥλιος,
2841 4307 3150 4378 ἀναγκαίως
3184 4303 3527 4375 ἐκθησόμεθα
3553 4301 3612 4354 τὸ
3640 4317 3750 4369 φα-

488 4426 652 4482 super
679 4412 784 4465 hoc
810 4411 928 4465 loco
955 4410 1254 4465 sentiamus
1280 4408 1669 4464 declarandum
1704 4417 1806 4462 est.
1841 4405 2054 4461 Videtul

2171 4403 2262 4458 νὲν
2283 4403 2414 4474 ἡμῖν
2441 4402 2520 4464 εἰς
2544 4401 2635 4453 τὸν
2664 4401 3069 4454 τόπον.Ἔοικεν
3088 4399 3116 4450 6
3133 4394 3326 4466 Δανιὴλ
3350 4393 3482 4464 (27),
3513 4392 3627 4461 φῶς
3648 4390 3745 4443 τοῦ

566 4599 607 4629 ¹³
631 4595 823 4652 Matth.
853 4611 1004 4664 xxvr,
1028 4597 1088 4650 41
1118 4614 1132 4661 ;
1169 4594 1332 4649 Mare.
1368 4610 1476 4659 xlv,
1499 4592 1596 4659 '58;
1637 4593 1771 4647 Luc.
1806 4590 2054 4664 3311,40.

2155 4587 2404 4664 rixanti.
2445 4601 2564 4653 xm,
2598 4584 2687 4640 '56.
2766 4585 2806 4616 ιτ
2844 4583 2974 4638 ibid.
3025 4582 3115 4647 ιι,
3154 4579 3243 4633 ιε.
3319 4578 3364 4611 ιδ
3398 4574 3590 4632 Matth.
3622 4587 3744 4640 vnn.

496 4666 580 4729 l2,
610 4678 663 4721 et
705 4684 837 4731 un,
898 4661 997 4721 1'5.
1061 4667 1103 4697 ¹⁹
1141 4664 1289 4720 Psal.
1341 4680 1526 4726 xxxn',
1568 4665 1655 4719 lli.
1734 4664 1778 4694 ²⁰
1812 4662 2001 4716 Matth.
2040 4676 2159 4724 xui,
2191 4661 2280 4712 45.

569 4836 680 4901 (20)
720 4835 933 4904 Ἰησοῦ.
968 4836 1130 4891 Recte
1152 4834 1308 4891 codd.
1338 4832 1536 4896 Vatic.,
1563 4830 1847 4895 Cantabr,
1874 4829 2060 4883 Tarin.

496 4903 666 4966 Alias,
696 4903 833 4968 υἱοῦ,
859 4908 1018 4961 male.

572 4974 682 5041 (21)
711 4975 1092 5044 Πραγμάτων.
1128 4974 1363 5029 Tarinus
1390 4971 1739 5044 existimabat
1777 4970 2060 5044 legendum

498 5040 857 5115 σπερμάτων.
874 5040 1006 5097 ’Μοτί
1030 5046 1144 5115 lege
1166 5046 1193 5097 ὃ
1219 5043 1482 5107 καλεῖται,
1516 5041 1711 5096 referri
1738 5043 1881 5094 enim
1907 5040 2066 5094 debet

504 5114 772 5187 :ulfcslog,
805 5130 911 5187 non
937 5115 1002 5187 ad
1038 5114 1311 5187 Θερισμόν.

570 5185 683 5254 (‘22)
716 5179 1294 5251 11αμιδώσωσὶν.Ἰιιι
1328 5190 1478 5254 recte
1499 5181 1656 5254 codd.
1698 5179 1986 5233 Vaticanus
2016 5186 2069 5232 et

498 5251 847 5309 Turinianus.
889 5256 1067 5309 Editio
1098 5255 1274 5308 lluctii
1309 5251 1742 5323 παραδώσουσιν.

570 5326 681 5395 (:15)
709 5325 872 5396 Forte
893 5326 1172 5396 legendum
1202 5326 1431 5396 ἑαυτοῖς.

568 5388 680 5465 (24)
724 5388 965 5449 Οὐχέτιῖ
987 5397 1286 5465 Διαφόρως,
1321 5395 1395 5456 ὼς
1429 5391 1567 5465 κατὰ
1606 5389 1705 5453 τὰς
1740 5388 1932 5461 ἀρχάς,
1962 5394 2066 5440 etc.

499 5465 636 5519 Cum
670 5467 813 5519 enim
849 5483 913 5519 c0
947 5467 1066 5536 plus
1104 5464 1290 5534 gloria:
1327 5473 1380 5536 et
1408 5464 1543 5516 lucis
1577 5465 1822 5536 a._ieptu_i_-i
1855 5473 2066 5520 sumus,

501 5551 612 5602 quo
642 5538 821 5589 minus
854 5529 1187 5590 terrenari'nn
1234 5534 1474 5586 sordium
1510 5530 1667 5583 nobis
1711 5529 2067 5586 adhaerescet,

502 5601 831 5658 existimavit
889 5606 1152 5675 Origenes
1195 5601 1478 5655 colluviem
1543 5602 1688 5675 illam
1749 5607 1873 5675 post
1925 5606 2069 5648 certa

509 5678 806 5740 temporum
843 5668 1114 5728 curricula
1158 5682 1514 5740 expm'gatum
1551 5670 1636 5734 iri,
1684 5680 1738 5740 et
1786 5668 2070 5740 universos

511 5735 774 5805 homines,
809 5760 914 5797 Ilzzn
962 5752 1183 5797 sanctos
1226 5735 1424 5807 soluin,
1459 5741 1551 5796 sed
1584 5739 1780 5806 impios
1821 5738 1982 5789 etiam
2018 5744 2073 5788 et

2173 4830 2462 4883 damnatos
2519 4824 2764 4879 eamdem
2824 4823 3007 4894 gloriae
3059 4834 3375 4876 mensuram
3432 4817 3753 4887 adepturos.

2176 4898 2437 4953 “uerus.

2246 4988 2359 5058 (‘25)
2394 4986 2701 5041 Διδάσκων
2730 4984 2871 5058 τοὺς
2899 4983 3230 5058 ο-ἶίομέιςρυς,
3276 4989 3379 5035 etc.
3412 4978 3552 5058 Τοὺς
3579 4973 3755 5058 οἰομέ-

2175 5047 2298 5123 νους
2342 5047 2682 5113 desideratur
2735 5056 2787 5108 in
2843 5047 3031 5108 codiCe
3078 5052 3418 5126 Yaticalioet
3446 5047 3756 5126 ἀπογράφω

2178 5118 2490 5185 Tariniano.
2522 5126 2641 5179 Mox
2679 5140 2775 5194 pro
2803 5128 2860 5210 ἐν
2884 5127 2955 5208 ⁸τῇ
2989 5122 3206 5210 φράσει,
3240 5118 3475 5210 Tarin'us
3502 5118 3753 5210 suspica-

2176 5203 2337 5255 batur
2371 5200 2654 5266 legendum
2680 5188 2745 5247 ’ἐν
2771 5197 2843 5266 τῇ
2881 5188 3261 5266 tegeaeae;
3302 5188 3458 5266 paulo
3486 5193 3613 5266 post
3653 5199 3757 5266 pro

2176 5272 2250 5334 ὼς
2281 5270 2376 5322 καὶ
2403 5256 2460 5320 ἓν
2487 5269 2597 5329 τοῖς
2631 5256 2877 5334 τυχοῦσι,
2913 5256 3078 5317 scribi
3120 5256 3356 5322 volebat,
3400 5257 3475 5320 ὡς
3517 5256 3614 5310 καὶ
3642 5256 3760 5318 τοῖς

2176 5340 2418 5410 τυχοῦσι.

2252 5430 2362 5498 (‘26)
2417 5427 2606 5498 Δεῖζαι
2657 5426 3012 5495 σαφηνείας.
3066 5422 3129 5498 ln_
3164 5421 3349 5498 codice
3376 5415 3648 5498 _Vaticano
3702 5420 3758 5469 et

2178 5490 2484 5569 ἀπογράφω
2516 5490 2818 5550 Τιιισὶιιιιιὶιο
2837 5498 3054 5549 additur
3080 5494 3139 5545 ού
3167 5501 3291 5545 ante
3318 5490 3507 5542 δεῖται.

2249 5592 2358 5659 (9.7)
2411 5591 2727 5661 ’Eomer_é_
2761 5585 3011 5661 Δανιήῖῑ,
3035 5594 3141 5661 etc.
3169 5582 3316 5661 "Vide
3346 5579 3559 5661 initium
3590 5573 3683 5661 li'lt.
3714 5587 3758 5661 Δι

2180 5645 2538 5785 geminentur.
2558 5661 2611 5713 in
2639 5658 2899 5727 Job,qute
2921 5645 3141 5726 Origeni
3166 5652 3303 5708 lalso
3330 5648 3529 5708 ascribi
3557 5645 3756 5702 solent.

2232 5746 2446 5785 υιετιιῖε.

2232 5746 2446 5786 υΕτιιῖε.
