4094 6290
448 331 552 387 843

1927 325 2249 382 OlllGENlS

3593 342 3701 397 824

436 446 652 504 ‘Christi
685 448 860 505 luceat
889 464 1069 504 coram
1098 447 1432 509 hominibus,
1484 460 1629 500 nunc
1650 452 1703 499 et
1726 455 1846 515 post
1873 461 1998 499 mor.

2121 445 2262 498 ὥστε
2298 446 2391 500 καλ⁵
2419 449 2512 503 νῦν
2554 449 2791 521 λάμπειν
2829 453 2888 504 τὶ,
2921 453 3032 522 ιρῶς
3071 454 3176 507 τῶν
3225 455 3396 524 ἰησοῦ
3445 456 3700 529 μαθητῶν

442 553 582 605 οδω,
616 547 741 594 ante
787 539 1233 594 resurrectionem
1265 547 1318 591 et
1373 545 1496 607 post
1542 537 2016 601 resurrectionem,

447 629 620 686 donec
667 629 1044 699 unusquisque
1095 629 1179 682 vir
1213 628 1486 698 perfectus
1532 628 1745 693 evadat,
1781 628 2018 699 ﬁantque

440 731 635 772 omnes
677 733 815 772 unus
855 717 934 770 sol
983 735 996 769 :
1046 726 1175 771 tunc
1215 716 1498 788 fulgebunt
1537 733 1729 774 omnes
1758 727 2014 788 tanquam

439 808 524 862 sol
554 808 606 862 in
639 821 806 878 regno
838 806 923 860 sui
951 805 1152 864 Patris.

500 985 674 1059 ΜΘ
703 985 775 1041 De
801 987 1058 1056 parabola
1089 988 1325 1042 thesauri
1357 990 1410 1042 in
1460 1006 1589 1060 agro
1621 990 1940 1046 absconditi.

507 1145 562 1200 ι.
590 1165 620 1198 τ
652 1145 903 1200 τΒιιι-ειιηι
935 1147 1112 1202 simile
1160 1157 1248 1202 est
1294 1163 1525 1218 regnum
1575 1149 1838 1204 calorum
1890 1152 2010 1205 tbe-

436 1251 601 1292 sauro
635 1237 955 1292 abscondito
996 1239 1049 1292 in
1081 1254 1234 1308 agro,
1266 1254 1426 1309 quem
1454 1240 1548 1309 qui
1588 1241 1794 1294 invenit
1825 1242 2008 1305 homo,

437 1327 726 1382 abscondit
755 1329 818 1382 “.
857 1348 876 1381 ι
921 1327 1136 1385 Priores
1167 1331 1382 1399 quidem
1407 1333 1690 1400 parabolas
1713 1334 1887 1388 turbis
1924 1335 2011 1387 di-

439 1419 517 1473 xit
545 1437 558 1473 :
597 1419 944 1474 lianc-autem
969 1430 1022 1474 et
1048 1430 1337 1491 sequentes
1371 1425 1528 1486 duas,
1563 1439 1672 1478 non
1701 1427 2007 1495 parabolas,

435 1509 530 1563 sed
565 1509 947 1564 similitudines
991 1511 1056 1564 ad
1096 1529 1320 1584 regnum
1371 1515 1632 1570 caelorum
1677 1517 2009 1584 pertinentes

435 1601 578 1655 intra
617 1599 842 1656 domum
875 1603 1155 1673 discipulis
1181 1605 1394 1658 videtur
1421 1605 1748 1659 disseruisse
1777 1623 1790 1658 :
1820 1620 2004 1674 quam,

435 1693 530 1762 qui
575 1693 640 1744 ad
687 1691 810 1760 ejus
837 1693 1135 1748 electionem
1185 1695 1426 1748 animum
1461 1695 1720 1760 advertet,
1757 1712 1880 1751 cum
1935 1698 2006 1753 iis

2123 537 2429 608 ἔμπροσθεν
2479 541 2585 594 τῶν
2629 543 2830 596 λοιπῶν
2879 544 3180 616 ἀνθρώπων
3208 587 3221 609 ,
3267 548 3360 600 καὶ
3409 549 3546 618 μετὰ
3597 553 3700 623 τὴν

2121 628 2296 692 ἔξοδον
2333 631 2438 702 πρὸ
2476 632 2573 703 τῆς
2611 635 2979 701 ἀναστάσεως,
3023 639 3116 690 καὶ
3151 638 3286 708 μετὰ
3329 638 3426 709 τὴν
3465 639 3699 698 ἀνάστα-

2123 734 2226 783 σιν,
2255 719 2361 782 ἕως
2378 721 2442 774 ἂν
2465 725 2696 795 καταντή
2706 743 2868 778 σωσιν
2883 727 2930 778 οἱ
2955 727 3153 792 πάντες
3179 731 3259 792 είς
3281 729 3450 800 ἄνδρα
3469 731 3696 798 τέλειον,

2121 811 2214 862 καὶ
2242 809 2504 878 γένωνται
2535 813 2735 878 πάντες
2761 811 2842 878 εἷς
2870 816 3021 885 ἥλιος
3039 833 3052 847 ·
3085 818 3200 871 τότε
3227 819 3529 890 λάμψουσιν
3553 823 3630 888 ὡς
3665 824 3695 877 ὁ

2119 895 2272 966 ῆλιος
2305 900 2362 952 ἐν
2399 903 2463 972 τῇ
2491 901 2736 975 βασιλείᾳ
2767 904 2860 958 τοῦ
2891 907 3102 978 Πατρὸς
3124 909 3323 961 αὐτῶν.

2117 990 2256 1056 Περὶ
2289 989 2400 1058 τῆς
2431 994 2781 1080 παραϐοᾼῆς
2821 995 2927 1080 τοῦ
2958 1000 3266 1080 ρηᾳαυροῦ
3299 1001 3404 1055 τοῦ
3435 1020 3688 1074 κεκρυμ-

2609 1066 2797 1132 μένου
2823 1066 2892 1117 ἐν
2921 1066 3000 1131 τῷ
3025 1066 3201 1135 ἀγρῷ.

2193 1169 2210 1200 ι
2249 1151 2417 1204 Πάλιν
2448 1154 2606 1223 ὁμοία
2634 1155 2781 1208 ἐστὶν
2824 1159 2856 1228 ἡ
2895 1157 3142 1227 βασιλεία
3171 1159 3281 1214 τῶν
3314 1161 3552 1232 οὐρανῶν
3585 1165 3684 1236 θη·-

2117 1245 2303 1317 σαυρῷ
2331 1248 2700 1318 κεκρυμμένῳ
2741 1251 2797 1303 ὲν
2845 1251 2922 1321 τῷ
2962 1252 3137 1324 ἀγρῷ,
3172 1254 3230 1306 ὃν
3276 1254 3449 1326 εὑρὼν
3483 1257 3691 1330 ἄνθρω-

2115 1353 2216 1399 πος
2257 1335 2480 1406 ἔκρυψε.
2540 1356 2557 1388 ι
2606 1339 2718 1401 Τάς
2761 1340 2857 1410 μὲν
2908 1344 3180 1414 προτέρας
3226 1347 3536 1416 παραϐολὰς
3576 1352 3690 1414 τοῖς

2113 1426 2288 1497 ὄχλοις
2329 1423 2448 1480 εἷπε
2469 1444 2481 1458 ·
2512 1429 2716 1500 ταύτην
2757 1431 2812 1483 δὲ
2839 1432 2933 1486 καὶ
2981 1433 3081 1497 τὰς
3115 1434 3243 1504 ἑξῆς
3271 1437 3442 1506 αὐτῆς
3483 1439 3597 1506 δύο,
3625 1441 3688 1493 οὐ

2113 1519 2448 1590 παραϐολὰς,
2479 1520 2594 1573 ἀλλ’
2636 1521 2923 1592 ὁμοιώσεις
2967 1525 3103 1596 πρὸς
3147 1527 3244 1597 τὴν
3290 1528 3400 1582 τῶν
3445 1530 3690 1601 οὐρανῶν

2115 1605 2388 1676 βασιλείαν
2412 1611 2808 1680 τυγχανούσας,
2840 1612 3014 1666 ἔοικεν
3039 1617 3095 1668 έν
3117 1619 3182 1687 τῇ
3219 1617 3366 1689 οἰκία
3395 1623 3690 1691 γενόμενος

2112 1697 2248 1768 πρὸς
2285 1701 2411 1763 τοὺς
2455 1701 2698 1770 μαθητάς
2737 1705 3046 1775 εἰρηκέναι-
3084 1709 3210 1778 περὶ
3237 1704 3306 1780 ἦς
3342 1710 3371 1761 6
3408 1712 3689 1782 προσέχων

434 1781 650 1835 duabus
679 1797 802 1851 qua:
822 1783 1076 1851 deinceps
1102 1794 1229 1838 sunt
1251 1795 1502 1838 accurate
1525 1786 1840 1854 perpendat,
1872 1805 1998 1843 num

2110 1790 2174 1858 τῇ
2205 1789 2506 1858 ἀναγνώσει
2529 1791 2844 1858 ἐξεταζέτω,
2879 1797 2973 1850 καὶ
3005 1797 3113 1850 τῶν
3153 1798 3280 1868 ἑξῆς
3320 1799 3430 1866 δύο,
3479 1781 3687 1872 μήποτε

433 1873 665 1931 fortasse
691 1878 966 1947 parabolae
999 1893 1107 1932 nou
1156 1879 1296 1945 sint;
1334 1879 1440 1933 illis
1468 1879 1612 1932 enim
1645 1893 1750 1932 non
1792 1879 2008 1935 dubita-

433 1968 512 2022 vit
541 1969 819 2037 Scriptura
855 1970 1133 2038 parabolae
1179 1985 1374 2024 nomen
1406 1970 1716 2040 praefigere;
1749 1971 1833 2027 bis
1877 1988 2007 2028 vero

433 2073 544 2113 non
577 2058 728 2113 item.
762 2060 827 2113 Et
855 2061 1102 2127 apposite
1132 2061 1349 2130 quidem
1384 2061 1436 2116 id
1467 2061 1628 2128 fecit;
1664 2077 1788 2116 nam
1813 2062 1856 2116 si
1887 2074 2005 2118 tur-

430 2150 531 2207 has
574 2166 675 2221 per
721 2152 1008 2220 parabolas
1058 2154 1458 2223 alloquebatur,
1511 2172 1531 2206 ι
1575 2165 1629 2210 et
1662 2156 1776 2211 haec
1819 2157 2004 2212 omnia

428 2257 526 2315 per
569 2243 858 2313 parabolas
902 2245 1116 2300 locutus
1156 2253 1260 2309 est,
1317 2261 1495 2316 neque
1540 2247 1837 2317 quidquam
1887 2248 2006 2303 sine

428 2335 706 2408 parabolis
727 2336 963 2402 dixit";
991 2356 1009 2389 ι
1043 2348 1098 2393 at
1122 2347 1406 2408 postquam
1437 2339 1658 2392 domum
1695 2354 1754 2394 se
1781 2341 2002 2410 recepit,

427 2442 538 2482 non
580 2427 693 2497 iam
745 2428 983 2498 amplius
1028 2429 1203 2483 turbis
1248 2430 1410 2483 verba
1465 2427 1614 2491 facit,
1649 2429 1744 2484 sed
1803 2429 1868 2484 iis
1909 2431 2001 2498 qui

427 2516 576 2574 hunc
599 2519 650 2573 in
685 2519 849 2573 domo
879 2519 1163 2574 adiverunt
1187 2518 1470 2588 discipulis
1507 2538 1520 2574 :
1548 2519 1893 2589 perspicuum
1921 2527 2005 2574 est

427 2609 714 2679 parabolas
742 2626 851 2664 non
883 2625 1005 2666 esse
1035 2626 1098 2666 ea
1125 2625 1247 2680 qua:
1275 2610 1328 2663 in
1358 2611 1522 2664 domo
1557 2610 1700 2665 dicta
1730 2622 1888 2678 sunt;
1915 2626 2003 2665 ex-

430 2701 635 2756 traneis
680 2702 828 2756 enim
878 2717 974 2772 per
1025 2703 1316 2772 parabolas
1370 2701 1642 2770 loquitur,
1697 2710 1750 2755 et
1803 2703 2002 2771 quibus

431 2811 453 2847 α
489 2794 673 2850 datum
706 2811 811 2850 non
838 2804 921 2868 est
945 2810 1106 2850 nosse
1134 2793 1392 2866 mysteria
1419 2794 1570 2864 regni
1599 2793 1868 2848 caelorum
1893 2795 1994 2849 ³⁸.»

424 2884 578 2943 Dicet
612 2903 740 2941 vero
773 2888 1047 2958 quispiam
1081 2906 1093 2940 :
1127 2886 1266 2954 Quid
1314 2895 1440 2942 sunt
1485 2886 1610 2951 illae,
1657 2886 1702 2942 si
1733 2887 2003 2955 parabolae

425 2995 534 3036 non
583 2980 742 3035 sunt?
784 2978 923 3033 Num
975 2978 1138 3050 igitur
1187 2977 1482 3047 Scriptum
1532 2980 1858 3034 vocabulum
1911 2993 1998 3034 se-

427 3083 694 3143 quentes,
716 3073 963 3127 dicemus
991 3088 1110 3128 esse
1144 3071 1568 3128 similitudines?
1597 3071 1784 3126 Diflert
1814 3081 1996 3126 autem

2109 1880 2229 1933 οὐδὲ
2283 1882 2592 1952 παραϐολαί
2645 1887 2820 1938 εἰσινο
2882 1889 2968 1940 ἐπ’
3016 1890 3240 1944 ἐκείνων
3289 1892 3385 1962 μὲν
3430 1893 3537 1962 γὰρ
3586 1895 3690 1949 οὐκ

2108 1966 2351 2039 ὤκνησεν
2377 1975 2410 2044 ὴ
2440 1973 2629 2045 Γραφὴ
2652 1975 2774 2028 καθ’
2801 1975 3038 2048 ἑκάστην
3069 1980 3394 2050 προτάσσειν
3424 1983 3483 2034 τὸ
3514 1982 3689 2053 ὄνομα

2107 2060 2204 2130 τῆς
2235 2065 2576 2134 παραϐολῆς·
2608 2066 2701 2118 ἐπὶ
2728 2065 2786 2119 δὲ
2815 2067 3019 2121 τούτων
3058 2070 3120 2122 τὸ
3143 2072 3272 2124 αὐτὸ
3303 2074 3361 2124 οὑ
3391 2073 3678 2142 πεποίηκε.

2107 2151 2216 2204 Καὶ
2249 2155 2472 2219 εἰκότως
2503 2173 2564 2226 γε
2595 2157 2754 2211 τοῦτο
2788 2160 3088 2233 πεποίηκεν
3107 2179 3122 2193 ⁸
3155 2165 3203 2216 εἰ
3235 2163 3342 2236 γὰρ
3369 2167 3477 2228 τοῖς
3501 2164 3680 2234 ὄχλοις

2107 2242 2366 2316 ἐλάλησεν
2409 2249 2465 2300 ἐν
2496 2248 2848 2319 παραϐολαῖς,
2890 2271 2907 2303 ι
2943 2253 3036 2306 καὶ
3067 2253 3240 2307 ταῦτα
3272 2255 3446 2309 πάντα
3493 2255 3684 2328 ἐλάλη-

2109 2348 2198 2386 σεν
2227 2335 2285 2386 ἐν
2325 2336 2680 2405 παραϐολαῖς,
2717 2340 2810 2391 καὶ
2837 2341 3006 2411 χωρὶς
3034 2342 3350 2414 παραϐολῆς
3380 2345 3479 2398 οὐκ
3505 2345 3682 2401 ἐλάλει

2109 2424 2296 2490 αὐτοῖς
2341 2427 2476 2498 (55),
2505 2447 2522 2478 ι
2556 2428 2620 2480 οὐ
2649 2433 2761 2493 τοῖς
2789 2430 2964 2501 ὄχλοις
2996 2432 3051 2485 δὲ
3080 2432 3249 2488 ἐλθὼν
3277 2439 3358 2498 είς
3379 2437 3476 2508 τὴν
3506 2437 3681 2490 οἰκίαν

2102 2515 2426 2584 διαλέγεται,
2459 2517 2596 2572 ἀλλὰ
2635 2523 2748 2583 τοῖς
2793 2521 3180 2592 προσελθοῦσιν
3217 2523 3364 2596 αὑτῷ
3412 2527 3682 2597 μαθηταῖς

2103 2607 2161 2659 ὲν
2188 2608 2357 2680 αὐτῇ·
2395 2607 2572 2680 δῆλον,
2620 2613 2702 2665 ὅτι
2744 2612 2843 2665 οὐκ
2888 2613 2994 2666 είσὶ
3042 2614 3349 2685 παραϐολαὶ
3389 2616 3458 2670 τὰ
3505 2619 3563 2670 ὲν
3612 2622 3678 2688 τῇ

2101 2697 2248 2750 οἰκία
2274 2699 2466 2773 λελαλη
2476 2703 2611 2772 μένα
2627 2719 2640 2733 ο
2664 2707 2776 2767 τοῖς
2801 2705 2907 2776 γὰρ
2935 2704 3039 2769 ἔξω
3063 2708 3118 2760 ὲν
3149 2709 3484 2780 παραϐολαῖς
3513 2711 3678 2774 λαλεῖ,

2101 2789 2197 2841 καὶ
2231 2784 2312 2848 οἷς
2352 2809 2370 2841 ι
2415 2793 2476 2845 οὐ
2505 2793 2714 2847 δέδοται
2745 2794 2949 2862 γνῶναι
2976 2795 3044 2850 τὰ
3081 2800 3351 2870 μυστήρια
3389 2799 3489 2870 τῆς
3533 2800 3682 2870 βασις-

2101 2877 2248 2944 λείας
2281 2880 2388 2936 τῶν
2420 2883 2683 2956 οὐρανῶν.
2723 2903 2740 2936 ι
2775 2886 2942 2956 Φήσει
2975 2903 3057 2951 τις
3083 2884 3196 2951 οὖν,
3231 2889 3386 2959 Εὶμή
3421 2891 3556 2943 είσιν
3587 2893 3682 2944 αὑο

2099 2983 2192 3025 ται
2238 2974 2567 3047 παραϐολαὶ,
2595 2978 2648 3030 τί
2694 2981 2864 3042 sio-tv;
2897 2980 3121 3049 Μήποτε
3155 2975 3247 3032 οὖν
3280 2982 3345 3048 τῇ
3390 2979 3532 3045 λέξει
3577 2982 3676 3050 τῆς

2100 3063 2326 3137 Γραφῆς
2356 3067 2776 3133 ἀκολουθοῦντες
2802 3070 3067 3139 φήσομεν,
3087 3070 3169 3121 ὅτι
3202 3070 3517 3140 ὁμοιότητές
3542 3073 3669 3136 εἰσι;

425 3163 726 3218 similitudo
753 3179 783 3218 a
813 3166 1064 3233 parabola
1087 3182 1100 3229 ;
1123 3165 1380 3235 scriptum
1411 3175 1496 3221 est
1525 3166 1670 3220 enim
1698 3165 1838 3234 apud
1863 3164 1998 3218 Mar-

2104 3158 2368 3230 Διαφέρει
2401 3159 2457 3213 δὲ
2485 3161 2736 3230 ὁμοιότης
2767 3158 3080 3231 παραϐολῆς
3102 3176 3117 3191 ο
3148 3161 3453 3232 γέγραπται
3485 3161 3591 3233 γὰρ
3616 3164 3671 3214 ὲν

427 3270 553 3310 cum
585 3255 630 3288 "
666 3277 676 3309 :
717 3273 737 3308 ι
770 3254 870 3309 Cui
905 3257 1329 3312 assimilabimns
1363 3273 1585 3326 regnum
1627 3255 1743 3320 Dei,
1772 3265 1867 3310 aut
1909 3255 1998 3310 cui

426 3345 868 3417 comparabimus
897 3346 1060 3400 illud?
1083 3366 1099 3397 ι
1134 3345 1209 3400 Ex
1243 3361 1309 3400 eo
1333 3347 1475 3400 enim
1509 3346 1769 3415 probatur
1799 3344 1996 3398 discri-

430 3451 551 3490 men
587 3451 708 3491 esse
739 3436 1148 3490 similitudinem
1194 3437 1335 3490 inter
1363 3445 1416 3490 et
1461 3436 1795 3505 parabolam.
1833 3433 2000 3491 Vide-

426 3537 515 3583 tur
552 3543 682 3599 ergo
717 3529 1018 3583 similitudo
1055 3543 1177 3584 esse
1223 3528 1527 3599 generalis;
1571 3528 1828 3598 paraliola
1873 3542 2002 3582 vero

425 3618 567 3674 inter
592 3619 799 3689 species
832 3619 1043 3685 referri;
1101 3635 1226 3675 cum
1255 3635 1380 3674 vero
1414 3619 1715 3674 similitudo
1744 3620 1902 3674 latior
1929 3620 2001 3675 sit

425 3713 704 3782 parabola,
735 3712 1194 3780 quemadmodum
1228 3712 1331 3766 sub
1364 3728 1422 3766 se
1466 3711 1783 3780 parabolam
1819 3711 1998 3767 conti-

425 3817 514 3860 net
548 3815 804 3874 tanquam
829 3805 1061 3874 speciem
1085 3846 1099 3869 ,
1127 3805 1205 3858 sic
1230 3814 1278 3858 et
1309 3804 1721 3858 similitudinem
1751 3805 1990 3874 generali

425 3896 692 3949 vocabulo
720 3894 1096 3962 cognominem
1133 3911 1146 3947 :
1194 3892 1340 3962 qttod
1388 3903 1442 3948 et
1472 3892 1525 3945 in
1559 3893 1681 3946 aliis
1708 3893 1995 3965 contingit,

425 3997 586 4058 prout
611 3988 680 4041 iis
705 3988 1052 4041 observatum
1084 3994 1168 4040 est
1191 3985 1284 4054 qui
1320 3983 1465 4040 circa
1501 3985 1862 4054 plurimorum
1894 4000 1995 4038 no-

425 4079 636 4135 tninum
707 4077 1112 4147 impositionem
1173 4085 1228 4131 et
1287 4076 1740 4146 signiﬁcationem
1798 4064 1995 4132 versati

423 4181 590 4236 sunt;
624 4169 716 4240 qui
742 4170 931 4224 dicunt
959 4184 1145 4222 vocem
1191 4169 1334 4239 ὁρμή
1368 4167 1614 4222 latiorem
1645 4183 1768 4226 esse
1809 4168 1998 4223 multis

421 4264 707 4334 speciebus
728 4278 865 4332 quas
891 4263 992 4317 sub
1019 4278 1078 4317 se
1101 4264 1358 4324 continet,
1389 4261 1455 4315 iis
1479 4261 1726 4316 videlicet
1749 4261 1993 4332 ἀφορμή,

420 4367 475 4412 ct
499 4357 643 4428 ὁρμή
670 4398 688 4422 ,
714 4367 878 4427 atque
907 4355 1044 4410 adeo
1072 4355 1395 4409 vocabulum
1433 4355 1536 4408 hoc
1560 4354 1702 4424 ὁρμή
1743 4353 1994 4424 usurpari

2105 3248 2181 3319 τῷ
2212 3249 2450 3320 Μάρκῳ·
2476 3269 2494 3300 ι
2522 3251 2638 3304 Τίνι
2667 3249 3006 3319 ὁμοιώσομεν
3031 3250 3140 3320 (54)
3169 3251 3263 3322 τὴν
3286 3251 3555 3321 βασιλείαν
3577 3251 3671 3304 τοῦ

2103 3336 2261 3402 Θεοῦ,
2298 3338 2330 3408 ἢ
2359 3341 2414 3392 ὲν
2445 3339 2550 3391 τίνι
2582 3339 2751 3410 αὐτὴν
2781 3338 3066 3410 παραϐολῇ
3101 3339 3280 3412 θῶμεν
3307 3357 3321 3406 ;
3365 3359 3386 3393 ι
3425 3341 3522 3395 Ἐκ
3550 3341 3674 3395 τού·

2100 3446 2194 3484 του
2239 3431 2346 3500 γὰρ
2383 3431 2716 3502 παρίσταται
2768 3431 3031 3501 διαφορὰν
3073 3428 3210 3485 εἶναι
3241 3433 3550 3504 ὁμοιώσεως
3581 3435 3676 3487 καὶ

2103 3520 2419 3592 παραϐολῆς
2465 3520 2594 3592 (35).
2646 3522 2861 3574 Ἔοικεν
2909 3517 3001 3574 οὖν
3045 3525 3079 3594 ὴ
3114 3523 3212 3593 μὲν
3243 3525 3504 3594 ὁμοίωσις
3539 3519 3677 3578 εἶναι

2101 3613 2312 3685 γενικὴ,
2351 3615 2384 3684 ἡ
2413 3613 2471 3666 δὲ
2501 3612 2780 3685 παραϐολὴ
2807 3614 3000 3686 είδική.
3031 3615 3183 3684 Τάχα
3213 3615 3267 3668 δὲ
3301 3617 3393 3668 καὶ
3422 3617 3454 3686 ἡ
3479 3617 3679 3687 ὁμοίω-

2102 3725 2186 3772 σις
2219 3705 2558 3776 γενικωτάτη
2592 3701 2724 3758 οὖσα
2757 3705 2854 3775 τῆς
2899 3705 3234 3777 παραϐολῆς,
3260 3705 3372 3775 ἔχει
3421 3708 3481 3759 ὲν
3527 3706 3672 3770 εῖδει,

2101 3799 2289 3870 ῶσπερ
2315 3797 2412 3868 τῆν
2452 3795 2787 3867 παραϐολὴν,
2822 3797 2962 3849 οὕτω
2991 3796 3087 3850 καὶ
3129 3795 3417 3868 ὁμώνυμον
3462 3797 3542 3867 τῷ
3585 3815 3676 3868 γε-

2100 3889 2234 3960 νικῷ
2273 3889 2371 3959 τὴν
2416 3887 2673 3959 ὁμοίωσιν
2698 3903 2712 3917 ·
2755 3889 2890 3958 ὅπερ
2935 3888 3027 3940 καὶ
3066 3887 3158 3940 ἐπὶ
3190 3887 3297 3940 τῶν
3335 3887 3508 3942 ἄλλων
3541 3905 3676 3960 συμ-

2100 3981 2352 4051 ϐέϐηκεν,
2389 3979 2464 4043 ὡς
2515 3979 2880 4049 τετηρήκασιν
2929 3979 2978 4031 οἱ
3029 3978 3193 4032 δεινοὶ
3245 3979 3373 4052 περὶ
3419 3979 3517 4050 τὴν
3567 3979 3675 4033 τῶν

2101 4071 2310 4125 πολλῶν
2334 4070 2610 4139 ὀνομάτων
2639 4070 2790 4123 θέσιν
2808 4087 2821 4100 ο
2859 4069 3053 4133 οἵτινες
3085 4069 3303 4137 λέγουσι
3326 4071 3418 4124 κα)⁵
3447 4087 3676 4139 γενικω-

2097 4164 2265 4234 τάτην
2311 4157 2448 4214 εἶναι
2490 4162 2588 4232 τὴν
2634 4160 2826 4232 ὁρμὴν
2862 4161 3068 4214 πολλῶν
3111 4161 3302 4226 εἰδῶν,
3348 4161 3536 4232 ὥσπερ
3580 4161 3674 4216 καὶ

2099 4252 2390 4324 ἀφορμῆς,
2427 4253 2522 4305 καὶ
2565 4252 2764 4322 ὁρμῆς,
2807 4253 2864 4305 ὲν
2905 4252 3036 4304 είδει
3080 4253 3328 4321 λέγοντες
3369 4251 3673 4322 ὁμωνύμως

2097 4345 2174 4416 τῷ
2199 4342 2401 4414 γενικῷ
2423 4341 2944 4412 παραλαμϐάνεσθαι
2969 4344 3104 4415 πρὸς
3131 4343 3531 4414 ἀντιδιαστολὴν
3559 4343 3670 4416 (36)

420 4447 478 4502 in
511 4449 710 4514 specie,
737 4446 829 4500 sed
861 4443 1081 4499 nomine
1103 4443 1380 4496 communi
1407 4457 1530 4496 cum
1557 4441 1796 4512 generali
1829 4458 1994 4497 voca-

2104 4436 2198 4506 τῆς
2230 4435 2483 4506 ἀφορμῆς
2509 4433 2606 4504 τὴν
2642 4433 2835 4506 ὁρμήνο

422 4539 552 4596 bulo
579 4539 748 4611 ὁρμή,
786 4546 844 4590 ut
877 4533 1222 4588 discernatur
1257 4532 1323 4586 ab
1349 4532 1441 4586 illo
1476 4532 1648 4586 altero
1674 4534 1917 4607 ἀφορμή.

492 4630 544 4684 5.
575 4627 642 4682 Et
664 4628 809 4684 circa
851 4625 970 4681 haec
1011 4623 1360 4694 quaarendum
1392 4630 1476 4676 est
1517 4624 1760 4677 seorsum
1798 4637 1991 4694 agrum

2174 4616 2281 4669 Kal.
2311 4615 2367 4669 ὲν
2397 4612 2570 4680 τούτῳ
2612 4610 2869 4683 ζητητέον
2917 4611 3022 4683 ἰδία
3055 4612 3157 4678 ,τὸν
3204 4613 3392 4685 ἀγρὸν,
3427 4613 3524 4668 καὶ⁷
3567 4613 3673 4686 ίδίᾳ

497 4763 540 4794 ’⁵
567 4762 755 4818 Matth.
787 4777 909 4827 xm,
941 4757 1031 4814 Η.
1113 4755 1158 4788 ³⁸
1181 4752 1316 4809 ibid.
1348 4751 1436 4807 54.
1519 4752 1563 4783 ⁸⁸
1597 4752 1729 4807 ibid.
1770 4753 1853 4807 Η.
1933 4752 1977 4784 ”

2104 4767 2176 4806 rc.
2211 4765 2284 4812 Iv,
2311 4747 2398 4801 '50.

424 4889 513 4934 tur
540 4879 886 4933 librariorum
911 4874 1224 4940 oscitantia,
1247 4873 1338 4943 qui
1373 4884 1472 4942 pro
1505 4870 1710 4936 πλακός
1741 4871 1990 4943 legerunt

423 4949 642 5012 πλάτος.
674 4946 818 5018 Ergo
853 4946 1093 5018 Vulgata:
1129 4941 1319 4999 auctor
1347 4941 1497 5018 recte
1525 4943 1688 5018 habet
1719 4957 1784 4995 eo
1822 4941 1940 4996 loco
1973 4958 1986 4994 :

427 5039 448 5073 ι
477 5021 532 5074 in
562 5009 1104 5080 tabulis'cordis'tui;
1138 5035 1156 5067 ι
1197 5029 1305 5069 non
1346 5012 1420 5067 ita
1446 5021 1590 5066 recte
1613 5009 1810 5065 Jerem.
1853 5026 1986 5075 xvu,

422 5093 444 5144 1
482 5108 496 5144 :
533 5109 551 5142 ι
592 5087 766 5160 Super
798 5085 1138 5160 latitudinem
1165 5083 1346 5138 cordis
1370 5097 1558 5160 eorum
1591 5099 1614 5160 ,ε
1656 5099 1675 5132 ι
1711 5080 1856 5160 quod
1889 5080 1990 5160 mi-

420 5176 512 5216 ror
546 5150 791 5216 secutum
823 5156 991 5226 fuisse
1027 5154 1435 5226 Hieronymum,
1464 5151 1555 5226 qui
1591 5150 1988 5226 interpretatio-

420 5248 540 5287 nem
571 5245 725 5286 suam
759 5232 826 5283 ad
857 5225 1179 5296 Hebraicum
1209 5219 1485 5296 eaetttplar
1508 5221 1694 5296 tinxit1
1717 5219 1874 5296 Aliud
1904 5226 1988 5296 est

418 5312 600 5356 autem
627 5300 770 5368 quod
814 5298 976 5368 habet
1011 5293 1243 5368 vulgata
1265 5292 1328 5368 |_ll
1363 5287 1492 5368 Reg.
1531 5305 1602 5353 tv,
1630 5288 1700 5343 20
1732 5307 1796 5368 ;_c
1833 5287 1986 5368 Dedit

419 5359 819 5442 quoque'Deus
846 5359 1176 5442 sapientiam
1210 5359 1513 5442 Salomoni,
1545 5369 1600 5413 ct
1645 5359 1985 5440 prudentiam

419 5432 642 5496 multam
675 5438 839 5494 nimis
875 5432 929 5492 et
968 5435 1305 5491 latitudinem
1333 5432 1537 5493 cordis,
1563 5432 1721 5498 quasi
1764 5442 1986 5498 arenam

459 5525 541 5566 uae
575 5517 661 5566 est
705 5511 760 5564 in
798 5509 981 5564 littore
1030 5506 1219 5561 maris.
1261 5523 1278 5557 ι
1329 5500 1463 5556 Nam
1501 5497 1764 5554 llebraice
1793 5497 1990 5567 legitur

417 5526 483 5661 ᾗ)
528 5607 622 5660 :rn
681 5636 697 5653 .
724 5595 887 5661 LXX,
927 5595 1024 5651 καὶ
1062 5592 1214 5661 χύμα
1258 5591 1504 5661 καρδίας.
1551 5589 1674 5661 Quo
1714 5601 1879 5661 sensu
1914 5585 1990 5639 ait

430 5585 483 5660 il)
528 5607 622 5660 ππ
681 5636 697 5653 .
724 5595 887 5664 LXX,
927 5595 1024 5651 καὶ
1062 5592 1223 5666 χιῆμα
1258 5591 1511 5666 καρὸίας,
1551 5589 1674 5666 Quo
1714 5601 1879 5666 sensu
1914 5585 1992 5639 ait

421 5656 714 5737 Bipostolus
734 5670 778 5737 _II
808 5656 934 5723 cor.
969 5682 1046 5732 vr,
1064 5656 1104 5718 Ἰ
1117 5656 1236 5737 {Li}
1270 5656 1463 5737 καρδία
1489 5656 1648 5737 ἡμῶν
1677 5656 1988 5737 πεπλάτυν-

421 5725 534 5792 τὰι.
552 5734 704 5790 Unde
721 5735 980 5806 Origenes
1003 5725 1235 5791 b'omilia'
1251 5725 1406 5788 unica
1437 5732 1490 5786 in
1511 5725 1720 5784 librum
1743 5725 1986 5796 Regum:

2101 4886 2118 4920 ι
2165 4864 2235 4920 Ut
2259 4861 2532 4934 possimus
2554 4873 2678 4915 cum
2705 4856 2975 4934 Apostolo.
2991 4856 3172 4934 dicere
3199 4873 3218 4934 :_
3251 4853 3359 4934 (ζον
3383 4871 3552 4934 φησι
3583 4858 3672 4934 (ξε-

2093 4924 2313 4991 Iatatu'm
2351 4944 2423 4986 est
2454 4934 2523 4985 ad
2553 4946 2664 4993 vos,
2707 4924 3030 4982 {Corinthii
3061 4941 3079 4979 :
3105 4941 3171 4979 ex
3204 4924 3492 4980 latitudine
3525 4931 3670 4981 enim

2092 5005 2277 5062 cordis
2312 5000 2646 5056 abundantia
2683 4999 2765 5052 ori
2791 4995 3025 5065 sapienti
3056 4995 3422 5050 ministratur.
3464 5014 3483 5048 ι
3523 4994 3671 5052 Hun-

2096 5091 2278 5215 τιῖειῗὲ»)
2329 5141 2449 5215 ρὺκ
2472 5137 2720 5215 “sane:
2755 5131 3682 5215 apzofg..Erasmus‘praatermisjt

2092 5201 2280 5269 vocem
2310 5209 2427 5262 οὐκ.
2466 5206 2647 5261 Codex
2685 5205 2889 5275 Regius
2927 5204 3228 5275 liabetgofm
3251 5201 3537 5275 ﬁmitqosv
3581 5205 3680 5256 ab-

2090 5286 2223 5346 τοῖς.
2255 5279 2396 5334 lnlra
2434 5276 2601 5332 codex
2638 5269 2839 5345 Regius
2868 5272 3066 5346 δηλῶν,
3093 5273 3173 5325 ὅτι
3212 5269 3312 5324 οὐκ
3349 5269 3456 5325 εἰσὶ
3492 5287 3679 5345 παρα-

2097 5353 2278 5511 60:3;
2758 5430 3454 5514 Code3_Cagubrigiensis,
3485 5429 3676 5514 ὁμοιώ-

2098 5501 2282 5589 σομεν,
2313 5501 2526 5589 etlmoq
2541 5501 2673 5589 loco
2695 5501 2976 5576 παραϐολῇ
3005 5501 3207 5572 θῶμεν,
3237 5503 3397 5557 unica
3423 5501 3554 5558 voce
3577 5502 3672 5559 ba-

2098 5576 2190 5638 bet
2213 5576 2702 5653 παραϐοληθῶμεν.
3045 5642 3056 5654 ⁸

2167 5651 2284 5724 (ἓδ)
2311 5645 2686 5724 ﬂantem-rio
2702 5643 2896 5724 Ωοάεξ
2928 5640 3152 5724 ἢεειξιρ,
3183 5641 3569 5724 παραϐολῶν...

2191 5651 2686 5719 55)’Παρ(ιόολῆς.
2711 5651 2894 5699 Codex
2931 5651 3152 5712 uegius,
3185 5651 3532 5718 παραϐολῶν.

2167 5651 2283 5795 ίδϋ)
2321 5714 2823 5785 Ἀντιδιαστολήν.
2857 5713 3038 5769 Codex
3063 5713 3287 5803 begins,
3313 5715 3381 5771 ἂν
3397 5709 3596 5781 εἱδικῷ.
