4094 6290
411 408 516 463 διε

1400 400 1747 458 ΕΟΜΜΕΝΤ.
1786 401 1850 455 ΙΝ
1892 401 2032 455 ΜΑΤ
2054 401 2303 458 HLEUM
2342 397 2577 458 TOMUS
2613 402 2678 458 Χ.

3557 416 3666 474 836

411 522 501 576 τὸν
534 518 915 592 κεκρυμμένον
941 517 998 569 ἐν
1024 513 1172 586 αὐτῷ
1204 516 1493 588 Θησαυρὸν,
1520 517 1612 571 καὶ
1640 518 1760 571 τίνα
1788 517 1979 589 τρόπον

2092 517 2266 584 illum,
2314 532 2562 573 seorsum
2608 519 2771 573 etiam
2805 520 3122 577 thesaurum
3157 523 3209 579 in
3251 522 3342 580 illo
3371 525 3661 582 abscondi-

413 611 588 684 εὑρὼν
620 610 808 665 τοῦτον
845 607 1229 681 κεκρυμμένον
1269 608 1360 663 τὸν
1392 606 1664 681 Θησαυρὸν
1694 609 1807 681 (37)
1840 613 1868 664 ὁ
1894 611 1987 664 ἄν·

414 706 647 777 ορωπος,
675 700 782 754 ἀπὸ
809 699 905 769 τῆς
935 701 1113 770 χαρᾶς
1159 699 1342 752 ἄπεισι
1384 699 1479 751 καὶ
1509 700 1680 753 πωλεῖ
1714 699 1814 754 ὅσα
1851 700 1985 773 ἔχει,

416 795 500 848 ἵνα
526 791 770 864 ἀγοράσῃ
804 790 915 861 (38)
942 789 1033 841 τὸν
1064 788 1234 859 ἀγρὸν
1256 789 1479 841 ἐκεῖνον.
1513 790 1781 862 Ζητητέον
1813 791 1870 844 δὲ
1895 794 1987 845 καὶ

413 886 528 940 τίνα
570 883 718 936 ἐστὶν
761 882 798 936 ἃ
847 881 1037 934 πωλεῖ.
1067 881 1227 933 Δοκεῖ
1254 880 1317 951 δή
1349 898 1442 950 μοι
1475 881 1613 935 κατὰ
1662 881 1837 937 ταῦτα
1877 884 1985 955 (39)

410 975 576 1047 ἀγρὸς
605 974 704 1045 μὲν
740 969 879 1026 εἶναι
908 974 940 1043 ἡ
981 972 1019 1023 Γ
1027 971 1171 1042 ραφὴ
1194 973 1660 1041 καταφυτευθεῖσα
1689 979 1799 1039 τοῖς
1825 993 1988 1045 φανε-

411 1067 522 1135 ροῖς
568 1062 677 1116 τῶν
725 1061 907 1134 ῥητῶν
952 1061 1052 1129 τῆς
1104 1061 1366 1132 ἱστορίας,
1396 1063 1490 1116 καὶ
1535 1062 1628 1116 τοῦ
1671 1065 1857 1135 νόμου,
1892 1067 1987 1119 καὶ

406 1153 520 1216 τῶν,
561 1152 877 1225 προφητῶν,
910 1151 1005 1206 καὶ
1050 1149 1160 1204 τῶν
1210 1150 1412 1205 λοιπῶν
1454 1155 1769 1223 νοημάτων·
1818 1155 1986 1228 πολλὴ

407 1245 518 1318 γὰρ
550 1246 743 1314 φυτεία
774 1246 867 1298 καὶ
899 1244 1117 1315 ποικίλη
1149 1245 1270 1297 ἐστὶ
1311 1245 1403 1297 καὶ
1449 1247 1483 1314 ή
1535 1245 1641 1299 τῶν
1674 1246 1854 1318 ῥητῶν
1886 1249 1985 1319 τῆς

403 1337 537 1409 ὅλης
581 1338 835 1411 Γραφῆς·
865 1341 896 1391 ὁ
932 1336 991 1390 δὲ
1022 1335 1100 1407 τῷ
1141 1334 1298 1406 ἀγρῷ
1327 1335 1437 1407 (40)
1473 1338 1851 1410 κεκρυμμένος
1885 1339 1985 1412 θη-

410 1427 631 1499 σαυρὸς,
660 1427 729 1480 τά
757 1426 1226 1498 ἀποκεκρυμμένα
1252 1427 1345 1480 καὶ
1376 1429 1709 1499 ὑποκείμενα
1740 1434 1851 1494 τοῖς
1882 1448 1986 1500 φα-

409 1520 586 1589 νεροῖς
615 1520 858 1590 νοήματα
886 1519 984 1590 τῆς
1018 1519 1207 1587 σοφίας
1236 1519 1295 1572 ὲν
1323 1519 1608 1591 μυστηρίῳ
1637 1521 1984 1594 ἀποκεκρυμ-

411 1608 600 1679 μένης,
638 1609 728 1661 καὶ
760 1608 839 1679 τῷ
870 1608 1110 1680 Χριστῷ,
1151 1627 1171 1660 ι
1204 1610 1262 1663 ἄν
1288 1603 1334 1677 ᾧ
1358 1610 1496 1663 εἰσιν
1523 1612 1570 1663 oi
1598 1609 1859 1683 θησαυροὶ
1885 1614 1983 1683 τῆς

2094 618 2230 674 tum,
2254 618 2439 678 etquo
2462 619 2620 679 pacto
2653 610 2817 665 homo
2842 611 2932 666 ille
2953 613 3046 682 qui
3080 614 3396 671 thesaurum
3422 620 3663 675 abscon-

2091 700 2272 755 ditum
2300 701 2525 770 reperit,
2562 701 2721 755 abeat
2768 717 2876 771 prae
2925 704 3145 775 gaudio,
3173 707 3479 778 vendatque
3516 712 3665 770 bona

2090 807 2214 861 quae
2246 792 2487 861 possidet
2524 791 2800 860 universa,
2835 802 2896 847 ut
2936 810 3127 865 agrum
3166 797 3317 852 illum
3352 799 3457 854 sibi
3490 812 3657 858 emat.

2090 881 2452 946 Quaerendum
2479 883 2644 937 etiam
2675 891 2758 937 est
2789 899 3039 953 quasnam
3071 901 3134 940 ea
3163 887 3274 941 sint
3304 904 3424 958 quae
3455 892 3659 949 vendit.

2091 972 2318 1028 Videtur
2356 982 2537 1028 autem
2585 974 2717 1027 mihi
2752 975 3050 1030 secundum
3092 978 3206 1032 haec
3231 994 3357 1048 ager
3387 981 3476 1035 ille
3517 981 3666 1039 Scri-

2090 1073 2250 1133 ptura
2283 1078 2408 1118 esse
2440 1065 2650 1119 consita
2677 1064 2745 1119 iis
2778 1080 2900 1135 quae
2942 1067 3227 1136 perspicua
3256 1079 3382 1124 sunt
3412 1070 3576 1144 447
3606 1075 3663 1129 in

2091 1155 2331 1209 historiae
2355 1155 2554 1220 verbis,
2585 1170 2638 1209 et
2667 1157 2821 1226 legis,
2844 1165 2898 1210 et
2922 1158 3327 1227 prophetarum,
3358 1170 3413 1217 et
3439 1164 3667 1235 reliquis

2091 1245 2394 1300 sententiis.
2446 1245 2680 1315 Copiosa
2712 1248 2912 1318 quippe
2948 1257 3002 1302 et
3039 1250 3188 1304 varia
3217 1253 3358 1307 satio
3382 1264 3466 1309 est
3497 1256 3664 1312 totius

2092 1333 2387 1404 Scriptura:
2408 1337 2730 1392 verborum:
2757 1340 3047 1394 thesaurus
3072 1350 3253 1396 autem
3286 1343 3340 1396 in
3366 1359 3499 1414 agro
3532 1346 3662 1401 abs-

2094 1427 2370 1494 conditus,
2409 1428 2605 1482 occulti
2640 1437 2838 1483 suntet
2862 1430 2964 1485 sub
2989 1432 3296 1503 perspicuis
3332 1436 3508 1492 verbis
3537 1437 3662 1494 abs-

2086 1517 2224 1573 trusi
2257 1533 2455 1573 sensus
2511 1519 2793 1588 sapientiae
2820 1520 3188 1576 delitescentis
3218 1523 3271 1576 in
3303 1527 3583 1596 mysterio,
3606 1536 3663 1582 et

2084 1606 2330 1670 Christo,
2367 1625 2386 1658 ι
2431 1607 2484 1661 in
2515 1623 2628 1677 quo
2656 1617 2785 1662 sunt
2810 1624 3001 1664 omnes
3037 1611 3276 1667 thesauri
3305 1617 3582 1684 sapientia:
3605 1627 3660 1672 et

410 1699 602 1769 σοφίας
640 1701 735 1754 καὶ
761 1699 1015 1770 γνώσεως
1045 1701 1156 1770 (tl)
1185 1701 1512 1771 ἀπόκρυφοι.
1553 1721 1575 1754 ι
1613 1703 1803 1768 Ἄλλος
1840 1704 1885 1757 δ’
1915 1706 1979 1760 ἂν

2086 1698 2329 1752 scientiae
2369 1698 2675 1753 absconditi
2706 1699 2770 1752 ’⁸.
2807 1718 2826 1751 ›
2863 1700 3013 1754 Alter
3034 1713 3215 1756 autem
3248 1704 3444 1760 dixerit
3466 1720 3658 1775 agrum

407 1789 554 1859 λέγοι
586 1791 753 1864 ἀγρὸν
788 1791 887 1862 μὲν
916 1786 1055 1845 εἶναι
1089 1791 1180 1845 τὸν
1225 1790 1440 1862 ἀληθῶς
1487 1794 1693 1866 πλήρη,
1731 1795 1790 1849 ὃν
1837 1796 1979 1850 εὐλό-

2086 1791 2236 1844 illum
2283 1805 2404 1846 esse
2449 1805 2634 1844 revera
2675 1790 2916 1858 plenum,
2953 1791 3040 1845 cui
3069 1793 3344 1848 benedixit
3372 1793 3659 1862 Dominus,

409 1853 547 1954 γησε
574 1853 801 1954 Κόριος,
830 1883 923 1936 τὸν
951 1882 1184 1954 Χριστὸν
1213 1853 1466 1938 τοῦ-Θεοῦ
1486 1901 1500 1915 ο
1731 1889 1789 1940 ὲν
1833 1887 1979 1959 αὐτῷ

2084 1881 2364 1935 Christum
2386 1879 2481 1935 Dei
2506 1922 2522 1946 ,
2551 1879 3026 1957 thesaurumvero
3051 1882 3107 1937 in
3134 1882 3227 1937 illo
3251 1883 3658 1951 absconditum,

409 1974 786 2046 κεκρυμμένον
818 1975 1089 2047 θησαυρὸν
1118 1974 1188 2029 τὰ
1215 1976 1481 2047 εἰρημένα
1507 1978 1660 2048 παρὰ
1689 1978 1766 2049 τῷ
1786 1978 1983 2052 Παύλῳ

408 2065 710 2137 κεκρύφθαι
766 2068 825 2120 ὲν
863 2067 1107 2141 Χριστῷ,
1158 2067 1369 2136 λέγοντι
1404 2070 1534 2140 περὶ
1589 2069 1828 2142 Χριστοῦ
1887 2072 1975 2125 τό·

413 2175 433 2208 ι
456 2158 543 2210 Ἑν
557 2149 601 2224 ᾧ
620 2159 758 2212 εἰσιν
784 2160 835 2211 οὶ
861 2157 1123 2231 θησαυροὶ
1140 2158 1240 2229 τῆς
1268 2161 1478 2228 σοφίας,
1507 2160 1716 2232 καὶτῆς
1730 2159 1983 2230 γνώσεως

407 2249 732 2323 ἀττόκρυφοι.
786 2269 806 2302 ι
854 2250 934 2304 Τὰ
968 2250 1195 2321 οὐράνια
1232 2250 1412 2304 τοίνυν
1455 2251 1778 2322 πράγματα,
1814 2253 1910 2305 καὶ
1948 2255 1981 2325 ή

408 2339 653 2411 βασιλεία
696 2341 803 2395 τῶν
843 2340 1108 2413 οὐρανῶν,
1150 2340 1339 2413 ὥσπερ
1386 2343 1443 2396 ὲν
1475 2342 1643 2395 εικόνι
1673 2342 1980 2414 γέγραπται

403 2435 524 2496 ταῖς
553 2434 815 2506 Γραφαῖς,
847 2433 1046 2499 αἵτινές
1072 2436 1209 2487 εἰσιν
1237 2435 1271 2505 ή
1305 2432 1547 2504 βασιλεία
1570 2433 1681 2488 τῶν
1715 2434 1977 2505 οὐρανῶν,

404 2524 438 2596 ἢ
476 2525 639 2590 αὐτός
684 2528 832 2579 ἐστιν
858 2527 889 2579 ό
921 2524 1153 2597 Χριστὸς
1182 2526 1211 2578 ό
1243 2523 1491 2593 βασιλεὺς
1531 2524 1641 2579 τῶν
1681 2524 1919 2594 αἰώνων,
1945 2529 1981 2600 ή

405 2614 652 2686 βασιλεία
676 2617 785 2671 τῶν
815 2615 1076 2690 οὐρανῶν,
1100 2615 1429 2688 ὡμοιωμένη
1465 2615 1726 2689 θησαυρῷ
1747 2634 1985 2690 κεκρυμ-

407 2706 558 2778 μένῳ
588 2710 649 2760 ὲν
677 2708 755 2778 τῷ
788 2707 961 2780 ἀγρῷ.

479 2797 773 2867 Γενόμενος
820 2798 876 2850 δὲ
921 2798 1062 2853 κατὰ
1090 2798 1182 2852 τὸν
1225 2798 1408 2862 τόπον,
1455 2798 1710 2871 ζητήσεις
1755 2801 1982 2875 πότερον

403 2887 437 2957 ή
472 2884 715 2956 βασιλεία
744 2886 853 2940 τῶν
892 2887 1136 2959 οὐρανῶν
1179 2888 1324 2960 μόνῳ
1352 2888 1429 2960 τῷ
1461 2889 1720 2962 θησαυρῷ
1764 2891 1981 2963 ὡμοίω-

403 2993 493 3031 ται
517 2977 596 3047 τῷ
622 2978 990 3050 κεκρυμμένῳ
1023 2981 1079 3033 ὲν
1111 2980 1188 3051 τῷ
1209 2979 1365 3052 ἀγρῷ
1381 3020 1396 3045 ,
1421 2981 1497 3045 ὡς
1520 2981 1677 3036 ἀλλον
1706 2982 1819 3054 (42)
1840 2986 1980 3051 νοεῖν

401 3066 501 3137 τῆς
533 3064 808 3136 βασιλείας
839 3068 930 3122 τὸν
961 3069 1160 3139 ἀγρόν·
1192 3071 1226 3140 ἢ
1256 3071 1362 3141 ὅλῳ
1392 3071 1567 3142 τούτῳ
1584 3070 1858 3143 ὡμοίωται
1886 3073 1982 3146 θη-

2083 1986 2147 2028 ea
2176 1987 2298 2027 esse
2329 1987 2450 2042 qua:
2484 1969 2787 2044 in_Christo
2822 1974 3060 2042 reposita
3113 1988 3235 2029 esse
3276 1974 3416 2029 dixit
3455 1975 3660 2035 Paulus

2085 2064 2164 2120 sic
2190 2064 2418 2134 iuqu‘ens
2441 2064 2507 2118 de
2532 2062 2752 2118 Christo
2778 2064 2823 2095 ¹⁹
2846 2083 2861 2119 :
2890 2083 2909 2115 ι
2940 2065 2999 2120 In
3029 2081 3138 2134 quo
3161 2075 3292 2121 sunt
3319 2082 3512 2124 omnes
3534 2071 3657 2127 the-

2086 2156 2234 2211 sauri
2281 2156 2563 2226 sapientiae
2600 2167 2654 2210 et
2694 2156 2938 2212 scientia:
2963 2157 3290 2213 absconditi.
3330 2178 3348 2212 ι
3391 2160 3500 2218 lies
3530 2177 3660 2232 pro-

2084 2246 2228 2302 fecto
2285 2248 2557 2314 coalestes,
2603 2248 2894 2319 ipsumque
2940 2249 3076 2305 adeo
3117 2250 3380 2306 caelorum
3430 2269 3658 2324 regnum

2086 2346 2349 2408 tanquam
2380 2339 2433 2395 iu
2459 2339 2718 2409 imagine,
2754 2339 2916 2395 sicin
2946 2338 3245 2410 Scripturis
3268 2352 3662 2412 repraesentan-

2083 2436 2193 2495 tur,
2227 2442 2348 2496 qu:e
2395 2426 2616 2497 quidem
2653 2434 2782 2480 sunt
2812 2441 3040 2497 regnum
3071 2427 3371 2495 caelorum,
3408 2429 3492 2484 vel
3536 2429 3658 2499 ipse

2084 2516 2337 2572 Christus
2365 2516 2692 2573 szeculorum
2725 2531 2842 2581 rex,
2870 2531 3095 2586 regnum
3136 2518 3400 2573 enatorum
3427 2527 3513 2575 est
3541 2519 3659 2576 the-

2087 2623 2252 2665 sauro
2282 2608 2336 2664 in
2374 2622 2506 2680 agro
2538 2607 2860 2667 abscondito
2886 2608 3268 2666 assimilatum.

2152 2791 2207 2846 6.
2238 2791 2459 2859 Quaeres
2481 2799 2683 2855 autem,
2709 2799 2995 2862 postquam
3032 2790 3102 2847 ad
3141 2792 3289 2848 hunc
3324 2791 3501 2850 locum
3535 2809 3661 2866 per-

2083 2885 2299 2939 veneris
2331 2925 2345 2950 ,
2400 2890 2582 2938 utrum
2640 2899 2866 2954 regnum
2923 2883 3186 2940 cmlorum
3247 2884 3346 2940 soli
3402 2885 3659 2948 thesauro

2084 2974 2405 3031 abscondito
2453 2974 2816 3030 assimilatum
2860 2975 2952 3041 sit,
2999 2986 3060 3031 ut
3087 2975 3235 3032 aliud
3273 2977 3401 3047 quid
3431 2993 3463 3034 a
3488 2992 3658 3051 regno

2081 3080 2203 3122 esse
2235 3082 2364 3137 ager
2403 3066 2689 3136 tingendus
2716 3066 2789 3122 sit
2821 3085 2836 3121 :
2868 3081 2939 3122 an
2974 3067 3071 3123 toti
3118 3068 3250 3124 huic
3294 3069 3656 3127 assimilatutn

404 3156 591 3228 σαυρῷ
623 3159 988 3229 κεκρυμμένῳ
1026 3161 1084 3211 ὲν
1115 3158 1195 3230 τῷ
1231 3160 1408 3232 ἀγρῷ,
1442 3162 1519 3225 ὡς
1549 3161 1645 3233 τὴν
1673 3162 1783 3216 τῶν
1813 3165 1979 3237 οὐρα-

2082 3157 2155 3213 sit
2187 3158 2445 3213 thesauro
2473 3158 2795 3214 abscondito
2830 3158 2886 3213 in
2918 3174 3070 3232 agro,
3102 3159 3175 3216 ita
3205 3169 3266 3216 ut
3292 3177 3522 3234 regnum
3545 3179 3659 3221 cte-

399 3246 507 3300 νῶν
534 3246 811 3317 βασιλείαν
840 3248 982 3319 ἔχειν
1005 3249 1146 3303 κατά
1166 3251 1264 3322 τὴν
1282 3251 1539 3322 ὁμοίωσιν
1563 3253 1762 3309 καὶτὸν
1783 3255 1971 3327 ἀγρὸν,

402 3339 499 3394 καὶ
523 3339 615 3393 τὸν
646 3340 1027 3412 κεκρυμμένον
1061 3343 1119 3394 ὲν
1144 3341 1223 3413 τῷ
1255 3342 1409 3414 ἀγρῷ
1440 3343 1733 3417 θησαυρόν.
1775 3345 1976 3401 Ἐλθὼν

403 3426 459 3481 δέ
482 3444 565 3492 τις
585 3428 869 3501 ἄνθρωπος
888 3431 967 3492 εἰς
984 3431 1076 3482 τὸν
1111 3430 1301 3502 ἀγρὸν,
1344 3430 1454 3484 εἴτε
1477 3430 1575 3495 τὰς
1596 3431 1817 3504 Γραφάς
1839 3433 1973 3507 (43),

402 3518 512 3572 εἴτε
542 3519 634 3573 τὸν
666 3521 898 3591 Χριστὸν
928 3521 1018 3575 τὸν
1042 3522 1107 3575 ὲκ
1146 3523 1395 3594 φανερῶν
1426 3523 1521 3576 καὶ
1561 3524 1817 3595 κρυπτῶν
1848 3543 1974 3579 συν-

404 3611 693 3682 εστηκότα,
757 3613 996 3682 εὑρίσκει
1040 3613 1131 3667 τὸν
1192 3613 1577 3686 κεκρυμμένον
1634 3615 1733 3686 τῆς
1784 3616 1977 3685 σοφίας

404 3702 675 3775 θησαυρὸν
702 3702 811 3756 εἴτε
829 3705 887 3757 ὲν
913 3704 1133 3775 Χριστῷ
1154 3704 1262 3758 εἴτε
1285 3707 1342 3758 ὲν
1366 3708 1480 3768 ταῖς
1514 3704 1553 3757 Γ
1560 3710 1777 3776 pacati:
1805 3708 1977 3777 ἐμπεσ-

406 3793 754 3865 ριερχόμενος
780 3794 890 3867 γὰρ
911 3795 1001 3848 τὸν
1030 3796 1219 3868 ἀγρὸν,
1241 3796 1336 3849 καὶ
1358 3795 1591 3869 ἐρευνῶν
1611 3798 1710 3861 τὰς
1733 3798 1975 3869 Γραφάς,

404 3886 498 3938 καὶ
525 3884 701 3956 ζητῶν
733 3887 922 3959 νοῆσαι
946 3886 1040 3941 τὸν
1061 3889 1318 3962 Χριστὸν,
1345 3888 1590 3961 εὑρίσκει
1613 3888 1704 3943 τὸν
1737 3891 1796 3943 ὲν
1829 3889 1978 3962 αὐτῷ

405 3976 695 4050 θησαυρὸν,
739 3979 832 4033 καὶ
873 3978 1048 4052 εὑρὼν
1092 3979 1345 4051 κρύπτει,
1397 3980 1498 4034 οὐκ
1535 3981 1789 4036 ἀκίνδυνα
1839 3978 1976 4037 εἶναι

403 4071 633 4143 νομίζων
661 4072 730 4127 τά
762 4072 867 4127 τῶν
899 4073 1130 4144 Γραφῶν
1162 4073 1448 4146 ἀπόρρητα
1484 4077 1748 4148 νοήματα,
1786 4079 1820 4150 ἢ
1853 4079 1978 4143 τοὺς

406 4166 464 4218 ὲν
494 4164 713 4237 Χριστῷ
746 4165 1052 4238 θησαυροὺς
1077 4165 1267 4235 σοφίας
1292 4167 1395 4220 καὶ
1416 4165 1670 4235 γνώσεως
1698 4171 1975 4238 ἐκφαίνειν

403 4259 515 4320 τοῖς
549 4255 791 4328 τυχοῦσι,
822 4258 915 4311 καὶ
946 4255 1158 4328 κρύψας
1203 4258 1409 4323 ἄπεισι,
1456 4260 1977 4330 πραγματευόμενος

407 4348 521 4412 πῶς
554 4347 814 4419 ἀγοράσει
853 4344 964 4418 (44)
999 4345 1090 4400 τὸν
1121 4345 1310 4417 ἀγρὸν,
1343 4347 1460 4417 ἦτοι
1491 4348 1589 4410 τὰς
1618 4347 1860 4420 Γραφὰς,
1889 4348 1976 4402 ἵνα

408 4438 533 4493 nam
558 4439 746 4509 κτῆμα
774 4438 943 4502 αὐτὰς
966 4437 1077 4509 (45)
1121 4440 1341 4509 ποιήσῃ,
1391 4436 1569 4491 λαϐὼν
1598 4440 1709 4494 ἀπὸ
1733 4441 1844 4494 τῶν
1879 4440 1974 4494 τοῦ

2080 3251 2257 3305 lorum
2302 3249 2460 3320 juxta
2511 3250 2952 3317 similitudinem,
2989 3259 3044 3308 et
3080 3267 3305 3324 agrum,
3339 3262 3396 3308 et
3435 3254 3491 3309 in
3527 3270 3658 3327 agro

2077 3342 2455 3398 absconditum
2519 3345 2838 3399 thesaurum
2904 3344 3350 3414 comprehendat.
3418 3344 3657 3407 Veniens

2077 3444 2259 3489 autem
2292 3436 2457 3490 homo
2497 3434 2696 3505 aliquis
2741 3436 2797 3491 in
2826 3452 3042 3506 agrum,
3080 3438 3197 3493 sive
3230 3438 3321 3493 ille
3344 3454 3476 3510 ager
3510 3438 3659 3496 Scri-

2074 3537 2250 3597 ptura:
2278 3526 2407 3592 sint,
2440 3526 2555 3581 sive
2580 3527 2856 3591 Christus,
2896 3527 2990 3598 qui
3025 3542 3091 3582 ex
3134 3528 3441 3586 manifestis
3473 3540 3529 3587 et
3571 3547 3661 3587 re-

2077 3616 2313 3672 conditis
2342 3626 2573 3682 constat,
2598 3618 2799 3688 reperit
2826 3619 3100 3673 occultum
3134 3618 3414 3691 sapientia:
3438 3622 3658 3679 thesau-

2080 3723 2234 3773 rum,
2284 3708 2399 3763 sive
2439 3708 2493 3763 in
2531 3708 2780 3776 Christo,
2828 3710 2943 3766 sive
2982 3711 3037 3766 in
3079 3710 3397 3782 Scripturis.
3449 3714 3654 3785 Agrum

2076 3799 2226 3854 enim
2266 3800 2624 3865 circumiens,
2671 3812 2726 3857 et
2767 3802 3075 3873 Scripturas
3116 3813 3501 3874 perscrutans,
3540 3817 3654 3864 διυ-

2078 3890 2322 3962 deusque
2357 3888 2636 3946 Christum
2687 3891 2872 3946 animo
2916 3893 3396 3962 comprehendere,
3432 3896 3655 3951 thesau-

2078 3997 2200 4036 rum
2233 3982 2327 4052 qui
2362 3980 2417 4035 in
2462 3995 2529 4036 eo
2567 3984 2651 4036 est
2674 3980 2893 4051 reperit,
2935 3991 3319 4052 repertumque
3348 3984 3654 4059 abscondit,

2081 4087 2191 4126 non
2221 4080 2338 4126 tuto
2364 4070 2683 4126 existimans
2726 4072 2969 4127 occultos
2997 4068 3399 4141 Scripturarum
3438 4090 3658 4144 sensus.

2077 4172 2134 4218 et
2176 4163 2466 4219 thesauros
2514 4162 2791 4232 sapientiai
2825 4170 2881 4218 et
2928 4162 3168 4220 scientiae
3200 4165 3293 4233 qui
3342 4165 3397 4220 in
3439 4167 3658 4223 Christo

2079 4262 2241 4318 sunt,
2287 4253 2461 4309 obviis
2498 4253 2805 4323 quibusque
2836 4253 3191 4324 depromere;
3237 4269 3410 4324 eoque
3439 4256 3657 4310 demum

2079 4345 2398 4401 abscondito
2424 4344 2672 4410 discedit,
2704 4353 2954 4415 satagens
2975 4345 3247 4414 quomodo
3277 4361 3465 4416 agrum
3490 4355 3657 4412 emat,

2082 4439 2187 4494 hoc
2222 4445 2305 4492 est
2338 4436 2678 4507 Seripturas,
2716 4445 2778 4491 ut
2814 4451 2908 4491 eas
2946 4436 3109 4491 faciat
3135 4438 3408 4507 propriam
3434 4453 3656 4509 posses-

405 4528 538 4584 Θεοῦ
566 4529 634 4584 τὰ
657 4530 812 4600 λόγια
836 4528 930 4583 τοῦ
961 4528 1119 4594 Θεοῦ,
1151 4527 1187 4583 ἆ
1215 4528 1428 4599 πρῶτον
1465 4530 1709 4584 Ἰουδαῖοι
1735 4531 1978 4585 ἐπιστεύ-

2082 4530 2326 4595 sionem,
2354 4543 2479 4584 cum
2521 4543 2588 4583 ex
2620 4528 2688 4583 iis
2717 4528 2812 4598 qui
2860 4527 2952 4584 Dei
2996 4536 3124 4583 sunt
3167 4531 3436 4598 acceperit
3475 4529 3655 4587 divina

406 4618 596 4691 θησαν·
631 4621 726 4674 καὶ
760 4621 1129 4693 ἀγοράσαντος
1160 4619 1255 4673 τοῦ
1287 4619 1720 4692 μαθητευθέντος
1753 4621 1976 4694 Χριστῷ

404 4710 496 4764 τὸν
523 4711 711 4784 ἀγρὸν,
749 4730 768 4763 ι
817 4714 1129 4782 ἀφαιρεῖται
1162 4712 1256 4766 ἀπ’
1281 4712 1504 4767 ἐκείνων
1531 4715 1563 4784 ή
1609 4712 1854 4783 βασιλεία
1880 4712 1975 4767 τοῦ

404 4800 560 4867 Θεοῦ,
610 4820 630 4855 ι
666 4802 788 4873 ἣτις
815 4804 932 4856 ἐστὶ
968 4804 1086 4857 κατ’
1129 4802 1294 4876 ἄλλην
1341 4802 1654 4876 παραϐολὴν
1692 4802 1974 4876 ἀμπελὼν,

474 4917 520 4949 ’⁸
548 4915 734 4972 Colos.
772 4933 831 4984 ιι,
869 4917 924 4972 3.
1002 4919 1045 4949 ⁸⁸
1079 4917 1211 4973 ibid.
1287 4919 1332 4951 ³ο
1361 4917 1520 4975 Rom.
1549 4935 1631 4982 ιη,
1663 4919 1718 4974 2.

478 5026 593 5097 (37)
629 5026 850 5098 Τοῦτον
878 5026 1289 5098 κεκρυμμένον
1314 5026 1422 5082 τὸν
1439 5027 1977 5098 θησαυρόνζϐοάθι

405 5093 631 5177 Regius,
663 5097 756 5177 τὸν
797 5093 1184 5177 κεκρυμμένον
1225 5093 1514 5177 θησαυρόν.
1548 5093 1730 5154 Codex
1767 5096 1975 5167 Tarini,

404 5166 592 5220 τοῦτον
626 5167 720 5221 τὸν
742 5166 1128 5249 κεκρυμμένον
1158 5166 1449 5291 Θησαυρόν.

476 5235 590 5291 (38)
619 5235 803 5291 Codex
864 5237 1050 5291 Tartnt
1111 5249 1277 5291 recte.
1368 5255 1449 5291 γοι

476 5235 590 5306 (38)
613 5235 803 5313 Codex
851 5235 1059 5313 Tarini
1111 5235 1277 5302 recte,
1318 5235 1597 5313 ἀγοράσῃ,
1629 5236 1876 5313 _Huetiu_s
1922 5236 1975 5313 in

406 5314 555 5379 textu
601 5306 882 5379 ἀγοράσει.
930 5306 1100 5379 [aulo
1141 5316 1265 5379 post
1317 5306 1709 5379 Huetius'eiva
1751 5307 1900 5379 ἐστὶν
1941 5307 1979 5363 δι

407 5375 584 5445 πωλῇ,
613 5375 721 5432 sed
740 5380 907 5433 codex
940 5376 1123 5432 Tarini
1146 5375 1264 5432 τίνα
1295 5377 1441 5432 ἐστὶν
1472 5378 1509 5434 ἀ
1535 5378 1721 5440 πωλεῖ,
1756 5378 1973 5433 melius.

480 5444 591 5513 (39)
617 5447 793 5518 Δοκεῖ
813 5446 889 5514 δή
910 5465 1015 5518 μοι
1038 5450 1189 5502 κατά
1212 5449 1419 5515 ταῦτα,
1450 5458 1554 5507 etc.
1605 5446 1740 5503 Vide
1783 5445 1975 5503 Hiero-

408 5528 630 5584 nymum
654 5517 708 5570 in
745 5519 890 5572 hunc
922 5518 1110 5574 Matth.
1146 5518 1345 5574 locum.

476 5583 591 5661 (Ψ)
619 5587 703 5661 ζνῲ
725 5586 905 5661 ἀγρῷ.
931 5585 1241 5661 [tegendum
1273 5588 1505 5661 videtur,
1531 5587 1589 5661 ὲν
1621 5586 1699 5661 τῷ
1729 5586 1903 5661 ἀγρῷ.

478 5652 591 5728 (41)
621 5652 847 5727 Σοφίᾶς
882 5658 982 5712 καί
1010 5652 1329 5729 “γνὼσεως.
1378 5655 1437 5711 ln
1481 5655 1605 5713 cod.
1632 5652 1979 5731 Hegio'd'eest

477 5722 503 5776 λ
524 5723 799 5776 γνώσεως-

409 5739 503 5776 και
524 5739 799 5792 γνωσεως.

479 5792 589 5861 (ἃ)
633 5797 730 5848 Ἐν
770 5795 851 5862 τῷ
892 5797 1071 5867 ἀγρῷ.
1116 5799 1196 5864 ὡς
1236 5797 1459 5865 ἄλλον,
1492 5805 1598 5854 etc.
1636 5795 1713 5853 Ita
1745 5797 1978 5853 habebat

2077 4620 2299 4675 oracula
2357 4636 2479 4691 qua:
2528 4619 2762 4690 primum
2816 4617 3129 4675 Judzeorum
3185 4621 3306 4675 fidei
3362 4623 3657 4678 commissa

2079 4720 2209 4765 sunt
2241 4710 2306 4765 ³ο.
2343 4708 2703 4779 Posteaquam
2736 4719 2916 4764 autem
2963 4723 3154 4778 agrum
3190 4706 3383 4761 emerit
3419 4707 3466 4762 is
3497 4708 3592 4779 qui
3623 4725 3655 4765 a

2077 4799 2295 4856 Christo
2319 4799 2602 4875 praeceptis
2637 4799 2881 4854 imbutus
2924 4807 3045 4866 est,
3092 4816 3110 4848 ι
3160 4796 3407 4857 aufertur
3438 4798 3508 4854 ab
3547 4798 3657 4857 illis

2079 5025 2261 5097 Regia:
2290 5025 2635 5081 bibliothecae
2658 5026 2851 5090 codex,
2882 5037 3005 5097 quae
3025 5023 3191 5097 l_ectio
3218 5023 3516 5097 verissima
3534 5032 3652 5092 est;

2078 5093 2279 5166 alioqui
2309 5110 2505 5166 sensus
2535 5110 2645 5166 non
2665 5102 2908 5166 constat.
2931 5093 3003 5166 At
3024 5093 3310 5166 Erasmus,
3335 5103 3391 5148 et
3418 5095 3592 5166 codex
3620 5109 3652 5148 a

2077 5181 2167 5222 me
2196 5162 2261 5221 ex
2310 5163 2606 5219 Holmiensi
2646 5163 3098 5233 descriptusghtec
3129 5162 3289 5233 verba
3322 5162 3651 5233 praetermit-

2078 5243 2200 5306 tunt
2231 5252 2250 5292 ι
2275 5234 2350 5306 ᾡς
2377 5233 2534 5306 ἀλλον
2557 5234 2695 5306 νοεῖν
2720 5232 2831 5306 τῆς
2834 5231 3117 5303 βασιλείας
3144 5232 3236 5306 τὸν
3261 5231 3451 5306 ἀγρόνο
3544 5231 3654 5306 ὅλῳ

2075 5304 2249 5378 τούτῳ
2276 5303 2551 5377 ὡμοίωται
2585 5300 3236 5378 θησαυρῷ-κεκρυμμένῳ
3275 5300 3439 5378 the
3470 5300 3650 5374 ἀγρῷ.

2078 5374 2155 5430 Ex
2191 5371 2586 5445 postremarum
2623 5371 3122 5445 s'cilidet'harutn'ce
3148 5371 3343 5426 vocum
3370 5371 3655 5445 iteratione

2078 5439 2463 5516 praetermissio
2491 5443 2597 5524 _illa
2643 5442 2897 5524 contigit;
2929 5443 3073 5514 quod
3110 5450 3394 5524 peccatum
3429 5441 3497 5496 iis
3538 5439 3651 5500 fre~

2078 5508 2253 5587 quens
2282 5524 2388 5587 est,
2413 5514 2505 5583 qui
2530 5528 2672 5587 mss;
2696 5508 2912 5587 codices
2946 5508 3577 5587 exscribunt._ﬂtn_srtus_.

2148 5530 2253 5569 ens
2282 5527 2388 5580 cst,
2413 5527 2505 5583 qut
2538 5528 2668 5568 mss.
2696 5527 2912 5567 cootces
2946 5527 3284 5567 exscrtnunt.
3316 5527 3530 5569 unum
3566 5553 3577 5564 .

2148 5582 2447 5707 (φραξῗὲ
2621 5581 2888 5652 Γραφὰς,
2919 5590 3024 5637 etc.
3066 5579 3253 5637 Codex
3293 5527 3653 5656 Τοτὶιιίνὰμ

2077 5657 2447 5725 uirecta“,
2479 5661 2584 5725 βω·

2149 5718 2264 5796 (il-ti
2300 5718 2614 5796 Ἆγορὰσει.
2638 5721 2815 5796 Codex
2846 5718 3060 5796 Tarin.,
3086 5720 3353 5796 ἀγοράσῃ.

2153 5789 2266 5866 (45)
2295 5789 2510 5861 Αὖτᾶς.
2536 5790 2680 5849 Idem
2712 5792 2904 5861 codex,
2934 5790 3115 5859 αὑτός.
