4094 6290
431 335 536 394 859

1888 329 2216 387 ORICE‘NIS

3575 337 3687 394 860

434 458 564 512 item
596 476 611 512 :
641 456 687 512 si
731 471 860 511 vero
891 467 1045 510 cerea
1084 452 1154 505 sit
1182 449 1385 521 etligies
1411 493 1426 516 ,
1467 461 1761 522 utrumque
1789 467 2007 507 servare

2122 451 2404 521 ἐκμαγεῖον
2438 448 2661 520 γένηται
2682 490 2695 513 ,
2743 446 2935 514 σώζειν
2962 450 3061 521 μὲν
3084 452 3341 523 πειρᾶται
3369 450 3683 527 ἀμφότερα,

435 558 702 613 conatur;
735 546 973 601 colorem
1011 542 1155 605 dico,
1195 551 1250 595 et
1275 542 1674 612 depressiones,
1707 559 1770 597 ac
1801 544 2005 613 promi-

436 639 684 702 nentias;
732 649 925 689 eorum
976 647 1107 687 vero
1143 648 1265 702 qua:
1306 642 1434 688 sunt
1476 635 1640 699 intra,
1693 634 1870 705 imago
1898 649 2007 687 non

434 738 517 782 est
547 745 562 781 :
597 728 668 780 ita
715 733 770 777 et
818 724 885 777 de
924 724 1381 778 similitudinibus
1429 739 1552 794 qua:
1602 726 1656 778 in
1715 725 2008 797 Evangelio

436 819 777 875 continentur
809 816 888 870 sic
917 815 1133 879 habeto,
1169 830 1396 886 regnum
1433 815 1720 880 caelorum,
1758 832 1883 871 eum
1914 833 2008 873 as-

431 911 704 967 similatur
746 908 913 963 alicui
960 908 1058 973 rei,
1110 922 1219 962 non
1251 909 1552 962 secundum
1589 909 1773 963 omnia
1813 925 1935 979 qua:
1957 910 2008 964 ei

432 1002 623 1057 insunt
649 1016 771 1055 cum
808 1015 915 1068 qua
950 999 1258 1054 instituitur
1294 999 1657 1067 comparatio,
1689 1000 2007 1066 assiniilari,

432 1093 526 1148 sed
558 1092 857 1146 secundum
896 1090 1154 1144 nonnulla
1203 1105 1326 1161 quae
1379 1107 1467 1145 res
1521 1092 1762 1161 postulat
1794 1091 1862 1145 de
1902 1107 2009 1161 qua

432 1178 631 1247 agitur.
685 1177 749 1232 Et
797 1177 884 1231 hic
911 1177 1075 1247 igitur
1110 1195 1129 1228 ι
1168 1178 1347 1232 simile
1379 1187 1463 1235 est
1484 1195 1709 1248 regnum
1742 1180 2009 1235 caelorum

432 1282 649 1338 sagenae
689 1269 873 1323 missae
904 1268 957 1320 in
988 1283 1176 1334 mare;
1240 1287 1259 1321 ι
1305 1284 1415 1323 non
1446 1277 1507 1324 ut
1530 1270 1848 1324 existimant
1871 1286 2010 1325 non-

432 1360 566 1413 nulli
611 1360 870 1414 docentes
904 1359 992 1414 his
1025 1359 1204 1414 verbis
1248 1374 1441 1414 eorum
1491 1361 1585 1430 qui
1617 1361 1721 1416 sub
1763 1373 1875 1416 rete
1915 1377 2010 1417 ve-

433 1451 611 1515 niunt,
652 1451 920 1505 malorum
956 1450 1170 1506 scilicet
1191 1459 1245 1504 et
1267 1450 1543 1520 iustorum
1574 1452 1883 1508 differentes
1914 1469 2012 1507 na-

432 1551 589 1598 turas
634 1543 952 1612 signiﬁcari,
1012 1553 1072 1598 ut
1121 1551 1342 1613 prapter
1399 1543 1513 1598 haec
1561 1548 1721 1600 verba
1747 1545 1836 1599 “2
1875 1562 1894 1596 ι
1933 1546 2012 1601 Ex

435 1635 588 1690 omni
646 1651 843 1707 genere
888 1636 1262 1706 congreganti,
1328 1655 1346 1687 ι
1400 1635 1673 1705 iustorum
1726 1639 1910 1692 multae
1959 1646 2013 1693 et

437 1727 756 1784 diﬂerentes
785 1738 1013 1793 naturai,
1074 1729 1325 1783 similiter
1352 1737 1406 1782 et
1440 1728 1707 1783 malorum
1746 1745 1868 1785 esse
1899 1746 2014 1785 cre—

438 1821 658 1875 dantur.
722 1820 837 1875 Tali
889 1821 1034 1875 enitn
1078 1821 1379 1890 acceptioni
1432 1837 1623 1877 omnes
1673 1820 2016 1893 refragantur

441 1910 740 1983 Scriptura:
791 1913 1002 1967 arbitrii
1048 1914 1350 1970 libertatem
1406 1922 1735 1980 astruentes,
1788 1930 2017 1985 quaeque

441 2012 732 2070 peccantes
791 2012 1074 2067 accusant,
1127 2018 1224 2059 eos
1266 2014 1445 2059 autem
1479 2004 1704 2058 laudant
1746 2005 1838 2074 qui
1872 2014 2018 2058 recte

439 2102 639 2162 agunt;
677 2109 800 2147 cum
850 2110 956 2148 non
1008 2094 1157 2163 justa
1193 2095 1265 2150 sit
1304 2111 1493 2151 eorum
1546 2096 1895 2164 reprehensio
1925 2097 2016 2166 qui

438 2197 504 2236 ex
550 2198 749 2251 genere
792 2193 945 2246 sunt,
1000 2185 1143 2253 quod
1178 2194 1373 2239 natura
1405 2195 1596 2254 suapte
1627 2186 1733 2240 tale
1757 2193 1878 2250 est;
1919 2201 2019 2241 nec

437 2288 633 2328 eorum
664 2275 806 2340 laus,
847 2276 937 2344 qui
965 2284 1089 2330 sunt
1115 2293 1181 2333 ex
1216 2293 1411 2345 genere
1443 2277 1682 2331 meliore.
1719 2275 1850 2343 Quae
1870 2278 2015 2331 enim

438 2379 606 2419 causa
645 2373 729 2419 est
767 2374 824 2419 ut
852 2366 1029 2434 pisces
1074 2366 1200 2420 boni
1239 2367 1319 2420 vel
1363 2366 1490 2420 mali
1537 2367 1669 2431 sint,
1706 2383 1813 2420 non
1851 2367 1902 2419 in
1936 2367 2019 2435 pi-

440 2456 614 2511 scium
645 2456 934 2511 animabus
966 2458 1142 2526 posita
1173 2467 1287 2521 est,
1342 2459 1436 2512 sed
1482 2458 1534 2511 in
1568 2472 1632 2512 eo
1666 2458 1810 2527 quod
1840 2458 2019 2512 sciens

445 2549 679 2604 Verbum
711 2551 1088 2620 pronuntiavit
1112 2552 1155 2584 ⁸⁷
1187 2572 1202 2606 :
1242 2572 1260 2604 ι
1300 2551 1613 2607 Producant
1644 2566 1801 2620 aqua:
1826 2551 2019 2619 reptile

441 2639 639 2694 anima:
684 2641 951 2707 viventis;
1013 2659 1031 2692 ι
1086 2642 1304 2711 quando
1327 2639 1492 2713 454
1523 2640 1730 2695 scilicet
1761 2659 1780 2691 ι
1818 2641 2021 2695 creavit

447 2729 592 2786 Deus
626 2740 741 2786 cete
784 2732 1031 2801 grandia,
1082 2742 1135 2787 et
1179 2748 1396 2787 onmem
1439 2731 1677 2786 animam
1727 2731 2017 2796 viventem,

438 2833 605 2892 atque
640 2824 951 2878 motabilem
976 2864 991 2889 ,
1029 2839 1193 2893 quam
1227 2824 1598 2893 produxerunt
1627 2838 1784 2894 aqua:
1813 2824 1869 2877 in
1898 2839 2021 2893 spe-

440 2913 554 2967 cies
582 2928 733 2968 suas.
766 2931 784 2964 ι
817 2912 932 2968 Illic
977 2913 1144 2982 igitur
1194 2912 1568 2982 produxerunt
1614 2930 1770 2983 aquae
1798 2929 2017 2968 omnem

441 3001 682 3054 animam
743 3000 1012 3055 viventem
1065 3012 1230 3070 atque
1281 3002 1590 3056 motabilem
1622 3044 1637 3068 ,
1695 3003 1749 3057 in
1815 3004 2023 3073 species

443 3105 576 3145 suas
603 3091 670 3154 “,
720 3106 846 3145 cum
905 3106 1070 3145 causa
1130 3105 1239 3146 non
1283 3092 1335 3146 in
1384 3108 1447 3147 ca
1493 3103 1638 3150 esset

444 3196 548 3235 nos
599 3196 793 3237 smnus
840 3197 1029 3247 causa,
1079 3183 1433 3252 quamobrem
1489 3186 1714 3254 pulchra
1757 3195 1812 3242 et
1859 3188 2023 3257 digna

443 3287 642 3343 genera
672 3272 847 3327 simus
880 3272 946 3326 iis
968 3288 1089 3342 qua:
1121 3289 1250 3328 vasa
1280 3275 1621 3344 appellantur
1643 3318 1658 3343 ,
1693 3278 1776 3333 vel
1808 3279 2023 3349 putrida

440 3371 499 3416 ct
518 3362 680 3431 digna
710 3378 830 3431 qum
858 3361 1008 3419 foras
1036 3362 1390 3433 projiciamur
1415 3364 1495 3432 ”;
1532 3381 1631 3422 nec
1659 3368 1805 3422 enim
1837 3368 1889 3422 in
1922 3384 2022 3423 no-

442 3451 529 3508 bis
562 3463 753 3507 natura
786 3453 1099 3510 vitiositatis
1134 3469 1299 3509 eausa
1331 3463 1435 3519 est,
1460 3455 1552 3510 sed
1577 3457 1771 3512 electio
1802 3468 2024 3528 sponta-

446 3558 549 3597 nea
588 3546 790 3598 malum
830 3544 1057 3601 faciens.
1095 3542 1358 3600 Similiter
1395 3561 1573 3616 neque
1621 3556 1812 3603 natura
1857 3564 2024 3604 causa

443 3644 529 3690 cst
560 3635 807 3704 iustitiae,
853 3638 1009 3707 quasi
1064 3652 1186 3708 quae
1233 3637 1557 3706 injustitiam
1593 3639 1880 3695 admittere
1915 3656 2022 3695 non

444 3726 660 3796 possit,
694 3729 786 3780 sed
813 3725 1101 3782 consilium
1136 3744 1165 3783 a
1200 3730 1358 3795 nobis
1386 3738 1700 3800 susceptum
1722 3773 1736 3795 ,
1766 3731 1911 3800 quod
1937 3732 2024 3801 ju-

445 3830 560 3873 szos
589 3817 768 3873 eilicit.
796 3817 1006 3873 Etenim
1035 3821 1337 3875 viventium
1363 3821 1415 3874 in
1440 3821 1598 3890 aquis
1623 3836 1819 3892 genera
1842 3821 2026 3877 videre

446 3920 690 3977 nonest,
737 3926 860 3980 qua:
908 3927 937 3965 a
982 3912 1349 3968 deterioribus
1389 3928 1512 3983 qua:
1543 3913 1596 3966 in
1627 3912 1869 3982 piscibus
1917 3914 2024 3969 sint

447 4001 741 4069 generibus
792 4002 845 4054 in
881 4003 1104 4057 meliora
1139 4012 1443 4068 mutentur,
1496 4003 1579 4058 vel
1625 4018 1656 4057 a
1707 4004 2027 4062 melioribus

450 4094 507 4147 in
540 4093 813 4148 deteriora
863 4112 876 4149 :
931 4094 1182 4151 homines
1219 4106 1401 4152 autem
1433 4099 1615 4169 justos
1655 4107 1710 4154 et
1742 4099 1914 4153 malos
1948 4098 2029 4152 vi-

448 4187 579 4241 dere
604 4187 748 4251 licet,
783 4186 863 4241 vel
908 4188 975 4240 ab
1014 4188 1301 4258 iniquitate
1329 4192 1395 4245 ad
1428 4191 1679 4245 virtutem
1712 4190 2024 4254 evadentes,

447 4277 531 4333 vel
559 4293 588 4331 a
608 4278 855 4349 profectu
885 4279 936 4331 in
956 4279 1157 4335 virtute
1184 4281 1250 4335 a;l
1279 4282 1596 4337 vitiositatis
1612 4281 2025 4338 dissolutionem

446 4380 802 4424 revertentes.
850 4366 1063 4424 Idcirco
1110 4381 1165 4426 et
1209 4373 1262 4426 in
1323 4372 1638 4439 Ezechiele,
1678 4374 1745 4428 de
1782 4388 1848 4427 eo
1876 4373 2027 4442 quia

2109 542 2249 610 λέγω
2284 541 2342 594 δὲ
2371 541 2466 595 καὶ
2492 540 2634 595 κατά
2657 540 2756 613 τὴν
2783 541 2975 612 χρόαν,
3022 542 3117 595 καὶ
3147 542 3287 596 κατὰ
3322 542 3425 608 τὰς
3466 546 3687 617 είσοχάς

2109 634 2203 687 καὶ
2232 632 2457 703 ὲξοχάς,
2495 632 2556 685 οὐ
2601 633 2708 703 μὴν
2750 633 2845 687 καὶ
2885 632 2993 686 τῶν
3025 635 3083 686 ὲν
3118 632 3270 703 βάθει
3300 634 3467 690 εἰκών
3498 638 3682 693 ἐστιν’

2108 724 2249 778 οὕτω
2306 741 2396 795 μοι
2446 725 2556 778 νόει
2610 724 2707 779 καὶ
2748 724 2842 777 ἐπὶ
2904 723 3013 777 τῶν
3066 724 3208 779 κατά
3244 726 3307 779 τὸ
3351 726 3685 796 Εὐαγγέλιον

2107 816 2437 888 όμοιώσεων,
2472 818 2571 889 τὴν
2607 815 2882 888 βασιλείαν
2913 817 3023 870 τῶν
3053 818 3297 888 οὐρανῶν
3323 818 3686 891 όμοιουμένην

2109 909 2215 961 τινὶ
2255 907 2572 979 ὁμοιοῦσθαι
2612 909 2674 961 οὐ
2706 909 2794 961 διά
2822 909 3001 963 πάντα
3035 908 3105 962 τά
3139 909 3410 980 προσόντα
3437 910 3516 980 τῷ
3547 913 3626 975 είς
3655 911 3688 966 ὃ

2108 1001 2142 1070 ὴ
2176 999 2453 1068 ὁμοίωσις,
2492 998 2629 1053 ἀλλά
2656 1000 2746 1052 διά
2776 1017 2897 1053 τινα
2920 994 2996 1052 ὧν
3028 999 3218 1071 χρῄζει
3249 1002 3279 1054 ό
3308 1000 3688 1073 παραληφθεὶς

2109 1091 2285 1160 λόγος.
2324 1092 2431 1146 Καὶ
2462 1090 2698 1146 ἐνταῦθα
2728 1093 2905 1145 τοίνυν
2951 1111 2970 1143 ι
3010 1091 3170 1163 ὁμοία
3195 1092 3346 1145 ἐστὶν
3369 1094 3403 1163 ἠ
3438 1092 3687 1162 βασιλεία

2110 1181 2219 1235 τῶν
2250 1180 2490 1254 οὐρανῶν
2526 1182 2735 1254 σαγήνῃ
2783 1180 3041 1254 βληθείσῃ
3066 1184 3145 1246 είς
3171 1182 3272 1253 τὴν
3305 1181 3579 1235 θάλασσαν
3599 1197 3614 1213 ·
3657 1200 3681 1235 ι

2110 1274 2208 1342 οὐχ
2239 1273 2314 1336 ὡς
2357 1272 2560 1327 οἴονταί
2588 1288 2731 1335 τινες
2762 1272 2870 1342 (77)
2906 1273 3261 1344 περιστάντες
3293 1272 3369 1344 τῷ
3404 1273 3546 1345 λόγῳ
3578 1274 3686 1344 φύ-

2114 1381 2226 1427 σεις
2257 1359 2394 1417 εἶναι
2426 1362 2789 1433 ὑποκειμένας
2829 1363 3116 1435 διαφόρους
3153 1364 3262 1418 τῶν
3307 1364 3412 1417 ὑπὸ
3449 1365 3547 1434 τὴν
3582 1381 3688 1418 σα-

2111 1459 2283 1529 γήνην
2316 1457 2648 1529 ἐληλυθότων
2680 1455 2929 1528 πονηρῶν
2958 1457 3053 1508 καὶ
3081 1455 3300 1510 δικαίων
3320 1473 3334 1487 ο
3367 1455 3507 1509 ὥστε
3534 1457 3688 1528 νομί-

2114 1546 2226 1612 ζειν
2266 1543 2403 1600 εἶναι
2454 1545 2542 1599 διά
2585 1546 2680 1598 τό·
2737 1564 2757 1596 ι
2815 1547 2909 1598 Ἐκ
2954 1546 3153 1609 παντὸς
3210 1546 3398 1615 γένους
3450 1562 3687 1614 συναγα-

2114 1638 2283 1709 γούσῃ
2316 1637 2449 1708 {78),
2490 1656 2510 1690 ι
2546 1636 2769 1690 δικαίων
2802 1635 2999 1700 πολλὰς
3028 1638 3124 1690 καί⁵
3153 1636 3441 1706 διαφόρους
3474 1636 3686 1705 φύσεις,

2115 1729 2316 1800 ὁμοίως
2362 1728 2419 1781 δὲ
2471 1729 2573 1784 καὶ
2619 1727 2905 1799 πονηρῶν·
2955 1730 3021 1798 τῇ
3070 1728 3178 1798 γὰρ
3227 1727 3447 1799 τοιαύτῃ
3493 1728 3687 1800 ὲκδοχῇ

2118 1816 2487 1874 ἐναντιοῦνται
2534 1819 2702 1871 πᾶσαι
2746 1819 2803 1872 αἱ
2847 1817 2909 1870 τὸ
2953 1814 3298 1882 αὐτεξούσιον
3331 1815 3691 1886 ἐμφαίνουσαι

2117 1913 2349 1987 Γραφαὶ,
2408 1910 2502 1963 καὶ
2556 1908 2874 1980 αἰτιώμεναι
2929 1907 3029 1978 μὲν
3084 1907 3212 1970 τοὺς
3257 1907 3688 1978 ἁμαρτάνοντας,

2119 2004 2512 2074 ἅποδεχόμεναι
2543 2001 2601 2054 δὲ
2624 2002 2749 2064 τοὺς
2780 1996 3177 2070 κατορθοῦντας
3196 2015 3209 2028 ·
3246 1999 3347 2051 οὐκ
3379 1997 3444 2052 ἂν
3469 2000 3691 2064 δικαίως

2122 2098 2380 2169 μέμψεως
2411 2096 2521 2158 τοῖς
2549 2093 2656 2147 ἀπὸ
2686 2091 2796 2145 τῶν
2821 2091 2994 2158 γενῶν
3027 2090 3186 2160 φύσει
3208 2089 3461 2143 τοιούτων
3491 2108 3694 2162 τυγχα-

2119 2192 2316 2245 νόντων
2369 2185 2767 2257 ἀκολουθούσης
2797 2223 2813 2249 ,
2885 2184 2918 2254 ἢ
2978 2181 3203 2236 ὲπαίνου
3254 2183 3369 2246 τοῖς
3420 2183 3529 2238 ἀπὸ
3582 2184 3692 2237 τῶν

2118 2281 2494 2353 ἀςτειοτέρων.
2539 2277 2755 2350 Ἰχθύων
2793 2276 2901 2349 γὰρ
2941 2275 3157 2347 φαύλων
3189 2275 3284 2330 καὶ
3326 2275 3506 2330 καλῶν
3546 2278 3580 2348 ἠ
3608 2278 3694 2329 αι-

2118 2370 2230 2435 τία,
2257 2370 2318 2422 οὐ
2358 2368 2484 2440 περὶ
2507 2367 2607 2431 τὰς
2636 2365 2816 2437 ψυχὰς
2838 2365 2948 2419 τῶν
2980 2364 3177 2436 ἰχθύων
3201 2365 3369 2429 ἐστὶν,
3396 2364 3530 2418 ἀλλά
3563 2366 3693 2437 περὶ

2119 2462 2324 2525 ἐκεῖνο,
2360 2460 2498 2531 ὅπερ
2524 2458 2883 2528 ἐπιστάμενος
2919 2458 2946 2511 ό
2974 2457 3146 2524 Λόγος
3175 2452 3353 2511 εἶπεν·
3395 2476 3413 2508 ι
3466 2456 3692 2525 Ἐξαπα-

2120 2553 2267 2623 γὲτω
2311 2552 2382 2605 τά
2431 2551 2599 2605 ὕδατα
2642 2549 2849 2622 ἑρπετά
2886 2547 3076 2619 ψυχῶν
3113 2548 3339 2612 ζωσῶν,
3398 2567 3416 2599 ι
3471 2548 3559 2602 ὅτε
3599 2548 3693 2601 καὶ

2125 2664 2144 2696 ι
2186 2642 2440 2714 ἐποίησεν
2482 2643 2512 2694 ό
2539 2641 2672 2700 Θεὸς
2705 2640 2777 2694 τά
2818 2641 2958 2712 κήτη
3000 2638 3071 2693 τά
3102 2639 3346 2711 μεγάλα,
3384 2639 3477 2693 καί⁸
3516 2640 3696 2693 πᾶσαν

2118 2733 2296 2806 ψυχὴν
2338 2732 2495 2798 ζώων
2540 2730 2822 2804 ἑρπετῶν,
2867 2729 2905 2784 ἃ.
2949 2729 3186 2800 ἐξήγαγε
3233 2729 3301 2783 τά
3342 2729 3508 2783 ὕδατα
3554 2727 3698 2782 κατὰ

2119 2826 2251 2896 γένη
2298 2823 2498 2876 αὐτῶν.
2542 2840 2561 2874 ι
2598 2820 2806 2874 Οὐκοῦν
2839 2821 2958 2873 ἐκεῖ
2989 2820 3088 2891 μὲν
3123 2821 3302 2872 πᾶσαν
3334 2817 3509 2888 ψυχὴν
3539 2816 3695 2882 ζώων

2120 2914 2370 2989 ιρπετῶν
2405 2914 2639 2986 ἐξήγαγε
2680 2913 2747 2967 τά
2780 2913 2946 2968 ὕδατα
2980 2910 3121 2966 κατά
3170 2911 3299 2982 γένη
3338 2910 3539 2972 αὐτῶν,
3590 2910 3692 2963 οὐκ

2120 3008 2286 3081 οθσης
2338 3006 2437 3078 τῆς
2484 3006 2663 3069 αἰτίας
2709 3005 2837 3076 περὶ
2886 3005 3083 3074 αὑτήν·
3144 3000 3376 3055 ἐνταῦθα
3425 3001 3483 3054 δὲ
3528 3002 3689 3071 ἡμεῖς

1685 3111 1700 3148 :
1752 3095 1841 3150 hic
1886 3110 2018 3149 vero

2122 3103 2288 3171 ἐσμεν
2333 3100 2381 3151 oi
2423 3096 2586 3152 αἴτιοι
2618 3095 2712 3149 τοῦ
2755 3092 2890 3151 εἶναι
2929 3093 3065 3149 καλά
3090 3092 3183 3147 καὶ
3214 3091 3338 3157 ἄξια
3389 3090 3499 3145 τῶν
3532 3090 3690 3160 λεγο-

2131 3191 2306 3262 μένων
2339 3188 2524 3257 ἀγγῶν
2545 3187 2676 3258 γένη
2697 3228 2712 3253 ,
2747 3186 2780 3258 ἢ
2821 3186 3006 3259 σαπρὰ
3030 3186 3124 3239 καὶ⁸
3150 3184 3275 3250 ἀξια
3297 3182 3391 3235 τοῦ
3420 3180 3525 3246 ἔξω
3557 3178 3688 3251 βλη-

2127 3280 2320 3352 θῆναν
2370 3277 2432 3332 οὐ
2470 3270 2581 3349 γάρ
2612 3275 2773 3344 φύσις
2812 3277 2868 3329 ὲν
2905 3276 3038 3347 ἡμῖν
3085 3270 3231 3327 αίτία
3272 3270 3374 3339 τῆς
3410 3265 3687 3337 πονηρίας.

2126 3371 2263 3426 ἀλλά
2292 3368 2611 3442 προαίρεσις
2636 3366 2882 3429 ἑκούσιος
2912 3361 3049 3419 οὖσα
3076 3361 3490 3431 κακοποιητική.
3512 3357 3694 3421 Οὕτως

2125 3463 2184 3518 δὲ
2235 3461 2357 3516 οὐδὲ
2412 3459 2574 3528 φύσις
2618 3458 2768 3512 αἰτία
2798 3455 3163 3528 δικαιοσύνης,
3220 3454 3297 3517 ὡς
3355 3449 3702 3512 ἀνεπίδεκτος

2127 3555 2361 3617 ἀδικίας,
2393 3552 2529 3606 ἀλλά
2555 3550 2711 3619 λόγος
2741 3548 2800 3602 δν
2829 3546 3264 3621 παρεδεξάμεθα,
3296 3546 3326 3597 ό
3358 3539 3698 3598 κατασκευά-

2128 3645 2236 3712 ζων
2256 3645 2496 3709 δικαίους
2520 3664 2535 3677 ·
2564 3645 2658 3699 καὶ
2675 3642 2784 3715 γὰρ
2812 3641 2882 3695 τὲ.
2911 3640 3010 3711 μὲν
3035 3638 3143 3693 τῶν
3172 3637 3407 3708 ἐνύδρων
3440 3631 3571 3705 γένη
3605 3631 3703 3685 οὐκ

2127 3739 2273 3792 ἔστιν
2324 3737 2450 3791 ἰδεῖν
2504 3735 2905 3808 μεταϐάλλοντα
2938 3732 3046 3786 ἀπὸ
3078 3729 3296 3800 φαύλων
3331 3727 3407 3789 ὡς
3439 3727 3498 3778 ὲν
3526 3722 3701 3795 ἰχθύσι

2127 3825 2219 3878 ἐπὶ
2239 3824 2307 3878 τὰ
2339 3825 2530 3877 ἀστεῖα
2550 3862 2564 3886 ,
2595 3822 2627 3893 ἢ
2662 3822 2770 3876 ἀπὸ
2800 3821 2905 3874 τῶν
2940 3819 3224 3890 βελτιόνων
3249 3817 3341 3868 ἐπὶ
3364 3814 3431 3867 τά
3448 3813 3664 3884 χείρονα
3684 3829 3695 3842 ·

2126 3916 2253 3979 τοὺς
2283 3914 2341 3968 δὲ
2374 3916 2433 3968 ὲν
2469 3912 2779 3984 ἀνθρώποις
2820 3909 3118 3982 δικαίουςῆ
3164 3908 3432 3979 πονηροὺς
3463 3905 3549 3959 ἀεὶ
3587 3903 3701 3957 ἔστι

2129 4005 2355 4075 θεωρεῖν
2400 4004 2432 4074 ἢ
2474 4003 2566 4055 ἐπὶ
2601 4008 2703 4072 τὴν
2738 4000 2940 4073 ἀρετὴν
2974 4000 3038 4052 ὲκ
3074 3997 3271 4059 κακίας
3309 3995 3629 4064 φθάνοντας,
3667 3992 3699 4062 ἦ

2128 4097 2236 4153 ἀπὸ
2263 4097 2361 4167 τῆς
2388 4095 2475 4148 ἐπ’
2510 4093 2711 4166 ἀρετὴν
2744 4090 3025 4163 προκοπῆς
3055 4085 3453 4158 ἀναλυομὲνους
3485 4084 3578 4138 ἐπὶ
3604 4082 3703 4153 τὴν

2128 4186 2229 4257 τῆς
2253 4184 2449 4247 κακίας
2475 4182 2654 4253 χύσιν.
2690 4182 2781 4234 Διὸ
2815 4180 2909 4234 καὶ
2939 4180 2998 4232 ὲν
3025 4177 3102 4249 τῷ
3145 4174 3402 4246 Ἱεζεκιὴλ
3427 4173 3539 4246 (79)
3576 4172 3703 4244 περὶ

2134 4279 2231 4350 μὲν
2254 4276 2349 4331 τοῦ
2380 4277 2486 4330 ἀπὸ
2523 4273 2750 4345 ἀνομίας
2771 4271 3186 4343 ἐπιστρέφοντος
3220 4268 3311 4319 ἐπὶ
3344 4265 3441 4337 τὴν
3474 4266 3701 4336 τήρησιν

2131 4370 2240 4425 τῶν
2281 4370 2438 4423 θείων
2484 4367 2711 4421 ἐντολῶν
2760 4364 2983 4419 τοιαῦτα
3032 4361 3340 4432 γέγραπται
3363 4375 3375 4387 ·
3448 4374 3467 4406 ι
3523 4354 3633 4409 Καὶ
3674 4356 3703 4408 ό

448 4462 690 4529 nequitia
742 4465 1081 4519 convertitur
1123 4463 1192 4518 ad
1236 4464 1675 4519 observationem
1713 4464 2019 4519 divinorum

2133 4461 2330 4531 ἄνομος
2363 4459 2456 4513 ὲάν
2489 4457 2806 4527 ἀποστρέψῃ
2835 4457 2899 4509 ὲκ
2925 4451 3112 4508 πασῶν
3149 4448 3385 4520 ἀνομιῶν
3424 4444 3590 4501 αὑτοῦ
3630 4439 3705 4499 ὧν

448 4553 853 4614 mandatorum.
900 4555 1015 4611 haec
1049 4555 1252 4624 scripta
1292 4555 1485 4609 sunt”
1521 4573 1533 4609 :
1567 4575 1584 4607 ι
1622 4555 1677 4611 Si
1711 4567 1890 4611 autem
1924 4555 2026 4609 im-

448 4643 571 4711 pius
612 4647 784 4714 egerit
816 4646 1190 4716 paenitentiam
1225 4645 1294 4700 ab
1322 4646 1578 4701 omnibus
1616 4646 1856 4717 peccatis
1888 4645 2026 4709 suis,

448 4748 573 4802 quae
612 4748 870 4804 operatus
921 4748 1025 4804 est,
1081 4756 1100 4790 ι
1149 4746 1204 4793 et
1244 4752 1367 4807 qua:
1411 4747 1715 4807 sequuntur
1749 4752 1921 4807 usque
1962 4735 2028 4790 ad

451 4824 503 4878 id
543 4847 555 4879 ;
596 4843 615 4875 ι
653 4823 724 4879 Ut
769 4839 1116 4886 convertatur
1150 4845 1179 4884 a
1213 4828 1317 4884 viis
1362 4829 1477 4885 suis
1521 4838 1574 4885 et
1607 4830 1772 4884 vivat.
1814 4847 1833 4880 ›
1874 4826 1948 4882 De
1965 4842 2031 4881 eo

450 4930 582 4969 vero
617 4915 761 4985 quia
790 4917 1031 4985 profectu
1072 4920 1124 4973 in
1160 4920 1362 4974 virtute
1399 4919 1465 4973 ad
1498 4918 1808 4975 vitiositatis
1840 4917 2022 4971 disso-

450 5006 710 5062 lutionem
741 5008 1010 5077 reciderit,
1047 5011 1159 5065 hate
1189 5012 1387 5081 scripta
1416 5019 1544 5065 sunt
1573 5010 1615 5043 "
1653 5028 1665 5064 :
1704 5028 1723 5060 ι
1760 5006 1815 5062 Si
1840 5015 2022 5061 autem

448 5100 708 5155 averterit
743 5115 802 5155 se
833 5102 1017 5170 justus
1050 5117 1080 5155 a
1108 5100 1323 5171 justitia
1349 5116 1471 5167 sua,
1505 5110 1557 5155 et
1600 5098 1789 5154 fecerit
1821 5098 2022 5179 iniqui-

488 5213 535 5250 “
572 5216 762 5273 Matth.
797 5233 917 5285 xm,
961 5218 1053 5272 47.
1132 5216 1175 5248 ⁸⁷
1201 5216 1336 5271 Gen.
1370 5233 1424 5282 ι,
1456 5215 1545 5270 20.
1626 5215 1672 5247 ’⁵³
1708 5213 1839 5268 ibid.
1877 5214 1968 5268 2i.

526 5360 638 5435 (77)
680 5365 803 5434 Οὐχ
842 5363 923 5435 ὡς
967 5361 1200 5418 οἴονταί
1243 5376 1438 5425 τινες,
1486 5365 1592 5435 etc.
1637 5354 2027 5418 Valentiniani,

455 5432 549 5496 qui
600 5428 707 5487 tres
743 5428 1023 5488 hominum
1061 5439 1287 5485 natu-as
1338 5428 2031 5496 ιιεῑτιιοιιιιιιι,πνευματι-

461 5494 930 5572 κῶν,-ψυχικῶν,
980 5512 1033 5559 et
1081 5498 1308 5572 ύλικῶν.
1356 5497 1622 5568 Epiplian.
1672 5494 1810 5548 Uter.
1862 5494 1987 5549 mi
2018 5536 2031 5559 ,

460 5570 636 5641 039;]
666 5568 814 5641 etii)
842 5582 894 5625 rt
926 5589 1039 5641 seq.
1078 5568 1344 5622 “t'ETIUS.

534 5635 642 5710 (.28)
676 5640 851 5710 Coele!
886 5635 1464 5710 ltvsi'us..69_v270'3sn-

529 5701 642 5772 (79)
680 5707 776 5760 Διὸ
803 5709 896 5760 καὶ
935 5701 1005 5761 ἐῖσ
1056 5705 1139 5767 τῷ
1172 5701 1460 5772 Ἰεζεαιήλ.
1506 5704 1576 5759 Et
1613 5703 1894 5770 sequentia
1942 5721 2035 5758 ns-

2067 5215 2111 5248 ⁵ο
2146 5214 2329 5269 Matth.
2365 5229 2494 5278 xm,
2524 5211 2616 5268 48.
2694 5212 2740 5244 ⁵⁸
2769 5209 2965 5266 Ezecli.
3005 5224 3171 5275 xvlu,
3208 5206 3298 5259 2L

2128 4551 2368 4621 ἐποίησε,
2395 4569 2413 4602 ι
2442 4550 2535 4604 καὶ
2564 4548 2631 4602 τὰ
2657 4548 2782 4618 ἑξῆς
2805 4547 2910 4610 ἕως
2937 4544 3032 4599 τοῦ
3052 4561 3064 4573 ·
3104 4563 3122 4593 ι
3163 4542 3252 4605 Ὠς
3275 4540 3338 4593 τὸ
3366 4536 3705 4610 ἀποστρέψαι

2129 4642 2288 4695 αὑτὸν
2302 4643 2364 4693 ὲκ
2385 4641 2483 4711 τῆς
2506 4638 2625 4693 ὀδοῦ
2652 4638 2753 4708 τῆς
2777 4637 3040 4708 πονηρᾶς,
3059 4634 3153 4687 καὶ
3182 4632 3280 4703 ζῇν
3298 4629 3485 4683 αὐτόν*
3531 4647 3550 4680 ι
3579 4627 3705 4698 περὶ

2129 4734 2186 4787 δὲ
2227 4732 2322 4786 τοῦ
2366 4732 2734 4803 ἀναλυομένου
2768 4731 2878 4785 ἀπὸ
2912 4728 3013 4799 τῆς
3046 4726 3133 4781 ἐπ’
3185 4724 3384 4797 ἀρετὴν
3428 4720 3706 4794 προκοπῆς
3751 4764 3757 4773 ,

2131 4822 2226 4875 ἐπὶ
2270 4822 2368 4893 τὴν
2401 4822 2500 4893 τῆς
2548 4821 2747 4885 κακίας
2793 4819 2971 4893 χύσιν,
3020 4815 3278 4871 τοιαῦτα⁸
3326 4832 3345 4865 ι
3408 4813 3498 4865 Ἐν
3543 4811 3599 4865 δὲ
3629 4808 3706 4881 τῷ
3780 4844 3788 4851 ι

2134 4912 2473 4985 ἀποστρέψαι
2487 4913 2689 4967 δίκαιον
2710 4914 2774 4965 εκ
2790 4912 2890 4982 τῆς
2912 4910 2999 4982 (80
3004 4928 3020 4979 )
3042 4906 3388 4975 δικαιοσύνης
3404 4902 3590 4969 αὐτοῦ,
3613 4903 3706 4957 καὶ

2135 5005 2358 5076 ποιῆσαι
2378 5004 2609 5071 ἀδικίαν,
2639 5024 2655 5055 ι
2683 5002 2854 5059 καὶ.τά
2882 5002 3010 5072 ἑξῆς
3029 5000 3133 5063 ἕως
3156 4996 3249 5051 τοῦ
3268 5013 3282 5028 ’
3325 5017 3343 5048 ι
3372 4995 3482 5048 Καὶ
3508 4996 3565 5048 ὲν
3591 4994 3707 5055 ταῖς

2135 5097 2427 5170 ἁμαρτίαις
2456 5095 2620 5149 αὐτοῦ
2641 5135 2656 5161 ,
2692 5089 2782 5159 αἷς
2804 5095 3051 5165 ἥμαρτεν
3070 5132 3085 5157 ,
3121 5093 3178 5144 ὲν
3209 5090 3400 5150 αὐταῖς
3427 5084 3709 5140 ἀποθανεῖ-

3374 5204 3418 5235 ⁸¹
3456 5201 3588 5258 ibid.
3619 5198 3706 5255 ει.

2140 5370 2246 5425 que
2271 5354 2334 5408 ad
2368 5353 2481 5425 iure
2508 5352 2785 5425 ετοιαῦτα
2808 5369 2821 5382 ·
2858 5351 2915 5404 ἐν
2944 5349 3001 5402 δὲ
3029 5349 3108 5425 τῷ
3128 5387 3141 5411 ,
3166 5342 3628 5425 desiderabantur
3656 5342 3708 5422 in

2142 5415 2330 5479 codice
2380 5423 2711 5485 llnlmiensi,
2768 5431 2822 5475 nt
2890 5415 3102 5473 monuit
3166 5415 3428 5477 Huetius,
3475 5428 3595 5492 _nec
3643 5415 3708 5492 .in

2144 5494 2353 5548 Erasmi
2385 5482 2827 5563 interpretatione
2857 5496 3212 5558 comparent:
3246 5501 3309 5537 ea
3337 5497 3432 5563 per
3447 5482 3711 5563 librario:

2143 5563 2284 5617 riunt
2337 5548 2599 5618 incuriam
2635 5548 2996 5622 exciderunt,
3024 5574 3146 5626 qua:
3188 5573 3218 5608 e
3249 5548 3407 5607 codd.
3446 5548 3614 5620 Regio
3661 5559 3711 5605 et

2146 5632 2405 5703 Vaticano
2436 5631 2774 5703 supplentur.
2881 5696 2921 5703 μ
2988 5696 2997 5703 _
3249 5694 3260 5703 _
3320 5692 3335 5703 ι
3418 5690 3443 5703 η

2179 5768 2186 5775 ἡ
2217 5700 2327 5771 (80)
2366 5692 2770 5770 Coddflbgins
2800 5708 2851 5754 et
2881 5696 3202 5758 Vaticanus,
3239 5692 3348 5749 ἀπὸ
3383 5692 3501 5764 τῆς.
