4094 6290
330 435 431 490 881

1327 434 1683 491 εοιιιιιιιντ.
1726 416 1793 491 iN
1833 417 2250 494 summu
2286 424 2519 493 TOMUS
2558 434 2625 490 ιι.

3482 438 3586 490 862

332 573 447 613 ται.
463 576 482 609 ι
512 558 582 611 Ἦ
607 556 1058 628 λεγέτωσανὴμτν
1084 553 1135 609 οἱ
1164 555 1227 608 ὲκ
1243 556 1342 628 τῆς
1374 557 1514 612 κατά
1540 559 1781 631 σαγήνην
1808 576 1912 613 πα-

2021 570 2207 625 tatem,
2262 579 2280 612 ι
2311 566 2366 614 et
2405 573 2529 629 qua:
2572 565 2875 627 sequuntur
2918 570 3090 625 usque
3121 555 3188 611 ad
3239 555 3367 611 illud
3403 576 3417 611 :
3463 576 3480 610 ι
3528 559 3584 611 lu

339 648 576 721 ραδολῆς
616 648 807 719 φύσεις
839 648 1172 717 εἰσάγοντες,
1216 648 1246 700 ὀ
1277 648 1477 721 ἄνομος
1521 648 1747 723 ὕστερον
1788 654 1916 705 ἀπο-

341 740 587 813 στρέφων
624 741 688 793 ἐκ
724 740 915 794 πασῶν
954 739 1063 793 τῶν
1105 739 1343 811 ἀνομιῶν
1375 739 1539 795 αὑτοῦ
1569 734 1644 794 ὦν
1669 741 1911 812 ἐποίησε,

337 832 433 885 καὶ
482 830 767 900 φυλάσσων
829 831 928 895 τὰς
977 830 1196 895 ὲντολάς
1235 830 1344 902 (81)
1393 830 1487 884 τοῦ
1544 832 1770 904 Κυρίου,
1819 832 1915 885 καὶ

337 922 503 977 ποιῶν
530 922 878 993 δικαιοσύνην
912 923 1006 977 καὶ
1038 922 1185 976 ἔλεον
1205 962 1220 987 ,
1253 923 1412 988 ποίας
1446 923 1660 992 φύσεως
1691 921 1758 997 ἦν
1791 925 1915 979 ἄνο-

339 1032 438 1087 μος
455 1013 564 1081 ῶν;
598 1016 659 1068 ού
692 1015 803 1087 γὰρ
835 1015 901 1088 δὴ
927 1017 1028 1087 τῆς
1058 1018 1365 1090 ἐπαινετῆς.
1423 1018 1562 1072 Ἀλλ’
1594 1021 1644 1072 εί
1676 1020 1784 1091 ἄρα
1815 1020 1913 1091 ψε.

335 1107 490 1177 κτῆς,
519 1108 615 1162 καὶ
640 1108 801 1172 ποίας
837 1107 1050 1178 φύσεως
1085 1109 1321 1179 εὐλόγως
1354 1111 1419 1164 ἂν
1439 1110 1623 1183 λεχθῇ,
1658 1113 1744 1165 ὅτε
1776 1114 1913 1166 ἀπο-

333 1199 558 1270 στρέφει
586 1200 652 1252 ὲκ
690 1198 878 1253 πασῶν
898 1198 1005 1253 τῶν
1030 1199 1266 1269 ἀνομιῶν
1293 1200 1487 1254 ἑαυτοῦ
1520 1195 1594 1255 ὧν
1627 1204 1910 1274 ὲποίησενς

331 1289 397 1343 Εἰ
433 1291 534 1361 μὲν
565 1289 674 1362 γὰρ
700 1290 801 1361 τῆς
834 1289 1044 1362 φαύλης
1068 1290 1155 1346 διὰ
1187 1291 1255 1346 τὰ
1300 1292 1570 1365 πρότερα,
1605 1294 1717 1358 πῶς
1752 1295 1913 1365 μετέ-

333 1378 498 1435 ϐαλεν
527 1382 619 1435 ἐπὶ
647 1382 756 1453 (82)
788 1383 856 1436 τὰ
880 1381 1154 1453 βελτίονα;
1187 1385 1238 1436 εί
1268 1385 1324 1437 δὲ
1352 1384 1454 1454 τῆς
1487 1385 1707 1450 ἀστείας
1733 1387 1819 1441 διὰ
1851 1388 1916 1441 τὰ

333 1472 585 1546 δεύτερα,
616 1475 731 1538 πῶς
767 1476 984 1539 ἀστείας
1017 1475 1232 1545 φύσεως
1269 1477 1552 1547 τυγχάνων
1586 1476 1783 1549 ἄνομος
1808 1476 1910 1550 ἦν;
1948 1530 1951 1533 ,

336 1564 412 1617 Τὸ
443 1564 489 1618 δ’
525 1566 708 1635 ὅμοιον
740 1567 1111 1638 ὲπαπορήσεις
1137 1568 1230 1621 καὶ
1262 1569 1389 1641 περὶ
1420 1568 1514 1623 τοῦ
1548 1570 1915 1641 ἀποστρέφον-

334 1672 427 1720 τος
451 1656 660 1711 δικαίου
692 1660 757 1711 ὲκ
792 1658 891 1729 τῆς
924 1658 1267 1732 δικαιοσύνης
1294 1661 1480 1725 αὐτοῦ,
1516 1661 1610 1716 καὶ
1635 1660 1915 1726 ποιοῦντος

336 1745 550 1801 ἀδικίαν
584 1746 727 1803 κατὰ
745 1748 924 1812 πάσας
949 1748 1048 1813 τὰς
1072 1751 1304 1823 ἀνομίας
1322 1770 1336 1783 ·
1368 1753 1497 1825 πρὶν
1512 1751 1619 1824 γὰρ
1648 1750 1915 1822 ἀποστρέ-

331 1835 432 1906 ea;
462 1836 570 1891 ἀπὸ
608 1838 709 1910 τῆς
739 1802 1912 1916 suasua.erigas:magas-
1944 1802 1949 1916 ί

334 1947 459 1994 νων,
502 1929 712 2001 φαύλης
738 1930 953 1999 φύσεως
987 1912 1085 1987 ούκ
1124 1929 1192 2006 ἦν
1212 1952 1225 1965 ο
1273 1935 1451 2007 φαύλη
1491 1912 1599 2007 γὰρ
1626 1935 1786 2004 φύσις
1811 1912 1911 1989 οὐκ
1943 1912 1986 1965 Β

334 2021 402 2075 ἂν
440 2025 500 2076 ὲν
532 2022 847 2097 δικαιοσύνῃ
879 2025 1088 2095 γένοιτο
1111 2068 1125 2091 ,
1162 2027 1285 2080 ἐπεὶ
1316 2027 1390 2098 μὴ
1434 2027 1653 2082 δύναται
1697 2027 1912 2099 δένδρον

336 2113 593 2185 πονηρὸν,
628 2117 661 2186 ἡ
692 2116 880 2182 κακία,
906 2119 1156 2188 καρποὺς
1188 2118 1429 2187 ἀγαθοὺς
1452 2121 1626 2173 ποιεῖν
1651 2120 1778 2183 τοὺς
1803 2122 1911 2175 ἀπὸ

332 2205 550 2276 ἀρετῆς.
586 2205 758 2259 Πάλιν
792 2224 850 2261 τε
883 2203 951 2262 αὗ
977 2208 1077 2261 οὐκ
1103 2208 1170 2262 ἂν
1189 2249 1203 2273 ,
1243 2209 1466 2272 ἀστείας
1494 2211 1587 2263 καὶ
1612 2211 1912 2284 ἀμεταϐλή-

330 2312 426 2350 του
461 2296 675 2366 φύσεως
701 2295 799 2362 ὢν,
833 2297 943 2351 ἀπὸ
969 2297 1064 2351 τοῦ
1094 2297 1259 2352 καλοῦ
1289 2298 1630 2369 ἀπέστρεφεν
1654 2300 1741 2360 ἂν.
1775 2301 1913 2372 μετὰ

330 2384 393 2439 τὸ
428 2387 764 2459 χρηματίσαι
814 2387 1044 2451 δίκαιος,
1085 2389 1150 2443 ὲκ
1183 2389 1284 2460 τῆς
1332 2390 1677 2461 δικαιοσύνης
1724 2393 1909 2457 αὑτοῦ,

332 2477 426 2531 ἐπὶ
450 2477 510 2532 τὸ
539 2479 760 2550 ποιῆσαι
794 2478 1010 2534 ἀδικίαν
1045 2480 1186 2535 κατά
1219 2482 1401 2546 πάσας
1427 2483 1525 2546 τὰς
1560 2484 1792 2556 ἀνομίας
1812 2488 1909 2541 αὑ-

329 2566 426 2620 τοῦ
450 2609 465 2634 ,
496 2567 564 2631 ἃς
598 2569 847 2640 ἐποίησε.

407 2841 624 2895 Τούτων
656 2842 713 2896 δὲ
733 2844 1058 2917 είρημένων,
1095 2844 1378 2916 νομιστέον
1416 2865 1434 2898 ι
1474 2846 1787 2916 ὠμοιῶσθαι
1811 2848 1910 2920 τὴν

335 2930 616 2999 βασιλείαν
643 2932 754 2986 τῶν
778 2933 1023 3006 οὐρανῶν
1053 2937 1264 3007 σαγήνῃ
1300 2934 1561 3008 βληθείσῃ
1588 2938 1668 2999 είς
1694 2936 1791 3007 τὴν
1816 2937 1910 2990 θά-

330 3020 539 3076 λασσαν
560 3061 575 3086 ,
613 3025 706 3078 καὶ
741 3027 806 3079 ὲκ
831 3027 1031 3090 παντὸς
1062 3026 1252 3094 γένους
1288 3028 1664 3099 συναγαγούσῃ
1701 3027 1839 3100 (85),
1884 3048 1903 3082 ι

330 3111 411 3174 είς
428 3112 772 3185 παράστασιν
790 3115 887 3168 τοῦ
919 3117 1162 3170 ποικίλου
1188 3116 1295 3170 τῶν
1321 3119 1378 3171 έν
1397 3117 1703 3190 ἀνθρώποις
1727 3137 1910 3191 προαι-

2020 652 2256 720 peccatis
2303 652 2439 715 suis,
2486 664 2608 719 quae
2655 647 2933 718 peccavit,
2983 648 3036 700 in
3070 647 3203 715 ipsis
3236 647 3518 704 morietur.
3562 668 3581 699 ο

2019 741 2116 795 Vel
2155 742 2339 796 dicant
2387 741 2545 795 nobis
2596 739 2690 809 qui
2720 754 2787 793 ex
2834 750 3047 807 sagenae
3072 737 3326 806 parabola
3367 747 3588 793 naturas

2018 833 2312 899 invehunt;
2350 831 2574 902 iniquus
2608 830 2823 884 tandem
2855 838 3106 883 avertens
3138 842 3195 881 se
3228 828 3297 881 ab
3336 829 3588 884 omnibus

2018 924 2254 993 peccatis
2284 939 2407 994 qua:
2438 922 2566 976 fecit
2589 963 2604 987 ,
2644 930 2697 975 ct
2729 918 2942 973 Domini
2974 919 3226 973 mandata
3266 920 3588 986 observans,

2015 1023 2070 1071 et
2122 1015 2327 1071 faciens
2361 1015 2628 1086 justitiam
2673 1028 2737 1067 ac
2766 1010 3240 1074 misericordiam,
3280 1010 3437 1079 cujus
3471 1025 3591 1066 erat

2017 1116 2225 1162 natura:
2252 1106 2381 1161 dum
2413 1115 2533 1161 erat
2562 1103 2841 1174 injustas?
2867 1118 2973 1157 non
3010 1086 3298 1157 laudabilis
3346 1100 3475 1168 quid
3500 1116 3588 1149 λιν.

2018 1196 2074 1252 Si
2095 1210 2227 1266 ergo
2257 1194 2735 1264 reprchendendm,
2769 1191 2927 1261 cujus
2949 1200 3157 1245 naturae
3181 1205 3303 1244 esse
3325 1188 3449 1258 jure
3474 1203 3589 1241 me-

2014 1288 2122 1342 rito
2162 1287 2393 1350 dicetur,
2443 1300 2568 1340 cum
2617 1282 2811 1337 avertit
2854 1297 2913 1336 se
2959 1281 3027 1334 ab
3060 1279 3313 1334 omnibus
3353 1278 3590 1347 peccatis

2014 1391 2136 1447 quae
2170 1376 2333 1430 fecit?
2373 1375 2419 1429 si
2451 1382 2670 1443 propter
2716 1386 2781 1426 ea
2821 1386 2943 1439 qute
2981 1376 3392 1438 praecesserunt,
3437 1366 3623 1420 malae.

2014 1468 2186 1522 fuisse
2215 1467 2368 1521 dicas
2394 1504 2409 1530 ,
2450 1464 2728 1534 quomodo
2750 1471 2991 1516 mutatus
3019 1469 3101 1514 est
3126 1461 3191 1514 ad
3219 1458 3481 1514 meliora?
3505 1458 3588 1513 sin

2012 1574 2143 1615 Vero
2177 1559 2334 1614 bonae
2357 1599 2373 1623 ,
2409 1563 2628 1625 propter
2655 1569 2717 1609 ea
2747 1568 2867 1623 qua:
2896 1561 3082 1606 secuta
3114 1560 3240 1605 sunt
3266 1591 3281 1615 ,
3313 1550 3591 1619 quomodo

2015 1640 2252 1720 injustus
2279 1658 2396 1703 erat
2419 1690 2433 1715 ,
2471 1648 2627 1703 bona:
2665 1655 2875 1699 naturae
2904 1659 3027 1699 cum
3059 1644 3240 1698 esset?
3277 1641 3467 1697 Simile
3495 1657 3592 1696 oc-

2016 1750 2201 1797 curret
2245 1740 2471 1795 dubium
2513 1753 2677 1808 super
2710 1738 2892 1806 justo,
2949 1735 3043 1804 qui
3088 1751 3117 1789 a
3155 1734 3363 1802 justitia
3397 1749 3495 1788 sua
3531 1748 3590 1788 se

2019 1835 2234 1900 avertit,
2283 1842 2337 1887 ct
2383 1831 2707 1902 injustitiam
2741 1829 2871 1884 facit
2897 1829 3054 1899 juxta
3097 1827 3280 1882 omnia
3324 1835 3586 1897 peccata:

2012 1927 2334 1996 priusquam
2367 1924 2510 1978 enim
2544 1929 2814 1976 averteret
2841 1934 2899 1973 se
2931 1935 2960 1972 a
2991 1918 3225 1987 justitia,
3246 1933 3369 1971 cum
3408 1917 3460 1971 in
3499 1917 3592 1985 ju-

2011 2017 2111 2072 stis
2154 2021 2300 2069 esset
2344 2012 2624 2082 Oper-ibus,
2677 2009 2831 2063 malae
2858 2017 3067 2063 natura:
3117 2022 3223 2061 non
3254 2016 3412 2062 erat:
3449 2009 3588 2062 mala

2010 2108 2154 2163 enim
2189 2115 2383 2160 natura
2409 2104 2462 2157 in
2483 2101 2695 2172 justitia
2730 2114 2838 2155 non
2861 2107 2944 2154 est
2970 2115 2983 2162 ;
3017 2098 3459 2168 quandoquidem
3489 2099 3592 2152 iui-

2012 2198 2196 2270 quitas
2242 2213 2366 2266 qum
2412 2194 2576 2248 arbor
2620 2191 2762 2245 mala
2803 2200 2907 2252 est,
2954 2187 3166 2243 fructus
3200 2188 3373 2242 bonos
3410 2187 3591 2243 facere

2015 2304 2125 2345 non
2159 2296 2356 2358 potest,
2384 2283 2476 2354 qui
2497 2299 2561 2338 ex
2597 2281 2796 2335 virtute
2813 2287 3139 2333 nascuntur.
3169 2276 3380 2331 Rursus
3408 2287 3589 2329 autem

2012 2395 2137 2434 cum
2172 2387 2318 2433 esset
2358 2377 2514 2431 bona:
2551 2382 2604 2428 et
2637 2369 2996 2425 immutabilis
3026 2376 3266 2434 natura},
3302 2381 3410 2419 non
3454 2365 3591 2418 adeo

2015 2476 2262 2522 mutatur
2284 2465 2445 2539 455
2474 2481 2504 2519 a
2536 2465 2715 2529 bono,
2745 2460 2922 2530 qualis
2945 2469 3101 2513 antea
3130 2465 3269 2521 erat,
3299 2464 3587 2526 postquam

2013 2559 2176 2615 semel
2208 2558 2390 2627 justus
2435 2555 2557 2620 fuit,
2609 2560 2669 2606 ut
2712 2557 2921 2606 avertat
2947 2564 3006 2603 se
3046 2563 3077 2602 a
3117 2547 3324 2614 iustitia
3364 2559 3485 2611 sua,
3518 2542 3589 2598 ad

2013 2648 2319 2704 faciendam
2374 2645 2721 2718 injustitiam,
2781 2641 3084 2698 secundum
3138 2639 3322 2695 omnia
3368 2645 3589 2709 peccata

2013 2755 2111 2796 sua
2145 2754 2267 2810 quae
2291 2737 2444 2793 fecit.

2083 2853 2171 2907 l2.
2198 2850 2293 2908 llis
2326 2858 2506 2906 autem
2536 2847 2721 2912 dictis,
2752 2844 3081 2901 credendum
3112 2852 3196 2899 est
3228 2862 3248 2895 ι
3288 2840 3584 2898 assimilari

2011 2960 2236 3013 regnum
2278 2943 2543 2998 etelorum
2592 2955 2805 3010 sagena:
2853 2939 3035 2993 missae
3085 2938 3141 2991 in
3201 2952 3368 3000 mare,
3422 2943 3475 2991 et
3516 2948 3587 2989 ex

2009 3035 2158 3089 omni
2185 3048 2380 3104 genere
2395 3030 2741 3101 eongreganti
2762 3029 2811 3065 "
2825 3070 2841 3095 ,
2868 3050 2887 3082 ι
2921 3032 2988 3086 ad
3004 3028 3393 3085 ostendendam
3413 3025 3588 3080 varie-

2011 3134 2173 3180 tatem
2205 3123 2589 3185 consiliorum,
2627 3138 2748 3191 quae
2775 3122 2917 3177 inter
2947 3122 3196 3176 homines
3231 3128 3378 3179 sunt,
3412 3116 3587 3171 niaxi-

332 3200 555 3294 péoswv,
582 3202 845 3294 διαῗοράν
868 3206 1003 3278 πρὸς
1029 3206 1264 3278 ἀλλήλας
1297 3207 1555 3279 πλείστην
1592 3208 1725 3281 ὅσην
1752 3212 1907 3281 ὲχου-

2012 3231 2159 3269 mum
2192 3215 2333 3269 inter
2363 3229 2423 3269 se
2467 3213 2766 3268 discrimen
2798 3213 3137 3276 haheutimn,
3183 3212 3255 3265 ita
3289 3218 3349 3263 ut
3393 3207 3525 3263 illud
3567 3225 3584 3262 :

330 3292 463 3357 σῶν,
517 3294 594 3357 ὡς
647 3289 787 3350 εἶναι
827 3296 922 3349 τόο
978 3314 998 3347 ι
1068 3298 1164 3351 Ἐκ
1207 3297 1407 3361 παντὸς
1439 3299 1629 3366 γένους
1672 3316 1910 3370 συναγα-

325 3383 502 3457 γούσῃ
546 3384 678 3456 (84),
722 3405 740 3437 ι
785 3389 1102 3452 ἐπαινετοὺς
1136 3388 1229 3442 καὶ
1258 3388 1490 3459 ψεκτοὺς
1533 3391 1591 3442 ὲν
1619 3393 1739 3454 ταῖς
1774 3391 1909 3464 πρὸς

322 3475 397 3528 τὰ
422 3475 536 3548 εἴδη
562 3475 671 3530 τῶν
700 3468 912 3549 ἀρετῶν
946 3480 978 3551 ἢ
1007 3479 1117 3533 τῶν
1148 3480 1357 3534 κακιῶν
1391 3482 1785 3553 ὲπιρῤεπείαις.
1809 3484 1910 3536 Σα-

323 3569 473 3639 γήνῃ
501 3568 613 3640 (85)
646 3569 702 3623 δὲ
722 3569 892 3643 πλοκῇ
929 3573 1150 3645 ποικίλῃ
1182 3571 1442 3645 ὡμοιώθη
1476 3576 1510 3645 ἡ
1536 3573 1783 3644 βασιλεία
1802 3575 1909 3629 τῶν

321 3659 575 3730 οὐρανῶν
607 3662 751 3716 κατά
778 3663 877 3734 τὴν
908 3664 1292 3739 πεπλεγμένην
1323 3669 1389 3721 ὲκ
1430 3667 1784 3722 παντοδαπῶν
1817 3668 1910 3722 καὶ

324 3756 589 3831 ποικίλων
646 3759 933 3829 νοημάτων
986 3761 1223 3814 παλαιὰν
1278 3762 1374 3814 καὶ
1428 3760 1618 3833 καινὴν
1664 3762 1907 3834 Γραφήν.

326 3848 543 3922 ’Ὠσπερ
587 3851 693 3904 τῶν
728 3852 832 3905 ὑπὸ
870 3852 969 3926 τὴν
1006 3855 1250 3925 σαγήνην
1288 3854 1594 3908 πιπτόντων
1630 3854 1826 3924 ἰχθύων
1860 3856 1909 3908 οί

325 3942 433 4014 μὲν
456 3942 596 3996 κατά
625 3943 751 3996 τάδε
785 3943 854 3997 τὰ
896 3944 1037 4017 μέρη
1059 3947 1159 4017 τῆς
1188 3947 1429 4019 σαγήνης
1461 3947 1821 4018 εὑρίσκονται,
1861 3950 1908 4001 οξ

320 4030 387 4083 δὲ
410 4031 533 4085 καθ’
564 4031 751 4105 ἕτερα,
785 4035 877 4089 καὶ
898 4035 1127 4100 ἕκαστος
1164 4036 1254 4105 ὑφ’
1279 4036 1307 4089 ὂ
1339 4037 1674 4109 κεκράτηται
1709 4040 1872 4109 μέρος
1891 4056 1905 4068 '

319 4121 500 4186 οὕτως
524 4123 706 4195 εὕροις
738 4126 805 4179 ἂν
839 4126 932 4179 καὶ
965 4128 1057 4181 ἐπὶ
1087 4125 1193 4179 τῶν
1229 4126 1334 4179 ὑπὸ
1363 4128 1604 4198 σαγήνην
1634 4128 1743 4180 τῶν
1771 4128 1910 4199 Γρα-

321 4208 446 4278 ιρπῶν
490 4211 826 4283 ἐληλυθότων
865 4212 1017 4278 τινὰς
1055 4214 1153 4284 μὲν
1195 4214 1643 4285 κεκρατημένους
1682 4215 1788 4268 ὑπὸ
1813 4215 1909 4286 τὴν

320 4304 674 4375 προφητικὴν
704 4304 926 4376 πλοκὴν,
967 4306 1086 4379 φέρ’
1134 4307 1308 4360 εἰπεῖν
1329 4346 1342 4369 ,
1383 4305 1602 4357 Ἡσαΐου
1630 4306 1770 4360 κατὰ
1790 4306 1907 4360 τόδε

320 4393 389 4446 τὸ
419 4392 616 4464 ῥητὸν,
644 4394 678 4466 ἢ
722 4395 1005 4467 Ἰερεμίου,
1034 4395 1065 4466 ἢ
1091 4395 1286 4467 Δανιὴλ
1304 4413 1317 4425 ·
1349 4394 1541 4459 ἄλλους
1570 4394 1626 4448 δὲ
1660 4397 1799 4449 κατὰ
1824 4414 1909 4450 νο-

324 4480 517 4553 μικὴν,
553 4484 647 4538 καὶ
671 4483 864 4548 ἄλλους
898 4484 1038 4539 κατὰ
1060 4483 1436 4554 εὐαγγελικὴν,
1472 4484 1565 4537 καὶ
1594 4485 1743 4549 τινὰς
1768 4486 1909 4540 κατὰ

2016 3324 2036 3358 ι
2077 3303 2155 3359 Ex
2194 3303 2343 3359 omni
2371 3318 2570 3374 genere
2598 3304 2973 3376 eongreganti,
3028 3322 3047 3356 ι
3089 3301 3387 3356 laudandos
3420 3309 3475 3354 et
3500 3315 3589 3355 re-

2011 3396 2445 3467 prebendendos,
2488 3404 2706 3466 propter
2749 3397 3170 3467 propensionem
3225 3393 3291 3448 ad
3322 3393 3586 3447 virtutum

2011 3488 2381 3558 vitiorumque
2447 3502 2645 3557 genera
2702 3487 3145 3558 comprehendat.
3209 3484 3584 3539 Assimilatum

2009 3590 2093 3637 est
2128 3594 2258 3635 vero
2308 3592 2536 3648 regnum
2584 3580 2850 3634 cmlorum
2891 3594 3105 3650 sageme
3134 3577 3295 3631 variae
3338 3584 3585 3640 texturae,

2008 3678 2226 3741 propter
2258 3678 2493 3723 veterem
2526 3684 2591 3723 ae
2621 3684 2816 3723 novam
2841 3666 3203 3737 Seripturam,
3243 3680 3308 3718 ex
3337 3663 3584 3733 omnige-

2009 3762 2097 3815 nis
2143 3760 2420 3829 variisque
2459 3760 2743 3815 sententiis
2768 3767 3099 3814 contextam.
3148 3754 3213 3808 Et
3237 3753 3587 3824 quemadmo-

2009 3852 2137 3907 dum
2172 3851 2403 3921 piscium
2438 3852 2491 3906 in
2530 3867 2785 3923 sagcnam
2828 3847 3183 3904 incidentium
3228 3843 3584 3899 inveniuntur

2010 3943 2256 3997 nonnulli
2291 3943 2343 3997 in
2379 3943 2463 3998 his
2498 3959 2714 4014 sagenm
2741 3940 2989 4012 partibus
3012 3979 3028 4005 ,
3083 3936 3159 3990 illi
3197 3950 3324 3989 vero
3359 3934 3410 3988 in
3440 3933 3583 3996 aliis,

2009 4043 2064 4088 ct
2095 4035 2471 4104 unusquisque
2514 4035 2567 4087 in
2611 4049 2718 4104 qua
2758 4041 2911 4100 parte
2940 4028 3313 4098 deprehensus
3341 4037 3460 4091 est;
3505 4025 3584 4080 sic

2013 4125 2253 4195 reperias
2292 4134 2340 4180 et
2370 4125 2509 4178 inter
2538 4139 2633 4179 eos
2665 4123 2756 4192 qui
2793 4125 2846 4175 in
2872 4120 3278 4189 Scripturarum
3325 4130 3580 4187 sugenam

2009 4217 2364 4279 devenerunt,
2418 4215 2632 4284 aliquos
2668 4214 2762 4283 qui
2811 4212 2913 4267 sub
2957 4210 3339 4280 prophetarum
3369 4215 3582 4261 textura

2011 4306 2385 4375 comprehensi
2419 4314 2573 4368 sunt,
2616 4304 2786 4365 Isaia),
2828 4302 2979 4357 verbi
3008 4300 3201 4370 gratia,
3240 4307 3456 4367 propter
3481 4296 3587 4350 hoc

2010 4397 2248 4461 dictum,
2287 4396 2369 4449 vel
2402 4393 2671 4460 Jercmiac,
2715 4397 2798 4446 vel
2832 4391 3102 4456 Danielis;
3135 4388 3272 4443 alios
3311 4401 3437 4441 vero
3481 4385 3582 4440 sub

2012 4496 2262 4542 contextu
2295 4486 2451 4557 legis,
2482 4486 2619 4541 alios
2652 4484 2754 4538 sub
2781 4480 3220 4551 Evangeliorutn,
3259 4486 3311 4531 et
3345 4474 3582 4531 nonnul-

321 4575 707 4647 ἀποστολικήν.
755 4576 975 4648 Πρῶτον
1016 4577 1125 4648 γὰρ
1157 4577 1507 4649 ἀλισκόμενός
1536 4596 1619 4642 τις
1663 4579 1766 4633 ὑπὸ
1809 4580 1903 4634 τοῦ

2012 4581 2091 4634 los
2143 4580 2244 4634 sub
2293 4577 2689 4649 apestolorum.
2738 4574 2983 4629 Primum
3025 4571 3170 4626 enim
3220 4569 3374 4639 quia
3406 4565 3582 4622 Verbo

324 4667 522 4734 Λόγου,
554 4668 587 4739 ἦ
611 4668 783 4722 δοκῶν
810 4668 1146 4735 ἁλίσκεσθαι,
1182 4673 1244 4725 ὲκ
1272 4674 1418 4739 τινὸς
1448 4673 1781 4745 λαμϐάνεται
1809 4675 1904 4746 μέ-

328 4773 456 4826 ρους
486 4759 583 4830 τῆς
611 4758 740 4832 ὅλης
762 4764 1022 4835 σαγήνης.
1052 4764 1217 4818 Οὐδὲν
1239 4764 1295 4817 δὲ
1322 4765 1523 4819 ἄτοπον
1549 4765 1604 4819 εἴ
1621 4783 1765 4830 τινες
1794 4766 1903 4819 τῶν

324 4847 560 4903 ἁλόντων
604 4851 803 4922 ἰχθύων
848 4856 1263 4926 ἐμπεριέχονται
1300 4857 1396 4930 ὅλῃ
1438 4861 1505 4931 τῇ
1550 4859 1649 4930 τῆς
1693 4859 1753 4911 ὲν
1782 4859 1901 4922 ταῖς

325 4939 566 5010 Γραφαῖς
595 4945 838 5016 σαγήνης
857 4945 1051 5017 πλοκῇ,
1085 4948 1178 5000 καὶ
1204 4948 1541 5019 πανταχόθεν
1565 4949 1899 5020 συνέχονται,

324 5033 421 5086 καὶ
436 5035 1079 5110 κρατοῦνται,διαδράναι
1099 5038 1172 5110 μὴ
1201 5040 1510 5111 δυνάμενοι,
1539 5041 1655 5094 ἀλλ’
1683 5040 1903 5113 ὡσπερ-

325 5123 377 5176 εὶ
420 5127 681 5183 πάντοθεν
726 5130 1233 5202 καταδουλούμενοι,
1273 5134 1364 5186 καὶ
1394 5135 1647 5187 ἐκπεσεῖν
1674 5134 1773 5205 τῆς
1806 5150 1902 5187 σα-

325 5216 494 5286 γήνης
525 5218 626 5270 οὐκ
650 5217 899 5290 ἐώμενοι.
924 5219 1187 5291 Βέόληται
1220 5221 1276 5273 δὲ
1307 5223 1337 5290 ἡ
1376 5223 1583 5292 σαγήνῃ
1616 5221 1752 5293 αῦτη
1789 5223 1897 5292 (86)

392 5325 436 5358 ⁸²
484 5327 674 5389 Matth.
718 5346 851 5395 xm,
899 5330 988 5384 47.

547 5442 710 5525 ιέὲιῗηῖ
740 5448 924 5525 οοιίιξιρ
955 5449 1242 5525 φυλάσσων
1277 5455 1454 5516 πάσας
1493 5452 1591 5516 τὰς
1623 5455 1859 5518 ἐντολάς.

401 5511 512 5583 (82)
553 5515 714 5593 [ζῶς-
733 5511 1066 5593 μετέῇαᾷεν
1108 5522 1220 5593 Δἐπί
1242 5564 1282 5593 ,Α
1317 5533 1371 5578 et
1423 5511 1544 5591 quae
1571 5511 1901 5593 'scquunt‘ur

2010 4671 2223 4741 capitur
2247 4671 2387 4737 ,τοι
2417 4669 2536 4740 capi
2576 4669 2809 4729 videtur,
2866 4667 2932 4719 ab
2962 4664 3144 4734 aliqua
3173 4661 3340 4716 totius
3368 4674 3583 4729 sagena:

2009 4775 2162 4833 parte
2191 4762 2423 4831 capitur.
2456 4759 2602 4814 Nihil
2629 4768 2811 4812 autem
2837 4756 3134 4810 absurdum
3165 4760 3277 4816 est,
3314 4751 3361 4805 si
3387 4763 3577 4804 eorum

2009 4854 2099 4924 qui
2119 4856 2404 4922 capiuntur
2424 4851 2679 4922 piscium,
2701 4859 2809 4903 tota
2827 4860 3041 4916 sagenae
3063 4859 3184 4914 quae
3208 4844 3260 4896 in
3281 4841 3580 4911 Scripturis

2006 4954 2090 4999 est
2140 4953 2347 4999 textura
2408 4943 2652 4997 nonnulli
2696 4940 3082 5002 involvuntur,
3114 4946 3168 4990 et
3214 4934 3579 5003 umhqnaquc

2010 5046 2261 5092 tenentur
2309 5053 2372 5092 ac
2420 5033 2952 5105 comprehenduntur
2981 5068 2996 5093 ,
3047 5045 3146 5084 nec
3187 5027 3423 5096 ell‘ugere
3451 5041 3580 5095 pos-

2009 5139 2170 5195 sunt,
2197 5129 2292 5185 sed
2328 5130 2473 5184 velut
2500 5126 2726 5182 omnino
2758 5126 2811 5178 in
2845 5123 3161 5179 servitutem
3196 5117 3396 5173 redacti
3425 5125 3574 5179 sunt,

2009 5236 2107 5276 nec
2140 5229 2457 5290 potestatem
2492 5218 2694 5272 habent
2724 5214 2978 5270 exeundi.
3017 5211 3138 5266 llzee
3167 5222 3349 5264 autem
3379 5222 3575 5276 sageua

2079 5455 2190 5525 (8i)
2222 5451 2679 5525 Συνᾳγαγρύσῃ.
2723 5448 2902 5525 quae:
2941 5447 3256 5525 Vaticanus,
3289 5445 3572 5525 συναχθέν.

2074 5516 2186 5597 (85)
2212 5516 2453 5597 Σργῄιὲῃ
2474 5516 2576 5597 es,
2607 5516 2709 5573 etc.
2730 5516 2907 5597 forte
2934 5518 3304 5597 scriliemlttttt,
3331 5518 3577 5588 σαγήνης

324 5594 501 5661 usque
547 5584 768 5661 ενι-ἰιιέ
817 5588 934 5661 πῶς
964 5590 1185 5653 ἀστείας
1217 5584 1461 5659 φύσεως,
1497 5594 1567 5646 ab
1601 5584 1898 5649 Ilolmieusi

2012 5584 2215 5661 Ξὲξριὶς.
2250 5584 2385 5647 Vide
2413 5584 2697 5661 Origcneut
2729 5588 2915 5661 homil.
2952 5588 3099 5661 lti_in
3126 5585 3327 5661 ιρι-ειη,

323 5651 512 5733 codice
539 5664 592 5708 et
620 5654 840 5733 ΙΞι-ιιειιιί⁸
878 5651 1323 5733 ἱριεγρτεειιιιίιίιιο
1350 5651 1576 5716 aberant
1597 5703 1611 5729 ,
1641 5664 1897 5733 suppleu-

324 5725 682 5799 turiuteme
706 5728 863 5799 could.
899 5725 1065 5799 Regio
1090 5738 1145 5783 et
1173 5728 1454 5786 Vaticano.

397 5789 508 5862 (83)
531 5790 710 5848 Codex
739 5789 1057 5865 Vaticanus,
1090 5801 1412 5875 συναγούσῃ.

2075 5652 2188 5737 (86)
2221 5652 2607 5737 Βέᾷληταίδὲ
2633 5660 2670 5725 ἡ
2694 5656 3129 5737 agminatim,
3157 5664 3261 5710 cte.
3299 5654 3421 5711 llmc
3446 5654 3574 5710 arri.

2004 5726 2241 5806 puerunt
2265 5726 2627 5803 lliet'mtymus
2657 5737 2711 5783 ct
2740 5726 3194 5797 Theophylactus.
